3830 6288
451 265 590 321 1215
1119 265 1392 325 EUSEBII
1429 265 1908 326 CESARIENSIS
1944 267 2031 326 0P

2137 267 2314 324 PARS
2351 265 2447 324 lli.
2479 264 2559 311 Σ
2580 256 2989 327 ΕΙΕΒΕΤῙΕῙ.
3547 270 3649 335 luo

447 378 659 435 visione
689 379 744 435 in
777 377 1019 447 deserto,
1049 382 1264 439 audita‘
1281 384 1373 440 Dei
1405 400 1556 448 voce,
1590 384 1758 441 corde
1789 383 2030 440 obdura-

2137 384 2399 454 σήμερον
2416 386 2754 458 καλουμένης
2781 385 2993 459 ἠμέρας
3023 387 3113 440 καλ⁵
3131 386 3249 442 ἀπὸ
3276 388 3549 456 ἐνεστῶτος
3560 411 3654 449 και.

445 479 538 527 tus
586 478 671 526 est
704 470 759 526 in
811 479 1057 545 tempore
1111 475 1573 541 exacerbationis,
1609 490 1733 530 cum
1784 474 2029 546 ipsorum

2137 476 2229 550 ροῦ
2262 477 2650 549 σπουδάσωμεν
2681 479 2972 550 προσέχειν
2999 483 3108 542 τοῖς
3135 479 3465 550 εἰρημένοις·
3496 484 3576 535 καὶ
3603 489 3655 560 μὴ

447 563 696 617 omnium
750 565 995 620 membra
1050 567 1107 621 in
1156 567 1375 623 deserto
1408 575 1681 637 prostrata
1713 574 1863 633 sunt,
1901 569 2029 638 quia

2137 564 2458 639 ζηλὼσωμεν
2474 570 2565 622 τὸν
2579 569 2706 624 λαὸν
2730 571 2957 635 ἐκεῖνον,
2984 570 3064 634 ὃς,
3090 570 3341 634 ἀκούσας
3367 573 3533 643 φωνῆς
3554 577 3656 632 Daci

446 654 569 707 voci
600 652 694 710 Dei
716 671 824 710 non
841 656 1374 729 obtemperaverant.
1392 659 1713 715 Necessario
1734 660 1916 731 itaque
1939 660 2029 714 illa

2137 657 2223 710 tul
2253 657 2352 728 τῆς
2380 657 2523 712 κατά
2550 658 2646 730 τὴν
2669 657 2871 730 ἔρημον
2892 657 3177 722 ὀπτασίας,
3212 657 3546 732 ἐσκληρύνθη
3585 665 3657 734 τὴν

449 757 866 815 commemorat,
899 766 967 807 ne
1001 767 1103 807 nos
1152 768 1371 822 quoque
1417 760 1689 824 praecepta
1722 753 1818 810 Dei
1870 754 2032 811 hodie

451 838 759 903 audientes.
793 858 858 897 ac
907 860 1013 899 non
1069 845 1529 914 obtemperantes,
1581 848 1758 916 ipsum
1807 862 2034 904 exacer-

454 931 671 997 bemus,
707 935 960 990 obdurati
990 936 1176 1000 corde,
1204 944 1258 992 et
1299 953 1404 991 nou
1446 939 1802 995 exaudientes
1828 935 2033 995 saluta—

452 1026 534 1080 ria
560 1040 827 1097 praecepta
849 1027 1003 1097 ejus;
1028 1038 1188 1099 atque
1218 1029 1340 1083 ideo
1373 1030 1550 1100 ipsum
1583 1031 1843 1087 acerbum
1870 1031 2033 1087 nobis

454 1132 519 1173 ac
542 1134 796 1175 severum
836 1120 1074 1190 iudicem
1110 1131 1383 1191 parantes.
1413 1120 1579 1187 Sane,
1606 1129 1667 1177 ut
1692 1122 1829 1188 dixi,
1871 1122 2035 1179 nobis

451 1209 710 1265 omnibus
738 1219 1065 1281 praeceptum
1089 1212 1375 1280 convenit;
1404 1213 1501 1269 sed
1535 1214 1841 1269 secundum
1877 1214 2033 1287 prius

455 1302 675 1357 allatam
709 1305 994 1366 rationem,
1025 1305 1228 1374 popqu
1258 1320 1324 1361 ex
1365 1305 1787 1363 circumcisione
1820 1306 1910 1362 illa
1943 1306 2031 1361 di-

456 1399 681 1455 cuntur.
705 1409 939 1464 quorum
988 1395 1104 1450 haec
1135 1396 1410 1451 sententia
1460 1395 1623 1452 fuerit
1649 1415 1663 1453 :
1694 1395 1831 1453 Cum
1861 1396 2029 1453 semel

455 1485 588 1539 olim
619 1500 807 1541 vocem
842 1484 935 1541 Dei
966 1486 1020 1541 in
1048 1486 1267 1544 deserto
1307 1488 1627 1555 audissetis,
1662 1487 2031 1545 exacerbastis

454 1577 892 1642 eum,obdurato
918 1586 1163 1650 tempore
1189 1580 1392 1654 Moysis
1419 1582 1584 1636 corde
1605 1588 1820 1650 vestro;
1839 1582 2029 1637 verum

457 1667 587 1737 quia
612 1667 791 1737 ipsum
828 1667 920 1724 Dei
945 1667 1183 1726 Verbum
1222 1672 1277 1726 in
1300 1672 1506 1727 mundo
1539 1687 1829 1743 apparens,
1852 1672 2030 1727 homi-

2129 747 2354 820 καρδέαν
2396 750 2455 802 ὲν
2490 749 2568 820 τῷ
2593 749 2766 823 καιρῷ
2795 748 2890 803 τοῦ
2939 748 3438 821 παραπικρασμοῦ,
3475 751 3659 823 ὁπηνίκα

2131 840 2347 895 πάντων
2380 841 2558 895 αὐτῶν
2582 843 2652 897 τά
2679 842 2829 897 κῶλα
2874 841 3233 915 κατεστρώθη
3285 842 3347 894 ὲν
3391 844 3456 914 τῇ
3498 844 3660 916 ἐρήμῳ,

2128 931 2217 986 διὰ
2247 932 2308 986 τὸ
2333 932 2678 1004 παρακοῦσαι
2709 933 2812 1003 τῆς
2840 934 3024 1004 φωνῆς
3052 932 3145 987 τοῦ
3176 931 3343 987 Θεοῦ.
3384 933 3661 1002 ’Δναγκαίως

2134 1020 2229 1078 οὖν
2259 1025 2487 1079 ἐκείνων
2520 1026 2944 1097 ὑπομιμνήσκει,
2972 1026 3057 1080 ἴνα
3097 1026 3171 1097 μὴ
3205 1026 3309 1080 καὶ
3340 1028 3499 1096 ἡμεῖς
3521 1030 3664 1101 τῇτῇ-

2133 1132 2297 1188 μερον
2327 1116 2508 1188 ἡμέρᾳ
2546 1117 2653 1171 τῶν
2685 1116 2778 1170 τοῦ
2813 1116 2947 1170 Θεοῦ
2973 1115 3461 1189 παραγγελμάτωί

2129 1224 2220 1271 τις
2233 1207 2327 1262 καὶ
2337 1207 2735 1281 παρακούοντες
2746 1207 3275 1282 παραπικραίνωμεν
3299 1207 3460 1261 αὑτὸν
3482 1209 3666 1280 σκληρυ-

2130 1298 2343 1369 νόμενοι
2374 1301 2473 1364 τὰς
2523 1299 2766 1374 καρδίας,
2795 1300 2888 1353 καὶ
2922 1299 2995 1371 μὴ
3025 1298 3404 1362 ὑπακούοντες
3420 1301 3665 1373 τοῖςσωτη-

2135 1389 2272 1461 ρξοις
2303 1389 2743 1462 παραγγέλμασι,
2779 1390 2874 1445 κα)⁸
2893 1390 2982 1443 διὰ
3007 1389 3166 1444 τοῦτο
3200 1389 3408 1459 πικρὸν
3438 1390 3579 1445 αὑτὸν
3598 1394 3667 1445 καὶ

2131 1480 2405 1553 ἀπότομον
2432 1482 2624 1554 κριτὴν
2652 1483 2860 1546 ἑαυτοῖς
2884 1479 3417 1545 κατασκευάζοντες.
3444 1481 3542 1535 Καὶ
3565 1484 3665 1554 πρὸς

2134 1580 2342 1644 πάντας
2372 1580 2469 1652 μὲν
2506 1575 2599 1634 οὗν
2637 1581 2803 1651 ἡμᾶς,
2834 1579 2910 1643 ὡς
2942 1580 3102 1650 ἔφην,
3130 1579 3371 1650 ἁρμόζει
3400 1580 3459 1631 τὺ

2131 1671 2326 1742 γελμα·
2362 1671 2506 1725 κατά
2537 1670 2593 1724 δὲ
2617 1669 2707 1724 τὸν
2737 1671 3145 1742 προηγούμενον
3179 1668 3355 1737 λόγον
3377 1667 3508 1740 πρὸς
3527 1670 3601 1723 τὸν
3621 1673 3665 1725 ἐκ

454 1758 620 1814 nibus
674 1759 872 1815 iterum
922 1762 1267 1829 locuturum,
1319 1771 1484 1835 atque
1553 1762 1697 1836 apud
1749 1777 1848 1819 vos
1898 1761 2033 1818 Novi

2137 1762 2435 1834 περιτομῆς
2459 1762 2586 1816 λαὸν
2613 1761 3055 1830 ταῦταλέγεται,
3075 1760 3343 1831 τοιαύτην
3374 1760 3551 1830 ἔχοντα
3582 1760 3665 1814 διά-

454 1846 789 1905 Testamenti
848 1854 1107 1924 mysteria
1158 1853 1563 1910 declaraturum
1610 1862 1726 1921 est;
1760 1863 1944 1911 cavete
1967 1870 2036 1911 ne

458 1939 663 1996 iterum
694 1941 861 1998 corda
890 1944 1171 2001 obduretis
1207 1955 1269 2000 ut
1300 1946 1481 2017 prisce
1527 1945 1861 2012 obdurastis,
1902 1960 2036 2003 neve

456 2046 679 2088 rursum
714 2049 837 2090 eum
868 2036 1231 2100 exacerbetis,
1263 2039 1310 2093 si
1347 2037 1528 2094 denuo
1565 2052 1753 2093 vocem
1781 2038 1902 2107 ejus
1934 2053 2035 2092 au-

455 2122 693 2188 dieritis,
726 2140 902 2195 neque
933 2126 1034 2182 bac
1078 2127 1136 2182 iu
1178 2143 1237 2184 re
1268 2137 1451 2199 patres
1476 2140 1687 2186 vestros
1727 2129 2033 2195 imitemini,

457 2230 528 2270 ne
560 2231 661 2271 vos
682 2231 813 2271 vero
857 2216 1099 2273 Sabbato
1127 2227 1182 2275 ct
1224 2222 1411 2291 requie
1443 2221 1564 2291 ejus
1586 2222 1794 2278 orbetis
1823 2242 1835 2275 :
1870 2236 2030 2292 quam

456 2307 703 2378 requiem
770 2308 923 2364 dabit
980 2311 1160 2382 ipsum
1235 2312 1331 2368 Dei
1390 2312 1666 2379 Verbum,
1741 2322 2034 2385 postquam

457 2413 686 2471 regnum
712 2416 872 2456 suum
908 2403 1202 2473 acceperit,
1222 2403 1277 2458 in
1312 2405 1543 2476 ipsoque
1562 2405 1889 2476 requiescet,
1916 2419 2035 2458 om-

456 2507 663 2563 nesque
706 2500 975 2564 quotquot
1023 2495 1201 2565 ipsum
1245 2496 1552 2567 receperint
1585 2497 1651 2552 ad
1712 2511 1831 2553 eam
1864 2498 2036 2567 ipsam

456 2583 698 2655 quietem
726 2584 975 2641 admittet
1003 2605 1017 2641 :
1046 2601 1111 2641 ac
1131 2595 1383 2642 sanctum
1403 2603 1704 2659 verumque
1736 2585 2035 2641 Sabbatum

457 2673 529 2731 iis
586 2675 863 2747 impertiet
905 2677 999 2749 qui
1052 2693 1241 2736 secum
1288 2687 1346 2736 et
1392 2696 1561 2753 penes
1615 2697 1696 2749 se,
1750 2681 1847 2736 illo
1885 2678 2013 2751 dign

455 2773 640 2822 erunt.

2133 1872 2281 1908 νοιαν
2300 1871 2316 1886 ·
2350 1852 2532 1920 Ἆπαξ
2557 1854 2685 1908 ποτε
2714 1843 2813 1925 ήδη
2841 1854 3105 1926 πρότερον
3139 1854 3237 1907 ἐπὶ
3265 1853 3371 1924 τῆς
3396 1854 3585 1925 ἐρήμου
3598 1853 3665 1925 τῆς

2133 1947 2317 2018 φωνῆς
2358 1946 2688 2010 ἀκούσαντες
2730 1946 2823 2000 τοῦ
2868 1946 3025 2009 Θεοῦ,
3057 1945 3509 2018 παρεπικράνατε
3548 1944 3666 1998 αὐτον

2135 2036 2271 2107 σκλη
2280 2037 2535 2109 ρύναντες
2550 2037 2757 2092 ἑαυτῶν
2777 2037 2874 2101 τὰς
2897 2036 3121 2108 καρδὲας
3147 2036 3247 2091 ἐπὶ
3282 2036 3565 2101 Μωῦσέως·
3583 2034 3665 2091 ἀλλ’

2132 2129 2429 2201 ἐπειδήπερ
2460 2132 2490 2184 ὀ
2532 2130 2694 2194 αὐτὸς
2720 2128 2815 2183 τοῦ
2866 2129 2997 2183 Θεοῦ
3025 2130 3194 2199 Λόγος
3245 2128 3433 2201 μέλλει
3470 2128 3664 2197 δεύτερον

2138 2221 2444 2292 ἀνθρώποις
2477 2221 2658 2276 λαλεῖν
2705 2224 2988 2291 ἐπιφανεὶς
3016 2221 3094 2293 τῷ
3125 2221 3252 2292 βίῳ,
3289 2221 3388 2273 καὶ
3434 2219 3551 2290 παρ’
3573 2219 3665 2288 dpiv

2143 2312 2324 2375 αὐτοῖς
2357 2310 2629 2365 διδάσκειν
2655 2310 2723 2364 τὰ
2751 2311 2846 2383 τῆς
2877 2310 3082 2381 Καινῆς
3108 2309 3395 2381 Διαθήκης
3426 2309 3662 2378 μυστήρια,

2134 2405 2298 2478 ὁρᾶτε
2356 2403 2430 2475 μὴ
2483 2403 2644 2458 πάλιν
2700 2403 3038 2475 σκληρύνητε
3075 2402 3310 2465 ἑαυτοὺς
3364 2401 3440 2463 ὡς
3486 2399 3537 2452 τὸ

2139 2494 2524 2567 ἐσκληρύνατε,
2558 2495 2693 2567 μηδὲ
2723 2490 2878 2558 αὖθις
2900 2493 3060 2548 αὐτὸν
3086 2492 3565 2565 παραπικράνητε.
3594 2489 3661 2541 ἐὰν

2138 2583 2293 2651 αὖθις
2325 2586 2424 2656 τῆς
2451 2586 2634 2657 φωνῆς
2658 2584 2821 2639 αὐτοῦ
2845 2583 3133 2656 ἀκούσητε,
3155 2584 3297 2656 μηδὲ
3323 2584 3449 2646 τοὺς
3475 2581 3659 2652 πατέρας

2139 2675 2293 2747 ὑμῶν
2313 2675 2452 2730 κατὰ
2485 2675 2643 2729 τοῦτο
2661 2676 2992 2749 μιμησησθε,
3014 2676 3160 2739 ὅπως
3182 2675 3263 2746 μὴ
3298 2675 3571 2745 στερήσητε
3588 2672 3657 2725 αδ-

2139 2768 2267 2832 τοὺς
2292 2767 2384 2821 τοῦ
2416 2767 2668 2840 ἀληθινοῦ
2722 2767 3089 2840 σαόϐατισμοῦ
3132 2767 3227 2820 καὶ
3286 2765 3390 2837 τῆς
3440 2761 3658 2818 καταπαύ-

459 2873 597 2921 σεως
625 2856 786 2913 αὑτοῦ
805 2897 820 2923 ,
845 2858 912 2931 ἢν
937 2862 1278 2917 καταπαύσει
1312 2863 1473 2927 αὐτὸς
1509 2864 1540 2917 δ
1570 2863 1663 2918 τοῦ
1692 2861 1827 2917 Θεοῦ
1858 2862 2049 2932 Λόγος,
2075 2860 2176 2931 τὴν
2218 2859 2424 2915 οἰκείαν
2491 2858 2780 2914 ἀπολαϐὼν
2814 2860 3116 2931 βασιλείαν,
3152 2859 3251 2913 καὶ
3291 2860 3351 2911 ὲν
3407 2858 3531 2926 αὐτῇ
3563 2857 3654 2908 ἀνα-

458 2949 814 3020 παυσόμενος,
846 2951 1054 3017 πάντας
1067 2970 1129 3007 τε
1150 2954 1281 3019 τοὺς
1312 2955 1780 3029 παραδεχομένους
1797 2954 1959 3008 αὑτὸν
1983 2954 2064 3017 εἰς
2087 2953 2186 3025 τὴν
2206 2951 2374 3022 αὐτὴν
2404 2951 2719 3006 ἀνάπαυλαν
2742 2949 3147 3022 ὑποδεξάμενος,
3171 2950 3270 3003 καὶ
3289 2948 3351 3002 τὸ
3370 2947 3510 3015 ἅγιον
3528 2945 3602 2998 καὶ
3617 2944 3656 2997 τὺ

457 3042 656 3114 ἀληθὲς
682 3043 850 3099 αὐτοῦ
882 3046 1163 3104 Σάϐϐατον
1198 3049 1451 3122 παρέξων
1466 3053 1581 3115 τοῖς
1602 3050 1773 3118 ἀξίοις
1798 3049 1900 3121 τῆς
1937 3048 2066 3122 παρ’
2097 3047 2245 3120 αὐτῷ
2283 3048 2377 3102 καὶ
2412 3049 2507 3101 σὺν
2534 3046 2678 3118 αὐτῷ
2708 3046 3084 3111 ἀναπαύσεως.

529 3158 698 3219 Vsus.
723 3161 882 3220 9-H.
912 3164 1212 3223 Secundum
1238 3170 1377 3226 diem
1399 3173 1707 3229 tentationis
1729 3175 1783 3230 in
1804 3175 2035 3243 deserto,

2208 3176 2373 3230 Κατά
2404 3173 2521 3242 τὴν
2541 3172 2771 3243 ἡμέραν
2797 3173 2902 3227 τοῦ
2933 3170 3271 3242 πειρασμοῦ
3297 3170 3370 3224 ὲν
3394 3166 3467 3236 τῇ
3484 3166 3653 3235 ἐρήμῳ,

458 3245 552 3303 sibi
592 3258 922 3308 tentaverunt
953 3272 1034 3311 me
1068 3268 1245 3326 patres
1290 3261 1471 3325 vestri,
1493 3261 1843 3331 probaverunt
1880 3282 1961 3321 me
1987 3275 2037 3321 et

458 3340 700 3394 uiderunt
729 3357 887 3411 opera
925 3362 1060 3402 mea.
1094 3349 1467 3422 Quadraginta
1503 3356 1657 3410 annis
1696 3357 1928 3427 oﬂ'ensus
1958 3359 2040 3433 [ui

458 3432 789 3502 generationi
817 3434 940 3490 huic
968 3452 988 3491 :
1010 3447 1061 3493 et
1091 3439 1207 3495 dixi
1233 3455 1252 3495 :
1283 3440 1497 3513 Semper
1513 3455 1697 3501 errant
1716 3447 1891 3504 corde.
1924 3432 2040 3521 1ρεὶ

461 3539 581 3578 vero
615 3541 719 3579 non
746 3540 1096 3598 cognoverunt
1134 3532 1247 3587 vias
1282 3551 1446 3601 meas,
1478 3538 1615 3591 sicut
1646 3540 1828 3610 juravi
1858 3541 1913 3594 in
1955 3543 2039 3598 ira

461 3630 598 3683 mea,
621 3617 670 3672 si
686 3618 981 3675 introibant
1004 3623 1060 3677 in
1096 3625 1325 3695 requiem
1355 3645 1546 3685 meam.
1571 3631 1854 3698 Quomodo
1871 3634 2038 3693 Deum

458 3710 820 3776 tentaverint,
877 3728 987 3769 non
1028 3715 1246 3773 illorum
1303 3719 1430 3776 olim
1482 3719 1798 3781 Iudaeorum
1854 3737 2042 3796 patres

459 3805 768 3867 tantum,ut
785 3804 1057 3877 quispiam
1085 3811 1462 3881 aestimaverit,
1493 3814 1591 3870 sed
1622 3816 1786 3872 etiam
1818 3819 2041 3877 hodier-

460 3897 798 3988 norum,iqui
823 3899 1007 3954 audita
1036 3916 1170 3959 voce
1192 3902 1285 3960 Dei
1311 3905 1653 3963 obdurantur
1672 3950 1688 3975 ,
1720 3913 1861 3983 apud
1893 3913 2042 3988 Moy-

466 3997 584 4039 sem
610 3985 840 4043 habetur
862 4007 877 4057 ;
899 4000 954 4046 et
983 3993 1036 4047 in
1057 4009 1235 4049 Lxxvu
1263 3998 1472 4067 psalmo
1491 4000 1810 4075 plerumque
1835 3985 2039 4062 dictum

466 4084 576 4142 est,
607 4093 671 4133 ac
712 4080 967 4138 similiter
996 4084 1051 4138 in
1084 4100 1149 4140 cv
1182 4097 1239 4141 ut
1270 4096 1382 4157 tute
1412 4090 1458 4145 si
1518 4094 1805 4164 perquiras
1849 4097 2035 4169 depre-

467 4168 696 4228 hendes.
747 4170 1016 4239 Quoniam
1060 4176 1228 4248 igitur
1265 4180 1350 4237 his
1378 4181 1587 4252 juravit
1622 4186 1786 4252 Deus,
1818 4168 2037 4245 exacer-

464 4260 656 4317 bantes
682 4263 803 4320 illos
832 4280 940 4320 non
968 4268 1316 4339 ingressuros
1341 4289 1463 4330 esse
1483 4275 1537 4331 in
1562 4279 1810 4349 requiem
1846 4279 2043 4350 ipsius,

461 4367 628 4423 quam
667 4357 855 4425 paucis
888 4374 1070 4415 sermo
1101 4361 1431 4435 descripsit;
1468 4368 1703 4425 sollicite
1747 4370 1906 4428 nobis
1948 4389 2046 4429 cu-

463 4442 697 4499 randum
732 4453 817 4502 est
870 4463 938 4503 ne
977 4449 1032 4504 in
1080 4454 1231 4522 paria
1286 4456 1610 4515 incidamus.
1675 4457 1812 4517 Nam
1850 4463 2039 4520 eadem

464 4532 585 4604 ipsa
609 4549 710 4591 nos
755 4538 1048 4609 excipient,
1086 4543 1133 4599 si
1164 4561 1350 4602 vocem
1379 4546 1470 4604 Dei
1518 4567 1664 4606 nunc
1697 4563 1751 4609 et
1780 4553 1836 4609 in
1886 4571 2041 4625 prae-

461 4627 609 4681 senti
657 4628 836 4685 adhuc
887 4641 1132 4704 tempore
1184 4653 1285 4695 nos
1348 4652 1666 4699 evocantem
1728 4645 2039 4716 audientes,

463 4718 631 4773 corda
675 4721 1054 4782 obduremus:
1113 4743 1214 4784 nos
1255 4731 1472 4803 quippe
1512 4734 1589 4789 ira
1643 4734 1739 4792 Dei
1792 4737 2037 4808 invadet,

463 4824 532 4865 ae
567 4811 750 4882 quiete
812 4814 904 4869 illa
953 4818 1097 4886 apud
1149 4819 1325 4890 ipsum
1371 4829 1425 4879 et
1469 4840 1594 4881 cum
1646 4828 1767 4899 ipso
1811 4847 2036 4888 sumen-

461 4899 529 4957 da
564 4902 918 4973 privabimur.
953 4906 1084 4974 Quae
1125 4922 1303 4982 porro‘
1337 4917 1417 4968 ira
1462 4916 1553 4970 illa
1590 4916 1773 4974 futura
1821 4922 1914 4987 sit,
1952 4924 2037 4980 his

462 4990 706 5046 declarat
723 4994 1014 5064 Apostolus
1038 5015 1054 5053 :
1075 4997 1373 5058 Secundum
1397 5015 1571 5060 autem
1590 5007 1846 5086 duritiam
1867 5020 2035 5078 tuam,

461 5093 511 5138 et
539 5084 863 5154 impceuitent
893 5106 1004 5156 cor,
1042 5093 1370 5151 thesaurizat
1416 5099 1511 5153 tibi
1540 5084 1675 5156 iram
1720 5103 1773 5158 in
1800 5103 1886 5159 die
1915 5107 2032 5173 ine,

459 5183 511 5226 et
556 5176 888 5235 reuelationis
923 5185 1061 5251 justi
1079 5184 1272 5254 judicu
1326 5188 1423 5244 Dei
1443 5191 1507 5244 ⁸⁸.
1552 5190 1681 5259 Quae
1725 5203 1906 5250 autem
1950 5213 2036 5254 re-

460 5265 621 5355 quies
647 5267 769 5336 cjus
793 5280 894 5336 est,
927 5274 1033 5328 nisi
1062 5275 1151 5329 illa
1175 5288 1296 5348 post
1325 5282 1531 5336 exitum
1563 5283 1724 5355 hujus
1757 5286 1879 5341 vita:
1907 5303 2031 5342 cum

462 5354 555 5410 illo
585 5363 966 5431 commoratio,
998 5381 1105 5435 qua
1150 5370 1559 5442 requiescemus
1602 5354 1656 5432 in
1694 5394 1858 5451 regno
1887 5380 2029 5451 ejus,

463 5455 609 5547 omni
653 5471 881 5525 prorsus
929 5475 1093 5529 opere
1140 5479 1204 5519 ac
1249 5471 1465 5539 negotio
1511 5474 1768 5544 exempti,
1821 5475 2030 5547 solique

467 5541 770 5602 divinorqu
818 5560 873 5606 et
914 5552 1217 5613 caelestium
1252 5541 1691 5634 contemp'alioui
1721 5541 2031 5633 gvacautes’

579 5696 616 5735 "
660 5698 815 5758 Rom.
850 5720 920 5767 ιι.

2137 3264 2211 3325 οὗ
2253 3265 2583 3336 ἐπείρασὰν
2621 3283 2698 3337 με
2740 3269 2797 3321 οι
2830 3264 3081 3333 πατέρες
3109 3262 3301 3333 ὑμῶν,
3343 3256 3650 3330 ἐδοκίμασάν

2132 3376 2210 3430 με
2229 3357 2326 3412 καὶ
2351 3352 2516 3412 εἶδον
2529 3357 2601 3411 τὰ
2615 3357 2758 3427 ἔργα
2764 3374 2905 3426 μου.
2929 3352 3388 3423 Τεσσαρὰκοντα
3401 3352 3498 3419 ἐτη
3513 3364 3647 3419 προσ-

2136 3450 2363 3518 ώχθισα
2395 3447 2469 3519 τῇ
2497 3447 2675 3518 γενεᾷ
2704 3449 2889 3518 ταύτῃ
2907 3464 2922 3479 ο
2958 3445 3057 3502 καὶ
3087 3442 3257 3501 sister
3306 3444 3411 3501 Ἀεὶ
3437 3439 3652 3498 πλανῶν-

2137 3556 2234 3593 ται
2258 3537 2331 3609 τῇ
2365 3538 2602 3607 καρδίᾳ.
2627 3538 2808 3593 Αὐτοὶ
2835 3537 2905 3591 δὲ
2935 3539 3046 3592 οὐκ
3074 3536 3357 3606 ἔγνωσαν
3395 3533 3492 3599 τὰς
3517 3528 3647 3593 ὁδούς

2134 3649 2276 3702 μου,
2305 3632 2387 3699 ὡς
2411 3630 2620 3701 ὤμοσα
2652 3630 2724 3685 ἐν
2757 3628 2833 3699 τῇ
2858 3627 3004 3700 ὀργῆ
3018 3647 3159 3699 μου,
3188 3629 3241 3682 ει
3258 3626 3647 3682 εἰσελεύσονται

2138 3727 2226 3791 εὶς
2279 3722 2394 3792 τὴν
2448 3721 2831 3777 κατάπαυσίν
2871 3738 3011 3791 μου.
3048 3720 3237 3783 Ὅπως
3290 3716 3559 3788 ἐπείρασαν
3583 3711 3643 3764 τὸν

2139 3815 2272 3871 Θεὸν
2301 3816 2359 3868 ὲν
2407 3816 2474 3886 τῇ
2515 3815 2707 3887 ἐρήμῳ
2733 3815 2784 3866 οἱ
2832 3811 3066 3884 πατέρες
3090 3811 3211 3881 οὐχὶ
3240 3811 3351 3864 τῶν
3382 3808 3528 3863 πάλαι
3554 3805 3641 3857 'lw-

2139 3907 2301 3961 δαίων
2337 3906 2515 3977 μόνον,
2545 3905 2622 3970 ὡς
2649 3904 2715 3959 ἂν
2736 3903 2992 3958 ὑπολάϐοι
3012 3920 3116 3967 τις,
3138 3903 3273 3957 ἀλλά
3288 3901 3396 3956 τῶν
3418 3900 3502 3954 καὶ
3528 3898 3641 3969 σημε-

2143 4016 2236 4071 ρον
2286 3997 2590 4053 ἀκουόντων
2626 3996 2724 4067 μὲν
2747 3997 2844 4069 τῆς
2877 3995 3062 4066 φωνῆς
3109 3995 3202 4048 τοῦ
3228 3993 3387 4054 Θεοῦ,
3416 3990 3639 4061 σκληρυνθ-

2144 4090 2320 4162 μένων
2369 4089 2444 4154 δὲ,
2489 4091 2663 4142 κεῖται
2692 4088 2843 4160 παρά
2875 4088 3114 4150 Μωῦσεῖ,
3151 4086 3246 4140 καὶ
3292 4087 3351 4138 ὲν
3370 4081 3409 4137 o'
3436 4081 3488 4136 δὲ
3518 4071 3637 4138 καὶ(

2139 4182 2339 4255 ψαλμῷ
2367 4181 2623 4245 πολλάκις
2656 4180 2890 4252 εἴρηται,
2923 4180 3017 4233 καὶ
3046 4180 3102 4232 ὲν
3131 4175 3237 4250 ρε⁹·
3268 4177 3407 4247 άπερ
3431 4171 3532 4228 καθ’
3552 4171 3636 4222 ἑαν-

2140 4280 2231 4333 τδν
2259 4279 2593 4350 ἐπιζητήσας
2638 4277 2913 4350 εὑρήσεις.
2968 4273 3122 4328 Ἐπεὶ
3169 4273 3351 4329 τοίνυν
3393 4269 3471 4324 διὰ
3516 4261 3635 4318 ταῦτα

2142 4371 2352 4442 ὤμοσεν
2371 4370 2545 4435 δΘεδς
2578 4371 2652 4442 μὴ
2677 4366 3079 4423 εἰσελεύσεσθαι
3103 4366 3230 4429 τοὺς
3259 4357 3635 4435 παραπικράναν-

2146 4481 2245 4528 τας
2272 4465 2351 4527 εἰς
2382 4463 2479 4535 τὴν
2504 4463 2848 4517 κατάπαυσιν
2875 4458 3063 4521 αὐτοῦ,
3098 4458 3165 4529 ῆν
3199 4460 3230 4512 ὁ
3263 4457 3413 4526 λόγος
3439 4451 3511 4506 διά
3538 4448 3632 4519 βρα-

2145 4555 2285 4628 χέων
2316 4554 2631 4626 παρέστησε
2653 4590 2669 4617 ,
2718 4550 3047 4623 προνοητέον
3082 4549 3177 4603 καὶ
3217 4549 3351 4620 ἡμῖν
3396 4544 3478 4599 καὶ
3523 4551 3629 4628 μερι-

2144 4626 2375 4720 μνητέον
2415 4646 2491 4717 μὴ
2537 4647 2649 4710 τοῖς
2682 4644 2891 4715 ὁμοίοις
2940 4642 3277 4713 περιπεσεῖν.
3306 4640 3385 4692 Τὰ
3411 4633 3523 4690 αὐτὰ
3557 4626 3629 4720 γὰρ

2140 4717 2250 4792 καὶ.
2266 4740 2415 4809 ἡμᾶς
2437 4735 2754 4803 διαδέξεται,
2793 4736 2843 4789 εἰ
2870 4732 2970 4805 τῆς
3011 4730 3107 4786 τοῦ
3142 4730 3279 4785 Θεοῦ
3304 4728 3470 4801 φωνῆς
3495 4717 3618 4785 εἰςέτι

2141 4831 2233 4885 καὶ
2275 4830 2371 4884 νῦν
2431 4827 2571 4884 κατά
2620 4827 2718 4900 τὴν
2773 4827 3014 4898 σήμερον
3059 4822 3280 4897 ἡμέραν
3334 4809 3625 4882 ἀνακαλουμέ-

2137 4939 2235 4994 νης
2266 4923 2414 4993 ἡμᾶς
2444 4919 2734 4983 ἀκούοντες
2762 4915 3151 4989 σκληρύνωμεν
3183 4915 3279 4980 τὰς
3319 4908 3499 4968 ἑαυτῶν

2142 4989 2321 5078 δίαςΪ
2361 5012 2677 5087 διαλήψεται
2741 5010 2852 5082 γὰρ
2888 5009 2984 5063 καὶ
3039 5008 3188 5080 ἡμᾶς
3237 5005 3375 5079 ὀργὴ
3425 4989 3617 5055 Mn}

2139 5104 2560 5177 ἀποπεσούμεθα
2611 5086 2711 5174 τῆς
2761 5102 2890 5173 παρ’
2941 5098 3093 5171 αὑτῴ
3152 5098 3247 5153 καὶ
3272 5098 3365 5151 σὺν
3388 5087 3508 5158 αὐτῷ
3527 5086 3613 5177 in:

2140 5169 2755 5263 nadasm;."0::0ia'6é
2796 5169 2942 5246 ἐστιν
2984 5192 3018 5262 ἡ
3066 5169 3238 5263 ⁷ὀργὴ,
3311 5169 3615 5256 παρίστησινό

2154 5290 2469 5355 ’Δπόστολος
2493 5289 2686 5358 λέγων’
2717 5286 2876 5342 Κατὰ
2905 5284 2974 5339 δὲ
3003 5283 3118 5351 τὴν
3149 5270 3494 5350 animorum
3518 5281 3608 5359 σου]

2138 5384 2234 5438 καὶ
2281 5382 2687 5453 ἀμετανόητον
2730 5378 2980 5447 καρδίαν
2998 5416 3013 5440 ,
3061 5373 3415 5443 θησαῳίζεις
3449 5371 3610 5419 σεαιπφ

2138 5474 2324 5546 ὀργὴν
2354 5475 2422 5529 ἐν
2452 5472 2640 5543 ἡμέρᾳ
2666 5470 2848 5541 ὀργῆς
2872 5471 2972 5524 καὶ
3017 5468 3434 5535 ἀποκαλύψεως
3458 5455 3605 5559 διπξιξξ

2137 5568 2370 5637 κρισίας
2401 5565 2506 5620 τοῦ
2537 5563 2705 5620 Θεοῦ.
2744 5564 2839 5626 Τίς
2871 5562 2926 5614 δὲ
2959 5563 3050 5615 καὶ
3091 5565 3123 5633 ὴ
3170 5561 3475 5615 κατάπαυσις
3498 5553 3604 5600 αὑτοῦ
