3830 6288
95 317 227 374 λιιι

1156 309 1657 368 COMMENTARIA
1697 308 1762 364 IN
1803 305 2142 364 PSALMOS.

3179 305 3339 362 1218-

99 430 206 488 ἀλλ’
236 429 267 498 ἡ
305 426 438 497 μετά
461 425 559 495 τὴν
589 424 764 492 ἔξοδον
787 424 879 478 τοῦ
909 423 1170 496 παρόντος
1209 425 1322 494 β’ίου
1363 427 1459 479 σὺν
1495 423 1642 496 αὐτῷ

1755 423 1960 495 quando
2003 420 2256 477 abscedet
2305 419 2526 490 quidem
2578 420 2755 484 dolor,
2791 418 3013 475 tristitia
3050 425 3106 474 et
3147 421 3319 489 gemi-

100 519 355 592 διατριϐὴ,
382 516 502 571 καθ’
532 518 599 587 ἢν
638 516 1061 586 ἀναπαυσόμεθα
1103 518 1159 569 ἐν
1185 519 1252 586 τῇ
1288 515 1450 569 αὑτοῦ
1498 515 1652 586 βασι-

98 615 234 685 λείᾳ,
268 613 444 680 πάσης
479 610 578 680 τῆς
621 609 707 663 διὰ
745 608 992 680 πράξεως
1028 608 1251 677 ἀγωγῆς
1296 606 1649 678 ἀπηλλαγμέ-

95 723 192 768 νοι,
248 703 381 774 μόνῃ
433 701 490 754 δέ
553 704 621 772 τῇ
682 701 790 754 τῶν
836 700 993 753 θείων
1034 701 1128 754 καὶ
1178 699 1511 772 ἐπουρανίων
1551 697 1649 770 θέᾳ

94 795 531 870 προσανέχοντες;
566 795 652 846 ὅτε
684 792 1042 864 ἀποδράσεται
1070 792 1167 864 μὲν
1197 792 1352 864 ὀδύνη
1381 790 1475 845 καὶ
1502 787 1647 861 λύπη

93 891 183 946 xa‘t
238 886 554 955 στεναγμός·
616 885 782 956 ἀργία
838 883 894 938 δὲ
945 883 1038 938 καὶ
1103 883 1388 956 ἀπαλλαγὴ
1440 885 1647 949 κακῶν,

91 979 244 1053 σχολή
282 996 341 1032 τε
374 979 466 1031 καὶ
515 976 801 1030 ἀνάπαυλα
846 973 940 1030 καὶ
981 973 1043 1029 τὸ
1090 971 1340 1046 ἀληθινὸν
1374 973 1650 1032 Σάϐϐατον

84 1073 225 1142 ἡμᾶς
259 1069 583 1134 διαδέξεται’
609 1069 666 1120 ἐν
698 1059 743 1134 ᾧ
767 1065 1026 1137 Σαϐϐάτῳ
1051 1065 1285 1138 ἀληθινῷ
1315 1068 1408 1121 καὶ
1436 1068 1595 1133 αὐτὸς
1621 1067 1650 1121 ό

83 1163 167 1216 τοῦ
211 1160 342 1214 Θεοῦ
397 1160 567 1228 Λόγος
623 1159 1024 1212 ἀναπαύσει-ται⁹
1095 1159 1155 1212 τὸ
1213 1159 1314 1228 μὲν
1375 1160 1505 1230 ’περὶ⁵
1558 1159 1650 1212 τὸν

80 1251 326 1322 αἰσθητὸν
369 1250 608 1321 κόσμον,
655 1249 736 1320 τῷ
787 1249 1056 1303 Ἰουδαίων
1107 1248 1220 1319 λαῷ
1272 1248 1342 1302 τὰ
1400 1251 1458 1302 ἐν
1501 1249 1650 1320 αὐτῷ

81 1339 433 1414 προσφωνῶν,
473 1340 567 1392 καὶ
601 1339 932 1410 παρακαλῶν
960 1339 1174 1403 αὐτοὺς,
1207 1342 1255 1392 εί
1278 1336 1530 1411 δεύτερον
1554 1357 1650 1392 κα-

75 1432 403 1499 ταξιωθεῖεν,
445 1432 518 1494 ὡς
557 1431 618 1484 τὸ
658 1431 870 1502 πρῶτον
913 1432 1005 1486 ἐπὶ
1035 1433 1131 1503 τῆς
1159 1433 1388 1504 ἐρήμου,
1422 1430 1651 1486 ἀκοῦσαι

76 1529 170 1598 τῆς
198 1525 294 1580 τοῦ
327 1525 461 1578 Θεοῦ
485 1526 656 1592 Λόγου
688 1525 893 1595 φωνῆς,
920 1526 1040 1598 ἥτις
1069 1526 1300 1596 ῆμελλεν
1324 1525 1504 1589 αὐτοῖς
1534 1528 1642 1579 πά-

75 1621 153 1676 λιν
185 1621 326 1674 κατά
384 1620 482 1692 τὴν
525 1619 934 1692 ἐνανθρὼπησιν
979 1620 1140 1674 αὐτοῦ
1187 1619 1385 1684 λαλεῖν,
1423 1620 1498 1691 μὴ
1527 1621 1650 1684 τοὺς

75 1711 314 1780 πατέρας
345 1710 522 1763 αὐτῶν
545 1709 804 1780 ζηλῶσαι,
840 1710 961 1783 μηδ’
988 1707 1146 1774 αὖθις
1181 1710 1272 1764 τὸν
1305 1710 1438 1764 Θεὸν
1465 1729 1646 1783 παρα-

1749 521 1874 578 tus;
1904 510 2060 582 quies
2085 518 2289 570 autem,
2318 509 2528 580 ereptio
2549 524 2580 562 a
2605 510 2787 572 malis,
2817 508 3075 571 cessatio,
3101 510 3318 577 requies

1749 619 1814 659 ac
1875 618 2062 660 verum
2113 603 2396 658 sabbatum
2452 617 2554 656 nos
2601 602 2833 672 excipiet
2867 620 2880 656 :
2917 601 2972 655 in
3027 617 3138 671 quo
3183 601 3312 656 item

1747 710 1876 750 vero
1913 693 2139 750 sabbato
2173 693 2350 762 ipsum
2383 689 2476 746 Dei
2509 690 2744 746 Verbum
2787 693 3108 761 requiescet.
3157 690 3317 757 Quod

1747 803 1878 842 vero
1904 794 2106 858 spectat
2145 785 2206 843 ad
2239 784 2385 840 hunc
2431 783 2741 840 sensibilem
2773 784 3058 845 mundum,
3094 782 3316 838 Judaeos

1748 889 1939 936 evocat
1966 887 2020 934 et
2047 878 2319 942 hortatur,
2367 887 2429 931 ut
2476 876 2521 931 si
2547 875 2660 944 jam
2693 875 2955 938 secundo,
3001 883 3061 930 ut
3093 877 3222 930 olim
3256 876 3312 930 in

1749 973 1986 1038 deserto,
2019 971 2113 1026 Dei
2148 969 2312 1026 Verbi
2339 984 2470 1025 voce
2493 969 2806 1039 dignentur,
2835 983 2956 1037 quae
2984 968 3136 1033 ipsos
3173 975 3317 1022 tem-

1749 1078 1878 1132 pore
1911 1063 2306 1116 incarnationis
2331 1060 2452 1130 ejus
2483 1060 2677 1114 iterum
2726 1058 3029 1111 allocutura
3055 1067 3189 1122 erat,
3246 1073 3316 1112 ne

1749 1165 1934 1228 patres
1989 1170 2120 1211 suos
2177 1155 2480 1220 imitentur,
2541 1169 2718 1224 neque
2770 1167 2989 1206 rursum
3042 1158 3102 1205 ut
3155 1158 3313 1206 antea

1750 1247 1918 1304 Deum
1972 1246 2316 1302 exacerbent.
2347 1245 2482 1300 Cum
2522 1251 2702 1298 autem
2745 1241 2824 1297 sic
2855 1241 3126 1304 hortatur,
3161 1238 3312 1294 vide-

1750 1348 1838 1394 tur
1879 1337 2010 1391 mihi
2054 1337 2418 1406 praenuntiam
2462 1349 2524 1388 ac
2553 1333 2902 1390 subindicare
2940 1329 3178 1386 futuram
3227 1345 3319 1385 eo-

1750 1443 1869 1483 rum
1909 1443 2036 1498 erga
2074 1426 2351 1482 Christum
2387 1424 2846 1486 incredulitatem,
2886 1431 3071 1491 utpote
3111 1420 3304 1474 futuro-

1751 1535 1870 1575 rum
1922 1535 2030 1574 non
2077 1518 2294 1573 nescius
2327 1531 2488 1573 :nam
2547 1516 2651 1570 sub
2681 1515 2794 1568 ham
2848 1529 2911 1568 ex
2946 1526 3178 1582 persona
3217 1507 3311 1565 Dei

1751 1610 1938 1680 adjicit
1969 1618 2023 1663 et
2057 1609 2132 1662 ait
2159 1626 2172 1660 :
2197 1607 2267 1661 Et
2289 1606 2420 1672 dixi,
2455 1605 2668 1674 Semper
2689 1613 2866 1659 errant
2883 1602 3036 1657 corde
3053 1619 3072 1666 ,'
3107 1616 3171 1656 ac
3199 1615 3318 1655 rur-

1750 1717 1894 1763 sum,
1929 1699 2077 1754 Sicut
2107 1699 2289 1769 juravi
2333 1701 2388 1752 in
2430 1697 2514 1750 ira
2564 1713 2700 1760 mea,
2747 1697 2794 1750 si
2825 1693 3112 1750 introibant
3142 1692 3195 1746 in
3237 1707 3316 1745 re-

71 1799 330 1870 πικράναι
362 1799 438 1863 ὼς
470 1799 564 1852 καὶ
599 1798 882 1870 πρότερον.
929 1799 1164 1854 Τοιαῦτα
1193 1798 1250 1852 δὲ
1283 1798 1639 1870 παρακαλῶν,

1755 1793 1917 1863 quiem
1956 1807 2145 1845 meam.
2176 1789 2386 1844 Etenim
2421 1787 2468 1843 si
2512 1787 2566 1842 in
2610 1802 2673 1844 os
2713 1787 2845 1842 illud
2879 1786 3123 1840 divinum
3168 1799 3315 1840 meno

69 1891 354 1962 προλέγειν
393 1909 482 1964 μοι
503 1891 648 1944 δοκεῖ
674 1893 766 1944 καὶ
795 1891 1226 1963 προαινίττεσθαι
1251 1891 1352 1960 τὴν
1379 1890 1642 1960 ἐσομένην

68 1982 246 2037 αὐτῶν
271 1985 350 2048 εἰς
395 1983 486 2036 τὸν
527 1982 757 2054 Χριστὸν
790 1983 1068 2046 ἀπιστίαν,
1105 1982 1200 2035 am
1232 1980 1294 2034 τὸ
1335 1980 1527 2052 μέλλον
1564 1979 1638 2051 μὴ

1748 1879 1964 1932 dacium
2006 1891 2115 1930 non
2152 1877 2318 1941 cadit,
2360 1890 2425 1930 ac
2473 1873 2842 1930 deﬁnitionem
2875 1874 3314 1942 sententiamque

1750 1968 1897 2021 illam
1950 1967 2192 2037 protulit,
2237 1965 2382 2036 quod
2424 1965 2633 2020 scili‘cet
2683 1978 2897 2034 semper
2932 1970 3137 2024 errent,
3163 1960 3315 2032 jura-

1749 2068 2042 2129 mentoque
2068 2057 2354 2112 aﬂirmavit
2379 2071 2475 2112 eos
2509 2056 2563 2110 in
2585 2055 2832 2125 requiem
2859 2055 3033 2126 ipsius
3061 2069 3170 2108 non
3192 2067 3317 2108 esse

1751 2150 2130 2220 ingressuros;
2163 2155 2348 2218 aperte
2393 2145 2572 2201 l'u'tura
2601 2147 2928 2202 vaticinatus
2974 2152 3079 2200 est.
3110 2144 3313 2210 Quare,

65 2072 297 2143 ἀγνοῶν·
333 2074 525 2143 ἐπάγει
561 2072 606 2126 δ’
643 2070 736 2126 οὖν
787 2073 914 2144 ἐξῆς
946 2076 1011 2126 ἐκ
1051 2071 1341 2144 προσώπου
1381 2070 1474 2124 τοῦ
1509 2068 1644 2123 Θεοῦ

69 2167 161 2219 καὶ
195 2165 363 2236 φησίν
390 2182 406 2199 ο
447 2166 555 2218 Kal
594 2161 751 2219 εἶπαο
807 2165 912 2218 ’Ael
945 2162 1284 2217 πλανῶνται
1313 2161 1387 2232 τῇ
1410 2161 1642 2231 καρδίᾳο

70 2260 163 2312 καὶ
419 2259 511 2324 Ὡς
538 2259 742 2328 ὤμοσα
771 2257 841 2311 ἐν
868 2256 945 2326 τῇ
973 2255 1116 2326 ὀργῇ
1140 2274 1278 2326 μου,
1305 2259 1356 2310 el
1379 2255 1646 2309 είσελεὺο

1755 2249 1812 2296 ιιι
1837 2241 1966 2296 olim
1989 2251 2236 2314 tempore
2264 2238 2486 2310 Moysis,
2514 2238 2594 2292 sic
2616 2237 2810 2292 iterum
2832 2234 3044 2290 Domini
3073 2243 3316 2304 tempore

67 2369 289 2406 σονται
320 2353 408 2417 είς
439 2350 553 2418 τὴν
581 2325 962 2404 πατάπαυσίν
1177 2348 1238 2399 El
1273 2346 1380 2417 γὰρ
1420 2344 1647 2414 ἀψευδὲς

1755 2336 1962 2391 videtur
1988 2333 2203 2389 Iudaeos
2234 2332 2396 2389 corde
2424 2345 2661 2396 errasse,
2694 2329 2922 2398 ideoque
2953 2325 3316 2398 promissione

72 2444 337 2514 τυγχάνει
367 2411 428 2496 τὸ
457 2411 596 2496 θεῖον
629 2442 818 2513 στόμα,
848 2441 974 2514 ὅρον
990 2411 1047 2492 τε
1082 2411 1370 2510 ἐξήνεγκεν
1393 2411 1486 2491 καί
1511 2437 1647 2491 ἀπε-

1755 2430 1842 2485 illa
1869 2428 2160 2483 frustratos
2181 2442 2326 2484 esse.
2346 2424 2687 2494 QuaprOpter
2705 2428 2827 2492 post
2854 2411 2998 2473 hunc
3025 2419 3318 2489 psalmum,

66 2507 300 2606 φήνατο,
329 2537 409 2589 ὄτι
450 2536 534 2588 ἀεὶ
590 2507 930 2598 πλανῶνται,
971 2533 1118 2604 ὅρκῳ
1157 2507 1214 2584 τε
1263 2529 1554 2583 ἐϐεϐαίωσε
1591 2526 1647 2581 τὸ

1755 2523 1845 2594 qui
1895 2521 2140 2592 sequitur
2174 2535 2365 2574 onmes
2407 2525 2597 2589 gentes
2653 2513 2719 2568 ad
2761 2511 3177 2583 promissionem
3221 2507 3316 2563 Dei

64 2627 139 2699 μὴ
174 2627 438 2681 εἰσελθεῖν
468 2627 662 2690 αὐτοὺς
696 2628 774 2691 είς
810 2624 906 2698 τὴν
939 2625 1278 2678 κατάπαυσιν
1318 2620 1482 2676 αὐτοῦ
1503 2637 1516 2650 ·
1559 2637 1647 2672 σα-

1755 2622 1933 2678 vocat,
1964 2628 2028 2668 ac
2057 2611 2101 2667 si
2131 2612 2281 2682 prior
2316 2609 2405 2664 ille
2435 2606 2667 2678 populus
2690 2618 2800 2656 non
2836 2597 3242 2670 obtemperarit.

200 2720 270 2772 τὸ
305 2721 493 2790 μέλλον
519 2687 820 2773 ἐθέσπισεν.
855 2687 1015 2772 ’ἶΟθεν
1049 2718 1325 2788 φαίνονται
1355 2715 1542 2787 ὥσπερ
1577 2713 1636 2767 τὸ
1661 2712 1874 2784 πρῶτον
1913 2709 2003 2762 ἐπὶ
2024 2704 2490 2769 Μωῦσέως,ηοῦτω
2541 2700 2636 2754 καὶ
2679 2697 2738 2751 τὺ
2794 2695 3040 2766 δεύτερον
3081 2695 3172 2746 ἐπὶ
3221 2687 3317 2746 τοῦ

60 2782 275 2882 Κυρίου
305 2782 674 2882 ’πλανηθέντες
708 2813 772 2881 τῇ
810 2809 1026 2880 καρδία,
1061 2782 1164 2861 ’καὶ
1205 2808 1294 2861 διὰ
1339 2782 1636 2874 τοῦτο-τῆς
1669 2782 2000 2871 ἐπαγγελίας
2044 2796 2416 2868 στερηθέντες.
2454 2791 2652 2861 Διόπερ
2702 2787 3006 2849 ἀκολούθως
3059 2782 3194 2882 μετά
3226 2782 3316 2835 τὸν

61 2873 314 2977 παρόντα
336 2873 547 2974 ψαλμὸν
573 2906 600 2956 ὁ
621 2873 945 2973 ἑξῆς-’πάντα
980 2873 1049 2954 τὰ
1076 2899 1202 2971 ἔθνη
1237 2901 1316 2963 είς
1335 2899 1434 2970 τὴν
1464 2873 1796 2964 ἐπαγγελίαν
1824 2891 1918 2946 τοῦ
1953 2891 2087 2944 Θεοῦ
2111 2889 2287 2952 καλεῖ,
2331 2885 2406 2947 ὡς
2458 2883 2524 2937 ἂν
2571 2879 2667 2934 τοῦ
2731 2879 2993 2949 προτέρου
3037 2873 3167 2928 λαοῦ
3241 2874 3316 2944 μὴ

62 2995 504 3058 ὑπακούσαντος.

57 3112 200 3181 (UH
262 3109 350 3181 T9
375 3180 383 3181 ,
403 3109 602 3181 ΑΑΥἏ
623 3148 643 3181 νγ
663 3107 856 3181 PT?“
870 3112 917 3181 0.
938 3103 1254 3181 ,οιξςρεηῼ

336 3180 525 3232 ΜΕΤΑ
563 3179 702 3230 ΤΗΝ
744 3174 1240 3230 ΑΙΧΜΑΛΩΣΙΑΝᾲ
1275 3174 1391 3240 ιιεο.

132 3358 370 3427 ’ᾼσατε
406 3354 485 3420 τῷ
525 3354 716 3424 Κυρίῳ
747 3345 910 3422 ᾆσμα
942 3350 1171 3405 καινόν·
1207 3348 1394 3417 ᾅσατε
1425 3345 1504 3411 τῷ
1535 3346 1649 3399 Κυ-

48 3448 188 3515 ρίῳ,
227 3445 401 3500 πᾶσα
428 3447 465 3514 ἡ
492 3444 589 3514 γῆ.
630 3447 852 3514 ’ᾼσατε
887 3441 968 3508 τῷ
1012 3442 1226 3510 Κυρίῳ,
1275 3437 1650 3508 εὐλογήσατε

52 3539 125 3591 τὸ
165 3539 364 3606 ὄνομα
394 3537 597 3590 αὐτοῦ.
641 3537 820 3607 Φήσας
860 3537 888 3588 ὁ
917 3535 1071 3603 λόγος
1106 3536 1163 3586 ἐν
1204 3532 1282 3603 τῷ
1311 3531 1418 3602 πρὸ
1459 3528 1649 3582 τούτου

53 3627 274 3700 ψαλμῷ
303 3626 540 3698 περὶτοῦ
583 3628 849 3681 Ἰουδαίων
875 3626 1003 3680 λαοῦ
1033 3625 1112 3690 τὸ,
1161 3625 1266 3678 Ἀεὶ
1307 3621 1650 3676 πλανῶνται

55 3719 137 3787 τῇ
170 3719 414 3788 καρδία
442 3718 638 3780 καὶτὸ,
682 3718 776 3782 Ὡς
809 3716 1011 3786 ὤμοσα
1043 3714 1112 3766 ἐν
1134 3711 1207 3780 τῇ
1239 3708 1385 3780 ὀργῇ
1425 3727 1565 3778 μου,
1599 3709 1652 3760 εὶ

53 3811 528 3864 εἰσελεύσονται
573 3812 660 3875 εις
699 3807 812 3874 τὴν
859 3804 1239 3858 κατάπαυσίν
1278 3817 1416 3868 μοιν
1466 3798 1650 3869 ἐπειδὴ

56 3903 329 3975 πρώτους
350 3901 545 3964 αὐτοὺς
572 3901 664 3952 ἐπὶ
716 3898 814 3969 τὴν
842 3898 983 3951 κατά
1011 3895 1142 3950 Θεὸν
1170 3892 1489 3962 ἀγαλλίασιν
1513 3906 1652 3960 προ-

53 3993 449 4064 καλεσάμενος
499 3991 740 4054 ἀπειθεῖς
796 3985 985 4061 εὗρεν,
1048 3987 1142 4040 ἐπὶ
1186 3985 1283 4057 τὴν
1331 3983 1439 4036 τῶν
1482 3980 1652 4034 ἐθνῶν

52 4085 274 4156 κλῆσιν
307 4083 635 4155 μεταϐαίνει·
673 4081 982 4152 προσφωνεί
1011 4075 1256 4130 δὲταῦτα
1280 4075 1389 4136 τοῖς
1417 4071 1650 4126 ἀποστό·

49 4179 180 4242 λοις
210 4177 306 4231 καὶ
340 4176 608 4248 μαθηταῖς
633 4175 727 4240 τοῦ
758 4173 1030 4244 Σωτῆρος,
1065 4170 1201 4240 ὅπερ
1229 4166 1384 4238 δῆλόν
1405 4166 1521 4218 ἐστι
1542 4162 1651 4216 ἀπὸ

46 4270 188 4336 τοῦ,
226 4265 692 4337 Εὑαγγελίζεσθε
723 4262 950 4334 ἡμέραν
981 4253 1050 4324 ἐξ
1087 4258 1312 4328 ἡμέρας
1348 4255 1414 4309 τὸ
1456 4251 1652 4318 σωτή-

40 4378 206 4432 ριον
233 4358 440 4423 αὑτοῦ,
472 4358 600 4428 ἑξῆς
643 4354 951 4428 εἰρημένου,
982 4351 1095 4414 καὶ,
1151 4346 1556 4417 Ἀναγ-τείλατε
1583 4343 1653 4396 ἐν

48 4454 201 4521 τοῖς
237 4455 439 4509 ἔθνεσι
466 4449 580 4518 τὴν
600 4448 787 4514 δόξαν
813 4443 1018 4508 αὐτοῦ,
1052 4443 1120 4496 ἐν
1155 4439 1302 4494 πᾶσι
1334 4438 1454 4504 τοῖς
1481 4434 1652 4500 λαοῖς
1686 4458 1726 4512 D

49 4546 138 4600 τὰ
158 4542 472 4614 θαυμάσια
497 4539 700 4595 αὐτοῦ’
721 4538 842 4591 ἐπεὶ
869 4536 942 4608 μὴ
973 4537 1036 4588 δι’
1067 4534 1240 4588 ἄλλων
1257 4529 1392 4602 ἢδιά
1423 4528 1530 4582 τῶν
1553 4525 1647 4580 τοῦ

47 4638 333 4709 Σωτῆρος
357 4633 513 4706 ἡμῶν
535 4631 844 4686 ἀποστόλων
861 4633 941 4692 εἰς
971 4627 1129 4699 ἔργον
1159 4621 1649 4696 προκεχωρήκασιν

50 4732 107 4782 οἱ
139 4728 326 4795 λόγοι.
351 4725 573 4778 Δι’όκαὶ
601 4723 781 4794 μόνοις
815 4718 1039 4792 ἁρμόζει
1065 4715 1134 4770 τὰ
1159 4713 1492 4786 προκείμενα
1515 4727 1651 4782 προ-

47 4817 410 4889 σφωνεῖσθαι
423 4815 509 4869 διὰ
519 4815 615 4887 τὴν
629 4812 834 4884 Καινὴν
846 4809 1118 4881 Διαθήκην
1132 4805 1293 4860 καὶτὸ
1304 4803 1488 4858 καινὸν
1501 4797 1653 4873 ᾆσμα

44 4915 125 4966 τὸ
148 4907 531 4978 εὐαγγελικδν,
548 4906 610 4960 τὸ
626 4907 756 4958 πᾶσι
773 4905 883 4966 τοῖς
898 4899 1154 4954 ἐθνεσιδι⁹
1192 4896 1369 4950 αὐτῶν
1415 4910 1654 4964 κεκηρυ-

43 5005 302 5076 γμένον.
340 4993 498 5054 Οὗτοι
537 4997 601 5068 δὴ
631 4992 721 5049 οὖν
745 4993 1164 5065 προστάττονται
1196 4987 1339 5060 ᾅδειν
1365 4985 1442 5054 τῷ
1467 4981 1656 5052 Κυρίῳ

48 5071 237 5170 ᾆσμα
263 5092 447 5146 καινὸν
480 5091 536 5142 ἐν
565 5087 711 5158 πάσῃ
740 5088 806 5155 τῇ
833 5085 926 5154 γῇ·
960 5083 1096 5150 ὅπερ
1124 5079 1218 5133 καὶ
1247 5078 1426 5148 ἔργοις
1446 5071 1655 5170 πεπλῆ-

51 5163 350 5260 ρώνκασιν,
383 5184 472 5236 ὅτε
496 5182 582 5245 εὶς
613 5176 819 5232 πᾶσαν
843 5172 957 5241 τὴν
988 5170 1104 5241 γῆν
1133 5167 1390 5236 ἐξῆλθεν
1422 5167 1454 5218 ό
1481 5163 1658 5260 φθόγῗ

50 5252 193 5346 ῖΓος
226 5272 446 5336 αὐτῶν,
467 5270 567 5324 καὶ
590 5272 677 5334 είς
705 5267 774 5321 τὰ
797 5263 1020 5333 πέρατα
1049 5260 1159 5330 τῆς
1202 5255 1557 5326 οἰκουμένης
1582 5252 1656 5346 ad

38 5343 323 5438 ῥήματα
349 5361 564 5416 αὐτῶν.
598 5356 706 5412 Ἤν
733 5358 789 5411 δὲ
820 5356 880 5409 τὸ
909 5351 1058 5426 ᾆσμα
1089 5353 1148 5404 τὸ
1175 5349 1380 5410 καινὸν,
1402 5346 1463 5399 τὸ
1494 5343 1660 5413 σωτήο

57 5435 207 5531 ριον
232 5451 577 5522 Εὑαγγέλιον,
609 5450 669 5503 οὐ
689 5448 758 5502 τὰ
790 5445 940 5517 παρὰ
965 5443 1187 5498 Μωῦσεῖ
1214 5436 1418 5491 παλαιὰ
1455 5435 1658 5501 νόμιμα

51 5527 367 5622 ⁸περιέχον,
394 5544 529 5600 ἀλλά
564 5543 630 5598 τά
659 5542 752 5596 τοῦ
792 5535 1024 5612 Χριστοῦ
1061 5536 1224 5588 πᾶσιν
1255 5529 1507 5609 ’Ἓλλησιν
1558 5527 1658 5597 ἁρ-

151 5705 214 5766 ,"
259 5702 406 5759 Psal.
446 5713 607 5764 mn,
646 5695 697 5751 5.

1255 3101 1647 3157 KOAOMEITO

1755 3098 1808 3152 ι.
1880 3069 3050 3162 CANT‘QUNQ.--‘€§L2‘§‘I'PngN‘m.
3083 3065 3319 3162 [αλιυδ

1790 3138 2215 3221 suumn
2233 3151 2324 3210 un
2345 3138 2528 3206 POST
2547 3139 3073 3204 caprthruu.
3100 3138 3258 3192 xcv.

1822 3323 1986 3378 Vens.
2013 3320 2069 3374 ‘2.
2111 3317 2336 3374 Cantate
2372 3310 2595 3365 Domino
2634 3306 2900 3360 canticum
2934 3313 3144 3361 nouum,
3189 3313 3320 3348 can-

1751 3426 1855 3472 tate
1891 3413 2134 3472 Domino,
2167 3407 2336 3462 omnis
2380 3413 2539 3458 terra.
2574 3400 2799 3454 Cantate
2821 3395 3068 3454 Domino,
3110 3388 3321 3444 benedio

1747 3510 1851 3563 cite
1879 3503 2077 3559 nomini
2104 3500 2239 3571 ejus.
2269 3497 2404 3552 Cum
2439 3494 2495 3547 in
2526 3486 2851 3561 praecedenti
2893 3485 3102 3555 psalmo
3131 3481 3198 3534 de
3229 3479 3323 3533 Ju-

1750 3600 1908 3656 daico
1941 3594 2141 3668 populo
2175 3592 2380 3645 dictum
2418 3586 2632 3644 fuisset,
2655 3581 2868 3648 Semper
2906 3583 3087 3630 errant
3122 3572 3312 3630 corde,

1750 3701 1826 3752 et,
1855 3662 2203 3754 Sicut—“iuravi
2231 3681 2284 3732 in
2322 3679 2403 3730 ira
2437 3691 2574 3738 nica,
2600 3673 2644 3725 si
2675 3666 2966 3723 imroibunt
3002 3666 3056 3717 in
3087 3662 3315 3730 requiem

1752 3796 1922 3836 meam
1947 3791 1965 3830 :
1989 3751 2121 3846 quia
2161 3773 2283 3825 illos
2315 3769 2549 3838 primum
2577 3765 2643 3816 ad
2672 3776 2792 3816 eam
2822 3755 3122 3812 secundum
3149 3751 3319 3806 Deum

1750 3844 2171 3928 exsultationem
2222 3863 2516 3921 advocans,
2565 3852 2941 3921 immorigeros
2998 3844 3317 3905 invenisset,

1753 3965 1820 4018 ad
1844 3962 2180 4017 vocationem
2204 3953 2448 4026 gentium
2471 3945 2688 4002 transit.
2722 3943 2816 3997 His
2837 3953 2998 4011 porro
3038 3939 3317 4006 apostolus

1752 4062 1807 4110 et
1855 4049 2215 4120 evangelistas
2253 4040 2552 4098 Salvatoris
2589 4034 2895 4106 compellat,
2932 4039 2990 4084 ut
3019 4030 3196 4099 palam
3231 4034 3318 4080 est

1753 4159 1816 4199 ex
1852 4116 2054 4202 verbis,
2087 4134 2411 4191 Aunumiate
2446 4137 2509 4183 de
2544 4127 2630 4181 die
2653 4131 2706 4179 in
2741 4124 2878 4177 diem
2909 4120 3144 4175 salutare
3177 4116 3318 4185 ejus,

1754 4249 1875 4307 quae
1902 4232 2160 4299 deinceps
2189 4235 2513 4296 sequuntur,
2553 4228 2608 4274 et
2638 4234 2702 4274 ex
2735 4216 2843 4279 bis,
2887 4211 3210 4266 Annuntiate
3243 4209 3324 4261 in-

1755 4301 1831 4382 ter
1855 4333 2026 4397 gentes
2049 4321 2272 4393 gloriam
2307 4316 2442 4387 ejus,
2476 4314 2528 4367 in
2551 4310 2789 4366 omnibus
2817 4305 3021 4378 populis
3051 4301 3321 4397 mirabilia

1754 4390 1876 4488 ejus
1892 4432 1910 4470 :
1943 4390 2066 4468 noni
2101 4411 2329 4464 aliorum
2373 4405 2540 4469 enim,
2577 4415 2738 4473 quam
2799 4394 3095 4452 Salvator-is
3143 4390 3319 4444 nostri

1757 4481 2126 4579 apostolorum
2162 4515 2349 4570 opera,
2397 4497 2449 4550 hi
2499 4505 2777 4550 sermones
2824 4487 2889 4541 ad
2940 4500 3053 4540 rem
3100 4481 3320 4536 deducti

1758 4573 1905 4655 sunt.
1935 4597 2115 4662 Quare
2139 4592 2209 4646 ob
2234 4589 2442 4644 Novum
2481 4584 2907 4643 Testamentum,
2953 4583 3008 4629 et
3040 4573 3113 4628 ob
3156 4586 3323 4626 evan-

1757 4691 1987 4761 gelicum
2019 4698 2216 4740 novum
2257 4680 2550 4739 canticum,
2592 4688 2686 4745 per
2717 4673 2864 4741 ipsos
2894 4665 3149 4721 omnibus
3198 4677 3324 4732 gen-

1763 4757 1910 4840 tibus
1939 4778 2318 4850 prmdieatum,
2352 4774 2501 4844 ipsos
2530 4769 2678 4823 solos
2713 4765 2794 4818 sic
2825 4757 3154 4826 compellare
3184 4769 3322 4807 con-

1761 4847 2033 4927 veniebat.
2074 4866 2138 4920 lii
2169 4867 2353 4934 itaque
2380 4861 2643 4931 jubentur
2681 4861 2905 4909 cantare
2936 4847 3164 4902 Domino
3193 4859 3318 4898 can-

1761 4969 1931 5022 ticum
1964 4976 2164 5018 novum
2199 4958 2255 5012 in
2297 4956 2549 5010 universa
2579 4959 2723 5002 terra
2750 4963 2763 4998 :
2789 4940 2934 5012 quod
2968 4937 3134 4993 etiam
3161 4947 3328 5003 opere

1761 5058 2130 5130 perfecerunt,
2158 5047 2377 5120 quando
2424 5044 2479 5096 in
2517 5053 2718 5094 omnem
2747 5046 2942 5088 terram
2979 5028 3138 5084 exivit
3167 5041 3326 5080 sonus

1761 5119 1964 5213 eorum,
1992 5147 2120 5202 etin
2144 5147 2272 5215 ﬁnes
2298 5139 2438 5194 orbis
2468 5146 2619 5189 term
2683 5129 2837 5184 verba
2872 5141 3050 5180 eorum
3072 5122 3142 5175 ".
3200 5119 3329 5172 Erat

1762 5258 1927 5316 porro
1951 5211 2233 5294 canticum
2266 5230 2397 5288 illud
2433 5241 2652 5287 norum,
2677 5222 2919 5278 salutare
2955 5211 3328 5316 Evangelimn,

1765 5299 1908 5406 quod
1954 5346 2064 5387 non
2098 5339 2278 5383 vetera
2330 5323 2421 5376 illa
2476 5316 2677 5386 loysis
2708 5310 2898 5380 legalia
2940 5299 3331 5406 cpmplecteba-

1765 5395 1877 5491 tur,
1923 5421 2018 5478 sed
2077 5416 2280 5474 Christi
2328 5418 2597 5483 praecepta
2648 5403 2904 5459 omnibus
2958 5395 3163 5450 Graecis
3206 5403 3331 5442 con-

1765 5485 2043 5592 gruentia:
2066 5511 2157 5566 illa
2184 5509 2383 5581 quippe
2411 5501 2647 5561 Mosaica
2673 5513 2783 5554 ncn
2814 5485 3127 5565 hujusmodi
3149 5489 3328 5539 eram.
