3830 6288
149 299 302 357 1291

1281 302 1780 358 (ΣΟΜΜΕΝΤΜΠΑ
1808 303 1871 359 ιΝ
1909 303 2246 361 PSALMOS.

3217 309 3222 318 ’
3271 314 3410 369 1222

151 415 312 469 λῶν-ί
333 430 482 484 μου·
521 407 601 478 οἷς
635 413 908 484 ἐπιλέγειο
952 419 1011 471 Ti
1049 417 1280 488 ποιήσω
1306 416 1382 482 τῷ
1427 416 1721 486 ἀμπελῶνι

1838 418 1890 470 in
1937 420 2426 474 conculcationem:
2467 431 2516 476 et
2564 422 2854 492 relinquam
2909 423 3109 476 vincant
3153 427 3410 490 meam”,

137 522 299 572 μου,
332 503 421 558 ὅτι
451 506 655 574 ἔμεινα
691 507 795 560 τοῦ
825 507 1069 575 ποιῆσαι
1114 508 1458 578 σταφυλὴν,
1492 508 1737 574 ἐποίησε

141 593 230 648 -δὲ
275 593 574 660 ἀκάνθας;
628 597 868 652 Καθελῶ
908 599 1012 651 τὸν
1057 601 1327 669 φραγμὸν
1377 599 1595 662 αὐτοῦ,
1639 599 1739 652 καὶ

144 685 332 741 ἔσται
384 689 470 752 εἰς
511 686 878 757 διαρπαγήν-ο
918 690 1016 742 καὶ
1075 691 1307 744 καθελῶ
1359 691 1466 742 τὸν
1511 691 1739 759 πύργον

149 778 375 841 αὐτοῦ,
413 779 512 832 καὶ
560 779 731 834 ἔσται
775 783 862 846 εἰς
926 781 1344 850 καταπάτημω
1377 782 1474 834 καὶ
1532 781 1738 848 ἀνήσω

150 869 266 921 τὸν
323 869 648 937 ἀμπελῶνα
711 889 863 939 μου,
919 871 1014 924 καὶ
1065 871 1134 924 τὰ
1182 872 1451 926 ἀκόλουθα
1507 873 1734 935 τούτοις,

149 960 402 1030 Θρήνους
451 962 508 1014 δὲ
539 963 633 1015 καὶ
681 964 949 1035 Ἱερεμίας
1007 960 1100 1037 ᾖδε
1140 965 1278 1019 κατὰ
1319 965 1414 1018 τοῦ
1470 965 1736 1018 Ἰουδαίων

85 1034 97 1082 l
132 1049 290 1104 -λαοῦ
315 1069 328 1082 ο
363 1052 455 1104 καὶ
479 1053 528 1104 οἱ
555 1053 734 1107 λοιποὶ
758 1034 823 1106 δὲ
850 1034 1050 1124 ὁμοίως
1084 1055 1380 1127 προφῆται,
1413 1054 1510 1124 τὴν
1531 1054 1736 1107 πτῶσιν

146 1140 342 1194 αὐτῶν
379 1144 874 1216 ἀπολοφυρόμενοι.
908 1147 1047 1218 ᾠδὰς
1074 1148 1254 1210 αὐτοῖς
1292 1144 1416 1218 ᾖδον
1463 1146 1736 1218 καταλλή-

147 1235 302 1299 λους.
333 1236 404 1288 Τὸ
429 1237 484 1289 δὲ
514 1241 626 1302 τοῖς
649 1238 854 1292 ἔθνεσιν
878 1239 1360 1311 εὐαγγελιζόμενον
1383 1236 1534 1312 ᾆσμα
1553 1241 1735 1294 καινὸν

145 1329 257 1381 οὐκ
289 1325 356 1400 ἦν
399 1330 628 1389 ἐκείνοις
658 1332 863 1401 ὅμοιον,
901 1332 1100 1385 καινῶν
1129 1333 1184 1384 δὲ
1216 1333 1308 1386 καὶ
1350 1333 1484 1385 νέων
1516 1333 1735 1401 ἀγαθῶν

140 1421 487 1490 ἐπαγγελίας
515 1423 788 1492 περιέχον,
826 1424 920 1476 καὶ
952 1426 1011 1477 οὐ
1040 1424 1118 1494 τῷ
1153 1425 1421 1478 Ἰουδαίων
1443 1424 1576 1494 λαῷ,
1601 1425 1736 1478 ἀλλὰ

147 1514 306 1585 πάσῃ
330 1517 393 1584 τῇ
429 1517 496 1586 γῇ
536 1517 1068 1587 προσπεφωνημένα.
1097 1518 1309 1588 Σφόδρα
1345 1518 1401 1570 δὲ
1430 1517 1670 1588 ἀκριϐῶς
1700 1521 1732 1590 η

143 1607 452 1677 προγραφὴ
500 1608 561 1661 τὸ
594 1609 780 1661 καινὸν
822 1606 973 1680 ᾇσμά
1017 1627 1149 1680 φησι
1183 1611 1732 1681 εὐαγγελισθήσεσθαι

144 1699 286 1749 πᾶσι
321 1701 430 1762 τοῖς
473 1698 700 1762 ἔθνεσιν,
733 1700 871 1754 ’Ὅτε
901 1704 934 1755 ό
983 1697 1149 1767 οἶκος
1180 1702 1534 1772 ᾠκοδομεῖτο
1584 1701 1734 1771 μετὰ

131 1788 264 1854 μὲν
300 1791 731 1857 αἰχμαλωσίαν.
767 1793 876 1846 Καὶ
926 1792 1097 1856 ἄλλως
1125 1793 1231 1865 γὰρ
1272 1794 1418 1864 μετὰ
1451 1794 1548 1864 τὴν
1596 1795 1726 1846 Ἰου-

137 1879 315 1933 δαίων
339 1883 710 1952 αἰχμαλωσίαν
745 1884 839 1938 καὶ
875 1885 1011 1954 μετὰ
1035 1885 1132 1956 τὴν
1167 1886 1482 1939 ἀπόπτωσιν
1523 1885 1725 1950 αὐτῶν,

136 1971 245 2023 καὶ
268 1972 366 2042 τὴν
395 1971 723 2026 ἐπελθοῦσαν
755 1974 933 2034 αὐτοῖς
965 1975 1029 2028 ἐκ
1079 1975 1212 2026 Θεοῦ
1258 1973 1444 2046 ὀργὴν,
1486 1975 1552 2046 ἢν
1605 1974 1725 2027 ἐθέ-

137 2077 342 2112 σπισεν
369 2063 396 2114 ὁ
429 2062 536 2132 πρὸ
565 2062 754 2115 τούτου
785 2062 996 2134 eum;
1028 2062 1216 2126 εἰπὼν,
1255 2064 1357 2116 Ἀεὶ
1383 2063 1723 2116 πλανῶνται

136 2151 225 2220 τῇ
253 2151 483 2221 καρδίᾳ.
508 2153 688 2207 Αὐτοὶ
717 2153 784 2205 δὲ
817 2157 925 2208 οὐκ
947 2156 1223 2224 ἔγνωσαν
1250 2155 1354 2220 τὰς
1380 2154 1553 2219 ὁδούς
1579 2173 1720 2223 μου,

133 2244 230 2308 ὡς
245 2243 451 2313 ὤμοσα
465 2244 535 2297 ἐν
551 2243 624 2313 τῇ
641 2240 788 2314 ὀργῆ
804 2265 938 2310 μου,
961 2249 1011 2299 εὶ
1031 2247 1482 2300 εἰσελεύσονται
1499 2249 1584 2311 εὶς
1615 2245 1728 2313 τὴιι1⁵

131 2335 531 2390 κατάπαυσίν
555 2356 673 2407 μου
694 2377 707 2401 ,
750 2339 798 2390 οἱ
833 2340 1009 2391 πᾶσαν
1038 2338 1136 2410 τὴν
1183 2338 1285 2408 γῆν
1331 2337 1603 2402 οἰκοῦντες
1631 2339 1725 2392 ἄν-

136 2426 353 2497 θρωποι
382 2427 646 2500 βάρϐαροί
677 2447 733 2481 τε
765 2430 858 2482 καὶ
886 2429 1166 2501 Ἕλληνες,
1199 2429 1436 2499 ὁπηνίκα
1472 2429 1600 2499 παρ’
1629 2430 1724 2482 αὐ-

1841 517 1896 564 et
1949 519 2168 566 caetera.
2215 510 2481 566 Jeremias
2531 514 2660 568 item
2710 515 3123 570 lamentationes
3180 517 3412 570 canebat

1841 611 2034 656 contra
2053 601 2340 658 Iudaicum
2363 605 2618 675 populum
2642 625 2653 658 :
2678 607 2868 675 reliqui
2889 609 3095 676 pariter
3108 607 3406 677 prophetae.

1840 695 2055 749 ruinam
2099 710 2287 750 eorum
2332 695 2699 766 deplorantes,
2729 697 3082 767 congruentia
3113 698 3240 752 item
3278 713 3411 752 can-

1839 785 1946 838 tica
1976 786 2233 841 edebant.
2267 785 2477 841 Novum
2509 795 2693 841 autem
2727 787 2982 856 gentibus
3021 788 3410 843 annuntiatum

1840 875 2114 931 canticum
2146 877 2254 933 illis
2284 878 2462 932 simile
2485 893 2591 932 non
2621 885 2777 945 erat;
2809 877 2903 932 sed
2933 893 3198 932 novorum
3231 893 3294 932 ac
3326 894 3410 933 re-

1840 969 2081 1022 centium
2118 970 2386 1023 bonorum
2427 969 2697 1039 promissa
2750 971 3249 1038 complectebatur,
3296 986 3406 1026 non

1836 1058 2148 1114 Judaeorum
2181 1061 2402 1130 populo,
2435 1060 2532 1114 sed
2563 1060 2708 1114 omni
2745 1067 2904 1115 terra:
2931 1047 3408 1117 annuntiata.’Ac—-

1839 1152 2185 1207 curatissime
2228 1163 2406 1206 autem
2453 1151 2642 1206 titulus
2679 1151 2904 1214 iudicat,
2950 1161 3080 1205 tunc
3129 1153 3403 1207 canticum

1837 1257 2037 1295 novum
2071 1241 2320 1312 gentibus
2352 1242 2785 1296 aununtiandum
2809 1257 2950 1306 esse,
2979 1243 3190 1312 quando
3215 1243 3403 1298 domus

1837 1332 2231 1402 a'diﬁcabatur,
2255 1343 2370 1401 post
2395 1335 2770 1401 captivitatem.
2807 1333 2872 1386 Et
2897 1335 3138 1405 alioquin
3166 1345 3286 1404 post
3305 1335 3405 1388 Ju-

1837 1423 2076 1477 daeorum
2102 1425 2474 1493 captivitatem
2505 1440 2568 1478 ac
2594 1436 2714 1493 post
2739 1424 2950 1477 ruinam
2974 1441 3161 1479 eorum
3185 1433 3239 1481 ct
3269 1425 3404 1479 iram

1836 1511 1931 1567 Dei
1973 1511 2275 1566 immissum
2321 1514 2475 1582 ipsis,
2513 1530 2676 1581 quam
2716 1515 3044 1568 vaticinatus
3077 1521 3161 1570 est
3203 1531 3405 1584 prazce-

1836 1606 1972 1658 dens
1998 1605 2240 1674 psalmus
2266 1605 2473 1668 dicens,
2502 1604 2714 1672 Semper
2735 1617 2914 1659 errant
2943 1607 3116 1660 corde.
3147 1608 3258 1674 Ipsi
3288 1625 3404 1662 vero

1836 1711 1939 1749 non
1968 1704 2315 1765 cognoverunt
2345 1697 2458 1749 vias
2487 1712 2651 1758 meas,
2686 1698 2821 1750 sicut
2855 1697 3036 1765 juravi
3061 1697 3113 1750 in
3145 1699 3227 1751 ira
3265 1717 3400 1764 mea,

1763 1773 1805 1828 Β
1835 1788 1881 1841 si
1909 1785 2198 1840 introibant
2235 1787 2290 1839 in
2320 1786 2548 1856 requiem
2579 1803 2768 1848 meam,
2799 1803 2989 1842 omnes
3034 1787 3282 1843 homines
3312 1805 3402 1842 0r-

1833 1880 1951 1934 bem
1978 1879 2300 1941 incolentes,
2327 1893 2449 1932 cum
2485 1877 2720 1939 barbari,
2752 1886 2862 1930 tum
2887 1877 3080 1943 Graeci,
3102 1893 3224 1932 cum
3258 1879 3398 1947 apud

1831 1988 1926 2027 eos
1953 1972 2150 2028 domus
2205 1972 2322 2038 Dei,
2361 1973 2571 2026 scilicet
2606 1970 2848 2025 Ecclesia
2880 1971 3000 2040 ejus
3043 1973 3401 2028 constituere-

1831 2073 1940 2127 tur,
1975 2063 2225 2132 deposito
2261 2078 2327 2117 co
2363 2063 2504 2132 quod
2536 2062 2589 2115 in
2634 2062 2963 2116 diabolicum
3007 2063 3242 2132 plurium
3273 2063 3404 2116 deo-

1831 2170 1954 2208 rum
1993 2155 2200 2208 cultum
2240 2154 2400 2209 cdere
2445 2154 2714 2218 solebant,
2746 2169 2945 2207 novum
2997 2155 3267 2208 canticum
3311 2170 3401 2209 ca-

1834 2260 1968 2300 nere
1994 2245 2172 2299 edocti
2206 2253 2352 2299 sunt.
2387 2244 2465 2298 Ex
2511 2245 2603 2297 illo
2629 2260 2862 2315 namque
2894 2252 3136 2314 tempore
3161 2247 3402 2301 salutare

1835 2336 1926 2392 Dei
1963 2337 2098 2407 ipsis
2126 2338 2475 2400 annuntiant,
2509 2353 2634 2390 cum
2671 2352 2766 2406 per
2797 2347 2968 2391 totum
3000 2338 3186 2392 orbem
3214 2354 3402 2392 sacro~

1830 2446 1950 2484 rum
1987 2430 2401 2500 Evangeliorum
2433 2429 2757 2484 lectionibus
2781 2437 3028 2487 utuntur.

132 2518 459 2586 τοῖςὸοἷκος
491 2523 585 2576 τοῦ
615 2523 749 2578 θεοῦ
787 2525 1036 2594 συνέστη,
1071 2525 1270 2596 δηλαδὴ
1302 2527 1335 2596 ή
1376 2525 1672 2597 Ἐκκλησία
1694 2525 1880 2591 αὐτοῦ,
1911 2527 1974 2578 τὸ
1997 2532 2182 2579 καινὸν
2211 2521 2361 2596 ᾆσμα
2380 2525 2527 2596 ᾄδειν
2553 2524 2928 2596 ἐδιδάχθησαν,
2950 2524 3010 2577 τὸ
3034 2542 3131 2595 της
3187 2543 3398 2596 αιμονι-

136 2617 251 2683 κῆς
279 2616 370 2666 καὶ
399 2614 662 2668 πολυθέου
696 2614 904 2686 πλάνης
937 2616 1284 2687 ἀποθέμενοι.
1305 2615 1392 2680 Ἐξ
1423 2617 1631 2669 ἐκείνου
1655 2616 1711 2669 δὲ
1741 2617 1836 2669 καὶ
1863 2616 1925 2669 τὸ
1959 2617 2224 2687 σωτήριον
2251 2615 2344 2668 τοῦ
2362 2614 2496 2668 Θεοῦ
2526 2613 2982 2683 εὐαγγελίζονται,
3005 2613 3124 2666 καθ’
3151 2613 3278 2686 ὅλης
3303 2617 3403 2687 τῆς

135 2707 468 2778 οἰκουμένης
497 2710 611 2771 τοῖς
643 2708 749 2760 τῶν
773 2709 932 2778 ἱερῶν
950 2709 1295 2777 Εὐαγγελίων
1319 2707 1708 2778 ἁναγνώσμασι
1739 2709 2029 2781 χρώμενοι.

222 2823 689 2894 Εὐαγγελίζεσθε
717 2825 944 2892 ἡμέραν
978 2825 1046 2890 ἐξ
1080 2825 1304 2895 ἡμέρας
1334 2825 1400 2878 τὸ
1429 2824 1726 2892 σωτήριον

135 2914 367 2968 αίπτοῦ⁴
415 2916 807 2985 ἀναγγείλατε
835 2916 905 2967 ἐν
954 2916 1079 2980 τοῖς
1134 2917 1335 2969 ἔθνεσι
1379 2916 1493 2984 τὴν
1538 2914 1726 2980 δόξαν

1911 2824 2072 2881 Vens.
2102 2826 2156 2881 5.
2185 2825 2509 2879 Amtuntiate
2527 2825 2590 2879 de
2620 2824 2705 2878 die
2741 2825 2793 2878 in
2823 2825 2964 2878 diem
2993 2825 3230 2879 salutare
3261 2826 3398 2895 ejus.

1830 2917 2160 2971 Annuutiate
2191 2919 2246 2971 in
2278 2917 2512 2986 gentibus
2551 2916 2776 2986 gloriam
2801 2915 2936 2984 ejus,
2958 2916 3011 2967 in
3038 2915 3279 2968 omnibus
3306 2930 3402 2984 po-

135 3009 354 3074 αὐτοῦ,
384 3009 453 3061 ἐν
483 3008 633 3063 πᾶσι
670 3008 794 3074 τοῖς
814 3007 985 3074 λαοῖς
1016 3006 1316 3076 θαυμάσια
1363 3008 1568 3062 αὐτοῦ.
1613 3005 1721 3060 Καὶ

1833 3011 1968 3078 puli:
2001 3010 2272 3064 ini-abitio
2298 3009 2432 3078 ejus.
2456 3007 2796 3073 Quibusnam
2819 3007 2934 3060 haec
2959 3007 3176 3075 pracipi
3207 3015 3402 3075 putan-

133 3103 260 3156 τίσι
296 3101 466 3154 ταῦτα
499 3103 764 3173 προσήκει
815 3101 1058 3172 νομίζειν
1083 3101 1508 3170 προστάττεσθαι
1549 3100 1581 3170 ἢ
1617 3103 1726 3163 τοῖς

131 3193 213 3245 δι’
255 3192 430 3263 ἔργων
477 3191 730 3264 ὕστερόν
763 3209 893 3246 ποτε
946 3191 1086 3244 αὐτὰ
1146 3191 1563 3262 πεπληρωκὸσι,
1613 3187 1726 3254 τοῖς

131 3283 343 3356 δηλαδὴ
378 3283 894 3355 εὐαγγελισαμένοις
932 3285 1010 3348 εὶς
1044 3283 1220 3338 πάντα
1258 3283 1327 3336 τὰ
1364 3281 1490 3353 ἔθνη
1520 3283 1582 3336 τὸ
1619 3300 1724 3335 σω-

130 3379 333 3447 τήριον
379 3375 473 3428 τοῦ
529 3374 698 3440 Θεοῦ;
755 3373 977 3438 Τούτοις
1036 3373 1145 3446 γὰρ
1196 3373 1256 3426 τὸ
1308 3372 1446 3426 θεῖον
1504 3372 1725 3443 Πνεῦμα

133 3465 352 3520 ἄνωθεν
393 3468 488 3520 καὶ
553 3466 662 3540 πρὸ
712 3465 908 3518 πολλοῦ
959 3464 1116 3518 τοῦτο
1170 3463 1430 3534 πράττειν
1491 3480 1726 3534 παρεκε-

133 3559 353 3612 λεύετο.
378 3560 502 3622 Τοῖς
534 3560 718 3622 αὐτοῖς
761 3559 816 3611 δὲ
857 3558 949 3610 καὶ
977 3557 1046 3610 τὰ
1095 3555 1218 3627 ἑξῆς
1264 3558 1613 3628 προσφωνεῖ,
1649 3555 1724 3619 ὡς

137 3653 216 3705 ἂν
250 3651 536 3722 μέλλουσιν
584 3650 937 3719 ἀναγγέλλειν
965 3649 1058 3703 τοῦ
1104 3649 1309 3722 Κυρίου
1353 3647 1450 3718 τὴν
1477 3647 1633 3714 δόξαν
1667 3649 1724 3701 ἐν

138 3746 281 3797 πᾶσι
308 3745 418 3806 τοῖς
451 3743 648 3804 ἔθνεσι,
703 3741 953 3812 μέλλουσί
985 3757 1046 3793 τε
1079 3743 1136 3792 ὲν
1168 3741 1299 3792 πᾶσι
1331 3743 1444 3802 τοῖς
1473 3739 1620 3802 λαοῖς
1656 3739 1724 3791 τὰ

129 3838 426 3908 θαυμάσια
457 3835 621 3888 αὐτοῦ
655 3833 970 3905 κηρύττειν.
1007 3831 1161 3894 Τίνες
1185 3828 1274 3884 οὖν
1301 3828 1438 3902 ἦσαν
1471 3834 1518 3884 οἱ
1553 3831 1723 3884 ταῦτα

137 3931 212 3984 δι’
244 3931 419 4001 ἔργων
447 3928 888 3991 ἐπιτελέσαντες;
922 3927 985 3978 Ei
1016 3926 1112 3995 μὲν
1145 3923 1212 3995 ἦν
1246 3923 1463 3995 ἑτέρους
1501 3922 1724 3975 δυνατὸν

137 4020 530 4083 ἐπιδεικνύναι,
553 4020 672 4088 ἦτοι
704 4017 844 4070 κατὰ
873 4016 998 4079 τοὺς
1021 4015 1207 4086 Κύρου
1239 4015 1483 4085 χρόνους,
1519 4013 1551 4084 ἢ
1585 4014 1723 4066 κατὰ

137 4113 364 4183 τούςῌ)
385 4111 606 4183 Δαρείου
638 4109 908 4172 τοιούτους
927 4111 982 4162 αἱ
1013 4109 1370 4179 προκείμεναι
1401 4105 1722 4178 προστάξεις

138 4201 420 4270 γίγνονται
450 4203 561 4262 τοῖς
614 4198 788 4269 Ἰησοῦ
838 4197 1140 4269 μαθηταῖς,
1195 4195 1452 4249 ἀκούουσι
1484 4196 1571 4248 τό·
1603 4199 1718 4249 Ποτ

132 4291 454 4362 ρευθὲντες
480 4292 900 4359 μαθητεύσατε
942 4289 1138 4342 πάντα
1169 4288 1238 4342 τὰ
1267 4287 1431 4355 ἔθνη.
1465 4288 1720 4342 Βούλεται

1769 3096 1795 3135 θ
1828 3102 1958 3156 dum
1991 3109 2096 3166 est,
2128 3101 2235 3156 nisi
2261 3101 2330 3156 iis
2356 3100 2452 3169 qui
2484 3099 2577 3153 diu
2611 3107 2798 3167 postea
2830 3096 2944 3150 haec
2967 3097 3224 3164 operibus
3247 3113 3400 3150 com-

1826 3193 2147 3263 pleverunt;
2194 3190 2262 3247 iis
2307 3189 2560 3246 videlicet
2601 3187 2695 3256 qui
2745 3186 2799 3240 in
2845 3187 3100 3242 omnibus
3145 3186 3399 3256 gentibus

1827 3287 2068 3343 salutare
2114 3283 2210 3340 Dei
2267 3279 2744 3354 praedicaverunt?
2790 3277 2886 3332 llis
2932 3280 3134 3349 quippe
3178 3279 3400 3334 divinus

1828 3371 2066 3442 Spiritus
2115 3369 2327 3440 jamdiu
2365 3375 2420 3422 et
2470 3365 2646 3420 multo
2693 3370 2818 3418 ante
2861 3373 3104 3432 tempore
3153 3361 3204 3415 id
3240 3378 3402 3432 agere

1824 3463 2198 3535 praecipiebat.
2249 3447 2447 3515 lisdem
2480 3471 2699 3526 quoque
2748 3454 3030 3524 sequentia
3085 3452 3396 3515 denuntiat.

1826 3559 2014 3622 utpote
2040 3550 2133 3618 qui
2167 3545 2382 3600 Domini
2408 3543 2640 3614 gloriam
2672 3541 2726 3594 in
2755 3540 3012 3594 omnibus
3041 3540 3316 3608 gentibus,
3345 3545 3400 3592 ct

1825 3645 1881 3700 in
1905 3643 2161 3698 omnibus
2208 3638 2424 3709 populis
2457 3635 2732 3689 mirabilia
2778 3641 2896 3703 ejus
2931 3631 3274 3701 praedicaturi
3305 3646 3398 3684 es-

1824 3742 1964 3792 sent.
1991 3733 2219 3798 Quinam
2245 3729 2567 3798 igitur-sunt
2590 3724 2682 3793 qui
2715 3722 2834 3776 haec
2869 3720 3125 3790 Operibus
3156 3718 3401 3788 ρει-[εσθαι

1823 3825 1988 3883 runt?
2025 3823 2081 3876 Si
2129 3819 2347 3890 quidem
2380 3823 2605 3887 possent
2647 3813 2739 3866 alii
2788 3812 2902 3865 sive
2939 3809 3066 3880 Cyri
3101 3809 3214 3863 sive
3249 3807 3398 3862 Darii

1825 3929 2070 3986 tempore
2112 3909 2366 3974 indicari,
2411 3906 2634 3979 [quibus
2683 3905 2797 3958 haec
2843 3907 3246 3970 competerent;
3275 3900 3398 3957 illos

1822 4001 2108 4074 prephetia
2154 3998 2472 4067 respiceret.
2510 3993 2618 4048 Sed
2651 4007 2778 4046 cum
2812 3990 2946 4044 nulli
2971 3989 3080 4045 sint
3109 3989 3397 4058 huiusmo-

1823 4092 1927 4166 di,]
1957 4093 2070 4146 haec
2106 4094 2378 4160 praecepta
2420 4083 2710 4154 discipulis
2751 4079 2878 4136 Jesu
2933 4079 3262 4143 traduntur,
3303 4080 3396 4150 qui

1820 4188 1938 4240 haec
1968 4183 2198 4237 audiunt
2226 4195 2240 4232 :
2276 4177 2499 4241 Euntes,
2533 4175 2712 4229 docete
2752 4189 2928 4227 omnes
2979 4181 3154 4242 gentes
3176 4172 3242 4224 ⁸ο.
3271 4168 3398 4224 Vult

1821 4280 1967 4336 enim
1999 4274 2264 4346 Spiritus
2303 4279 2528 4328 sanctus
2577 4284 2671 4323 eos
2707 4275 2932 4321 strenua
2970 4274 3022 4319 et
3067 4264 3394 4318 indesinenti

140 4355 254 4457 :ydtp
289 4385 349 4438 τὸ
413 4355 641 4453 Πνεῦμα·
685 4382 745 4434 τὸ
793 4381 944 4449 ἆγιον
1005 4379 1238 4448 συντόνῳ
1285 4378 1376 4430 καὶ
1419 4377 1721 4448 ἁδιαστάτῳ

1833 4386 1994 4443 opera
2034 4366 2414 4437 evangelicum.
2441 4378 2580 4432 opus
2611 4361 2900 4431 perﬁcere;
2932 4371 3054 4410 nam
3090 4355 3143 4408 id
3170 4356 3256 4408 bis
3279 4371 3398 4407 vcr-

143 4478 352 4547 σπουδῇ
384 4475 650 4528 ἐπιτελεῖν
681 4474 874 4536 αὐτοὺς
912 4472 974 4524 τὸ
1024 4468 1378 4537 εὐαγγελικὸν
1427 4468 1616 4539 ἔργον·
1651 4472 1716 4539 τῇ

138 4570 272 4640 γὰρ,
308 4566 497 4636 ’ἡμέρᾳ
534 4566 602 4629 ἐξ
637 4565 894 4634 ἡμέρας,
953 4562 1110 4616 τοῦτο
1145 4559 1473 4630 παρίστησι,
1507 4559 1568 4612 τὸ
1600 4560 1718 4630 διη-

131 4660 316 4723 νεκῶς
352 4659 547 4721 αὐτοὺς
571 4655 1018 4724 εὐαγγελίζεσθαι
1058 4654 1121 4706 τὸ
1156 4655 1444 4724 σωτήριον,
1490 4653 1616 4722 περὶ
1657 4647 1717 4706 οῦ

136 4754 391 4822 εἴρηται·
443 4745 631 4813 Οὗτός
662 4747 833 4801 ἐστιν
876 4742 1113 4810 ἀληθῶς
1147 4747 1178 4796 ό
1225 4741 1428 4810 Σωτὴρ
1469 4741 1576 4794 τοῦ
1621 4741 1718 4793 κό-

135 4859 324 4911 σμου.

225 4932 536 5003 Ἐνέγκατε
567 4930 646 4995 τῷ
695 4929 919 4996 Κυρίῳ,
951 4930 1008 4979 αἱ
1066 4922 1304 4991 πατριαὶ
1345 4920 1464 4974 τῶν
1493 4919 1681 4975 ἐθνῶν
1700 4960 1714 4983 ,

137 5026 427 5095 ἐνέγκατε
453 5021 533 5086 τῷ
584 5021 779 5088 Κυρίῳ
821 5017 1010 5081 δόξαν
1043 5016 1142 5069 καὶ
1188 5013 1400 5082 τιμὴν,
1437 5012 1718 5081 ἐνέγκατε

138 5118 224 5184 τῷ
254 5112 445 5184 κυρίῳ
472 5112 660 5176 δόξαν
701 5112 944 5178 ὀνόματι
988 5106 1193 5162 αὑτοῦ.
1242 5106 1317 5158 υύ
1362 5106 1537 5176 μάτην
1567 5099 1720 5175 ᾆσμα

139 5211 330 5266 καινὸν
361 5207 508 5278 ᾄδειν
536 5207 594 5257 ὲν
616 5201 920 5273 προοιμίοις
951 5199 1048 5268 τῆς
1069 5196 1384 5267 ψαλμῳδίας
1413 5194 1717 5254 ἐκέλευσεν,

139 5305 258 5358 ἀλλ’
295 5298 481 5370 ἐπειδὴ
506 5296 664 5365 καινή
696 5311 780 5356 τις
818 5292 1010 5361 κλῆσις
1043 5289 1136 5342 τοῦ
1171 5290 1437 5359 παρόντος
1475 5285 1713 5356 ψαλμοῦ,

140 5393 330 5449 καινὸν
359 5392 418 5445 τὸ
446 5391 730 5459 κήρυγμα.
769 5381 935 5450 Ἔθνη
965 5378 1114 5450 γὰρ,
1150 5379 1225 5442 ὡς
1254 5379 1409 5448 ὁρᾷς,
1442 5379 1490 5429 οἱ
1525 5374 1718 5428 καλού-

142 5503 299 5561 μενοι
332 5481 449 5555 (sic)
483 5479 544 5532 οὐ
581 5478 815 5548 μόσχους
844 5471 949 5525 οὐδ’
988 5471 1180 5541 ἄρνας,
1224 5470 1332 5522 οὐδ’
1374 5468 1569 5534 ἔξωθεν
1607 5467 1714 5519 εἱσι

1825 4467 1910 4521 bis
1946 4462 2280 4522 declaratur,
2313 4456 2376 4510 de
2408 4455 2491 4508 die
2539 4455 2594 4507 in
2623 4453 2780 4517 diem,
2817 4458 2874 4503 ut
2915 4449 3125 4504 scilicet
3175 4445 3395 4501 assidue

1826 4559 2067 4616 salutare
2092 4553 2222 4608 illud
2271 4547 2616 4611 annuutient,
2653 4546 2720 4600 de
2755 4559 2864 4613 quo
2890 4541 3095 4596 dictum
3129 4548 3210 4594 est
3243 4554 3257 4590 :
3294 4537 3396 4592 llic

1825 4661 1902 4706 est
1927 4665 2040 4704 rere
2061 4647 2312 4702 Salvator
2343 4640 2604 4696 mundi“.

1897 4910 2064 4965 Vens.
2101 4907 2153 4972 7,
2190 4908 2244 4962 8.
2277 4905 2474 4973 Aﬂ'e'te
2519 4899 2740 4953 Domino
2784 4895 2970 4966 patria:
3021 4893 3275 4964 gentium,
3307 4891 3394 4958 af-

1825 5005 1956 5073 ferte
1996 5001 2224 5055 Domino
2264 4997 2494 5067 gloriam
2539 5002 2586 5045 et
2628 4991 2907 5050 honorem,
2954 4986 3136 5053 afferte
3173 4982 3398 5034 Domina

1824 5095 2050 5167 gloriam
2095 5091 2294 5145 nomini
2341 5087 2478 5156 ejus.
2527 5083 2812 5138 Canticum
2862 5093 3061 5132 novum
3103 5090 3300 5128 canere
3344 5074 3395 5127 iu

1824 5162 2099 5256 principio
2159 5177 2478 5246 psalmodia:
2535 5191 2644 5228 non
2694 5172 2899 5226 frustra
2943 5165 3244 5237 prieccpit;
3301 5162 3397 5216 sed

1824 5277 1954 5346 quia
1986 5273 2324 5328 vocationem
2352 5276 2404 5322 et
2433 5265 2872 5337 praedicationem
2901 5274 3096 5314 novam
3135 5257 3222 5308 hic
3265 5257 3401 5322 psal-

1824 5384 1947 5423 mus
1987 5365 2469 5434 complectebatur.
2493 5360 2560 5412 At
2588 5358 2754 5416 enim,
2783 5361 2841 5407 ut
2863 5354 2976 5422 ipse
3008 5349 3180 5405 vides.
3211 5354 3400 5416 gentes

1824 5477 1945 5532 qua:
1977 5465 2263 5522 vocantur,
2297 5471 2404 5510 non
2448 5435 2667 5516 vitulos,
2719 5464 2830 5504 non
2861 5458 3051 5516 agnos,
3097 5456 3204 5495 non
3241 5435 3399 5509 quid-

215 5641 260 5673 τ’
300 5641 384 5696 lsa
436 5652 489 5701 ν,
525 5633 577 5695 ὦ,
609 5633 663 5688 5.
735 5632 782 5662 ⁸ο
822 5627 1012 5684 Matth.
1049 5640 1241 5691 xxviii,
1278 5623 1364 5677 i9.
1440 5624 1482 5654 ⁸¹
1524 5621 1679 5677 Joan.
1719 5635 1792 5686 iv,
1828 5617 1916 5672 ιε.

214 5785 295 5855 (ι)
331 5782 425 5833 Ιῖίε
459 5774 655 5830 desinit
691 5771 860 5825 codex
894 5783 998 5823 em.
1031 5766 1183 5821 card.
1221 5762 1489 5818 Co'sliuii.
