3830 6288
130 355 256 409 1225

1235 355 1733 413 COMMENTARIA
1769 358 1835 413 IN
1878 358 2210 415 PSALMOS.

3218 360 3352 418 1:220

129 468 612 539 εὐφρανθήτωσαν
647 467 824 537 νῆσοι
857 472 1102 525 πολλαί.
1146 473 1363 545 Ἐπειδὴ
1394 476 1449 526 ἐν
1476 476 1541 546 τῇ
1575 474 1666 527 τῶι

1790 484 1963 530 tentur
1989 476 2180 529 insula:
2222 475 2422 528 multw.
2460 474 2728 541 Quoniam
2771 475 2823 528 in
2872 473 3226 547 Septuaginta
3261 475 3347 529 ln-

138 561 514 631 Ἐϐδομήκοντα
548 561 811 632 ἑρμηνείᾳ
849 562 1069 631 φέρεται
1105 565 1139 635 ἠ
1174 567 1487 638 προγραφὴ,
1522 566 1679 636 ἐροῦ-

131 672 237 727 μεν,
274 654 366 716 ὡς,
400 652 657 715 πολλάκις
678 655 985 724 συμφοραῖς
1018 656 1449 725 περιπεπτωκὼς
1469 659 1496 709 ὁ
1519 656 1679 710 Δαυῒδ

127 746 234 799 τότε
269 746 363 815 μὲν
391 745 477 797 ὅτε
524 745 629 797 ὑπὸ
660 746 830 799 Σαοὺλ
859 746 1141 816 ἠλαύνετο,
1176 750 1269 802 καὶ
1310 749 1409 813 τὰς
1439 751 1677 821 ἐρήμους

129 837 425 909 μετεδίωκε,
458 837 555 900 τάς
595 853 654 889 τε
688 837 840 909 παρὰ
869 843 982 902 τοῖς
1018 838 1335 909 ἀλλοφύλοις
1364 841 1640 913 διατριϐάς
1660 858 1674 875 ’

123 929 231 980 τότε
276 926 331 979 δὲ
381 927 468 979 ὅτε
520 926 775 998 πολέμοις
826 927 1113 997 ἐσχόλαζε,
1152 928 1244 983 τὸν
1288 930 1676 1001 προκείμενον,

123 1013 292 1088 οἶμαι,
327 1017 538 1088 ψαλμὸν
582 1021 701 1071 κατ’
741 1021 946 1072 ἐκεῖνον
986 1016 1086 1092 ᾖσε
1126 1018 1246 1074 καθ’
1275 1021 1333 1074 ὃν
1377 1020 1673 1093 κατέστηή

121 1111 183 1179 γῆ
209 1108 388 1174 αὑτοῦ,
420 1109 554 1179 ὁμοῦ
584 1112 675 1163 καὶ
702 1112 799 1183 τῆς
832 1111 1069 1175 διανοίας
1093 1112 1258 1167 αὑτοῦ
1291 1113 1382 1166 καὶ
1404 1113 1502 1184 τῆς
1526 1113 1676 1183 βασι-

120 1201 255 1265 λείας
300 1201 361 1253 ἐν·
401 1200 666 1273 ἀταραξίᾳ
715 1204 809 1256 καὶ
858 1204 1046 1274 εἰρήνῃ
1097 1205 1191 1257 καὶ
1243 1204 1451 1276 γαλήνη
1508 1220 1666 1257 καταο

121 1290 309 1360 στάσης
335 1290 471 1361 μετὰ
495 1290 593 1362 τὴν
624 1291 838 1345 πάντων
862 1292 970 1346 τῶν
992 1292 1201 1365 ἐχθρῶν
1222 1295 1520 1365 ἀναίρεσιν.
1541 1293 1673 1347 Τότε

118 1376 201 1434 οῦν
221 1383 247 1434 ό
278 1383 578 1453 προφήτης,
609 1384 667 1435 ἐν
712 1383 973 1454 είρηναίῳ
1007 1388 1384 1457 καταστήματι
1416 1387 1672 1455 γεγονὼς,

120 1473 214 1528 ὑπὸ
238 1473 329 1527 τοῦ
364 1474 507 1527 θείου
537 1473 852 1545 Πνεύματος
895 1475 988 1528 ἐπὶ
1022 1476 1118 1546 τὴν
1153 1477 1261 1529 τῶν
1299 1478 1673 1549 προκειμένων

117 1565 445 1619 διδασκαλίαν
486 1566 836 1621 ἀνακινεῖται.
867 1568 1163 1639 Ἐπειδὴδέ
1194 1570 1330 1641 μήτε
1376 1571 1502 1643 ᾠδὴ,
1534 1573 1672 1644 μήτε

116 1657 309 1727 sane;
355 1659 756 1729 ἐπιγέγραπται
786 1662 915 1729 παρ’
954 1660 1253 1732 Ἑϐραίοις,
1288 1663 1461 1727 εἴποις
1506 1664 1572 1717 ἂν
1604 1665 1671 1719 τά

118 1749 437 1821 προκείμενα
470 1751 805 1823 προφητείαν
830 1747 965 1803 εἶναι
999 1753 1090 1805 καὶ
1121 1753 1468 1808 διδασκαλίαν
1494 1755 1670 1827 ἁπλῆν

1781 574 2073 636 terpretum
2108 568 2361 621 versione
2422 565 2511 619 hic
2558 566 2751 620 titulus
2783 564 3029 629 aﬂ‘ertur,
3076 566 3350 636 dicamus,

1780 656 2036 713 Davidem
2086 658 2141 712 in
2190 658 2389 712 multas
2441 657 2720 727 delapsum
2779 659 3120 715 calamitates
3170 666 3350 716 cuma

1781 746 1942 803 Saule
1971 750 2281 819 pelleretur,
2316 747 2531 805 deserta
2559 750 2670 804 loca
2716 748 3083 821 frequentaret
3117 762 3172 809 et
3203 751 3349 825 apud

1774 839 2082 912 allophylos
2124 849 2467 907 moraretur;
2506 848 2658 901 tunc.
2715 856 2837 897 cum
2890 845 3099 900 scilicet
3126 861 3156 899 a
3192 847 3348 905 bellis

1779 938 2014 994 vacaret,
2068 930 2215 985 hunc
2278 932 2574 1001 psalmum,
2620 939 2678 986 ut
2742 933 3002 997 arbitror,
3053 936 3345 1005 cecinisse,

1776 1037 1899 1077 cum
1926 1022 2039 1089 jam
2070 1031 2213 1078 terra
2233 1024 2354 1094 ejus
2384 1024 2634 1079 restituta
2678 1034 2846 1089 esset,
2878 1026 3118 1096 quando,
3160 1030 3345 1084 subla-

1776 1114 1850 1170 tis
1876 1114 2116 1171 inimicis
2141 1116 2416 1179 omnibus,
2445 1126 2498 1170 et
2532 1116 2746 1172 animus
2782 1124 2839 1172 et
2880 1133 3106 1187 regnum
3141 1121 3260 1189 ejus
3288 1121 3343 1175 in

1776 1207 2095 1271 securitate,
2131 1207 2184 1261 in
2227 1222 2360 1278 pace
2390 1216 2442 1262 ct
2471 1208 2868 1278 tranquillitate
2897 1209 3151 1281 degebat.
3188 1209 3346 1268 Tunc

1776 1312 1906 1368 ergo
1943 1297 2230 1368 propheta,
2264 1298 2472 1368 pacatis
2497 1301 2660 1352 rebus
2686 1298 2825 1366 suis,
2856 1299 2924 1354 ad
2951 1299 3092 1355 hanc
3115 1301 3347 1357 eﬂ'eren-

1775 1390 1900 1444 dam
1922 1390 2227 1445 doctrinam
2255 1404 2283 1443 a
2308 1388 2497 1444 divino
2515 1390 2718 1459 Spiritu
2754 1401 3021 1449 movetur.
3052 1391 3192 1461 Quia
3217 1409 3345 1449 vero

1775 1495 1952 1551 neque
2004 1481 2305 1544 canticum,
2371 1495 2541 1551 neque
2607 1484 2848 1552 psalmus
2910 1484 3206 1555 inscriptus
3259 1493 3344 1540 est

1775 1572 1917 1642 apud
1950 1570 2229 1634 Hebraeos,
2255 1571 2458 1628 dixeris
2502 1572 2617 1627 haec
2653 1574 2991 1644 prophetiam
3044 1586 3098 1629 et
3137 1576 3345 1631 doctri-

1774 1680 1899 1719 nam
1934 1665 2236 1735 simplicem
2274 1680 2418 1734 esse,
2446 1683 2565 1737 qua:
2589 1667 2655 1723 ad
2687 1667 2989 1723 secundum
3040 1677 3095 1724 et
3142 1668 3346 1737 glorio-

1774 1772 1895 1812 sum
1923 1756 2223 1815 Salvatoris
2244 1761 2423 1816 nostri
2465 1760 2755 1816 adventum
2797 1767 3065 1830 spectant,
3108 1761 3346 1830 comple-

116 1840 176 1892 τὰ
220 1842 343 1910 περὶ
382 1840 478 1912 τῆς
527 1841 781 1913 δευτέρας
821 1844 914 1897 καὶ
967 1844 1177 1911 ἐνδόξου
1229 1847 1530 1918 παρουσίας
1574 1848 1666 1901 τοῦ

1774 1857 2056 1904 ctentem:
2102 1866 2263 1921 quem
2318 1851 2507 1907 Daniel
2549 1853 2635 1907 his
2686 1852 2864 1908 verbis
2911 1858 3339 1909 commemorat:

116 1932 350 2002 Σωτῆρος
378 1933 535 2003 ἡμῶν
566 1935 952 2005 περιέχουσαν·
979 1932 1047 2008 ἦς
1071 1938 1161 1989 καὶ
1190 1938 1217 1988 ὁ
1240 1939 1436 2009 Δανιὴλ
1466 1956 1568 2010 μνη
1578 1958 1673 2010 μο-

114 2018 267 2073 νεύων
298 2021 463 2095 φησίν
483 2040 496 2052 ·
544 2021 884 2089 Ἐθεώρουν,
918 2023 1017 2076 καί
1072 2023 1199 2077 ἰδοὺ
1232 2024 1329 2077 ἐπὶ
1359 2024 1477 2077 τῶν
1504 2042 1673 2094 νεφε-

111 2111 225 2166 λῶν
246 2112 349 2166 τοῦ
378 2114 641 2182 οὐρανοῦ
681 2115 814 2181 Υἱὸς
850 2115 1163 2183 ἀνθρώπου
1193 2115 1411 2186 παρῆν,
1441 2118 1537 2170 καὶ
1565 2117 1671 2187 μέ-

108 2218 197 2271 χρι
234 2204 335 2259 τοῦ
376 2205 647 2260 Παλαιοῦ
678 2204 796 2259 τῶν
827 2206 1060 2275 ἡμερῶν
1095 2207 1341 2277 ἔφθασε.
1374 2209 1481 2263 Καὶ
1514 2209 1674 2275 αὐτῷ

104 2295 265 2364 ἐδόθη
297 2298 336 2365 ἡ
375 2296 539 2367 ἀρχὴ
570 2296 668 2352 καὶ
721 2299 760 2367 ἠ
792 2298 927 2367 τιμὴ
978 2299 1077 2353 καὶ
1127 2301 1165 2367 ἠ
1210 2301 1503 2365 ,ϐασιλεία
1524 2316 1538 2331 ⁸
1571 2302 1673 2356 καὶ

105 2388 309 2454 πάντες
348 2391 400 2444 οι
453 2391 611 2465 λαοί,
662 2390 869 2459 φυλαὶ,
902 2390 1172 2461 γλῶσσαι
1224 2392 1385 2459 αὐτῷ
1419 2393 1673 2450 δουλεύ-

106 2494 331 2534 σουσιν.
376 2479 447 2537 Ἠ
462 2476 751 2544 ,ϐασιλεία
774 2482 959 2536 αὐτοῦ
985 2482 1271 2545 ,Βασιλεία
1294 2483 1546 2551 αἰώνιος,
1574 2486 1674 2540 καί

104 2569 401 2637 ἡέξουσία
451 2570 637 2625 αὐτοῦ
683 2574 754 2625 οὐ
796 2571 882 2641 μὴ
924 2573 1229 2643 ἀφαιρεθῇ.
1287 2574 1449 2641 Τότε,
1483 2578 1668 2647 φησὶν.

104 2661 479 2731 ἁγαλλιάσεται
527 2665 673 2717 πᾶσα
710 2663 863 2734 ήγῆ,
897 2664 1017 2734 ἦτοι
1071 2667 1104 2736 ἡ
1148 2666 1306 2737 καινὴ
1347 2667 1542 2732 κτίσις,
1578 2669 1673 2721 καὶ

105 2754 286 2818 πάντες
314 2756 364 2807 oi
422 2754 481 2819 ἐξ
526 2756 719 2820 αἰῶνος
751 2757 849 2828 τὴν
876 2758 979 2828 γῆν
1025 2758 1346 2828 οἰκήσαντες
1393 2759 1668 2829 ἄνθρωποι

102 2844 184 2899 τοῦ
211 2845 341 2899 Θεοῦ
361 2863 374 2875 ·
418 2846 451 2918 ἢ
476 2848 570 2901 καὶ
600 2848 649 2900 οἱ
685 2849 967 2918 μέλλοντες
999 2849 1098 2920 κλη
1109 2852 1353 2921 ρονομεῖν
1374 2850 1470 2921 τὴν
1506 2852 1670 2904 ἐπουο

106 2934 267 3005 ράνιον
292 2937 397 3009 γῆν
413 2977 426 3000 ,
448 2937 588 2991 κατὰ
610 2938 669 2991 τό
690 2954 703 2967 ο
736 2938 1024 3006 Μακάριοι
1051 2942 1104 2992 οἱ
1133 2939 1360 3008 πραεῖς,
1386 2939 1473 2993 ὅτι
1499 2942 1669 2996 αὐτοὶ

105 3026 633 3097 κληρονομήσουσι
682 3029 798 3098 τὴν
847 3028 979 3099 γῆν.
1036 3032 1148 3102 Τῆς
1189 3030 1298 3103 γὰρ
1355 3034 1669 3103 σωματικῆς

102 3117 271 3181 οὐσίας
298 3120 377 3183 είς
418 3118 723 3189 ἀφθαρσίαν
761 3120 1201 3190 μεταϐαλλούσης
1242 3122 1383 3175 κατὰ
1415 3125 1540 3185 τοὺς
1567 3123 1667 3193 τῆς

103 3204 443 3269 ἀναστάσεως
459 3186 668 3274 λόγους,
691 3186 1077 3276 ἀγαλλιάσεται
1110 3186 1259 3281 η’γῆ,
1289 3211 1384 3264 ἅτε
1413 3211 1512 3281 τῆς
1555 3186 1664 3265 τῶν
1691 3186 1734 3244 C

97 3295 324 3367 οὐρανῶν
352 3297 638 3369 βασιλείας
676 3300 769 3353 καὶ
806 3300 942 3372 αὑτὴ
969 3300 1505 3373 καταξιωθήσομένη.

155 3385 688 3455 Εὑφρανθήτωσαν
718 3386 899 3455 νῆσοι
946 3390 1170 3443 πολλαί
1190 3405 1204 3420 ο
1234 3388 1428 3442 πολλαὶ
1454 3390 1530 3453 δὲ,
1569 3391 1665 3444 καὶ

97 3474 151 3527 ού
183 3477 369 3540 πᾶσαι,
408 3475 497 3530 διὰ
533 3476 640 3529 τῶν
680 3477 1018 3543 κοικοδόξων⁸
1053 3479 1114 3532 ού
1166 3481 1270 3550 χρὴ
1304 3481 1412 3553 γὰρ
1453 3482 1664 3552 χαίρειν

96 3567 198 3628 τοῖς
223 3566 473 3620 ἀσεϐέσι.
522 3567 738 3636 Νήσους
767 3567 875 3638 γὰρ
920 3566 1033 3621 ἔσθ’
1078 3570 1167 3622 ὅτε
1206 3569 1266 3622 τὸ
1317 3570 1553 3641 Γράμμα
1603 3572 1664 3625 τὸ

98 3656 230 3728 ἱερὸν
249 3658 348 3721 τὰς
398 3658 719 3726 Ἐκκλησίας
748 3659 1042 3713 ἁποκαλεῖ’
1060 3656 1168 3713 οἷον
1196 3664 1254 3713 ὲν
1277 3661 1514 3732 θαλάσσῃ
1546 3679 1662 3716 κει-

98 3749 253 3817 μένας
283 3754 342 3803 ἐν
371 3750 516 3821 ’τῷδε
548 3749 626 3821 τῷ
659 3751 829 3821 τόπῳ,
856 3752 951 3805 καὶ
981 3755 1198 3824 πικροῖς
1230 3752 1386 3806 ὕδασι
1415 3769 1664 3824 περιεχο-

98 3841 254 3911 μένας
280 3846 410 3906 ταῖς
441 3845 498 3897 ἐν
530 3842 679 3913 αὐτῷ
707 3843 1057 3918 περιστάσεσι
1076 3884 1090 3908 ,
1124 3845 1219 3897 καὶ
1246 3844 1321 3908 ὡς
1346 3844 1663 3915 ῥαγδαιατά-

96 3950 200 3997 τοις
247 3934 465 4005 κύμασι
522 3934 967 4010 καταπαιομένας
1025 3938 1136 3999 τοῖς
1184 3936 1472 4005 διωγμοῖς·
1522 3935 1663 4008 πλὴν

94 4023 449 4087 ἀδιαπτώτως
471 4026 886 4097 ἐρηρεισμένας.
919 4026 1012 4080 καὶ
1045 4026 1340 4095 ἀνεχούσας
1377 4025 1534 4095 ὑψοῦ,
1568 4029 1663 4081 καὶ

94 4120 206 4181 ταῖς
231 4117 481 4187 θλίψεσιν
510 4119 571 4170 ού
607 4116 1025 4189 βαπτιζομένας.
1066 4118 1374 4190 Ἀκλόνητοι
1419 4120 1526 4193 γὰρ
1574 4119 1662 4173 διὰ

93 4202 319 4274 Χριστὸν
348 4205 414 4258 αἱ
455 4205 788 4275 Ἐκκλησίαι,
822 4206 916 4258 καὶ
947 4206 1110 4259 πύλαι
1153 4206 1276 4277 ᾅδου
1314 4208 1374 4260 ού
1408 4208 1664 4280 κατισχύ-

95 4310 269 4348 σουσιν
322 4295 529 4348 αὐτῶν.
581 4295 785 4349 Οὐκοῦν
843 4296 888 4350 ει
944 4295 1007 4367 δὴ
1047 4296 1285 4366 βούλοιτό
1333 4315 1417 4361 τις
1464 4300 1661 4370 νήσους

91 4385 285 4440 ἐννοεῖν
317 4387 419 4451 τὰς
452 4386 511 4451 ἐξ
543 4386 710 4440 ἐθνῶν
752 4387 1092 4458 Ἐκκλησίας,
1131 4387 1230 4441 οὐκ
1264 4388 1373 4441 ἀπὸ
1399 4388 1492 4442 τοῦ
1530 4391 1664 4463 πρέ·-

91 4494 279 4543 ποντος
319 4480 584 4550 βαδιεῖται
632 4478 855 4533 σκοποῦ.
900 4480 1324 4549 Ἐγκαινίζονται
1359 4481 1488 4548 γοῦν
1521 4482 1654 4553 πρὸς

91 4567 216 4623 θεὸν
232 4572 387 4641 νῆσοι
419 4570 497 4639 τῷ
535 4568 747 4640 Ἡσαΐᾳ,
772 4572 828 4623 αί
858 4570 964 4623 ἀπὸ
983 4570 1091 4623 τῶν
1112 4570 1278 4623 ἐθνῶν
1319 4571 1653 4642 Ἐκκλησίαι,

89 4660 207 4730 ἄρτι
239 4661 669 4732 καθιστάμεναι,
700 4661 793 4714 καὶ
829 4661 927 4730 τῆς
963 4661 1208 4733 ἁλμυρᾶς
1239 4662 1495 4726 ἀπιστίας
1525 4664 1655 4719 ἀνα-

87 4752 414 4818 κύπτουσαι,
442 4753 537 4805 καὶ
575 4750 735 4823 πῆξιν
770 4751 1103 4821 λαμϐάνουσι
1141 4752 1217 4822 τῷ
1249 4752 1367 4824 Θεῷ
1400 4753 1648 4825 βάσιμον.

85 4843 281 4907 Καλῶς
307 4843 487 4897 τοίνυν
528 4842 806 4897 κάνταῦθα
835 4841 934 4905 τὰς
972 4842 1147 4912 ψυχὰς
1169 4842 1277 4895 τῶν
1310 4845 1366 4896 ἐν
1394 4847 1506 4907 τοῖς
1537 4862 1656 4897 πει-

86 4939 316 5006 ρασμοῖς
348 4935 405 4988 τὸ
446 4935 657 5004 ἐδραῖόν
681 4951 740 4988 τε
781 4935 875 4988 καὶ
917 4933 1247 5003 ἀμετάθετον
1282 4935 1655 5007 ἐπιδεικνυμέ-

84 5036 207 5082 νων,
233 5023 433 5091 νήσους
466 5020 769 5091 ὠνόμασεν,
790 5021 855 5084 ac
881 5021 1142 5075 πάντοθεν
1177 5021 1272 5092 μὲν
1298 5022 1655 5095 διαλαμϐάνει

83 5112 114 5179 ἡ
142 5112 240 5179 τῆς
266 5113 468 5178 κακίας
497 5113 666 5184 ἆλμη,
693 5113 754 5165 ού
791 5112 895 5183 μὴν
931 5112 1180 5165 τοσοῦτον
1220 5113 1390 5182 ἰσχύει
1420 5116 1653 5186 προσπί-

82 5219 327 5268 πτουσα,
373 5205 447 5268 ὡς
480 5206 573 5260 καὶ
604 5204 762 5259 σάλον
793 5203 914 5256 τινὰ
961 5204 1038 5274 τῷ
1088 5204 1271 5275 παγίῳ
1314 5205 1409 5275 τῆς
1459 5207 1660 5277 ἀρετῆς

82 5295 403 5366 ἐμποιῆσαι.

143 5498 391 5569 Νεφέλη
443 5501 539 5559 καὶ
568 5500 790 5568 γνόφος
832 5498 1035 5563 κύκλῳ
1063 5497 1270 5558 αὑτοῦ,
1300 5496 1651 5563 δικαιοσυνη

72 5591 165 5644 καὶ
203 5591 391 5659 κρῖμα
427 5594 789 5659 κατόρθωσις
814 5587 918 5642 τοῦ
950 5588 1164 5654 θρόνου
1193 5587 1398 5642 αὐτοῦ.
1436 5586 1650 5656 Νεφέλη

1782 1945 2058 2011 Videbam,
2085 1956 2133 2000 et
2155 1963 2269 2000 ecce
2293 1946 2345 1998 in
2369 1945 2589 2000 nubibus
2620 1946 2736 1999 caeli
2760 1944 2934 1999 Filius
2964 1945 3188 1999 hominis
3223 1946 3345 2001 ade-

1773 2047 1881 2101 rat,
1916 2046 1965 2090 et
2014 2052 2173 2106 usque
2201 2036 2268 2089 ad
2302 2036 2589 2105 Antiquam
2619 2033 2823 2089 dierum
2851 2035 3099 2101 pervenit.
3139 2033 3205 2087 Et
3236 2034 3341 2104 ipsi

1772 2130 1959 2183 datum
1987 2138 2064 2183 est
2097 2129 2373 2197 imperium
2400 2137 2449 2181 et
2493 2127 2659 2181 honor
2695 2138 2741 2180 et
2796 2142 3009 2197 regnum
3035 2140 3053 2177 :
3079 2135 3128 2180 et
3165 2142 3339 2181 omnes

1773 2221 1951 2289 populi
1984 2261 1999 2285 ,
2041 2220 2209 2273 tribus
2240 2228 2289 2273 et
2320 2220 2515 2290 lingua:
2555 2218 2657 2286 ipsi
2682 2219 2925 2272 servient.
2957 2216 3187 2287 Regnum
3224 2217 3342 2288 ejus

1774 2328 1988 2383 regnum
2038 2312 2436 2381 sempiternum,
2482 2318 2532 2363 et
2574 2317 2807 2378 potestas
2854 2308 2969 2377 ejus
3000 2324 3105 2361 non
3133 2308 3341 2377 aufere-

1776 2410 1861 2455 tur
1902 2401 1969 2459 ⁸⁸.
2006 2399 2180 2465 Tunc,
2216 2400 2414 2469 inquit,
2445 2397 2737 2454 exsultabit
2758 2397 2937 2452 omnis
2964 2404 3132 2460 terra,
3156 2395 3207 2450 id
3235 2405 3340 2460 est,

1773 2507 1913 2547 nova
1946 2501 2219 2557 creatura,
2247 2498 2301 2546 et
2339 2505 2531 2545 omnes
2564 2488 2655 2544 Dei
2680 2488 2933 2544 homines
2958 2488 3052 2558 qui
3082 2502 3114 2542 a
3142 2489 3342 2545 saeculo

1770 2594 1977 2642 terram
2044 2583 2325 2646 incolunt;
2362 2581 2476 2637 sive
2535 2580 2701 2636 etiam
2744 2579 2838 2650 qui
2869 2579 3146 2634 caelestem
3194 2580 3341 2634 illam

1772 2686 1973 2731 terram
2030 2673 2344 2744 possessuri
2406 2676 2557 2735 sunt,
2615 2671 2916 2724 secundum
2972 2668 3107 2723 illud
3146 2667 3344 2725 :Beati

1769 2768 1957 2831 mites,
1994 2766 2241 2835 quoniam
2300 2763 2398 2831 ipsi
2460 2760 2799 2831 possidebunt
2875 2770 3070 2814 terram
3089 2759 3157 2815 ⁸⁸.
3204 2758 3343 2814 Nam

1771 2872 1896 2913 cum
1944 2869 2211 2924 corporea
2256 2853 2566 2910 substantia
2620 2850 2674 2905 iu
2727 2849 3215 2919 incorruptionem,
3244 2862 3343 2921 per

1770 2940 2195 3001 resurrectionis
2255 2940 2463 3009 legem,
2519 2945 2727 2991 mutata
2798 2936 2998 3000 fuerit.
3046 2935 3345 2992 exsultabit

1769 3039 1938 3094 terra,
1974 3037 2165 3099 utpote
2191 3043 2313 3100 quae
2336 3041 2505 3098 regno
2540 3025 2803 3081 caelorum
2850 3033 2904 3081 et
2945 3025 3061 3095 ipsa
3086 3025 3341 3081 donanda

1769 3122 1862 3179 sit.

1837 3385 2107 3439 Laetentur
2128 3383 2321 3438 insqu
2343 3382 2547 3444 ntuttw,
2570 3380 2756 3434 multa
2798 3377 3076 3443 videlicet,
3108 3377 3205 3433 sed
3230 3393 3340 3432 non

1765 3488 1979 3541 omnes,
2006 3488 2195 3529 eorum
2250 3488 2418 3528 causa
2476 3471 2570 3542 qui
2628 3485 2795 3542 prave
2843 3471 3130 3527 sentiunt:
3162 3485 3342 3540 neque

1763 3564 1910 3619 enim
1962 3578 2061 3635 par
2081 3571 2167 3618 est
2200 3571 2253 3617 ul
2290 3561 2440 3632 impii
2473 3561 2766 3632 gaudeant.
2824 3559 3039 3617 insulas
3068 3559 3340 3631 siquidem

1765 3654 2048 3725 Scriptura
2094 3668 2249 3710 sacra
2291 3652 2565 3708 Ecclesias
2629 3651 2862 3708 subinde
2914 3662 3109 3716 vocat,
3152 3658 3340 3721 utpote

1764 3761 1886 3818 quas
1916 3745 2003 3801 his
2032 3746 2088 3800 in
2122 3745 2257 3799 locis
2279 3744 2428 3798 velut
2463 3742 2518 3795 in
2543 3742 2680 3795 mari
2722 3739 2960 3808 iaceant,
3003 3741 3338 3811 immanique

1767 3852 2037 3908 aquarum
2064 3835 2234 3898 ﬂuxu,
2254 3833 2662 3888 calamitatibus
2692 3831 2965 3895 videlicet,
2990 3832 3338 3887 circumden-

1764 3937 1875 3992 tur,
1905 3941 1970 3982 ac
2012 3924 2507 3997 persecutionibus,
2553 3938 2651 3978 seu
2709 3922 3029 3977 decumanis
3077 3920 3334 3978 ﬂuctibus

1759 4017 2071 4088 jactentur;
2125 4028 2312 4069 verum
2368 4012 2490 4067 sine
2567 4012 2917 4075 detrimento,
2974 4018 3163 4080 utpote
3212 4026 3334 4081 qua:

1764 4107 1915 4163 fultae
1945 4112 2003 4161 et
2026 4105 2081 4159 in
2117 4104 2350 4160 sublime
2382 4112 2577 4159 erecta:
2622 4104 2757 4167 sint,
2792 4112 2955 4174 atque
2985 4106 3040 4157 in
3073 4105 3334 4159 aerumnis

1762 4213 1874 4255 non
1899 4198 2306 4267 demergantur.
2329 4193 2463 4248 Nam
2494 4194 2701 4250 Christi
2730 4209 2896 4264 opera
2950 4192 3209 4252 Ecclesiae
3230 4195 3336 4251 im-

1762 4288 1994 4345 mobiles
2017 4294 2262 4349 manent,
2293 4294 2349 4341 et
2372 4294 2545 4356 portae
2598 4285 2762 4341 inferi
2814 4300 2927 4341 non
2958 4287 3327 4356 praevalebunt

1763 4382 2027 4438 adversus
2053 4394 2168 4435 eas.
2199 4377 2253 4432 Si
2280 4379 2405 4449 quis
2433 4392 2563 4449 ergo
2616 4393 2710 4448 per
2774 4378 3006 4443 insulas,
3053 4377 3331 4435 Ecclesiae

1762 4489 1829 4529 ex
1857 4472 2113 4545 gentibus
2162 4469 2393 4541 intelligi
2440 4470 2695 4535 voluerit,
2738 4485 2768 4523 a
2798 4484 2927 4525 vero
2956 4482 3126 4539 scopo
3151 4471 3331 4525 neuti-

1762 4580 1926 4636 quam
1957 4562 2257 4620 aberrabit.
2293 4560 2631 4616 lnnovantur
2670 4560 2814 4615 enim
2854 4574 2983 4630 erga
3030 4558 3198 4615 Deum
3244 4562 3331 4615 in-

1763 4659 1895 4715 sulae
1922 4654 2065 4727 apud
2122 4654 2319 4710 Isaiam
2343 4654 2408 4720 ⁸⁸,
2446 4653 2702 4709 Ecclesia:
2742 4665 2937 4722 nempe
2963 4667 3028 4707 ex
3050 4652 3326 4723 gentibus,

1760 4766 1892 4821 qua:
1919 4764 2095 4820 nuper
2141 4748 2454 4803 constituta:
2501 4755 2648 4807 sunt,
2686 4753 2847 4814 atque
2891 4743 2958 4798 ab
2984 4745 3077 4798 illa
3111 4744 3247 4799 falsa
3272 4754 3329 4800 et

1757 4843 1970 4896 marina
2033 4839 2417 4896 incredulitate
2461 4843 2822 4901 emerserunt,
2884 4849 2942 4889 ac
2999 4835 3328 4892 soliditatem

1758 4929 2057 4998 accipiunt,
2108 4940 2168 4983 ut
2190 4926 2281 4982 Dei
2350 4925 2577 4993 vestigia
2619 4923 2762 4979 ferre
2804 4925 3038 4994 possint.
3093 4923 3328 4980 Pulchre

1758 5019 1886 5075 item
1911 5020 2123 5075 animas
2147 5033 2360 5081 eorum,
2392 5016 2485 5087 qui
2517 5016 2572 5071 in
2604 5016 3003 5072 teutationibus
3041 5022 3327 5071 versantes

1760 5110 2069 5166 ﬁrmitatem
2096 5117 2146 5164 et
2194 5108 2627 5164 immobilitatcm
2672 5107 2955 5171 exhibent,-
2987 5106 3077 5161 hic
3115 5105 3327 5161 insulas

1757 5201 2056 5263 vocaverit,
2088 5214 2226 5271 quas
2284 5197 2523 5269 undique
2579 5197 2801 5254 malitiae
2859 5196 3111 5267 procellae
3154 5196 3326 5266 impe-

1755 5299 1911 5352 tunt;
1946 5303 2123 5359 neque
2167 5300 2349 5344 tamen
2368 5288 2738 5358 irrumpentes
2783 5287 2837 5341 id
2878 5284 3088 5341 eﬂicere
3123 5285 3323 5348 valent,

1753 5391 1815 5443 ut
1838 5381 2057 5437 virtutis
2080 5380 2323 5436 ﬁrmitati
2354 5382 2768 5436 successionem
2798 5378 3055 5437 inferant.

1823 5487 1987 5549 Vnus.
2021 5491 2055 5545 2
2114 5490 2289 5549 Nubes
2325 5503 2372 5547 et
2408 5492 2577 5562 caligo
2606 5492 2659 5545 in
2689 5492 2914 5546 circuitu
2944 5491 3079 5559 ejus,
3103 5490 3326 5559 justitin

1751 5594 1801 5639 et
1824 5582 2087 5653 judicium
2115 5587 2365 5642 correctio
2397 5584 2569 5637 throni
2599 5584 2734 5651 ejus.
2769 5582 2951 5639 Nubes
2991 5581 3211 5651 quidem
3235 5588 3325 5638 est

138 5746 188 5781 ⁸⁵
228 5746 377 5803 Dan.
415 5763 525 5811 vn,
569 5748 667 5811 l5,
710 5748 796 5801 Μ.
871 5748 915 5777 ⁸³
957 5714 1147 5800 Matth.
1184 5761 1236 5800 v.
1269 5746 1323 5799 4.
1400 5745 1447 5777 ⁸⁸
1483 5743 1589 5800 lsa.
1627 5759 1666 5798 ιι

1792 5743 1905 5803 Ι.η

365 5844 639 5903 ΡΑτιιοι.
663 5841 778 5903 Gn.
815 5840 1049 5901 XXI“.

2927 5834 3005 5891 39
