3830 6288
439 278 574 336 1207

1149 284 1418 342 EUSEBII
1453 286 1933 344 CAESARlENSIS
1969 287 2118 344 OPP.
2161 286 2341 347 PARS
2380 290 2470 348 lli.
2511 320 2581 333 -
2619 289 3025 348 EXEGETICA.

433 400 560 471 quia
609 400 708 458 tibi
748 400 878 465 Deo,
921 410 1111 473 utpote
1152 405 1304 474 justo
1355 413 1408 460 et
1471 407 1636 471 bono,
1677 421 1784 461 non
1849 406 1980 463 ades

2102 408 2163 461 οὐ
2196 408 2453 480 πρόσεστι
2491 425 2574 462 σοι
2604 406 2723 493 Qui}
2744 407 2859 462 δ’ντι
2898 405 3088 478 δικαίῳ
3127 406 3218 468 καὶ
3242 408 3419 480 ἀταθῷ
3449 410 3601 483 θρόνος

429 494 663 549 thronus
698 496 1039 566 iniquitatis;
1064 498 1245 551 omnia
1271 498 1471 568 quippe
1518 499 1669 568 justo
1707 498 1914 569 judicio
1943 507 2000 554 et

429 592 580 643 recta
616 584 730 656 lege
760 586 1116 644 administras
1145 607 1158 644 :
1187 589 1308 644 ideo
1343 591 1497 660 ﬁngis
1528 590 1759 644 laborem
1782 592 1835 645 in
1857 607 1997 659 pra:-

428 682 612 744 eepto;
644 676 697 732 id
736 686 838 743 est,
880 687 1210 751 praeceptum
1246 690 1396 735 tuum
1434 682 1653 739 labores
1682 692 1738 738 et
1769 683 1998 740 sudores

432 768 579 841 parit
618 770 690 829 ob
715 772 958 842 praemia,
999 788 1119 842 quae
1158 780 1282 845 post
1324 775 1563 831 laborem
1620 785 1840 831 strenue
1899 777 1993 831 de-

431 868 723 925 certantes,
754 864 1005 918 alacriter
1042 873 1096 920 ct
1140 876 1548 934 perseveranter
1577 882 1789 937 passos,
1835 883 1995 923 exce-

416 959 589 1020 ptura
616 963 831 1009 sunt.-
860 953 1024 1012 Vens.
1058 957 1122 1011 ει
1150 987 1173 999 ο
1193 958 1281 1012 23.
1326 956 1663 1011 Venabuntur
1686 960 1741 1012 in
1760 961 1993 1015 animam

419 1042 576 1112 justi,
616 1055 667 1118 et
708 1048 1014 1119 sanguinem
1071 1049 1393 1104 innocentem
1436 1050 1871 1107 condemnabam.
1921 1050 1991 1106 Et

426 1133 600 1205 {actus
631 1146 709 1192 est
754 1139 882 1193 mihi
912 1139 1167 1195 Dominus
1197 1142 1252 1194 in
1280 1141 1558 1212 refugium,
1588 1152 1637 1196 et
1667 1142 1808 1197 Deus
1847 1160 1991 1199 metu

426 1224 481 1277 in
509 1224 834 1301 adjuto’rium
864 1231 974 1297 spei
1012 1246 1156 1284 metr.
1191 1229 1255 1282 Et
1285 1230 1465 1285 reddet
1505 1232 1616 1286 illis
1661 1232 1991 1302 iniquitatem

426 1314 681 1382 ipsorum,
711 1328 760 1373 et
796 1318 1076 1373 secundum
1110 1319 1374 1374 malitiam
1402 1336 1584 1375 eorum
1614 1321 1879 1390 disperde:
1902 1338 1989 1378 eos

430 1403 681 1461 Dominus
733 1408 874 1464 Deus
902 1420 1099 1464 noster.
1153 1410 1327 1481 lmpii,
1361 1411 1462 1475 ait,
1508 1412 1697 1467 tandiu
1752 1413 1988 1469 animam

417 1493 555 1565 justi
582 1498 949 1563 venabuntur,
989 1499 1199 1570 laqueis
1236 1500 1382 1554 illam
1430 1507 1484 1554 et
1516 1499 1722 1557 retibus
1753 1503 1987 1557 circnm—

420 1583 635 1648 dantes,
651 1585 821 1642 donec
847 1590 1164 1659 sanguinem
1188 1590 1525 1646 innocentem
1545 1590 1984 1655 condemnantes,

419 1691 541 1731 ram
575 1677 643 1732 ad
692 1688 923 1735 mortem
965 1697 1137 1752 usque
1169 1682 1516 1740 deduxerint.
1562 1683 1680 1739 Non
1713 1685 1856 1739 enim
1902 1694 1988 1740 sat

419 1766 527 1820 illis
558 1776 686 1824 sunt
728 1769 939 1825 mulctra
979 1772 1352 1842 pecuniarum,
1387 1790 1564 1846 neque
1606 1775 1777 1846 plagae
1806 1776 1987 1830 vulne-

419 1873 588 1929 raque
612 1863 828 1933 corpori
860 1862 1134 1932 justorum
1168 1865 1407 1932 inllicta;
1454 1867 1549 1922 sed
1583 1868 1746 1922 etiam
1794 1866 1986 1922 mortis

419 1952 740 2007 sententiam
788 1963 843 2008 et
882 1954 1152 2009 calculum
1191 1964 1381 2011 contra
1415 1958 1536 2013 illos
1571 1958 1770 2015 ferunt.
1799 1960 1877 2015 Ac
1908 1959 1985 2015 illi

417 2042 636 2111 quidem
666 2046 738 2099 ita
767 2060 825 2101 se
852 2046 1052 2101 habent
1081 2063 1094 2099 :
1122 2063 1223 2118 ego
1260 2064 1393 2105 vero
1417 2065 1534 2114 eos,
1560 2051 1686 2107 licet
1716 2051 1986 2120 ejusmodi

417 2135 550 2197 sint,
576 2145 924 2195 contemnere
951 2140 1177 2197 edoctus
1225 2157 1369 2209 sum,
1410 2151 1465 2197 ct
1513 2158 1684 2213 usque
1719 2141 1787 2197 ad
1837 2157 1984 2197 mor-

415 2232 526 2283 tem
552 2244 673 2283 cum
706 2229 902 2287 fiducia
933 2234 1252 2297 consistere,
1283 2250 1488 2304 gnarus
1515 2251 1606 2290 me
1646 2250 1745 2305 pro
1773 2233 1988 2305 refugio

417 2316 706 2374 Dominum
747 2320 970 2387 habere,
1010 2332 1063 2379 et
1085 2340 1184 2396 pro
1207 2326 1479 2396 adjutorio
1508 2327 1620 2396 spei
1657 2342 1788 2382 mem
1815 2324 1981 2382 Deum

415 2424 617 2466 mcum.
656 2411 759 2479 Qui
801 2412 1070 2484 refugium
1110 2432 1289 2471 meum
1337 2416 1583 2481 cﬂcctus,
1637 2417 1985 2473 auxiliabitur

415 2499 591 2567 mihi;
645 2500 699 2555 in
751 2512 913 2574 caput
952 2519 1076 2560 vero
1106 2519 1293 2560 eorum
1339 2507 1432 2577 qui
1481 2513 1704 2576 captant
1744 2506 1982 2561 animam

412 2590 568 2658 justi.
607 2601 660 2647 et
707 2595 1023 2665 sanguinem
1055 2596 1394 2653 innocentem
1441 2597 1826 2655 condemnant.
1876 2596 1983 2651 ini-

416 2682 679 2752 quitatem
723 2685 968 2756 ipsorum
1010 2689 1369 2758 retorquebit,
1400 2696 1453 2744 et
1496 2689 1757 2743 malitiam
1792 2702 1978 2743 eorum

415 2775 678 2831 adversus
692 2791 789 2833 eos
812 2777 944 2847 justi
960 2777 1155 2848 judicii
1175 2786 1418 2850 tempore
1439 2787 1741 2844 convertet,
1766 2779 1983 2850 quando

413 2864 690 2936 disperdet
732 2883 828 2925 eos
874 2868 1135 2926 Dominus
1182 2868 1325 2926 Deus
1370 2879 1557 2926 noster
1586 2885 1793 2941 :quare
1838 2867 1981 2925 Deus

414 2958 684 3014 ultionem
713 2960 873 3017 initio
891 2962 1088 3033 psalmi
1118 2961 1302 3019 dictus
1331 2969 1436 3018 est.

841 3136 917 3206 (ι)
959 3132 1284 3192 PSALMUS
1319 3133 1502 3192 χειν.
2003 3074 2048 3133 c

495 3223 659 3280 Vens.
693 3225 743 3279 l.
797 3222 972 3280 Venite
1030 3225 1347 3280 exsultemus
1403 3224 1651 3286 Domino,
1692 3222 1981 3293 jubilemus

414 3315 525 3373 Deo
560 3317 828 3372 Saluatori
876 3324 1076 3371 nostra.
1118 3317 1273 3386 Apud
1319 3314 1574 3372 Hebratos
1612 3316 1761 3371 nulla
1805 3315 1980 3371 fertur

414 3407 703 3479 inscriptio
733 3426 746 3463 :
783 3415 838 3461 et
868 3407 1064 3462 merito
1096 3422 1263 3474 sane;
1310 3422 1488 3476 neque
1518 3407 1663 3460 enim
1691 3414 1980 3462 consenta-

411 3515 574 3554 neum
610 3508 747 3562 erat,
782 3507 842 3553 ut
870 3499 952 3554 vel
978 3499 1244 3570 psalmus,
1267 3498 1353 3554 vel
1387 3497 1645 3569 hymnus,
1682 3497 1766 3552 vel
1806 3495 1979 3551 canti-

410 3607 537 3647 cum
566 3591 978 3654 inscriberetur,
1013 3605 1138 3645 cum
1169 3588 1479 3645 Iudaeorum
1510 3588 1731 3660 quidem
1761 3595 1975 3659 gentem

411 3683 479 3737 ad
506 3684 926 3739 exsultationem
958 3690 1168 3743 evocet.
1205 3681 1341 3753 ipsis
1371 3693 1551 3736 tamen
1598 3681 1978 3736 interminetur

408 3773 570 3837 iram,
599 3783 652 3829 et
674 3781 1066 3844 praeceptorum
1096 3773 1252 3829 linem
1272 3773 1521 3828 tristibus
1540 3769 1970 3826 circumscribat.

411 3863 682 3919 Observes
712 3881 873 3934 porro
893 3864 1263 3925 velim,sicuhi
1279 3864 1415 3919 alias
1437 3863 1490 3918 in
1518 3861 1798 3932 Scriptura
1818 3862 1972 3927 illud,

410 3954 596 4012 renite.
627 3955 831 4010 dictum
862 3957 952 4018 sit,
982 3956 1255 4025 quomodo
1280 3970 1374 4010 eos
1394 3955 1550 4025 quasi
1582 3955 1680 4009 abs
1699 3968 1757 4010 se
1785 3953 1979 4024 procul

410 4052 651 4100 remotos
687 4045 754 4099 ad
788 4046 1152 4101 accedendum
1188 4052 1462 4116 provocet.
1495 4041 1633 4097 Nota
1679 4044 1817 4135 item,
1852 4057 1975 4097 eam

409 4134 752 4191 vocationem
783 4151 997 4205 semper
1024 4136 1089 4191 ad
1121 4137 1318 4191 bonum
1354 4134 1575 4205 aliquod
1604 4133 1839 4204 dirigere
1871 4153 1885 4189 :
1918 4140 1977 4186 ut

410 4224 468 4280 in
498 4226 593 4281 illo
626 4243 640 4281 :
688 4225 885 4287 Venite,
928 4227 1051 4295 ﬁlii,
1081 4227 1260 4280 audite
1280 4243 1360 4281 me
1387 4227 1467 4294 ";
1500 4234 1554 4283 e:
1598 4243 1613 4279 :
1649 4224 1852 4289 Venite,
1887 4243 1976 4281 as—

409 4316 691 4371 cendamus
722 4315 792 4370 ad
819 4327 1044 4370 montem
1076 4316 1289 4371 Domini
1309 4317 1387 4382 ⁸³ς
1428 4324 1483 4372 et
1523 4335 1538 4372 :
1584 4316 1760 4371 Venite
1795 4318 1865 4371 ad
1895 4333 1977 4373 me

410 4423 585 4461 omnes
615 4407 704 4478 qui
728 4406 986 4461 laboratis
1017 4408 1097 4474 “;
1140 4416 1194 4462 et
1221 4423 1237 4460 τ
1281 4406 1476 4472 Venite,
1509 4408 1762 4462 benedicti
1793 4407 1973 4463 Patris
2002 4413 2049 4469 D

413 4499 515 4551 mei
543 4496 613 4553 ⁵³.
656 4497 712 4551 In
749 4497 851 4552 hoc
890 4506 1069 4553 autem
1102 4498 1312 4567 psalmo
1338 4499 1487 4552 clare
1538 4496 1605 4551 ad
1653 4497 1972 4553 exsultatio-

407 4602 534 4643 nem
567 4588 753 4642 venire
780 4595 1055 4657 provocat.
1080 4588 1260 4655 Quare
1289 4588 1544 4643 observes
1573 4588 1721 4651 item,
1752 4602 1863 4642 non
1888 4603 1974 4642 re-

409 4687 496 4732 cte
523 4678 792 4733 aestimare
828 4693 943 4741 eos,
1001 4678 1095 4748 qui
1129 4679 1320 4750 jugum
1357 4678 1640 4748 religionis
1697 4680 1853 4733 triste
1905 4693 1971 4733 ac

406 4768 696 4824 molestum
720 4784 844 4825 esse
869 4770 1207 4824 arbitrantur
1255 4790 1267 4824 :
1315 4771 1380 4823 aol
1415 4770 1553 4825 bona
1592 4770 1792 4840 quippe
1817 4778 1873 4826 et
1901 4771 1968 4825 ad

407 4859 530 4913 lazta
560 4859 898 4915 vocationem
938 4859 1070 4916 edit.
1099 4859 1197 4915 His
1237 4875 1522 4931 compares
1549 4860 1681 4915 illud
1725 4879 1741 4915 :
1786 4860 1971 4917 Disce-

404 4948 523 5004 dite.
566 4950 620 5004 in
669 4950 838 5021 ignem
865 4959 1118 5004 mternum
1161 4950 1230 5014 ⁸⁸,
1269 4958 1324 5006 et
1353 4950 1574 5014 similia,
1607 4966 1727 5020 quae
1759 4951 1971 5006 ratione

408 5042 572 5109 longe
601 5039 872 5094 contraria
909 5047 963 5095 et
984 5039 1199 5095 diversa
1230 5040 1300 5094 ab
1348 5040 1461 5103 illo,
1499 5042 1684 5105 venite,
1728 5049 1971 5111 peccato-

408 5130 564 5185 ribus
578 5127 859 5183 dicuntur.
890 5128 1156 5194 Quoniam
1184 5128 1447 5183 bellorum
1472 5136 1717 5200 tempore
1738 5133 1972 5186 victores

405 5220 638 5290 jubilare
682 5219 878 5278 solent.
915 5227 1077 5287 atque
1114 5218 1283 5272 altum
1324 5218 1667 5275 conclamare
1708 5221 1971 5277 adversus

408 5313 690 5378 inimicos;
724 5321 1026 5381 Opportune
1067 5326 1175 5365 non
1219 5310 1381 5365 modo
1414 5310 1648 5380 gaudere
1688 5318 1743 5366 et
1791 5314 1972 5366 exsul-

409 5407 546 5466 tare,
581 5402 675 5457 sed
716 5403 877 5456 etiam
910 5401 977 5455 de
1008 5410 1161 5471 parta
1209 5400 1434 5455 salutari
1466 5402 1695 5456 victoria
1737 5402 1971 5470 jubilare

408 5493 671 5563 praecipit.
697 5491 832 5559 Quis
853 5501 1031 5549 autem
1060 5492 1223 5548 fuerit
1248 5490 1496 5548 Salvator
1521 5502 1574 5548 et
1599 5492 1741 5549 Deus
1761 5504 1968 5559 noster,

2099 498 2358 570 ἀνομίας·
2386 500 2569 554 πάντα
2609 501 2717 571 γὰρ
2760 498 2936 571 κρίσει
2971 498 3153 570 δικαίᾳ
3185 500 3277 552 καὶ
3313 500 3444 571 ὀρθῷ
3484 503 3602 576 νόμῳ

2095 589 2312 655 διοικεὲς
2331 607 2344 622 ’
2378 589 2457 644 διὸ
2481 589 2786 658 πλάσσεις
2816 592 3003 645 κόπον
3020 588 3117 643 ἐπὶ
3141 591 3485 660 aspernantis,
3509 611 3603 648 του-

2094 679 2264 745 τέστι,
2290 679 2352 733 τὸ
2391 680 2720 753 πρόσταγμὰ
2767 697 2861 734 σου
2905 679 3088 734 κόπων
3115 678 3209 732 καὶ
3243 681 3485 749 καμάτων
3513 684 3601 737 ἐστι

2096 770 2376 842 ποιητικὸν
2424 771 2514 826 διὰ
2552 772 2649 834 τὰς
2704 770 2845 843 μετά
2879 772 3005 836 τοὺς
3043 771 3234 835 πόνους
3278 771 3607 842 διαδεξαμενος

2093 862 2128 916 ἀ
2134 861 2323 932 μοιδάς
2338 864 2465 927 τοὺς
2481 861 2657 927 καλῶς
2678 862 3116 933 ἀγωνισαμένους
3131 860 3222 915 καὶ
3240 862 3327 916 τὸν
3342 847 3490 916 κόπον
3504 883 3604 936 προ-

2095 950 2280 1022 θύμως
2309 955 2401 1006 καὶ
2426 955 2657 1018 εὐτόνως
2682 952 3093 1024 ὑπομείναντας.
3123 953 3511 1021 Θηρεύονουσιν
3529 954 3603 1007 ἑτι

2093 1042 2303 1111 ψυχὴν
2329 1042 2587 1107 δικαίου,
2616 1043 2712 1098 καὶ
2749 1039 2891 1111 αἷμα
2919 1041 3111 1097 ἀθῶον
3137 1041 3608 1098 καταδικάσονται.

2092 1134 2200 1190 Καὶ
2243 1134 2478 1204 ἐγένετό
2514 1152 2619 1204 μοι
2656 1137 2873 1202 Κύριος
2914 1136 3000 1199 εἷς
3044 1131 3422 1201 καταφυγὴν.
3464 1131 3543 1184 καί
3581 1135 3607 1186 d

2094 1225 2239 1292 Θεός
2266 1244 2384 1294 μου
2405 1227 2490 1291 εἰς
2523 1226 2755 1293 ,βοηθὸν
2776 1225 3023 1292 ἐλπίδος
3047 1242 3184 1294 μου.
3218 1221 3328 1277 Kal
3358 1220 3607 1277 ἀποδώσει

2089 1317 2414 1386 αὑτοῖςτὴν
2428 1318 2681 1387 ἀνομίαν
2703 1315 2919 1381 αὐτῶν,
2940 1318 3036 1371 καὶ
3051 1317 3202 1373 κατὰ
3224 1315 3342 1383 τὴν
3361 1315 3609 1381 πονηρίαν

2087 1406 2284 1462 αὐτῶν
2322 1407 2561 1477 ἁφανιεῖ
2591 1406 2814 1473 αὐτοὺς
2858 1407 3072 1475 Κύριος
3112 1409 3145 1460 ὁ
3190 1404 3335 1471 Θεὸς
3372 1401 3539 1473 ἡμῶν.
3562 1404 3609 1457 οι

2090 1501 2190 1571 μέν
2215 1499 2449 1564 ἀσεϐεῖς,
2479 1500 2662 1571 φησὶν,
2687 1498 2778 1552 ἐπὶ
2797 1497 3049 1551 τοσοῦτον
3069 1495 3165 1568 τὴν
3191 1495 3285 1549 τοῦ
3326 1495 3516 1547 δικαίου
3534 1493 3612 1562 ψυ-

2087 1591 2188 1664 χὴν
2212 1591 2533 1664 θηρεύσωσι
2558 1588 2778 1658 παγίσιν
2809 1586 2976 1658 αὐτὴν
3010 1587 3104 1641 καὶ
3130 1586 3368 1649 δικτύοις
3393 1585 3611 1655 περῶῶ-

2087 1683 2286 1749 λοντες,
2312 1683 2415 1743 ἕως
2445 1683 2533 1736 ὅτε
2577 1680 2672 1736 καὶ
2701 1680 2861 1753 μέχρι
2876 1679 3104 1734 θανάτου
3139 1677 3523 1750 περιελάσωσιν
3539 1676 3611 1729 αὖ·

2086 1775 2203 1847 τὴν,
2237 1768 2374 1846 αἷμα
2397 1772 2570 1827 ἀθῶον
2594 1770 3061 1836 καταδικάζοντες.
3090 1770 3206 1823 Οὐκ
3230 1766 3512 1841 ἀρκοῦνται
3527 1766 3614 1838 γὰρ

2084 1872 2202 1932 ταῖς
2225 1868 2312 1923 διὰ
2330 1868 2632 1940 χρημάτων
2648 1866 2888 1939 ζημίαις.
2909 1865 3029 1919 οὐδὲ
3053 1866 3173 1928 ταῖς
3191 1864 3336 1918 κατὰ
3356 1863 3445 1916 τοῦ
3470 1861 3614 1932 σῶμα·

2083 1976 2175 2024 τος
2198 1957 2306 2011 τῶν
2347 1958 2571 2013 δικαίων
2616 1957 2851 2028 πληγαῖς
2879 1973 2941 2010 τε
2988 1958 3080 2010 καὶ
3124 1954 3354 2018 αἰκίαις,
3388 1952 3513 2009 ἀλλὰ
3542 1952 3616 2007 καὶ

2083 2051 2181 2121 τὴν
2208 2049 2300 2103 ἐπὶ
2340 2048 2553 2119 θανάτῳ
2598 2048 2775 2119 ψῆφον
2807 2046 2925 2102 κατ’
2965 2045 3145 2100 αὐτῶν
3187 2044 3493 2116 ἐκφέρουσι.
3521 2045 3597 2097 Kh

2084 2141 2250 2192 κε’ίνοι
2277 2138 2374 2209 μὲν
2402 2135 2659 2190 τοιοῦτοι·
2687 2135 2798 2205 ἐγὼ
2819 2136 2875 2190 δέ
2899 2136 2994 2189 καὶ
3021 2134 3281 2188 τοιούτων
3303 2136 3619 2205 καταφρονεῖν

2087 2226 2438 2304 μεμαθηκὼς,
2470 2228 2562 2282 καὶ
2598 2227 2757 2300 μέχρι
2798 2226 3029 2281 θανάτου
3061 2225 3353 2298 εὐθαρσῶς
3383 2224 3614 2287 ῐσταοθαι,

2084 2320 2237 2385 εἰδὼς
2269 2320 2411 2392 ἔχειν
2436 2319 2656 2392 ἐμαυτῷ
2681 2320 3002 2390 καταφυγὴν
3033 2319 3123 2372 τὸν
3148 2319 3378 2391 Κύριον,
3403 2317 3491 2373 καὶ
3514 2317 3614 2389 goq-

2084 2413 2174 2467 θὸν
2206 2413 2418 2476 ἐλπίδος
2452 2428 2551 2483 μου
2579 2412 2669 2464 τὸν
2702 2410 2833 2464 Θεὸν
2870 2427 3001 2481 μουο
3027 2410 3086 2475 ὃς
3121 2410 3246 2481 ἐμοὶ
3279 2410 3380 2480 μὲν
3403 2408 3615 2481 βοηθήσει

2083 2504 2367 2573 καταφυγή
2404 2519 2502 2574 μου
2531 2502 2845 2572 γινόμενοςο
2878 2503 2989 2565 τοῖς
3013 2501 3069 2554 δὲ
3093 2499 3386 2572 θηρεύουσι
3424 2499 3514 2570 τὴν
3536 2496 3616 2567 ψυ-

2081 2594 2182 2667 χὴν
2196 2592 2290 2648 τοῦ
2314 2593 2543 2658 δικαίου,
2570 2594 2662 2646 καὶ
2686 2585 2822 2662 αἷμα
2844 2591 3017 2646 ἀθῶον
3032 2590 3502 2655 καταδικάζουσιν,
3518 2589 3617 2640 ἀπο-

2080 2684 2242 2737 δώσει
2274 2683 2369 2754 τὴν
2392 2681 2628 2753 ἀνομίαν
2647 2681 2824 2735 αὐτῶν
2846 2684 2927 2746 εἰς
2946 2680 3185 2751 κεφαλὴν
3205 2681 3409 2746 αὐτῶν,
3438 2680 3523 2733 καὶ
3541 2676 3618 2748 τὴν

2083 2774 2347 2847 πονηρίαν
2380 2773 2559 2828 αὐτῶν
2605 2773 2822 2846 στρέψει
2855 2773 2974 2827 κατ’
3013 2771 3191 2826 αὑτῶν
3232 2773 3301 2825 ἐν
3327 2770 3405 2841 τῷ
3443 2770 3531 2839 τῆς
3557 2769 3616 2822 δι-

2080 2864 2420 2937 καιοκρισίας
2462 2864 2660 2936 καιρῷ,
2698 2865 2784 2918 ὅτε
2815 2865 2909 2918 καὶ
2955 2864 3175 2934 ἀφανιετ
3211 2862 3412 2925 αὐτοὺς
3449 2860 3616 2931 Κύριος

2080 2956 2109 3008 ὸ
2128 2956 2259 3020 Θεὸς
2290 2955 2466 3028 ἡμῶν·
2496 2955 2577 3010 διὸ
2601 2956 2695 3010 καὶ
2718 2955 2849 3021 Θεὸς
2867 2955 3195 3026 ἐκδικήσεων
3228 2954 3359 3008 κατ’
3380 2950 3538 3024 ἀρχὰς
3558 2948 3616 3001 εἴ·

2083 3064 2245 3121 ρηται
2271 3047 2364 3101 τοῦ
2390 3047 2624 3119 ψαλμοῦ.

2641 3139 2933 3195 “mox
2966 3137 3077 3207 ιιισ.

2145 3230 2320 3285 Δεῦτε
2350 3231 2844 3300 ἁγωῑλιασώμεθα
2878 3229 2958 3296 τῷ
2989 3228 3204 3298 Κυρίῳ,
3250 3223 3617 3294 Mum

2074 3320 2154 3387 τῷ
2178 3318 2297 3386 Θεῷ
2312 3320 2390 3387 τῷ
2414 3320 2638 3390 Σωτῆρι
2654 3318 2838 3390 ἡμῶν.
2862 3321 2936 3375 Οὐ
2965 3319 3186 3390 φέρεται
3214 3319 3353 3389 παρ’
3380 3314 3615 3387 Ἑϐραίοις

2074 3414 2108 3485 ὴ
2139 3413 2429 3485 προγραφὴ
2448 3427 2465 3443 ⁸
2508 3411 2602 3465 καὶ
2646 3410 2900 3475 sitias-tor
2938 3409 3060 3464 οὔτε
3091 3408 3201 3481 γὰρ
3238 3407 3476 3480 ψαλμὸν,
3516 3404 3613 3459 οὔτε

2076 3501 2262 3572 ὕμνον,
2298 3500 2419 3556 οὔτε
2475 3501 2614 3573 ᾠδὴν
2657 3500 2873 3570 εὔλογον
2907 3496 2975 3572 ἦν
3024 3499 3375 3572 ἐπιγράφειν,
3413 3496 3498 3551 τὸν
3532 3511 3613 3548 κα-

2073 3593 2267 3646 λοῦντα
2301 3592 2397 3665 μὲν
2416 3593 2506 3647 τὸν
2549 3593 2814 3647 Ἰουδαίων
2843 3591 2969 3646 λαὸν
2999 3591 3093 3646 ἐπὶ
3117 3589 3457 3659 άγαλλίασιν,
3480 3588 3608 3642 ἀπε·

2074 3681 2269 3738 λοῦντα
2304 3682 2360 3738 δέ
2393 3683 2574 3747 αὐτοῖς
2604 3683 2772 3755 ὀργὴν
2803 3682 2895 3737 καὶ
2931 3680 3000 3734 τὰ
3032 3680 3157 3752 τέλη
3193 3679 3306 3733 τῶν
3338 3674 3613 3748 παραγγελ-

2079 3756 2262 3846 μάτων
2289 3774 2382 3828 ἐπὶ
2426 3773 2768 3846 σκυθρωποῖς
2797 3772 3224 3843 περιγράφοντα.
3260 3766 3541 3839 Σημιώοῃ
3566 3761 3611 3816 δὲ

2073 3863 2129 3917 εἴ
2152 3880 2254 3917 που
2288 3863 2382 3918 καὶ
2420 3862 2651 3934 ἀλλαχοῦ
2685 3863 2784 3933 τῆς
2812 3862 3033 3934 Γραφῆς
3059 3859 3139 3925 τὸ,
3172 3858 3370 3923 δεῦτε,
3408 3857 3608 3928 εἴρηαι,

2074 3954 2168 4007 xa‘t
2192 3951 2313 4006 τίνα
2342 3952 2538 4024 τρόπον
2561 3950 2637 4016 ὡς
2660 3949 2976 4020 ἀφεστῶτας
2999 3949 3093 4002 καὶ
3117 3947 3338 4020 μακρὰν
3357 3943 3609 4016 γεγονότας

2074 4042 2393 4116 πλησιάζειν
2416 4042 2566 4113 αὐτῷ
2584 4043 2738 4096 καλεῖ
2757 4059 2768 4072 ·
2794 4042 3051 4115 τηρήσεις
3066 4040 3160 4095 καὶ
3185 4040 3267 4094 ὅτι
3288 4040 3512 4096 nam
3531 4032 3608 4105 τὴν

2073 4135 2264 4206 κλῆσιν
2291 4135 2376 4187 ἐπ’
2408 4133 2596 4204 ἀγαθῷ
2624 4136 2874 4198 ποιεῖται,
2916 4133 2990 4196 ὡς
3021 4133 3080 4186 ἐν
3104 4130 3203 4202 τῷ,
3232 4131 3414 4185 Δεῦτε
3440 4125 3604 4187 τέχναν

2073 4224 2371 4282 ἀκούσατέ
2405 4243 2544 4295 μου,
2568 4225 2683 4289 καὶ,
2712 4224 2886 4279 Δεῦτε
2924 4222 3230 4293 ἀναόὥμεν
3267 4223 3360 4287 εἰς
3393 4219 3459 4274 τὸ
3498 4216 3608 4284 ὄρος

2073 4316 2314 4385 Κυρίου,
2340 4316 2453 4378 καὶ,
2485 4316 2663 4370 Δεῦτε
2693 4315 2844 4383 πρὸς
2865 4314 2944 4384 μὲ
2968 4312 3190 4378 πάντες
3211 4313 3266 4366 oi
3291 4308 3602 4370 κοπιῶντες.

2078 4407 2190 4469 καὶ,
2225 4406 2401 4459 Δεῦτε
2440 4407 2494 4461 oi
2538 4403 2925 4475 εὐλογημένοι
2965 4403 3071 4457 τοῦ
3113 4401 3345 4469 Πατρός
3372 4416 3499 4468 μου.
3537 4393 3605 4447 Ἕν

2074 4496 2132 4552 δὲ
2172 4497 2249 4569 τῷ
2304 4497 2441 4567 μετά
2472 4498 2660 4568 χεῖρας
2702 4493 2903 4567 ψαλμῷ
2954 4493 3140 4563 σαφῶς
3179 4492 3274 4547 ἐπὶ
3320 4487 3602 4560 ἀγαλλίασιν

2070 4588 2229 4659 ἥκειν
2258 4587 2583 4659 παρακαλεῖ.
2601 4586 2691 4640 Διὸ
2714 4583 3017 4657 σημειώσῃ,
3036 4585 3118 4637 ὃτι
3149 4583 3222 4655 μὴ
3245 4580 3427 4643 καλῶς
3448 4573 3604 4649 ἡγοῦν-

2073 4695 2163 4734 ται
2188 4682 2235 4733 οἱ
2269 4679 2587 4749 σκυθρωπὸν
2615 4679 2708 4733 καὶ
2744 4678 3004 4732 ἐπίλυπον
3035 4673 3345 4747 νομίζοντες
3383 4669 3510 4726 εἶναι
3530 4667 3602 4721 τὸν

2071 4771 2173 4841 τῆς
2202 4772 2506 4836 θεοσεϐείας
2540 4772 2728 4841 ζυγόν·
2761 4772 2844 4825 ἐπ’
2873 4770 3094 4840 ἀγαθοῖς
3119 4768 3228 4839 γὰρ
3262 4766 3356 4821 καὶ
3396 4760 3603 4835 φαιδροῖς

2074 4866 2304 4917 ποιεῖται
2327 4864 2424 4935 τὴν
2448 4862 2656 4933 κλῆσιν.
2681 4862 2900 4926 Τούτοις
2928 4860 3168 4930 παράθες
3194 4857 3272 4925 τὸ,
3305 4853 3603 4925 Πορεύεσθε

2072 4957 2158 5020 είς
2192 4956 2257 5009 τὸ
2282 4955 2401 5024 πῦρ
2441 4954 2506 5009 τὸ
2531 4955 2787 5019 αἰώνιον,
2818 4953 2911 5009 καὶ
2939 4953 3009 5008 τὰ
3041 4953 3220 5023 ὅμοια,
3259 4949 3507 5010 ἐναντίως
3536 4942 3599 5004 τὸν

2073 5044 2264 5108 δεῦτε,
2304 5050 2415 5110 τοῖς
2457 5046 2824 5120 ἁμαρτάνουσι
2861 5044 3143 5116 λεγόμενα.
3187 5040 3399 5112 Ἐπειδὴ
3428 5040 3482 5092 ἐν
3513 5034 3600 5093 ετοέ

2073 5141 2284 5209 καιροῖς
2321 5139 2427 5192 τῶν
2451 5138 2702 5209 πολέμων
2731 5139 2780 5191 οἱ
2806 5137 3062 5200 νικῶντες
3078 5132 3361 5199 ἀλαλάζειν
3385 5128 3595 5186 εἰώθασι.

2074 5232 2167 5284 καὶ
2197 5231 2337 5302 μέγα
2369 5231 2495 5302 βοᾷν
2517 5228 2658 5283 κατὰ
2687 5228 2797 5282 τῶν
2824 5227 3113 5299 πολεμίων,
3135 5226 3354 5288 εἰκότως
3376 5224 3434 5277 οὐ
3466 5217 3597 5291 μόνον

2073 5318 2278 5391 χαίρειν
2305 5319 2399 5373 καὶ
2436 5318 2713 5389 ἀγαλλιᾷν,
2748 5314 2884 5371 ἀλλά
2909 5317 3001 5370 καὶ
3025 5313 3305 5379 ἀλαλάζειν
3333 5310 3494 5378 irriti
3518 5322 3596 5358 σω·

2073 5408 2245 5479 τηρίῳ
2274 5407 2398 5480 νίκῃ
2428 5407 2768 5480 προστάττει.
2806 5407 2903 5470 Τίς
2924 5405 2970 5460 δ’
2998 5404 3064 5459 ἂν
3091 5404 3175 5477 εῐη
3209 5405 3238 5456 6
3263 5400 3443 5471 Σωτὴρ
3466 5394 3593 5468 ἡμῶν

2075 5497 2169 5550 καὶ
2197 5496 2332 5561 Θεὸς
2366 5497 2543 5569 ἡμῶν,
2579 5495 2613 5569 ἢ
2643 5500 2673 5551 ὁ
2700 5495 2797 5552 τοῦ
2835 5494 2971 5550 Θεοῦ
2999 5494 3169 5562 Λόγος
3206 5494 3236 5546 ὸ
3266 5487 3443 5557 εἰπὼν)
3471 5488 3588 5551 9⁸9⁸

477 5610 523 5640 ³⁸
559 5606 704 5669 Psal.
738 5621 942 5666 nam,
976 5605 1063 5660 12.
1140 5606 1187 5638 ⁸³
1229 5603 1332 5659 lsa.
1367 5621 1439 5667 ιι.
1474 5606 1525 5660 3.
1616 5607 1660 5638 "
1702 5605 1891 5675 Matth.
1927 5624 1978 5664 χι

2082 5607 2120 5663 3.
2196 5609 2242 5642 ⁸⁸
2281 5608 2469 5665 Matth.
2506 5626 2632 5674 xxv,
2670 5608 2763 5664 3-5..
2833 5609 2881 5643 "
2917 5607 3049 5665 ibid.
3086 5607 3174 5663 41.

480 5697 554 5782 (μ)
597 5697 752 5765 Vulg.
785 5698 965 5762 habet,
1004 5696 1139 5754 Laus
1165 5698 1356 5752 cantici
1388 5701 1484 5766 ipsi
1509 5699 1695 5754 David.
