3830 6288
176 332 303 391 {209

1280 326 1790 383 COMMENTARIA
1817 326 1883 382 IN
1924 326 2262 383 PSALMOS.

3262 339 3407 394 mo

172 450 341 511 σεῖτε,
385 445 499 516 ἐγὼ
523 445 810 515 νενίκηκα
838 444 944 499 τὸν
964 447 1222 515 κόσμον;
1253 449 1281 501 ὁ
1313 447 1407 498 καὶ
1434 445 1736 517 ῥυσάμενος

1851 447 1941 502 nisi
2004 446 2095 500 Dei
2144 445 2375 501 Verbum
2406 450 2551 517 quod
2594 450 2775 509 dixit:
2818 454 3110 525 Conﬁdite,
3164 473 3257 529 ego
3306 459 3404 513 vici

176 541 314 613 ἡμᾶς
342 538 454 592 ἀπὸ
480 538 577 607 τῆς
618 538 783 591 πάλαι
825 537 1271 607 κατακρατούσης
1297 537 1454 607 ἡμῶν
1493 537 1739 607 δαιμονιο

184 631 279 701 κῆς
320 628 611 700 ἐνεργείας,
657 622 717 681 οὗ
766 630 859 682 καὶ
898 629 957 682 τὸ
1004 627 1211 699 Ἰησοῦς
1257 628 1425 699 όνομα
1444 642 1739 696 σωτηριον

194 720 444 791 Ἐόραῖκῇ
498 721 646 789 φωνῇ
691 720 963 791 σημαίνει.
1012 719 1173 782 Τίνας
1211 718 1268 772 δὲ
1317 717 1741 789 προηγουμένως

181 814 207 865 6
230 811 380 878 λόγος
411 810 502 862 ἐπὶ
525 809 622 881 τὴν
645 811 955 878 ἀγαλλίασιν
977 808 1300 880 παρακαλεῖ,
1333 808 1512 881 εὕροις
1535 809 1601 863 ἂν
1622 811 1739 861 ἐπι-

183 904 377 973 στήσας
399 904 507 963 τοῖς
531 900 680 971 ἐξῆς,
710 903 768 954 ἐν
798 895 877 965 οἷς
905 899 1136 971 εἴρηται,
1169 901 1332 955 Κατὰ
1361 901 1477 969 τὴν
1516 899 1745 969 ἡμέραν

181 994 281 1048 τοῦ
316 992 645 1061 πειρασμοῦ
668 993 737 1045 ὲν
765 990 839 1059 τῇ
872 990 1086 1060 ἐρήμῳ,
1116 986 1189 1047 οὗ
1226 990 1554 1059 ἐπείρασάν
1587 1008 1665 1059 με
1688 993 1742 1044 ol

178 1085 425 1153 πατέρες
475 1081 659 1153 ὑμῶν.
700 1082 893 1153 Σαφῶς
920 1084 1029 1154 γὰρ
1056 1082 1145 1136 διὰ
1192 1081 1392 1136 τούτων
1436 1083 1587 1155 δηλοῖ
1616 1083 1743 1145 τοὺς

178 1178 322 1239 υἱοὺς
351 1176 459 1228 τῶν
500 1177 556 1227 ἐν
592 1178 655 1245 τῇ
699 1177 887 1247 ἐρήμῳ
922 1174 1471 1245 παραπικρανάντων,
1515 1172 1670 1243 δῆλον
1697 1172 1742 1225 δ’

173 1270 252 1321 ὅτι
270 1268 395 1329 τοὺς
414 1267 479 1319 ἐκ
503 1267 819 1337 περιτομῆς.
843 1267 1073 1329 Τούτους
1092 1265 1376 1337 τοιγαροῦν
1398 1264 1744 1318 ἀνακαλεῖται

172 1359 374 1425 λέγων’
411 1357 588 1410 Δεῦτε
607 1355 1099 1426 ἀγαλλιασώμεθα
1131 1357 1211 1422 τῷ
1245 1357 1455 1425 Κιιρίῳ.
1484 1356 1742 1419 Θεσπίξει

169 1450 212 1504 δ’
242 1451 325 1503 ὅτι
362 1449 436 1520 μὴ
477 1448 866 1502 ὑπακούσονται
900 1451 964 1519 τῇ
1001 1449 1224 1520 κλήσειο
1258 1449 1404 1516 λέγει
1435 1449 1479 1501 δ’
1505 1444 1599 1502 οὖν
1647 1448 1742 1500 ἐπὶ

172 1544 337 1597 τέλει’
382 1541 498 1595 Ἀεὶ
542 1540 883 1595 πλανῶνται
912 1539 987 1609 τῇ
1034 1539 1267 1609 καρδίᾳ.
1310 1540 1489 1593 Αὐτοὶ
1527 1538 1595 1593 δὲ
1633 1540 1742 1592 οὐκ

170 1636 448 1704 ἔγνωσαν
474 1634 581 1699 τὰς
628 1632 807 1699 ὁδούς
838 1650 979 1701 μου,
1031 1632 1112 1697 ὠς
1140 1630 1348 1701 ὤμοσα
1372 1632 1443 1685 ἑν
1477 1630 1554 1699 τῇ
1595 1628 1741 1700 ὀργῇ

168 1742 303 1795 μου,
342 1726 399 1778 ει
436 1724 884 1778 εἰσελεύσονται
919 1724 1006 1789 είς
1042 1723 1157 1794 τὴν
1188 1722 1567 1777 κατάπαυσίν
1599 1739 1737 1790 μου.

1838 536 2090 590 mundum
2105 538 2172 600 ",
2204 545 2365 607 atque
2381 556 2479 593 nos
2509 540 2576 595 ab
2609 544 2809 600 eflicaci
2853 548 2942 602 illa
2966 550 3269 605 dtemonum
3292 550 3404 602 vir-

1839 638 1952 685 tute
1972 670 1987 695 ,
2048 646 2169 700 quae
2202 632 2359 685 nobis
2378 632 2503 685 olim
2527 632 2928 702 dominabatur,
2944 641 3224 706 liberavit;
3247 639 3407 707 cujus

1840 737 2036 775 nomen
2068 720 2245 787 Jesns,
2296 724 2531 777 salutare
2582 723 2846 781 Hebraice
2888 729 3195 800 signiﬁcat?
3222 729 3408 796 Quos-

1840 829 1965 867 nam
1999 829 2130 868 vero
2162 815 2429 885 praecipue
2462 814 2527 869 ad
2562 817 2978 874 exsultationem
3022 829 3277 892 provocet
3313 819 3410 873 dc-

1841 903 2167 973 prebendes,
2213 905 2257 959 si
2285 906 2600 962 consideres
2641 922 2702 961 ea
2734 923 2855 976 qua:
2885 920 3209 979 sequuntur,
3240 918 3293 967 et
3326 910 3412 966 sic

1842 995 2063 1061 habent,
2104 997 2399 1051 Secundum
2452 999 2589 1053 diem
2621 1002 2926 1055 tentationis
2962 1004 3016 1056 in
3051 1003 3275 1069 deserto,
3315 1003 3415 1057 ubi

1844 1098 2174 1143 tentaverunt
2204 1106 2284 1143 me
2311 1099 2487 1157 patres
2518 1092 2691 1144 vestri.
2722 1090 2983 1147 llis'enim
3015 1094 3304 1150 manifeste
3332 1093 3413 1149 si-

1841 1178 2062 1249 gniﬁcat
2090 1178 2227 1233 filios
2254 1194 2440 1233 corum
2467 1179 2559 1249 qui
2586 1180 2637 1233 in
2671 1181 2890 1236 deserto
2935 1183 3409 1239 exacerbaverunt

1840 1285 1989 1331 eum,
2022 1268 2138 1323 sive
2188 1270 2448 1339 populum
2500 1284 2564 1323 ex
2616 1270 3053 1327 circumcisione.
3106 1271 3216 1327 llos
3244 1273 3413 1343 igitur

1840 1369 2030 1414 evocat
2055 1358 2264 1424 dicens,
2293 1359 2487 1421 Venite,
2514 1360 2834 1415 exsultemus
2866 1362 3109 1416 Domino.
3135 1361 3412 1417 Vaticina-

1843 1456 1931 1516 tur
1962 1462 2144 1516 porro,
2171 1462 2267 1501 cos
2294 1448 2564 1502 vocationi
2598 1463 2705 1502 non
2740 1450 3208 1519 obtemperaturos
3239 1468 3363 1508 esse
3393 1476 3410 1511 .'

1841 1538 1917 1592 an
1946 1538 2090 1593 enim
2121 1540 2223 1593 sub
2254 1538 2412 1592 linem
2442 1558 2454 1593 :
2489 1540 2703 1608 Semper
2725 1551 2905 1594 errant
2933 1543 3106 1598 corde.
3142 1542 3254 1611 Ipsi
3295 1561 3421 1600 vero

1842 1645 1948 1683 non
1982 1639 2327 1698 cognoverunt
2356 1630 2465 1683 vias
2507 1647 2669 1694 meas,
2696 1633 2831 1685 sicut
2855 1632 3036 1700 juravi
3065 1635 3118 1686 in
3141 1635 3222 1686 ira
3254 1652 3369 1689 mea
3393 1674 3410 1697 ,

1844 1721 1890 1775 si
1939 1721 2229 1774 introibant
2266 1722 2321 1775 in
2348 1723 2572 1791 requiem
2604 1740 2794 1777 meam.
2826 1722 3093 1789 Quoniam
3146 1724 3309 1795 igitur
3336 1724 3419 1780 illi

181 1818 331 1871 Ἐπεὶ
361 1812 458 1871 οὖν
488 1818 683 1870 ἐκεῖνοι
714 1817 801 1869 ἀεὶ
833 1816 1136 1870 πλανῶνται
1165 1818 1231 1887 τῇ
1273 1815 1489 1887 καρδίᾳ,
1520 1813 1742 1878 εἰκότως

1851 1823 2056 1881 semper
2084 1818 2273 1866 errant
2325 1814 2521 1877 corde;
2558 1815 2750 1868 merito
2803 1816 3148 1885 subsequens
3174 1818 3421 1885 psalmus

167 1910 196 1963 6
221 1908 615 1979 ἐπιφερόμενος
668 1908 794 1978 ἑξῆς
824 1905 1033 1977 eam;
1078 1906 1147 1960 τὰ
1200 1906 1325 1975 ἔθνη
1376 1907 1548 1959 πάντα
1592 1904 1744 1958 καλεῖ

167 1998 257 2051 ἐπὶ
286 1997 349 2050 τὸ
403 1997 589 2051 καινὸν
620 1992 790 2069 ᾆσμα,
842 1997 935 2051 καὶ
966 1995 1058 2051 ἐπὶ
1099 1996 1195 2068 τὴν
1224 1997 1280 2048 ἐν
1331 1994 1450 2066 Θεῷ
1487 1994 1742 2063 ἀγαλλία-

168 2106 272 2141 σιν.

235 2180 686 2249 Προφθάσωμεν
707 2180 770 2235 τὸ
800 2182 1123 2248 πρόσωπον
1146 2178 1330 2233 αὑτοῦ
1355 2178 1423 2231 ἐν
1463 2178 1745 2247 ἐξομολο-

165 2272 361 2343 γήσει,
406 2274 509 2325 καὶ
553 2273 622 2325 ἐν
670 2271 929 2341 ψαλμοῖς
973 2270 1369 2339 ἀλαλάξωμεν
1400 2268 1575 2334 αὐτῷ.
1619 2268 1744 2322 Ἐπὶ

166 2364 264 2435 μὲν
293 2364 395 2433 τῆς
426 2362 648 2436 πρώτης
669 2362 832 2417 αὑτοῦ
851 2362 1150 2435 παρουσίας
1175 2350 1237 2414 τὸ
1270 2362 1557 2432 πρόσωπον
1580 2358 1742 2413 αὐτοῦ

162 2456 224 2509 τὸ
253 2456 447 2509 ἔνθεον
476 2456 796 2527 ἀποκρύψας
816 2458 844 2510 6
880 2455 971 2509 τοῦ
1005 2454 1139 2509 Θεοῦ
1170 2454 1358 2523 Λόγος,
1387 2453 1486 2524 τὴν
1506 2451 1599 2505 τοῦ
1621 2451 1742 2505 δού-

163 2545 255 2600 λου
293 2548 516 2619 μορφὴν
545 2547 912 2619 περιεϐάλετοο
940 2547 1018 2599 διὸ
1032 2546 1265 2617 εἴρηταιο
1310 2547 1650 2612 Ἀνθρωπος
1675 2542 1745 2596 ἐν

164 2637 376 2707 πληγῇ
402 2638 517 2701 ὢν,
546 2640 642 2693 καὶ
669 2638 839 2705 εὶὸὼς
866 2639 1069 2709 φέρειν
1117 2639 1455 2707 μαλακίαν
1498 2636 1587 2689 ὅτι
1627 2637 1742 2689 ἀπ·-

160 2728 431 2798 έστρεψε
466 2730 531 2783 τὸ
562 2733 885 2798 πρόσωπον
911 2730 1117 2795 αὐτοῦ,
1152 2728 1471 2798 ἡτιμάσθη,
1498 2728 1593 2781 καὶ
1626 2730 1737 2781 οὐκ

160 2822 485 2891 ἐλογίσθη.
529 2821 649 2875 Ἐπὶ
682 2822 739 2875 δὲ
773 2823 872 2892 τῆς
911 2822 1170 2893 δευτέρας
1219 2820 1382 2874 αὐτοῦ
1441 2818 1745 2891 παρουσίας

159 2912 679 2983 ἀνακεκαλυμμένῳ
710 2911 985 2983 προσώπῳ
1016 2914 1111 2965 καὶ
1153 2911 1292 2982 μετὰ
1332 2910 1611 2981 δυνάμεως
1651 2911 1746 2963 καὶ

159 2996 319 3066 δόξης
356 2997 571 3067 πολλῆς
597 2999 965 3068 ἐπιστήσεται·
1003 2998 1188 3069 διόπερ
1215 2999 1242 3050 6
1267 2997 1441 3065 λόγος,
1473 2996 1745 3068 προτάξας

157 3088 225 3141 τὰ
266 3087 552 3161 εἰρημένα
581 3087 669 3141 διὰ
709 3089 819 3143 τῶν
860 3088 1112 3160 πρώτων,
1146 3090 1289 3160 άπερ
1327 3088 1495 3160 ἐχρῆν
1524 3088 1745 3158 ἐπὶ“τῆς

158 3181 450 3254 προτέρας
478 3172 643 3235 αὐτοῦ
672 3183 973 3254 παρουσίας
1002 3183 1281 3254 πράττειν,
1301 3181 1425 3252 ἑξῆς
1441 3179 1748 3243 ἀκολούθως

155 3269 259 3340 τῆς
294 3271 575 3341 δευτέρας
633 3272 796 3327 αὑτοῦ
838 3272 934 3325 καὶ
976 3272 1187 3338 ἐνδόξου
1235 3272 1559 3341 ἐπιφανείας
1610 3271 1746 3323 ὑπο-

155 3364 500 3433 μιμνήσκει,
525 3346 1027 3434 παρακελευόμενος
1047 3361 1335 3434 προϐαλεῖν
1349 3361 1411 3415 τὸ
1432 3361 1643 3433 μέλλον,
1656 3360 1750 3415 καὶ

158 3456 500 3526 προφθάσαι
525 3455 585 3508 τὸ
608 3456 898 3529 πρόσωπον
934 3454 1098 3510 αὐτοῦ
1124 3457 1181 3509 ἐν
1206 3455 1606 3527 ἐξομολογήσει.
1636 3456 1751 3507 Κα-

152 3541 245 3595 λὸν
268 3543 385 3615 γάρ
412 3543 734 3615 προφθάσαι
768 3545 861 3599 καὶ
886 3544 1195 3617 προλαϐεῖν,
1234 3546 1329 3599 καὶ
1356 3544 1485 3619 πρὶν
1518 3544 1751 3615 φανῆναι

159 3633 224 3686 τὸ
254 3635 559 3706 πρόσωπον
591 3636 753 3689 αὑτοῦ
787 3635 1015 3700 ἔνδοξον,
1047 3637 1131 3705 ἐφ’
1156 3633 1237 3701 οἷς
1266 3636 1583 3708 ἡμάρτομεν
1613 3638 1750 3691 ἁπο-

160 3724 445 3798 κάθαρσιν
476 3726 688 3790 ἑαυτοῖς
714 3726 1037 3797 πορίσασθαι
1056 3727 1144 3782 διὰ
1163 3728 1263 3798 τῆς
1292 3728 1748 3800 ἐξομολογήσεως.

159 3817 388 3871 Γένοιτο
413 3818 459 3872 δ’
500 3817 625 3889 ἂνή
666 3817 1052 3888 ἐξομολόγησις
1078 3820 1296 3890 γνησία,
1335 3823 1383 3873 εί
1426 3822 1482 3874 ἐν
1519 3821 1754 3891 ψαλμοῖς

157 3909 539 3980 ἐλαλάζωμεν
581 3909 749 3979 αὐτῷ,
794 3910 1037 3963 τουτέστι
1082 3910 1169 3964 διὰ
1218 3910 1326 3963 τῶν
1373 3911 1620 3983 ὀργάνων
1654 3916 1752 3984 τῆς

158 4001 367 4071 ψυχῆς,
411 4002 557 4072 άπερ
596 4001 713 4053 ἐστὶ
744 4002 813 4055 τὰ
846 4001 1103 4073 σώματα·
1137 4002 1203 4054 δι’
1232 3996 1307 4054 ὧν
1358 4003 1620 4073 προσήκει
1664 4004 1755 4057 τὸν

160 4090 516 4161 καλούμενον
555 4090 867 4160 ἀλαλαγμὸν
907 4090 1192 4153 ἐπιτελεῖν,
1238 4091 1337 4161 βίῳ
1376 4090 1615 4162 σώφρονι
1660 4094 1757 4146 καὶ

161 4183 425 4254 πολιτείᾳ
453 4182 694 4253 ἐναρέτῳ
739 4183 838 4254 τὴν
861 4182 955 4237 τοῦ
982 4183 1128 4236 θείου
1156 4182 1295 4236 Πνεύ
1305 4200 1472 4255 ματος
1495 4184 1758 4255 ἁρμονίαν

156 4275 257 4328 καὶ
307 4276 409 4327 τὸν
463 4273 617 4342 ἅγιον
671 4274 876 4345 ῥυθμὸν
932 4275 1426 4345 ἐπιδεικνυμένους.
1477 4275 1659 4328 Ταῦτα
1702 4274 1759 4328 δὲ

159 4364 613 4437 προηγουμένως
651 4366 790 4437 πρὸς
831 4366 921 4419 τὸν
980 4366 1249 4419 Ἰουδαίων
1307 4365 1554 4419 λέλεκται
1606 4365 1756 4428 λαὸν,

1841 1916 2035 1956 omnes
2065 1910 2254 1972 gentes
2278 1904 2344 1957 ad
2368 1904 2640 1958 canticum
2670 1920 2893 1970 novum,
2921 1916 2974 1961 et
3004 1908 3071 1962 ad
3093 1908 3417 1963 exsultatio--

1842 2008 1965 2046 nem
2001 1992 2053 2047 in
2086 1992 2195 2047 Deo
2231 2002 2507 2063 provocat.

1916 2186 2077 2241 Vens.
2098 2188 2152 2240 2.
2193 2184 2622 2255 Prtroccnpemus
2646 2186 2834 2255 faciem
2850 2185 2964 2254 ejus
2989 2185 3041 2238 in
3067 2182 3421 2253 confessione,

1839 2274 1966 2328 etin
2000 2274 2219 2343 psalmis
2242 2274 2529 2343 jubilemus
2561 2276 2627 2330 ei.
2660 2274 2715 2329 In
2747 2275 2922 2344 primo
2949 2272 3164 2343 quidem
3184 2273 3422 2326 adventu

1842 2365 2206 2428 suo,divinam
2224 2379 2377 2418 suam
2396 2366 2676 2420 occultans
2695 2363 3009 2427 faciem,Dei
3030 2361 3260 2417 Verbum
3280 2360 3422 2417 servi

1843 2456 2070 2510 formam
2091 2455 2266 2509 induit
2287 2473 2299 2508 :
2323 2470 2491 2524 quare
2510 2455 2714 2509 dictum
2738 2465 2813 2509 cst
2827 2495 2841 2518 ,
2873 2453 3041 2505 llomo
3062 2454 3113 2504 in
3132 2453 3289 2522 plaga
3305 2467 3429 2505 con-

1843 2548 2083 2610 stitutus,
2114 2555 2162 2599 et
2186 2547 2353 2599 sciens
2375 2546 2509 2615 ferre
2527 2546 2926 2615 inﬁrmitatem;
2956 2546 3204 2614 quoniam
3236 2542 3426 2596 avertit

1843 2637 2042 2691 vultum
2073 2653 2223 2690 suum
2245 2677 2259 2701 ,
2297 2618 2644 2691 inhonoratus
2676 2644 2776 2700 est,
2809 2651 2901 2688 nec
2965 2643 3236 2703 reputatus
3250 2633 3316 2686 ⁸⁸.
3362 2630 3426 2687 In

1845 2729 2088 2783 secundo
2138 2738 2318 2782 autem
2379 2727 2616 2781 adventu
2675 2741 2797 2791 suo,
2835 2726 3071 2780 revelata
3105 2722 3262 2787 facie,
3297 2738 3424 2778 cum

1845 2826 2111 2889 potestate
2142 2825 2194 2873 et
2215 2818 2386 2887 gloria
2411 2832 2606 2888 magna
2636 2818 2811 2872 aderit
2842 2836 2855 2872 :
2883 2814 3233 2885 quamobrem
3276 2813 3430 2869 Scri—

1846 2921 2029 2981 ptura,
2072 2911 2371 2980 praemissis
2413 2909 2481 2963 iis
2519 2923 2641 2978 quae
2682 2908 2829 2962 dicta
2883 2916 3009 2961 sunt
3044 2906 3097 2960 in
3131 2892 3423 2977 principio,

1846 3018 1967 3073 quae
1992 3003 2045 3056 in
2067 3001 2244 3071 primo
2272 3000 2503 3054 adventu
2532 3000 2651 3070 ejus
2674 2998 2883 3054 edenda
2916 3006 3096 3063 erant,
3132 2998 3257 3051 hinc
3287 3012 3423 3051 con-

1848 3099 2138 3162 sequenter
2195 3089 2491 3147 secundum
2543 3098 2597 3145 et
2653 3090 2948 3161 gloriosum
2976 3090 3095 3159 ejus
3134 3089 3425 3144 adventum

1850 3189 2262 3248 cmnmemorat,
2287 3182 2545 3253 iubetque
2575 3181 2758 3237 futura
2782 3189 3125 3253 praevertere,
3144 3189 3198 3237 et
3231 3181 3426 3236 faciem

1850 3277 1970 3346 ejus
1993 3277 2046 3330 in
2075 3274 2419 3331 confessione
2448 3274 2909 3345 praeoccuparet)
2933 3291 2990 3330 re
3010 3289 3243 3344 namque
3266 3273 3427 3328 fuerit

1851 3374 2210 3431 antevenere,
2235 3373 2396 3437 atque
2416 3367 2714 3437 gloriosum
2731 3367 2851 3437 ejus
2878 3367 3082 3421 vultum
3109 3366 3427 3438 praevenire,

1849 3465 1905 3513 et
1936 3466 2227 3527 antequam
2274 3458 2512 3528 gloriosa
2561 3457 2683 3526 ejus
2724 3458 2894 3513 facies
2920 3465 3199 3529 appareat,
3231 3473 3431 3527 purga-

1851 3548 2054 3603 tionem
2088 3547 2412 3603 delictorum
2448 3564 2545 3618 per
2581 3548 2984 3604 confessionem
3028 3550 3189 3603 nobis
3234 3564 3431 3619 procu-

1852 3656 1994 3695 rare.
2022 3640 2311 3695 Confessio
2343 3649 2524 3696 autem
2557 3642 2772 3695 sincera
2802 3649 2855 3695 et
2887 3655 3145 3711 germana
3178 3640 3356 3701 fuerit,
3381 3640 3431 3695 si

1853 3734 1908 3788 in
1956 3734 2179 3803 psalmis
2224 3733 2519 3802 jubilemus
2545 3733 2617 3795 ei,
2651 3732 2703 3785 id
2734 3740 2838 3797 est,
2872 3747 2967 3801 per
2994 3732 3186 3785 animae
3224 3731 3433 3785 instru-

1852 3830 2061 3887 menta,
2108 3836 2229 3892 qua:
2284 3830 2415 3876 sunt
2445 3836 2676 3890 corpora
2707 3831 2896 3877 nostra
2938 3840 2950 3875 :
2981 3821 3138 3891 queis
3177 3822 3433 3877 convenit

1855 3915 2023 3977 illam,
2053 3923 2112 3968 ut
2141 3921 2321 3975 vocat,
2340 3913 2711 3979 iubilationem
2743 3928 2839 3983 per
2862 3913 3024 3966 vitam
3054 3913 3335 3967 honestam
3365 3929 3433 3970 ac

1854 4004 2075 4059 virtutis
2098 4003 2408 4057 institutum
2430 4000 2760 4072 persolvere,
2775 4016 2841 4056 ac
2854 4000 3024 4055 divini
3047 4000 3283 4073 Spiritus
3303 4004 3430 4056 har-

1855 4096 2093 4149 moniam
2129 4109 2454 4163 sacrumque
2483 4101 2814 4147 concentum
2845 4094 3121 4149 exhibere.
3157 4092 3280 4149 Ilaec
3312 4110 3433 4165 por-

1856 4200 1920 4239 ro
1943 4184 2253 4239 Judteorum
2287 4186 2586 4253 prtesertim
2623 4184 2823 4255 populo
2855 4184 3134 4253 dicuntur,
3178 4202 3435 4243 sermone

1859 4278 2008 4346 ipsos
2036 4277 2104 4331 ad
2131 4276 2431 4331 Salvatoris
2475 4278 2647 4331 nostri
2679 4274 3043 4347 cegnitionem
3080 4287 3427 4348 provocante.

1859 4366 2111 4420 Attamen
2135 4366 2295 4420 nobis
2316 4365 2480 4418 etiam
2505 4366 2760 4421 omnibus
2780 4366 2892 4420 ba‘c
2922 4374 3225 4435 opportune
3259 4368 3432 4436 appli-

156 4457 629 4528 προκαλουμένου
659 4458 855 4520 αὐτοὺς
882 4456 975 4510 τοῦ
1007 4457 1164 4526 λόγου
1197 4457 1290 4510 ἐπὶ
1322 4456 1419 4528 τὴν
1446 4456 1540 4509 τοῦ
1570 4456 1742 4523 Σωτῆ-

1861 4466 2056 4513 centur
2080 4475 2093 4511 :
2120 4488 2193 4498 --
2214 4455 2378 4511 Vens.
2434 4457 2485 4511 '5.
2519 4456 2784 4522 Quoniam
2824 4456 2961 4511 Deus
2989 4474 3210 4527 magnus
3251 4457 3431 4510 Denti-

159 4567 258 4621 ρος
312 4548 487 4620 ἡμῶν
525 4547 725 4615 γνῶσιν
745 4564 756 4576 ·
792 4548 939 4617 ὅμως
971 4547 1028 4600 δὲ
1062 4548 1156 4601 καὶ
1189 4546 1324 4618 πρὸς
1372 4547 1578 4611 πάντας
1608 4549 1756 4618 ἡμᾶς

152 4641 470 4711 χρησίμως
503 4638 566 4692 ἂν
589 4639 987 4710 ἐφαρμοσθείη.
1019 4640 1135 4692 Ὅτι
1164 4640 1306 4705 Θεὸς
1334 4638 1521 4708 μέγας
1544 4640 1757 4706 Κύριος

156 4731 265 4784 καὶ
308 4730 627 4797 βασιλεὺς
649 4732 838 4800 μέγας
864 4731 963 4784 ἐπὶ
990 4730 1222 4797 πάντας
1262 4731 1404 4795 τοὺς
1441 4731 1633 4795 θεούς.
1675 4729 1756 4784 Τὰ

156 4820 621 4896 παρηγγελμένα
652 4821 747 4874 διδιΔ
766 4821 873 4874 τῶν
907 4821 1212 4893 ἔμπροσθεν
1240 4822 1297 4873 ἐν
1324 4820 1402 4890 τῷ
1434 4821 1623 4891 Κυρίῳ
1660 4819 1756 4874 καὶ

157 4914 397 4985 Σωτῆρι
440 4911 620 4981 ἡμῶν,
666 4911 866 4982 δηλαδὴ
895 4910 973 4981 τῷ
1002 4911 1094 4964 τοῦ
1124 4911 1259 4964 Θεοῦ
1306 4912 1485 4981 Λόγῳ,
1517 4910 1757 4963 ἐπιτελε-

157 5006 351 5069 στὲον,
383 5002 482 5056 διά
498 5020 556 5055 τε
587 5002 656 5056 τὰ
683 5001 837 5068 ἄλλα,
865 5004 958 5056 καὶ
987 5003 1118 5056 διότι
1140 5002 1299 5071 φύσει
1327 5003 1499 5073 μέγας
1530 5002 1603 5055 ὢν
1628 5002 1760 5065 Θεὸς

154 5098 259 5151 καὶ
301 5095 496 5167 μέγας
525 5094 779 5165 τυγχάνει
816 5095 1083 5165 βασιλεὺς,
1120 5095 1215 5147 ἅτε
1250 5092 1541 5165 μονογενὴς
1569 5093 1644 5147 ὢν
1666 5092 1759 5146 τοῦ

150 5189 301 5243 Θεοῦ
343 5187 549 5254 Λόγος.
596 5187 857 5250 Βασιλεὺς
904 5187 963 5241 δὲ
1014 5187 1187 5257 μέγας
1236 5187 1384 5239 ἐστὶν
1430 5188 1524 5240 ἐπὶ
1555 5187 1763 5248 πάντας

150 5282 293 5344 τοὺς
326 5278 528 5341 θεοὺς,
573 5278 606 5348 ἦ
636 5278 777 5331 κατὰ
802 5275 895 5331 τὸν
945 5277 1261 5347 Σύμμαχον,
1288 5277 1488 5330 ἐπάνω
1521 5276 1762 5330 πάντων

148 5354 283 5425 τῶν
303 5365 480 5426 θεῶν
499 5385 513 5399 ο
548 5370 665 5439 ῆτοι
686 5368 794 5421 τῶν
833 5368 1261 5439 πεπλανημένως
1287 5368 1435 5440 παρὰ
1450 5372 1562 5431 τοῖς
1587 5368 1760 5421 ἔθνεσι

144 5458 615 5532 νενομισμένων
652 5460 817 5531 ῆτῶν
851 5461 1074 5513 Μωῦσεί
1115 5459 1528 5529 παραπλησίων,
1553 5452 1759 5529 ᾧεῐρη-

140 5575 266 5621 ται,
314 5552 579 5608 Τέθεικά
611 5568 683 5605 σε
715 5551 852 5605 θεὸν
872 5548 1097 5605 Φαοαώθ
1134 5550 1168 5613 ἢ
1200 5550 1337 5604 Θεῶν
1360 5550 1486 5622 περὶ
1506 5544 1581 5605 ὧν
1612 5550 1758 5623 εἴρη-

218 5712 271 5766 εἶ
313 5710 505 5767 1mm.
543 5725 664 5765 3m.
701 5709 786 5764 55.
864 5710 908 5743 ⁸⁸
951 5707 1051 5763 lsa.
1090 5724 1219 5764 Lm.
1256 5707 1308 5763 5.

1861 4566 1982 4613 nus,
2027 4558 2075 4604 et
2132 4566 2224 4604 rex
2267 4568 2485 4621 magnus
2519 4566 2674 4618 super
2716 4566 2891 4603 omnes
2932 4549 3075 4603 deos.
3109 4549 3240 4614 Quae
3275 4550 3433 4618 prius

1861 4650 2128 4712 praecepta
2163 4652 2217 4697 et
2266 4643 2523 4696 mandata
2564 4641 2736 4702 fuere.
2774 4642 2829 4695 in
2874 4640 3101 4695 Domino
3138 4648 3193 4694 et
3237 4639 3433 4694 Serva-

1861 4741 1981 4787 tore
2012 4741 2220 4797 nostro,
2245 4734 2456 4789 scilicet
2484 4735 2537 4787 in
2581 4732 2676 4788 Dei
2709 4730 2885 4787 Verbo
2919 4732 3238 4802 complenda
3272 4741 3429 4797 sunt;

1860 4827 1975 4874 tum
2027 4822 2151 4877 aliis
2201 4821 2269 4877 de
2313 4823 2519 4887 causis,
2550 4830 2667 4876 tum
2717 4820 2845 4891 quia
2893 4837 3016 4875 eum
3064 4832 3256 4875 natura
3287 4820 3431 4877 Deus

1864 4928 2095 4982 magnus
2127 4917 2218 4978 sit,
2251 4931 2480 4984 magnus
2518 4914 2647 4968 item
2680 4928 2775 4967 rex
2805 4912 2989 4978 fuerit,
3029 4919 3217 4983 utpote
3245 4913 3432 4983 unige-

1861 5002 2038 5056 nitum
2080 5002 2175 5057 Dei
2206 5002 2463 5059 Verbum.
2493 5003 2589 5060 Est
2619 5012 2797 5059 autem
2852 5018 2946 5057 rex
3001 5017 3231 5071 magnus
3269 5016 3435 5070 super

1862 5109 2049 5149 omnes
2078 5094 2246 5159 deos;
2286 5095 2420 5157 sive,
2462 5094 2760 5151 secundum
2815 5093 3223 5164 Symmachum,
3259 5091 3433 5160 Supra

1863 5200 2039 5237 omnes
2068 5183 2231 5257 deos;
2264 5184 2517 5237 videlicet
2564 5198 2660 5237 eos
2697 5182 2789 5251 qui
2826 5181 3067 5251 gentium
3120 5192 3306 5257 errore
3357 5175 3431 5228 dii

1863 5291 1986 5331 esse
2022 5254 2308 5345 putantur;
2347 5275 2461 5328 sive
2514 5287 2631 5334 eos,
2663 5272 2755 5342 qui
2810 5270 2979 5341 Moysi
3026 5254 3231 5324 similes
3283 5276 3432 5330 sunt,

1866 5369 1954 5421 cui
1977 5368 2179 5421 dictum
2202 5376 2285 5419 est
2304 5365 2493 5419 :Posui
2509 5374 2557 5418 te
2574 5364 2742 5418 Deum
2758 5362 3056 5415 Pharaonis
3075 5361 3142 5426 ";
3164 5361 3277 5415 sive
3299 5358 3436 5413 deos

1866 5458 1932 5511 de
1964 5458 2163 5526 quibus
2194 5457 2307 5509 luet:
2337 5456 2616 5517 dicuntur,
2650 5453 2789 5507 Deus
2826 5452 3041 5506 deorum
3076 5450 3332 5506 Dominus
3355 5448 3437 5504 lo-

1865 5560 2018 5603 cutus
2045 5560 2119 5602 est
2138 5548 2220 5615 ⁶⁰;
2250 5561 2325 5612 et,
2365 5547 2497 5601 Deus
2531 5548 2674 5603 stetit
2714 5548 2765 5600 in
2805 5561 3069 5616 synagoga
3109 5543 3382 5600 deorum“|
3414 5562 3433 5600 ι

1386 5708 1430 5739 ³⁸
1470 5706 1636 5762 Exod.
1675 5722 1746 5759 vn
1775 5746 1788 5769 ,
1829 5707 1875 5761 Ι.
1945 5705 1996 5737 ³ο
2036 5702 2178 5759 Psal.
2220 5718 2376 5762 XLIX,
2418 5704 2462 5757 l.
2543 5704 2581 5734 ⁶¹
2625 5700 2766 5758 Psal.
2803 5717 3000 5763 tum,
3040 5700 3087 5757 l.
