3830 6288
423 264 551 316 iiii

1084 226 1354 321 enses“
1394 261 1870 318 cassmcusus
1895 258 2055 316 ore.
2097 255 2398 323 PARSJII.
2438 287 2510 299 --
2547 258 2955 317 EXEGETICA.

3501 264 3610 319 1212

420 392 580 432 nemo
621 393 765 431 enim
815 392 1006 433 eorum
1053 377 1155 447 ipsi
1222 377 1417 433 similis
1461 388 1562 433 est.
1620 375 1985 443 Quamobrem

2092 387 2204 426 ται*
2249 371 2394 438 Θεὸς
2448 371 2596 427 θεῶν
2632 374 2846 442 Κύριος
2894 373 3155 441 ὲλάλησε
3175 392 3189 404 ’
3229 375 3356 439 καὶ,
3403 375 3454 428 Ὀ
3496 379 3613 446 Θεὸς

420 469 554 523 alibi
580 483 797 540 quoque
834 470 1040 524 dictum
1067 478 1150 525 est
1178 489 1193 525 :
1218 470 1482 536 Quoniam
1515 469 1632 539 quis
1671 469 1725 522 in
1764 466 1989 521 nubibus

421 560 718 629 a’quabitur
769 560 1020 629 Domino,
1075 562 1266 618 similis
1323 563 1425 621 erit
1487 561 1713 617 Domino
1756 563 1813 616 in
1857 562 1987 631 ﬁliis

423 648 519 705 Dei
535 652 576 683 ⁶²
596 652 621 705 ἳ

480 818 659 882 γωδ.
692 826 747 883 ι.
773 826 909 894 Quia
941 828 995 881 in
1023 844 1184 882 manu
1222 828 1336 898 ejus
1368 839 1491 883 sunt
1525 845 1701 885 omnes
1726 831 1855 899 fines
1885 838 1989 885 ter-

423 934 517 983 rae,
550 928 600 971 et
639 919 944 974 altitudines
996 921 1251 974 montium
1294 921 1458 987 ipsius
1488 931 1631 977 sunt.
1652 921 1776 977 Ideo
1806 923 1991 978 exsul-

426 1017 609 1065 temus
641 1018 696 1064 et
718 1010 1015 1080 jubilemus
1052 1010 1193 1075 Deo;
1223 1025 1332 1064 non
1367 1010 1528 1064 modo
1557 1011 1681 1081 quia
1726 1010 1988 1069 Dominus

420 1111 475 1156 et
498 1101 641 1158 Deus
672 1109 756 1157 est
783 1109 837 1157 et
865 1117 957 1156 rex
993 1116 1221 1170 magnus
1263 1116 1429 1170 super
1470 1117 1662 1158 omnes
1692 1102 1857 1169 deos;
1890 1104 1987 1159 sed

420 1193 584 1247 etiam
635 1192 761 1263 quia
794 1192 928 1248 lines
973 1199 1129 1248 terra:
1157 1191 1259 1247 sibi
1289 1192 1520 1261 subjecit
1548 1202 1602 1248 et
1633 1194 1891 1250 subdidit.
1930 1194 1987 1250 ld

419 1286 566 1339 enim
596 1299 719 1339 cum
752 1284 996 1353 petiisset
1035 1297 1065 1336 a
1112 1282 1294 1350 Patre,
1326 1284 1655 1353 impetravit,
1687 1287 1990 1341 secundum

424 1374 556 1431 illud
589 1395 602 1431 :
634 1376 859 1430 Postula
894 1392 927 1429 a
957 1392 1037 1429 me
1069 1384 1118 1430 et
1147 1374 1284 1430 dabo
1309 1375 1404 1429 tibi
1433 1387 1606 1446 gentes
1631 1376 1988 1432 luercditatem

422 1479 589 1534 tuam,
624 1476 673 1522 et
713 1468 1095 1536 possessionem
1119 1477 1262 1521 tuam
1295 1469 1543 1522 terminos
1572 1477 1725 1524 terra:
1742 1470 1806 1525 ".
1833 1468 1987 1535 Quod

422 1561 468 1615 si
515 1559 758 1628 quaedam
805 1559 1120 1621 altitudines
1145 1560 1409 1613 montium
1452 1574 1620 1629 penes
1650 1558 1987 1630 Scripturam

419 1651 660 1704 divinam
710 1652 766 1705 in
813 1651 1020 1707 honore
1068 1652 1356 1715 habentur,
1401 1653 1552 1709 verbi
1582 1654 1778 1724 gratia,
1811 1651 1984 1716 Sinai,

419 1739 655 1805 Clioreb,
685 1739 922 1806 Thabor,
953 1756 1108 1796 mons
1144 1740 1295 1805 Sion,
1326 1758 1484 1797 mons
1521 1741 1911 1808 Olivarum,*et
1941 1745 1988 1802 si

420 1831 546 1900 quis
594 1831 735 1887 alius
770 1833 1050 1900 similiter;
1085 1835 1199 1889 sive
1232 1834 1393 1889 etiam
1423 1836 1492 1889 iis
1521 1836 1785 1891 contrarii
1813 1844 1868 1893 et
1892 1852 1990 1908 0pc

422 1922 585 1990 positi
623 1930 857 1987 montes,
888 1923 981 1993 qui
1023 1937 1055 1976 a
1085 1923 1424 1980 daemonibus
1469 1924 1599 1979 olim
1642 1926 1989 1996 occupaban.

420 2021 530 2079 tur,
562 2013 651 2067 ubi
681 2022 869 2084 gentes
917 2014 1170 2085 malignis
1204 2015 1544 2071 daemonibus
1565 2017 1726 2086 quasi
1754 2018 1860 2072 diis
1888 2017 1989 2072 im-

422 2104 728 2170 molabant;
781 2106 876 2161 sed
936 2106 1036 2161 hos
1084 2121 1275 2162 omnes
1323 2105 1537 2163 Domini
1579 2117 1636 2163 et
1689 2107 1989 2165 Salvatoris

421 2196 594 2250 nostri
627 2211 750 2255 esse
786 2196 1043 2252 docemur
1079 2217 1090 2253 :
1135 2200 1251 2268 ipse
1281 2212 1514 2268 namque
1567 2215 1755 2255 eorum
1809 2200 1989 2271 opifex

421 2293 557 2341 erat.
588 2285 728 2342 Num
757 2287 895 2343 forte
928 2289 1051 2344 ideo
1082 2289 1136 2343 in
1168 2305 1330 2344 manu
1355 2292 1476 2360 ejus
1501 2300 1633 2346 sunt
1656 2293 1792 2348 fines
1809 2301 1987 2359 terrae,

420 2377 550 2447 quia
601 2379 707 2432 sub
756 2395 917 2434 inanu
953 2380 1073 2449 ejus
1120 2390 1335 2436 terrena
1366 2383 1783 2451 dispensantur;
1820 2387 1989 2443 coele—

422 2469 526 2523 stia
560 2485 709 2535 vero,
742 2485 862 2539 qua:
904 2472 1110 2541 tr0piee
1144 2473 1460 2530 altitudines
1487 2475 1755 2531 montium
1788 2493 1991 2533 vocan-

422 2570 532 2625 tur,
579 2562 711 2632 quid
755 2565 1109 2634 praestantius
1161 2569 1394 2622 terrenis
1440 2568 1675 2636 habent;
1710 2573 1839 2641 quia
1870 2572 1990 2641 ejus

420 2655 581 2724 quasi
637 2658 914 2726 possessio
971 2667 1121 2723 sunt,
1169 2666 1225 2713 et
1291 2660 1627 2717 domicilium
1686 2663 1860 2732 regni.
1921 2693 1992 2709 --

422 2740 584 2798 Vsas.
617 2744 671 2800 5.
699 2744 962 2812 Quoniam
992 2747 1158 2816 ipsius
1184 2757 1263 2803 est
1295 2766 1442 2805 mare
1463 2760 1513 2805 et
1543 2751 1651 2820 ipse
1673 2751 1795 2821 fecit
1833 2752 1989 2820 illud,

419 2845 470 2889 et
503 2835 711 2889 aridam
744 2838 1092 2905 furidaverunt
1137 2857 1326 2896 manus
1354 2841 1489 2907 eius.
1527 2842 1605 2898 Ne
1636 2844 1877 2912 mireris,
1908 2848 1993 2900 in-

421 2928 561 2996 quit,
593 2929 638 2983 si
687 2928 821 2985 lines
876 2939 1035 2987 terra:
1082 2933 1260 3002 ipsius
1312 2943 1462 2997 sunt,
1495 2941 1550 2989 et
1591 2935 1639 2990 si
1675 2937 1993 2994 altitudines

423 3018 690 3072 montium
725 3021 792 3074 ad
828 3021 1005 3092 ipsum
1043 3024 1337 3093 pertinent.
1374 3022 1488 3080 lino
1523 3042 1652 3081 vero
1684 3026 1836 3083 disce
1865 3031 1991 3083 uni-
2018 3064 2060 3120 Ο

421 3123 640 3162 versum
669 3109 907 3166 humida:
928 3112 1248 3168 substantiae
1268 3114 1618 3181 elementum,
1635 3116 1690 3171 in
1717 3133 1827 3188 quo
1846 3127 1991 3174 terra

425 3197 692 3265 lii-matur,
744 3203 863 3270 ejus
897 3204 1170 3272 opificium
1226 3221 1349 3262 esse
1381 3225 1394 3260 :
1426 3223 1604 3277 neque
1643 3209 1817 3265 solum
1865 3227 1994 3280 pos-

425 3291 619 3355 sessio,
668 3293 762 3347 scd
813 3294 976 3348 etiam
1018 3296 1295 3365 opificium
1328 3298 1448 3368 ejus
1490 3307 1594 3355 est.
1628 3299 1773 3355 Mare
1803 3302 1990 3371 igitur,

425 3397 533 3452 quo
568 3391 737 3436 totum
773 3384 1007 3439 humida:
1049 3386 1369 3442 substantiae
1419 3389 1744 3445 elementum
1786 3391 1994 3461 signifi-

425 3482 600 3540 catur,
622 3476 736 3545 ipse
761 3475 916 3543 fecit;
946 3478 1153 3532 aridam
1190 3495 1319 3534 vero
1343 3496 1536 3536 manus
1559 3484 1730 3552 ipsius
1752 3483 1997 3538 etiorma-

427 3574 556 3619 runt
585 3586 597 3620 :
627 3566 747 3621 ideo
794 3568 1024 3626 fortasse
1051 3572 1181 3641 quia
1221 3571 1441 3626 dictum.
1471 3581 1557 3627 est
1582 3591 1596 3626 :
1622 3576 1831 3644 Accepit
1853 3575 1994 3630 Deus
2038 3632 2041 3635 Α

426 3655 688 3725 pulverem
717 3657 780 3713 de
817 3668 980 3726 terra,
1011 3671 1060 3716 et
1089 3661 1382 3731 e/Tormavit
1402 3665 1662 3721 hominem
1678 3667 1752 3734 “;
1780 3682 1845 3722 ac
1872 3683 2005 3722 rur-.

426 3762 548 3801 sum
580 3746 889 3804 :Formavit
921 3751 1031 3806 Deo
1057 3752 1121 3806 de
1144 3763 1287 3808 terra
1320 3756 1659 3826 omnesferas
1676 3758 1743 3812 ⁸⁵.
1768 3756 1995 3814 Videtur
2042 3790 2046 3793 -

425 3852 591 3906 porro
621 3847 778 3895 terra:
827 3842 1177 3910 elementum,
1221 3846 1369 3915 quod
1418 3849 1746 3918 spbzericum
1797 3858 1880 3905 est
1935 3859 1995 3905 ut

427 3931 602 3997 aiunt,
638 3934 753 3988 sive
793 3936 1026 4004 quadam
1058 3937 1162 3991 alia
1192 3939 1406 3994 ratione
1436 3941 1799 4007 elformatum,
1827 3943 1995 3999 verbo

428 4019 518 4074 Dei
552 4022 712 4077 talem
744 4025 1023 4096 accepisse
1052 4025 1452 4084 formationem.
1494 4030 1858 4097 Quamobrem
1897 4049 1992 4087 ae-

425 4114 614 4159 curate
660 4115 714 4162 et
763 4110 1061 4163 secundum
1123 4112 1400 4182 physicam
1472 4117 1736 4171 rationem
1787 4118 1992 4173 dictum

426 4195 556 4252 illud
585 4208 669 4253 est
703 4218 716 4254 :
751 4198 819 4252 Et
842 4201 1048 4254 aridam
1082 4203 1438 4271 formaverunt
1471 4224 1658 4262 manus
1681 4208 1816 4278 ejus.

495 4469 659 4527 Vens.
684 4472 737 4528 6.
779 4471 975 4539 Venite,
996 4474 1272 4529 adoremus
1306 4486 1356 4530 et
1384 4478 1719 4544 procidamus
1738 4492 1785 4533 et
1819 4481 2013 4549 plorem

422 4581 539 4619 mus
566 4582 744 4620 coram
781 4566 1006 4620 Domino
1038 4569 1128 4638 qui
1150 4569 1273 4638 fecit
1311 4587 1426 4627 nos.
1452 4572 1590 4625 Cum
1621 4573 1857 4627 divinam
1888 4574 2014 4629 Do-v

423 4657 558 4710 mini
590 4658 841 4712 virtutem
874 4674 936 4712 ex
971 4662 1291 4729 praecedenti
1321 4661 1567 4716 doctrina
1606 4679 1786 4718 sermo
1812 4665 2013 4719 deela—j

424 4759 618 4814 rasset,
662 4765 727 4805 ac
755 4752 1007 4820 superius
1037 4752 1286 4817 dixisset,
1339 4753 1769 4821 Prwoccupemus
1801 4757 1993 4825 [aciem

421 4843 535 4907 eius
560 4844 611 4896 in
633 4844 989 4912 confessione:
1011 4845 1122 4915 jam
1148 4847 1461 4902 necessario
1481 4846 1845 4902 confessionis
1875 4862 1992 4903 mo-
2034 4892 2037 4895 .

422 4934 551 4988 dum
585 4935 777 5004 aperit.
838 4935 1196 4993 Adbortantis
1254 4947 1437 4993 autem
1503 4953 1655 4993 more
1721 4939 1991 5008 psalmum

423 5030 582 5099 plane
612 5044 864 5093 exorsus,
896 5045 1005 5084 non
1055 5045 1085 5084 a
1128 5031 1462 5089 tristioribus
1489 5033 1691 5102 coepit,
1712 5032 1808 5087 sed
1840 5047 1869 5086 a
1902 5034 1992 5088 lae-

420 5120 654 5176 tioribus
687 5139 701 5173 :
733 5137 801 5177 ne
825 5122 860 5175 ii
888 5122 980 5192 qui
1003 5123 1389 5189 evocabantur,
1422 5125 1548 5178 illud
1576 5124 1911 5192 procidamns
1936 5133 1991 5178 et
2026 5152 2031 5157 -

421 5211 684 5277 ploremus
709 5220 1115 5275 aversarentur,
1142 5213 1187 5265 si
1217 5213 1397 5266 statim
1422 5213 1491 5266 ab
1515 5213 1668 5266 initio
1688 5212 1990 5268 audissent.

423 5299 538 5356 Nisi
576 5301 812 5356 fortasse
858 5302 944 5356 his
994 5303 1173 5359 verbis
1225 5304 1364 5360 duos
1422 5305 1644 5359 ordines
1689 5305 2019 5373 signiticet;

429 5405 593 5447 unum
619 5394 918 5456 meliorem,
937 5411 1097 5466 quem
1133 5397 1309 5464 primo
1336 5395 1403 5450 ad
1437 5396 1647 5450 laudem
1679 5405 1733 5449 et
1758 5396 1996 5450 exsulta-

427 5481 625 5537 tionem
678 5485 976 5552 evocabat;
1016 5488 1265 5550 alterum
1302 5503 1428 5545 vero
1459 5488 1664 5543 medela
1697 5496 1942 5555 egentem
1979 5506 1990 5541 :

501 5655 542 5687 "
583 5656 703 5712 Psal
762 5672 1040 5726 Lxxxvut,
1078 5662 1126 5718 7.
1205 5662 1247 5692 ⁸³
1284 5660 1425 5718 Psal.
1467 5680 1536 5731 Il,
1566 5664 1614 5720 8.

1694 5664 1736 5695 πε
1776 5664 1909 5719 Gen.
1952 5680 2025 5728 ll,
2063 5663 2116 5732 7,

2088 463 2235 530 ἔστη
2259 462 2330 516 ἐν
2360 462 2679 532 συναγωγῇ
2710 463 2888 518 θεῶν·
2918 464 3090 528 οὐδεὶς
3118 464 3226 535 γὰρ
3272 464 3418 535 αὑτῷ
3445 467 3614 521 τούτων

2086 552 2289 623 ὅμοιος.
2309 554 2387 606 Δι’
2415 553 2443 605 ὅ
2464 553 2557 606 καὶ
2593 554 2822 624 ἀλλαχοῦ
2851 553 3079 628 εἴρηται·
3115 557 3238 609 Ὅτι
3264 555 3359 621 τις
3381 556 3457 608 ἐν
3474 558 3615 627 rept-

2087 648 2227 711 λαις
2257 644 2611 711 ίσωθήσεται
2628 645 2709 712 τῷ
2732 647 2940 715 Κυρίῳ,
2975 647 3403 717 ὁμοιωθήσεται
3432 646 3507 713 τῷ
3528 653 3616 706 Ku-

2079 737 2192 804 ρίῳ
2218 737 2287 789 ἐν
2315 735 2466 802 υίοῖς
2489 736 2636 790 Θεοῦ
2660 752 2682 800 ;

2162 827 2289 881 Ὅτι
2316 828 2389 881 ἐν
2418 827 2494 897 τῇ
2520 828 2670 897 χειρί
2697 827 2899 899 αὑτοῦ,
2920 828 2992 883 τὰ
3023 829 3253 898 πέρατα
3285 827 3400 897 τῆς
3420 826 3521 897 γῆς
3545 833 3618 884 καὶ

2087 916 2160 970 τὰ
2178 917 2305 985 ὕψη
2330 916 2449 971 τῶν
2480 918 2665 987 ὀρέων
2686 919 2871 974 αὑτοῦ
2891 922 3027 974 εισι.
3052 922 3158 974 Καὶ
3189 920 3285 974 διὰ
3311 919 3469 974 τοῦτο
3488 923 3621 991 ἁγια-

2088 1006 2403 1079 λιασώμεθα
2448 1008 2541 1062 καί
2581 1007 2933 1080 άλαλάξωμεν
2977 1008 3056 1080 τῷ
3090 1010 3234 1082 Θεῷ,
3277 1010 3341 1063 οὐ
3381 1012 3529 1081 μόνον
3560 1014 3625 1067 ὅτι

2087 1098 2293 1171 Κύριος
2326 1101 2420 1154 καὶ
2442 1099 2578 1163 Θεὸς
2602 1103 2718 1155 ἐστι
2746 1101 2840 1155 καὶ
2861 1101 3108 1172 βασιλεὺς
3135 1103 3314 1175 μέγας
3333 1103 3425 1157 ἐπὶ
3455 1104 3625 1169 πάντας

2085 1192 2212 1255 τοὺς
2240 1191 2422 1255 θεοὺς,
2446 1192 2576 1246 ἀλλ’
2604 1192 2687 1245 ὅτι
2725 1194 2819 1246 καὶ
2858 1193 3169 1264 ὑπηγάγετο
3214 1194 3316 1248 καί
3350 1195 3439 1262 ὑφ’
3470 1196 3624 1249 ὲαπῦν

2086 1285 2385 1355 ἐποιήσατο
2427 1284 2496 1337 τὰ
2532 1285 2750 1356 πέρατα
2778 1286 2879 1356 τῆς
2920 1287 3041 1356 γῆς.
3092 1285 3268 1339 Τοῦτο
3300 1287 3412 1357 γὰρ
3439 1288 3625 1359 attica;

2089 1378 2239 1449 παρὰ
2256 1376 2353 1430 τοῦ
2372 1377 2583 1449 Πατρὺς
2606 1377 2797 1448 εἴληφε
2824 1378 2965 1432 κατὰ
2991 1378 3344 1447 τόἈττησαι
3367 1380 3496 1446 παρ’
3512 1376 3625 1448 ἐμοῦ

2086 1467 2185 1520 καὶ
2219 1465 2390 1519 δώσω
2405 1482 2503 1520 σοι
2527 1466 2672 1534 ἔθνη
2692 1467 2806 1535 τὴν
2829 1469 3239 1537 κληρονομίαν
3257 1483 3401 1531 σου,
3434 1469 3523 1520 καί
3540 1468 3629 1536 τὴν

2088 1557 2461 1627 κατάσχεσίν
2476 1572 2605 1612 ’σου
2632 1557 2703 1612 τὰ
2730 1557 2955 1626 πέρατα
2977 1557 3086 1627 τῆς
3109 1558 3245 1629 γῆς.
3268 1561 3333 1612 Ei
3353 1560 3411 1613 δὲ
3439 1561 3632 1614 καίτινα

2087 1645 2157 1720 ἦν
2185 1648 2291 1720 ὕψη
2324 1649 2512 1720 ὀρέων,
2543 1649 2662 1720 ἢτοι
2686 1648 2755 1702 τά
2781 1649 2932 1721 παρὰ
2958 1652 3024 1721 τῇ
3064 1649 3186 1721 θείᾳ
3213 1651 3412 1721 Γραφῇ
3440 1667 3629 1721 τετιμη-

2094 1738 2251 1809 μένα,
2278 1739 2353 1802 ὠς
2383 1739 2446 1791 τὸ
2470 1737 2644 1806 Σιναῖ,
2687 1739 2859 1793 καὶτὸ
2878 1739 3102 1811 Χωρὴό,
3134 1740 3196 1793 τό
3220 1758 3285 1793 τε
3314 1739 3528 1812 Θαϐὼρ,
3557 1743 3630 1794 καί

2087 1831 2149 1884 τὸ
2178 1831 2301 1902 ὅρος
2323 1829 2481 1893 Σιὼν,
2516 1831 2611 1884 καὶ
2637 1830 2698 1883 τὸ
2723 1830 2846 1900 ὅρος
2865 1831 2975 1884 τῶν
2999 1831 3250 1896 Ἐλαιῶν,
3268 1831 3370 1884 καὶ
3404 1832 3514 1884 εἴτι
3532 1831 3631 1884 ἄλλο

2087 1924 2296 1987 τούτοις
2327 1923 2738 1995 παραπλήσιον·
2771 1924 2803 1994 ἢ
2838 1926 2932 1977 καὶ
2957 1924 3027 1979 τά
3060 1924 3275 1988 τούτοις
3322 1922 3558 1989 ἐναντία,
3580 1924 3631 1977 τὰ

2088 2011 2152 2084 δὴ
2187 2013 2292 2066 ὑπὸ
2320 2013 2590 2084 δαιμόνων
2619 2013 2784 2067 πάλαι
2809 2014 3178 2086 κρατούμενα,
3219 2018 3282 2069 ὲν
3330 2008 3415 2077 οἷς
3456 2014 3633 2067 ὲθυσξα-

2090 2104 2180 2171 ζον
2211 2106 2288 2169 ὡς
2327 2106 2468 2169 θεοῖς
2508 2109 2621 2170 τοῖς
2661 2109 2916 2178 πονηροῖς
2958 2107 3177 2179 δαίμοσι
3214 2107 3288 2161 τὰ
3332 2106 3491 2177 ἔθνη⁸
3524 2106 3630 2159 ἀλλὰ

2088 2200 2182 2252 καὶ
2204 2199 2374 2253 ταῦτα
2404 2200 2579 2254 πάντα
2599 2200 2951 2275 δεδιδάγμεθα
2974 2202 3056 2254 ὅτι
3076 2199 3172 2254 τοῦ
3203 2199 3417 2271 Κυρίου
3445 2200 3531 2253 καί
3554 2200 3633 2251 ἣν·

2087 2289 2249 2361 τῆρος
2277 2291 2433 2360 ἡμῶν
2470 2291 2572 2345 ίδια
2608 2291 2863 2362 τυγχάνει
2883 2308 2896 2322 ο
2933 2292 3096 2356 αὐτὸς
3123 2291 3237 2363 γὰρ
3267 2288 3339 2363 ἦν
3369 2294 3399 2345 ὁ
3440 2291 3631 2362 ποιητὴς

2086 2380 2284 2434 αὐτῶν.
2320 2382 2543 2451 Μήποτε
2566 2381 2624 2435 δὲ
2656 2384 2713 2436 ἐν
2742 2383 2838 2453 μὲν
2863 2385 2930 2453 τῇ
2963 2383 3103 2453 χειρί
3142 2382 3317 2436 αὐτοῦ
3349 2383 3419 2436 τὰ
3447 2384 3627 2453 πέρατά

2089 2474 2193 2525 εἰσι
2216 2471 2470 2544 τῆςγῆς,
2498 2472 2587 2527 διΞι
2610 2473 2669 2526 τὺ
2696 2474 2800 2526 ὑπὸ
2826 2474 2925 2545 τὴν
2956 2471 3120 2527 αὐτοῦ
3148 2476 3316 2546 χεῖρα
3353 2473 3631 2527 διοικεῖσθαι

2090 2566 2158 2620 τὰ
2185 2565 2458 2637 περίγεια,
2492 2565 2561 2619 τὰ
2593 2566 2651 2621 δὲ
2680 2568 3005 2637 ἐπουράνια,
3050 2566 3339 2639 τροπικῶς
3367 2566 3471 2638 ὕψη
3497 2567 3637 2636 ὁρέων

2089 2654 2484 2727 ὀνομαζόμενα,
2515 2657 2760 2729 κρεῖττόν
2790 2673 2848 2710 τι
2878 2656 2989 2728 ἔχει
3009 2656 3118 2710 τῶν
3147 2657 3249 2710 ἐπὶ
3275 2657 3418 2727 γῆςς
3446 2656 3632 2727 ἐπειδὴ·

2091 2761 2197 2817 περ
2232 2744 2395 2798 αὑτοῦ
2431 2747 2579 2799 ἐστιν
2618 2739 2728 2800 οἷόν
2758 2763 2810 2799 τι
2852 2748 3035 2816 κτῆμα
3075 2746 3166 2799 καὶ
3212 2746 3525 2817 οἰκητήριον
3557 2746 3633 2814 τῆς

2093 2835 2396 2907 βασιλείαςο
2426 2837 2555 2890 ὀτι
2580 2835 2767 2890 αὐτοῦ
2784 2836 2956 2891 ἐστιν
2981 2843 3021 2907 η
3038 2836 3333 2892 θάλασσα
3363 2835 3459 2891 καί
3485 2835 3635 2900 αὐτὸς

2089 2929 2378 2995 ἐποίησεν
2402 2926 2627 2996 αὐτὴν,
2666 2927 2766 2981 καί
2797 2927 2911 2997 τὴν
2942 2926 3132 2997 ξηρὰν
3160 2931 3218 2983 αἱ
3259 2927 3454 2997 χεῖρες
3480 2925 3633 2981 αὑτοῦ

2091 3020 2389 3074 ἔπλασαν.
2415 3019 2506 3089 Μὴ
2530 3018 2837 3092 θαυμάσῃς,
2886 3021 3070 3091 φησὶν,
3115 3022 3164 3073 εἰ
3211 3018 3292 3072 τὰ
3334 3019 3536 3091 πέρατα
3556 3015 3632 3085 τῆς

2092 3109 2196 3180 γῆς
2222 3107 2384 3162 αὐτοῦ
2410 3109 2668 3179 τυγχάνει
2691 3125 2705 3139 ·
2756 3110 2850 3162 καὶ
2891 3111 2940 3161 εί
2969 3109 3038 3163 τὰ
3081 3109 3189 3180 ὕψη
3221 3109 3341 3163 τῶν
3374 3107 3531 3179 ὀρέων
3559 3107 3633 3158 αὒ-

2093 3197 2187 3252 τοῦ
2215 3199 2379 3252 ἐστιν.
2422 3196 2582 3257 Ἀλλὰ
2616 3196 2725 3268 γὰρ
2755 3197 3014 3268 μάνθανε,
3041 3199 3131 3251 ὅτι
3160 3199 3257 3251 καὶ
3292 3198 3354 3251 τὸ
3392 3200 3494 3251 πᾶν
3524 3212 3633 3250 στοι-

2094 3291 2238 3359 χεῖον
2268 3289 2369 3359 τῆς
2407 3288 2580 3360 ὑγρᾶς
2613 3287 2818 3353 οὐσίας,
2858 3289 2943 3357 ἐφ’
2966 3283 3011 3356 ᾧ
3038 3288 3370 3360 ἐστερέωται
3401 3287 3536 3358 ήγῆ,
3559 3286 3633 3339 αὐτ

2093 3379 2185 3433 τοῦ
2219 3379 2380 3452 ἔργον
2415 3379 2685 3451 ὑπάρχειο
2714 3380 2775 3433 οὐ
2809 3380 2967 3450 μόνον
3016 3380 3200 3450 κτῆμα
3248 3379 3348 3445 ὃν,
3392 3378 3518 3432 ἀλλὰ
3559 3379 3629 3430 καί

2093 3470 2305 3541 ποίημα
2339 3471 2523 3526 αὑτοῦ.
2568 3470 2677 3542 Τὴν
2714 3471 2810 3541 μὲν
2836 3466 2933 3524 οὖν
2957 3469 3251 3534 θάλασσαν,
3283 3470 3354 3523 δι’
3380 3466 3449 3542 ἦς
3468 3469 3523 3523 τὸ
3546 3469 3633 3521 πᾶν

2096 3564 2355 3632 στοιχεῖον
2374 3562 2473 3632 τῆς
2497 3562 2668 3634 ὑγρᾶς
2695 3559 2879 3624 οὐσίας
2905 3559 3179 3633 δηλοῦται,
3220 3561 3397 3625 αὐτὸς
3415 3559 3629 3630 ἐποίησε·

2093 3654 2191 3723 τὴν
2224 3653 2281 3707 δὲ
2316 3653 2484 3725 ξηράν
2513 3654 2568 3706 at
2597 3655 2778 3725 χεῖρες
2804 3652 2969 3707 αὐτοῦ
2999 3652 3274 3706 ἔπλασανο
3312 3652 3451 3722 τάχα
3483 3650 3558 3702 διὰ
3583 3646 3629 3702 τὸ

2093 3745 2347 3814 λέγεσθαι
2365 3762 2379 3777 ο
2413 3746 2671 3799 Ἔλαϐεν
2697 3747 2729 3798 ὀ
2763 3745 2908 3812 Θεὸς
2933 3743 3087 3813 χοῦν
3113 3743 3231 3798 ἀπὸ
3264 3742 3381 3811 τῆς
3406 3740 3526 3813 τῆς,
3551 3737 3631 3792 καί

2094 3838 2327 3893 ἔπλασε
2355 3838 2462 3892 τὸν
2504 3839 2817 3906 ἄνθρωπον
2839 3853 2853 3867 ο
2896 3836 2990 3889 καὶ
3031 3836 3195 3890 πάλιν
3210 3852 3226 3866 ο
3295 3837 3583 3888 Ἐπλασεν
3600 3833 3626 3881 d

2096 3929 2238 3996 Θεὸς
2270 3929 2386 3983 ἀπὸ
2425 3927 2535 3996 τῆς
2572 3927 2686 3998 γῆς
2732 3925 2926 3981 πάντα
2974 3925 3046 3980 τὰ
3087 3927 3284 3994 θηρία.
3317 3924 3556 3977 Ἐοικεδὲ
3578 3921 3627 3975 τὰ

2092 4020 2192 4090 τῆς
2218 4020 2318 4090 γῆς
2351 4022 2628 4091 στοιχεῖον,
2684 4018 3016 4090 σφαιροειδὲς
3043 4016 3124 4081 ὃν,
3147 4015 3242 4080 ’ὥς
3269 4033 3453 4086 φασιν,
3478 4015 3508 4086 ἢ
3552 4012 3622 4066 καὶ

2093 4111 2266 4174 ἄλλως
2299 4112 2441 4164 κατά
2466 4128 2587 4165 τινα
2606 4110 2809 4182 τρόπον
2843 4108 3336 4179 ἐσχηματισμένον,
3366 4106 3500 4176 λόγῳ
3517 4101 3623 4156 Θεοῦ

2095 4204 2190 4259 καὶ
2222 4203 2352 4257 αὐτὸ
2383 4204 2483 4272 τὴν
2505 4203 2714 4256 τοιάνδε
2741 4202 2937 4255 πλάσιν
2966 4199 3261 4271 είληφέναι.
3299 4198 3392 4252 Διδ
3420 4193 3624 4268 expirat;

2094 4297 2187 4351 καὶ
2224 4295 2365 4350 κατὰ
2397 4296 2622 4365 φυσικὸν
2649 4296 2803 4365 λόγον
2834 4295 3045 4366 εἴρηται
3073 4292 3155 4345 τό*
3195 4292 3308 4346 Καὶ
3334 4291 3445 4361 τὴν
3468 4288 3622 4358 ξηρὰν

2027 4394 2071 4450 ι)
2098 4389 2157 4443 αἱ
2180 4386 2377 4456 χεῷες
2405 4386 2591 4440 αὐτοῦ
2602 4386 2919 4438 ’ἐπλασ-αν.

2167 4479 2343 4539 Δεῦτε
2373 4476 2918 4547 προσκυνήσωμεν,
2959 4476 3057 4529 καί
3098 4476 3522 4544 προσπέσωμεν
3543 4469 3617 4522 καί

2098 4572 2456 4640 κλαύσωμεν
2515 4570 2795 4623 ἐναντίον
2846 4571 3069 4637 Κυρόυ
3130 4567 3238 4621 τοῦ
3299 4565 3617 4632 ποιήσαντος

2096 4659 2269 4730 ἡμᾶς.
2309 4659 2417 4730 Τὴν
2439 4658 2618 4712 ἔνθεον
2641 4659 2734 4712 τοῦ
2767 4658 2970 4730 Κυρίου
2993 4657 3218 4728 δύναμιν
3248 4656 3337 4711 διὰ
3353 4656 3447 4727 τῆς
3470 4666 3602 4723 προτί

2097 4751 2283 4821 θεία-ης
2311 4750 2657 4814 διδασκαλίας
2685 4752 3030 4822 παραιτήσας
3053 4751 3081 4801 ὁ
3112 4749 3287 4817 λόγος,
3320 4746 3549 4817 ἀνωτέρω
3570 4758 3613 4793 τε

2097 4842 2286 4908 εἰπὼν,
2314 4841 2759 4911 Προφθάσωμεν
2782 4843 2850 4896 τὸ
2880 4842 3202 4910 πρόσωπον
3221 4838 3404 4894 αὑτοῦ
3433 4838 3496 4891 ἐν
3516 4835 3615 4897 ἐξο-

2091 4936 2442 5007 μολογήσει,
2470 4935 2565 4989 νῦν
2590 4935 2902 5003 ἀναγκαίως
2933 4934 3185 5002 διασαφεῖ
3218 4933 3310 4985 τὸν
3344 4932 3522 5003 τρόπον
3538 4925 3611 4994 τῆς

2096 5026 2555 5097 ἐξομολογήσεως.
2611 5026 2762 5079 Πάνυ
2803 5025 2863 5078 δὲ
2904 5021 3315 5094 προτρεπτικῶς
3363 5022 3609 5093 ἀρχόμενος

2096 5117 2192 5170 τοῦ
2235 5116 2476 5188 ψαλμοῦ,
2510 5119 2610 5171 οὐκ
2645 5115 2893 5169 ἐντεῦθεν
2921 5115 3027 5170 ἀπὸ
3067 5113 3175 5168 τῶν
3202 5110 3603 5185 σκυθρωποτέρων

2098 5209 2330 5281 ἤρξατο,
2361 5208 2474 5263 ἀλλ’
2500 5208 2610 5261 ἀπὸ
2648 5207 2759 5260 τῶν
2785 5205 3171 5276 φαιδροτέρων,
3217 5204 3294 5267 ὡς
3320 5204 3383 5257 ἂν
3412 5201 3477 5272 μὴ
3507 5200 3604 5251 ἀπο-

2098 5305 2353 5376 τραπεῖεν
2371 5303 2421 5353 οἱ
2455 5298 2776 5370 καλούμενοι
2803 5297 2883 5359 τὸ,
2910 5294 3343 5363 προσπέσωμεν
3367 5292 3449 5347 καὶ
3465 5286 3601 5343 κλαύ-

2100 5409 2317 5463 σωμεν,
2352 5393 2511 5455 εὐθὺς
2550 5393 2608 5444 ὲν
2633 5392 2828 5462 ἀρχαῖς
2859 5387 3189 5450 ἀκούσαντες
3209 5402 3223 5417 ο
3256 5388 3305 5439 εί
3331 5385 3398 5455 μὴ
3423 5383 3513 5452 άρο
3535 5375 3602 5429 δύο

2029 5518 2039 5550 ε
2101 5485 2354 5555 τάγματα
2396 5483 2485 5536 διὰ
2531 5481 2739 5535 τούτων.
2782 5480 2959 5553 δηλοῖ·
3006 5479 3064 5532 ἓν
3108 5478 3205 5550 μὲν
3233 5478 3292 5531 τὸ
3318 5478 3542 5546 κρεῖττον,
3577 5463 3599 5517 ὃ

2193 5662 2236 5696 ’⁵
2277 5661 2412 5734 Gen.
2447 5678 2495 5727 ι,
2529 5660 2619 5717 25.
