3830 6288
152 353 271 408 1215

151 559 255 611 λεῖ·
311 555 558 625 δεύτερον
604 557 659 610 δὲ
707 558 766 610 τὸ
816 559 1066 630 δεόμενον
1124 561 1455 632 θεραπείας·
1509 563 1575 616 δι’
1631 562 1698 627 ὃ,

155 649 320 703 Δεῦτε
347 647 853 718 ἀγαλλιασώμεθα,
877 653 934 704 ἐν
961 655 1072 715 τοῖς
1101 652 1330 724 πρώτοις
1350 655 1578 726 εἴρηται·
1605 651 1701 708 εἷθ’

154 739 274 808 ἑξῆς
311 737 444 808 μετὰ
488 739 556 792 τὰ
589 741 1019 813 τεθεολογημένα
1062 745 1188 816 περὶ
1232 744 1326 798 τοῦ
1361 746 1567 815 Κυρίου
1611 747 1703 799 καὶ

153 828 285 900 μετὰ
308 828 401 898 τὴν
427 829 536 883 τῶν
570 833 849 905 προτέρων
889 834 1078 905 κλῆσιν
1130 837 1222 889 ἐπὶ
1259 838 1385 900 τοὺς
1421 837 1704 908 δευτέρους

155 917 475 990 μεταϐαίνει,
519 923 612 974 καὶ
651 921 871 998 τούτους
912 923 1179 979 διδάσκων
1221 925 1339 978 ἀντὶ
1383 925 1571 988 ὓδατος
1610 925 1704 978 καὶ

151 1009 631 1079 περιρραντηρίων,
664 1010 926 1083 κλαυθμῷ
947 1014 1038 1066 καὶ
1064 1012 1440 1085 ἐξομολογήσει
1482 1015 1572 1067 ἐπὶ
1593 1016 1706 1077 τοῖς

148 1098 372 1169 πρώτοις
399 1099 575 1152 αὐτῶν
624 1102 981 1172 ἁμαρτήμασι
1016 1105 1340 1175 χρήσασθαι.
1375 1107 1704 1178 Προτρεπτι-

146 1186 250 1249 κῶς
267 1187 322 1240 δὲ
343 1187 424 1253 τὸ,
451 1190 806 1259 κλαύσωμεν
824 1191 1102 1245 ἐναντίον
1119 1194 1363 1260 Κυρίου,
1391 1193 1704 1262 ἐπαγαγὼν,

145 1277 244 1330 τοῦ
278 1276 648 1342 ποιήσαντος
675 1278 852 1348 ἡμᾶς,
883 1280 1092 1349 ἀγαθὰς
1120 1282 1430 1352 ὑπέγραψεν
1460 1283 1703 1346 ἐλπίδας,

143 1366 377 1432 διδάξας,
425 1370 505 1422 ὅτι
543 1370 616 1441 μὴ
663 1371 930 1444 ἁλλότριοί
962 1373 1128 1443 ἐσμεν
1175 1373 1374 1440 αὑτοῦ,
1408 1374 1519 1427 ἀλλ’
1546 1374 1706 1446 ἔργον

142 1457 298 1509 αὑτοῦ
335 1459 429 1510 καὶ
460 1461 668 1532 ποίημα
692 1461 886 1514 αὐτοῦ·
913 1462 980 1515 δι’
1019 1462 1046 1514 ὂ
1075 1464 1337 1533 προσήκει
1377 1463 1444 1516 τὰ
1474 1463 1704 1534 χρηστό-

141 1565 265 1618 τερα
294 1548 616 1620 προσδοκᾷν,
648 1549 741 1603 ἇτε
792 1550 856 1620 δὴ
889 1551 1184 1622 κηδομένου
1234 1551 1395 1606 αὑτοῦ
1443 1552 1536 1606 τοῦ
1573 1553 1706 1606 ἰδίου

141 1642 462 1711 ποιήματος.
487 1644 607 1696 Ἔτι
625 1643 760 1714 πρὸς
784 1643 991 1708 τούτοις
1019 1645 1104 1698 διὰ
1124 1646 1239 1710 τοῦ,
1264 1645 1708 1715 Προσπέσωμεν

139 1732 231 1786 καὶ
261 1735 624 1803 κλαύσωμεν
654 1734 910 1791 ἐνώπιον
961 1739 1204 1805 Κυρίου,
1234 1737 1470 1791 διδάσκει
1509 1738 1582 1809 μὴ
1622 1739 1706 1791 ὲν-

1251 353 1743 412 COMMENTARIA
1788 354 1855 410 IN
1896 353 2227 410 PS.\LMOS.

147 460 560 537 προηγουμένως
589 463 681 516 ἐπὶ
711 465 800 517 τὸν
828 461 972 520 αἶνον
997 469 1090 521 καὶ
1122 467 1218 539 τὴν
1244 471 1560 539 ἀγαλλιασιν
1599 487 1696 524 κα-
1725 475 1766 534 Α
1797 471 2173 540 quamobrem,

3241 357 3375 410 ΗΜ

2268 467 2446 522 Venite
2503 469 2844 534 exsullemus,
2903 469 2957 524 in
3012 469 3241 523 exordio
3303 469 3376 521 eli-

1803 567 1950 610 ctum
2000 558 2098 623 sit;
2151 555 2345 610 deinde
2384 571 2512 610 vero
2558 567 2679 625 post
2711 573 2771 611 ea
2813 574 2934 626 qum
2965 558 3121 611 circa
3167 556 3372 610 Domiu

1802 647 2056 704 deitatem
2114 649 2256 702 dicta
2311 655 2460 711 sunt,
2527 659 2578 702 et
2642 657 2762 717 post
2815 649 3055 718 priorum
3130 647 3380 702 vocatio-

1803 741 2031 803 tionem,
2069 740 2133 794 ad
2160 740 2432 794 secundos
2463 747 2728 801 transeat,
2761 740 2963 794 docens
2983 757 3077 796 eos
3110 755 3208 810 pro
3239 755 3380 807 aqut

1803 839 1857 888 et
1899 831 2196 893 ablatione,
2246 831 2500 901 lacrymis
2529 842 2580 885 et
2621 832 2970 885 confessione
3028 833 3093 885 ad
3150 832 3378 902 pristina

1805 932 2027 992 peccata
2061 923 2326 993 expianda
2367 923 2623 977 utendum
2659 938 2801 977 esse.
2846 922 2980 975 Cum
3013 931 3192 976 autem
3246 923 3378 973 hor-

1805 1014 1979 1068 tantis
2025 1027 2173 1066 more
2227 1011 2301 1064 illi
2342 1011 2508 1073 dicto,
2573 1011 2833 1078 ploremus
2880 1026 3062 1064 coram
3125 1011 3374 1072 Domino,

1804 1102 2096 1166 addiderit,
2124 1103 2212 1172 qui
2240 1101 2362 1170 fecit
2397 1119 2513 1166 nos,
2557 1103 2751 1155 bonum
2789 1117 2938 1170 spem
2970 1102 3244 1170 ascripsit,
3273 1100 3374 1155 do-

1805 1208 1939 1250 cens
1964 1207 2064 1246 nos
2101 1207 2208 1244 non
2233 1191 2442 1246 alienos
2467 1191 2568 1261 ipsi
2594 1207 2735 1251 esse,
2767 1192 2858 1246 sed
2891 1207 3029 1260 opus
3067 1199 3120 1244 et
3154 1201 3375 1246 creatu-

1806 1297 1920 1336 ram
1943 1282 2062 1349 ejus
2086 1300 2097 1334 :
2118 1281 2468 1351 quamobrem
2489 1283 2816 1350 jucundiora
2841 1281 3203 1350 exspectanda
3225 1291 3378 1348 sunt;

1805 1387 1927 1426 curn
1970 1375 2086 1442 ipse
2131 1388 2290 1426 suum
2326 1380 2482 1427 curet
2528 1372 2823 1440 opiﬁcium.
2857 1371 2937 1424 Ad
2971 1371 3084 1424 haec
3112 1386 3257 1434 vero,
3292 1371 3384 1425 his

1803 1463 2022 1528 verbis,
2068 1461 2419 1517 Procidamus
2468 1472 2516 1517 et
2563 1463 2828 1532 ploremus
2889 1479 3068 1516 coram
3128 1462 3379 1530 Domino,

1804 1556 1962 1610 docet
1999 1570 2105 1607 non
2141 1555 2192 1608 in
2237 1564 2529 1625 conspectu
2595 1555 2898 1619 hominum,
2931 1569 3036 1607 non
3097 1555 3376 1609 hominum

1805 1644 1980 1715 gratia
2019 1644 2070 1696 id
2111 1645 2377 1714 agendum
2415 1661 2572 1708 esse;
2599 1645 2692 1700 sed
2728 1646 2782 1698 in
2810 1645 3151 1708 abscondito,
3183 1661 3384 1701 securi»

1805 1736 2041 1790 cundum
2075 1736 2227 1799 illud,
2268 1736 2428 1790 Pater
2461 1747 2600 1803 tuus,
2639 1737 2728 1806 qui
2770 1735 2908 1788 videt
2952 1736 3006 1788 in
3050 1734 3379 1798 abscondito,

136 1825 300 1877 ώπιον
339 1825 646 1897 ἀνθρώπων
693 1829 823 1900 μηδὲ
860 1829 926 1882 δι’
955 1828 1272 1902 ἀνθρώπους
1311 1829 1468 1883 τοῦτο
1512 1832 1701 1894 ποιεῖν,

1808 1828 1982 1882 reddet
1999 1828 2093 1882 tibi
2106 1828 2168 1884 “.
2189 1827 2455 1884 Omnibus
2473 1831 2652 1899 itaque
2665 1828 2958 1899 generatim
2980 1828 3090 1881 haec
3114 1836 3382 1898 praecepta

140 1915 251 1970 ἀλλ’
281 1915 338 1966 ἐν
376 1914 458 1986 τῷ
489 1917 718 1988 κρυπτῷ
747 1917 888 1972 κατὰ
924 1919 1002 1984 τό,
1040 1919 1094 1971 Ὁ
1115 1919 1316 1986 Πατήρ
1342 1933 1458 1973 σου
1497 1921 1530 1973 ὁ
1557 1919 1703 1982 ,Βλέ-

136 2022 259 2058 πων
285 2005 358 2058 ἐν
381 2003 466 2070 τῷ
495 2005 734 2074 κρυπτῷ
755 2007 1048 2061 ἀποδώσει
1063 2024 1180 2062 σοι.
1205 2007 1445 2061 Καθόλου
1489 2008 1584 2078 μὲν
1613 2005 1703 2061 οὖν

135 2096 336 2149 ἅπασιν
369 2093 604 2167 ἁρμόζει
637 2097 706 2150 τὰ
751 2099 1213 2170 παρηγγελμένα.⁹
1263 2099 1464 2172 κυρίως
1506 2099 1562 2152 δὲ
1611 2100 1705 2153 καὶ

132 2189 566 2260 προηγουμένως
597 2191 626 2244 ό
647 2189 816 2257 Λόγος
846 2190 935 2246 τὸν
971 2190 1236 2244 Ἰουδαίων
1265 2191 1391 2245 λαὸν
1425 2193 1515 2246 ἐπὶ
1543 2209 1706 2262 μετα-

133 2279 246 2350 νοίᾳ
263 2271 342 2332 ὧν
373 2279 685 2351 ἐτόλμησαν
731 2282 1057 2352 παρακαλεῖ,
1092 2282 1220 2358 Ὀτι
1248 2282 1434 2348 αὐτός
1465 2282 1635 2335 ἐστιν
1672 2285 1705 2337 ό

133 2367 274 2434 Θεὸς
314 2367 509 2436 ἡμῶν,
563 2369 660 2422 καὶ
706 2369 873 2439 ἡμεῖς
924 2371 1074 2436 λαὸς
1102 2369 1294 2439 νομῆς
1346 2369 1563 2434 αὐτοῦ,
1605 2370 1703 2424 καὶ

130 2459 394 2524 πρόϐατα
425 2460 622 2528 χειρὸς
640 2459 846 2514 αὐτοῦ.
865 2460 940 2514 Οὐ
975 2461 1132 2532 μόνον
1161 2461 1362 2532 Κύριος
1383 2463 1415 2532 ή
1424 2461 1537 2531 μῶν
1557 2462 1705 2515 ἐστιν

128 2549 202 2613 ὡς
228 2549 464 2604 οίκετῶν
489 2550 772 2622 δεσπότης,
793 2551 915 2604 οὐδὲ
944 2552 1102 2622 μόνον
1126 2551 1352 2624 ποιητὴς
1394 2552 1469 2616 ώς
1492 2553 1558 2606 ἂν
1587 2552 1704 2606 κτί-

129 2657 258 2712 στης
284 2640 476 2712 ήμῶν,
504 2641 637 2695 ἀλλὰ
658 2643 751 2696 καὶ⁵
777 2642 905 2707 Θεός
932 2643 1078 2698 ἐστιν
1107 2643 1284 2716 ήμῶν,
1305 2645 1400 2699 ἆτε
1420 2644 1476 2699 δὲ
1503 2643 1706 2713 ἀγαθὸς

125 2730 198 2785 ὢν
227 2733 321 2787 καὶ
360 2732 547 2796 ἵλεως.
591 2733 669 2786 Δι’
701 2733 730 2787 ὃ
759 2734 854 2788 καὶ
885 2734 1127 2803 φείσεται
1159 2735 1315 2807 ήμῶν
1364 2735 1458 2789 καὶ
1492 2735 1705 2807 ἐλεήσει

126 2823 288 2891 ἡμᾶς·
325 2824 414 2876 ὅτι
455 2824 516 2876 οὐ
554 2823 710 2895 μόνον
744 2826 976 2896 ποίημα,
1029 2824 1166 2878 ἀλλὰ
1211 2826 1304 2879 καί
1332 2825 1703 2896 κτῆμααὺτοῦ

126 2915 476 2986 τυγχάνομεν
506 2915 688 2979 ὄντεςο
720 2915 814 2970 καὶ
854 2917 904 2969 οἱ
945 2916 1042 2986 μὲν
1071 2915 1422 2988 λογικώτεροι
1447 2918 1578 2980 λαὸς
1601 2919 1702 2970 αὐ-

123 3005 232 3074 τοῦ,
258 3008 308 3059 οἱ
342 3007 402 3060 δὲ
441 3005 519 3060 ἔτι
544 3007 752 3072 ἀτελεῖς
775 3009 867 3061 καὶ
891 3007 1216 3080 ἀλογώτεροι
1247 3010 1492 3082 πρόϐατα
1525 3011 1705 3084 χειρὸς

121 3098 304 3152 αὐτοῦ·
322 3098 479 3152 ὥστε
507 3099 601 3154 ἐὰν
634 3099 1153 3172 ὲξομολογησώμεθα
1180 3101 1328 3174 αὐτῷ
1358 3104 1449 3156 καὶ
1474 3120 1705 3176 προσκυ-

120 3190 374 3260 νήσωμεν
407 3192 511 3244 καὶ
542 3192 938 3264 προσπέσωμεν
981 3194 1075 3246 καὶ
1108 3194 1427 3266 κλαύσωμεν
1465 3196 1704 3251 ἐναντίον

119 3279 306 3345 αὐτοῦ,
329 3280 390 3346 ἐξ
425 3280 661 3343 ἅπαντος
688 3281 1066 3352 σωθησόμεθα,
1094 3284 1143 3335 οἱ
1163 3284 1261 3353 μὲν
1275 3283 1350 3348 ὡς
1365 3283 1490 3348 λαὸς
1516 3285 1703 3352 αὑτοῦ,

119 3373 169 3424 οἱ
206 3371 265 3425 δὲ
301 3373 381 3435 ὼς
431 3371 676 3442 πρόϐατα
701 3373 882 3444 χειρὸς
911 3374 1096 3428 αὑτοῦ.
1134 3375 1364 3444 Λέγεται
1384 3375 1514 3445 γοῦν
1546 3377 1707 3442 αὐτὸς

125 3459 263 3517 εἶναι
288 3466 318 3517 ό
336 3464 550 3534 ποιμὴν
571 3466 601 3517 ό
621 3465 803 3528 καλός·
826 3467 920 3520 κα)⁸
949 3468 1107 3539 ἡμεῖς
1125 3467 1302 3537 λέγειν
1325 3469 1706 3541 διδασκόμεθα’

123 3555 341 3623 Κύριος
370 3557 676 3624 ποιμαίνει
699 3574 798 3625 με,
833 3556 932 3610 καὶ
960 3557 1230 3628 οὺδένμε
1266 3559 1605 3628 ὐστερήσει.

192 3669 479 3740 Σήμερον
507 3670 617 3724 ἐὰν
658 3669 770 3738 τῆς
807 3669 1013 3740 φωνῆς
1051 3673 1238 3727 αὐτοῦ
1269 3673 1590 3740 ἀκούσητε,
1620 3673 1706 3744 μὴ

121 3761 526 3828 σκληρύνητε
568 3758 675 3824 τὰς
718 3757 964 3826 καρδίας
1011 3759 1178 3828 ὑμῶν
1219 3759 1291 3812 ἐν
1342 3758 1420 3825 τῷ
1464 3773 1710 3829 παραπι-

120 3849 399 3919 κρασμῷ.
444 3849 628 3914 ’Ἄπαξ
658 3849 798 3912 τότε,
825 3849 1008 3921 φησὶν,
1034 3848 1401 3920 ὲσκληρύνατε
1436 3849 1535 3913 τὰς
1575 3867 1709 3920 καρ-

120 3940 238 4004 δίας
267 3943 298 3994 ὑ
308 3943 455 4012 μῶν,
490 3940 818 4005 ἀκούσαντες
838 3940 1000 3994 αὑτοῦ
1027 3941 1125 4011 τῆς
1145 3941 1327 4010 φωνῆς
1351 3941 1443 3993 ἐπὶ
1458 3941 1556 4010 τῆς
1583 3941 1711 4012 ἐρή-

121 4049 246 4101 μουο
279 4034 455 4104 ὁρᾶτε
477 4025 568 4084 οὖν
597 4031 670 4102 μὴ
699 4031 793 4084 καὶ
819 4028 1069 4100 δεύτερον
1097 4029 1287 4082 ταύτὸν
1321 4028 1584 4100 πράξητε,
1614 4026 1712 4080 ἐὰν

117 4121 280 4189 αὖθις
313 4126 421 4196 τῆς
450 4125 633 4195 φωνῆς
647 4124 810 4178 αὑτοῦ
835 4123 1100 4194 ἀκούσητε
1129 4125 1186 4176 ὲν
1213 4120 1519 4191 ἀνθρώποις
1543 4123 1711 4192 σήμε-

117 4233 216 4286 ρον
249 4215 582 4288 γενομένου.
617 4215 674 4268 '0
702 4215 760 4268 δὲ
793 4214 949 4283 λόγος
969 4214 1395 4288 προηγουμένως
1420 4215 1554 4286 πρὸς
1584 4215 1712 4278 τοὺς

113 4312 182 4362 ὲκ
212 4305 538 4380 περιτομῆς
575 4306 822 4360 λέλεκται
851 4308 917 4360 ὲκ
946 4306 1237 4377 προσώπου
1271 4304 1363 4359 τοῦ
1399 4305 1558 4377 χοροῦ
1601 4305 1711 4359 τῶν

113 4400 434 4474 προφητῶν
467 4399 898 4472 προφερόμενος⁹
930 4399 979 4452 οἳ
1009 4399 1072 4470 δὴ
1108 4399 1251 4453 κατὰ
1291 4398 1390 4471 μὲν
1418 4399 1514 4470 τὴν
1537 4398 1711 4470 ἀρχὴν

109 4493 182 4546 τὰ
222 4495 421 4548 πάντα
455 4492 641 4560 ἔλεγον
672 4491 1066 4563 πληθυντικῶς,
1116 4493 1209 4544 καὶ
1255 4493 1478 4554 ἑαυτοὺς
1509 4509 1709 4560 συγκα-

108 4585 460 4653 ταλέγοντες
492 4586 603 4645 τοῖς
629 4582 978 4654 καλουμένοις
997 4599 1012 4612 ο
1052 4581 1246 4644 Δεῦτε,
1289 4583 1398 4654 γὰρ
1433 4582 1671 4651 ἔφασκον
1690 4625 1704 4648 ,

109 4669 640 4740 ἀγαλλιασώμεθα
669 4671 765 4723 καὶ
794 4669 1190 4740 ἀλαλὰξωμεν
1221 4671 1318 4724 καὶ
1356 4671 1706 4740 προερθοίσω⁴

102 4781 226 4833 μεν
247 4782 262 4795 ·
300 4763 409 4817 καὶ
430 4763 588 4814 πάλιν
607 4779 620 4792 ο
657 4761 832 4817 Δεῦτε
853 4764 1369 4832 προσκυνήσωμεν
1397 4765 1492 4817 καὶ
1523 4781 1706 4832 προσ-

105 4855 416 4924 πέσωμεν
448 4854 544 4905 καὶ
575 4855 950 4923 κλαύσωμεν-⁸
977 4857 1068 4908 ἐπὶ
1093 4856 1150 4908 δὲ
1186 4855 1280 4908 τοῦ
1306 4857 1566 4927 παρόντος
1590 4855 1705 4908 έτέ-

108 4962 226 5017 ρων
261 4948 351 5010 είς
380 4945 672 5016 πρόσωπον
703 4945 776 5017 μὴ
803 4947 1238 5018 παραιτήσασθαι
1270 4947 1366 5018 τὴν
1393 4947 1579 5017 κλῆσιν
1612 4965 1709 5001 πα-

107 5038 378 5108 ραινοῦσι
396 5053 412 5067 ·
447 5037 570 5108 μηδ’
603 5039 899 5108 ἀπιστῆσαι
926 5042 988 5110 τῇ
1013 5042 1162 5110 φωνῇ
1179 5042 1243 5110 τῇ
1264 5042 1498 5112 σήμερον
1527 5041 1706 5103 αὐτοῖς

104 5131 408 5204 μελλούσῃ
454 5129 655 5184 λαλεῖν.
691 5132 763 5185 Τὸ
795 5131 872 5196 δὲ,
895 5132 1177 5201 σήμερον,
1206 5134 1235 5185 ό
1283 5132 1600 5196 Ἀπόστολος
1627 5134 1706 5194 είς

99 5226 299 5279 πάντα.
331 5223 436 5275 τὸν
471 5223 860 5294 παρατείνοντα
891 5223 989 5293 τῆς
1023 5224 1166 5294 ζωῆς
1192 5225 1348 5296 ήμῶν
1368 5225 1553 5295 χρόνον
1575 5224 1704 5290 ἑξεί-

98 5314 278 5388 ληφε,
321 5313 474 5367 κατὰ
502 5314 583 5377 τὸ,
613 5315 722 5380 ἕως
758 5310 829 5369 οὗ
868 5315 932 5367 τὸ
959 5314 1229 5383 σήμερον
1246 5315 1526 5369 καλεῖται.
1570 5317 1708 5386 Προ-

97 5409 310 5479 τρέπει
333 5405 398 5459 δὲ
428 5405 520 5458 καὶ⁵
548 5407 692 5476 ἡμᾶς
719 5408 747 5459 ό
772 5407 926 5474 λόγος
959 5406 1206 5460 ἐντεῦθεν
1238 5407 1580 5479 ἀπάρξασθαι
1603 5407 1707 5459 τῶν

101 5494 630 5567 παρηγγελμένων.
663 5498 725 5549 Εἰ
758 5497 866 5566 γὰρ
898 5496 992 5550 καὶ
1015 5495 1179 5566 πολλή
1213 5513 1295 5558 τις
1326 5497 1516 5565 γέγονε
1547 5496 1708 5566 ρᾳθυ-

95 5592 205 5659 μία
255 5592 324 5641 ἐν
371 5585 460 5656 τῷ
501 5587 819 5659 παρελθόντι
872 5589 1075 5659 χρόνῳ·
1135 5587 1268 5640 ἀλλὰ
1315 5587 1416 5643 κᾶν
1461 5589 1568 5642 ἀπὸ
1611 5588 1708 5659 τῆς

162 5748 212 5779 ⁶⁶
266 5743 486 5798 Matth.
522 5761 606 5808 vr,
647 5744 782 5808 4,6,
825 5746 906 5798 I8.
990 5746 1028 5775 ‘7
1071 5743 1214 5798 Psal.
1259 5762 1401 5803 xm.
1445 5746 1490 5797 I.

1804 1919 2177 1986 conveniunt;
2211 1929 2261 1972 at
2292 1920 2510 1990 proprie
2544 1926 2599 1974 et
2642 1918 2917 1989 praecipue
2938 1917 3250 1972 Judmorum
3276 1933 3380 1988 po-

1804 2013 1988 2084 pulum
2010 2014 2075 2069 ad
2109 2013 2414 2068 facinorum
2445 2029 2668 2069 suorum
2695 2014 3067 2083 pmnitentiam
3099 2013 3381 2085 Scriptura

1803 2112 2014 2160 evocat.
2049 2136 2122 2147 —
2163 2105 2324 2162 Vens.
2351 2107 2404 2160 7.
2435 2107 2575 2173 Quia
2625 2107 2732 2174 ipse
2787 2115 2864 2160 est
2916 2104 3058 2160 Deus
3099 2116 3299 2171 uoster,
3330 2116 3381 2162 et

1804 2210 1897 2246 nos
1926 2194 2148 2262 populus
2176 2209 2386 2262 pascure
2433 2196 2567 2265 ejus,
2601 2205 2650 2250 et
2681 2212 2796 2250 oues
2839 2211 3027 2250 manus
3069 2197 3203 2266 ejus.
3259 2195 3380 2252 Non

1805 2285 1966 2340 modo
1987 2284 2249 2343 Dominus
2279 2296 2467 2342 noster
2489 2294 2594 2353 est,
2632 2294 2692 2340 ut
2725 2287 2890 2341 herus
2912 2286 3338 2342 domesticorum
3363 2305 3382 2354 ;

1805 2393 1982 2447 neque
2021 2378 2198 2433 solum
2239 2378 2452 2448 opifex,
2505 2386 2690 2449 utpote
2728 2378 2954 2434 Creator
3003 2389 3224 2447 noster;
3285 2379 3385 2434 sed

1804 2469 1966 2523 etiam
1997 2467 2142 2525 Deus
2187 2476 2376 2524 noster
2407 2478 2510 2533 est,
2545 2476 2733 2540 utpote
2775 2468 2953 2523 bonus
2983 2477 3038 2523 et
3086 2468 3380 2538 propitius.

1805 2559 2167 2626 Quamobrem
2226 2570 2413 2631 parcet
2462 2560 2619 2616 nobis
2665 2568 2720 2616 et
2767 2559 3114 2615 miserebitur
3165 2559 3384 2616 nostri:

1805 2653 1932 2721 quia
1963 2667 2076 2706 non
2100 2650 2375 2722 opiﬁcium
2426 2651 2710 2714 duntaxat,
2749 2653 2842 2707 sed
2895 2652 3059 2706 etiam
3103 2651 3389 2720 possessio

1805 2742 1927 2813 ejus
1956 2759 2148 2799 sumus
2175 2761 2188 2797 :
2220 2750 2274 2798 et
2309 2743 2759 2799 rationabiliores
2789 2758 2819 2796 e
2868 2742 3027 2796 nobis
3066 2749 3193 2797 sunt
3217 2757 3383 2812 popu-

1806 2833 1891 2889 lus
1918 2835 2038 2904 ejus
2083 2833 2166 2900 ;ii
2215 2849 2344 2887 vero
2400 2833 2493 2903 qui
2535 2833 2712 2887 adhuc
2767 2831 3066 2902 imperfecti
3099 2841 3154 2886 et
3201 2832 3383 2886 minus

1807 2925 2156 2980 rationabiles
2193 2932 2341 2988 sunt,
2381 2940 2512 2979 aves
2536 2939 2731 2979 manus
2768 2925 2906 2990 ejus.
2939 2922 3125 2992 Itaque
3164 2921 3208 2975 si
3237 2937 3370 2974 corr-

1808 3014 2055 3069 ﬁteamur
2089 3014 2214 3084 ipsi,
2249 3014 2294 3068 si
2329 3013 2639 3075 adoremus,
2679 3012 3026 3083 procidarnus
3068 3021 3123 3065 et
3156 3011 3385 3065 ﬂearnns

1807 3120 1991 3160 coram
2038 3105 2152 3172 illo,
2191 3104 2421 3158 salutem
2466 3119 2695 3174 prorsus
2751 3103 3102 3159 consecuturi
3154 3117 3383 3166 sumus;

1808 3199 1898 3253 alii
1926 3197 2138 3268 quidem
2183 3205 2240 3251 ut
2293 3197 2559 3267 populus;
2593 3197 2683 3250 alii
2732 3212 2860 3250 vero
2911 3204 2970 3250 ut
3023 3211 3152 3249 oves
3187 3210 3382 3248 manus

1808 3289 1947 3359 ejus.
1987 3289 2107 3360 Ipse
2129 3303 2364 3358 namque
2385 3287 2588 3342 dicitur
2610 3303 2732 3342 esse
2762 3287 2938 3341 bonus
2978 3293 3255 3355 pastor,et
3281 3301 3385 3338 nos

1809 3381 2148 3436 instituimur
2189 3381 2252 3436 ad
2310 3379 2598 3435 dicendum
2632 3398 2644 3433 :
2679 3379 2937 3433 Dominus
2963 3380 3128 3448 pascit
3184 3395 3298 3444 me,
3331 3385 3394 3438 et.

1809 3473 1940 3528 nihil
1977 3472 2106 3526 mihi
2136 3471 2303 3526 deerit
2333 3473 2400 3526 ⁵⁷.

1880 3665 2046 3720 Vens.
2072 3666 2124 3721 8.
2164 3665 2334 3719 Hodie
2355 3666 2401 3720 si
2426 3683 2597 3720 vocem
2627 3665 2741 3735 ejus
2777 3665 3074 3728 audieritis,
3103 3661 3264 3715 nolite
3285 3661 3382 3714 ob-

1809 3757 2002 3810 durare
2036 3756 2199 3810 corda
2239 3767 2410 3811 vestra
2450 3758 2504 3810 in
2545 3756 2966 3811 exacerbatione.
2999 3753 3154 3807 Tunc
3188 3752 3378 3813 semel,

1810 3850 2010 3918 inquit,
2035 3848 2219 3902 audita
2244 3848 2298 3902 in
2315 3863 2499 3902 eremo
2522 3862 2654 3902 voce
2676 3847 2849 3917 ipsius
2878 3845 3194 3900 obdurastis
3214 3845 3380 3899 corda

1809 3947 2224 4007 vestra;cavete
2253 3954 2382 4012 ergo
2422 3956 2489 3994 ne
2527 3937 2767 3994 secundo
2797 3938 3025 4008 idipsum
3058 3935 3385 4002 admittatis,

1811 4031 1856 4085 si
1891 4045 2108 4083 rursum
2137 4030 2256 4099 ejus
2296 4031 2438 4102 apud
2473 4031 2723 4085 homines
2775 4030 2934 4084 hodie
2985 4030 3256 4084 versantis
3286 4045 3382 4082 vo—

1810 4137 1927 4176 cem
1946 4121 2200 4177 andiatis.
2221 4122 2411 4177 Sermo
2437 4129 2616 4176 autem
2644 4122 2845 4192 populo
2866 4137 2929 4176 ex
2961 4121 3390 4175 circumcisione

1809 4212 2106 4282 praisertim
2135 4213 2471 4276 enuntiatur,
2500 4227 2568 4266 ex
2613 4227 2846 4281 persona
2895 4211 3048 4266 chori
3093 4212 3383 4280 propheta-

1811 4320 1932 4358 rum
1973 4305 2236 4375 prolatus.
2269 4303 2348 4358 Illi
2380 4305 2588 4360 scilicet
2622 4304 2778 4358 initio
2810 4303 3025 4373 quidem
3058 4303 3238 4356 omnia
3263 4304 3383 4372 plu-

1810 4398 1998 4452 raliter
2023 4397 2296 4460 dicebant,
2320 4397 2525 4452 vocatis
2547 4413 2666 4452 sese
2694 4403 3152 4451 connurnerantes
3183 4414 3194 4448 :
3230 4410 3380 4459 nam,

1738 4510 1783 4566 ι)
1812 4489 1997 4552 uenite,
2020 4487 2256 4551 aiebant,
2291 4488 2637 4551 exsultemus,
2659 4488 2948 4557 jubilemus
2977 4496 3025 4540 et
3056 4501 3385 4554 praeoccupe-

1812 4596 1964 4643 mus;
1999 4595 2063 4634 ac
2092 4595 2331 4642 rursum,
2377 4579 2575 4645 Venite,
2623 4580 2918 4642 adoremus,
2963 4577 3299 4647 procidamus
3331 4586 3381 4632 et

1811 4672 2076 4741 ploremus
2111 4689 2128 4724 :
2159 4673 2213 4725 in
2238 4673 2492 4742 praesenti
2529 4687 2657 4726 vero
2685 4671 2913 4726 aliorum
2940 4677 3218 4737 assumpta
3257 4685 3380 4739 per-

1813 4780 1972 4828 sonu,
2001 4764 2293 4818 hortantur
2349 4780 2416 4818 ne
2477 4764 2816 4818 vocationem
2873 4771 3165 4831 respuant;
3207 4777 3383 4830 neque

1811 4858 1930 4911 voci
1961 4872 2084 4927 qua:
2125 4855 2272 4926 ipsos
2322 4854 2482 4909 hodie
2527 4855 2832 4908 allocutura
2856 4861 2937 4906 cst
2971 4852 3128 4906 fidem
3161 4861 3379 4921 negent.

1813 4948 1951 5003 Illud
1981 4964 2164 5019 porro,
2196 4947 2370 5013 hodie,
2398 4948 2694 5016 Apostolus
2733 4946 2930 5014 accipit
2978 4961 3075 5012 pro
3105 4952 3220 4995 toto
3263 4945 3385 4996 vitae

1814 5047 2013 5095 nostra:
2045 5047 2318 5109 tempore;
2352 5037 2650 5093 secundum
2692 5035 2843 5097 illud,
2875 5035 3048 5088 Donec
3101 5034 3252 5087 hodie
3295 5049 3386 5085 υυ-

1812 5132 2050 5186 catur“.
2088 5130 2346 5184 Hortatur
2405 5137 2584 5183 autem
2638 5143 2739 5182 nos
2791 5127 3091 5196 Scriptura,
3145 5134 3204 5178 nt
3255 5126 3384 5177 hinc

1810 5231 2079 5294 praecepta
2106 5220 2356 5276 servandi
2379 5221 2663 5276 exordium
2686 5219 2970 5273 ducamus.
2996 5216 3220 5269 Etiamsi
3235 5216 3380 5268 enirn

1810 5314 2135 5385 praecedenti
2191 5321 2440 5382 tempore
2492 5313 2548 5366 in
2614 5326 2809 5381 magna
2889 5309 3119 5378 segnitie
3180 5307 3380 5362 versati

1809 5408 2018 5473 simus;
2053 5415 2106 5460 at
2158 5409 2238 5461 vel
2296 5408 2485 5462 saltem
2535 5407 2603 5460 ab
2649 5407 2751 5459 hac
2783 5404 2892 5468 die,
2923 5417 3044 5472 quae
3087 5415 3180 5470 per
3220 5398 3376 5461 illud,

1810 5497 1981 5559 hodie,
2013 5497 2359 5566 exprimitur,
2383 5497 2522 5550 etab
2552 5496 2653 5548 hoc
2681 5504 2922 5562 tempore
2945 5491 3104 5546 dictis
3135 5487 3379 5543 attende-

1811 5605 1868 5642 re
1899 5602 2153 5644 curemus
2194 5607 2204 5641 :
2243 5605 2342 5643 nec
2376 5587 2635 5659 populum
2690 5587 2838 5640 illum
2871 5583 3163 5645 imitemur,
3192 5577 3281 5648 qui
3323 5577 3379 5632 in

1571 5747 1612 5772 ⁸⁸
1656 5743 1815 5800 IIebr.
1858 5759 1953 5802 ιιι.
1992 5747 2077 5802 l5.
