3830 6288
122 307 257 363 1211

1188 303 1688 362 COMMENTARIA
1728 304 1793 359 ΙΝ
1835 302 2172 359 PSALMOS.

3210 306 3352 361 1218

127 421 235 477 ἀλλ’
265 420 296 488 ἡ
334 417 469 487 μετὰ
492 416 590 486 τὴν
620 416 794 484 ἔξοδον
817 416 910 470 τοῦ
940 416 1201 489 παρόντος
1239 420 1352 487 βίου
1394 422 1489 473 σὺν
1526 419 1672 490 αὑτῷ

1776 419 1990 491 quando
2034 418 2287 474 abscedet
2335 417 2557 487 quidem
2609 418 2785 482 dolor,
2822 417 3044 473 tristitia
3080 424 3136 472 et
3178 421 3350 488 gerni-

127 509 386 582 δωτριὸὴ,
413 508 532 562 καθ’
562 509 629 578 ἢν
668 510 1092 578 ἀναπαυσόμεθα
1133 512 1189 562 ἐν
1216 513 1282 580 τῇ
1318 509 1480 563 αὑτοῦ
1528 510 1673 581 βασι-

1780 518 1904 574 tus;
1934 506 2090 578 quies
2115 515 2317 567 autem.
2349 506 2558 578 ereptio
2579 522 2611 560 a
2636 508 2817 571 malis,
2848 507 3104 570 cessatio,
3132 509 3349 576 requies

127 606 263 675 λείᾳ,
298 603 474 671 πάσης
510 602 608 671 τῆς
652 601 738 655 διὰ
775 601 1022 673 πράξεως
1058 601 1281 671 ἀγωγῆς
1326 601 1679 672 ἀπηλλαγμέ-

121 713 219 758 νοι,
277 694 411 763 μόνη
464 692 519 745 δὲ
583 696 651 763 τῇ
713 692 821 745 τῶν
867 692 1022 745 θείων
1063 694 1158 746 καὶ
1208 694 1540 765 ἐπουρανίων
1581 692 1679 764 θέᾳ

119 785 560 859 προσανέχοντες;
596 786 682 837 ὅτε
713 784 1072 856 ἀποδράσεται
1099 785 1196 857 μέν
1227 786 1381 857 ὀδύνη
1411 785 1504 839 καὶ¹
1532 783 1676 856 λύπη

120 880 210 935 καὶ
266 878 584 945 στεναγμός
645 876 811 948 ἀργία
867 874 923 929 δὲ
975 875 1068 930 καὶ
1133 876 1417 950 ἀπαλλαγὴ
1469 880 1675 943 κακῶν,

116 970 272 1042 σχολή
311 986 369 1021 τε
403 969 495 1021 καὶ
544 968 830 1021 ἀνάπαυλα
875 966 969 1021 καὶ
1010 966 1071 1021 τὸ
1119 965 1368 1039 ἀληθινὸν
1403 967 1678 1026 Σάϐϐατον

109 1062 253 1131 ἡμᾶς
287 1060 611 1125 διαδέξεται·
638 1060 694 1111 ἐν
728 1051 771 1125 ᾧ
796 1058 1054 1129 Σαόόάτῳ
1081 1058 1313 1131 ἀληθινῷ
1344 1062 1437 1114 καὶ
1465 1063 1623 1127 αὐτὸς
1650 1062 1679 1116 ὁ

108 1152 193 1206 τοῦ
238 1151 371 1204 Θεοῦ
426 1151 596 1219 Λόγος
650 1150 1052 1203 ἀναπαύσεται·
1123 1152 1182 1205 τὸ
1242 1152 1342 1221 μὲν
1404 1154 1533 1224 περὶ
1586 1154 1678 1207 τὸν

105 1241 354 1312 αἰσθητὸν
397 1241 636 1311 κόσμον,
684 1240 763 1311 τῷ
816 1241 1083 1295 Ἰουδαίων
1136 1241 1248 1312 λαῷ
1300 1242 1369 1295 τὰ
1428 1245 1485 1296 ἐν
1530 1243 1678 1315 αὐτῷ

105 1330 460 1403 προσφωνῶν,
500 1331 594 1383 καὶ⁵
628 1331 960 1401 παρακαλῶν
987 1332 1201 1396 αὐτοὺς,
1235 1336 1282 1387 εἰ
1306 1329 1557 1405 δεύτερον
1582 1352 1678 1387 καο

100 1422 430 1489 ταξιωθεῖεν,
472 1423 545 1486 ὡς
584 1423 645 1475 τὸ
684 1423 896 1494 πρῶτον
940 1424 1032 1478 ἐπὶ
1062 1426 1159 1496 τῆς
1187 1427 1415 1497 ἐρήμου,
1449 1424 1678 1479 ἀκοῦσαι

100 1518 195 1587 τῆς
225 1516 320 1571 τοῦ
354 1516 487 1569 Θεοῦ
513 1518 683 1583 Λόγου
715 1517 919 1587 φωνῆς,
947 1519 1067 1589 ἥτις
1095 1519 1326 1589 ἤμελλεν
1351 1519 1531 1583 αὐτοῖς
1562 1524 1669 1574 πά-

99 1610 177 1665 λιν
211 1612 352 1664 κατά
411 1611 508 1683 τὴν
551 1611 961 1683 ἐνανθρώπησιν
1005 1614 1166 1666 αὑτοῦ
1214 1612 1411 1677 λαλεῖν,
1450 1614 1525 1685 μὴ
1553 1616 1677 1678 τοὺς

99 1700 341 1770 πατέρας
372 1700 548 1753 αὐτῶν
572 1700 830 1771 ζηλῶσαι,
865 1703 987 1775 μηδ’
1014 1700 1172 1767 αὖθις
1208 1704 1299 1757 τὸν
1331 1705 1463 1758 Θεὸν
1492 1724 1672 1777 παρα-

1779 615 1843 655 ac
1905 615 2091 657 verum
2142 600 2425 654 sabbatum
2482 615 2583 654 nos
2631 601 2863 670 excipiet
2898 618 2910 654 :
2947 600 3002 653 in
3057 616 3168 669 quo
3214 600 3344 656 item

1776 706 1906 745 vero
1942 691 2168 746 sabbato
2203 690 2379 759 ipsum
2411 687 2505 745 Dei
2538 688 2774 744 Verbum
2816 691 3138 760 requiescet.
3187 690 3347 756 Quod

1777 799 1907 837 vero
1934 791 2135 854 spectat
2174 783 2235 840 ad
2268 783 2413 837 hunc
2459 782 2770 838 sensibilem
2802 782 3088 844 mundum,
3124 781 3346 838 Iudaeos

1778 886 1967 931 evocat
1996 884 2048 931 et
2076 876 2347 939 hortatur,
2396 884 2457 930 ut
2504 875 2549 929 si
2575 874 2688 943 jam
2721 874 2984 938 secundo,
3030 882 3090 929 ut
3123 876 3251 929 olim
3286 875 3343 929 in

1778 968 2014 1034 deserto,
2047 968 2141 1023 Dei
2178 967 2339 1023 Verbi
2367 982 2498 1022 voce
2522 966 2833 1037 dignentur,
2863 983 2985 1037 quae
3013 968 3165 1033 ipsos
3203 974 3346 1022 tem-

1777 1073 1907 1127 pore
1940 1059 2333 1113 incarnationis
2359 1057 2479 1127 ejus
2511 1058 2705 1112 iterum
2754 1058 3056 1111 allocutura
3084 1067 3217 1123 erat,
3275 1073 3344 1112 ne

1778 1162 1962 1223 patres
2017 1166 2148 1207 suos
2206 1153 2508 1217 imitentur,
2569 1167 2745 1221 neque
2797 1167 3016 1206 rursum
3070 1159 3130 1205 ut
3182 1159 3341 1205 antea

1778 1242 1945 1299 Deum
2000 1242 2343 1297 exaeerhent.
2374 1242 2510 1297 Cum
2550 1249 2729 1297 autem
2773 1240 2851 1296 sic
2884 1241 3154 1304 hortatur,
3187 1238 3339 1294 vide~

1778 1343 1865 1389 tur
1906 1333 2037 1387 mihi
2081 1333 2446 1402 praenuntiam
2489 1348 2550 1386 ac
2580 1332 2929 1387 subindicare
2967 1330 3204 1385 futuram
3254 1346 3346 1385 eo-

1777 1438 1896 1478 rum
1937 1439 2063 1494 erga
2101 1422 2378 1478 Christum
2415 1422 2873 1485 incredulitatem,
2913 1432 3098 1491 utpote
3138 1421 3330 1475 futuro—

1777 1531 1896 1570 rum
1950 1530 2056 1569 non
2103 1514 2321 1570 nescius
2355 1528 2515 1568 :nam
2574 1514 2677 1568 sub
2707 1514 2821 1567 haec
2874 1529 2937 1567 ex
2972 1527 3204 1582 persona
3243 1508 3337 1565 Dei

1778 1606 1963 1675 adjicit
1995 1614 2049 1659 et
2083 1606 2159 1658 ait
2185 1623 2198 1657 :
2223 1603 2293 1657 Et
2315 1604 2446 1669 diti,
2481 1603 2693 1672 Semper
2716 1612 2893 1657 errant
2910 1602 3062 1656 corde
3080 1618 3099 1666 ;
3133 1616 3197 1656 ac
3226 1617 3343 1655 rur-

1777 1713 1919 1759 sum,
1955 1694 2102 1750 Sieut
2134 1696 2315 1764 juravi
2360 1698 2413 1749 in
2456 1695 2540 1747 ira
2590 1711 2727 1758 mea,
2773 1696 2820 1748 si
2852 1693 3137 1749 introibant
3168 1693 3221 1746 in
3263 1708 3341 1746 re.

94 1790 356 1859 πικράναι
387 1789 462 1853 ὼς
495 1790 589 1843 καὶ
624 1790 907 1862 πρότερον.
954 1792 1190 1847 Τοιαῦτα
1220 1791 1276 1845 δέ
1310 1793 1665 1864 παρακαλῶν,

1776 1788 1942 1857 quiem
1982 1803 2170 1841 meam.
2202 1785 2412 1841 Etenim
2447 1785 2494 1841 si
2538 1786 2592 1839 in
2636 1801 2699 1842 os
2739 1786 2871 1840 i||ud
2905 1786 3148 1839 divinum
3194 1799 3341 1838 meu-

92 1881 379 1952 προλέγειν
419 1900 507 1953 μοι
529 1882 673 1935 δοκεῖ
701 1884 791 1936 καὶ
820 1884 1251 1955 προαινίττεσθαι
1277 1884 1377 1953 τὴν
1405 1885 1668 1954 ἐσομένην

92 1973 270 2026 αὐτῶν
297 1975 375 2038 εἰς
420 1974 511 2026 τὸν
552 1973 781 2044 Χριστὸν
815 1974 1093 2039 ἀπιστίαν,
1130 1974 1225 2028 ἅτε
1258 1974 1318 2027 τὸ
1361 1974 1552 2045 μέλλον
1589 1975 1663 2046 μὴ

89 2061 321 2132 ἀγνοῶψ
358 2065 549 2133 ἐπάγει
587 2064 630 2118 δ’
667 2061 761 2117 οὖν
812 2064 939 2136 tea;
972 2068 1035 2119 ἐκ
1076 2064 1365 2136 προσώπου
1406 2064 1498 2118 τοῦ
1534 2063 1669 2117 Θεοῦ

92 2156 184 2208 καὶ
220 2156 387 2225 φησίν
415 2172 431 2188 ο
471 2157 579 2209 Καὶ
619 2153 774 2211 εἶπα·
831 2157 936 2210 Ἀεὶ
970 2155 1309 2211 πλανῶνται
1337 2155 1412 2225 τῇ
1434 2156 1666 2225 καρδίᾳο

93 2249 186 2301 καὶ
217 2250 402 2302 πάλιν·
442 2250 535 2315 Ὡς
562 2250 767 2319 ὤμοσα
795 2250 865 2303 ἐν
892 2248 969 2318 τῇ
997 2249 1140 2319 ὀργῇ
1164 2268 1302 2319 μου,
1329 2253 1381 2303 εί
1404 2250 1670 2303 εἰσελεύ-

92 2359 313 2395 σονται
344 2344 431 2407 εὶς
462 2341 577 2409 τὴν
606 2341 986 2395 κατάπαυσίν
1026 2359 1162 2410 μου.
1201 2341 1262 2393 Εἰ
1297 2340 1404 2411 γὰρ
1445 2339 1673 2409 ἀψευδὲς

95 2434 361 2503 τυγχάνει
390 2434 451 2486 τὸ
480 2433 619 2486 θεῖον
652 2434 842 2504 στόμα,
872 2434 997 2506 ὅρον
1014 2450 1070 2484 τε
1106 2433 1393 2503 ἐξήνεγκεν
1417 2432 1510 2485 καὶ
1534 2432 1670 2485 ἀπε-

1774 1874 1989 1928 dacium
2031 1888 2139 1927 non
2177 1873 2344 1937 cadit,
2386 1888 2450 1927 ac
2498 1871 2867 1928 deﬁnitionem
2901 1874 3339 1942 sententiamque

1775 1963 1921 2017 illam
1976 1963 2218 2033 protulit,
2263 1962 2407 2033 quod
2450 1963 2658 2018 scili'cet
2708 1977 2922 2033 semper
2957 1969 3162 2024 errent,
3189 1961 3339 2031 jura-

1775 2064 2067 2125 mentoque
2093 2054 2379 2109 allirmavit
2405 2069 2500 2109 eos
2533 2054 2587 2108 in
2610 2054 2857 2124 requiem
2884 2054 3058 2124 ipsius
3085 2069 3194 2107 non
3217 2067 3342 2108 esse

1776 2145 2155 2215 ingressuros;
2188 2152 2372 2215 aperte
2418 2142 2597 2199 futura
2626 2145 2952 2199 vaticinatus
2999 2151 3103 2199 est.
3135 2144 3337 2210 Quare.

1776 2246 1837 2291 ut
1861 2237 1991 2291 olim
2013 2247 2260 2310 tempore
2289 2235 2510 2308 Moysis,
2539 2236 2618 2291 sic
2640 2236 2834 2290 iterum
2858 2234 3069 2289 Domini
3098 2244 3341 2304 tempore

1771 2332 1987 2386 videtur
2012 2330 2226 2386 Iudaeos
2258 2330 2420 2385 corde
2448 2344 2685 2394 errasse,
2718 2328 2946 2397 ideoque
2978 2326 3340 2397 promissione

1776 2426 1866 2480 illa
1892 2424 2183 2479 frustratos
2205 2439 2349 2481 esse.
2370 2421 2710 2492 Quapropter
2728 2428 2850 2490 post
2878 2412 3022 2473 hanc
3048 2419 3340 2488 psalmum,

89 2527 323 2596 φήνατο,
353 2528 431 2579 ὅτι
473 2526 558 2579 ἀεὶ
614 2525 953 2590 πλανῶνται,
994 2527 1142 2597 ὅρκῳ
1179 2542 1237 2577 τε
1286 2522 1576 2577 ἐϐεϐαίωσε
1615 2521 1673 2575 τὸ

1776 2519 1868 2589 qui
1919 2517 2164 2588 sequitur
2197 2532 2388 2571 omnes
2431 2523 2619 2586 gentes
2676 2511 2742 2566 ad
2784 2510 3200 2581 promissionem
3244 2507 3340 2563 Dei

86 2616 161 2688 μὴ
196 2617 461 2670 εἰσελθεῖν
491 2618 685 2681 αὐτοὺς
720 2620 797 2682 είς
833 2616 929 2688 τὴν
962 2618 1302 2671 κατάπαυσιν
1342 2614 1505 2670 αὐτοῦ
1526 2632 1539 2645 σ
1582 2632 1673 2667 σα-

1777 2618 1955 2673 vocat,
1987 2624 2051 2663 ac
2079 2608 2124 2662 si
2154 2609 2303 2678 prior
2339 2607 2428 2661 ille
2458 2604 2689 2675 populus
2714 2616 2823 2655 non
2859 2597 3265 2669 obtemperarit.

84 2711 198 2776 φῶς
222 2711 292 2763 τὸ
327 2711 515 2781 μέλλον
542 2712 844 2764 ἐθέσπισεν.
879 2711 1037 2765 Ὅθεν
1073 2711 1348 2780 φαίνονται
1378 2710 1565 2781 ὥσπερ
1600 2708 1659 2762 τὸ
1684 2708 1896 2779 πρῶτον
1936 2705 2026 2758 ἐπὶ
2047 2703 2346 2766 Μωῦσέως,
2372 2702 2513 2754 οὕτω
2564 2699 2658 2752 καὶ
2702 2696 2761 2750 τὸ
2816 2694 3063 2766 δεύτερον
3104 2695 3194 2745 ἐπὶ
3245 2689 3340 2747 τοῦ

82 2803 297 2872 Κυρίου
336 2801 697 2873 πλανηθέντες
731 2805 795 2873 τῇ
832 2802 1047 2872 καρδίᾳ,
1093 2802 1186 2853 καὶ
1227 2801 1316 2854 διὰ
1361 2800 1519 2853 τοῦτο
1561 2800 1658 2869 τῆς
1691 2797 2022 2866 ἐπαγγελίας
2066 2793 2439 2864 στερηθέντες.
2476 2790 2675 2859 Διόπερ
2725 2786 3029 2848 ἀκολούθως
3082 2783 3216 2854 μετὰ
3249 2783 3339 2836 τὸν

84 2895 335 2967 παρόντα
358 2894 569 2965 ψαλμὸν
595 2897 623 2947 ὁ
643 2894 767 2965 ἑξῆς
790 2894 967 2948 πάντα
1002 2893 1070 2947 τά
1098 2893 1224 2964 ἔθνη
1259 2894 1337 2956 εἰς
1358 2893 1455 2963 τὴν
1487 2888 1818 2959 ἐπαγγελίαν
1846 2887 1940 2942 τοῦ
1975 2887 2108 2940 Θεοῦ
2133 2885 2309 2948 καλεῖ,
2353 2883 2428 2944 ὡς
2480 2880 2546 2935 ἂν
2594 2878 2689 2932 τοῦ
2753 2878 3014 2949 προτέρου
3060 2874 3189 2928 λαοῦ
3263 2876 3338 2945 μὴ

84 2986 527 3049 ὑπακούσαντος.

79 3102 221 3171 nm
284 3100 371 3171 Τῼ
424 3100 659 3161 altrm,
709 3099 838 3152 ore
892 3104 932 3152 υ
982 3096 1671 3171 οικοΣήῼιιρΑοΜΕιΤο

1777 3069 3072 3171 ιοη,ςεβληιεξρὲιέηηιεῖὲἔρῼιὶηῑ’.Ρςηρὲίἑέἳρίῖῇ
3106 3067 3340 3171 est“

357 3138 546 3223 inii-iii
562 3138 748 3222 'i‘r’mi'
765 3138 879 3222 λ’ῐχ
886 3138 1186 3223 mser;
1194 3138 1580 3234 161E?”
1595 3138 1618 3149 ’
1633 3138 1666 3151 ν

1784 3138 2236 3216 "ierit—“imm
2253 3149 2345 3206 ur.
2376 3147 2549 3204 POST
2568 3138 3094 3201 ςΑρτινιτΑτιςΜ.
3121 3138 3279 3193 xcv.

1843 3318 2006 3373 Vens.
2034 3316 2089 3370 2.
2131 3314 2356 3370 Cuntate
2392 3308 2615 3363 Domino
2654 3305 2920 3359 canticum
2955 3314 3164 3361 novum,
3210 3313 3340 3349 can-

1771 3421 1875 3467 tate
1912 3409 2153 3469 Domino,
2188 3405 2355 3459 omnis
2401 3410 2559 3455 terra.
2594 3398 2818 3453 Cantate
2841 3394 3088 3455 Domino,
3130 3389 3341 3444 benedi~

1768 3506 1870 3559 cite
1899 3500 2096 3555 nomini
2124 3498 2259 3567 ejus.
2290 3494 2424 3549 Cum
2460 3493 2514 3545 in
2546 3486 2870 3559 prwcedeuti
2913 3485 3121 3555 psalmo
3151 3481 3218 3535 de
3248 3481 3343 3533 .Iu-

1770 3596 1928 3651 daico
1960 3591 2160 3664 populo
2195 3590 2399 3641 dictum
2438 3584 2651 3643 fuisset,
2674 3580 2888 3647 Semper
2926 3583 3106 3630 errant
3141 3573 3295 3627 corde
3316 3612 3332 3630 ,

1769 3697 1845 3749 et,
1874 3683 2021 3739 Sicut
2041 3679 2222 3751 jurnui
2251 3678 2303 3730 in
2341 3677 2422 3727 ira
2456 3690 2592 3738 mea,
2620 3672 2664 3724 si
2696 3666 2985 3722 introibunt
3020 3666 3075 3717 in
3106 3663 3334 3731 requiem

1772 3792 1941 3830 meam
1966 3788 1983 3825 :
2008 3772 2139 3842 quia
2181 3770 2302 3823 illos
2334 3767 2567 3836 primum
2596 3763 2661 3815 ad
2691 3776 2810 3814 eam
2843 3755 3141 3811 secundum
3168 3751 3337 3806 Deum

1769 3866 2189 3924 exsultationem
2241 3861 2534 3919 advocans,
2584 3851 2959 3920 immorigeros
3016 3845 3335 3905 invenisset,

1772 3961 1838 4014 ad
1864 3959 2199 4013 vocationem
2223 3951 2466 4023 gentium
2489 3944 2707 4000 transit.
2741 3942 2834 3996 His
2856 3953 3017 4010 porro
3056 3939 3335 4006 apostolos

1771 4057 1825 4106 et
1873 4045 2233 4117 cvangelistas
2272 4039 2570 4095 Salvatoris
2608 4034 2913 4105 compellat,
2950 4039 3008 4084 ut
3038 4030 3214 4099 palam
3250 4035 3336 4080 est

1771 4156 1834 4195 ex
1870 4136 2072 4197 verbis,
2105 4131 2430 4187 Annuntiate
2464 4135 2527 4181 de
2563 4125 2648 4179 die
2670 4130 2723 4177 in
2759 4123 2895 4176 diem
2926 4120 3161 4175 salutare
3195 4117 3335 4186 ejus,

1772 4246 1892 4302 quas
1920 4229 2178 4295 deinceps
2206 4231 2531 4293 sequuntur,
2572 4227 2625 4273 et
2656 4232 2720 4272 ex
2754 4215 2860 4279 his,
2904 4211 3228 4265 Aununtiate
3261 4210 3341 4261 in-

1772 4334 1848 4378 ter
1872 4329 2043 4393 gentes
2065 4317 2289 4389 gloriam
2324 4314 2459 4384 ejus,
2493 4312 2547 4364 in
2569 4309 2806 4364 omnibus
2834 4305 3038 4377 populis
3068 4302 3338 4393 mirabilia

1771 4391 1926 4484 ejus:
1960 4425 2068 4464 non
2119 4408 2347 4461 aliorum
2391 4403 2556 4467 enim,
2594 4414 2755 4471 quam
2815 4394 3112 4450 Salvatoris
3160 4391 3335 4444 nostri

1773 4482 2143 4575 apostolorum
2179 4512 2365 4567 opera,
2414 4495 2465 4548 hi
2516 4504 2793 4548 sermones
2841 4487 2905 4541 ad
2957 4500 3069 4539 rem
3117 4482 3336 4537 deducti

1775 4573 1921 4651 sunt.
1951 4593 2131 4658 Quare
2156 4590 2225 4643 ob
2251 4586 2459 4641 Novum
2497 4583 2923 4642 Testamentum,
2970 4583 3023 4629 et
3057 4573 3129 4627 ob
3172 4588 3339 4626 evan-

1774 4687 2003 4757 gelicum
2035 4696 2232 4737 novum
2273 4678 2566 4737 canticum,
2608 4688 2702 4743 per
2733 4672 2880 4740 ipsos
2911 4665 3165 4721 omnibus
3215 4679 3339 4733 gen-

1779 4781 1926 4835 tibus
1955 4775 2334 4846 praadicaturn,
2368 4772 2516 4840 ipsos
2546 4768 2694 4821 solos
2729 4764 2809 4816 sic
2841 4757 3169 4826 compellare
3200 4769 3338 4808 con-

1776 4869 2047 4923 veniebat.
2089 4864 2154 4918 iti
2185 4864 2368 4932 itaque
2395 4859 2658 4929 jubentur
2696 4861 2920 4908 cantare
2952 4848 3179 4901 Domino
3208 4860 3334 4898 ean-

1776 4965 1946 5018 ticum
1980 4974 2178 5015 novum
2215 4956 2269 5009 in
2312 4954 2564 5007 universa
2593 4958 2738 5000 terra
2766 4962 2778 4997 :
2805 4940 2949 5012 quod
2984 4938 3149 4993 etiam
3177 4948 3342 5003 opere

1776 5055 2144 5125 perfecerunt,
2173 5044 2391 5117 quando
2439 5042 2493 5094 in
2532 5052 2733 5092 omnem
2762 5044 2957 5087 terram
2995 5029 3152 5084 exivit
3182 5043 3341 5080 sonus

1775 5120 1978 5210 eorum,
2007 5144 2133 5199 etin
2159 5144 2287 5212 ﬁnes
2313 5137 2451 5191 orbis
2482 5144 2633 5187 terra:
2698 5128 2851 5183 verba
2887 5142 3064 5179 eorum
3087 5123 3156 5175 ".
3214 5120 3343 5172 Erat

1776 5254 1940 5311 porro
1972 5235 2247 5291 canticum
2280 5228 2411 5285 illud
2446 5240 2667 5286 novum,
2692 5221 2933 5277 salutare
2968 5212 3342 5311 Evangeliuim,

1778 5300 1921 5402 quod
1967 5343 2077 5384 non
2112 5337 2291 5379 vetera
2344 5320 2434 5373 illa
2490 5314 2691 5385 Moysis
2722 5310 2911 5379 legalia
2954 5300 3345 5370 complecteba-

1778 5396 1890 5486 t-ur,
1936 5418 2030 5475 sed
2091 5413 2293 5471 Christi
2341 5416 2611 5481 prmcepta
2662 5402 2917 5458 omnibus
2971 5396 3176 5450 Graecus
3220 5404 3344 5443 cou-

1778 5512 2024 5588 grucntia
2044 5528 2056 5564 :
2079 5509 2170 5563 illa
2197 5507 2396 5579 quippe
2424 5500 2659 5558 Mosaiea
2686 5512 2796 5553 ncn
2827 5486 3141 5564 hujusmodi
3161 5491 3341 5540 erant.

153 3347 389 3417 ’ᾼσατε
426 3345 506 3410 τῷ
546 3345 736 3415 Κιιρίῳ
768 3338 931 3415 ᾆσμα
963 3343 1192 3397 καινόν·
1228 3342 1414 3411 dicate
1446 3340 1524 3405 τῷ
1556 3341 1670 3394 Κυ-

69 3438 207 3505 ρίῳ,
250 3435 421 3490 πᾶσα
448 3438 485 3505 ἠ
513 3435 609 3505 γῆ.
650 3439 872 3506 ’ᾼσατε
908 3434 988 3500 τῷ
1032 3436 1246 3502 Κυρίῳ,
1295 3432 1669 3502 εὐλογήσατε

74 3529 146 3581 τὸ
186 3529 383 3597 ὄνομα
414 3528 617 3581 αὑτοῦ.
661 3529 841 3599 Φήσας
880 3530 908 3580 ὁ
937 3528 1090 3596 λόγος
1126 3530 1182 3579 ἐν
1224 3526 1301 3597 τῷ
1331 3525 1437 3596 πρὸ
1479 3523 1668 3576 τούτου

74 3618 294 3690 ψαλμῷ
323 3621 449 3689 περὶ
466 3618 560 3672 τοῦ
603 3620 868 3673 Ἰουδαίων
894 3619 1022 3672 λαοῦ
1053 3619 1132 3682 τὸ,
1181 3619 1285 3672 Ἀεὶ
1326 3616 1670 3671 πλανῶνται

76 3708 157 3777 τῇ
190 3710 433 3778 καρδία
461 3709 554 3762 καὶ
578 3709 657 3771 τὸ,
702 3709 795 3774 Ὡς
828 3708 1030 3777 ὤμοσα
1062 3707 1131 3759 ἐν
1153 3704 1227 3773 τῇ
1259 3702 1404 3774 ὀργῇ
1444 3722 1584 3773 μου,
1619 3704 1672 3754 εἰ

74 3802 547 3854 εἰσελεύσονται
592 3803 679 3866 είς
718 3799 832 3867 τὴν
878 3797 1257 3851 κατάπαυσίν
1297 3811 1435 3862 μου·
1485 3794 1669 3864 ἐπειδὴ

76 3893 348 3964 πρώτους
369 3893 563 3955 αὐτοὺς
590 3892 682 3944 ἐπὶ
734 3890 832 3962 τὴν
861 3890 1001 3943 κατὰ
1030 3889 1161 3943 Θεὸν
1189 3886 1507 3956 ἁγαλλίασιν
1531 3901 1671 3955 προ-

74 3983 467 4054 καλεσάμενος
517 3983 759 4047 ἀπειθεῖς
814 3978 1003 4054 εὗρεν,
1067 3981 1160 4034 ἐπὶ
1204 3980 1301 4051 τὴν
1350 3978 1457 4031 τῶν
1500 3976 1670 4029 ἐθνῶν

73 4075 291 4146 κλῆσιν
326 4075 653 4145 μεταϐαίνειο
691 4074 1000 4145 προσφωνεῖ
1029 4071 1085 4124 δὲ
1105 4069 1274 4123 ταῦτα
1298 4070 1407 4131 τοῖς
1434 4066 1668 4120 ἀποστόο

71 4168 199 4231 λοις
230 4168 323 4221 καὶ
357 4167 626 4239 μαθηταῖς
652 4168 744 4221 τοῦ
776 4166 1048 4237 Σωτῆρος,
1083 4164 1219 4233 ὅπερ
1247 4160 1402 4232 δῆλόν
1423 4160 1539 4212 ἐστι
1560 4158 1668 4211 ἀπὸ

68 4261 207 4327 τοῦ,
244 4258 709 4327 Εὑαγγελίζεσθε
740 4256 967 4326 ἡμέραν
998 4246 1067 4318 ἐξ
1104 4252 1329 4321 ἡμέρας
1366 4249 1430 4303 τὸ
1474 4246 1670 4314 σωτή-

63 4368 224 4421 ριον
250 4349 457 4415 αὐτοῦ,
490 4350 616 4419 ἑξῆς
660 4347 968 4420 εἰρημένου,
1000 4344 1112 4407 καὶ,
1169 4341 1573 4411 Ἀναγγείλατε
1600 4339 1670 4391 ἐν

69 4445 219 4511 τοῖς
254 4445 455 4499 ἔθνεσι
483 4441 597 4510 τὴν
617 4440 803 4505 δόξαν
830 4436 1035 4499 αὐτοῦ,
1068 4437 1137 4489 ἐν
1172 4433 1319 4488 πᾶσι
1351 4432 1471 4498 τοῖς
1498 4429 1669 4495 λαοῖς
1703 4453 1742 4507 D

70 4536 157 4590 τὰ
178 4533 489 4604 θαυμάσια
512 4532 716 4586 αὐτοῦ·
737 4530 859 4584 ἐπεὶ
885 4529 959 4601 μὴ
989 4530 1053 4581 δι’
1084 4527 1257 4582 ἄλλων
1273 4525 1305 4596 ἢ
1321 4524 1408 4577 διά
1440 4524 1546 4576 τῶν
1570 4520 1663 4575 τοῦ

68 4629 349 4699 Σωτῆρος
373 4629 406 4696 ἡ
416 4625 529 4696 μῶν
550 4623 859 4677 ἀποστόλων
877 4625 958 4684 είς
987 4621 1145 4692 ἔργον
1176 4616 1665 4689 προκεχωρήκασιν

71 4722 128 4772 οἱ
159 4719 341 4785 λόγοι.
367 4716 589 4769 Δι’ὸκαὶ
616 4715 797 4786 μόνοις
831 4706 1055 4785 ἁρμόζει
1081 4710 1150 4763 τὰ
1175 4708 1507 4780 προκείμενα
1531 4722 1667 4777 προ-

68 4808 425 4879 σφωνείσθαι
439 4807 525 4861 διὰ
535 4807 631 4879 τὴν
645 4805 850 4877 Καινὴν
862 4802 1133 4874 Διαθήκην
1148 4800 1309 4855 καὶτὸ
1320 4797 1503 4851 καινὸν
1517 4792 1667 4867 ᾆσμα

65 4905 144 4957 τὸ
167 4898 547 4969 εὐαγγελικὸν,
564 4898 625 4951 τὸ
642 4900 771 4950 πᾶσι
788 4898 897 4958 τοῖς
914 4893 1169 4947 ἐθνεσιδι*
1207 4890 1384 4943 αὐτῶν
1430 4905 1565 4957 κεκη
1576 4905 1669 4959 ρυ-

64 4994 316 5066 γμένον.
355 4984 513 5045 Οὗτοι
552 4988 616 5059 δὴ
646 4985 736 5041 οὖν
760 4987 1178 5058 προστάττονται
1212 4980 1353 5053 ᾄδειν
1380 4979 1456 5048 τῷ
1482 4977 1670 5047 Κυρίῳ

69 5086 252 5158 ᾆσμα
278 5084 461 5137 καινὸν
495 5083 551 5133 ἐν
581 5080 726 5150 πάσῃ
755 5081 821 5148 τῇ
848 5079 939 5147 γῇ·
975 5077 1110 5144 ὅπερ
1139 5073 1232 5127 καὶ
1261 5072 1440 5142 ἔργοις
1460 5067 1671 5135 πεπλη-

72 5177 363 5249 ρώκασιν,
398 5176 486 5227 ὅτε
511 5174 596 5237 εὶς
627 5169 833 5224 πᾶσαν
858 5165 971 5233 τὴν
1002 5164 1119 5234 γῆν
1147 5162 1404 5229 ἐξῆλθεν
1436 5162 1468 5213 ό
1495 5159 1671 5227 φθόγ-

70 5286 208 5336 γος
241 5263 459 5327 αὐτῶν,
482 5261 581 5315 καὶ
605 5264 691 5325 εἰς
719 5259 788 5314 τὰ
811 5256 1033 5326 πέρατα
1064 5254 1172 5323 τῆς
1216 5250 1571 5321 οἰκουμένης
1596 5249 1669 5300 τὰ

59 5358 337 5428 ῥήματα
363 5353 578 5408 αὐτῶν.
612 5348 720 5404 ’Ἦν
746 5351 803 5403 δὲ
833 5349 894 5402 τὸ
922 5344 1071 5420 ᾆσμα
1103 5346 1162 5398 τὸ
1188 5344 1392 5405 καινὸν,
1416 5342 1477 5394 τὸ
1507 5340 1674 5409 σωτή-

78 5464 222 5521 ριον
247 5443 589 5512 Εὐαγγέλιον,
623 5442 683 5495 οὐ
702 5440 772 5494 τά
802 5438 953 5510 παρὰ
979 5437 1199 5491 Μωῠσεῖ
1228 5431 1431 5486 παλαιὰ
1468 5430 1673 5496 νόμιμα

71 5540 380 5613 περιέχον,
407 5535 542 5590 ἀλλά
576 5536 642 5590 τά
672 5535 765 5589 τοῦ
804 5529 1037 5605 Χριστοῦ
1074 5530 1236 5582 πᾶσιν
1268 5524 1520 5603 Ἕλλησιν
1570 5523 1670 5593 ἁρ-

168 5695 228 5757 7°
272 5693 418 5750 Psal.
458 5704 619 5755 mn,
658 5688 709 5743 5.
