3830 6288
165 313 312 371 i291

1295 316 1793 373 COMMENTAtRlA
1821 317 1883 373 IN.
1922 317 2259 374 PSALMOS.

3229 321 3235 334 ’
3282 327 3424 382 12ἳ2

169 429 324 484 λῶνί
345 445 495 499 μουο
535 423 613 492 οἷς
647 429 921 499 ὲπιλέγει’
965 434 1024 486 Τί
1061 432 1293 502 ποιήσω
1319 431 1396 496 τῷ
1440 430 1740 501 ἀμπελῶνι

1851 432 1904 485 in
1950 433 2438 487 conculcationem:
2479 446 2528 488 et
2576 437 2866 504 relinquam
2922 436 3122 490 vineam
3165 439 3422 502 meam”,

154 537 312 587 τμου,
345 519 434 573 ὅτι
464 521 668 589 ἔμεινα
703 523 808 575 τοῦ
838 521 1082 590 ποιῆσαι
1127 523 1471 592 σταφυλὴν,
1505 523 1750 588 ἐποίησε

152 609 244 663 δὲ
288 609 586 676 diedi-Otto;
641 612 880 667 Καθελῶ
921 614 1026 666 τὸν
1070 615 1342 684 φραγμὸν
1390 614 1608 677 αὑτοῦ,
1653 613 1752 666 καὶ

167 700 347 755 ἔσται
397 705 484 767 εὶς
524 701 891 773 διαρπαγήνθ
932 704 1030 757 καὶ
1089 705 1320 758 καθελῶ
1373 706 1478 758 τὸν
1524 705 1752 773 πύργον

171 793 389 857 αὑτοῦ,
426 794 525 847 καὶ
572 794 744 848 ἔσται
789 798 876 862 εις
940 796 1357 865 καταπάτημαο
1391 797 1488 849 καὶ
1545 795 1751 862 ἀνήσω

171 885 280 936 τὸν
336 884 662 953 ἀμπελῶνα
723 904 876 954 μου,
932 887 1027 940 καὶ
1079 886 1148 939 τὰ
1196 887 1464 940 ἀκόλουθα
1521 887 1748 950 τούτοις.

97 969 116 1052 ξ
171 975 416 1046 Θρήνους
465 977 522 1030 δὲ
553 978 647 1030 καὶ⁹
694 979 963 1050 Ἱερεμίας
1020 975 1114 1052 ᾖδε
1154 980 1292 1034 κατὰ
1333 979 1426 1032 τοῦ
1484 979 1750 1033 Ἰουδαίων

155 1064 304 1119 λαοῦ
329 1084 342 1097 ·
376 1067 469 1120 καὶ
493 1069 541 1120 οἱ
569 1068 748 1122 λοιποὶ
780 1069 836 1121 δὲ
863 1066 1064 1139 ὁμοίως
1097 1069 1393 1141 προφῆται,
1427 1069 1523 1140 τὴν
1545 1068 1750 1122 πτῶσιν

169 1156 355 1210 αὐτῶν
393 1159 887 1230 ἀπολοφυρόμενοι.
921 1162 1061 1232 ᾠδὰς
1088 1162 1268 1224 αὐτοῖς
1306 1159 1430 1232 ᾖδον
1477 1160 1749 1232 καταλλή-

169 1251 316 1314 λους.
347 1252 419 1304 Τὸ
444 1252 499 1304 δὲ
528 1256 640 1316 τοῖς
663 1253 868 1308 ἔθνεσιν
892 1253 1374 1326 εὐαγγελιζόμενον
1397 1251 1547 1326 ᾆσμα
1566 1255 1748 1308 καινὸν

167 1345 272 1396 οὐκ
305 1340 370 1416 ἦν
414 1345 642 1404 ἐκείνοις
673 1347 877 1416 ὅμοιον,
915 1347 1114 1400 καινῶν
1143 1348 1198 1400 δὲ
1231 1348 1322 1400 καὶ
1364 1347 1498 1400 νέων
1531 1347 1748 1415 ἀγαθῶν

163 1436 502 1504 ἐπαγγελίας
529 1438 802 1508 περιέχον,
841 1439 934 1491 κα)⁸
966 1440 1025 1491 οὐ
1055 1438 1131 1509 τῷ
1167 1439 1434 1492 Ἰουδαίων
1457 1438 1589 1509 λαῷ,
1615 1439 1749 1492 ἀλλὰ

169 1531 321 1600 πάσῃ
345 1532 407 1600 τῇ
443 1532 510 1601 γῇ
550 1531 1082 1602 προσπεφωνημένα.
1111 1533 1322 1602 Σφόδρα
1359 1532 1415 1585 δὲ
1444 1532 1683 1602 ἀκριϐῶς
1714 1535 1746 1604 ἡ

166 1622 466 1692 προγραφὴ
514 1623 575 1676 τὸ
608 1623 795 1676 καινὸν
837 1621 987 1695 ᾇσμά
1032 1642 1163 1695 φησι
1198 1624 1746 1695 εύαγγελισθήσεσθαι

167 1715 301 1764 πᾶσι
335 1716 445 1777 τοῖς
487 1713 716 1777 ἔθνεσιν,
748 1715 886 1769 ’Ὅτε
916 1719 948 1770 ὀ
997 1713 1163 1782 οἶκος
1194 1716 1548 1786 ᾠκοδομεῖτο
1598 1715 1747 1785 μετὰ

155 1803 280 1870 μὲν
315 1807 746 1873 αἰχμαλωσίαν.
781 1807 890 1861 Καὶ
940 1807 1111 1871 ἄλλως
1139 1807 1246 1879 γὰρ
1286 1808 1432 1878 μετὰ
1465 1809 1562 1878 τὴν
1610 1809 1740 1860 Ἰου-
1777 1787 1819 1841 Β

161 1895 330 1949 δαίων
354 1897 725 1968 αἰχμαλωσίαν
759 1899 853 1952 καὶ
889 1900 1026 1968 μετὰ
1050 1899 1146 1970 τὴν
1182 1900 1496 1954 ἀπόπτωσιν
1537 1899 1739 1964 αὐτῶν,

159 1987 260 2039 καὶ
284 1987 382 2057 τὴν
409 1987 738 2041 ἐπελθοῦσαν
769 1989 948 2049 αὐτοῖς
980 1989 1043 2042 ἐκ
1093 1989 1227 2041 Θεοῦ
1273 1989 1458 2060 ὀργὴν,
1501 1990 1566 2059 ἢν
1619 1988 1739 2041 ἐθέ-

160 2093 356 2128 σπισεν
384 2079 412 2130 ὁ
444 2078 550 2147 πρὸ
580 2077 769 2130 τούτου
799 2077 1011 2148 ψαλμὸς
1043 2076 1231 2142 εἰπὼν,
1269 2079 1372 2130 Ἀεὶ
1397 2077 1737 2130 πλανῶνται

158 2167 240 2236 τῇ
269 2167 498 2236 καρδίᾳ.
523 2168 702 2222 Αὐτοὶ
731 2168 799 2220 δὲ
831 2171 940 2222 οὐκ
962 2170 1238 2238 ἔγνωσαν
1264 2170 1368 2235 τὰς
1395 2168 1568 2233 ὁδούς
1593 2187 1734 2237 μου,

154 2260 246 2324 ὡς
261 2259 466 2328 ὤμοσα
480 2260 551 2312 ἐν
566 2259 638 2327 τῇ
656 2255 803 2329 ὀργῇ
819 2279 952 2324 μου,
975 2263 1026 2314 εἰ
1046 2261 1495 2315 εἰσελεύσονται
1513 2263 1598 2326 εὶς
1631 2259 1743 2328 τὴν

152 2350 546 2405 κατάπαυσίν
570 2371 688 2422 μου
709 2392 722 2416 ,
764 2354 812 2405 οἱ
848 2355 1025 2406 πᾶσαν
1054 2352 1151 2424 τὴν
1198 2353 1300 2422 γῆν
1345 2352 1618 2416 οἰκοῦντες
1646 2353 1739 2406 ἄν·

157 2442 368 2513 Ορωποι
397 2443 661 2515 βάρϐαροί
692 2462 748 2496 τε
781 2445 874 2497 καὶ
901 2444 1181 2515 Ἕλληνες,
1214 2443 1451 2514 ὁπηνίκα
1487 2444 1614 2514 παρ’
1644 2445 1739 2496 αὐ-

1853 531 1909 578 et
1963 533 2180 578 caetera.
2227 523 2494 580 Jeremias
2544 527 2673 582 item
2723 529 3136 584 lamentationes
3193 530 3424 583 canebat

1841 625 2048 670 contra
2067 615 2352 672 Iudaicum
2376 619 2631 688 p0pulum
2654 638 2666 671 :
2690 620 2880 688 reliqui
2902 623 3107 690 pariter
3120 620 3419 690 prophetae,

1853 709 2068 762 ruinam
2112 725 2300 764 eorum
2344 710 2711 779 deplorantes,
2741 711 3094 780 congruentia
3126 711 3254 765 item
3291 726 3424 764 can-

1852 800 1960 852 tica
1989 800 2246 854 edebant.
2280 799 2490 854 Novum
2522 809 2706 854 autem
2740 801 2994 870 gentibus
3035 802 3422 855 annuntiatum

1854 889 2127 944 canticum
2159 890 2267 946 illis
2297 892 2475 946 simile
2498 906 2604 945 non
2634 898 2790 958 erat;
2821 891 2916 945 sed
2945 906 3211 946 novorum
3243 907 3306 944 ac
3337 907 3422 945 re-

1853 983 2093 1036 centium
2131 983 2400 1037 bonorum
2440 983 2710 1052 promissa
2763 984 3262 1052 complectebatur,
3309 999 3419 1038 non

1849 1071 2161 1127 Judaeorum
2193 1074 2414 1144 populo,
2448 1073 2544 1129 sed
2576 1074 2721 1128 omni
2759 1081 2917 1128 terra:
2944 1060 3421 1129 annuntiata.°Ac-

1852 1166 2198 1221 curatissime
2241 1177 2419 1220 autem
2466 1165 2654 1219 titulus
2693 1164 2917 1228 indicat,
2963 1174 3094 1218 tunc
3143 1167 3417 1220 canticum

1850 1271 2050 1309 novum
2084 1256 2334 1326 gentibus
2366 1255 2799 1310 annuntiandum
2822 1271 2964 1319 esse,
2993 1256 3204 1325 quando
3229 1256 3417 1310 domus

1850 1346 2244 1416 aediﬁcabatur,
2268 1357 2384 1414 post
2408 1348 2784 1415 captivitatem.
2820 1345 2886 1400 Et
2911 1348 3152 1418 alioquin
3180 1358 3300 1418 post
3319 1348 3419 1402 Ju-

1850 1438 2090 1491 daeorum
2115 1439 2488 1507 captivitatem
2519 1454 2581 1492 ac
2607 1450 2729 1507 post
2753 1438 2964 1491 ruinam
2988 1454 3174 1492 eorum
3200 1446 3254 1494 et
3283 1439 3418 1492 iram

1850 1525 1945 1580 Dei
1986 1525 2289 1580 immissum
2335 1527 2489 1595 ipsis,
2527 1543 2690 1595 quam
2729 1528 3058 1581 vaticinatus
3091 1535 3176 1582 est
3218 1544 3420 1597 praece-

1849 1619 1985 1674 dens
2011 1619 2254 1688 psalmus
2279 1619 2487 1683 dicens,
2516 1618 2728 1686 Semper
2749 1630 2928 1672 errant
2957 1620 3130 1674 corde.
3160 1621 3272 1688 Ipsi
3302 1638 3417 1676 vero

1850 1725 1952 1763 non
1982 1718 2328 1779 cognoverunt
2359 1711 2471 1763 vias
2501 1726 2666 1772 meas,
2700 1712 2835 1764 sicut
2869 1710 3050 1779 juravi
3075 1711 3129 1764 in
3159 1711 3241 1764 ira
3279 1730 3414 1776 mea,

1848 1802 1895 1855 si
1923 1799 2213 1854 introibant
2249 1801 2303 1853 in
2335 1800 2562 1869 requiem
2594 1817 2783 1862 nteant,
2814 1816 3003 1856 omnes
3048 1800 3298 1856 homines
3327 1819 3415 1855 or-

1848 1893 1966 1948 bem
1992 1893 2314 1954 incolentes.
2341 1907 2463 1946 cum
2499 1891 2735 1953 barbari,
2766 1900 2876 1944 tum
2901 1890 3094 1956 Graeci,
3116 1907 3239 1946 cum
3273 1892 3412 1960 apud

1846 2002 1940 2041 eos
1967 1986 2164 2042 domus
2220 1986 2336 2052 Dei,
2375 1986 2586 2040 scilicet
2620 1984 2862 2038 Ecclesia
2894 1985 3015 2054 ejus
3057 1986 3415 2041 constituere-

1847 2087 1954 2141 tur,
1990 2077 2240 2146 deposito
2276 2092 2341 2131 eo
2377 2077 2519 2146 quod
2550 2075 2604 2128 in
2649 2075 2977 2129 diabolicum
3021 2076 3256 2146 plurium
3287 2075 3418 2130 deo-

1845 2184 1969 2222 rum
2008 2169 2215 2223 cultum
2255 2168 2415 2223 cdere
2458 2168 2728 2231 solebant,
2761 2183 2960 2221 novum
3011 2169 3282 2222 canticum
3325 2183 3415 2222 ca-

1849 2275 1982 2314 nere
2008 2258 2186 2314 edocti
2221 2266 2368 2314 sunt.
2402 2257 2480 2312 Ex
2527 2259 2617 2311 illo
2643 2274 2877 2328 namque
2909 2266 3151 2326 tempore
3176 2261 3416 2314 salutare

1850 2350 1941 2406 Dei
1977 2351 2113 2421 ipsis
2140 2351 2489 2414 annuutiant,
2525 2365 2648 2403 cum
2685 2365 2781 2420 per
2811 2361 2983 2404 totum
3015 2351 3201 2405 orbem
3229 2367 3416 2406 sacro-

1845 2460 1965 2498 rum
2003 2443 2416 2514 Evangeliorum
2448 2442 2771 2497 lectionibus
2796 2450 3042 2500 utuntur.

153 2534 474 2602 τοῐςὸοἷκος
507 2538 600 2591 τοῦ
630 2537 764 2592 Θεοῦ
802 2540 1051 2610 συνέστη,
1087 2540 1285 2610 δηλαδὴ
1318 2541 1350 2610 ὴ
1391 2539 1686 2611 Ἐκκλησία
1710 2539 1895 2605 αὐτοῦ,
1926 2541 1989 2592 τὸ
2012 2545 2196 2593 καινὸν
2226 2535 2376 2610 ᾇσμα
2394 2538 2543 2609 ᾅδειν
2567 2537 2942 2609 ἐδιδάχθησαν,
2965 2537 3024 2590 τὸ
3049 2555 3146 2608 της
3202 2556 3412 2609 αιμονι-

156 2633 266 2698 κῆς
294 2631 385 2682 καὶ
415 2630 678 2684 πολυθέου
711 2629 918 2701 πλάνης
952 2631 1300 2702 ἀποθέμενοι.
1320 2630 1408 2694 Ἐξ
1438 2631 1646 2683 ἐκείνου
1670 2631 1726 2683 δὲ
1757 2631 1851 2683 κα).
1879 2630 1939 2683 τὸ
1975 2631 2240 2701 σωτήριον
2266 2629 2359 2682 τοῦ
2377 2628 2510 2681 Θεοῦ
2541 2627 2996 2696 εὐαγγελίζονται,
3019 2626 3139 2680 καθ’
3165 2626 3292 2698 ὅλης
3317 2630 3418 2700 τῆς

155 2723 483 2794 οἰκουμένης
513 2725 626 2786 τοῖς
658 2723 764 2775 τῶν
788 2723 947 2792 ἱερῶν
965 2723 1310 2792 Εὐαγγελίων
1335 2721 1723 2792 ἁναγνώσμασι
1754 2723 2044 2795 χρώμενοι.

236 2838 704 2910 Εὑαγγελίζεσθε
732 2835 959 2908 ἡμέραν
993 2841 1063 2904 ἐξ
1095 2839 1319 2909 ἡμέρας
1349 2840 1415 2893 τὸ
1445 2839 1741 2908 σωτήριον

155 2931 382 2984 αὐτοῦ’
431 2931 822 3000 ἀναγγείλατε
850 2931 920 2982 ἐν
970 2931 1095 2996 τοῖς
1149 2932 1350 2984 ἔθνεσι
1394 2930 1508 2998 τὴν
1553 2929 1741 2994 δόξαν

1926 2839 2088 2896 Vens.
2117 2841 2171 2895 ὅ.
2200 2839 2524 2893 Annuntiate
2541 2838 2605 2893 de
2635 2837 2720 2892 die
2757 2839 2809 2892 in
2838 2838 2980 2892 diem
3007 2837 3244 2892 salutare
3276 2839 3413 2908 ejus.

1846 2931 2176 2986 Annuntiate
2207 2932 2261 2985 in
2293 2931 2528 3000 gentibus
2566 2930 2792 3000 gloriam
2817 2928 2951 2996 ejus,
2974 2929 3026 2980 in
3053 2927 3294 2981 omnibus
3321 2943 3416 2996 po-

154 3024 369 3089 αὺτσῦ,
399 3024 469 3077 ἐν·
499 3023 649 3079 πᾶσι
684 3023 809 3090 τοῖς
829 3022 1001 3089 λαοῖς
1031 3021 1332 3091 θαυμάσια
1379 3023 1584 3076 αὑτοῦ.
1629 3021 1739 3074 Καὶ

1848 3025 1982 3092 puli:
2017 3024 2287 3078 mi'abilia
2313 3023 2448 3091 ejus.
2471 3021 2811 3086 Quibusnam
2834 3020 2949 3073 banc
2974 3019 3192 3088 praecipi
3222 3029 3416 3088 putan-

152 3118 275 3171 τίσι
312 3117 481 3170 ταῦτα
514 3118 779 3189 προσήκει
830 3112 1074 3187 νομίζειν
1099 3115 1524 3185 προστάττεσθαι
1565 3115 1596 3185 ἢ
1633 3117 1742 3177 τοῖς

151 3209 227 3261 δι’
270 3208 446 3279 ἔργων
494 3207 719 3279 ὕστερόν
780 3225 909 3261 ποτε
963 3206 1102 3259 αὐτὰ
1162 3206 1580 3278 πεπληρωκὸσι,
1629 3203 1741 3268 τοτς

150 3299 359 3372 δηλαδὴ
393 3299 910 3371 εὐαγγελισαμένοις
948 3301 1026 3363 είς
1059 3298 1236 3352 πάντα
1274 3297 1342 3350 τὰ
1380 3297 1506 3368 ἔθνη
1537 3297 1598 3350 τὸ
1635 3315 1740 3350 σω-

150 3395 349 3462 τήριον
395 3391 489 3444 τοῦ
545 3389 714 3455 Θεοῦ;
771 3390 993 3454 Τούτοις
1052 3388 1161 3460 γὰρ
1211 3388 1272 3441 τὸ
1324 3387 1462 3441 θεῖον
1520 3387 1741 3458 Πνεῦμα

153 3482 368 3535 ἄνωθεν
409 3483 504 3536 καὶ
569 3482 678 3555 πρὸ
728 3479 924 3533 πολλοῦ
974 3479 1132 3532 τοῦτο
1186 3478 1446 3550 πράττειν
1507 3495 1742 3549 παρεκε-

151 3575 368 3628 λεύετο.
393 3576 518 3638 Τοῖς
550 3575 734 3638 αὐτοῖς
777 3573 832 3627 δὲ
873 3573 965 3626 καὶ
993 3572 1063 3625 τὰ
1111 3571 1235 3641 ἑξῆς
1281 3572 1629 3642 προσφωνεῖ,
1665 3570 1741 3633 ὡς

154 3669 228 3721 ἂν
264 3667 552 3737 μέλλουσιν
600 3666 953 3734 ἀναγγέλλειν
981 3665 1074 3719 τοῦ
1121 3664 1326 3737 Κυρίου
1369 3662 1466 3733 τὴν
1493 3663 1650 3729 δόξαν
1682 3664 1740 3716 ἐν

153 3762 295 3813 πᾶσι
323 3761 434 3822 τοῖς
467 3758 665 3821 ἔθνεσι,
720 3757 970 3828 μέλλουσί
1003 3773 1062 3808 τε
1095 3758 1152 3807 ἐν
1185 3757 1315 3806 πᾶσι
1347 3757 1459 3817 τοῖς
1489 3754 1636 3816 λαοῖς
1672 3754 1740 3806 τὰ

144 3854 442 3924 θαυμάσια
473 3850 638 3904 αὐτοῦ
671 3849 987 3920 κηρύττειν.
1023 3848 1177 3910 Τίνες
1201 3843 1291 3900 οῦν
1317 3843 1454 3917 ἦσαν
1487 3849 1534 3898 οἱ
1569 3845 1739 3899 ταῦτα

151 3946 225 3999 δι’
258 3947 436 4016 ἔργων
464 3943 904 4007 ἐπιτελέσαντες;
939 3943 1002 3994 Εἰ
1033 3941 1128 4011 μὲν
1161 3938 1229 4010 ἦν
1263 3939 1480 4010 ἑτέρους
1517 3937 1740 3990 δυνατὸν

152 4036 546 4098 ἐπιδεικνύναι,
571 4035 689 4104 ἤτοι
721 4033 861 4086 κατᾶ
890 4032 1015 4094 τοὺς
1038 4030 1224 4101 Κύρου
1256 4029 1500 4100 χρόνους,
1535 4027 1567 4099 ἣ
1601 4029 1739 4080 κατὰ

150 4131 286 4192 τοὺς
304 4129 380 4199 (l)
401 4127 623 4199 Δαρείου
655 4125 925 4188 τοιούτους
944 4126 999 4177 αἱ
1029 4123 1386 4195 προκείμεναι
1417 4120 1738 4193 προστάξεις

150 4216 437 4286 γίγνονται
467 4219 578 4278 τοῖς
631 4214 804 4284 Ἰησοῦ
855 4213 1156 4284 μαθηταῖς,
1212 4210 1468 4265 ἀκούουσι
1501 4211 1588 4263 τό·
1620 4214 1735 4264 Πο-

143 4308 471 4378 ρευθέαντες
497 4307 916 4375 μαθητεύσατε
959 4304 1155 4358 πάντα
1184 4303 1254 4357 τὰ
1283 4302 1448 4371 ἔθνη.
1482 4302 1736 4356 Βούλεται

1844 3117 1973 3170 dum
2007 3123 2112 3180 est,
2144 3115 2250 3170 nisi
2276 3115 2344 3169 iis
2371 3114 2466 3182 qui
2500 3113 2592 3166 diu
2627 3121 2812 3181 postea
2845 3110 2959 3163 haec
2982 3109 3239 3178 operibus
3262 3125 3415 3163 com-

1841 3207 2163 3278 pleverunt;
2209 3204 2278 3261 iis
2322 3203 2575 3259 videlicet
2617 3201 2710 3270 qui
2759 3199 2815 3253 in
2859 3199 3116 3254 omnibus
3161 3199 3414 3269 gentibus

1844 3302 2084 3357 salutare
2131 3297 2225 3354 Dei
2283 3292 2759 3368 praedicaverunt?
2805 3290 2901 3344 His
2947 3293 3149 3362 quippe
3194 3293 3415 3346 divinus

1845 3386 2083 3456 Spiritus
2131 3383 2342 3460 jamdiu
2380 3389 2436 3436 et
2486 3379 2662 3433 multo
2708 3383 2832 3430 ante
2877 3385 3120 3445 tempore
3167 3374 3219 3428 id
3256 3390 3416 3445 agere

1839 3477 2214 3550 praecipiebat.
2266 3471 2463 3528 Iisdem
2497 3484 2714 3539 quoque
2764 3467 3046 3536 sequentia
3101 3464 3412 3528 denuntiat,

1843 3573 2030 3636 utpote
2057 3564 2149 3632 qui
2183 3558 2397 3614 Domini
2425 3557 2655 3628 gloriam
2689 3555 2742 3608 in
2771 3554 3026 3607 omnibus
3056 3552 3331 3621 gentibus,
3360 3558 3416 3604 et

1841 3660 1897 3714 in
1921 3657 2177 3712 oumibus
2224 3653 2440 3723 populis
2473 3647 2747 3702 mirabilia
2794 3654 2912 3716 ejus
2947 3644 3290 3714 przedicaturi
3321 3659 3413 3696 es-

1840 3756 1980 3806 sent.
2007 3747 2236 3812 Quinam
2261 3743 2583 3812 igitur-sunt
2606 3737 2698 3806 qui
2731 3735 2850 3789 haec
2884 3733 3141 3802 operibus
3172 3730 3417 3800 perfece»

1839 3840 2004 3897 runt?
2041 3837 2097 3891 Si
2145 3833 2363 3903 quidem
2395 3836 2621 3900 possent
2663 3826 2754 3879 alii
2804 3825 2917 3878 sive
2955 3822 3081 3893 Cyri
3116 3823 3229 3875 sive
3264 3819 3414 3876 Darii

1841 3944 2085 4001 tempore
2129 3923 2382 3988 indicari,
2427 3920 2650 3992 [quibus
2699 3918 2814 3971 haec
2859 3920 3262 3983 competerent;
3290 3913 3414 3970 illos

1839 4015 2124 4088 prophetia
2170 4011 2488 4081 respiceret.
2526 4006 2633 4062 Sed
2667 4021 2794 4060 cum
2829 4004 2963 4057 nulli
2987 4003 3095 4058 sint
3125 4002 3412 4071 hujusmo-

1839 4106 1942 4180 di,]
1974 4107 2087 4160 haec
2123 4108 2395 4174 praecepta
2436 4096 2726 4166 discipulis
2767 4093 2894 4149 Jesn
2948 4092 3278 4155 traduntur,
3319 4093 3413 4163 qni

1837 4203 1956 4255 ιιωο
1984 4198 2214 4251 audiunt
2243 4209 2256 4246 :
2293 4192 2515 4254 Euntes,
2549 4189 2728 4242 docete
2768 4202 2945 4240 omnes
2994 4195 3170 4256 gentes
3192 4185 3258 4237 ⁸ο.
3287 4181 3415 4236 Vult

1838 4295 1983 4350 enim
2023 4288 2280 4360 'Spiritus
2320 4292 2544 4341 sanctus
2593 4298 2687 4336 eos
2724 4289 2948 4335 strenua
2987 4288 3038 4333 et
3083 4277 3410 4331 indesinenti

150 4368 270 4474 Σγὰρ
305 4400 366 4454 τὸ
430 4368 658 4469 [ἰν-εῦμα
701 4398 761 4450 τὸ
810 4397 962 4465 ἆγιον
1021 4395 1255 4463 συντόνῳ
1302 4394 1393 4445 καὶ
1418 4368 1740 4462 eamme?

1848 4401 2010 4458 opera
2051 4381 2426 4452 evangelicum
2458 4391 2596 4446 opus
2627 4375 2916 4445 perlicere;
2949 4385 3070 4424 nam
3106 4368 3159 4422 id
3187 4369 3272 4421 bis
3296 4384 3414 4420 ver-

152 4493 369 4563 σπουδῇ
402 4490 666 4543 ἐπιτελεῖν
698 4489 892 4551 αὐτοὺς
929 4488 990 4539 τὸ
1041 4483 1395 4552 εὐαγγελικὸν
1443 4483 1632 4553 ἔργον·
1668 4487 1732 4554 τῇ

147 4586 289 4656 γὰρ,
325 4582 514 4652 ἡμέρῃ
552 4581 619 4644 ἐξ
654 4580 911 4650 ἡμέρας,
969 4577 1128 4631 τοῦτο
1162 4574 1490 4645 παρίστησι,
1523 4574 1586 4626 τὸ
1617 4575 1734 4645 διη-

147 4677 333 4739 νεκῶς
370 4675 564 4738 αὐτοὺς
588 4670 1035 4740 εὐαγγελίζεσθαι
1075 4669 1138 4721 τὸ
1173 4670 1460 4738 σωτήριον,
1506 4668 1632 4737 περὶ
1673 4663 1734 4721 οὗ

146 4770 408 4838 εἴρηται·
460 4761 648 4828 Οὗτός
679 4763 850 4816 ἐστιν·
894 4757 1130 4826 ἀληθῶς
1164 4761 1195 4811 o'
1243 4756 1445 4824 Σωτὴρ
1487 4756 1593 4808 τοῦ
1638 4756 1735 4808 κό-

143 4875 342 4928 σμου.

176 4967 180 4971 ’
242 4948 553 5019 Ἐνέγκατε
585 4946 664 5012 τῷ
712 4944 936 5012 Κυρίῳ,
967 4945 1024 4994 αἱ
1083 4937 1322 5007 πατριαὶ
1363 4935 1481 4990 τῶν
1510 4935 1732 4999 ἐθνῶν,

148 5042 444 5110 ἐνέγκατε
470 5037 550 5103 τῷ
602 5037 796 5104 Κυρίῳ
839 5033 1027 5096 δόξαν
1061 5031 1158 5084 καὶ
1206 5029 1418 5098 τιμὴν,
1455 5027 1735 5096 ἐνέγκατε

150 5135 241 5200 τῷ
273 5132 463 5200 Κυρίῳ
490 5128 677 5192 δόξαν
718 5128 960 5194 ὀνόματι
1005 5122 1210 5178 αὐτοῦ.
1259 5121 1334 5173 υύ
1379 5121 1554 5190 μάτην
1584 5115 1736 5190 ᾆσμα

151 5227 348 5282 καινὸν
379 5223 526 5294 ᾄδειν
553 5223 611 5273 ὲν
633 5217 939 5288 προοιμίοις
968 5215 1065 5284 τῆς
1087 5211 1402 5283 ψαλμῳδίας
1430 5209 1734 5269 ἐκέλευσεν,

151 5321 276 5374 ἀλλ’
313 5315 499 5386 ἐπειδὴ
524 5312 682 5382 καινή
713 5327 797 5372 τις
837 5307 1027 5376 κλῆσις
1060 5304 1154 5357 τοῦ
1189 5304 1454 5375 παρόντος
1493 5299 1731 5371 ψαλμοῦ,

155 5410 348 5466 καινὸν
376 5408 436 5461 τὸ
464 5407 747 5475 κήρυγμα.
786 5396 952 5465 Ἔθνη
982 5393 1132 5464 γὰρ,
1168 5394 1242 5457 ὡς
1271 5395 1426 5464 ὁρᾷς,
1459 5394 1508 5444 οἱ
1543 5389 1736 5443 καλού-

156 5519 316 5578 μενοι
349 5497 467 5570 (sic)
500 5495 562 5548 οὐ
598 5494 833 5564 μόσχους
862 5487 967 5541 οὐδ’
1007 5486 1197 5556 ἄρνας,
1242 5485 1349 5537 οὐδ’
1392 5482 1586 5549 ἔξωθεν
1625 5483 1732 5533 είσ-

1843 4481 1927 4536 bis
1963 4476 2296 4535 declaratur,
2330 4470 2392 4524 de
2425 4469 2508 4522 die
2555 4469 2610 4521 in
2639 4467 2797 4531 diem,
2833 4472 2891 4517 ut
2932 4462 3142 4517 scilicet
3191 4458 3412 4513 assidue

1842 4574 2084 4630 salutare
2107 4567 2239 4622 illud
2287 4561 2633 4626 annuntieut,
2669 4560 2737 4613 de
2771 4573 2880 4628 quo
2907 4555 3112 4609 dictum
3145 4561 3227 4606 est
3259 4567 3273 4604 :
3311 4550 3412 4605 llic

1841 4675 1918 4720 est
1944 4679 2058 4718 vere
2079 4661 2329 4716 Salvator
2360 4655 2542 4709 mundi
2558 4654 2622 4707 ⁸¹.

1913 4925 2081 4979 Vsus.
2117 4922 2170 4986 7,
2207 4922 2261 4976 8.
2294 4918 2491 4987 Aﬂ'e'te
2536 4912 2757 4966 Domino
2801 4908 2988 4979 patria:
3037 4906 3292 4977 gentium,
3325 4903 3411 4971 af-

1842 5019 1972 5089 ferte
2013 5015 2241 5070 Domino
2281 5011 2511 5081 gloriam
2555 5015 2604 5059 et
2645 5004 2924 5064 honorem,
2971 4999 3153 5066 a/ferte
3189 4995 3414 5047 Domino

1841 5087 2067 5182 gloriam
2112 5105 2311 5160 nomini
2358 5101 2495 5170 ejus.
2544 5096 2828 5152 Canticum
2879 5106 3078 5144 novum
3120 5103 3318 5141 canere
3361 5087 3412 5139 in

1841 5175 2116 5271 principio
2176 5191 2496 5260 psalmodia:
2552 5205 2660 5242 non
2712 5186 2916 5239 frustra
2960 5178 3261 5271 praecepit;
3318 5175 3414 5271 scd

1841 5269 1971 5361 quia
2003 5288 2340 5343 vocationem
2369 5290 2421 5336 et
2451 5279 2889 5351 przedicationem
2918 5287 3113 5327 novam
3153 5270 3239 5321 hic
3282 5269 3418 5335 psal-

1841 5399 1965 5437 mus
2005 5379 2486 5448 complectebatur.
2509 5374 2577 5425 At
2605 5371 2771 5430 enim,
2800 5375 2858 5420 ut
2880 5367 2994 5435 ipse
3026 5363 3196 5419 vides.
3228 5366 3417 5429 gentes

1842 5492 1962 5547 quae
1994 5479 2280 5537 vocantur,
2315 5485 2422 5524 non
2466 5449 2684 5529 vitulos,
2737 5477 2848 5517 non
2878 5471 3069 5529 agnos,
3114 5469 3222 5508 non
3257 5448 3416 5521 quid-

233 5658 279 5690 "
318 5658 421 5712 lsa.
453 5669 507 5716 ν,
542 5649 595 5711 4,
627 5649 681 5703 5.
756 5647 800 5678 ⁸ο
839 5643 1029 5699 Matth.
1066 5656 1259 5706 xxvnl,
1296 5634 1392 5692 i9.
1458 5639 1499 5669 ⁸¹
1542 5635 1697 5691 Joan.
1737 5650 1809 5700 IV,
1845 5632 1934 5686 Η.

233 5802 312 5871 (l)
348 5799 442 5850 iiic
477 5789 674 5846 desinit
709 5787 878 5841 codex
913 5799 1016 5839 em.
1049 5781 1201 5836 card.
1239 5776 1507 5834 Coislinii.
