3868 6282
529 319 668 378 Ιξὲτ

1197 327 1466 385 EUSEBII
1486 330 1967 387 CASSARIENSIS
2003 329 2099 385 ΟΡ]

2201 329 2375 388 PARS
2413 332 2503 388 ιιι.
2536 363 2606 376 ---
2635 331 3049 390 ΕΧΕΕΕΤΙΕΛ.

3599 335 3694 388 iii!

525 454 590 493 ex
618 441 933 510 splendente
969 459 1095 500 aere
1118 445 1348 502 radians
1387 454 1442 502 et
1474 447 1796 501 tenuissima
1820 445 2093 515 composi-

2201 448 2296 518 μέν
2321 449 2469 504 ἐστιν
2495 451 2560 502 ὲκ
2578 447 2898 520 φωτοειδοῦς
2924 445 3082 517 ἀέρος
3104 444 3425 514 φεγγοϐόλον
3449 446 3532 498 καί
3549 445 3688 499 λεπτὰ

525 534 843 603 tio;caligo
880 543 1085 601 autem,
1111 539 1325 594 turbida
1358 549 1410 594 et
1461 541 1694 594 obseura
1745 539 2092 593 tenebrarum

527 619 745 680 oﬂusio.
775 623 880 680 Per
910 636 1202 698 utrumque
1233 645 1362 685 vero
1391 631 1590 685 divinae
1645 637 1856 685 natura:
1906 628 2095 683 invisi-

528 711 791 771 bilitatem
869 734 1050 774 sermo
1117 720 1374 776 declarat.
1431 721 1900 788 Quemadmodum
1951 721 2095 774 enim

527 819 674 870 eum,
699 810 790 879 qui
820 812 964 867 nube
993 813 1226 884 quadam
1251 824 1304 869 et
1343 816 1571 884 caligine
1601 815 1930 877 obvolvitur,
1963 827 2097 867 con-

528 900 739 966 spicere
767 903 926 972 plane
952 921 1059 958 non
1097 906 1254 971 licet;
1311 908 1392 962 sic
1447 915 1502 960 et
1553 905 1848 961 invisibilis
1899 912 2097 958 natura

527 990 698 1046 videri
722 1009 948 1063 prorsus
979 998 1186 1067 nequit.
1224 998 1503 1068 Signiﬁcat
1531 999 1661 1053 item
1710 998 1965 1056 latentem
1991 995 2098 1050 Do—

527 1082 660 1136 mini
686 1083 750 1136 ad
788 1085 1036 1141 homines
1072 1089 1386 1156 adventum,
1423 1087 1641 1160 quando
1673 1089 1728 1144 in
1755 1088 1898 1144 servi
1923 1086 2095 1142 forma

527 1182 693 1229 natus
723 1183 841 1240 est;
874 1177 948 1230 ita
978 1189 1036 1231 ut
1065 1179 1236 1233 nubes
1278 1186 1332 1234 et
1387 1179 1562 1251 caligo
1593 1195 1724 1235 caro
1753 1195 1898 1243 esse,
1931 1192 2096 1249 qnam

527 1265 850 1334 assumpsit,
903 1266 1272 1338 intelligatur;
1306 1277 1493 1338 utpote
1525 1285 1647 1340 qua:
1677 1269 1936 1326 deitatem
1967 1283 2098 1338 Ope-

527 1356 658 1422 riat,
692 1361 992 1416 secundum
1056 1363 1185 1418 illud
1225 1382 1238 1417 :
1273 1365 1460 1420 Posuit
1521 1369 1761 1422 tenebras
1816 1368 2097 1421 latibulum

526 1464 682 1504 suum
712 1468 730 1505 :
760 1453 814 1506 in
855 1454 1076 1508 circuitu
1107 1457 1220 1525 ejus
1247 1458 1646 1512 tabernaculum
1687 1460 1803 1529 ejus
1822 1460 1888 1513 '7.
1919 1459 2098 1513 Monet

526 1538 691 1594 etiam
723 1541 896 1610 ipsum
926 1559 1052 1600 esse
1081 1547 1175 1617 qui
1208 1548 1258 1601 in
1291 1559 1477 1604 monte
1507 1548 1638 1604 Sina
1672 1551 1727 1605 in
1751 1552 1895 1606 nube
1919 1558 1973 1605 et
2003 1565 2096 1605 ca-

527 1626 692 1698 ligine
713 1645 772 1684 se
793 1632 1043 1689 exhibuit
1071 1653 1085 1689 :
1113 1651 1178 1691 ac
1201 1639 1382 1704 docet,
1415 1641 1631 1695 etiamsi
1677 1642 1859 1696 divina
1903 1650 2096 1696 natura

528 1717 696 1772 videri
730 1731 986 1791 nequeat,
1015 1741 1176 1794 posse
1203 1736 1383 1784 tamen
1406 1745 1472 1784 ex
1501 1733 1817 1802 operatione
1845 1733 1966 1801 ejus
1987 1733 2097 1786 vir-

2195 556 2355 592 τατον
2386 539 2636 611 ὕφασμα·
2671 539 2865 609 γνόφος
2915 539 2972 591 δὲ
3002 535 3277 606 ἀχλυώδης
3327 536 3420 586 καὶ
3456 534 3699 605 ὁμιχλώδης

2199 632 2522 702 σκατασμός.
2556 633 2631 684 Δι’
2677 631 3000 703 ἀμφοτέρων
3034 629 3095 682 τὸ
3133 627 3439 698 ἀθεώρητον
3477 625 3563 696 τῆς
3589 625 3700 703 θείας

2197 724 2413 793 φύσεως
2445 724 2808 796 ἀποσεμνύνει
2835 727 2862 777 ό
2884 702 3057 791 λόγος.
3079 722 3288 791 Ὥσπερ
3309 719 3417 790 γὰρ
3445 718 3530 770 τὸν
3551 702 3700 792 νεφέλη

2195 819 2304 871 τινὶ
2337 817 2431 870 καὶ
2461 818 2643 886 γνόφῳ
2677 816 3187 884 συγκαλυπτόμενον
3214 811 3473 866 ἀδύνατον
3499 812 3701 873 κατιδεῖν,

2196 909 2337 962 οὕτω
2366 909 2596 978 πάμπαν
2646 907 2903 961 ἀδύνατον
2940 905 3231 960 θεάσασθαι
3273 902 3373 973 τὴν
3405 902 3609 972 ἀόρατον
3635 903 3702 968 φύ-

2199 1014 2303 1050 σιν.
2330 998 2590 1067 Σημαίνει
2616 996 2672 1050 δὲ
2704 997 2798 1050 καὶ
2823 996 2920 1065 τὴν
2952 995 3232 1065 λεληθυῖαν
3261 996 3320 1046 ὲν
3347 989 3622 1061 ἀνθρώποις
3639 991 3702 1042 τοῦ

2197 1089 2403 1158 Κυρίου
2449 1088 2708 1151 κάθοδον,
2756 1089 2842 1142 ὅτε
2901 1089 3143 1156 πέφυκεν
3190 1087 3246 1138 ὲν
3295 1087 3363 1154 τῇ
3425 1082 3515 1134 τοῦ
3565 1083 3704 1135 δούλου

2203 1183 2404 1251 μορφῇ,
2453 1181 2528 1244 ὡς
2558 1181 2788 1235 νοεῖσθαι
2840 1179 3068 1250 νεφέλην
3097 1178 3188 1233 καὶ
3225 1177 3427 1245 γνόφον
3462 1175 3552 1246 τὴν
3585 1190 3706 1245 προσ.

2198 1272 2492 1344 ληφθεῖσαν
2528 1273 2727 1343 σάρκα,
2763 1273 2858 1326 ἅτε
2889 1273 2988 1344 τὴν
3025 1272 3250 1342 θεότητα
3293 1268 3708 1338 ῦποκρύπτουσαν,

2199 1362 2342 1416 κατὰ
2361 1362 2440 1415 τό·
2465 1363 2528 1414 Ἔ
2533 1367 2664 1416 θετο
2694 1364 2915 1429 σκότος
2945 1359 3309 1429 ἀποκρυφὴν
3331 1358 3534 1419 αὑτοῦ,
3560 1359 3713 1420 κύκλῳ

2197 1453 2382 1508 αὐτοῦ
2430 1455 2468 1520 ἡ
2513 1453 2719 1521 σκηνὴ
2750 1454 2955 1508 αὑτοῦ.
3000 1451 3434 1523 Ἀναμιμνήσκει
3467 1450 3521 1502 δὲ
3567 1452 3712 1513 uitii;

2199 1546 2362 1608 αὑτός
2394 1547 2510 1599 ἐστι
2555 1548 2648 1600 καὶ
2679 1548 2707 1598 ό
2737 1548 2797 1601 ἐν
2843 1545 2922 1616 τῷ
2962 1547 3090 1617 Σινᾷ
3139 1544 3255 1616 όρει
3289 1543 3382 1596 διὰ
3411 1541 3616 1612 νεφέλης
3649 1544 3713 1594 καὶ

2199 1639 2397 1708 γνόφου
2456 1639 2554 1709 τὴν
2604 1639 2808 1694 οἰκείαν
2852 1639 3215 1708 ποιησάμενος
3264 1636 3606 1703 ἐπιφάνειαν,
3648 1635 3714 1686 καὶ

2199 1729 2460 1792 διδάσκει,
2493 1730 2596 1792 ὃτι,
2632 1733 2681 1783 εἰ
2711 1730 2804 1783 καὶ
2833 1728 2931 1800 τὴν
2965 1728 3111 1781 θείαν
3152 1726 3317 1796 φύσιν
3355 1724 3598 1778 ἀδύνατον
3623 1741 3714 1775 κατ·

527 1817 697 1866 tutem
751 1817 1015 1886 coni5pici.
1055 1818 1332 1890 Siquidem
1377 1796 1649 1892 justitiam
1695 1796 1944 1878 homines
1997 1823 2097 1878 do-

2205 1811 2365 1883 ιδὲῖν,
2415 1819 2526 1872 ἀλλ’
2567 1815 2660 1872 οὖν
2707 1819 2794 1872 διὰ
2830 1820 2928 1890 τῆς
2975 1817 3254 1889 ἐνεργείας
3301 1817 3408 1888 τὴν
3450 1815 3630 1885 ταύτης
3654 1815 3714 1866 δύο

526 1906 675 1973 cuit;
704 1921 768 1960 ac
789 1923 885 1963 eos
906 1910 999 1980 qui
1029 1914 1213 1967 omnia
1249 1914 1368 1970 sine
1409 1916 1620 1970 delectu
1672 1927 1726 1971 et
1773 1916 2100 1973 discretione

527 1999 880 2067 peragebant,
919 2012 978 2055 ut
1035 2019 1160 2057 cum
1207 2015 1357 2060 recto
1378 2006 1586 2076 judicio
1633 2008 1798 2061 vitam
1856 2017 2097 2077 agerent,

527 2088 784 2144 instituit.
842 2090 952 2146 lloc
1011 2095 1185 2163 ipsius
1225 2097 1456 2154 thronus
1511 2114 1576 2154 ac
1629 2115 1854 2170 regnum
1905 2099 2098 2165 efﬁcit;

527 2193 699 2247 quare
742 2181 932 2235 addit:
963 2182 1189 2240 Iustitia
1237 2198 1287 2242 et
1311 2188 1577 2258 judicium
1631 2191 1881 2244 correctio
1928 2190 2102 2244 throni

527 2273 659 2341 ejus.
687 2273 808 2328 llam
830 2277 948 2342 fuit,
977 2280 1173 2348 inquit,
1200 2281 1466 2336 adventus
1495 2282 1640 2337 illius
1665 2297 1851 2343 causa,
1886 2281 2105 2350 utjudi-

527 2373 679 2417 caret
697 2365 845 2433 juste
875 2382 1101 2424 causam
1126 2381 1390 2433 nostram,
1427 2388 1588 2443 quam
1615 2374 2102 2444 contra‘malignas

528 2463 582 2508 et
613 2454 957 2512 adversarias
986 2468 1286 2530 potestates
1333 2464 1618 2521 habemus.
1677 2465 1736 2521 In
1764 2481 1864 2520 nos
1901 2469 2103 2536 quippe

530 2551 778 2618 regnavit
798 2550 1074 2618 Christus,
1123 2566 1181 2612 ut
1237 2556 1341 2614 [ide
1402 2559 1732 2627 justillcaret
1780 2577 1877 2616 eos
1924 2563 2015 2632 qui
2047 2563 2102 2616 in

528 2651 754 2710 peccato
773 2653 948 2701 erant.
991 2645 1208 2704 Judicio
1227 2656 1408 2704 autem
1430 2658 1515 2704 est
1547 2667 1678 2705 usus
1703 2652 1860 2722 plane
1890 2652 2100 2718 divino,

527 2747 592 2787 ac
625 2734 1022 2793 humanissimo
1051 2753 1064 2790 :
1094 2739 1361 2808 judicavit
1389 2742 1558 2804 enim,
1593 2757 1701 2796 non
1749 2759 1814 2797 ex
1845 2744 2102 2814 operibus

522 2825 775 2893 justitia,
808 2827 904 2883 sed
951 2829 1252 2883 secundum
1311 2831 1742 2886 misericordiam
1795 2848 1950 2890 suam
1989 2849 2104 2889 ma-

526 2931 734 2987 gnam:
775 2933 984 2989 nosque
1033 2935 1128 2990 per
1167 2935 1365 2991 aquam
1414 2933 1662 2978 sanctam
1715 2934 1769 2979 et
1817 2926 2101 2996 mysticam

527 3009 708 3064 salvos
739 3008 938 3074 effecit,
971 3011 1029 3066 in
1056 3026 1164 3082 qua
1196 3013 1468 3068 contritus
1499 3023 1546 3068 et
1573 3016 1930 3070 conculcatus
1976 3015 2100 3079 fuit,

2199 1929 2363 1982 ναμιν
2413 1911 2586 1966 ἔνεστι
2621 1912 2915 1982 θεωρῆσαι.
2963 1909 3320 1981 Δικαιοσύνην
3349 1909 3460 1980 γὰρ
3513 1909 3620 1970 τοὺς
3649 1910 3714 1959 ἀν-

2200 2002 2449 2074 θρώπους
2491 2005 2812 2069 ἐπαίδευσε,
2848 2005 2940 2057 καὶ
2995 2005 3120 2066 τοὺς
3172 2002 3506 2082 ἁδιακρίτως
3555 2001 3715 2054 ἅπαντι

2198 2095 2440 2166 δρῶντας
2479 2096 2614 2166 μετὰ
2658 2097 2890 2167 κρίσεως
2925 2095 3089 2167 όρθῆς
3125 2093 3334 2158 ἐδίδαξε
3378 2090 3712 2144 πολιτεύεσθαι.

2201 2186 2384 2241 Ταῦτα
2422 2187 2586 2241 αὑτοῦ
2625 2190 2654 2241 ό
2694 2187 2878 2259 θρόνος
2916 2189 3010 2241 καὶ
3041 2188 3074 2258 ἡ
3125 2185 3377 2255 βασιλεία
3416 2183 3713 2254 κατώρθωσε·

2200 2280 2278 2333 διὸ
2304 2280 2524 2348 ἐπάγειο
2552 2281 2906 2346 Δικαιοσύνη
2938 2278 3035 2332 καὶ
3070 2277 3247 2347 κρῖμα
3277 2278 3622 2344 κατόρθωσις
3643 2274 3716 2327 τοῦ

2201 2373 2417 2440 θρόνου
2441 2370 2658 2424 αὐτοῦ.
2705 2369 2874 2440 Αὕτη,
2906 2371 3068 2439 φησὶ,
3104 2370 3298 2438 γέγονε
3345 2368 3445 2437 τῆς
3481 2368 3715 2438 rapacia;

2203 2463 2427 2533 ήαίτία,
2458 2463 2520 2515 τὸ
2546 2465 2724 2532 κρῖναι
2757 2462 2978 2524 δικαίως
3009 2461 3106 2531 τὴν
3141 2461 3325 2533 κρίσιν
3360 2459 3532 2532 ἡμῶν,
3567 2463 3620 2530 ἣν
3638 2459 3716 2528 ἐχι-

2207 2573 2305 2627 μεν
2337 2553 2535 2626 δηλαδὴ
2569 2555 2702 2626 πρὸς
2734 2553 2832 2617 τὰς
2876 2554 3116 2624 πονηρὰς
3148 2553 3241 2606 καὶ
3283 2551 3638 2622 ἀντικειμένας
3656 2552 3714 2602 δέ·

2204 2648 2414 2718 νᾶμεις.
2463 2645 2821 2699 Βεϐασίλευκε
2873 2645 2980 2714 γὰρ
3024 2643 3232 2714 ἡμῶνό
3274 2644 3536 2714 Χριστὸς,
3563 2642 3632 2694 ἴνα
3661 2642 3715 2693 ει.

2204 2738 2415 2809 καιώση
2437 2741 2502 2809 τῇ
2535 2736 2710 2790 πίστει
2741 2737 2865 2799 τοὺς
2881 2739 2938 2789 ἐν
2968 2737 3228 2808 ἁμαρτίᾳ.
3269 2734 3622 2807 Ἐχρήσατοᾶ
3652 2735 3714 2785 καὶ

2204 2830 2498 2902 θεοπρεπεῖ
2541 2829 2636 2882 καὶ
2687 2827 2970 2899 φιλαγάοῳ
3005 2829 3265 2900 κρίματισ
3323 2827 3616 2880 δεδικαίωκε
3642 2828 3714 2892 γὰρ

2204 2918 2304 2970 ούκ
2333 2917 2391 2980 ἐξ
2419 2916 2594 2987 ἔργων
2619 2915 2986 2986 δικαιοσύνης,
3014 2916 3149 2970 ἀλλὰ
3178 2915 3326 2968 κατὰ
3359 2917 3421 2968 τὸ
3452 2915 3573 2968 πολὺ
3598 2914 3711 2967 αὐτοὶ

2205 3007 2370 3070 ἐλεοςο
2403 3007 2608 3059 σέσωκε
2637 3007 2694 3059 δὲ
2729 3007 2876 3077 ἡμᾶς
2898 3008 2990 3058 καὶ
3022 3006 3088 3060 δι’
3119 3006 3314 3071 ὓδατος
3355 3008 3448 3060 τοῦ
3488 3006 3622 3073 ἁγίου
3652 3006 3713 3056 καὶ

528 3096 640 3151 imo
667 3098 850 3168 potius
899 3101 1060 3170 periit
1120 3101 1287 3156 draco
1345 3103 1434 3157 ille
1465 3104 1653 3158 multis
1712 3104 1985 3174 capitibus
2016 3105 2099 3158 in-

2209 3099 2490 3170 μυστικοῦ,
2515 3099 2572 3150 ὲν
2600 3090 2642 3164 ᾧ
2667 3098 2952 3169 συνετρίϐη
2986 3099 3079 3151 καὶ
3108 3098 3445 3169 πεπάτηται,
3485 3095 3650 3168 μᾶλλον
3675 3095 3711 3146 δὲ

528 3195 794 3253 structus,
855 3202 921 3245 ac
973 3204 1100 3244 cum
1141 3205 1207 3246 eo
1234 3192 1468 3248 virtutes
1497 3193 1618 3263 ejus
1659 3193 1927 3264 malignae.
1976 3193 2099 3250 Haec

2205 3191 2297 3244 καὶ
2336 3187 2612 3242 ἀπόλωλεν
2655 3191 2684 3241 ό
2731 3190 3098 3259 πολυκέφαλος
3145 3190 3368 3261 δράκων
3388 3233 3402 3256 ,
3431 3191 3522 3243 καὶ
3563 3190 3609 3241 al
3650 3189 3711 3237 σὺν

526 3277 766 3330 correxit
807 3277 1014 3333 Christi
1043 3294 1290 3349 regnum.
1338 3280 1395 3336 Id
1443 3297 1576 3336 sane
1628 3282 1755 3336 hinc
1786 3284 1962 3353 palam
1992 3293 2098 3348 est,

526 3367 674 3438 quod
700 3383 800 3422 nos
820 3369 1040 3439 quidem
1071 3370 1140 3424 ab
1170 3371 1238 3426 iis
1259 3373 1353 3440 qui
1384 3387 1486 3426 nos
1520 3373 1721 3442 injuste
1763 3375 1818 3427 in
1865 3373 2100 3429 servitu-

526 3467 637 3516 tem
666 3461 988 3530 redegerant
1011 3462 1222 3517 liberati
1265 3462 1472 3526 simus,
1508 3463 1582 3516 illi
1607 3479 1734 3517 vero
1754 3465 2098 3518 condemnati

529 3554 661 3609 sint.
695 3551 820 3608 Haec
843 3554 1047 3624 quippe
1075 3570 1201 3609 vera
1227 3554 1438 3624 justitia
1477 3564 1582 3620 est,
1617 3565 1674 3609 ut
1709 3557 1754 3612 is
1785 3558 1878 3627 qui
1914 3565 2101 3627 tyran-

527 3645 709 3700 nidem
771 3647 1062 3700 exercebat
1127 3646 1378 3701 diabolus
1445 3647 1794 3716 destruatur,
1851 3650 2100 3704 homines

525 3751 658 3793 vero
687 3737 780 3808 qui
836 3737 941 3790 sub
973 3737 1259 3808 tyrannide
1314 3736 1582 3808 degebant
1635 3739 1953 3794 liberentur.
1984 3739 2102 3795 Cte-

527 3837 705 3884 terum
750 3829 804 3884 id
835 3845 1054 3900 quoque
1086 3845 1114 3882 a
1150 3831 1308 3885 nobis
1359 3831 1586 3902 expetit,
1619 3841 1676 3886 ut
1725 3831 1996 3902 justitiam
2046 3841 2102 3888 et

522 3921 790 3990 judicium
817 3930 964 3976 recte
994 3936 1370 3976 exerceamus.

601 4013 764 4070 Vsus.
799 4015 918 4067 5-7.
959 4013 1107 4083 Ignis
1133 4015 1188 4066 in
1219 4024 1496 4083 conspectu
1525 4017 1637 4084 ejus
1681 4015 2018 4078 exardescet,
2051 4024 2102 4069 et

525 4107 878 4175 iuﬂammabit
924 4109 980 4160 in
1029 4109 1251 4161 circuitu
1304 4110 1544 4162 inimicos
1601 4109 1735 4177 ejus.
1800 4108 2101 4163 Illita-erunt

528 4200 741 4269 fulgura
768 4199 880 4268 eius
915 4199 1028 4252 orbi
1065 4209 1218 4254 terra:
1244 4216 1262 4253 :
1293 4201 1419 4254 vidit
1451 4211 1499 4253 et
1537 4210 1798 4253 commota
1827 4211 1904 4254 est
1937 4211 2096 4257 terra.

527 4290 734 4346 Montes
763 4291 900 4343 sicut
933 4307 1053 4343 cera
1085 4291 1352 4361 liquefacti
1379 4303 1500 4346 sunt
1542 4310 1573 4346 a
1615 4293 1751 4362 facie
1774 4293 2026 4362 Domini,
2069 4313 2100 4348 a

527 4385 664 4452 facie
720 4383 933 4437 Domini
994 4385 1162 4438 omnis
1231 4395 1403 4438 terrar.
1469 4388 1926 4441 Aunuutiauerunt
1987 4391 2102 4442 cani

530 4562 936 4632 Coufundantur
965 4581 1138 4618 omnes
1161 4567 1250 4634 qui
1278 4566 1506 4620 adorant
1553 4569 1839 4636 sculptilia,
1863 4571 1953 4640 qui
1985 4570 2099 4640 glo-

529 4656 738 4708 riantur
763 4657 816 4709 in
851 4657 1008 4710 idolis
1035 4658 1167 4712 suis.
1218 4657 1318 4713 Hic
1374 4660 1638 4714 terribilia
1689 4662 1901 4716 ultricis
1953 4664 2099 4716 illius

533 4748 747 4802 virtutis
763 4763 857 4817 per
873 4749 1050 4818 ignem
1071 4758 1125 4804 et
1147 4751 1376 4821 fulguris
1401 4753 1765 4822 splendorem,
1783 4769 1902 4822 quae
1929 4755 1982 4808 in
2013 4771 2100 4810 se—

529 4839 711 4894 cundo
736 4840 942 4895 Christi
974 4840 1207 4896 adventu
1250 4842 1478 4897 videnda
1509 4853 1636 4897 sunt
1657 4847 1997 4912 subindieat;
2037 4863 2100 4900 ac

528 4927 898 4995 evangelicam
929 4928 1380 4985 illuminationem
1434 4933 1673 4999 revelat,
1725 4935 1922 4991 divina:
1965 4953 2102 5008 prae«

529 5016 822 5072 dicationis
856 5034 1159 5084 sermones,
1189 5021 1282 5092 qui
1312 5038 1408 5094 per
1435 5030 1610 5077 totum
1637 5027 1826 5082 orbem
1854 5031 2102 5097 resplen-

530 5106 681 5175 dent,
716 5109 930 5178 fulgura
961 5125 1304 5182 nuncupans.
1365 5111 1551 5185 Neque
1600 5116 1744 5172 enim
1799 5116 2100 5172 dixerimus

530 5213 656 5252 eum
683 5197 934 5270 fulguris,
969 5201 1164 5270 pluvite
1215 5200 1450 5266 indicis,
1490 5203 1820 5260 mentionem
1881 5206 2098 5275 facere;

531 5290 626 5345 sed
663 5290 832 5345 divini
859 5298 914 5344 et
946 5291 1248 5361 spiritualis
1290 5292 1516 5348 luminis
1549 5292 1835 5364 fulgorem,
1869 5295 2101 5366 fulguris

532 5382 753 5437 nomine
785 5382 1090 5452 signiﬁcat;
1122 5393 1218 5439 aut
1247 5384 1480 5442 fortasse
1509 5385 1722 5457 fulgura
1764 5387 1970 5444 Christi
2009 5405 2103 5445 vo-

533 5480 622 5525 cat
649 5489 765 5536 eos,
789 5475 883 5544 qui
918 5491 1132 5532 sacrum
1166 5478 1361 5536 divine
1391 5489 1446 5536 et
1473 5481 1798 5552 evangelicae
1838 5483 2102 5554 praedica-

534 5563 699 5620 tionis
727 5581 926 5623 munus
958 5569 1245 5640 obierunt,
1276 5571 1331 5627 id
1366 5579 1453 5630 est
1477 5573 1757 5645 apostolos
1778 5581 1832 5632 et
1865 5591 2103 5649 evange-

599 5741 646 5775 ⁸⁷
686 5742 831 5800 PsaL
867 5761 1018 5814 ml,
1057 5748 1141 5802 12.

2202 3283 2349 3354 αὐτῷ
2369 3283 2623 3354 δυνάμεις
2657 3285 2910 3355 πονηραί.
2937 3283 3119 3336 Ταῦτα
3153 3286 3186 3354 ἡ
3219 3284 3319 3337 τοῦ
3353 3283 3576 3355 Χριστοῦ
3606 3281 3710 3352 βασι-

2203 3374 2320 3428 λεία
2353 3374 2698 3447 κατώρθωσε.
2734 3376 2900 3445 Δῆλον
2939 3375 2997 3428 δὲ
3052 3377 3143 3444 ἀφ’
3185 3370 3263 3429 ὧν
3306 3379 3468 3448 ἡμεῖς
3521 3377 3604 3446 μὲν
3640 3375 3711 3425 τῶν

2204 3464 2720 3518 καταδουλωσόωτων
2749 3465 2945 3528 ἀδίκως
2978 3465 3457 3537 ἠλευθερώθημεν,
3492 3467 3654 3520 ἐκεῖνοι
3674 3463 3710 3516 ἃ

2203 3557 2624 3630 κατεκρίθησαν.
2657 3557 2826 3610 Τοῦτο
2858 3557 2964 3628 γὰρ
3007 3561 3185 3631 κρίσις
3221 3559 3442 3622 δικαία,
3468 3561 3526 3612 τὸ
3546 3559 3620 3610 τὸν
3647 3558 3710 3626 μὲν

2201 3648 2566 3720 τυραννοῦντα
2604 3647 2847 3702 διάϐολον
2874 3648 3137 3712 καθελεῖν,
3163 3650 3295 3713 τοὺς
3322 3650 3381 3702 δὲ
3418 3645 3707 3720 τυραννουξιὲο

2203 3756 2326 3802 νους
2360 3737 2676 3811 ἀνθρώπους
2721 3737 3099 3810 ἐλευθερῶσαι.
3132 3739 3280 3810 Πλὴν
3315 3739 3453 3792 ἀλλὰ
3498 3739 3580 3792 καὶ
3606 3736 3707 3806 ἡμᾶς

2203 3831 2426 3884 ἀπαιτεῖ
2456 3829 2803 3900 δικαιοσύνην
2836 3829 2930 3884 καὶ
2959 3829 3136 3904 κρίσιν
3170 3831 3488 3903 κατορθοῦν.

2277 4014 2398 4080 Πῦρ
2431 4014 2688 4068 ἐνώπιον
2723 4013 2908 4067 αὐτοῦ
2955 4012 3322 4080 καυθήσεται
3343 4052 3358 4076 ,
3407 4015 3501 4066 καὶ
3534 4004 3705 4080 φλοῖιεῖ

2203 4107 2408 4168 κύκλῳ
2437 4105 2579 4169 τοὺς
2606 4105 2856 4174 ἐχθροὺς
2877 4106 3362 4174 αὐτοῦ.’Ἐς;αναν
3389 4109 3448 4159 αἱ
3473 4099 3701 4172 ἀστραπαὶ

2203 4196 2386 4251 αὑτοῦ
2412 4195 2487 4262 τῇ
2514 4194 2830 4264 οἰκουμένῃ
2854 4212 2867 4227 ·
2901 4193 3022 4250 εἶδε
3050 4197 3145 4249 καὶ
3177 4197 3478 4264 ἐσαλεύθη
3504 4196 3538 4263 ἠ
3559 4191 3633 4262 τῆ,
3656 4191 3704 4243 Τὰ

2204 4291 2312 4358 ὄρη
2335 4290 2478 4343 ὡσεί
2503 4289 2688 4358 κηρὸς
2710 4288 3012 4357 ὲτὰκησαν
3032 4289 3150 4343 ἀπὸ
3174 4289 3496 4357 προσώπου
3522 4287 3700 4354 Κυρίου,

2203 4382 2318 4435 ἀπὸ
2355 4380 2688 4448 πρωσώπου
2717 4382 2934 4448 Κυρίου
2961 4379 3163 4448 πάσης
3193 4379 3304 4448 τῆς
3341 4381 3470 4450 γῆς.
3489 4377 3701 4445 its-ima:-

421 4496 423 4498 ·
529 4476 787 4528 iustitiam
809 4477 1008 4544 ejus,et
1040 4475 1276 4530 viderunt
1296 4493 1472 4531 omnes
1499 4479 1680 4547 populi
1707 4479 1928 4549 gloriam
1961 4484 2094 4548 ejus.

2201 4477 2318 4526 ..ίαν
2347 4477 2398 4526 οἱ
2436 4475 2676 4541 οὐρανοὶ
2701 4473 2816 4540 τὴν
2838 4472 3226 4539 δικαιοσύνην
3261 4474 3467 4536 αὑτοῦ,
3495 4472 3579 4524 καί
3598 4469 3698 4522 εἴδε-

2201 4580 2322 4617 σαν
2347 4564 2566 4629 πάντες
2589 4567 2643 4618 οὶ
2666 4565 2801 4617 λαοὶ
2828 4564 2943 4632 τὴν
2970 4563 3158 4628 δόξαν
3185 4565 3392 4619 αὑτοῦ.
3429 4558 3698 4631 Malum]-

2200 4671 2400 4709 τωσαν
2430 4655 2649 4721 πάντες
2685 4659 2738 4709 οἱ
2777 4657 3258 4724 προσκυνοῦντες
3298 4657 3421 4722 τοῖς
3462 4651 3693 4726 πελινπτεῖςς

2201 4749 2254 4800 ot
2285 4746 2720 4817 ἐγωυχώμενοι
2757 4749 2828 4800 ἐν
2866 4748 2990 4814 τοῖς
3014 4748 3280 4814 εἰδώλοις
3302 4747 3510 4803 αὐτῶν.
3529 4747 3598 4800 Ἐν
3617 4744 3694 4796 τού-

2199 4855 2313 4902 τοις
2333 4841 2402 4892 τὰ
2427 4839 2631 4910 φοόερὰ
2649 4841 2746 4910 τῆς
2771 4841 3196 4911 ἀνταποδοτικῆς
3211 4843 3487 4914 δυνάμεως
3511 4835 3691 4892 671x725:-

2201 4947 2342 4993 νυσι,
2375 4930 2462 4982 διὰ
2488 4930 2580 4984 τοῦ
2615 4932 2785 5002 πυρὸς
2814 4935 2907 4986 καὶ
2931 4935 3029 5004 τῆς
3061 4933 3378 5005 διαττούσης
3406 4927 3692 5004 (inpositi?

2201 5022 2265 5088 τῇ
2293 5019 2516 5089 δευτέρᾳ
2542 5020 2777 5091 Χριστοῦ
2800 5021 3070 5092 παρουσία
3089 5038 3101 5050 ·
3130 5023 3448 5075 ὲκκαλύπτει
3473 5021 3522 5073 δὲ
3547 5014 3691 5082 καὶτήν

2201 5110 2558 5181 εὐαγγελικὴν
2591 5112 2967 5178 φωταγωγίαν,
2997 5114 3279 5183 ἀστραπὰς
3311 5113 3476 5180 λέγων
3508 5110 3608 5170 τοὺς
3630 5102 3687 5156 τοῦ

2203 5197 2346 5250 θείου
2379 5199 2728 5270 κηρύγματος
2753 5201 2966 5269 λόγους,
2998 5205 3046 5256 οἳ
3076 5203 3216 5256 κατὰ
3249 5205 3423 5274 πάσης
3456 5203 3542 5270 τῆς
3561 5201 3685 5252 οἰκον·

2206 5292 2372 5368 μένης
2399 5292 2786 5363 ὲκλὰμπουσιν.
2814 5296 2888 5346 Οὐ
2913 5295 3018 5367 γὰρ
3041 5295 3212 5366 δήπου
3242 5297 3432 5366 φαμὲν,
3453 5295 3522 5349 δτι
3547 5292 3622 5360 τῆς
3636 5289 3687 5346 εις

2204 5384 2391 5445 ὑετοὺς
2416 5385 2785 5456 γεγενημένης
2811 5387 3093 5456 ἀστραπῆς
3119 5392 3349 5442 ἐποιεῖτο
3373 5390 3578 5458 μνήμην,
3595 5378 3682 5434 ἀλλά

2203 5473 2302 5542 τὴν
2332 5472 2424 5525 τοῦ
2465 5474 2608 5528 θείου
2643 5478 2738 5529 καὶ
2786 5477 2976 5547 νοητοῦ
3011 5480 3185 5546 φωτὸς
3228 5479 3512 5549 ἁνάλαμψιν
3538 5472 3598 5544 τῷ
3619 5469 3682 5537 τῆς

2204 5565 2489 5638 ἀστραπῆς
2512 5583 2720 5641 καταση
2729 5569 2908 5640 μαίνει
2936 5572 3184 5642 ὀνόματι*
3213 5572 3244 5643 ἢ
3272 5571 3526 5643 ἀστραπάς
3547 5562 3678 5633 Μαί·
