3868 6282
207 342 326 396 ﬁt“)

1304 329 1805 388 COMMENTAHIA
1849 329 1913 383 IN
1953 325 2291 383 PSALMOS.

3295 323 3427 378 £230

211 455 307 519 ζων
329 448 575 522 Χριστοῦ,
609 448 733 511 τοὺς
761 449 819 501 τὸ
852 448 990 502 θεῖον
1034 450 1127 502 καὶ
1164 449 1513 518 εὐαγγελικδν
1553 451 1762 520 ἱερουρ-

1877 446 2040 508 lisias,
2073 443 2163 512 qui
2190 444 2362 496 instar
2387 440 2608 495 luminis
2645 429 3130 498 orbem'terrarum
3179 441 3423 494 illustra«

211 545 422 614 γοῦντας
447 541 724 612 κήρυγμα,
753 540 1027 594 τουτέστιν
1059 541 1386 604 ἀποστόλους
1411 543 1506 594 καὶ
1535 541 1761 608 εὐαγγε-

208 635 396 698 λιστάς,
425 633 476 686 οἰ
494 632 670 700 φωτὸς
699 631 854 702 δίκην
891 633 994 703 τὴν
1021 634 1346 704 οἰκουμένην
1383 631 1757 702 κατέλαμψανδ

207 724 281 792 οἷς
306 726 392 780 καί
418 724 574 787 αὐτὸς
596 723 698 794 ἔφη
721 725 954 798 Χριστός
975 741 990 756 ⁸
1037 725 1219 794 ἠιεῖς
1247 725 1386 778 ἐστε
1412 724 1475 776 τὸ
1505 723 1630 791 φῶς
1659 720 1762 774 τοῦ

206 817 424 885 κόσμου
464 813 582 878 Φῶς
605 814 702 885 μὲν
735 816 843 885 γὰρ
869 815 928 868 τὸ
952 815 1201 886 ἀληθινὸν
1229 815 1388 878 αὑτός
1421 817 1565 866 ἐστιν
1590 816 1616 867 6
1641 813 1762 876 Υἱὸς

205 905 582 976 καταφωτίζων
618 907 833 960 ἃπασαν
868 907 1043 959 κτίσιν
1074 907 1313 977 λογικήν.
1333 905 1550 976 Ἐπειδὴ
1581 904 1635 957 δὲ
1669 921 1764 972 γε·

205 997 380 1065 γόνασι
412 995 625 1065 μέτοχοι
651 996 746 1049 τοῦ
781 997 912 1067 παρ’
934 995 1097 1049 αὐτοῦ
1124 996 1297 1066 φωτὸς
1328 997 1419 1048 καὶ
1448 995 1600 1047 αὐτοὶ
1627 993 1765 1047 κατά

202 1087 259 1140 τό
276 1103 287 1116 ·
315 1088 628 1152 Ἀνθρακες
651 1085 1014 1155 ἀιιιῖςοθησαν
1039 1088 1140 1142 ἀπ’
1163 1087 1370 1149 αὑτοῦ,
1400 1085 1764 1158 χρηματίζου-

203 1195 254 1232 σι
279 1176 390 1246 φῶς
420 1175 515 1229 τοῦ
554 1175 781 1247 κόσμου.
813 1171 970 1230 Οὗτοι
1000 1178 1176 1232 τοίνυν
1213 1177 1464 1248 καθάπερ
1491 1177 1768 1247 ἀστραπαὶ

201 1269 448 1337 γεγόνασι
479 1269 544 1337 τῇ
576 1267 664 1319 ὑπ’
697 1267 923 1338 οὐρανὸν
955 1267 1322 1340 διατρέχοντες
1355 1266 1651 1336 πανταχοῦ,
1676 1267 1768 1320 καὶ

200 1361 258 1413 τὸ
284 1358 424 1412 θεῖον
447 1359 540 1410 καὶ
565 1357 751 1429 νοητὸν
774 1360 894 1420 ταῖς
927 1359 1034 1411 τῶν
1060 1375 1415 1430 μυσταγωγου
1424 1359 1598 1429 μένων
1631 1375 1766 1429 καρ-

199 1452 328 1514 δίαις
358 1449 752 1521 είσπέμπονται
783 1437 916 1519 (ρῶς.
939 1451 1048 1503 Καὶ
1069 1449 1179 1520 πῦρ
1206 1449 1263 1502 δέ
1287 1466 1449 1520 φησιν
1476 1451 1503 1502 6
1529 1449 1767 1518 ψάλλων,

199 1544 254 1598 οὺ
286 1543 503 1604 πάντως
540 1541 695 1596 τοῦτο
722 1541 781 1594 τὸ
809 1541 1083 1611 αἰσθητὸν,
1119 1539 1241 1594 οὔτε
1285 1540 1390 1610 μὴν
1431 1542 1526 1611 τὴν
1562 1539 1770 1610 ὁρωμέ-

197 1654 289 1705 νην
320 1634 516 1703 φλόγα,
541 1633 676 1688 ἀλλά
703 1634 851 1688 θείαν
879 1633 1001 1686 τινὰ
1027 1631 1256 1702 δύναμιν
1282 1633 1490 1702 ἄμαχον
1522 1633 1613 1684 καὶ
1645 1630 1770 1682 δυσ-

198 1729 419 1797 άντητον
443 1727 538 1780 καὶ
564 1725 976 1795 δυσδιάφυκτον,
1010 1725 1178 1796 πυρὸς
1205 1723 1359 1794 δίκην
1386 1721 1772 1776 κατεσθίουσαν

144 1869 165 1886 ,
195 1819 314 1883 τοὺς
344 1818 729 1890 ἐχθραίνοντας
776 1817 943 1888 αὐτῷ.
977 1813 1136 1871 Οὗτοι
1183 1815 1238 1869 δὲ
1280 1811 1419 1886 ἦσαν
1451 1815 1544 1867 καὶ
1578 1813 1681 1884 πρό
1705 1830 1767 1882 γε
1804 1803 1845 1856 Β

195 1907 297 1964 τῶν
321 1907 500 1962 ἄλλων
519 1908 566 1960 oi
593 1905 860 1978 ἀλιτήριοι
883 1905 1134 1976 δαίμονες
1161 1903 1253 1956 καὶ
1282 1906 1312 1956 6
1334 1907 1431 1973 τῆς
1455 1901 1654 1973 ἀγέλης
1675 1903 1772 1955 αὑ-

194 1997 297 2052 τῶν
331 1999 633 2068 ἐπιστάτης
653 2015 665 2027 ·
702 1998 888 2052 τοῦτον
919 1996 1242 2065 κατέφλεξεν
1273 1997 1300 2048 6
1329 1995 1518 2066 Σωτὴρ
1544 1997 1654 2057 τοῖς
1686 1993 1771 2046 ἄλ-

193 2091 299 2154 λοις
331 2090 492 2158 ὁμοῦ.
529 2092 602 2144 Οὐ
631 2090 740 2161 γὰρ
768 2086 834 2160 ἦν
862 2089 1058 2158 ἐτέρως
1094 2087 1364 2152 ἐξελέσθαι
1395 2089 1518 2148 τοὺς
1552 2087 1643 2139 ἐπὶ
1674 2087 1771 2156 τῆς

194 2180 292 2251 γῆς
323 2180 414 2233 ὑπ’
438 2179 592 2250 αὑτῷ
631 2183 970 2250 γενομένους,
996 2181 1042 2230 εἰ
1076 2179 1149 2250 μὴ
1186 2178 1432 2249 καθάπερ
1463 2195 1512 2231 τι
1541 2175 1651 2247 πῦρ
1677 2178 1772 2229 ἐπ-

194 2275 399 2343 αφῆκεν
428 2271 582 2342 αὐτῷ
598 2271 694 2342 τὴν
714 2270 1039 2324 δαπανῶ-σὰν
1065 2288 1122 2322 τε
1157 2270 1247 2322 καὶ
1279 2269 1644 2338 ἀφανίζουσαν
1670 2269 1770 2320 αὐ-

192 2364 278 2416 τὸν
299 2365 498 2435 ὀργήν.
520 2362 704 2426 Οὕτως
727 2363 959 2427 ἐξείλετο
985 2362 1110 2425 τοὺς
1135 2363 1224 2414 ὑπ’
1241 2360 1404 2414 αὑτοῦ
1430 2360 1768 2432 γενομένους,

197 2456 394 2508 σέσωκε
424 2456 558 2518 τοὺς
586 2458 643 2509 ἐν
673 2455 1032 2527 αἰχμαλωσίᾳ,
1057 2454 1323 2526 ἐρρύσατο
1345 2455 1468 2517 τοὺς
1497 2453 1772 2525 πεπλανη-

196 2545 404 2616 μένους,
442 2547 544 2600 καί
576 2548 655 2610 εἰς
686 2548 746 2598 τὸ
773 2547 872 2616 τῆς
896 2547 1154 2618 ἀληθείας
1188 2546 1412 2600 ἐκάλεσε
1458 2544 1590 2614 φῶς.
1621 2545 1772 2616 Τάχα

193 2634 244 2688 δὲ
275 2638 447 2708 πυρὸς
487 2637 580 2690 καὶ
609 2639 891 2708 ἀστραπῆς
923 2637 1323 2708 ἐμνημόνευσεν
1347 2639 1375 2691 6
1398 2637 1577 2700 Δαυῖδ,
1607 2639 1773 2709 ἤγουν

193 2725 384 2794 φλογὸς
418 2728 524 2780 καὶ
567 2728 740 2798 φωτός
763 2746 778 2758 ο
812 2727 998 2795 ἐπειδὴ
1028 2728 1191 2798 διπλῆ
1225 2727 1316 2782 τοῦ
1347 2729 1520 2800 πυρὸς
1557 2729 1591 2798 ἡ
1620 2729 1769 2799 ἐνέρο

192 2834 342 2886 γεια’
387 2819 449 2871 οὐ
491 2818 598 2891 γάρ
633 2820 788 2889 μόνον
821 2820 881 2872 τὸ
905 2821 1099 2882 καίειν,
1129 2819 1265 2874 ἀλλά
1297 2821 1391 2874 καί.
1432 2821 1492 2872 τὸ
1521 2819 1775 2890 φωτίζειν

189 2911 328 2980 ἔχει·
363 2911 461 2966 καὶ
519 2910 580 2964 τὸ
626 2912 724 2983 μὲν
756 2911 870 2981 φῶς
898 2915 1010 2978 τοῖς
1041 2913 1270 2976 δικαίοις
1295 2911 1703 2984 ἀποχαρίζεται,
1738 2915 1772 2986 ή

189 3002 242 3054 δὲ
274 3003 479 3066 καῦσις
505 3006 619 3068 τοῖς
648 3004 983 3075 παρανόμοις
1001 3003 1324 3077 ἀφώρισται.
1351 3004 1536 3059 Ταῦτα
1559 3005 1773 3076 καὶτῆς

188 3092 444 3167 δευτέρας
491 3096 808 3165 ἐπιφανείας
838 3096 907 3150 τά
935 3096 1311 3151 θεσπίσματα·
1340 3097 1513 3151 ταῦτα
1546 3097 1638 3152 καὶ
1670 3099 1774 3150 Aa.-

189 3183 304 3255 νιὴλ
342 3185 622 3241 ἐθεάσατο
642 3205 654 3218 ·
686 3188 976 3257 Ποταμὸς,
1009 3189 1118 3258 γάρ
1165 3206 1318 3260 φησι,
1353 3189 1545 3257 πυρὸς
1576 3185 1778 3242 εἷλκεν

185 3279 538 3350 ἔμπροσθεν
568 3279 754 3334 αὑτοῦ
775 3296 788 3309 ·
822 3279 914 3333 καὶ
935 3281 964 3333 6
991 3279 1192 3351 Κύριος
1210 3276 1382 3342 εἶπεν,
1409 3279 1484 3342 ὡς
1510 3282 1543 3352 ἡ
1571 3296 1777 3351 παρου-

187 3373 275 3425 σία
321 3371 507 3426 αὺτοῦ
547 3371 702 3425 ἔσται
731 3371 806 3435 ὼς
833 3373 866 3442 ὴ
893 3371 1002 3425 ἀπὸ
1047 3371 1320 3426 ἀνατολῶν
1366 3371 1526 3443 μέχρι
1560 3368 1778 3440 δυσμῶν

183 3463 480 3535 φθάνουσι
509 3464 783 3535 ἀστραπή.
815 3463 888 3516 Τὸ
929 3463 1028 3534 μὲν
1070 3461 1180 3535 πῦρ
1206 3461 1370 3517 αὑτοῦ
1410 3460 1780 3532 προπορεύσεο

186 3575 276 3613 ται
295 3558 468 3612 ἓνεκα
493 3556 601 3610 τῶν
622 3555 829 3627 ἐχθρῶν
847 3554 1009 3609 αὐτοῦ
1028 3572 1042 3586 ·
1072 3554 1182 3608 τῶν
1207 3555 1264 3608 δὲ
1291 3552 1528 3608 εὐσεϐῶν
1549 3553 1643 3606 καὶ
1663 3551 1780 3604 θεο-

130 3655 137 3658 ’
192 3650 365 3720 φιλῶν
414 3649 631 3722 ἀνδρῶν
678 3651 834 3720 χάριν
880 3649 1156 3720 ἀστραπαὶ
1184 3645 1347 3701 αὑτοῦ
1378 3649 1441 3700 ἐκ
1468 3644 1564 3698 τοῦ
1609 3642 1775 3698 αὐτοῦ

192 3743 374 3812 φωτὸς
425 3740 845 3811 ἐκπεμπόμεναι
893 3741 1014 3793 ἀντὶ
1060 3739 1210 3810 ἡλίου
1245 3736 1652 3807 καταλάμψουσι
1678 3733 1776 3804 τὴν

190 3836 547 3907 οἰκουμένην.
595 3833 655 3885 Εἰ
685 3832 792 3902 γὰρ
835 3829 954 3884 τότε
998 3833 1031 3884 ὁ
1071 3830 1241 3898 ἥλιος
1288 3828 1773 3897 σκοτισθήσεται,

1863 547 2024 590 runt:
2058 536 2257 605 quibus
2313 535 2475 588 etiam
2521 533 2772 590 Christus
2818 535 2992 602 dixit,
3042 533 3143 588 Vos
3175 533 3300 587 estis
3334 531 3426 585 lus:

1863 627 2046 683 mundi
2076 615 2142 682 ⁸³.
2196 625 2331 680 Nam
2379 641 2507 681 vera
2540 625 2630 680 lux
2686 636 2768 681 est
2801 628 2915 696 ipse
2944 625 3138 690 Filius,
3178 625 3273 697 qui
3303 641 3390 679 om

1863 736 1987 776 nem
2007 729 2316 775 creaturam
2357 719 2735 775 rationabilem
2779 718 3071 774 illuminat.
3116 717 3254 785 Quia
3302 733 3430 772 vero

1863 813 2002 867 lucis
2030 813 2176 866 illius
2206 812 2498 883 participes
2523 811 2745 866 fuerunt
2773 811 3078 866 secundum
3113 811 3270 875 illud,
3293 810 3430 865 Car-

1865 901 2020 955 bones
2047 900 2282 954 succensi
2307 909 2431 954 sunt
2470 901 2532 955 ab
2563 917 2622 955 eo
2653 901 2719 966 ⁸³,
2752 901 2874 956 ideo
2937 901 3031 956 lux
3085 912 3215 958 sunt
3266 903 3429 970 hujus

1865 991 2077 1046 mundi.
2109 989 2176 1045 Hi
2207 991 2391 1062 itaque
2421 992 2586 1046 veluti
2615 991 2828 1062 fulgura
2866 991 2990 1046 facti
3036 1001 3163 1048 sunt
3189 1034 3204 1058 ,
3259 1001 3428 1049 totam

1867 1085 2067 1154 ubique
2099 1091 2297 1139 terram
2343 1090 2752 1154 percurrentes,
2802 1099 2866 1138 ac
2892 1084 3132 1139 divinam
3172 1087 3430 1156 spiritua-

1867 1175 2083 1246 lemque
2135 1173 2314 1230 lucem
2373 1173 2710 1230 initiatorum
2782 1174 3039 1230 cordibus
3109 1175 3426 1231 immittunt.

1868 1267 2048 1338 Ignem
2074 1283 2239 1340 porro
2267 1266 2558 1325 Psalmista
2586 1266 2737 1332 dicit,
2765 1283 2872 1323 non
2892 1266 3038 1322 hunc
3068 1269 3380 1323 sensibilem
3410 1308 3428 1331 ,

1869 1377 2046 1430 neque
2067 1359 2339 1414 flammam
2364 1359 2509 1413 illam
2528 1374 2649 1429 quae
2687 1358 2790 1414 sub
2814 1369 3090 1429 aspectum
3121 1360 3302 1425 cadit;
3337 1360 3430 1413 sed

1869 1449 2106 1506 divinam
2153 1448 2446 1518 quamdam
2492 1449 2745 1503 virtutem
2797 1447 3304 1519 inexpugnabilem,
3346 1449 3434 1502 cui

1872 1558 1978 1596 non
2010 1541 2225 1608 obsisti,
2255 1556 2375 1611 quae
2406 1555 2515 1595 non
2557 1539 2722 1612 eﬂ'ugi
2751 1548 2965 1613 potest,
3013 1555 3134 1611 qute
3165 1541 3307 1611 ignis
3345 1541 3431 1593 in-

1873 1642 1988 1689 star
2010 1634 2195 1689 hostes
2239 1647 2370 1688 suos
2402 1631 2647 1688 devorat.
2679 1631 2746 1688 Hi
2776 1643 2955 1689 autem
2978 1638 3154 1697 erant,
3177 1646 3286 1703 prae
3313 1631 3436 1688 aliis

1874 1724 2167 1796 perniciosi
2194 1723 2470 1779 daamones
2493 1762 2510 1788 ,
2553 1731 2607 1779 et
2655 1723 2836 1795 gregis
2882 1737 3073 1780 eorum
3105 1721 3392 1794 praefectus
3416 1761 3434 1788 ,

1873 1831 2033 1887 quem
2066 1797 2316 1870 Salvator
2357 1830 2479 1870 cum
2525 1815 2646 1872 aliis
2687 1814 3006 1871 combussit.
3059 1813 3247 1884 Neque
3301 1815 3439 1872 alias

1875 1908 2239 1992 poterant.qui
2266 1907 2320 1961 in
2350 1915 2495 1962 terra
2522 1907 2600 1961 illi
2617 1906 2849 1978 subjecti
2869 1913 3027 1962 erant
3058 1906 3300 1970 liberari,
3328 1907 3434 1961 nisi

1874 2016 1972 2055 ceu
2010 2000 2188 2072 ignem
2209 2001 2518 2070 quempiam
2547 2000 3007 2071 consumptricem
3037 1999 3106 2054 ad
3140 1999 3435 2070 perniciem

1878 2102 1933 2146 et
1961 2093 2410 2157 destructionem,
2449 2094 2584 2148 iram
2615 2109 2769 2148 suam
2817 2093 3135 2150 immisisset
3172 2095 3228 2149 in
3261 2095 3435 2148 illum.

1878 2185 1968 2240 Sic
1991 2185 2080 2240 ille
2106 2185 2354 2240 liberavit
2403 2200 2498 2241 eos
2533 2185 2626 2254 qui
2657 2185 2859 2240 subditi
2917 2185 3168 2248 fuerant,
3197 2186 3439 2254 captivos.

1875 2274 2096 2345 eripuit,
2162 2285 2412 2331 errantes
2460 2274 2708 2339 reduxit,
2752 2283 2809 2331 et
2854 2275 2910 2331 in
2969 2275 3211 2332 veritatis
3261 2277 3436 2331 lucem

1877 2367 2139 2422 evocavit.
2180 2365 2434 2422 Fortasse
2483 2382 2610 2422 vero
2645 2366 2785 2438 ignis
2815 2372 2870 2422 et
2915 2366 3145 2438 fulguris
3195 2367 3439 2421 meminit

1877 2455 2066 2520 David,
2099 2459 2346 2514 videlicet
2365 2459 2594 2515 flammae
2619 2471 2672 2516 et
2713 2461 2881 2525 lucis;
2943 2460 3069 2530 quia
3097 2461 3295 2531 duplex
3330 2462 3440 2530 igni

1875 2551 2113 2606 ellicacia
2142 2554 2284 2608 inest
2312 2571 2326 2605 :
2359 2568 2468 2606 non
2497 2551 2641 2608 enim
2671 2553 2861 2608 urendi
2908 2552 3106 2618 solum,
3137 2552 3232 2608 sed
3275 2553 3437 2608 etiam

1875 2637 2218 2693 illuminandi
2256 2640 2361 2694 vim
2412 2639 2609 2707 habet;
2659 2655 2722 2695 ac
2773 2641 2947 2695 lucem
2999 2639 3216 2711 quidem
3268 2641 3438 2710 justis

1878 2729 2143 2801 impertit,
2166 2731 2474 2786 combustio
2496 2738 2675 2788 autem
2715 2731 2916 2802 iniquis
2940 2739 3272 2788 reservatur.
3313 2730 3440 2787 Haec

1878 2828 2007 2876 sunt
2032 2821 2256 2877 secundi
2286 2823 2552 2878 adventus
2584 2823 2834 2878 vaticinia
2861 2841 2874 2877 :
2907 2823 3020 2877 haec
3051 2821 3240 2878 Daniel
3260 2822 3396 2878 vidit
3420 2860 3438 2886 ,

1880 2928 2002 2966 nam
2021 2914 2114 2978 ait,
2135 2911 2354 2966 Flavius
2371 2915 2549 2984 igneus
2573 2915 2808 2968 trahebat
2840 2915 2892 2969 in
2921 2924 3197 2985 conspectu
3217 2914 3329 2984 ejus
3355 2915 3438 2981 ὀς

1877 3012 1933 3060 ct
1960 3003 2219 3060 Dominus
2250 2986 2417 3068 dicit,
2470 3005 2758 3061 adventum
2795 3021 2951 3061 suum
2979 3048 2994 3071 ,
3045 3012 3104 3060 ut
3162 3005 3341 3077 fulgur
3371 3007 3444 3062 ab

1878 3099 2086 3153 oriente
2110 3099 2177 3153 ad
2200 3096 2536 3153 occidentem
2578 3099 2909 3169 pertingens,
2939 3097 3181 3153 futurum
3223 3113 3347 3154 esse
3368 3099 3440 3156 ".

1878 3187 2024 3260 Ignis
2067 3189 2284 3260 quidem
2339 3189 2460 3259 ejus
2509 3189 2775 3261 praecedet
2832 3189 3178 3245 inimicorum
3233 3204 3440 3256 causa;

1880 3282 2178 3337 amicorum
2208 3295 2337 3336 vero
2364 3295 2429 3335 ac
2458 3279 2836 3352 religiosorum
2891 3281 3168 3336 hominum
3225 3281 3398 3351 gratia
3425 3320 3442 3344 ,

1878 3372 2091 3445 fulgura
2112 3387 2142 3426 a
2165 3372 2286 3428 luce
2310 3371 2429 3443 ejus
2447 3372 2649 3428 emissa
2670 3373 2791 3428 loco
2821 3373 2952 3427 solis
2977 3373 3164 3427 orbem
3197 3365 3444 3428 illustra-

1880 3469 2035 3524 bunt.
2068 3463 2124 3520 Si
2148 3465 2294 3521 enim
2327 3473 2459 3520 tunc
2496 3465 2578 3519 sol
2607 3463 3002 3529 obscurabitur,
3056 3474 3108 3519 et
3166 3464 3296 3518 [una
3339 3481 3446 3520 non

1879 3555 2026 3610 dabit
2053 3555 2226 3608 lumen
2257 3569 2443 3613 suum,
2494 3561 2544 3606 et
2576 3551 2744 3606 stella:
2774 3551 2964 3606 cadent
3005 3552 3066 3606 de
3095 3551 3220 3607 caelo
3254 3553 3322 3616 ",
3360 3569 3449 3607 se-

1881 3645 2120 3702 cundum
2151 3643 2451 3699 Salvatoris
2479 3641 2820 3709 doctrinam;
2851 3641 2995 3696 unde
3035 3641 3172 3697 alias
3205 3641 3445 3694 mundus

1884 3735 2299 3798 illuminabitur,
2331 3733 2432 3787 nisi
2458 3747 2522 3787 ex
2553 3730 3181 3807 ipsoiquandoquidem
3212 3738 3298 3786 est
3328 3731 3447 3802 ipse

1887 3826 2147 3881 Dominus
2180 3825 2269 3878 lux
2297 3830 2518 3878 aeterna.

189 3927 371 3994 nat-:11
410 3922 652 3991 σελήνη
681 3925 750 3976 οὐ
783 3921 961 3976 δώσει
1005 3921 1068 3975 τὸ
1110 3920 1326 3990 φέγγος
1353 3920 1563 3988 αὐτῆς,
1595 3921 1692 3975 καί
1723 3924 1776 3973 οὶ
1813 3919 2063 3988 ἀστέρες
2090 3917 2414 3972 πεσοῦνται
2445 3916 2508 3969 ἐκ
2565 3915 2670 3969 τοῦ
2708 3914 2986 3983 οὐρανοῦ,
3023 3913 3165 3968 κατὰ
3194 3911 3292 3984 τὴν
3341 3929 3449 3966 σω-

190 4021 382 4093 τήριον
429 4017 811 4074 διδασκαλίαν·
848 4019 1010 4072 πόθεν
1060 4015 1278 4071 ἄλλοθεν
1331 4015 1727 4086 φωτισθήσεται
1753 4018 1782 4068 6
1819 4016 2019 4084 κόσμος
2045 4016 2092 4068 εί
2116 4012 2190 4084 μὴ
2214 4011 2271 4078 ἐξ
2298 4009 2492 4065 αὑτοῦ·
2533 4007 2856 4079 Ἐπειδήπεο
2877 4009 3024 4062 ἐστὶν
3042 4007 3201 4071 αὐτὸς
3239 4006 3270 4058 6
3333 4003 3451 4057 Κύ-

190 4129 307 4183 ριος
341 4113 467 4181 φῶς
499 4112 734 4168 αἰώνιον.

259 4225 748 4296 Προσκυνήσατε
798 4225 957 4292 αὐτῷ
1003 4226 1224 4293 πάντες
1269 4225 1506 4296 ἄγγελοι
1554 4225 1740 4280 αὑτοῦ
1761 4239 1773 4252 ·

1953 4217 2118 4274 Vens.
2152 4215 2302 4270 8-12.
2337 4213 2570 4268 Adorate
2595 4228 2713 4266 eum
2736 4228 2912 4267 omnes
2956 4213 3129 4283 angeli
3159 4214 3273 4284 ejus
3300 4229 3320 4268 :
3348 4232 3449 4270 au-

186 4318 433 4388 ἢκουσε
470 4319 572 4372 καὶ
593 4318 896 4388 εὐφράνθη
930 4319 969 4386 ἡ
1008 4318 1178 4381 Σιὼν,
1204 4318 1303 4372 καὶ
1330 4315 1773 4388 ἡγιιλλιάσαντο

1884 4312 2013 4365 divit
2045 4319 2094 4364 et
2128 4307 2310 4362 laetata
2326 4313 2404 4359 est
2423 4303 2571 4365 Sion,
2591 4313 2640 4358 et
2661 4303 3054 4359 exsultaverunt
3084 4305 3214 4374 filia:
3245 4305 3452 4364 Iudaica

183 4413 248 4464 al
269 4408 607 4480 θυγατέρες
646 4408 756 4477 τῆς
795 4408 1076 4474 Ἰουδαίας
1119 4408 1327 4462 ἕνεκεν
1348 4407 1466 4462 τῶν
1492 4406 1773 4476 χριμάτων

1885 4411 2102 4480 ρνοριειι·Δ
2116 4399 2325 4470 judicia
2378 4407 2502 4462 tua,
2554 4395 2796 4451 Domine.
2851 4395 2983 4451 Sion
3013 4399 3229 4467 quidem
3263 4397 3453 4455 Eccle—

183 4517 328 4566 σου,
355 4502 564 4568 Κύριε.
589 4498 726 4552 Σιὼν
755 4498 851 4568 μὲν
878 4498 974 4570 τὴν
1003 4497 1323 4566 Ἐκκλησίαν
1347 4495 1579 4568 Χριστοῦ
1606 4495 1782 4567 ὑπάρο

183 4611 304 4664 χειν
338 4593 548 4655 ἰστέον,
577 4591 876 4662 θυγατέρας
915 4590 971 4642 δὲ
1015 4590 1112 4660 τῆς
1150 4588 1402 4652 Ἰουδαίας
1424 4588 1524 4652 τὰς
1549 4587 1780 4641 ἀποστο-

181 4684 350 4747 λικέις
401 4681 588 4752 ψυχὰς
637 4682 744 4736 ἀπὸ
791 4681 884 4735 τοῦ
931 4679 1191 4734 Ἰουδαίων
1223 4679 1407 4743 ἔθνους
1436 4679 1777 4742 διελθούσας·

180 4777 239 4830 αἰ
273 4776 344 4846 δὴ
384 4775 488 4829 καὶ
521 4773 884 4845 ἐμπίπλανται
910 4772 1246 4844 εὐφροσύνης
1278 4773 1368 4825 καὶ
1392 4770 1781 4840 ἀγαλλιάσεως,

185 4866 581 4937 μανθάνουσαι
616 4865 742 4936 περὶ
765 4863 873 4917 τῶν
900 4861 1180 4934 κριμάτων
1210 4862 1305 4914 τοῦ
1334 4861 1558 4932 Κυρίου,
1589 4858 1697 4912 τῶν
1723 4876 1782 4912 τε

179 4962 302 5023 τοῖς
336 4956 762 5027 εἰδωλολάτραις
793 4955 1168 5025 ἀποκειμένων
1207 4953 1504 5025 τιμωριῶν,
1535 4949 1630 5005 καὶ
1674 4949 1784 5004 τῶν

179 5053 300 5112 τοῖς
328 5049 523 5102 ἔθνεσι
542 5045 924 5118 τετηρημένων
950 5045 1309 5114 ἐπαγγελιῶν.
1327 5044 1564 5107 Εἰκότως
1587 5044 1644 5097 δὲ
1663 5043 1783 5115 χαί-

181 5157 382 5214 ρουσιν
410 5139 515 5193 ἇτε
539 5137 684 5209 αὐτῷ
714 5137 1084 5208 ἀνακείμεναι,
1111 5138 1203 5191 καὶ
1233 5136 1544 5202 ἐλπίζουσαι
1574 5135 1673 5206 τῆς
1696 5135 1783 5187 ἐν-

175 5235 342 5298 δόξου
380 5231 558 5284 αὐτοῦ
589 5230 889 5302 παρουσίας
934 5227 1584 5302 καταξιωθήσεσθαι.“οτι
1619 5227 1700 5280 σὺ
1731 5223 1793 5281 εἷ

176 5327 418 5392 Κύριος
462 5324 500 5374 ὀ
541 5323 820 5390 Ὕψιστος
853 5321 952 5374 ἐπὶ
989 5317 1193 5376 πᾶσαν
1226 5319 1338 5387 τὴν
1376 5319 1512 5390 γῆν,
1551 5318 1785 5389 σφόδρα

172 5418 387 5482 ὐ.τερυ
397 5411 618 5480 ψώθης
638 5411 789 5478 ὑπὲρ
811 5411 1039 5474 πάντας
1057 5409 1198 5474 τοὺς
1221 5410 1412 5476 θεοὺς.
1434 5412 1496 5462 0i
1516 5407 1786 5478 ἀγαπῶν-

172 5523 280 5570 τες
323 5503 443 5556 τὸν
471 5503 716 5571 Κύριον,
735 5499 961 5572 μισεῖτε
1001 5500 1292 5566 πονηρόν·
1333 5499 1640 5568 φυλάσσει
1679 5499 1787 5553 Κύ-

1887 4499 2022 4552 siam
2045 4477 2246 4549 Christi
2283 4506 2404 4547 esse
2442 4489 2722 4545 sciendum
2747 4494 2862 4555 est;
2907 4488 3044 4544 lllias
3072 4504 3200 4545 vero
3227 4489 3447 4555 Judzete.

1888 4585 2216 4658 apostolicas
2247 4583 2458 4637 animas
2489 4596 2557 4637 ex
2584 4579 2895 4635 Iudaeorum
2938 4592 3098 4652 gente
3143 4581 3405 4639 oriundas
3433 4603 3448 4639 :

1888 4695 2009 4750 qnze
2035 4692 2167 4733 sane
2188 4675 2424 4746 impletae
2443 4681 2570 4730 sunt
2594 4673 2792 4744 gaudio
2815 4679 2870 4726 et
2890 4673 3291 4741 exsultatione;
3322 4689 3450 4730 cum

1890 4771 1956 4825 de
1979 4768 2202 4840 judiciis
2227 4765 2442 4821 Domini
2477 4763 2788 4827 audierunt,
2808 4761 2985 4834 deque
3009 4764 3313 4834 suppliciis,
3331 4781 3453 4835 qua:

1892 4861 2158 4915 idolorum
2187 4855 2488 4912 cultoribus
2523 4855 2760 4925 reposita
2793 4861 2941 4916 sunt.
2985 4870 3196 4910 necnon
3227 4856 3294 4912 de
3324 4872 3453 4927 pro-

1890 4951 2094 5014 missis.
2117 4963 2240 5020 qua:
2259 4947 2510 5018 gentibus
2531 4953 2902 5000 reservantur.
2930 4947 2997 5013 Et
3023 4949 3216 5002 merito
3234 4945 3452 5019 quidem

1887 5043 2143 5113 gaudent,
2164 5047 2348 5110 utpote
2370 5038 2470 5108 ipsi
2495 5038 2742 5102 addicite,
2775 5051 2839 5092 ac
2864 5044 3144 5108 sperantes
3173 5052 3231 5093 se
3253 5037 3454 5107 glorio-

1890 5147 1952 5185 so
1991 5130 2112 5199 eius
2165 5130 2399 5184 adventu
2438 5124 2742 5197 dignandos
2782 5139 2924 5179 esse.
2979 5123 3240 5190 Quoniam
3288 5131 3343 5176 tu
3399 5139 3453 5176 es

1892 5222 2146 5277 Dominus
2202 5219 2496 5274 altissimus
2545 5233 2695 5284 super
2749 5231 2948 5272 omnem
3002 5223 3233 5276 terram,
3295 5213 3451 5265 nimis

1888 5313 2156 5367 exaltatus
2187 5326 2239 5365 es
2262 5324 2417 5377 super
2444 5325 2618 5362 omnes
2661 5307 2805 5361 deos.
2858 5305 2962 5372 Qui
2995 5305 3214 5375 diligitis
3268 5303 3452 5357 Domi—

1893 5419 2015 5457 num
2035 5445 2050 5469 ,
2080 5403 2218 5456 adite
2245 5399 2443 5453 malum
2468 5415 2487 5451 :
2522 5397 2750 5452 custodit
2780 5395 3038 5450 Dominus
3085 5395 3291 5447 animas
3324 5407 3450 5446 san-

1893 5505 2096 5548 ctorum
2131 5506 2344 5546 suorum
2366 5529 2381 5551 ,
2437 5489 2499 5543 de
2526 5505 2688 5542 manu
2707 5497 3039 5558 peccatorum
3080 5474 3322 5540 iibcrabit
3342 5498 3453 5539 eos.

171 5614 310 5666 ριος
337 5595 461 5659 τὰς
479 5596 688 5663 ψυχὰς
712 5593 828 5647 τῶν
849 5593 1032 5648 ὁσίων
1052 5591 1258 5654 αὐτοῦ,
1291 5593 1359 5646 ἐκ
1380 5591 1576 5660 χειρὸς
1607 5591 1773 5660 ἁμαρ·

1896 5587 1951 5641 Si
1981 5588 2202 5644 malum.
2236 5582 2430 5654 inquit,
2463 5581 2719 5643 aversati,
2751 5580 2925 5635 sancti
2946 5577 3253 5635 elliciamini
3273 5593 3289 5642 ;
3312 5587 3472 5649 tunc.

247 5753 300 5786 “
346 5748 561 5806 Matth.
596 5766 684 5819 Vl,
721 5749 807 5804 ﬂ.
883 5752 925 5783 ⁸³
963 5748 1109 5806 Psal.
1145 5765 1290 5814 xvii,
1321 5749 1382 5806 θ.
1456 5749 1501 5782 ι’
1534 5746 1670 5803 Dan.
1711 5758 1780 5800 vit
1807 5785 1822 5808 ,

1861 5744 1948 5798 io.
2023 5743 2064 5772 οι
2109 5740 2294 5795 Matth.
2331 5693 2480 5822 ων,
2520 5737 2610 5792 ετ.
2687 5732 2904 5807 "ibid.
2941 5733 3034 5790 29.
3095 5793 3115 5806 .,
