3868 6282
516 309 647 368 ιεει

1187 299 1448 360 EUSEBII
1487 301 1965 360 CIESARIENSIS
2002 302 2150 358 OPP.
2187 301 2364 359 PARS
2409 301 2494 359 Ill.
2530 333 2600 346 —
2627 301 3033 359 EXEGETICA.

3559 312 3661 369 tua

511 421 665 477 vobis
686 419 962 490 continget
993 417 1085 474 Dei
1109 417 1365 489 pmidio
1411 419 1634 484 muniri,
1660 427 1822 491 atque
1850 434 1880 473 a
1911 433 2075 473 manu

2178 419 2381 473 τωλῶν
2414 421 2666 488 ῥύσεται
2707 421 2949 487 αὐτούς.
3003 422 3064 475 Ei
3094 421 3522 494 ἀποστραφέντες,
3550 443 3664 497 φησι,

511 511 710 565 diaboli
742 509 961 565 liberari
989 529 1002 564 :
1037 509 1084 566 is
1111 509 1256 564 enim
1288 508 1507 580 proprie
1556 517 1813 580 peccator
1852 509 2071 565 dicitur.

516 599 706 655 Modus
736 599 917 670 itaque
945 598 1252 656 dilectionis
1284 614 1410 670 erga
1441 597 1726 654 Dominum
1774 607 1860 655 est
1893 598 2075 656 odisse

517 691 697 754 mala;
730 705 938 745 merces
962 697 1143 744 autem
1174 689 1318 744 illius
1348 695 1452 753 est,
1485 688 1660 758 ipsum
1693 689 1748 745 in
1783 688 1906 744 vita:
1939 703 2076 762 pm-

517 783 713 836 sidium
745 781 1021 844 obtinere,
1060 788 1220 851 atque
1259 780 1662 850 insurgentibus
1694 780 1931 837 inimicis
1987 798 2078 838 su-

517 873 782 942 periorem
820 872 1068 926 evadere.
1093 868 1283 925 Viden‘
1309 876 1510 940 quanta
1537 884 1636 940 pro
1665 868 1757 926 Dei
1785 871 2074 928 dilectione

513 969 846 1040 accipimus?
878 966 1061 1023 Sancti
1093 981 1220 1022 vero
1265 964 1550 1028 efﬁcimur,
1599 979 1724 1018 cum
1749 961 1851 1035 ipsi
1873 962 2070 1017 addicti

511 1076 722 1126 sumus,
754 1069 914 1130 atque
946 1057 1114 1113 Deum
1151 1055 1436 1113 custodem
1469 1055 1650 1127 magni
1685 1055 1832 1110 illius
1862 1053 2070 1127 praedii,

511 1151 706 1207 animae
740 1150 949 1207 scilicet
981 1157 1213 1212 nostrae,
1266 1146 1668 1212 nanciscimur;
1722 1147 1798 1201 ita
1847 1152 1907 1200 ut
1961 1157 2070 1198 non

511 1245 651 1299 ultra
701 1243 805 1300 sub
837 1259 1000 1297 manu
1047 1249 1101 1296 et
1147 1247 1414 1311 potestate
1454 1239 1664 1295 inimici
1708 1253 2026 1294 maneamus
2055 1279 2070 1304 ,

511 1352 634 1390 nam
664 1335 778 1388 Lua:
802 1345 919 1388 orta
939 1344 1014 1388 est
1038 1334 1207 1401 justo,
1237 1343 1285 1386 et
1304 1332 1456 1386 rectis
1474 1330 1628 1385 corde
1671 1331 1878 1385 lwtitia.
1931 1327 2073 1383 Lwt-

511 1428 698 1493 amini,
719 1427 876 1496 justi,
895 1426 948 1478 in
971 1424 1212 1490 Domino,
1231 1433 1279 1478 et
1300 1423 1621 1493 conﬁtemini
1640 1422 1900 1478 memoriw
1918 1438 2073 1476 sanc-

512 1520 812 1589 tiﬁcationis
839 1518 973 1586 ejus.

2179 509 2239 563 τὸ
2275 510 2507 582 πονηρὸν
2539 512 2674 564 ὅσιοι
2711 512 2962 583 γένησθε,
3001 515 3120 566 τότε
3147 513 3211 584 δὴ
3245 513 3547 584 συμϐήσεται
3573 517 3668 586 ὑμῖν

2181 602 2274 656 καὶ
2301 601 2401 672 τῆς
2431 601 2672 674 φυλακῆς
2700 602 2799 672 τῆς
2835 603 2983 675 παρά
3010 603 3104 657 τοῦ
3127 603 3256 656 Θεοῦ
3282 607 3469 675 τυχεῖν,
3499 608 3575 659 καὶ
3595 609 3668 677 τῆς

2180 691 2274 746 τοῦ
2315 691 2556 746 διαϐόλου
2597 691 2859 765 ρυσθῆναι
2904 693 3114 766 χειρόςο
3150 689 3296 758 οὗτος
3340 695 3442 764 γάρ
3467 695 3492 746 0
3519 698 3669 767 κυρίως

2183 783 2520 856 ἁμαρτωλός.
2539 783 2596 837 '0
2632 785 2727 855 μὲν
2753 780 2843 839 οῦν
2868 785 3069 856 τρόπος
3109 785 3210 856 τῆς
3241 785 3373 855 πρὸς
3411 785 3493 838 τὸν
3521 787 3670 856 Κύριον

2179 873 2397 944 ἀγάπης
2419 873 2480 928 τὺ
2514 877 2688 946 μισεῖν
2724 877 2935 948 πονηρά
2953 894 2965 906 ·
2999 875 3185 947 μισθὸς
3208 876 3264 929 δὲ
3293 876 3472 930 τούτου
3496 877 3547 929 τὸ
3569 878 3670 948 ἔχειν

2178 966 2340 1020 αὑτὸν
2360 966 2604 1041 φυλακὴν
2633 967 2731 1038 τῆς
2755 967 2917 1038 ζωῆς,
2946 970 3041 1022 καὶ
3069 968 3299 1039 κρείττω
3327 967 3431 1020 τῶν
3455 969 3672 1023 ἐπανιστα-

2179 1058 2352 1129 μένων
2376 1059 2651 1131 δυσμενῶν
2680 1059 2939 1128 γίνεσθαι.
2966 1055 3115 1121 Εἶδες
3145 1058 3303 1130 ἡλίκα
3327 1059 3421 1128 τῆς
3451 1059 3566 1130 πρὸς
3580 1061 3672 1114 Θεὸν

2176 1150 2395 1224 ἀγάπης
2434 1151 2813 1222 ἀπολάϐομενς
2858 1149 3120 1221 Γινόμεθα
3145 1151 3202 1204 δέ
3233 1151 3368 1203 ὅσιοι
3398 1151 3674 1221 ἀνακείμενοι

2177 1241 2347 1313 αὐτῷ,
2382 1244 2473 1296 καὶ
2515 1243 2727 1313 φύλακα
2767 1243 2856 1298 τὸν
2899 1243 3028 1296 Θεὸν
3054 1241 3148 1296 τοῦ
3179 1241 3428 1314 μεγίστου
3464 1245 3674 1313 κτήματος

2178 1333 2278 1405 τῆς
2302 1335 2576 1408 ἡμετέρας
2601 1335 2777 1407 ψυχῆς
2810 1335 3003 1407 ἔχομεν
3022 1353 3034 1366 ·
3067 1335 3204 1389 ὥστε
3235 1335 3308 1408 μὴ
3339 1337 3439 1388 ὑπὸ
3458 1335 3543 1406 τὴν
3563 1339 3677 1406 χεῖρε

2179 1423 2273 1478 καὶ
2319 1425 2418 1495 τὴν
2465 1425 2709 1492 ἐξουσίαν
2757 1426 3006 1497 γενέσθαι
3061 1427 3155 1481 τοῦ
3201 1427 3427 1499 ἐχθροῦ·
3464 1427 3573 1492 Φῶς
3601 1429 3676 1499 γὰρ

2177 1514 2446 1572 ἀνέτειλε
2491 1517 2572 1583 τῷ
2611 1518 2836 1586 δικαίῳ,
2867 1519 2964 1573 καὶ
3009 1518 3134 1584 τοῖς
3168 1519 3372 1575 εὐθέσι
3414 1515 3483 1586 τῇ
3517 1518 3677 1587 καρδίῃ

507 1614 873 1683 εὐφροσύνη.
919 1611 1327 1686 Εὐφράνθητε,
1373 1610 1608 1676 δίκαιοι,
1658 1610 1729 1663 ἐν
1766 1607 1846 1678 τῷ
1886 1609 2100 1676 Κιφίῳ,
2130 1610 2224 1664 καὶ
2250 1611 2703 1684 ἐξομολογεῖσθε
2739 1613 2814 1683 τῇ
2845 1615 3050 1686 μνήμῃ
3091 1614 3200 1684 τῆς
3255 1616 3572 1685 ἁγιωσύνης
3605 1615 3677 1667 οὓς

509 1706 635 1760 τοῦ.

815 1820 1136 1878 Ρεέιωιυδ
1161 1818 1290 1875 lPSl
1317 1818 1523 1874 DAVID
1552 1816 1764 1873 XCVII.

580 1915 746 1972 Vsus.
780 1917 831 1970 1.
885 1915 1108 1971 Cautate
1153 1913 1381 1968 Domino
1406 1911 1670 1965 canticum
1702 1925 1914 1969 norum,
1947 1906 2074 1976 quia

509 2006 779 2060 mirabilia
803 2005 946 2075 fecit.
992 2003 1092 2059 Hic
1123 2005 1252 2058 item
1310 2001 1553 2072 psalmus
1582 1999 1759 2054 eidem
1790 1996 2074 2053 sententiae

510 2099 748 2155 insistit:
781 2112 906 2151 nam
935 2104 1226 2166 utrumque
1248 2092 1551 2148 Salvatoris
1567 2081 1857 2146 adventum
1884 2087 2075 2142 vatici-

510 2200 694 2255 natur,
729 2187 837 2246 sed
869 2187 1038 2242 multo
1068 2185 1238 2256 magis
1264 2184 1332 2238 de
1369 2183 1612 2238 secundo
1640 2179 1914 2237 edisserit.
1945 2176 2075 2233 Jure

509 2292 689 2338 autem
721 2280 1001 2336 canticum
1030 2292 1230 2333 novum
1262 2274 1374 2330 Deo
1403 2261 1620 2330 oﬂ‘erre'
1649 2272 1916 2343 praecipit,
1947 2268 2074 2340 quia

505 2373 866 2446 pristinarum
911 2384 1092 2423 rerum
1126 2367 1480 2421 mutationem
1515 2364 1794 2435 praedicat,
1825 2376 2076 2432 przenun-

506 2466 718 2534 tiatque
747 2475 948 2516 novum
996 2459 1120 2512 vitae
1157 2458 1488 2514 institutum.
1538 2455 1753 2510 Etenim
1788 2469 1852 2508 ea
1894 2468 2016 2523 quae
2045 2467 2076 2505 a

514 2556 620 2612 Deo
659 2553 1044 2612 universorum
1073 2565 1171 2620 pro
1221 2549 1398 2604 salute
1438 2556 1631 2603 nostra
1673 2552 1890 2616 peracta
1922 2551 2074 2606 sunt,

507 2644 952 2718 supernaturalia
1001 2657 1137 2698 sane
1189 2647 1319 2696 sunt
1367 2654 1432 2694 ac
1478 2636 1766 2708 stupenda.
1819 2634 2075 2690 Servator

508 2738 709 2808 quippe
732 2745 920 2792 noster
961 2733 1164 2789 mundo
1187 2731 1504 2795 adveniens,
1535 2743 1600 2783 ac
1635 2727 1728 2783 Dei
1768 2727 1944 2798 gratia
1977 2740 2076 2797 pro

417 2825 419 2827 ’
507 2826 762 2881 omnibus
788 2831 1016 2880 mortem
1063 2823 1383 2892 degustans,
1428 2825 1486 2874 ut
1531 2817 1744 2874 tolleret
1792 2823 2076 2885 peccatum

511 2917 720 2980 mundi,
753 2925 813 2970 ut
856 2930 924 2970 ex
961 2913 1318 2983 sequentibus
1365 2910 1654 2966 versiculis
1675 2907 2077 2963 demonstrabi-

507 3016 621 3070 tur,
653 3005 863 3077 magnis
890 3013 946 3060 et
974 3004 1190 3058 arcanis
1224 3018 1323 3058 nos
1370 3003 1626 3073 dignatus
1665 3007 1750 3055 est
1780 3000 2074 3068 mysteriis.

509 3099 745 3156 Salvavit
776 3098 878 3152 sibi
901 3095 1117 3150 dextera
1135 3095 1272 3164 ejus,
1301 3107 1348 3148 et
1376 3093 1648 3147 brachium
1677 3099 1918 3145 sanctum
1945 3089 2081 3158 ejus.
2111 3078 2156 3139 C

509 3189 847 3246 Salvatoretn
884 3202 1008 3243 esse
1057 3185 1335 3242 dexteram
1379 3193 1434 3241 et
1481 3183 1764 3239 brachium
1805 3180 1920 3244 Dei,
1957 3181 2072 3250 jam

509 3287 760 3358 pluribus
784 3300 850 3340 ex
884 3283 1120 3339 dextera:
1154 3292 1208 3337 et
1243 3281 1457 3337 brachii
1495 3278 1895 3351 significatione
1926 3293 2076 3332 com-

508 3384 873 3433 monstratum
923 3383 1030 3430 est.
1073 3374 1303 3429 Dextera
1351 3374 1534 3443 itaque
1581 3372 1672 3427 Dei
1721 3387 1838 3435 eos,
1874 3371 1967 3440 qui
2007 3371 2075 3424 ad

509 3467 899 3526 beatitudinem
931 3465 1099 3522 erecti
1130 3471 1278 3528 sunt,
1309 3465 1490 3520 salvos
1540 3463 1645 3532 ipsi
1673 3461 1927 3518 custodit.
1958 3459 2076 3514 Non

504 3562 652 3618 enim
683 3560 864 3616 omnis
897 3558 991 3629 qui
1024 3557 1210 3615 salvus
1242 3567 1346 3621 est,
1381 3555 1615 3610 Domino
1639 3553 1752 3611 Deo
1782 3562 2072 3620 servatur;

507 3653 602 3709 sed
633 3655 786 3710 solus
808 3660 865 3708 et
891 3649 1071 3706 omnis
1098 3650 1190 3706 ille
1222 3651 1315 3720 qui
1345 3647 1648 3705 secundum
1676 3653 1882 3702 rectam
1905 3644 2076 3700 ratio-

509 3761 632 3801 nem
656 3760 686 3799 a
714 3743 874 3800 malis
905 3751 960 3798 et
981 3743 1188 3798 morbis
1217 3743 1507 3805 liberatur,
1535 3747 1590 3795 et
1623 3739 1867 3795 veritatis
1887 3737 2078 3808 cogni-

507 3841 711 3896 tionem
746 3852 870 3893 cum
901 3840 1100 3908 pietate
1123 3843 1410 3891 assecutus
1436 3843 1536 3889 est.
1561 3831 1698 3886 Nam
1721 3832 1814 3902 qui
1835 3847 1899 3886 ex
1931 3847 2080 3885 mor-

508 3930 594 3986 bis
621 3936 678 3984 et
702 3929 1023 3984 Vulneribus
1057 3933 1330 3990 servatur,
1356 3940 1463 3979 non
1502 3924 1721 3995 penitus
1761 3922 1871 3978 Deo
1893 3923 2078 3978 salvus

505 4031 613 4087 est,
644 4023 880 4076 maxime
910 4036 1041 4076 vero
1085 4035 1209 4075 cum
1245 4021 1459 4090 ignorat
1489 4033 1549 4072 se
1588 4032 1618 4071 a
1647 4017 1758 4072 Deo
1787 4016 2080 4071 incolumi-

507 4124 618 4171 tate
650 4115 930 4169 donatum.
982 4113 1244 4167 Sanctum
1293 4124 1458 4180 porro
1503 4109 1596 4164 Dei
1636 4108 1922 4163 brachium
1971 4119 2075 4171 est,

508 4219 620 4258 non
664 4203 1086 4275 participatione
1135 4199 1478 4265 sanctitatis;
1520 4199 1614 4254 sed
1657 4199 1784 4271 quia
1839 4196 2077 4268 Spiritus

509 4298 682 4353 sancti
700 4295 984 4351 brachium
1010 4302 1112 4350 est.
1133 4295 1197 4348 Et
1221 4292 1455 4349 fortasse
1469 4290 1694 4346 dextera
1711 4289 1955 4361 quidem,
1982 4288 2077 4344 Dei

506 4387 591 4441 vis
617 4384 903 4456 operandi,
928 4400 1048 4454 qua:
1080 4399 1186 4438 non
1221 4383 1325 4436 alia
1353 4396 1515 4454 quam
1541 4380 1684 4435 Deus
1716 4379 1951 4436 Verbum
1970 4385 2075 4445 est,

2557 1817 2848 1873 ‘YAAMOE
2885 1818 2974 1888 το
3011 1818 3209 1871 ΔΑΥιΔ
3251 1817 3357 1884 ις’.

2247 1909 2463 1977 ᾊσατε
2502 1906 2582 1973 τῷ
2623 1909 2816 1976 Κυρίῳ
2852 1903 3014 1978 ᾆσμα
3047 1908 3274 1973 καινὸν,
3311 1909 3397 1962 ὅτι
3434 1913 3680 1979 θαυμαστὰ

2173 1998 2439 2066 ἐποίησε.
2462 2000 2568 2053 Καὶ
2593 1993 2748 2063 οὗτος
2768 2002 2795 2053 0
2814 2001 3024 2072 ψαλμὸς
3045 2001 3140 2071 τὴν
3162 2001 3332 2072 αὐτὴν
3356 2002 3462 2072 ἔχει
3481 2003 3676 2056 διάνοιαν·

2175 2090 2438 2160 ἑκατέραν
2461 2090 2569 2162 γάρ
2601 2090 2695 2144 τοῦ
2727 2092 2973 2163 Σωτῆρος
3013 2093 3339 2162 ἐπιφάνειαν
3367 2093 3678 2163 προθεσπίζει,

2174 2181 2310 2235 ἀλλά
2335 2181 2403 2235 τά
2436 2184 2656 2236 πλείονα
2673 2185 2798 2256 περὶ
2816 2185 2914 2255 τῆς
2935 2185 3188 2256 δευτέρας
3211 2185 3476 2251 διέξεισιν.
3498 2186 3681 2249 Εἰκότως

2173 2272 2229 2326 δὲ
2257 2269 2407 2345 ᾆσμα
2430 2274 2611 2329 καινὸν
2631 2275 2839 2329 κελεύει
2867 2279 3248 2346 προσενεγκεῖν
3277 2277 3356 2347 τῷ
3377 2277 3515 2346 Θεῷ·
3543 2277 3678 2347 ﬁniit

2174 2364 2281 2419 τῶν
2313 2365 2599 2446 προτέρων⁹
2625 2368 2961 2437 πραγμάτων
2994 2366 3249 2438 κηρύττει
3286 2366 3581 2437 μεταϐολὴν,
3617 2369 3680 2420 καὶ

2175 2455 2363 2527 καινὴν
2386 2456 2656 2510 πολιτείαν
2688 2457 3062 2528 προαγορεύει.
3080 2457 3366 2529 ’Υπερφυᾶ
3390 2458 3492 2527 γάρ
3516 2460 3592 2511 καὶ
3607 2475 3680 2510 τι·

2178 2547 2372 2620 ράδοξα
2405 2547 2472 2602 τά
2505 2549 2609 2602 ὑπὸ
2637 2549 2727 2602 τοῦ
2761 2549 2894 2602 Θεοῦ
2930 2549 3036 2602 τῶν
3069 2549 3205 2602 ὅλων
3230 2551 3490 2618 γενόμενα
3519 2550 3681 2602 inicu-

2177 2642 2342 2714 τηρίᾳ
2363 2643 2626 2714 ἡμετέρᾳ.
2644 2643 2700 2695 '0
2726 2642 2832 2714 γὰρ
2853 2644 3060 2715 Σωτὴρ,
3089 2644 3430 2715 ἐπιδημήσας
3455 2642 3524 2713 τῷ
3543 2643 3681 2711 κόσμῳ

2181 2733 2274 2786 καὶ
2301 2733 2480 2804 χάριτι
2501 2732 2635 2786 Θεοῦ
2657 2733 2796 2803 ὑπὲρ
2823 2734 3020 2797 παντὸς
3043 2735 3380 2805 γευσάμενος
3408 2733 3603 2788 θανάτου
3621 2733 3680 2784 ἐπὶ

2179 2819 2256 2890 τῷ
2289 2817 2416 2893 ᾇραι
2460 2822 2559 2894 τὴν
2597 2823 2867 2894 ἁμαρτίαν
2892 2823 2984 2876 τοῦ
3016 2825 3241 2894 κόσμου,
3279 2825 3356 2888 ὡς
3386 2825 3468 2878 διά
3486 2825 3578 2877 τῶν
3597 2825 3682 2875 ἑπο-

2185 2917 2360 2987 μένων
2387 2915 2754 2987 δηλωθήσεται
2785 2917 3002 2987 στίχων,
3027 2916 3136 2969 τῶν
3169 2918 3422 2988 μεγάλων
3453 2918 3535 2970 καὶ
3561 2918 3680 2986 ἀπορ

2185 3005 2362 3075 ρήτων
2388 3007 2536 3076 ἡμᾶς
2569 3005 2869 3076 κατηξίωσε
2918 3007 3486 3078 μυστηρίων.Ἕσωο-ε
3509 3007 3636 3072 αὐτῷ
3654 3007 3679 3070 ἡ

2185 3094 2354 3161 δεξιὰ
2391 3097 2601 3163 αὐτοῦ,
2630 3097 2726 3151 καὶ
2757 3100 2790 3150 ό
2818 3098 3087 3167 βραχίων
3110 3100 3142 3151 ὀ
3166 3098 3336 3168 ἅγιος
3360 3098 3549 3153 αὐτοῦ.
3567 3096 3680 3162 Aegii

2180 3188 2273 3241 καὶ
2302 3188 2540 3260 βραχίων
2567 3188 2699 3243 Θεοῦ
2721 3189 2807 3242 διὰ
2831 3191 3088 3245 πλειόνων
3109 3191 3474 3245 ἀποδέδεικται
3499 3193 3525 3244 0
3544 3190 3681 3259 Σωτὴρ

2178 3277 2314 3336 εἶναι
2335 3282 2473 3336 κατά
2489 3282 2583 3336 τοῦ
2606 3285 2704 3354 τῆς
2733 3284 2912 3348 δεξιΞς
2938 3286 3030 3336 καὶ
3056 3284 3146 3337 τοῦ
3171 3284 3448 3355 βραχίονος
3468 3281 3677 3353 κειμένου.

2180 3371 2348 3436 Σώζει
2383 3368 2476 3426 οῦν
2503 3372 2649 3442 αὐτῷ
2680 3373 2756 3443 τῷ
2787 3373 2906 3444 Θεῷ
2931 3375 2962 3444 ἡ
2995 3372 3142 3437 δεξιά
3169 3373 3336 3426 αὐτοῦ
3377 3375 3495 3435 τοὺς
3521 3373 3587 3434 εἰς
3612 3388 3679 3439 με·

2180 3465 2479 3536 καριότητα
2510 3464 2796 3534 ὴρμένους.
2832 3466 2906 3518 Οὐ
2941 3465 3049 3536 γὰρ
3079 3465 3186 3528 πᾶς
3215 3465 3509 3534 σωζόμενος
3546 3461 3679 3532 Κυρίῳ

2179 3554 2258 3625 τῷ
2299 3553 2419 3625 Θεῷ
2466 3553 2724 3618 σώζεταιο
2756 3555 2889 3608 ἀλλά
2921 3557 3078 3624 μόνος
3109 3555 3205 3608 καὶ
3250 3555 3359 3618 πᾶς
3383 3556 3410 3607 0
3437 3553 3593 3608 κακῶν
3617 3553 3679 3604 καὶ

2179 3645 2368 3700 παθῶν
2391 3645 2530 3698 κατά
2549 3645 2640 3700 τὸν
2672 3645 2828 3716 ὀρθὸν
2852 3645 3007 3714 λόγον
3029 3645 3509 3718 ἀπαλλαττόμενος,
3530 3643 3678 3712 καὶτιῃ

2177 3737 2276 3808 τῆς
2297 3737 2551 3808 ἀληθείας
2577 3739 2774 3806 γνῶσιν
2797 3741 2911 3809 μετ’
2934 3739 3208 3803 εὐσεϐείας
3227 3740 3533 3812 ἀνειληφώς.
3549 3740 3593 3792 '0
3607 3735 3679 3804 γὰρ

2180 3832 2244 3884 ἐκ
2266 3831 2432 3884 νόσων
2460 3831 2553 3884 καὶ
2577 3832 2903 3902 τραυμάτων
2935 3833 3124 3896 σωθεὶς
3154 3834 3214 3885 οὐ
3251 3835 3462 3897 πάντως
3491 3831 3586 3900 Θεῷ
3605 3827 3673 3881 σώ-

2179 3921 2350 3985 ζεται,
2376 3923 2607 3993 μάλιστα
2629 3925 2717 3977 ὅτε
2746 3925 2845 3976 οὐκ
2874 3924 3238 3994 ἐπίπαταιγέκ
3261 3926 3393 3980 Θεοῦ
3415 3925 3502 3996 τὴν
3526 3923 3675 3990 ὑγίειαν

2180 4015 2327 4086 αὐτῷ
2365 4015 2818 4086 δεδόσθαι.“Ᾱγιος
2847 4019 2904 4072 δέ
2940 4022 2968 4073 0
3002 4018 3236 4092 βραχίων
3277 4020 3369 4073 τοῦ
3402 4017 3523 4072 Θεοῦ
3554 4018 3672 4073 ἐστιν,

2177 4109 2240 4161 οὐ
2293 4107 2431 4160 κατά
2475 4109 2702 4180 μετοχὴν
2753 4111 3034 4182 ἁγιότητος
3085 4113 3386 4183 τυγχάνων,
3434 4111 3534 4164 ἀλλ’
3567 4108 3673 4174 ἁγίου

2181 4198 2492 4270 Πνεύματος
2521 4200 2596 4254 ὣν
2631 4199 2887 4272 βραχίων.
2915 4204 3027 4256 Καὶ
3055 4203 3195 4274 τάχα
3223 4203 3371 4268 δεξιά
3401 4203 3490 4273 μὲν
3516 4203 3543 4271 ὴ
3571 4201 3673 4268 ἐνερ-

2179 4292 2378 4362 γητικὴ
2425 4291 2516 4345 τοῦ
2560 4291 2694 4346 Θεοῦ
2736 4293 2980 4366 δύναμις,
3011 4296 3111 4349 οὐκ
3133 4295 3266 4365 άλλη
3290 4297 3382 4350 τοῦ
3412 4293 3530 4349 Θεοῦ
3551 4293 3670 4358 Λόγοι

2180 4385 2540 4455 τυγχάνουσα,
2565 4385 2827 4448 καλεῖται,
2849 4387 2935 4440 διὰ
2954 4387 3015 4440 τὸ
3033 4387 3244 4454 δεξιῶς,
3261 4389 3520 4442 τουτέστιν
3535 4384 3669 4452 ἁγὶως,

506 4483 770 4543 vocatur;
821 4476 950 4547 quia
989 4473 1230 4535 dextere,
1274 4473 1326 4526 id
1372 4480 1477 4535 est,
1524 4479 1735 4532 sancte,
1780 4470 2073 4541 sapienter,

2181 4475 2378 4544 σοφῶς,
2406 4476 2728 4546 ἀμέμπτως,
2751 4477 3048 4542 ἐπαινετῶς
3076 4479 3251 4533 πάντα
3275 4483 3442 4534 ποιεῖν
3459 4497 3472 4509 ·
3499 4477 3669 4548 βραχίων

509 4566 808 4636 inculpate,
861 4564 1213 4620 laudabiliter
1283 4561 1466 4616 omnia
1537 4561 1730 4627 efficit;
1790 4561 2077 4616 brachium

509 4674 638 4714 vero
681 4659 751 4713 ob
790 4657 1166 4711 fortitudinem
1218 4671 1281 4710 ac
1335 4655 1502 4710 robur
1542 4654 2076 4724 praestantissimum.

584 4749 746 4806 Vens.
769 4749 826 4815 2,
855 4736 908 4805 '5.
949 4748 1150 4802 Notum
1181 4748 1302 4818 fecit
1339 4748 1590 4802 Dominus
1621 4745 1872 4800 Salutare
1900 4761 2074 4811 suum,

508 4843 564 4896 in
593 4851 870 4911 conspectu
917 4843 1147 4912 gentium
1188 4841 1430 4894 reuelauit
1453 4839 1723 4907 justitiam
1770 4854 1944 4891 suam.
1981 4836 2078 4890 lie-

507 4935 758 4990 cordatus
806 4942 884 4987 est
937 4933 1316 4987 misericordia;
1360 4947 1466 4984 sua:
1503 4929 1705 4992 Iacob,
1754 4939 1802 4982 et
1843 4929 2076 4981 veritatis

509 5044 620 5083 sua:
664 5027 847 5080 domui
897 5023 1090 5079 Israel.
1137 5023 1390 5079 Viderunt
1440 5038 1617 5078 omnes
1665 5021 1874 5074 termini
1923 5029 2078 5074 terra:

509 5117 759 5175 Salutare
791 5118 885 5173 Dei
918 5118 1108 5182 nostri.
1139 5115 1280 5172 Olim
1333 5114 1643 5169 Abrahamo
1687 5113 1979 5182 pollicitus,
2021 5112 2078 5167 in

509 5213 717 5267 semine
744 5211 920 5282 ipsius
944 5207 1343 5265 benedicendas
1362 5222 1487 5263 esse
1507 5221 1698 5261 omnes
1720 5213 1932 5276 gentes,
1957 5219 2077 5258 vcr-

508 5305 703 5359 borum
737 5303 1022 5358 veritatem
1053 5317 1148 5372 per
1178 5313 1358 5354 rerum
1405 5304 1658 5353 eventum
1685 5298 2030 5352 conﬁrmavit
2060 5316 2073 5352 :

508 5405 562 5450 et
595 5395 1048 5459 misericordiam,
1092 5407 1254 5463 quam
1289 5407 1350 5448 se
1380 5391 1753 5446 exbihiturum
1795 5406 1920 5448 esse
1951 5405 2075 5446 cum

507 5488 818 5558 iuramento
849 5487 1120 5556 promisit,
1152 5485 1220 5539 ad
1246 5499 1360 5550 rem
1388 5483 1677 5540 deductam
1712 5499 1834 5540 esse
1857 5485 2080 5540 deumn-

510 5580 725 5634 stravit.
760 5578 882 5633 Haec
916 5593 1078 5656 pprro
1109 5577 1340 5632 multum
1372 5575 1552 5630 allinia
1591 5575 1848 5630 videntur
1885 5576 2078 5630 vatici-

508 5670 620 5724 niis
639 5668 812 5731 lsaiae,
839 5681 934 5735 per
964 5681 1124 5735 quem
1162 5665 1320 5720 Pater
1352 5665 1641 5737 Unigenito
1667 5681 1768 5720 suo
1792 5667 1866 5719 ait
1895 5683 1907 5717 :
1942 5665 2078 5718 Dedi

510 5768 560 5811 te
587 5759 642 5810 in
675 5765 1040 5810 testamentum
1083 5755 1305 5825 generis,
1338 5757 1391 5810 in
1433 5754 1593 5810 lucem
1617 5758 1875 5827 gentium,
1909 5766 1965 5811 ut
2001 5758 2075 5811 sis

2175 4567 2233 4622 δέ
2263 4567 2351 4621 διὰ
2381 4568 2442 4622 τὸ
2473 4569 2690 4640 ἰσχυρὸν
2717 4570 2812 4622 καὶ
2844 4571 3181 4641 ὑπερϐάλλον
3205 4575 3270 4644 τῇ
3304 4571 3621 4642 κραταιὸτητι.

2259 4744 2578 4813 Ἐγνώρισε
2599 4744 2813 4810 Κύριος
2839 4743 2905 4797 τὸ
2928 4743 3225 4813 Σωτήριον
3243 4745 3444 4808 αὑτοῦ,
3464 4738 3666 4796 ἐναντίωΓ

2175 4834 2293 4889 τῶν
2333 4833 2522 4887 ἐθνῶν
2564 4833 2918 4904 ἁπεκάλυψε
2961 4835 3076 4904 τὴν
3103 4835 3484 4901 δικαιοσύνην
3519 4827 3662 4886 αὑτοῦ.

2190 4927 2485 4997 Ἐμνήσθη
2511 4926 2616 4980 τοῦ
2639 4927 2850 4993 ἐλέους
2890 4928 3076 4983 αὐτοῦ
3116 4929 3196 4993 τῷ
3235 4929 3448 4993 Ἰακὼϐ,
3478 4926 3556 4980 καὶ
3592 4919 3664 4984 τῆς

2175 5022 2458 5089 ἀληθείας
2479 5021 2665 5076 αὐτοῦ
2700 5020 2778 5086 τῷ
2802 5023 2944 5089 οικῳ
2975 5021 3240 5090 Ἰσραήλ.
3267 5021 3512 5076 Εἵδοσαν
3527 5013 3661 5069 πάντα

2174 5115 2248 5168 τὰ
2283 5112 2506 5182 πέρατα
2545 5113 2656 5182 τῆς
2698 5112 2810 5184 γῆς
2843 5113 2909 5165 τὸ
2938 5112 3233 5181 Σωτήρων
3255 5113 3358 5168 τοῦ
3385 5109 3513 5165 θεοῦ

2179 5206 2352 5260 Πάλαι
2377 5206 2466 5260 τὸν
2483 5205 2730 5277 Ἀϐραὰμ
2749 5208 2806 5260 ἐν
2820 5205 2898 5276 τῷ
2919 5205 3189 5277 σπέρματι
3209 5205 3368 5259 αὑτοῦ
3389 5193 3658 5265 ἐνευλογηθῆ·

2176 5316 2260 5351 ναι
2292 5298 2360 5352 τά
2390 5298 2515 5370 ἔθνη
2549 5297 3029 5368 ἐπαγγειλάμενος,
3051 5297 3148 5369 τὴν
3175 5297 3281 5351 τῶν
3299 5297 3455 5364 λόγων
3472 5286 3656 5358 ἀλήθειαν

2174 5388 2261 5442 διὰ
2287 5389 2386 5459 τῆς
2405 5387 2511 5441 τῶν
2535 5389 2873 5461 πραγμάτων
2901 5388 3177 5452 ἐκϐάσεως
3205 5387 3535 5442 ἐπιστώσατο*
3559 5371 3652 5431 καὶὸ

2175 5477 2414 5550 δι’ὄρκου
2435 5477 2796 5548 ἐπηγγείλατο
2815 5477 3070 5549 παρέξειν
3087 5478 3251 5542 ἔλεος,
3270 5476 3416 5530 τοῦτο
3433 5470 3588 5535 ἔδειξεν
3601 5465 3650 5523 εἰς

2177 5573 2334 5644 ἔργον
2361 5571 2545 5628 ὲκϐἀν.
2577 5573 2788 5644 Κομιδῆ
2819 5572 2875 5626 δὲ
2906 5571 3075 5626 ταῦτα
3106 5573 3247 5626 ἔοικε
3275 5574 3380 5634 τοῖς
3403 5567 3574 5621 Ἡσαΐου
3594 5557 3647 5608 θεν

2179 5666 2467 5735 σπίσμασι,
2497 5664 2564 5718 δι’
2592 5659 2653 5717 οῦ
2699 5665 2728 5716 0
2772 5663 2958 5734 Πατὴρ
2988 5663 3090 5733 ἔφη
3137 5665 3269 5734 πρὸς
3305 5663 3387 5715 τὸν
3415 5646 3644 5735 Mavors“?

2184 5732 2409 5810 Ἔδωκά
2430 5772 2502 5811 σε
2528 5759 2614 5822 εὶς
2627 5754 2878 5824 διαθήκη
2889 5732 2921 5805 ιὲ
2932 5732 3089 5823 ﬁmi
3114 5776 3165 5820 ς,
3182 5732 3269 5819 sic
3287 5751 3399 5823 φὼς
3411 5732 3642 5802 gara-mi
