3868 6282
459 371 593 428 12⁸55

1203 365 1467 425 ΕυΞΕΒΙΙ
1507 356 1984 420 εδεδΑιιιιίΝειδ
2021 354 2045 411 (

2149 365 2171 411 ’.
2215 352 2393 408 PARS
2429 350 2514 407 III.
2554 383 2615 392 ——
2657 345 3062 406 EXEGETICA.

3518 344 3622 400 I236

453 493 638 548 dicere
659 491 974 547 universum
1014 489 1220 547 Christi
1244 489 1526 560 populum,
1554 502 1621 542 ex
1646 483 1881 540 diversis
1912 480 2023 534 ani-

2149 478 2293 548 ιάραν
2343 476 2400 530 δὲ
2447 473 2619 536 ἄλλως
2673 472 2745 541 μὴ
2790 471 2933 523 δκνει
2952 466 3128 535 λέγειν
3161 462 3248 516 τὸν
3279 462 3534 533 σύμπαντα
3556 465 3623 517 τοῦ

458 583 680 646 mabus,
730 591 991 653 tanquam
1044 596 1108 636 ex
1159 580 1409 652 pluribus
1439 577 1679 642 chordis,
1725 574 2024 630 concinna-

457 683 597 739 tum,
633 685 793 745 atque
828 674 1046 729 unicam
1088 673 1392 734 orationem
1425 678 1481 726 et
1511 668 1814 741 gratiarum
1857 664 2028 720 actio-

459 780 581 822 nem
611 765 721 822 Deo
744 765 1080 821 offerentem.

707 876 1028 932 PSALMUS
1084 875 1214 931 IPSI
1277 873 1507 929 DAVII).
1572 871 1800 927 XCVIII.

533 967 793 1045 Vens],
823 969 877 1021 ‘2.
907 967 1168 1022 Dominus
1203 965 1461 1038 regnavit.
1493 965 1798 1018 irascantur
1827 962 2030 1031 populi,

461 1060 553 1138 qui
573 1058 714 1112 sedet
753 1075 910 1128 super
940 1059 1227 1122 cherubim,
1261 1064 1532 1110 moveatur
1563 1065 1726 1109 terra.
1757 1052 1856 1108 llic
1890 1052 2035 1123 psal-

463 1163 588 1202 mus
633 1148 777 1219 apud
830 1147 1085 1203 Hebraeos
1123 1147 1283 1202 titulo
1312 1153 1463 1202 caret
1497 1165 1510 1202 :
1547 1153 1740 1215 estque
1787 1160 1929 1200 unus
1969 1158 2033 1197 ex

465 1241 534 1296 iis
554 1239 648 1311 qui
672 1239 877 1294 Christi
910 1255 1135 1310 regnum
1169 1237 1519 1294 annuntiant.
1543 1236 1678 1292 Cum
1699 1235 1844 1290 enim
1876 1249 2036 1290 nemo

465 1331 632 1386 irasci
681 1346 742 1387 se
771 1331 916 1386 dicat
946 1330 1092 1400 quod
1138 1330 1284 1384 Deus
1312 1328 1695 1384 universorum
1749 1327 1803 1382 in
1847 1341 2037 1382 omnes

466 1438 694 1494 regnum
726 1422 1004 1488 obtineat;
1039 1420 1106 1477 de
1131 1420 1336 1476 Christi
1363 1429 1545 1475 tamen
1595 1434 1764 1488 regno
1795 1417 1870 1470 ait
1898 1433 2037 1488 prae-

467 1530 597 1571 sens
647 1528 827 1569 sermo
885 1512 1118 1584 populos
1159 1512 1344 1576 irasci,
1393 1511 1648 1566 videlicet
1705 1509 1934 1580 populos
1973 1524 2040 1564 ex

466 1605 890 1660 circumcisione
932 1613 986 1659 et
1036 1619 1099 1660 ex
1146 1603 1424 1675 gentibus,
1459 1602 1554 1673 qui
1595 1601 1650 1656 in
1703 1601 1882 1672 ipsum
1930 1614 2041 1654 non

467 1695 720 1752 credunt.
761 1694 896 1763 Quis
931 1695 1003 1752 sit
1056 1704 1238 1751 autem
1287 1693 1574 1760 Dominus,
1626 1710 1748 1748 mox
1801 1692 2043 1748 declarat

468 1787 656 1844 dicens
695 1808 707 1843 :
769 1789 874 1857 Qui
919 1788 1058 1844 sedet
1091 1805 1245 1859 super
1293 1788 1580 1843 cherubim.
1635 1785 1843 1841 Mordet
1895 1787 2038 1841 enim

469 1878 738 1945 inﬁdeles,
785 1879 1025 1951 ipsisque
1086 1879 1233 1935 dolet
1286 1880 1530 1952 gentium
1582 1893 1680 1948 pro
1722 1878 1897 1932 salute
1928 1883 2044 1930 stu-

468 1972 661 2028 dium:
699 1973 966 2044 siquidem
1011 1972 1354 2044 prophcticas
1395 1971 1462 2027 de
1508 1986 1676 2042 regno
1719 1969 1839 2039 ejus
1883 1984 2046 2025 voces

469 2077 580 2117 non
624 2063 1030 2120 intellexerunt.
1071 2062 1347 2118 Moveatur
1370 2073 1529 2117 terra.
1563 2061 1843 2116 Daemones
1875 2059 2044 2122 enim,

469 2156 564 2228 qui
597 2154 728 2210 olim
758 2154 1055 2226 plurimum
1085 2155 1367 2219 valebant,
1395 2153 1650 2208 inﬁrmati
1686 2159 1843 2217 sunt;
1876 2149 1947 2203 ita
1989 2160 2048 2204 ut

471 2259 662 2301 omnes
690 2259 879 2300 eorum
923 2244 1154 2301 virtutes
1190 2251 1478 2300 commotae
1522 2242 1654 2310 sint,
1685 2251 1739 2296 et
1772 2241 2049 2312 operatio-

472 2349 570 2389 nes
591 2331 950 2390 cessaverint.
973 2331 1234 2389 Homines
1256 2347 1472 2402 quoque
1489 2341 1690 2388 terram
1721 2330 2043 2394 incolentes,

468 2426 880 2496 resipiscentes,
902 2425 1112 2496 paterni
1139 2425 1347 2480 erroris
1371 2423 1666 2496 perniciem
1685 2428 2045 2493 agnoverunt,

471 2517 642 2573 Deum
678 2515 913 2572 Verbum
946 2517 1049 2572 sibi
1080 2516 1368 2572 Dominum
1399 2515 1751 2572 ascribentes.
1778 2512 1891 2568 Imo
1919 2527 2048 2568 vero

473 2609 566 2680 qui
585 2608 642 2663 in
680 2624 804 2663 cum
841 2608 1106 2663 increduli
1139 2607 1382 2675 fuerunt,
1416 2608 1763 2664 vehementer
1787 2605 2047 2663 commoti

475 2709 626 2764 sunt,
657 2700 707 2780 yi
733 2699 998 2756 doctrinas
1035 2701 1155 2770 ejus
1178 2699 1432 2757 concussi
1478 2707 1640 2771 atque
1685 2701 1950 2770 percussi.
1980 2697 2052 2751 Il-

476 2799 570 2854 lud
605 2805 810 2864 autem,
849 2799 940 2874 qui
970 2798 1134 2861 sedet,
1165 2796 1323 2869 quasi
1361 2797 1609 2852 homines
1638 2795 1922 2866 alloquens
1950 2793 2046 2848 ait.

475 2890 682 2947 Natura
712 2889 917 2962 quippe
949 2889 1270 2960 incorporea
1308 2887 1760 2958 incomprehensa
1796 2891 1850 2939 et
1876 2882 2050 2939 incir-

474 2984 811 3056 cumscripta
840 2991 944 3040 est.
985 2981 1241 3037 Dominus
1273 2980 1327 3034 in
1358 2978 1488 3034 Sion
1525 2994 1767 3047 magnus,
1808 2985 1857 3031 et
1881 2975 2053 3032 excel-

477 3093 568 3134 sus
601 3093 756 3146 super
777 3091 954 3130 omnes
983 3073 1222 3143 populos.
1266 3071 1398 3126 Sion
1442 3068 1712 3141 signiﬁcat
1749 3069 2051 3136 speculam;

2131 567 2366 640 Χριστοῦ
2412 565 2537 623 λαὸν
2585 567 2648 617 ἐκ
2688 560 2957 632 διαφόρων
3003 555 3187 627 ψυχῶν
3226 553 3299 617 ὡς
3338 554 3398 606 ἐκ
3427 552 3627 605 πλειόνιιη

2130 659 2334 732 χορδῶν
2362 655 2727 730 ἡρμοσμένον,
2763 653 2892 724 μίαν
2934 667 2995 705 τε
3044 647 3206 720 εὐχὴν
3237 645 3326 700 καὶ
3350 645 3629 716 εὐχαριστίαν

2130 752 2208 823 τῷ
2233 750 2352 821 Θεῷ
2381 749 2796 818 άναπὲμποντα.

2517 855 2808 910 ΨΛΔΜΟΣ
2839 855 2924 927 Τῼ
2945 851 3162 906 ΔΑΥΙΔ.
3192 850 3312 916 ‘1I1'.

2215 955 2268 1007 '0
2312 953 2524 1021 Κύριος
2564 950 2997 1008 ἐϐασίλευσεν,
3059 943 3476 1014 ὀργιζέσθωσαν
3511 944 3634 1009 .lacl,

2135 1050 2168 1101 ὁ
2185 1044 2511 1115 καθήμενος
2534 1043 2629 1096 ἐπὶ
2672 1041 2972 1111 χερουϐίμ,
2991 1036 3339 1101 σαλευθήτω
3363 1037 3397 1103 ὴ
3418 1034 3501 1103 γῆ.
3531 1037 3637 1090 Ἀνε-

2138 1140 2408 1211 πίγραφος
2437 1136 2564 1207 παρ’
2613 1133 2883 1205 Ἑϐραίοις
2909 1134 2938 1184 ὁ
2962 1130 3174 1200 ψαλμός
3195 1145 3210 1159 ο
3242 1123 3322 1191 εἷς
3343 1128 3396 1180 δέ
3427 1128 3507 1180 καί
3527 1129 3640 1193 ass;

2135 1228 2388 1300 τυγχάνει
2407 1226 2515 1280 τῶν
2536 1220 3037 1294 εὐαγγελιζομένων
3063 1220 3162 1290 τὴν
3186 1217 3281 1272 τοῦ
3295 1217 3511 1290 Χριστοῦ
3532 1219 3643 1288 βασι-

2136 1323 2303 1376 λείαν.
2361 1319 2514 1373 Ἐπεὶ
2571 1318 2666 1388 μὲν
2727 1313 2834 1386 γὰρ
2860 1314 2939 1384 τῷ
2973 1312 3274 1383 βασιλεύειν
3315 1311 3542 1364 ἁπάντων
3572 1311 3645 1362 τῶν

2137 1417 2274 1469 ὅλων
2303 1415 2453 1477 Θεὸν,
2515 1411 2706 1466 οὐδένα
2759 1409 2824 1463 ἄν
2847 1424 2930 1471 τις
2984 1404 3298 1477 ὀργίζεσθαι
3345 1404 3487 1474 φαίη.
3524 1404 3647 1458 ἐττὶᾶ

2139 1511 2204 1579 τῇ
2233 1506 2328 1561 τοῦ
2362 1503 2596 1578 Χριστοῦ
2621 1501 2867 1574 βασιλείᾳ
2901 1499 3064 1569 φησὶν
3091 1499 3118 1551 ὁ
3147 1493 3337 1567 παρὼν
3366 1494 3509 1562 λόγος
3543 1493 3647 1564 ὀργί-

2140 1598 2326 1664 ζεσθαι
2369 1596 2562 1660 λαούς·
2613 1594 2746 1664 φησὶ
2773 1592 2831 1645 δὲ
2859 1592 2983 1651 τοὺς
3023 1591 3088 1643 ἐκ
3116 1586 3421 1658 περιτομῆς
3462 1585 3650 1650 καὶτοὺς

2140 1689 2200 1757 ἐξ
2251 1689 2420 1743 ἐθνῶν
2464 1685 2824 1746 ἀπιστοῦντας
2869 1681 3036 1753 αὐτῷ.
3066 1681 3164 1744 Τίς
3188 1680 3246 1732 δέ
3281 1680 3425 1731 ἐστιν
3451 1679 3476 1730 ὁ
3502 1677 3654 1746 Κύριος

2140 1783 2392 1852 διασαφεῖ
2419 1779 2594 1848 λέγων
2624 1774 2786 1845 ὲξῆς⁶
2827 1773 2882 1826 ’0
2936 1771 3273 1840 καθήμενος
3311 1767 3457 1835 ὑπὲρ
3505 1783 3654 1835 χει-θυι

2143 1875 2260 1943 ὄίμ.
2316 1870 2510 1924 Δάκνει
2565 1867 2672 1939 γὰρ
2701 1865 2829 1929 τοὺς
2867 1863 3130 1925 ἀπίστους
3151 1860 3248 1913 καὶ
3276 1859 3432 1912 λυπεῖ
3462 1860 3487 1910 ὁ
3520 1856 3592 1909 ἐπὶ
3613 1858 3657 1926 τῇ

2145 1961 2388 2033 σωτηρία
2414 1959 2519 2012 τῶν
2543 1957 2710 2011 ἐθνῶν
2743 1954 2901 2026 ζῆλος
2920 1969 2936 1986 ⁸
2972 1953 3033 2005 οὐ
3063 1950 3171 2022 γὰρ
3204 1952 3440 2019 συνῆκαν
3462 1947 3546 2010 τὰς
3571 1946 3659 2016 περὶ

2144 2052 2240 2120 τῆς
2277 2048 2551 2120 βασιλείας
2579 2045 2742 2100 αὐτοῦ
2758 2040 3100 2115 προφητικάς
3128 2038 3313 2110 φωνάς
3334 2057 3347 2069 ·
3370 2035 3660 2101 Zaleuciqu

2147 2148 2183 2214 ἡ
2210 2144 2306 2216 γῆ.
2343 2143 2410 2198 Οἵ
2439 2157 2498 2194 τε
2538 2139 2645 2210 γὰρ
2691 2136 2859 2191 πάλαι
2908 2131 3078 2187 πολλὰ
3141 2130 3429 2200 δυνάμενοι
3469 2127 3660 2196 δαίμονες

2146 2239 2530 2312 ἐξησθένησαν,
2567 2232 2642 2297 ὡς
2676 2231 2854 2293 πάσας
2899 2227 3078 2282 αὐτῶν
3112 2223 3212 2288 τὰς
3245 2222 3494 2291 δυνάμεις
3519 2218 3661 2271 σαλευ-

2146 2334 2328 2406 θῆναι.
2357 2330 2450 2384 καὶ
2494 2324 2797 2396 παυσθῆναι
2830 2320 2929 2384 τάς
2967 2317 3247 2390 ἐνεργείας
3272 2332 3287 2346 ⁸
3329 2314 3383 2368 οἴ
3408 2329 3464 2366 τε
3489 2310 3570 2382 τὴν
3593 2309 3664 2379 γῆν

2146 2401 2422 2486 οίιιοῦντες
2443 2420 2536 2475 ἄνθ
2546 2434 2736 2491 ρωποι,
2758 2411 3171 2486 μεταϐαλόντες,
3191 2408 3297 2477 τῆς
3320 2403 3555 2477 πατρῴας
3567 2401 3664 2454 πλά-

2146 2532 2245 2586 νης
2281 2512 2374 2567 τὸν
2413 2509 2631 2580 ὄλεθρον
2678 2505 3016 2574 ἐπέγνωσαν,
3058 2500 3148 2553 τὸν
3181 2497 3318 2552 Θεὸν
3348 2495 3510 2586 Λόγον
3530 2492 3665 2586 aia?"

2149 2584 2351 2676 Κύριον
2413 2596 2868 2668 ἐπιγραψάμενοι.
2909 2593 2985 2646 Οὐ
3043 2588 3148 2661 μὴν
3199 2585 3340 2640 ἀλλά
3374 2584 3463 2638 καί⁵
3499 2585 3546 2676 οἱ,
3571 2584 3664 2634 άτι-

2150 2675 2397 2758 στοῦντες
2427 2690 2610 2761 αὐτῷ,
2665 2686 2914 2760 μεγάλως
2962 2681 3368 2751 ἐσαλεύθησαν,
3420 2675 3666 2745 κινούμενοι

2150 2790 2243 2845 καὶ
2273 2781 2771 2854 καταπληττόμενοι
2797 2776 2896 2846 τῆς
2938 2770 3287 2835 διδασκαλίας
3329 2766 3487 2824 αὑτοῦ
3511 2766 3592 2837 τὴν
3612 2761 3666 2816 δύ-

2149 2893 2333 2946 ναμιν.
2363 2873 2438 2927 Τὸ
2463 2872 2541 2937 δὲ,
2563 2866 2915 2938 καθήμενος,
2942 2865 3018 2928 ὡς
3045 2861 3180 2935 πρὸς
3209 2857 3520 2930 ἀνθρώπους
3543 2853 3668 2907 διαλι-

2149 2945 2375 3040 γόμενος
2435 2965 2678 3036 εἴρηκεν.
2731 2961 2795 3014 Ἦ
2841 2959 2950 3030 γάρ
2993 2957 3287 3026 ἀσώματος
3329 2951 3484 3022 φύσις
3527 2945 3668 3015 ἀπερί-

2151 3039 2356 3132 ληπτος
2405 3059 2501 3112 καὶ
2554 3053 2951 3126 ἁπερίγραφος.
2994 3049 3207 3116 Κύριος
3246 3046 3315 3099 ἐν
3345 3042 3492 3098 Σιὼν
3511 3039 3667 3132 μέγας.

481 3171 561 3226 sic
597 3178 778 3224 autem
830 3167 1103 3239 appellare
1141 3165 1324 3219 divina
1382 3163 1667 3234 Scriptura
1715 3163 1853 3216 solet
1889 3174 2045 3214 omne

2155 3128 2252 3207 καὶ
2281 3150 2520 3219 ὑψηλός
2557 3148 2729 3200 ἐστιν
2764 3143 2864 3197 ἐπὶ
2904 3138 3133 3206 πάντας
3162 3137 3306 3203 τοὺς
3349 3135 3542 3199 λαούς.
3572 3128 3669 3183 Σιὼν

479 3261 796 3332 religiosum
831 3260 1164 3321 institutum,
1198 3262 1363 3326 atque
1402 3255 1505 3309 hoc
1540 3254 1700 3309 modo
1733 3252 2052 3307 iudicantur

479 3353 518 3408 ii
552 3354 645 3424 qui
696 3353 939 3408 caelestia
974 3350 1347 3421 speculantur,
1379 3347 1558 3416 qualis
1607 3354 1724 3402 erat
1757 3345 2051 3416 Apostolus

481 3443 572 3518 qui
597 3443 716 3498 ait:
762 3439 886 3495 Non
930 3435 1322 3509 speculantibus
1366 3433 1517 3488 nobis
1570 3443 1799 3492 terrena.
1835 3432 1925 3486 sed
1950 3447 2051 3485 cae-

481 3533 637 3592 lestia
665 3532 733 3586 ”.
763 3530 918 3602 Apud
953 3530 1074 3584 illos
1105 3527 1248 3584 enim
1278 3540 1510 3596 magnus
1535 3533 1618 3580 est
1650 3522 1933 3578 Dominus.

551 3801 718 3858 Vens.
771 3803 822 3856 5.
861 3799 1225 3869 Con/iteantur
1272 3795 1473 3851 nomini
1529 3804 1620 3847 tuo
1671 3808 1881 3862 magno,
1933 3809 2056 3861 quo-

481 3894 624 3950 niam
649 3891 882 3947 terribile
907 3901 957 3945 et
981 3900 1222 3945 sanctum
1245 3898 1344 3944 est.
1379 3886 1538 3941 Nunc
1561 3884 1782 3957 quidem
1805 3884 2054 3940 irascun-

480 3995 574 4042 tur
594 3984 779 4057 populi
805 3983 1068 4038 adversus
1098 3996 1326 4052 regnum
1366 3978 1668 4034 Salvatoris
1699 3976 1871 4033 nostri
1900 3995 1914 4031 :
1950 3975 2056 4032 erit

482 4091 648 4149 porro
677 4083 889 4144 tempus
919 4089 1027 4144 quo
1065 4073 1167 4142 ipsi
1196 4085 1412 4143 quoque
1447 4067 1653 4124 nomini
1701 4081 1899 4136 magno
1935 4065 2054 4136 ejus

482 4166 908 4230 conﬁtebuntur,
931 4163 1140 4235 quando
1159 4180 1309 4218 omne
1330 4179 1462 4234 genu
1484 4161 1721 4231 ﬂectetur
1741 4157 2049 4224 calestium,

485 4271 641 4329 atque
672 4258 1020 4321 terrestrium,
1048 4266 1097 4311 et
1126 4257 1297 4312 omnis
1329 4255 1511 4326 lingua
1548 4251 1904 4323 conﬁtebitur,
1927 4250 2054 4321 quia

485 4353 744 4408 Dominus
791 4350 949 4407 Iesus
981 4352 1033 4405 in
1061 4350 1232 4421 gloria
1280 4345 1462 4401 Patris
1485 4347 1554 4400 ⁸⁷.
1585 4374 1658 4387 -
1705 4342 1877 4399 Vens.
1901 4342 1954 4396 4.
1987 4340 2057 4394 Et

2153 3241 2510 3317 ἑρμηνεύεται
2543 3236 3014 3304 σκοπευτήριον·
3054 3232 3196 3285 οὕτω
3225 3229 3285 3284 δὲ
3311 3225 3571 3298 ὀνομάζειν
3588 3220 3668 3282 illo;

2284 3313 2431 3388 θείαν
2480 3333 2700 3404 Γραφὴν
2740 3331 2846 3383 πᾶν
2877 3327 2937 3381 τὸ
2979 3325 3224 3387 θεοσεϐὲς
3275 3321 3576 3388 πολίτευμα,
3599 3313 3670 3408 τῷν

2153 3429 2222 3486 τὰ
2274 3426 2572 3497 ἐπουράνια
2624 3420 2968 3475 σκοπούντων
3013 3409 3201 3470 τοῦτον
3246 3411 3574 3485 δηλουμένων
3611 3405 3671 3456 τὸν

2153 3520 2349 3593 τρόπον
2409 3519 2589 3579 ὁποῖος
2652 3511 2719 3585 ἦν
2749 3513 2924 3583 λέγων
2960 3512 2988 3564 ὁ
3027 3506 3347 3569 Ἀπόστολος
3375 3521 3387 3535 '

2155 3585 2272 3666 τῶν
2303 3608 2550 3680 ἡμῶνοὺ
2569 3608 2640 3661 τὰ
2659 3607 2907 3676 ἐπίγεια,
2931 3601 3090 3658 ἀλλὰ
3109 3599 3180 3653 τὰ
3198 3595 3537 3666 ἐπουράνια.
3558 3585 3673 3659 Παρὰ

2154 3701 2360 3764 τούτοις
2388 3697 2481 3754 οὖν
2513 3699 2684 3770 μέγας
2712 3698 2856 3750 ἐστὶν
2880 3696 2908 3748 ὁ
2935 3692 3155 3761 Κύριος.

2241 3786 2939 3860 Ἐξομαίογησάσθωσαν
2970 3783 3049 3848 τῷ
3084 3778 3334 3850 ὀνόματί
3373 3793 3486 3831 σου
3515 3770 3580 3836 τῷ
3603 3784 3672 3837 με’

2157 3884 2337 3956 reum,
2367 3883 2454 3936 ὅτι
2482 3882 2739 3952 φοϐερὸν
2776 3880 2873 3933 καὶ
2915 3877 3085 3946 ἅγιόν
3118 3875 3268 3927 ἐστι.
3318 3868 3432 3924 Νῦν
3459 3866 3545 3938 μὲν
3569 3860 3672 3931 ὀργί-

2156 3955 2338 4042 ζονται
2379 3975 2496 4029 λαοὶ
2543 3975 2636 4026 ἐπὶ
2668 3972 2760 4026 τοῦ
2795 3970 3043 4040 Σωτῆρος
3081 3965 3236 4038 ἡμῶν
3278 3961 3540 4034 βασιλείᾳθ
3566 3955 3672 4042 ἔσται

2155 4069 2212 4124 δέ
2249 4085 2333 4132 τις
2375 4067 2564 4137 καιρὸς
2606 4066 2666 4118 ἓν
2704 4060 2748 4132 ᾦ
2774 4063 2866 4116 καὶ
2907 4061 3076 4115 αὐτοὶ
3129 4055 3589 4126 ἐξομολογήσονται
3620 4039 3672 4108 τῷ

2157 4161 2381 4232 ὀνόματι
2406 4157 2573 4212 αὑτοῦ
2603 4157 2680 4229 τῷ
2735 4154 2976 4227 μεγάλῳ,
3007 4152 3140 4204 Ὅτε
3170 4148 3295 4201 πᾶν
3335 4147 3477 4217 γόνυ
3506 4137 3671 4206 κάμψει

2157 4252 2528 4322 ἐπουρανίων
2551 4250 2647 4304 καὶ
2685 4247 2977 4317 ἐπιγείων,
3011 4243 3106 4297 καὶ
3135 4239 3302 4295 πᾶσα
3328 4234 3561 4308 γλῶσσα
3583 4226 3673 4322 ὲέίς

2151 4317 2575 4418 μολογήσεται,
2605 4341 2694 4394 ὅτι
2726 4340 2939 4406 Κύριος
2981 4331 3208 4401 Ἰησοῦς
3260 4331 3351 4394 εὶς
3396 4322 3572 4418 δέειιῖ
3591 4317 3674 4412 na:

487 4447 652 4502 honor
681 4446 813 4516 regis
854 4400 1115 4514 judiciuIn
1157 4441 1353 4512 diligit.
1392 4438 1580 4496 Honor
1617 4447 1672 4494 et
1701 4437 1877 4490 virtus
1911 4433 2045 4505 regis

2151 4400 2327 4506 τράφ’
2353 4400 2464 4490 ίίαὶ
2504 4400 2641 4503 τιμὴ
2675 4400 2982 4497 ,βασιλέως
3025 4400 3464 4494 νιρίσινάγηπᾷ,
3610 4400 3672 4457 τοῦ

486 4552 612 4592 cum
650 4503 878 4606 judicio:
926 4535 1048 4590 aliis
1097 4503 1316 4604 quidem
1377 4545 1575 4586 nomen
1625 4527 1746 4594 ejus
1795 4503 2045 4589 terribile,

2161 4503 2426 4601 βασιλέως
2458 4527 2590 4597 τιμή
2651 4542 2710 4577 τε
2757 4522 2851 4576 καὶ
2873 4518 3040 4592 ἀρετὴ
3082 4517 3305 4576 εἰκότως
3337 4509 3468 4606 μετ-ὰ
3500 4503 3674 4606 aspicit»:

489 4583 612 4592 υ--η
650 4583 878 4606 ,πη-η.
1101 4583 1316 4604 ,κη-η-
1655 4583 1673 4594 .
2042 4583 2045 4589 .

487 4627 611 4682 aliis
635 4643 763 4698 vero
791 4635 1041 4681 sanetum
1077 4625 1269 4681 merito
1291 4622 1472 4679 ellicit.
1500 4621 1559 4677 Si
1583 4622 1728 4676 enim
1762 4619 1855 4691 qui
1885 4619 2045 4688 legem

2161 4624 2273 4684 τοῖς
2299 4619 2397 4691 μὲν
2437 4617 2692 4687 ἐπίφοϐον
2721 4615 2952 4667 ποιεῖται
2979 4609 3039 4662 τὸ
3076 4607 3245 4677 δνομα
3286 4601 3468 4665 αὐτοῦ,
3515 4595 3603 4654 τοῖς
3636 4583 3672 4636 δὲ

487 4714 608 4784 ejus
660 4694 1160 4785 transgrediuntur.
1202 4729 1296 4784 per
1347 4713 1520 4782 ipsam
1567 4685 2045 4783 transgressionem

2164 4685 2337 4781 ἅγιον.
2391 4711 2453 4763 Εἰ
2489 4685 2597 4780 γάρ
2647 4707 2697 4759 οἱ
2751 4701 3170 4775 παραϐαίνοντες
3208 4693 3371 4750 αὐτοῦ
3402 4691 3487 4744 τὸν
3540 4685 3670 4785 vitm.

491 4805 639 4860 illum
670 4806 1000 4861 inbonoraut
1025 4823 1040 4870 ;
1069 4805 1162 4874 qui
1194 4805 1433 4861 divinam
1464 4805 1638 4874 legem
1663 4810 2045 4873 exsequuntur,

2162 4806 2226 4859 δι’
2252 4803 2415 4858 αὑτοῦ
2435 4800 2529 4855 τοῦ
2560 4797 2913 4870 παραϐαίνειν
2938 4789 3292 4862 ἀτιμάζουσιν
3329 4782 3483 4838 αὐτόν
3499 4796 3512 4810 ⁶
3540 4777 3580 4830 οἱ
3604 4790 3670 4825 κα-

491 4896 610 4951 vice
641 4912 818 4961 versa,
861 4912 958 4965 per
1005 4896 1126 4966 ejus
1179 4895 1590 4952 exsecutionem
1643 4910 1824 4963 regem
1880 4895 2045 4964 ipsum

2163 4895 2482 4968 τορθοῦντες
2532 4893 2622 4946 τὸν
2655 4891 2795 4944 θεῖον
2817 4889 2979 4958 νόμον
3029 4884 3096 4937 δι’
3147 4878 3313 4937 αὐτοῦ
3360 4875 3450 4930 τοῦ
3490 4866 3668 4968 ἐνεργεῖν

490 4989 582 5060 qui
637 4989 809 5061 legem
849 4989 1006 5069 dedit
1056 4989 1264 5043 honore
1315 4987 1576 5049 aﬁiCiunt,
1621 4985 1888 5055 judicium
1942 4985 2064 5054 ejus

490 5081 778 5151 diligentes
811 5101 823 5136 ι
855 5081 1089 5136 scientes
1123 5082 1334 5152 justum
1368 5096 1491 5136 esse
1516 5079 1782 5149 judicium
1813 5079 1954 5148 ejus,
1998 5093 2063 5132 ac

491 5190 551 5230 se
569 5173 750 5229 divina
774 5175 992 5244 praemia
1014 5182 1407 5230 consecuturos
1438 5189 1582 5236 esse,
1609 5173 1736 5242 quia
1760 5171 2060 5227 secundum

490 5267 828 5322 voluntatem
862 5266 983 5335 ejus
1015 5265 1103 5337 ple
1132 5273 1186 5321 et
1212 5266 1360 5334 juste
1381 5271 1627 5335 egerunt.

563 5447 730 5505 Vsus.
762 5450 814 5504 5.
844 5449 920 5502 Tu
950 5449 1156 5517 parasti
1179 5449 1512 5508 directiones,
1536 5447 1800 5516 judicium
1829 5453 1880 5499 et
1899 5443 2068 5514 justi-

499 5541 625 5593 tiam
668 5543 720 5595 in
750 5541 915 5595 .lacob
948 5551 1001 5594 tu
1032 5541 1219 5610 fecisti.
1275 5540 1523 5594 Exaltate
1559 5522 1845 5593 Dominum
1899 5535 2068 5590 Deum

496 5643 755 5692 nostrum,
807 5641 914 5686 etc.
982 5633 1172 5696 Nemo,
1216 5632 1414 5702 inquit,
1444 5632 1722 5687 existimet.
1766 5629 1853 5684 hic
1903 5627 2068 5684 alium

601 5786 644 5821 "
687 5789 725 5841 ll
759 5784 883 5841 Cor.
920 5801 1004 5851 tv,
1041 5786 1124 5842 18.
1201 5789 1244 5820 "
1285 5785 1516 5846 Philipp.
1555 5799 1623 5848 ιι.
1667 5787 1765 5844 10.
1808 5787 1891 5840 ll.

2171 4989 2310 5044 κατὰ
2341 4987 2535 5040 ταύτὸν
2565 4983 2762 5055 τιμῶσι
2801 4981 2892 5034 τὸν
2939 4973 3371 5047 νομοθετήσαντα
3397 4964 3541 5020 αὐτὸν
3562 4959 3667 5029 βασι·

2169 5080 2288 5144 λὲα,
2315 5076 2632 5145 ἀγαπῶντες
2660 5073 2756 5143 τὴν
2790 5071 2918 5141 παρ’
2943 5065 3106 5122 αὑτοῦ
3153 5062 3353 5135 κρίσιν,
3389 5052 3667 5145 ἐπιστάμενοί

2167 5170 2372 5223 δίκαιον
2423 5167 2482 5221 τὸ
2542 5168 2716 5238 κρῖμα
2775 5160 2958 5222 αὐτοῦ,
3003 5159 3095 5212 καὶ
3141 5157 3222 5209 ὅτι
3262 5152 3518 5218 τεύξονται
3556 5138 3666 5238 θεέςη

2168 5259 2430 5331 ἀμοιϐῶν,
2468 5257 2608 5310 κατὰ
2661 5257 2718 5310 τὸ
2748 5254 2992 5326 βούλημα
3047 5246 3234 5312 αὐτοῦ,
3269 5241 3494 5302 εὐσεϐῶς
3520 5232 3593 5287 καὶ
3615 5229 3666 5279 δι’

2171 5349 2340 5404 καίω;⁹
2378 5347 2594 5400 πολιτευ
2603 5344 2845 5415 σάμενοι.

2239 5442 2323 5496 Σὺ
2360 5440 2693 5508 ἡτοίμασας
2746 5435 3094 5500 sociumme.
3125 5431 3327 5499 κρίσιν’
3359 5424 3450 5479 καὶ
3499 5420 3661 5508 διωλῗύ

2169 5533 2370 5598 σύνην
2383 5499 2452 5584 ἐν
2478 5499 2682 5585 ’.ίακὼϐ
2689 5527 2771 5580 σὺ
2801 5499 2973 5592 ἐποίη
2981 5540 3115 5589 σας.
3133 5520 3374 5590 Tel-ours
3388 5499 3660 5598 Κύριοςτά

2176 5592 2326 5676 Geor:
2369 5618 2558 5690 ἡμῶν,
2620 5616 2714 5671 καὶ
2766 5615 2834 5670 τὰ
2873 5614 3016 5685 ἑξῆς.
3054 5611 3277 5683 Μηδεὶς,
3297 5605 3439 5678 φησὶ,
3455 5592 3661 5668 νομίζοιτο
