3868 6282
151 327 276 383 1237

1258 319 1764 379 COMMENTARIA
1801 323 1868 380 IN
1905 321 2242 380 PSALMOS.

3235 321 3380 380 1238

145 441 318 512 ἕτερον
354 432 489 490 εἶναι
515 435 606 490 τὸν
629 434 860 490 ἐνταῦθα
887 437 1330 510 δοξολογούμενον
1365 438 1570 512 Κύριον
1613 439 1708 495 τοῦ

1826 441 2092 497 iominum
2124 440 2296 512 gloria
2341 437 2630 494 celebrari.
2668 453 2830 509 quam
2879 435 3046 493 Deum
3076 436 3169 506 qui
3210 437 3381 506 legem

146 528 271 582 Θεοῦ
295 527 388 580 τοῦ
416 526 873 598 νομοθετήσαντος
897 530 954 581 ἐν
986 531 1049 598 τῇ
1081 530 1290 600 ἐρήμῳ.
1318 530 1389 583 Σὺ
1401 530 1530 601 γὰρ,
1556 531 1708 601 φησὶ,

147 615 332 688 Κύριε,
365 610 426 670 οὗ
452 615 546 686 τὴν
584 616 858 683 βασιλείαν
890 617 1237 687 θεσπίζομεν,
1281 619 1442 683 αὐτὸς
1477 618 1552 672 ὢν
1582 637 1710 688 τυγ-

150 707 340 779 χάνεις,
371 709 398 759 6
419 708 510 759 καὶ
537 707 614 776 τῷ
638 707 702 759 ὲκ
725 708 1026 778 περιτομῆς
1048 707 1159 778 λαῷ
1177 709 1356 779 κρίσιν
1385 712 1480 763 καὶ
1507 709 1711 764 δικαιο-

152 797 305 868 σύνην
325 795 713 867 διαταξάμενος
747 798 886 850 κατὰ
928 797 1024 870 τὴν
1057 799 1299 852 δοθεῖσαν
1333 801 1515 864 αὐτοῖς
1553 818 1707 872 νομο-

150 887 702 958 θεσίαν,δικαιώματα
733 890 827 942 καὶ
852 889 1094 961 κρίματα
1126 890 1504 962 περιέχουσαν.
1540 892 1613 946 Σὺ
1656 890 1713 947 δὲ

149 982 300 1044 αὐτὸς
329 981 423 1034 καὶ
456 979 756 1052 εὐθύτητας
783 981 1086 1051 ἡτοίμασας
1114 981 1256 1035 κατὰ
1291 983 1380 1035 τὸν
1407 983 1506 1052 τῆς
1551 984 1715 1037 ἀντα-

150 1073 406 1134 ποδόσεως
428 1071 618 1142 καιρὸν
639 1071 1115 1144 άποδοθησομὲνας
1139 1074 1250 1138 τοῖς
1269 1073 1593 1142 φυλάττουσι
1618 1073 1714 1145 τὴν

151 1161 319 1234 κρίσιν
347 1160 442 1214 καὶ
467 1161 565 1233 τὴν
585 1160 950 1232 δικαιοσύνην.
979 1161 1240 1229 Μωῑισῆς
1269 1163 1370 1216 καὶ
1411 1161 1625 1231 Ἀαρὼν
1647 1163 1718 1215 ἐν·

152 1254 264 1319 τοῖς
294 1251 554 1321 ἱερεῦσιν
579 1251 784 1319 αὐτοῦ,
819 1254 916 1306 καὶ
953 1253 1236 1322 Σαμουὴλ
1261 1256 1330 1307 ὲν
1360 1254 1484 1320 τοῖς
1516 1255 1718 1308 ἐπικα-

149 1339 453 1409 λουμένοις
486 1340 551 1392 τὸ
581 1340 766 1410 ὄνομα
786 1340 990 1394 αὑτοῦ.
1022 1341 1455 1396 Ἐπεκιιλοῢντο
1484 1344 1718 1396 τὸνΚύ-

142 1449 286 1500 ριον,
336 1431 435 1484 καὶ
486 1431 670 1497 αὐτὸς
709 1431 1052 1499 εἰσήκουεν,
1098 1434 1167 1486 ἐν
1206 1436 1409 1498 στύλῳ
1457 1434 1719 1504 νεφέλης

149 1521 342 1576 ἐλάλει
383 1522 537 1590 πρὸς
574 1525 816 1591 αὐτούς.
883 1525 1268 1594 Ἐφύλασσον
1317 1527 1387 1580 τὰ
1425 1527 1720 1595 μαρτύρια

148 1613 342 1677 αὐτοῦ,
371 1614 474 1668 καὶ
501 1615 572 1668 τὰ
591 1617 1011 1686 προστάγματα
1047 1614 1085 1670 ἅ
1116 1617 1338 1671 ἔδωκεν
1363 1619 1586 1685 αὐτοῖς.
1622 1619 1716 1680 Τὸ,

149 1709 212 1759 Et
230 1705 624 1761 ἐπιστεύσατε
639 1706 885 1776 Μωῦσῇ,
906 1709 1301 1763 ἐπιστεύσατε
1317 1709 1532 1779 dre-pol
1550 1728 1562 1740 ·
1588 1709 1720 1778 περὶ

150 1799 248 1869 γὰρ
273 1799 416 1869 ἐμοῦ
447 1801 679 1867 ἐκεῖνος
703 1801 948 1872 ἔγραψε,
971 1803 1068 1872 τῆς
1093 1798 1184 1856 οὖν
1207 1803 1374 1874 αὐτῆς
1397 1802 1576 1874 ἔχεται
1605 1803 1719 1856 δια·
1752 1796 1791 1849 Β

148 1891 283 1955 νοίας
337 1893 431 1945 καὶ
483 1893 552 1948 τὰ
604 1895 959 1966 προκείμενα.
997 1893 1197 1948 Τοῦτον
1221 1895 1329 1966 γὰρ
1357 1895 1449 1949 τὸν
1490 1894 1720 1968 Κύριον,

149 1988 229 2038 καὶ
256 1988 350 2056 οὐχ
379 1991 596 2058 ἕτερον,
622 1988 778 2059 φησὶ,
808 1987 898 2039 τὸν
931 1989 986 2041 ὲν
1017 1987 1093 2058 τῷ
1121 1988 1346 2058 παρόντι
1369 1986 1722 2058 θεολογούμε-

144 2093 252 2139 νον,
292 2076 382 2129 καὶ
423 2077 676 2148 Μωῦσῆς
720 2078 811 2132 καὶ
847 2077 1053 2149 Ἀαρὼν
1091 2078 1184 2132 καὶ
1219 2078 1505 2152 Σαμουὴλ,
1542 2079 1638 2132 καὶ
1671 2077 1724 2131 εί

144 2181 217 2227 τις
249 2166 430 2236 ἔτερος
448 2221 457 2230 ,
475 2165 582 2219 εἴτε
607 2167 922 2239 προφητῶν,
951 2169 1059 2222 εἴτε
1091 2168 1304 2238 ἱερέων,
1333 2170 1716 2226 ἐπεκαλοῦντο.

145 2258 244 2310 Καὶ
269 2251 419 2322 οὗτος
455 2254 522 2331 ἦν
555 2259 715 2322 αὐτὸς
743 2261 771 2312 6
797 2260 891 2314 τοῦ
933 2261 1068 2313 Θεοῦ
1090 2263 1282 2330 Λόγος,
1345 2262 1440 2316 καὶ
1486 2261 1581 2315 νῦν
1629 2261 1722 2315 ἐπὶ

144 2349 335 2414 πάντας
365 2349 501 2415 τοῦς
524 2350 686 2414 λαοὺς
713 2350 914 2422 ὑψηλὸς
947 2353 1227 2425 ὑπάρχων,
1265 2354 1362 2407 καὶ
1397 2353 1546 2427 παρὰ
1587 2355 1721 2407 πᾶσι

146 2443 246 2503 τοῖς
287 2439 468 2494 ἔθνεσι
514 2442 886 2515 δοξαζόμενος,
922 2447 950 2498 ὁ
995 2445 1262 2499 κάκείνων
1306 2447 1604 2500 είσακούων
1628 2447 1723 2500 καὶ

149 2531 310 2586 λαλῶν
340 2534 529 2598 αὐτοῖς
577 2536 635 2588 ὲν
678 2535 859 2606 στύλῳ.
894 2536 1144 2606 νεφέλης.
1190 2536 1304 2589 Οὐκ
1335 2536 1507 2600 ἄλλως
1534 2537 1591 2591 δὲ
1619 2536 1724 2608 τῆς

149 2624 402 2696 τοσαύτης
434 2627 595 2692 ἀξίας
625 2626 812 2697 ἔτυχον
846 2630 892 2681 οἱ
926 2627 1277 2699 δηλωθέντες,
1306 2630 1352 2681 εἰ
1380 2627 1454 2700 μὴ
1482 2629 1562 2682 ὅτι
1590 2628 1724 2696 ἐφύ-

148 2717 325 2771 λαττον
355 2717 422 2772 τὰ
447 2719 735 2790 μαρτύρια
776 2719 963 2785 αὐτοῦ,
1005 2721 1098 2774 καὶ
1128 2721 1188 2773 τὸ
1233 2722 1558 2793 πρόσταγμα
1585 2722 1614 2775 ὃ
1640 2721 1726 2776 δέ·

148 2808 306 2864 δωκεν
345 2811 553 2873 αὐτοῖς.
595 2809 781 2875 Οὕτως
828 2809 921 2864 οῦν
964 2812 1059 2865 καὶ
1092 2813 1227 2883 ἡμῖν
1259 2812 1345 2865 διὰ
1384 2812 1480 2883 τῆς
1514 2812 1726 2882 Καινῆς

153 2898 414 2971 Διαθήκης
461 2901 492 2951 6
539 2899 701 2963 αὐτὸς
765 2898 1163 2972 προστάγματα
1209 2901 1304 2954 καὶ
1349 2901 1588 2964 ἐντολὰς,
1630 2901 1726 2955 καὶ

157 2990 416 3064 μαρτύρια
449 2991 678 3055 ἔδωκεν,
726 2990 866 3066 ἅπερ
925 2992 972 3044 εί
1017 2991 1400 3062 φυλάττοιμεν,
1438 2991 1547 3045 τῶν
1596 2991 1729 3045 ίσων

153 3081 238 3135 καὶ
262 3082 411 3135 αὐτοὶ
431 3081 977 3152 καταξιωθησόμεθα.

1814 534 1963 590 dedit
2015 535 2068 588 in
2101 534 2335 588 deserto.
2379 529 2462 586 Tu
2491 533 2660 594 enim,
2698 531 2898 601 inquit,
2935 530 3182 592 Domine,
3223 529 3383 597 cujus

1815 641 2041 696 regnum
2089 625 2472 686 vaticinamur,
2502 623 2644 677 idem
2696 623 2812 692 ipse
2843 639 2904 677 es
2943 623 3034 693 qui
3083 622 3284 692 populo
3318 637 3379 674 ex

1813 714 2230 769 circumcisione
2263 712 2528 780 judicium
2559 720 2613 766 et
2634 711 2904 781 justitiam
2939 712 3261 782 pracepisti,
3294 726 3384 766 se-

1812 807 2049 860 cundum
2075 814 2335 862 statutam
2374 804 2508 874 ipsis
2542 804 2738 873 legem,
2761 803 3188 873 juslillcationes
3217 810 3270 858 et
3292 802 3386 869 ju—

1812 899 1952 953 dicia
1994 899 2463 968 complectentem.
2497 895 2578 950 Tu
2617 903 2796 949 autem
2840 895 2954 964 ipse
2997 897 3202 964 parasti
3243 895 3389 947 dire—

1813 991 2044 1053 ctiones,
2077 988 2452 1044 retributionis
2477 995 2723 1055 tempore
2750 985 2818 1041 iis
2842 985 3144 1039 reddendas
3167 985 3258 1055 qui
3296 983 3388 1052 ju-

1814 1081 2016 1138 dicium
2070 1088 2124 1135 et
2175 1079 2444 1148 justitiam
2503 1076 2884 1133 custodieriut.
2943 1106 3012 1116 —
3048 1074 3213 1130 Vsus.
3243 1075 3298 1136 6,
3333 1075 3383 1128 7.

1817 1172 2027 1242 Moyses
2051 1182 2100 1226 et
2125 1171 2304 1224 Aaron
2335 1171 2389 1224 in
2421 1168 2782 1224 sacerdotibus
2822 1168 2959 1237 ejus,
2983 1179 3030 1220 et
3056 1166 3274 1220 Samuel
3304 1168 3388 1218 in-

1818 1276 1895 1320 ter
1922 1282 2008 1320 eos
2033 1267 2122 1335 qui
2143 1264 2384 1317 invocant
2427 1278 2614 1316 nomen
2645 1261 2778 1330 ejus.
2830 1258 3155 1313 Invocabaut
3207 1258 3390 1310 Domi-

1817 1375 1966 1421 num,
1999 1369 2046 1410 et
2079 1356 2187 1424 ipse
2217 1352 2536 1408 exaudiebat
2555 1369 2666 1414 eos,
2697 1353 2751 1406 in
2775 1353 3018 1406 columna
3041 1350 3194 1404 nubis
3221 1349 3392 1419 loque-

1819 1449 1976 1502 batur
2025 1446 2093 1500 ad
2127 1463 2236 1510 eos,
2263 1444 2626 1500 custodiebant
2679 1444 2975 1498 testimonia
3019 1443 3152 1512 ejus,
3180 1450 3226 1496 et
3251 1457 3391 1510 pra:-

1819 1550 1967 1609 cepta
2020 1555 2136 1609 qua:
2180 1538 2323 1592 dedit
2364 1538 2493 1592 illis.
2550 1535 2707 1600 Illud,
2746 1537 2804 1592 Si
2867 1535 3148 1589 crederetis
3192 1531 3390 1603 Moysi,

1819 1633 2097 1688 crederetis
2142 1634 2319 1702 utique
2367 1633 2516 1696 mihi,
2550 1632 2612 1686 de
2647 1648 2725 1685 me
2781 1631 2917 1684 enim
2965 1629 3055 1682 ille
3085 1628 3294 1696 scripsit
3319 1627 3391 1689 θ’,

1822 1725 2066 1795 ejusdem
2099 1726 2381 1780 sententia:
2419 1737 2502 1782 est
2551 1733 2713 1794 atque
2757 1724 2843 1776 illa
2874 1737 2994 1791 qua:
3034 1721 3146 1789 jam
3197 1727 3395 1773 tracta-

1823 1834 1966 1873 mus.
1999 1816 2133 1871 Nam
2164 1817 2439 1880 eumdem,
2457 1818 2649 1886 inquit,
2672 1823 2726 1870 et
2752 1831 2860 1870 non
2885 1814 3049 1868 alium
3083 1811 3394 1868 Dominum,

1821 1911 1913 1981 qui
1939 1910 2052 1978 jam
2079 1908 2222 1964 Deus
2245 1909 2591 1979 praedicatur,
2615 1907 2848 1978 Moyses.
2870 1905 3051 1960 Aaron
3071 1914 3125 1958 et
3156 1901 3396 1963 Samuel,

1822 2017 1885 2055 ac
1907 2001 1954 2056 si
1971 2002 2094 2071 quis
2115 1999 2278 2066 alius,
2303 2000 2417 2055 sive
2441 1999 2848 2070 prophetarum,
2882 1997 2994 2052 sive
3025 1994 3396 2054 sacerdotum,

1823 2094 2169 2149 invocabant.
2204 2092 2274 2148 Et
2318 2094 2407 2147 hic
2464 2100 2584 2147 erat
2625 2090 2805 2160 ipsum
2860 2087 2954 2143 Dei
2991 2085 3250 2148 Verbum,
3285 2085 3399 2153 jam

1823 2193 1964 2254 apud
2011 2197 2202 2239 omnes
2233 2182 2462 2252 populos
2507 2180 2784 2236 excelsum
2828 2185 2882 2234 et
2918 2175 3058 2246 apud
3113 2174 3400 2229 universas

1822 2282 2012 2345 gentes
2043 2274 2215 2344 gloria
2238 2273 2512 2332 allectum,
2545 2269 2691 2341 quod
2730 2268 2854 2322 illos
2894 2267 3022 2322 olim
3051 2265 3398 2327 exaudiebat,

1824 2374 1878 2423 et
1903 2365 1958 2419 in
1984 2366 2243 2419 columna
2271 2363 2434 2418 nubis
2469 2363 2794 2432 loquebatur
2829 2360 2896 2413 ad
2924 2373 3040 2414 eos.
3075 2357 3259 2427 Neque
3293 2356 3400 2410 alio

1825 2457 1989 2512 modo
2021 2456 2306 2511 memorati
2342 2456 2442 2510 viri
2472 2463 2678 2508 tantam
2715 2452 3032 2523 dignitatem
3071 2448 3218 2504 nacti
3242 2455 3396 2508 sunt,

1826 2550 1930 2606 nisi
1962 2549 2089 2620 quia
2125 2549 2439 2604 testimonia
2467 2546 2588 2618 ejus
2619 2553 2672 2601 et
2695 2551 3048 2616 praceptum,
3085 2541 3229 2612 quod
3251 2539 3403 2596 dedit

1826 2644 1957 2706 illis,
2017 2640 2419 2698 custodiebant.
2486 2638 2578 2693 Sic
2639 2638 2825 2708 itaque
2882 2636 2971 2690 ille
3025 2649 3122 2704 per
3186 2630 3400 2686 Novum

1827 2734 2238 2791 Testamentum
2269 2739 2540 2804 praecepta
2577 2738 2632 2786 et
2675 2728 2928 2784 mandata
2959 2736 3125 2796 atque
3155 2725 3402 2780 testimo-

1827 2827 1916 2880 nia
1958 2827 2116 2884 nobis
2141 2826 2310 2893 dedit,
2340 2840 2460 2897 quae
2495 2824 2541 2880 si
2586 2823 2985 2882 custodiamus,
3014 2819 3170 2891 paria
3198 2825 3254 2872 et
3291 2817 3404 2888 ipsi

1827 2917 2194 2973 obtinehimus

210 3173 380 3241 Κύριε
406 3173 554 3238 Θεὸς
585 3172 769 3241 ἡμῶν,
796 3174 878 3227 σὺ
921 3174 1217 3242 ἐπήκουες
1249 3175 1467 3240 αὐτῶν,
1491 3177 1572 3231 σὺ
1607 3178 1722 3231 εὑτ-

1899 3159 2066 3217 Vens.
2098 3161 2150 3216 8.
2185 3161 2406 3217 Damiue
2437 3161 2575 3213 Deus
2613 3167 2808 3217 noster,
2846 3168 2900 3208 tu
2940 3154 3261 3232 exaudiebas
3287 3167 3401 3218 eos,

151 3261 322 3328 Iatoc
359 3262 568 3332 ὲτίνου
595 3263 817 3330 αὐτοῖς,
851 3265 947 3318 καί
986 3264 1238 3319 ἐκδικῶν
1262 3267 1360 3320 ἐπὶ
1417 3266 1616 3321 πάντα
1656 3267 1727 3322 τὰ

151 3349 578 3421 ἐπιτηδεύματα
607 3353 821 3407 αὐτῶν.
848 3355 942 3420 Σὺ,
969 3355 1153 3426 φησὶν,
1176 3357 1204 3408 ὁ
1237 3357 1501 3427 ἡμέτερος
1527 3357 1730 3426 Κύριος

154 3441 239 3494 καὶ
267 3441 417 3507 Θεὸς,
452 3447 482 3498 ὁ
508 3443 616 3496 τῶν
648 3445 817 3499 ἐθνῶν
849 3446 1123 3516 βασιλεὺς,
1155 3449 1183 3501 6
1205 3447 1293 3518 ὑφ’
1333 3447 1491 3518 ἡμῶν,
1520 3466 1726 3520 κηρυττ-

153 3534 382 3604 τόμενος,
439 3537 600 3600 αὐτὸς
641 3533 783 3609 ἦσθα
834 3540 863 3592 6
913 3538 1006 3592 xui.
1047 3538 1155 3592 τῶν
1195 3541 1338 3611 ἀμφὶ
1370 3539 1599 3599 Μωῦσέα
1634 3541 1729 3595 καὶ

165 3623 364 3696 Ἀαρὼν
394 3627 689 3681 ὑπακούων
722 3669 736 3693 ,
767 3630 861 3683 καὶ
887 3630 987 3701 τῆς
1010 3631 1278 3700 τοσαύτης
1300 3631 1530 3698 ἐκείνοις
1564 3648 1728 3704 μετα-

151 3715 315 3781 διδοὺς
366 3719 703 3790 παρρησίας,
761 3721 1090 3792 ἰλεουμένοις
1133 3739 1192 3774 σε
1226 3721 1366 3794 ὑπὲρ
1394 3722 1489 3780 τοῦ
1522 3739 1728 3794 παρορ-

154 3807 386 3876 γίζοντος
415 3811 572 3875 λαοῦ,
609 3802 701 3863 Scal.
743 3811 940 3882 πολλῆς
983 3814 1179 3878 αὐτοὺς
1212 3812 1376 3878 ἀξιῶν
1417 3815 1724 3886 εὐμενείας.

155 3899 212 3952 Εἰ
236 3902 342 3972 γὰρ
365 3903 460 3956 καί
487 3921 627 3956 τισιν
674 3904 978 3968 ἀσθενείαις
1010 3907 1366 3977 περιέπιπτον
1397 3906 1472 3968 ὼς
1517 3905 1729 3978 ἅνθρω-

113 4049 116 4052 _
156 4004 261 4056 ποι,
309 3992 383 4056 ὡς
427 3994 668 4064 Μωῡσῆς
719 3995 812 4047 ἐπὶ
859 3998 924 4066 τῇ
961 3995 1188 4066 ἀπιστίᾳ
1233 3995 1330 4049 τοῦ
1371 3995 1591 4062 ὓδατος,
1633 3997 1728 4050 καὶ

167 4079 366 4153 Ἀαρὼν
383 4086 478 4137 ἐπὶ
497 4088 561 4154 τῇ
587 4086 929 4158 μοσχοποιίᾳ,
961 4090 1052 4150 σὺ,
1070 4087 1144 4151 ὡς
1171 4088 1490 4156 παναγάθου
1521 4087 1734 4162 πατρὸς.

160 4174 460 4242 πανάγαθος
505 4177 637 4239 υἱὸς,
696 4177 853 4240 ἵλεως
902 4178 1082 4242 αὐτοῖς
1139 4179 1342 4246 ἐγίνου,
1395 4177 1730 4250 συγγνώμην

159 4266 327 4335 νέμων
355 4271 421 4338 τῇ
459 4267 625 4339 θνητῇ
663 4269 932 4341 ἀσθενείᾳ.
966 4271 1075 4323 Καὶ
1108 4270 1361 4324 ἐκδικῶν
1399 4271 1496 4327 ἐπὶ
1531 4270 1728 4323 πάντα

159 4357 226 4410 τὰ
263 4359 704 4429 ἐπιτηδεύματα
741 4360 959 4415 αὐτῶν.
995 4363 1056 4414 Εἰ
1090 4363 1185 4414 καὶ
1217 4360 1402 4426 ἔδοξάν
1435 4380 1508 4424 τι,
1537 4363 1732 4432 φησιν,

163 4448 487 4522 ἁμαρτάνειν
535 4451 610 4514 ὡς
655 4451 950 4523 ἄνθρωποι,
983 4453 1096 4506 ἀλλ’
1131 4453 1411 4517 ἐπαίδευες
1441 4455 1637 4517 αὐτοὺς
1668 4455 1726 4506 ὲν

162 4533 236 4600 οἷς
269 4541 514 4605 παιδείας
556 4541 785 4596 ἐδέοντο.
828 4542 1113 4616 Ἠλέγχετο
1147 4543 1255 4614 γὰρ
1284 4546 1375 4597 ἐπὶ
1403 4545 1496 4597 τοῦ
1525 4546 1725 4616 μόσχου

161 4629 476 4703 ἁμαρτήσας
518 4632 745 4704 Ἀαρὼν,
776 4635 868 4688 καὶ
897 4635 1133 4703 Μωῦσῆς
1168 4636 1260 4687 ἐπὶ
1295 4635 1388 4686 τοῦ
1412 4634 1601 4695 ὓδατος
1625 4636 1727 4708 τῆς

161 4719 482 4788 ἀντιλογίας.

237 4811 479 4881 Ὑψοῦτε
514 4817 732 4882 Κύριον
771 4816 873 4870 τὸν
907 4815 1054 4869 Θεὸν
1090 4814 1278 4885 ἡμῶν,
1315 4815 1413 4869 καί
1461 4832 1733 4884 προσκυη

157 4900 306 4955 reita
343 4906 430 4969 εἰς
479 4905 615 4973 ὄρος
647 4907 816 4970 ἅγιον
856 4908 1061 4970 αὑτοῦ,
1103 4908 1191 4960 ὅτι
1237 4906 1401 4976 ἅγιος
1436 4909 1650 4975 Κύριος
1697 4912 1728 4961 ό

164 4993 300 5059 Θεὸς
328 4995 512 5064 ἡμῶν.
553 4999 730 5070 Μηδὲν
757 5000 1032 5062 ταπεινὸν,
1062 5001 1214 5069 φησὶ,
1259 5001 1349 5052 καὶ
1391 5000 1724 5071 ἀνθρώπινον

160 5086 281 5152 περὶ
302 5086 394 5139 τοῦ
431 5089 637 5160 Κυρίου
663 5093 905 5160 φρονεῖτε
926 5109 937 5120 ·
971 5091 1087 5144 ἀλλ’
1125 5091 1318 5160 ὑψοῦτε
1354 5092 1512 5145 αὐτὸν
1548 5091 1726 5162 ὑψηλὰ

162 5173 282 5244 περὶ
343 5175 511 5229 αὑτοῦ
567 5176 905 5242 δοξάζοντες,
969 5178 1061 5232 καὶ
1127 5180 1187 5232 τὸ
1242 5180 1518 5252 προσῆκον
1576 5177 1724 5249 αύτῷ

159 5266 555 5332 προσενέγκατε
613 5269 795 5333 σέϐας.
829 5271 990 5343 Ὄρος
1017 5270 1074 5323 δὲ
1109 5270 1261 5340 ἆγιον
1309 5270 1477 5325 πάλαι
1529 5270 1627 5342 μὲν
1662 5269 1725 5322 τὸ

157 5351 290 5407 Σιὼν
350 5358 622 5422 ἐκαλεῖτο,
670 5361 764 5414 νῦν
818 5362 873 5414 δὲ
940 5362 1038 5432 τῆς
1082 5362 1408 5430 θεογνωσίας
1452 5363 1513 5416 τὸ
1554 5361 1718 5431 ὕψος·

155 5442 291 5496 οῦτω
302 5445 409 5516 γὰρ
428 5452 528 5502 καὶ
556 5451 780 5514 Ἡσαΐας
799 5452 891 5503 καὶ
907 5451 1144 5519 Μιχαίας
1172 5450 1461 5504 ὲθέσπισαν
1479 5467 1493 5482 ⁸
1515 5453 1725 5505 Ἔσται

154 5535 220 5588 ἐν
236 5537 362 5605 ταῖς
380 5539 673 5609 ἐσχάταις
699 5541 938 5610 ἡμέραις
951 5542 1210 5610 ἐμφανὲς
1223 5541 1285 5596 τὸ
1308 5543 1444 5608 ὅρος
1468 5542 1687 5608 Κυρίου
1707 5559 1719 5570 ·

236 5719 294 5774 ’⁸,
320 5718 474 5772 Joan.
514 5737 564 5786 ιτ,
602 5720 690 5774 46.
769 5721 810 5750 ’θ
855 5720 934 5774 Lsa
1001 5735 1034 5772 ιι
1057 5719 1139 5778 ..2
1169 5735 1181 5782 ;
1212 5717 1373 5771 Mich.
1408 5733 1480 5782 ιν,
1525 5717 1572 5770 l.

1832 3263 1886 3306 tu
1915 3255 2173 3326 propitius
2199 3254 2351 3323 fuisti
2373 3254 2472 3317 eis,
2497 3262 2544 3305 et
2576 3252 2832 3304 ulciscens
2866 3252 2919 3302 in
2945 3264 3121 3302 omnes
3151 3246 3404 3302 adiuven-

1831 3345 1996 3400 tiones
2019 3361 2226 3400 eorum.
2263 3344 2368 3408 ’l‘u,
2404 3344 2599 3414 inquit,
2635 3342 2898 3396 Dominus
2924 3351 2977 3394 et
3008 3341 3149 3394 Deus
3193 3345 3416 3405 noster”

1828 3440 2069 3493 omnimn
2098 3453 2215 3502 rex,
2255 3437 2405 3507 quia
2436 3435 2599 3490 nobis
2627 3433 2969 3506 pra-dicaris,
2995 3432 3112 3500 ipse
3137 3445 3261 3484 eras
3309 3429 3404 3501 qui

1830 3530 2069 3599 Moysen:
2107 3539 2161 3584 et
2216 3529 2485 3583 Aaronem
2545 3526 2894 3590 exaudiebas,
2931 3540 2993 3578 ac
3038 3531 3242 3576 tantam
3295 3521 3406 3574 illis

1831 3621 2071 3675 addebas
2102 3620 2378 3682 ﬁduciam,
2406 3633 2530 3672 cum
2577 3629 2628 3671 te
2657 3615 3010 3670 exacerbanti
3044 3613 3245 3682 populo
3276 3624 3410 3678 proa

1830 3713 2024 3782 pitium
2077 3709 2386 3771 redderent,
2417 3709 2621 3778 quique
2651 3707 2778 3760 illos
2806 3705 2976 3758 multa
3025 3699 3405 3756 benevolentia

1830 3803 2148 3873 dignabare.
2183 3800 2409 3854 Etiamsi
2442 3799 2585 3853 enim
2634 3797 2686 3849 iu
2736 3793 3000 3865 quasdam
3058 3789 3403 3844 inﬁrmitates

1831 3893 2164 3955 laberentur,
2202 3899 2390 3959 utpote
2419 3878 3163 3955 homines,_qucrnadmodum
3193 3877 3406 3949 Moyses

1829 3985 1884 4040 in
1919 3984 2355 4040 incredulitatem
2383 3983 2529 4038 circa
2563 3994 2788 4050 aquam,
2819 3985 2875 4032 et
2899 3977 3078 4032 Aaron
3105 3973 3160 4027 in
3197 3969 3404 4026 conﬂa-

1830 4077 2035 4130 tionem
2087 4074 2241 4129 vituli
2263 4093 2290 4140 ς,
2319 4084 2375 4129 tu
2417 4081 2476 4127 ut
2497 4071 2689 4142 optimi
2739 4068 2919 4139 patris
2948 4065 3186 4138 optimus
3234 4063 3416 4136 ﬁlius,‘

1829 4166 2263 4238 propitiusipsis
2308 4179 2454 4227 eras,
2489 4177 2552 4217 ac
2603 4161 2818 4215 mortali
2863 4155 3419 4216 inﬁrmitativeniaru

1829 4255 2201 4312 eoncedebas.
2252 4253 2319 4307 Et
2371 4253 2622 4308 ulciscens
2675 4252 2730 4305 in
2780 4266 2956 4304 omnes
3009 4246 3402 4305 adinveutiones

1829 4362 2030 4400 eorum.
2083 4345 2331 4409 Etiamsi,
2363 4344 2560 4414 inquit,
2595 4351 2779 4413 utpote
2813 4341 3084 4402 homines,
3127 4339 3182 4396 in
3219 4336 3402 4406 aliquo

1832 4453 2056 4507 peccare
2086 4436 2429 4502 viderentur,
2455 4445 2512 4489 tu
2535 4435 2842 4505 castigabus
2872 4449 2988 4494 eos,
3021 4446 3142 4486 cum
3171 4429 3404 4497 castiga-
3499 4472 3512 4513 ε

1831 4531 1978 4586 tione
2013 4545 2150 4600 Opus
2179 4538 2317 4585 erat.
2346 4527 2482 4582 Nam
2534 4528 2600 4583 de
2633 4525 2866 4582 conﬂato
2897 4523 3066 4578 vitulo
3098 4522 3280 4575 Aaron
3316 4535 3403 4573 re-

1831 4621 2219 4690 darguehatur,
2256 4628 2310 4676 et
2343 4619 2557 4691 Moyses
2599 4618 2738 4690 apud
2778 4631 2974 4686 aquam
3014 4607 3404 4667 contradictio-

1833 4719 1934 4768 nis.

1907 4813 2068 4866 Vens.
2119 4809 2171 4862 9.
2223 4807 2468 4861 Exaltate
2501 4801 2779 4858 Dominum
2837 4800 3008 4854 Deum
3057 4807 3318 4859 nostrum,
3350 4805 3398 4848 et

1831 4903 2051 4955 adorata
2084 4902 2137 4953 in
2177 4909 2346 4953 monte
2378 4907 2560 4952 sancto
2599 4895 2737 4964 ejus,
2764 4892 3016 4964 quoniam
3043 4899 3256 4944 sanctus
3291 4885 3425 4938 00-.

1836 4994 2007 5045 minus
2040 4991 2176 5044 Deus
2221 5000 2416 5043 uoster.
2447 4985 2610 5047 Nihil,
2664 4984 2860 5054 inquit,
2892 4981 3097 5035 humile
3125 4988 3179 5033 et
3209 4982 3399 5056 huma-

1833 5099 1962 5138 num
1987 5083 2053 5136 de
2072 5080 2300 5135 Domino
2345 5079 2577 5144 sentite;
2632 5075 2729 5130 sed
2775 5073 2989 5129 excelsa
3021 5070 3089 5125 de
3127 5069 3220 5123 illo
3249 5065 3402 5134 cogi-

1831 5184 2010 5229 tantes
2049 5175 2225 5243 ipsqu
2275 5171 2528 5232 exaltate,
2589 5168 2805 5237 ipsique
2847 5162 3094 5218 debitum
3145 5159 3399 5215 exhibete

1830 5267 2058 5321 cultum.
2085 5264 2238 5319 Mons
2268 5272 2446 5317 autem
2479 5271 2706 5316 sanctus
2733 5258 2860 5311 olim
2913 5255 3042 5308 Sion
3076 5251 3416 5310 vocabulum,

1831 5374 1977 5411 nunc
2009 5371 2137 5410 vero
2162 5355 2360 5407 divinae
2411 5351 2716 5407 sublimitas
2744 5345 3074 5416 cognitionis
3100 5361 3113 5407 ;
3147 5341 3221 5394 ita
3250 5338 3398 5393 enim

1832 5448 2001 5503 lsaias
2031 5454 2084 5502 et
2130 5445 2381 5499 Michaaas
2409 5441 2689 5497 vaticinati
2718 5445 2846 5494 sunt
2880 5453 2892 5488 :
2927 5434 3046 5488 Erit
3085 5434 3137 5486 in
3174 5428 3413 5484 novissi-.

1835 5539 1930 5593 mis
1969 5537 2150 5592 diebus
2180 5533 2491 5603 manifestus
2538 5548 2684 5585 mons
2733 5529 2941 5584 Domini
2959 5527 3040 5590 ";
3075 5525 3126 5580 id
3161 5530 3266 5586 est,
3299 5519 3395 5575 Dei
