3868 6282
483 288 624 347 1239

1143 284 1410 344 EUSEBII
1441 283 1918 343 CA'JSABIENS-IS
1948 285 2101 346 OPP.
2135 284 2312 343 PARS
2343 283 2432 342 111.
2473 315 2542 326 -
2583 283 2987 342 EXEGETICA.

3539 292 3640 349 mo

481 409 721 480 cognitio
761 414 948 475 aperta
999 404 1255 462 omnibus
1289 405 1413 461 erit.
1465 403 1599 460 Nam
1663 407 1782 477 ipse
1829 421 2047 479 quoque

2155 407 2423 462 τουτέστιν
2461 407 2496 478 ἡ
2525 405 2619 460 τοῦ
2652 405 2788 461 Θεοῦ
2832 406 3032 474 γνῶσις
3061 408 3194 461 πᾶσι
3229 407 3359 478 δήλη
3396 411 3644 481 γενήσεται.

480 499 778 570 Irpostolus
823 504 1065 555 montem
1119 496 1250 553 Sion
1296 497 1638 568 spiritualem
1688 502 1940 570 agnovit;
1972 502 2052 558 ait

480 593 683 662 quippe
717 606 732 642 :
769 590 1081 646 Accessistis
1108 589 1178 644 ad
1232 599 1461 645 montem
1504 588 1656 652 Sion,
1689 600 1738 645 et
1785 592 2051 649 civitatem

485 683 580 739 Dei
604 684 836 746 viventis,
887 682 1187 738 Jerusalem
1227 682 1541 737 celestem'.
1578 681 1842 738 Jubemur
1869 686 2052 757 itaque

483 790 580 846 pro
609 775 806 832 collata
834 773 994 832 nobis
1023 789 1054 830 a
1084 773 1195 830 Deo
1214 775 1526 846 cognitione
1547 776 1650 846 ipsi
1675 776 2048 836 adorationem

481 860 722 920 olierre:
766 865 857 935 qui
917 862 1184 920 Dominus
1210 876 1397 920 noster
1441 872 1547 931 est,
1580 867 1708 936 quia
1762 883 1862 924 nos
1907 872 2048 927 servi

481 956 604 1025 ejus
632 972 852 1024 sumus;
885 964 942 1012 et
973 955 1120 1012 Deus
1177 956 1306 1011 item
1347 963 1450 1019 est,
1488 964 1674 1027 utpote
1705 959 1907 1030 opifex.
1953 966 2050 1016 At-

481 1064 590 1119 que
613 1048 688 1105 ita
715 1047 986 1120 spirituali
1013 1063 1165 1104 more
1188 1047 1458 1118 psalmum
1486 1049 1872 1120 intelligamus.

645 1139 968 1214 pSALniJs
1005 1155 1071 1212 IN
1111 1155 1658 1216 CONFESSIONESI.
1703 1158 1887 1218 xeix.

554 1248 722 1307 Vsus.
758 1249 814 1316 2,
847 1251 902 1305 3.
961 1247 1198 1303 lubilate
1273 1247 1516 1317 Domino,
1559 1253 1727 1307 omnis
1789 1263 1948 1308 terra.
1996 1253 2052 1310 Id

481 1353 590 1408 est,
613 1350 803 1414 gentes
833 1356 954 1411 qua:
998 1340 1053 1394 in
1100 1349 1243 1394 terra
1291 1349 1457 1397 sunt:
1490 1357 1612 1412 quae
1649 1343 1732 1399 Isis
1761 1345 1944 1401 verbis
1981 1345 2050 1400 ad

484 1436 840 1508 pristinorum
885 1439 1232 1503 peccatorum
1282 1431 1685 1488 confessionem
1729 1445 2049 1502 evocantur,

485 1526 541 1580 in
571 1524 770 1595 quibus
807 1521 1027 1592 quando
1073 1523 1343 1580 idolorum
1391 1527 1566 1582 errori
1627 1527 1822 1584 deditae
1872 1541 2051 1594 erant,

482 1614 886 1669 volutabantur.
921 1613 1285 1681 Quamobrem
1343 1619 1588 1688 psalmus
1627 1618 1926 1690 inscriptus
1970 1628 2054 1676 est

486 1706 554 1762 In
583 1707 984 1776 confessionem.
1025 1706 1227 1764 Seruite
1275 1708 1502 1764 Domino
1541 1710 1597 1765 in
1632 1709 1845 1775 laetitia,
1879 1711 2053 1782 ipsius

481 1800 612 1871 jugo
637 1815 732 1855 vos
770 1799 1172 1855 submittentes.
1205 1797 1438 1856 Perinde
1475 1816 1710 1872 namque
1742 1811 1826 1858 est
1849 1777 2055 1858 servire
2085 1777 2128 1834 Β

483 1891 611 1962 ipsi,
641 1898 806 1961 atque
857 1890 1062 1946 servire
1092 1889 1225 1957 luci,
1272 1899 1327 1946 et
1371 1891 1579 1948 servire
1621 1892 1768 1958 vitm,
1813 1894 2050 1960 veritati,

481 1982 710 2056 justitize
737 1992 790 2039 et
824 1982 1099 2038 sanctitati
1135 1999 1149 2034 :
1187 1985 1300 2038 haec
1322 1984 1521 2054 quippe
1554 1985 1738 2040 omnia
1788 1985 2052 2041 Dominus

483 2085 587 2130 est.
624 2074 845 2129 Introite
874 2077 926 2128 in
971 2083 1247 2144 conspectu
1294 2075 1408 2145 ejus
1450 2078 1505 2130 in
1565 2077 1937 2133 exsultatione.
1994 2078 2052 2133 Si

484 2169 610 2240 quis
641 2177 823 2224 autem
851 2183 961 2224 non
1017 2169 1220 2226 serviat
1257 2169 1360 2240 ipsi
1410 2169 1464 2222 in
1520 2169 1726 2232 laetitia,
1758 2186 1828 2225 ne
1853 2171 2054 2226 audeat

483 2261 796 2331 conspectui
826 2261 946 2331 ejus
977 2276 1035 2317 se
1058 2263 1275 2326 sistere,
1307 2261 1474 2316 illotis
1505 2261 1734 2330 pedibus
1769 2263 1835 2317 ad
1871 2262 2056 2317 Eccle-

485 2352 625 2407 siam
649 2351 769 2420 ejus
804 2351 1094 2407 accedens.
1137 2350 1335 2406 Scitote
1364 2350 1613 2421 quoniam
1654 2349 1912 2404 Dominus
1942 2351 2056 2421 ipse

484 2440 722 2498 est‘Deus
752 2457 772 2496 :
799 2442 909 2512 ipse
938 2442 1061 2512 fecit
1080 2461 1196 2508 nos,
1225 2451 1274 2498 et
1297 2459 1400 2496 non
1428 2443 1528 2512 ipsi
1552 2459 1668 2506 nos,
1690 2443 1913 2512 populus
1937 2445 2054 2514 ejus

483 2545 898 2604 etouespascute
941 2551 1077 2604 ejus.
1107 2535 1243 2591 Cum
1300 2535 1446 2591 enim
1504 2537 1818 2590 noverimus
1873 2540 2052 2607 ipsum

484 2623 676 2692 Deum,
705 2627 884 2693 ipsum
910 2625 1197 2681 Dominum
1223 2640 1366 2692 esse,
1396 2632 1529 2680 tunc
1559 2641 1656 2696 per
1689 2625 1835 2680 illam
1867 2627 2057 2697 cogni-

481 2717 686 2773 tionem
711 2719 765 2773 in
792 2725 1143 2790 conspectum
1172 2718 1291 2788 ejus
1321 2717 1574 2789 ingressi,
1599 2718 1778 2789 ipsum
1804 2717 2054 2789 opificem

483 2818 734 2868 nostrum
776 2826 900 2868 esse
945 2811 1344 2867 conﬁtebimur.
1385 2809 1543 2878 Quod
1600 2812 1746 2867 enim
1809 2823 1918 2866 non
1953 2826 2056 2867 nos

483 2903 586 2973 ipsi
634 2919 736 2959 nos
778 2902 1085 2970 faciamus,
1131 2904 1236 2958 etsi
1287 2909 1545 2959 auctores
1595 2901 1879 2959 videamur
1933 2915 2056 2958 esse

484 2995 854 3066 generationis
893 2994 1214 3058 liberorum,
1267 2994 1394 3050 hinc
1443 2995 1624 3065 palam
1667 3003 1774 3062 est,
1803 2993 1948 3064 quod
1986 3009 2052 3048 ex

486 3093 640 3159 patre
659 3095 715 3142 et
739 3094 912 3142 matre
937 3085 1103 3158 geniti
1123 3085 1226 3143 Job
1250 3093 1304 3141 et
1328 3084 1520 3150 David,
1569 3085 1729 3140 ambo
1759 3093 1942 3139 tamen
1971 3082 2055 3138 di-
2082 3113 2125 3173 ο

484 3185 614 3231 cant
643 3175 884 3232 :‘Hanus
917 3189 1020 3233 tute
1040 3177 1273 3247 fecerunt
1300 3193 1379 3231 me
1413 3187 1462 3231 et
1490 3177 1883 3245 plasmaverunt
1915 3193 1994 3230 me
2010 3175 2053 3240 ',

485 3283 549 3321 ac
570 3267 818 3323 Ieremia:
845 3269 960 3339 ipse
1006 3267 1150 3324 Deus
1181 3269 1255 3322 ait
1282 3285 1294 3320 :
1326 3268 1621 3336 Antequam
1675 3278 1722 3322 te
1771 3267 2057 3337 formarem

483 3355 539 3412 in
565 3366 734 3425 utero,
757 3359 876 3412 noui
910 3367 956 3413 te
974 3359 1015 3414 ³.
1048 3357 1181 3412 Nam
1217 3373 1462 3421 uxorem,
1489 3375 1610 3429 quae
1662 3375 1851 3415 errore
1897 3359 2057 3412 ducta

482 3446 605 3502 viro
629 3463 732 3503 suo
768 3448 984 3504 dicebat
1017 3465 1030 3503 :
1060 3448 1166 3502 Aut
1216 3448 1286 3501 da
1323 3448 1450 3501 mihi
1478 3448 1694 3511 liberos.
1739 3450 1825 3503 sin
1860 3449 2056 3513 minus,

487 3537 662 3591 occide
685 3555 764 3594 me
782 3537 825 3604 ⁸,
859 3539 966 3602 vir,
994 3553 1117 3592 cum
1148 3537 1368 3609 sapiens
1393 3545 1561 3602 esset,
1596 3539 1759 3593 docte
1811 3538 2062 3608 increpat

486 3627 573 3683 his
603 3629 784 3685 verbis
819 3645 830 3680 :
871 3626 1126 3700 Nunquid
1163 3643 1258 3698 pro
1282 3627 1391 3683 Deo
1411 3645 1502 3699 ego
1538 3627 1630 3681 tibi
1660 3643 1796 3694 sum,
1836 3629 1924 3699 qui
1951 3629 2063 3697 pri-

484 3718 622 3769 vavit
661 3723 708 3767 te
740 3712 916 3782 fructu
961 3712 1237 3768 ventris“?
1268 3713 1492 3769 Etiamsi
1541 3712 1688 3767 enim
1755 3721 1938 3784 patres
1987 3712 2065 3766 vi-

485 3806 718 3861 deantur
749 3805 951 3861 liberos
995 3820 1320 3876 procreare,
1347 3813 1401 3859 at
1431 3804 1575 3860 Deus
1611 3805 1735 3860 illos
1758 3805 1920 3861 cilicii
1953 3821 1964 3856 :
1997 3820 2060 3858 ac

486 3895 578 3952 ille
599 3895 814 3966 quidem
849 3911 1016 3951 causa
1037 3905 1140 3959 est.
1171 3897 1247 3952 illi
1293 3912 1422 3952 vero
1461 3906 1847 3968 cooperantur,
1875 3907 2063 3968 utpote

445 4007 447 4009 ί
487 3986 578 4056 qui
595 3985 776 4056 jussui
799 3985 920 4056 ejus
955 3988 1210 4056 primitus
1239 3987 1369 4042 dato
1408 3988 1808 4043 obsecundent.
1856 3987 2062 4054 Quam-

486 4077 676 4132 obrem
707 4077 864 4131 multi
897 4077 998 4132 etsi
1025 4077 1226 4132 liberos
1270 4078 1554 4147 suscipere
1600 4085 1910 4148 peroptent,
1948 4093 2059 4132 non

485 4175 718 4240 possunt
763 4175 967 4223 tamen.
1026 4166 1388 4240 Symmachus
1434 4185 1566 4224 vero
1614 4170 1731 4223 ait:
1768 4167 1886 4238 Ipse
1937 4169 2061 4237 fecit

484 4277 604 4326 nos,
633 4277 737 4316 non
758 4261 1089 4317 exsistentes.
1117 4261 1230 4315 Nos
1249 4271 1423 4316 autem
1452 4263 1674 4331 populus
1703 4277 1917 4332 pascua:
1945 4261 2058 4332 ejus

484 4365 534 4409 et
555 4370 670 4412 oves
702 4372 890 4410 manus
917 4357 1087 4411 illius.
1120 4354 1218 4411 His
1243 4372 1373 4410 vero
1403 4370 1511 4408 non
1531 4355 1867 4411 dominatum
1895 4353 2060 4409 modo

486 4462 680 4514 suum;
738 4447 834 4503 sed
883 4446 1048 4501 etiam
1099 4445 1495 4516 providentiam
1557 4459 1713 4502 suam
1754 4444 2051 4498 indicavit:
2084 4483 2136 4544 Β

484 4554 597 4594 non
642 4539 819 4594 solum
863 4539 1010 4594 enim
1062 4538 1328 4594 Dominus
1390 4547 1576 4594 noster
1622 4536 1862 4601 est;sed
1891 4538 2056 4591 etiam

483 4640 674 4704 pastor
699 4647 824 4688 cum
855 4635 948 4694 sit.
1002 4633 1145 4686 bona
1171 4631 1332 4687 nobis
1362 4644 1565 4702 pascua
1592 4628 1769 4684 offert.
1811 4626 1925 4682 Nos
1956 4643 2057 4680 au-

484 4734 589 4779 tem
634 4727 859 4795 populus
905 4725 1043 4796 ejus,
1088 4731 1276 4794 utpote
1305 4723 1642 4795 regis;oves
1700 4731 1880 4776 autem
1910 4720 2056 4790 ejus,

484 4827 673 4889 utpote
703 4818 939 4888 pastoris
978 4833 990 4869 :
1031 4817 1265 4887 populus
1297 4827 1445 4880 sunt,
1480 4816 1574 4886 qui
1605 4815 1858 4870 meliores
1879 4821 1933 4868 et
1962 4827 2053 4866 ra-

483 4907 893 4972 tionabiliores;
922 4921 1052 4961 oves
1100 4914 1306 4974 autem,
1338 4906 1433 4977 qui
1486 4907 1554 4960 iis
1589 4903 1878 4961 inferiores
1901 4911 2051 4972 sunt,

482 5007 538 5053 et
569 4998 1086 5053 irrationabiliorem
1117 4998 1362 5053 ordinem
1387 4997 1661 5061 obtinent,
1700 5011 1880 5068 neque
1911 4995 2055 5052 divi-

484 5106 679 5147 norum
717 5092 1079 5148 oraculorum
1129 5091 1286 5161 periti
1335 5098 1497 5158 sunt;
1535 5090 1836 5146 secundum
1871 5089 2045 5146 illud:

483 5182 678 5237 Erravi
707 5165 840 5237 sicut
864 5182 971 5236 ovis
1000 5197 1115 5252 qua:
1140 5183 1291 5250 periit
1308 5182 1347 5236 ⁸.
1373 5182 1638 5237 Caeterum
1660 5197 1784 5237 cum
1804 5182 2048 5237 omnium

485 5271 646 5328 Deus.
663 5283 717 5328 et
749 5276 1002 5329 conditor
1029 5275 1122 5338 sit,
1159 5275 1340 5328 omnia
1375 5282 1555 5338 vocat,
1591 5274 1770 5328 omnia
1795 5272 1898 5329 sibi
1924 5288 2053 5344 pro-

491 5362 604 5434 pria
625 5362 803 5420 efﬁcit.
833 5363 1084 5420 Homines
1103 5368 1302 5436 quippe
1329 5375 1380 5420 et
1400 5365 1643 5435 jumenta
1665 5366 1835 5420 salvat
1851 5364 1992 5419 Deus
2011 5365 2054 5431 7;

491 5457 614 5516 illos
635 5460 878 5529 quidem,
903 5469 961 5515 ut
999 5462 1258 5532 populum
1299 5475 1494 5528 suum;
1533 5463 1626 5516 illa
1658 5477 1806 5524 vero,
1847 5468 1904 5514 ut
1925 5475 2057 5516 oves

495 5560 685 5606 manus
715 5565 845 5606 sua).

2154 496 2274 556 Οἵδε
2298 500 2405 572 γὰρ
2435 501 2529 555 καὶ
2552 501 2582 555 6
2621 497 2940 562 ’Δπόστολος
2963 498 3148 570 νοητὸν
3170 499 3292 571 ὄρος
3321 499 3446 553 Σιιὶιν
3462 518 3474 531 ·
3500 505 3648 570 Προσ.

2151 593 2485 660 εληλύθατε
2511 591 2620 664 γὰρ
2638 590 2760 660 ὄρει
2807 590 2962 646 Σιὼν
2992 590 3089 644 καὶ
3118 592 3286 645 πόλει
3329 591 3463 645 Θεοῦ
3487 593 3650 666 ζῶντος

2164 681 2551 752 Ἰερουσαλὴμ
2605 681 2960 749 ἐπουρανίῳ.
3023 679 3468 751 Προστετάγμεθα
3517 685 3650 740 τοίνυν

2150 774 2294 828 κατά
2324 776 2422 845 τὴν
2447 773 2690 827 δοθεῖσαν
2705 775 2835 844 ἡμῖν
2859 771 2963 826 ὑπὸ
2998 770 3133 824 Θεοῦ
3164 770 3363 838 γνῶσιν
3392 774 3654 845 προσφέρειν

2152 864 2301 934 αὐτῷ
2334 863 2731 936 προσκύνησινο
2777 864 2835 927 ὃς
2873 865 2968 917 καὶ
3015 862 3216 931 Κύριος
3258 863 3412 933 ἡμῶν
3459 865 3578 917 ἐστιν

2152 955 2372 1018 δούλων,
2403 956 2495 1008 καὶ
2523 955 2654 1018 Θεὸς
2675 955 2752 1018 ῶς
2787 955 3047 1024 πλάστης.
3091 953 3226 1007 Ἀλλ’
3257 953 3395 1009 o'ww
3433 956 3518 1028 μὲν
3537 976 3651 1012 πνεν-

2156 1043 2429 1114 ματικώτε
2439 1061 2531 1115 ρον
2553 1043 2644 1097 τὸν
2665 1043 2876 1114 ψαλμὸν
2909 1045 3219 1116 νοήσαιμεν.

2363 1159 2660 1214 ΨΑΛΜΟΣ
2691 1158 2799 1212 ΕΙΣ
2822 1158 3365 1213 ΕΞΟΜΟΔΟΓΗΣΙΝ.
3398 1158 3501 1226 ιβ’.

2235 1250 2603 1315 Ἀλαλάξατε
2632 1249 2710 1316 τῷ
2745 1251 2940 1318 Κυρίῳ
2976 1247 3142 1305 πᾶσα
3167 1253 3204 1317 ἡ
3240 1249 3341 1320 τῆ.
3373 1252 3661 1308 Τουτέστιιέι

2153 1342 2248 1395 ἐπὶ
2269 1344 2371 1413 γῆς
2404 1342 2529 1414 ἔθνη
2549 1358 2562 1371 ⁸
2597 1342 2692 1395 καὶ
2721 1341 2811 1394 διὰ
2833 1340 3036 1394 τούτων
3065 1339 3325 1410 κέκληται
3357 1340 3448 1392 ἐπὶ
3471 1339 3662 1409 ἐξομολό-

2153 1451 2315 1506 γησιν
2343 1433 2452 1487 τῶν
2487 1432 2763 1503 προτέρων
2817 1432 3250 1503 ἁμαρτημάτων,
3303 1432 3361 1482 ὲν
3398 1425 3474 1494 οἷς
3508 1432 3666 1484 Exclu-

2153 1525 2340 1580 δοῦντο
2387 1526 2475 1578 ὅτε
2531 1526 2600 1595 τῇ
2649 1523 3020 1596 εἰδωλολάτρῳ
3071 1525 3362 1594 προσεῖχον
3406 1522 3576 1593 πλάνῃ.
3605 1524 3667 1577 Διὸ

2155 1614 2560 1686 ἐπιγέγραπται
2612 1613 2824 1684 ψαλμὸς
2849 1617 2952 1681 Εἰς
2988 1615 3445 1683 ἐξομολόγησιν.
3472 1618 3667 1669 domist}-

2155 1720 2304 1759 σατε
2337 1704 2416 1770 τῷ
2448 1705 2646 1772 Κυρίῳ
2681 1704 2751 1758 ἐν
2803 1705 3172 1773 εὐφροσύνῃ,
3215 1701 3556 1765 ὑποϐαλόντες
3583 1703 3669 1754 ἑαυ-

2154 1797 2280 1861 τοὺς
2303 1795 2383 1869 τῷ
2413 1795 2580 1850 αὐτοῦ
2626 1795 2798 1867 ζυγῷ.
2835 1797 3060 1867 Ὅμοιον
3087 1796 3195 1867 γάρ
3231 1797 3352 1848 ἐστι
3381 1795 3439 1848 τὺ
3463 1794 3671 1849 δουλεύειν

2154 1889 2303 1960 αὐτῷ
2335 1889 2411 1960 τῷ
2469 1887 2739 1942 δουλεύειν
2790 1875 2964 1956 φωτὶ,
3026 1887 3119 1940 καὶ
3166 1885 3436 1939 δουλεύειν
3475 1885 3571 1956 ζωῇ
3608 1887 3672 1940 ul

2152 1979 2402 2051 ἀληθείᾳ,
2447 1979 2539 2032 καὶ
2579 1977 2893 2052 δικαιοσύνῃ
2936 1978 3028 2030 καὶ
3074 1976 3369 2047 ἁγιασμῷ·
3407 1978 3564 2032 πάντα
3596 1979 3672 2048 γὰρ

2151 2070 2326 2127 ταῦτά
2357 2073 2506 2125 ἐστιν
2544 2073 2573 2124 6
2628 2071 2850 2142 Κύριος.
2901 2070 3216 2124 Εὶσέλθετε
3257 2068 3504 2122 ἐνώπιον
3537 2069 3673 2123 αὑτοῦ

2153 2163 2225 2218 ἐν
2247 2163 2622 2233 ἀγαλλιάσει.
2669 2164 2731 2216 El
2775 2163 2832 2216 δέ
2878 2181 2960 2226 τις
3001 2161 3074 2233 μὴ
3103 2162 3346 2218 δουλεύοι
3377 2162 3513 2232 αύτῷ
3548 2163 3594 2215 ἒν
3615 2165 3674 2215 εὑ-

2155 2253 2419 2324 φροσύνῃ,
2455 2254 2530 2323 μὴ
2557 2252 2810 2323 τολμάτω
2847 2251 3100 2322 παριέναι
3140 2250 3377 2304 ἐνώπιον
3410 2248 3573 2314 αὑτοῦ,
3597 2249 3675 2302 ἁνί-

2154 2359 2310 2406 πτοις
2364 2344 2490 2396 ποσὶ
2527 2341 2887 2412 παραϐάλλων
2923 2344 3000 2404 εἰς
3035 2341 3133 2412 τὴν
3172 2340 3495 2412 Ἐκκλησίαν
3537 2339 3672 2393 αὑτοῦ.

2155 2434 2355 2488 nam
2395 2433 2485 2487 ὅτι
2535 2435 2752 2501 Κύριος
2792 2434 2975 2498 αὑτός
3020 2432 3190 2484 ἐστιν
3236 2435 3272 2486 ὁ
3338 2433 3509 2497 Θεός·
3543 2429 3675 2495 αὐτὸς

2154 2519 2444 2589 ἐποίησεν
2493 2519 2669 2590 ἡμᾶς,
2718 2520 2817 2574 καὶ
2859 2523 2972 2590 οὐχ
3004 2521 3191 2586 ἡμεῖς,
3235 2521 3393 2587 λαὸς
3415 2520 3580 2574 αὐτοῦ
3608 2519 3673 2573 uti

2155 2612 2418 2680 πρόϐατα
2443 2611 2632 2682 νομῆς
2652 2611 2857 2667 αὐτοῦ.
2889 2613 3058 2666 Ὅταν
3088 2612 3195 2684 γὰρ
3217 2611 3434 2682 γνῶμεν
3463 2611 3536 2662 ὅτι
3563 2609 3675 2672 αὑτὸς

2155 2704 2286 2770 Θεός
2318 2707 2484 2770 ἐστιν,
2512 2706 2672 2769 αὐτὸς
2698 2708 2725 2758 6
2759 2705 2980 2778 Κύριος,
3026 2706 3086 2759 τὸ
3116 2703 3373 2774 τηνικάδε
3437 2701 3578 2758 αὐτοῦ
3611 2699 3674 2756 τοῦ

2155 2797 2441 2867 γινώσκειν
2466 2796 2694 2852 ἐνώπιον
2719 2796 2882 2849 αὐτοῦ
2912 2795 3352 2866 εἰσεληλυθότες,
3384 2794 3475 2847 καὶ
3505 2790 3675 2862 ποιητὴν

2155 2890 2363 2944 ἑαυτῶν
2381 2889 2784 2960 ὁμολογήσομεν
2801 2887 2978 2942 αὐτόν.
3005 2888 3126 2941 Ὀτι
3141 2887 3198 2941 δὲ
3214 2887 3315 2957 οὐχ
3336 2887 3489 2957 ἡμεῖς
3511 2885 3675 2946 tauros;

2156 2981 2311 3035 ποιοῦ
2321 2999 2440 3053 μεν,
2459 2981 2560 3035 κᾶν
2588 2982 2750 3034 αἴτιοι
2773 2980 3015 3051 δοκῶμεν
3038 2979 3328 3050 τυγχάνειν
3358 2978 3456 3049 τῆς
3479 2977 3570 3030 τῶν
3589 2975 3675 3030 mf-

2155 3075 2259 3129 δων
2288 3074 2570 3142 γενέσεως,
2621 3072 2778 3142 δῆλον
2836 3071 3084 3125 ἐντεῦθεν
3103 3085 3119 3100 °
3148 3073 3212 3126 ἐκ
3259 3069 3462 3143 πατρὸς
3495 3069 3586 3140 γὰρ
3613 3069 3674 3123 ul

2164 3167 2368 3240 μητρὸς
2409 3167 2689 3236 γενόμενοι
2728 3162 2845 3216 Ἰὼϐ
2893 3163 2984 3216 καὶ
3035 3162 3216 3226 Δαυῖδ,
3264 3163 3427 3233 φασιν
3465 3161 3673 3231 ἑκάτεροι,

2157 3263 2227 3313 Al
2254 3257 2446 3327 χεῷές
2470 3272 2587 3310 σου
2635 3255 2931 3322 ἐποίησάν
2959 3272 3034 3324 με
3081 3255 3177 3309 καὶ
3205 3251 3485 3309 ἕπλασάν
3506 3251 3674 3322 με’κιὶ

2159 3351 2293 3421 πρὸς
2333 3348 2602 3420 Ἰερεμίαν
2635 3345 2794 3410 αὐτὸς
2820 3347 2848 3398 6
2879 3345 3030 3409 Θεὸς,
3083 3344 3202 3414 Πρὸ
3252 3344 3362 3400 τοῦ
3399 3361 3473 3414 με
3503 3340 3675 3397 πλάσαι

2159 3457 2232 3494 σε
2261 3440 2331 3493 ἐν
2353 3441 2568 3506 κοιλίᾳ,
2615 3437 2942 3506 ἐπίσταμαί
2975 3453 3069 3490 σε.
3107 3437 3186 3511 Τῇ
3217 3435 3351 3506 γοῦν
3388 3434 3674 3506 ἐσφαλμένος

2159 3531 2386 3602 λεγούσῃ
2409 3530 2485 3602 τῷ
2506 3529 2762 3600 ἀνδρὶ,’Ὴ
2779 3528 2883 3595 δός
2908 3546 3009 3599 μοι
3041 3529 3237 3593 τέκνα,
3273 3531 3326 3582 εί
3360 3527 3427 3581 δὲ
3451 3526 3547 3598 μὴ,
3571 3525 3672 3579 (110'-

2159 3627 2394 3679 κτεινόν
2409 3641 2507 3693 με,
2540 3624 2699 3692 σοφὸς
2715 3622 2790 3676 ῶν
2829 3624 2857 3676 6
2902 3623 3062 3696 ἀνὴρ,
3105 3621 3450 3692 δογματικῶς
3482 3618 3672 3688 ἐπιτιμᾷ,

2157 3717 2254 3786 Μὴ
2279 3716 2412 3771 ἀντὶ
2451 3715 2598 3770 Θεοῦ
2643 3731 2743 3769 σοι
2775 3713 2894 3784 ειμι
2922 3712 3056 3783 ἐγὼ,
3090 3712 3158 3780 ὃς
3174 3710 3466 3782 ἐστέρησέ
3491 3726 3554 3765 σε
3581 3725 3675 3774 καρ-

2159 3804 2278 3858 πὸν
2297 3804 2530 3866 καικίας
2550 3819 2567 3866 ;
2591 3803 2653 3856 Εἰ
2684 3803 2791 3874 γὰρ
2817 3803 2910 3856 καὶ
2937 3802 3182 3855 δοκοῦσιν
3207 3803 3258 3854 οἱ
3302 3804 3526 3873 πατέρες
3552 3798 3672 3852 ποιεῖν

2158 3896 2431 3959 τὰτέκνα,
2468 3895 2584 3949 ἀλλ’
2615 3889 2708 3949 οὖν
2748 3895 2778 3947 6
2825 3893 2955 3958 Θεὸς
3005 3892 3175 3948 ταῦτα
3205 3896 3377 3947 ποιεῖ’
3413 3893 3501 3946 καὶ
3542 3891 3567 3942 6
3605 3887 3672 3958 μὲι

2157 3989 2348 4052 αἴτιος,
2382 3989 2430 4041 οί
2452 3987 2508 4040 δὲ
2534 3985 2815 4052 συναίτιοι,
2850 3985 2926 4049 ῶς
2957 3985 3034 4058 τῷ
3061 3985 3119 4052 ἐξ
3147 3985 3325 4056 ἀρχῆς
3356 3981 3510 4038 αὐτοῦ
3538 3982 3671 4035 6:110-

2158 4079 2372 4142 νοῦντες
2400 4079 2802 4151 προστάγματι.
2831 4076 2928 4130 Διὰ
2959 4075 3116 4130 τοῦτο
3166 4076 3371 4140 πολλοὶ,
3403 4075 3559 4132 καίτοι
3590 4075 3672 4125 ὲπι·

2160 4170 2456 4242 θυμοῦντες
2489 4169 2845 4232 παιδοποιεῖν,
2873 4169 2934 4221 οὐ
2962 4167 3234 4222 δύνανται.
3274 4167 3333 4222 Ὀ
3362 4168 3418 4222 δὲ
3444 4162 3670 4236 smmi;

2161 4283 2348 4336 φησιν,
2401 4263 2597 4330 Αὐτὸς
2631 4263 2919 4329 ἐποίησεν
2961 4259 3120 4332 ἡμᾶς
3159 4264 3272 4316 οὐκ
3328 4260 3520 4325 ὄντας·
3549 4252 3669 4326 ἡμεῖς

2158 4356 2227 4410 δὲ
2261 4355 2411 4422 λαὸς
2437 4353 2629 4425 νομῆς
2661 4353 2848 4408 αὐτοῦ
2885 4353 2981 4407 καὶ
3014 4353 3278 4422 πρόϐατα
3304 4350 3492 4424 χειρὸς
3517 4343 3666 4403 αὑτοῦ.

2160 4448 2258 4502 Διὰ
2306 4445 2510 4502 τούτων
2552 4447 2612 4500 οὐ
2657 4446 2818 4517 μόνον
2843 4445 2941 4516 τὴν
2981 4443 3320 4507 δεσποτείαν,
3359 4442 3487 4497 ἀλλὰ
3513 4435 3668 4506 italth

2116 4528 2132 4606 Ῐ
2160 4528 2486 4612 κηδεμονίαν
2518 4536 2843 4609 ἐγνώρισεν·
2867 4537 2928 4590 οὐ
2959 4536 3118 4608 μόνον
3149 4535 3258 4606 γὰρ
3288 4535 3443 4606 ἡμῶν
3469 4530 3667 4598 δεσπότης

2161 4633 2330 4695 ἐστὶν,
2363 4630 2498 4685 ἀλλὰ
2522 4631 2615 4684 καὶ
2635 4629 2856 4700 ποιμὴν,
2879 4628 2977 4699 τὴν
3001 4628 3210 4698 ἀγαθὴν
3234 4627 3390 4699 ἡμῶν
3408 4622 3666 4698 προσφέρων

2159 4726 2353 4796 νομήν.
2408 4722 2597 4794 Ἡμεῖς
2637 4721 2874 4787 δὲ.1αὸς
2915 4720 3124 4787 αὐτοῦ,
3163 4721 3238 4785 ὡς
3277 4719 3540 4792 βασιλέως,
3581 4710 3666 4782 τιρᾶ-

2161 4816 2302 4870 ϐατα
2336 4815 2392 4868 δὲ
2417 4815 2491 4878 ὡς
2520 4813 2776 4885 ποιμένος
2795 4831 2809 4844 ο
2839 4812 2966 4875 λαὸς
2994 4814 3042 4865 οι
3077 4812 3355 4884 κρείττους
3382 4811 3468 4864 καὶ
3496 4803 3664 4873 λογικώ-

2161 4925 2306 4980 τεροι
2326 4925 2338 4937 ·
2373 4905 2618 4978 πρόϐατα
2630 4906 2678 4957 οἱ
2700 4904 3119 4976 ὑποϐεϐηκότες,
3143 4904 3238 4958 καὶ
3264 4905 3363 4974 τὴν
3394 4897 3662 4969 ἀλογωτέραν

2162 5000 2312 5064 τάξιν
2359 4999 2669 5068 ἐπέχοντες,
2710 4998 2803 5049 καὶ
2833 4997 2907 5066 μὴ
2967 4997 3023 5048 ἐν
3051 4995 3218 5066 πείρᾳ
3257 4994 3364 5049 τῶν
3387 4993 3527 5047 θείων
3557 4990 3662 5043 ὄντες

2161 5092 2385 5157 λογίων·
2423 5089 2564 5146 κατὰ
2605 5089 2685 5151 τὸ,
2729 5087 3109 5155 Ἑπλανήθην
3155 5087 3526 5156 ὠςπρόϐατον
3557 5079 3659 5132 date

2159 5187 2374 5251 λωῑός.
2436 5183 2580 5254 Πλὴν
2628 5180 2762 5234 ἀλλὰ
2818 5181 3034 5236 πάντων
3087 5179 3216 5241 Θεὸς
3249 5179 3324 5230 ὢν
3356 5177 3440 5230 καὶ
3472 5167 3655 5239 ποιητὴς,

2162 5277 2341 5331 πάντα
2361 5274 2513 5330 καλεῖ
2550 5275 2644 5328 καὶ
2680 5269 3054 5338 ὲξοικειοῦται.
3093 5267 3454 5337 Ἀνθράκτους
3485 5263 3568 5334 γὰρ
3589 5257 3653 5311 sai

2162 5367 2352 5436 κτήνη
2410 5364 2576 5427 σώζει
2617 5367 2650 5419 ὀ
2685 5365 2857 5429 Θεόςο
2898 5364 3022 5426 τοὺς
3053 5362 3172 5435 μὲν,
3205 5361 3278 5424 ὡς
3307 5361 3425 5414 λαὸν
3443 5348 3655 5414 αὐτοῦ,τά

2162 5460 2239 5522 δὲ,
2271 5460 2345 5524 ὡς
2375 5457 2622 5530 πρόϐατα
2652 5455 2834 5528 χειρὸς
2860 5454 3042 5508 αὑτοῦ.

565 5663 577 5691 ⁸
617 5661 1050 5742 .chr._xii,_22_.
1129 5670 1164 5742 ’_
1189 5667 1331 5742 iisal.
1365 5667 1568 5733 csvm,
1600 5669 1705 5742 15‘;
1738 5669 2003 5742 Job_vni,
2038 5669 2054 5722 l

2201 5667 2456 5742 silerem-
2493 5683 2550 5734 Ι,
2592 5667 2643 5722 5.
2723 5667 2743 5699 ⁸
2782 5664 2916 5722 Gen.
2973 5681 3108 5730 an,
3153 5665 3196 5717 i.
3247 5663 3423 5731 Vulg”
3476 5644 3644 5720 alioqui!

496 5736 711 5789 morior.
789 5737 811 5767 ⁵
852 5736 978 5790 ibid.
1015 5739 1068 5790 2.
1145 5739 1166 5769 ⁸
1205 5737 1345 5794 Psal.
1383 5755 1548 5794 cxvm
1590 5740 1712 5797 176.
1789 5741 1818 5808 ⁷,
1846 5738 1988 5796 Psal.
2032 5755 2207 5794 xxxv.
2244 5738 2292 5793 7.
