3868 6282
245 326 361 381 19.“

1377 321 1879 381 COMMENTARIA
1916 322 1982 379 IN
2013 324 2349 382 PSALMOS.

3334 336 3473 391 1242

308 438 613 495 Εισέλθετε
668 444 754 509 εἰς
796 442 903 511 τὰς
941 446 1140 510 avlai;
1168 443 1356 498 αὐτοῦ
1409 443 1479 497 ἐν
1512 443 1796 511 ἐξομολο-

1969 442 2135 501 Vens.
2198 446 2253 501 4.
2324 444 2546 501 lntroite
2599 457 2781 513 portas
2833 450 2948 519 ejus
2998 448 3053 504 in
3110 451 3469 521 confessione,

241 528 422 601 γύσει,
464 532 543 597 εὶς
575 531 681 598 τὰς
722 534 915 600 αὐλὰς
942 533 1128 588 αὑτοῦ
1165 534 1235 587 ἐν
1291 533 1520 603 ὕμνοις.
1582 535 1807 603 Μνημο-

240 622 435 685 νεὺετε,
458 624 607 691 φησι,
630 623 738 677 τῶν
772 624 979 692 κακῶν,
1011 628 1069 678 ὲν
1101 620 1181 688 οἷς
1214 624 1431 696 πρῶτον
1465 624 1804 690 ὲξετάζεσθε,

242 714 326 766 ὅτε
351 712 562 784 μακρὰν
588 716 908 785 ἐτυγχάνετε
934 716 1026 769 τοῦ
1052 717 1256 786 Κυρίου
1286 716 1376 787 ὑφ’
1402 716 1607 787 ἑτέροις
1622 716 1809 769 δεσπό-

244 820 358 865 ταις
386 806 640 873 πονηροῖς
666 806 940 876 ἀγόμενοι.
972 807 1062 859 Διὸ
1092 807 1167 870 ὡς
1201 806 1637 879 περιρραντηρίῳ
1660 806 1804 879 χρώ-

247 913 388 965 μενοι
408 898 470 967 τῇ
498 896 605 948 τῶν
634 898 912 970 προτέρων
945 897 1303 969 ἀσεϐημάτων
1334 897 1591 969 ὁμολογίᾳ
1638 897 1804 951 εἴσιτε

238 989 312 1051 εἰς
336 985 431 1050 τὰς
481 988 651 1052 πύλας
697 989 858 1043 αὑτοῦ
890 989 1219 1061 θαρροῦντες
1243 1008 1255 1021 ·
1283 990 1365 1043 ὅτι
1412 989 1550 1061 μετὰ
1583 989 1679 1054 τὰς
1709 990 1805 1044 πύ-

237 1074 349 1139 λας,
380 1074 623 1129 τουτέστι
671 1077 808 1146 μετά
845 1076 941 1140 τὰς
964 1078 1136 1150 ἀρχὰς
1164 1079 1258 1132 καὶ
1291 1078 1389 1142 τάς
1430 1077 1652 1150 πρώτας
1694 1078 1805 1130 είσ-

237 1164 382 1229 όδους
405 1166 504 1234 τῆς
539 1166 634 1220 τοῦ
666 1167 799 1222 Θεοῦ
828 1167 1091 1234 δουλείας,
1125 1172 1205 1234 είς
1231 1171 1300 1224 τὰ
1322 1171 1569 1224 ἐνδότατα
1591 1171 1684 1223 καὶ
1707 1170 1805 1233 τάς

232 1252 393 1313 αὑλάς
432 1254 811 1324 παρελθόντες,
846 1258 1031 1311 οὐκέτι
1066 1259 1332 1330 χρήσεσθε
1374 1262 1441 1330 τῇ
1482 1258 1804 1330 ἐξομολογή-

236 1359 329 1404 σει,
377 1342 492 1396 ἀλλ’
552 1344 733 1415 ὕμνοις
788 1345 973 1399 λοιπὸν
1006 1353 1118 1413 τοῖς
1167 1352 1247 1413 είς
1286 1350 1445 1403 αὑτὸν
1489 1350 1799 1422 σχολάσετε.

234 1433 437 1504 Ὥσπερ
471 1434 651 1504 μέντοι
687 1438 910 1492 εἰσιέναι
946 1438 1025 1493 δεῖ
1064 1442 1325 1512 πρότερον
1359 1443 1438 1505 είς
1470 1442 1568 1506 τὰς
1608 1441 1800 1507 πύλας,

231 1520 348 1576 εἶτα
375 1526 453 1587 είς
483 1524 581 1589 τὰς
609 1527 795 1592 αὐλὰς,
845 1529 1014 1594 οὓτως
1055 1533 1492 1603 ἐξομολογεῖσθαι
1538 1535 1801 1606 πρότερον

231 1613 328 1685 χρὴ
357 1614 422 1668 τὰ
456 1616 846 1689 ἁμαρτήματα,
889 1617 1007 1675 εἶτα
1041 1624 1227 1694 ὑμνεῖν
1253 1624 1345 1677 τὸν
1388 1625 1540 1691 Θεὸν,
1574 1626 1661 1679 ἵνα
1682 1664 1696 1690 ,
1732 1628 1797 1697 τῇ

228 1703 605 1777 ἐξομολογήσει
663 1709 1028 1784 καθαρθείσης
1064 1713 1163 1784 τῆς
1205 1713 1470 1786 γλώττης,
1506 1714 1742 1787 καθαρὸς
1772 1717 1801 1769 ό

1910 537 2051 589 atria
2079 537 2193 605 ejus
2218 537 2273 591 in
2301 537 2530 608 hymnis.
2577 539 3037 610 Commemorate,
3080 543 3277 613 inquit,
3303 546 3468 610 mala,

1907 627 1962 681 in
1986 629 2188 698 quibus
2223 630 2377 698 prius
2415 630 2806 698 versabamini,
2837 633 3059 704 quando
3104 635 3172 689 ab
3197 635 3318 691 aliis
3343 652 3471 706 pra-

1906 720 1989 775 vis
2041 719 2279 776 dominis
2324 721 2570 788 abducti,
2594 723 2785 792 procul
2843 740 2874 779 a
2930 725 3159 782 Domino
3200 726 3469 799 agebatis.

1907 812 2086 879 Quare
2109 812 2462 882 pristinarum
2496 813 2838 884 impietatum
2861 817 3228 885 confessione,
3259 835 3355 876 seu
3379 835 3473 878 as-

1906 903 2133 973 pergillo
2155 904 2264 968 usi,
2297 902 2643 974 ingredimini
2674 911 2866 976 portas
2894 907 3014 977 ejus
3068 925 3191 965 cum
3224 910 3420 967 ﬁducia
3451 929 3465 967 :

1903 994 2031 1064 quia
2086 995 2385 1050 secundum
2434 1002 2647 1064 portas,
2702 996 2758 1051 id
2804 1006 2913 1062 cst,
2964 1002 3386 1074 postprincipia
3416 1012 3471 1059 et

1903 1086 2111 1155 primos
2141 1088 2423 1142 servitutis
2476 1087 2569 1143 Dei
2610 1087 2913 1161 ingressus,
2950 1091 3005 1148 in
3045 1093 3305 1148 interiora
3331 1103 3386 1152 et
3412 1098 3469 1153 in

1904 1176 2043 1230 atria
2075 1182 2448 1245 transeuntes,
2482 1194 2594 1233 non
2633 1180 2776 1235 ultra
2820 1180 3172 1238 confessione
3215 1182 3472 1255 utemini,

1904 1267 1997 1322 sed
2031 1267 2250 1338 hymnis
2283 1269 2539 1340 deinceps
2566 1270 2671 1341 ipsi
2726 1272 2975 1327 vacaturi
3011 1274 3168 1330 estis.
3196 1274 3471 1341 Quemad-

1903 1358 2125 1415 modum
2176 1360 2321 1416 enim
2362 1361 2539 1431 primo
2574 1363 2629 1417 in
2660 1372 2869 1434 portas,
2894 1363 3089 1420 deinde
3117 1366 3174 1421 in
3206 1366 3359 1423 aulas
3394 1368 3472 1423 in-

1902 1450 2052 1521 gredi
2084 1466 2221 1522 opus
2253 1459 2358 1516 est,
2401 1452 2476 1507 ita
2506 1454 2683 1527 primo
2712 1463 2934 1524 peccata
2963 1457 3208 1513 conﬁteri
3232 1467 3469 1527 oportet,

1902 1547 2090 1609 postea
2131 1556 2261 1595 vero
2291 1540 2459 1596 Deum
2487 1542 2705 1613 hymnis
2735 1544 3034 1607 celebrare,
3064 1555 3147 1614 ut,
3174 1547 3356 1619 lingua
3375 1563 3473 1618 per

1901 1629 2299 1685 confessionem
2354 1640 2608 1703 purgata,
2661 1649 2835 1703 purus
2884 1634 3121 1723 hymnus
3189 1637 3468 1692 offeratur.

1901 1716 2140 1774 —V£tts.
2163 1721 2215 1774 5.
2240 1719 2572 1791 Conﬁtemini
2598 1722 2698 1778 illi.
2725 1722 2958 1780 Laudate
2985 1716 3168 1790 nomen
3189 1725 3325 1794 ejus,
3344 1743 3474 1795 quo-

231 1797 390 1867 ὑμνος
412 1802 822 1875 προσενεχθείη.
864 1806 1347 1879 Ἐξομολογεῖσθε
1372 1809 1552 1874 αὐτῷ.
1575 1809 1802 1863 Αἰνεῖτε

1907 1812 2046 1864 niam
2080 1814 2255 1866 suavis
2283 1822 2362 1866 est
2405 1812 2695 1879 Dominus,
2718 1816 2966 1884 quoniam
3005 1816 3061 1869 in
3102 1826 3354 1870 azternum
3380 1818 3475 1870 mi-

231 1890 289 1941 τὸ
341 1889 531 1959 ὄνομα
570 1896 779 1961 αὐτοῦ,
823 1897 912 1951 ὅτι
942 1900 1208 1968 χρηστός
1258 1905 1290 1955 ὀ
1321 1903 1569 1971 Κύριος·
1603 1901 1691 1954 ὅτι
1718 1903 1806 1968 εὶς

228 1982 329 2032 τὸν
372 1982 560 2037 αἰῶνα
616 1985 682 2039 τὸ
732 1988 903 2055 ἕλεος
944 1991 1152 2055 αὐτοῦ,
1199 1992 1299 2047 καὶ
1327 1992 1436 2059 ἕως
1464 1991 1674 2062 γενεᾶς
1705 1994 1804 2047 καὶ

230 2071 429 2141 γενεᾶς
485 2076 522 2144 ἡ
576 2078 827 2147 ἀλήθεια
863 2082 1068 2135 αὐτοῦ.
1094 2082 1330 2147 Δίκαιον,
1366 2086 1550 2154 φησὶν,
1583 2085 1803 2158 εὐχαρι-

230 2164 366 2216 στεῖν
385 2166 484 2217 καὶ
506 2167 693 2237 ὑμνεῖν
721 2169 812 2222 τὸν
840 2171 1071 2243 ἀρρήτῳ
1100 2174 1476 2246 φιλανθρωπία
1502 2175 1802 2246 χρώμενον,

230 2254 317 2306 καὶ
344 2260 469 2320 ταῖς
502 2259 733 2325 ἀγαθαῖς
769 2261 1125 2332 ὑποσχέσεσιν
1166 2265 1569 2320 ὲπιτιθέντατὺ
1607 2269 1802 2337 πέρας.

233 2344 296 2397 Ἀ
321 2345 425 2416 γὰρ
453 2349 546 2401 ἐπὶ
570 2351 664 2420 τῆς
686 2351 794 2405 τῶν
814 2355 1093 2425 προγόνων
1110 2356 1378 2427 ὑπέσχετο
1398 2360 1610 2427 γενεᾶς,
1632 2360 1804 2415 ταῦτα

227 2434 314 2491 ἐπὶ
349 2439 447 2509 τῆς
490 2443 762 2513 ἡμετέρας
804 2445 1154 2517 πεπλήρωκε,
1208 2450 1303 2503 καὶ⁹
1341 2450 1408 2520 ἢν
1446 2451 1804 2522 ἐπηγγείλατο

230 2532 520 2601 σωτηρίαν,
551 2534 766 2603 ἀληθῶς
785 2536 1098 2609 ἐδωρήσατο
1118 2554 1134 2571 ⁸
1161 2543 1253 2594 καὶ
1284 2542 1343 2595 οὑ
1371 2542 1638 2596 παύσεταί
1674 2560 1801 2597 ποτε

228 2624 256 2691 ή
285 2624 359 2685 είς
376 2625 531 2694 ἡμᾶς
553 2627 682 2696 παρ’
702 2627 866 2681 αὑτοῦ
896 2632 1160 2703 γενομένη
1186 2634 1494 2704 εὐεργεσία,
1511 2636 1629 2706 ἥτις
1656 2638 1803 2690 ἐστὶν

227 2713 472 2784 ἀλήθεια,
500 2716 639 2770 κατά
658 2718 738 2784 τὸ,
757 2720 1053 2789 Ἐμνήσθη
1075 2721 1363 2791 διαθήκης
1384 2727 1569 2780 αὐτοῦ
1594 2728 1681 2792 είς
1698 2727 1804 2780 τὸν

227 2806 399 2861 ιιὶῶνα
418 2824 431 2839 ·
476 2808 508 2879 ἦ
537 2810 616 2875 τὸ,
659 2810 1165 2883 Ἐξομολογεῖσθε,
1200 2816 1322 2869 ἀντὶ
1347 2817 1459 2882 τοῦ,
1517 2818 1604 2882 Ὦς
1634 2818 1803 2891 ίατρῷ

224 2896 291 2950 τὰ
312 2897 407 2969 τῆς
427 2898 612 2971 ψυχῆς
648 2902 1023 2974 ἀπογυμνοῦτε
1059 2906 1349 2978 τραύματα
1389 2908 1455 2960 δι’
1482 2908 1804 2981 ἐξομολογή-

230 3006 373 3054 σεως·
406 2993 753 3065 Θαρροῦντες
789 2996 849 3049 δὲ
875 2996 1032 3051 τοῦτο
1063 2998 1351 3070 πράττετε,
1387 3001 1564 3072 δόγμα
1605 3000 1803 3073 ἀληθὲς

228 3082 343 3152 περὶ
365 3082 535 3137 αὑτοῦ
569 3085 848 3153 μαθόντες,
883 3087 965 3140 ὅτι
1025 3088 1228 3157 ἀγαθός
1253 3090 1367 3142 ἐστι
1396 3092 1489 3143 καὶ
1520 3091 1801 3157 πολυέλεος

1905 1902 2196 1957 sericordia
2220 1904 2358 1974 ejus,
2383 1915 2433 1959 et
2464 1922 2626 1976 usque
2660 1908 2715 1962 in
2759 1908 3140 1979 generationem
3177 1916 3227 1961 et
3266 1923 3474 1978 genera-

1907 1995 2099 2048 tionem
2129 1996 2319 2049 veritas
2347 1996 2482 2065 ejus.
2511 1996 2951 2053 Consentaneum
2980 2005 3086 2062 est,
3117 1997 3315 2068 inquit,
3348 2013 3474 2068 gra-

1904 2085 2013 2141 tias
2051 2099 2235 2156 agere,
2270 2101 2334 2140 ac
2362 2101 2485 2141 eum
2510 2087 2728 2159 hymnis
2765 2089 3044 2144 celebrare
3087 2088 3179 2158 qui
3215 2088 3472 2143 ineﬂ‘abili

1902 2191 2029 2245 erga
2055 2175 2309 2231 homines
2332 2176 2622 2237 clementia
2656 2186 2742 2234 est
2764 2194 2920 2243 usus,
2947 2186 3003 2235 et
3042 2178 3136 2249 qui
3166 2179 3325 2234 bonis
3355 2181 3473 2234 suis

1903 2266 2393 2337 pollicitationibus
2445 2271 2738 2325 terminum
2795 2273 2996 2341 posuit.
3054 2270 3188 2325 Nam
3244 2285 3367 2340 qua:
3417 2270 3473 2324 in

1903 2374 2230 2430 proavorum
2262 2362 2616 2432 generatione
2660 2365 3011 2432 promiserat,
3046 2378 3109 2419 ea
3135 2377 3250 2419 aevo
3282 2369 3473 2417 nostro

1903 2452 2184 2522 implevit;
2212 2461 2266 2507 et
2294 2468 2456 2523 quam
2484 2453 2760 2524 pollicitus
2789 2466 2905 2509 erat
2933 2456 3183 2519 salutem,
3207 2470 3325 2510 eam
3346 2471 3474 2510 vere

1904 2542 2189 2614 impertiit;
2211 2560 2387 2615 neque
2419 2546 2563 2600 ullus
2584 2545 2709 2601 ﬁnis
2744 2546 2961 2602 futurus
2983 2554 3067 2602 est
3093 2548 3211 2617 ejus
3230 2561 3357 2617 erga
3372 2562 3473 2602 nos

1904 2634 2178 2701 beneﬁcii,
2217 2637 2359 2706 quod
2387 2644 2473 2692 est
2495 2637 2725 2702 veritas,
2746 2638 3052 2694 secundum
3076 2638 3210 2692 illud
3243 2653 3256 2688 ε
3291 2637 3476 2693 Recor-

1903 2724 2059 2779 datus
2088 2734 2168 2779 est
2196 2727 2495 2780 testamenti
2525 2726 2610 2781 sui
2631 2727 2689 2781 in
2717 2729 2993 2786 saeculum;
3025 2735 3118 2781 aut
3150 2727 3305 2794 illud,
3341 2727 3477 2784 Con-

1903 2817 2149 2886 ﬁtemini,
2196 2818 2278 2873 sic
2320 2818 2698 2889 accipiendum
2775 2829 2880 2883 est,
2920 2819 3203 2890 Tanquam
3264 2820 3477 2876 medico

1904 2906 2101 2961 anima:
2148 2908 2375 2963 vulnera
2425 2908 2529 2978 ipsi
2586 2923 2682 2978 per
2746 2908 3150 2965 confessionem
3216 2908 3470 2980 detegite.

1904 2996 2255 3054 Conﬁdenter
2279 3007 2461 3055 autem
2498 2998 2553 3052 id
2587 2999 2751 3070 agite,
2790 2998 2930 3054 bona
2966 2999 3032 3055 de
3076 3000 3196 3070 ipso
3225 3000 3477 3055 doctrina

1907 3084 2098 3140 imbuti
2134 3105 2148 3141 :
2175 3087 2435 3157 quoniam
2463 3087 2641 3142 bonus
2667 3094 2752 3143 est
2776 3094 2831 3142 et
2861 3089 3043 3143 multae
3087 3088 3475 3144 misericordia:

227 3149 313 3226 καί
349 3149 627 3246 ἀληθινός,
676 3178 770 3230 καὶ
803 3149 944 3233 κτατά
976 3149 1154 3235 πᾶσαν
1192 3149 1384 3250 γενεὰν
1426 3182 1680 3252 ἀληθείας

1907 3181 1961 3229 et
1991 3190 2178 3241 verax,
2201 3175 2333 3230 etin
2366 3175 2519 3230 omni
2547 3178 2901 3246 generatione
2932 3192 3217 3234 sermones
3238 3180 3357 3248 ejus
3387 3194 3475 3233 ve-

228 3284 407 3337 μουσιν
432 3270 491 3322 οἱ
517 3268 664 3339 λόγοι
687 3271 871 3326 αὑτοῦ.

613 3429 904 3484 ΨΑΛΜΟΣ
942 3431 1029 3503 TI}
1066 3433 1286 3487 ΔΑΥῘΔ.
1329 3433 1405 3485 P'.

294 3540 513 3605 Ἔλεος
539 3540 633 3592 καὶ
661 3540 860 3608 κρίσιν
881 3540 1103 3612 ᾆσομαί
1132 3558 1250 3606 σοι,
1273 3546 1476 3610 Κύριε·
1512 3544 1682 3613 gruit?)
1702 3546 1801 3601 καί

230 3631 477 3697 συνήσω
517 3634 586 3686 ἐν
626 3632 741 3697 ὀδῷ
785 3634 1032 3704 ἀμώμῳ,
1088 3638 1234 3689 πότε
1276 3636 1444 3704 ἥξεις
1492 3637 1643 3705 πρὸς
1689 3637 1802 3707 μέ;

235 3721 385 3776 ΙἬτοι
416 3724 509 3778 τὸν
545 3725 632 3779 σὸν
682 3725 828 3778 ἔλεον
852 3728 945 3779 καὶ
972 3726 1068 3798 τὴν
1112 3728 1210 3800 σὴν
1245 3728 1424 3799 κρίσιν
1464 3729 1684 3799 ᾄσομαι,
1712 3731 1802 3783 τὸν

231 3814 422 3885 τρόπον
465 3814 674 3880 διεξιὼν
703 3816 823 3870 καθ’
850 3817 908 3870 ὃν
942 3817 1208 3886 πέφυκας,
1242 3818 1302 3871 οὑ
1334 3818 1547 3890 πρῶτον
1576 3819 1801 3890 κρίνειν,

231 3903 415 3960 ἔπειτα
460 3907 663 3960 ἐλεεῖν·
714 3906 851 3960 ἀλλά
881 3907 1094 3979 πρῶτον
1136 3908 1324 3971 ἐλεεῖν,
1354 3907 1541 3961 ἔπειτα
1576 3909 1800 3979 κρίνειν,

233 4001 322 4052 καὶ
370 4001 510 4072 μετὰ
556 4000 964 4073 φιλανθρωπίας
1010 4000 1104 4055 καὶ
1152 4001 1334 4065 ἐλέους
1386 4000 1651 4056 ποιεῖσθαι
1705 4000 1803 4065 τὰς

233 4091 552 4160 ἀποφάσεις.
593 4085 668 4164 ᾞ
704 4092 813 4161 ἐγὼ
859 4091 1039 4157 αὐτὸς,
1076 4091 1221 4156 ἕλεος
1264 4092 1432 4145 ποιῶν
1475 4093 1570 4146 καὶ
1625 4092 1805 4163 κρίσιν

232 4178 320 4231 ἐπὶ
348 4181 474 4244 τοὺς
516 4180 763 4251 πλησίον,
795 4179 980 4254 θαρρῶ
1022 4182 1276 4252 παριέναι
1304 4181 1398 4237 ὲπὶ
1426 4181 1504 4252 τῷ
1541 4181 1686 4253 ᾅδειν
1722 4199 1804 4235 σοι

232 4272 321 4323 καὶ
364 4271 603 4340 ψάλλειν.
652 4273 861 4334 Συνιεὶς
897 4272 1027 4340 γοῦν
1074 4272 1220 4335 ὅπως
1262 4273 1369 4343 χρὴ
1407 4272 1563 4326 τοῦτο
1609 4275 1801 4337 ποιεῖν,

233 4362 327 4426 τὰς
354 4363 589 4434 ἐμαυτοῦ
611 4363 763 4427 ὁδοὺς
786 4362 1048 4433 ἀμώμους
1072 4364 1163 4416 καὶ
1185 4364 1505 4434 ἀμέμπτους
1532 4364 1802 4434 φυλάττω.

234 4456 595 4526 πεπεισμένος
638 4454 823 4508 τοῦτον
861 4456 950 4507 τὸν
981 4454 1178 4527 τρόπον
1223 4454 1567 4525 ἀρεσκόντως
1609 4472 1691 4508 σοι
1736 4455 1803 4508 δι’

233 4545 405 4617 ἔργων
435 4547 654 4614 ἀγαθῶν
689 4545 929 4616 ψάλλειν.
959 4546 1157 4599 Λοιπὸν
1189 4540 1283 4597 οῦν
1452 4545 1589 4617 πρὸς
1636 4546 1727 4616 μὲ,
1758 4538 1803 4598 ὧ

234 4639 425 4711 Κύριε,
462 4640 675 4711 ἕτοιμον
701 4639 949 4710 εὑρήσων
982 4640 1111 4710 παρ’
1137 4638 1260 4709 ἐμοὶ
1286 4638 1482 4707 μονήνο
1512 4636 1806 4709 ἐπειδήπερ

234 4730 409 4783 πάντα
437 4750 525 4801 μοι
548 4731 617 4784 τὰ
643 4730 783 4784 καλὰ
812 4729 1275 4802 παρεσκεύασται,
1305 4730 1647 4800 περιμένοντι
1677 4730 1806 4782 πότε

230 4819 381 4889 ἥξεις
423 4821 559 4892 πρὸς
594 4821 679 4892 μέ.
723 4807 1154 4889 Διεπορευόμην
1192 4820 1262 4873 ἐν
1305 4820 1525 4887 ἀκακία
1562 4819 1807 4887 καρδίας

232 4930 365 4979 μου,
394 4914 466 4965 ἐν
499 4911 665 4981 μέσῳ
702 4912 804 4966 τοῦ
833 4914 1004 4966 οἴκου
1033 4930 1172 4981 μου.
1207 4913 1289 4965 Οὐ
1326 4911 1659 4980 προεθέμην
1693 4910 1806 4978 πρὸ

234 5005 559 5074 ὀφθαλμῶν
586 5004 822 5074 πρᾶγμα
849 5004 1193 5073 παράνομον
1215 5022 1227 5034 ο
1272 5003 1593 5069 ποιοῦντας
1625 5020 1809 5071 παρα-

236 5097 441 5164 ϐάσεις
494 5100 777 5168 ἐμίσησα.
832 5101 895 5151 Οί
945 5100 1042 5169 μὲν
1097 5099 1283 5151 πολλοὶ
1338 5097 1446 5151 τῶν
1508 5095 1808 5168 ἀνθρώπων

236 5187 693 5259 σχηματιζόμενα
738 5189 875 5243 κατὰ
920 5188 1019 5253 τὰς
1069 5189 1272 5260 ἀγορὰς
1312 5189 1498 5260 σεμνοὶ
1531 5188 1809 5258 φαίνονται

235 5280 327 5331 καὶ
354 5271 670 5344 ’ἐπιεικεῖςο
716 5279 774 5333 ὲν
822 5278 878 5333 δὲ
926 5282 1045 5343 ταῖς
1100 5279 1305 5333 ἑαυτῶν
1349 5278 1584 5342 οἰκίαις,
1630 5277 1809 5330 οὑκέτι

235 5370 572 5440 κρύπτοντες
612 5374 703 5427 τὸν
753 5370 959 5425 ἑαυτῶν
1005 5370 1222 5442 τρόπον,
1264 5370 1575 5441 ἐλέγχονται
1620 5368 1811 5437 φαῦλοί

233 5476 379 5523 τινες
407 5459 563 5525 ὅντες
582 5479 594 5491 ·
632 5462 741 5531 ἐγὼ
766 5462 844 5526 δὲ,
878 5462 1060 5532 φησὶν,
1094 5461 1162 5512 ἐν
1181 5461 1399 5527 ἀκακία
1427 5459 1671 5527 καρδίας
1692 5476 1811 5527 μου

234 5549 305 5603 ἐν
322 5551 497 5620 μέσῳ
524 5553 631 5606 τοῦ
663 5554 834 5607 οἴκου
863 5570 978 5622 μου
1002 5551 1352 5619 ἐπορεύθην,
1384 5552 1483 5604 οὑκ
1513 5550 1650 5620 ἔχων
1676 5549 1811 5602 ἐσω-

238 5641 331 5696 θεν
361 5645 427 5695 ἐκ
455 5644 558 5713 τῆς
588 5644 811 5715 καρδίας
846 5661 945 5714 μου
975 5643 1215 5707 ἐξιόντας
1243 5642 1622 5711 διαλογισμοὺς
1648 5658 1812 5709 πονη-

243 5734 391 5804 ρούς.
423 5734 695 5788 Οὐδέποτε
752 5734 881 5803 γοῦν
914 5734 1054 5789 κατὰ
1092 5734 1405 5807 προαίρεσίν
1450 5752 1499 5788 τι
1530 5734 1773 5805 ἥμαρτον
1794 5748 1810 5765 δ

1904 3267 2085 3321 ritatis
2104 3266 2249 3337 pleni
2280 3275 2429 3323 sunt.

2270 3419 2595 3477 PSALMUS
2632 3419 2762 3477 lPSl
2801 3421 3026 3477 DAVID.
3068 3423 3129 3479 C.

1979 3535 2141 3592 Vens.
2184 3536 2241 3599 2,
2291 3536 2345 3591 5.
2386 3534 2809 3589 Misericordiam
2860 3545 2909 3590 et
2937 3536 3202 3605 judicium
3252 3536 3479 3593 cantabo

1906 3627 2022 3693 tibi,
2051 3628 2271 3681 Domine
2296 3627 2561 3694 :psallam
2599 3637 2648 3680 et
2689 3626 2979 3695 intelligam
3010 3626 3065 3679 in
3102 3628 3185 3679 via
3219 3628 3479 3681 immacu-

1906 3722 2040 3786 lata,
2080 3719 2291 3789 quando
2328 3720 2497 3772 uenies
2549 3717 2618 3771 ad
2656 3719 2774 3770 me?
2810 3715 2865 3769 ld
2898 3725 3001 3784 est,
3043 3718 3481 3774 misericordiam

1906 3820 2054 3866 tuam
2085 3825 2139 3868 et
2159 3812 2428 3882 judicium
2459 3818 2612 3864 tuum
2650 3811 2905 3874 cantabo,
2942 3809 3162 3865 modum
3193 3811 3475 3880 explicans

1905 3916 2015 3971 quo
2046 3901 2212 3965 soles,
2244 3914 2353 3954 non
2384 3900 2616 3968 primum
2650 3898 2923 3965 judicare,
2955 3898 3151 3953 deinde
3188 3899 3473 3966 misereri;

1906 3992 2002 4046 sed
2038 3991 2271 4060 primum
2297 3989 2568 4052 misereri,
2601 3997 2790 4060 postea
2817 3989 3089 4059 judicare,
3120 4005 3185 4044 ac
3213 4006 3336 4044 cum
3365 3992 3477 4046 cle—

1905 4085 2105 4140 mentia
2141 4096 2193 4139 et
2223 4081 2598 4138 misericordia
2632 4083 2957 4138 sententiam
2991 4082 3149 4139 ferre.
3171 4084 3351 4150 Quare
3378 4100 3477 4156 ego

1906 4176 2043 4245 ipse,
2086 4191 2210 4230 cum
2251 4175 2685 4231 misericordiam
2736 4187 2792 4233 et
2825 4178 3092 4247 judicium
3136 4193 3262 4249 erga
3299 4168 3478 4248 proxi-

1906 4284 2055 4323 mum
2104 4282 2411 4334 exerceam,
2459 4270 2633 4325 audeo
2667 4272 2931 4327 accedere
2963 4273 3031 4329 ad
3067 4273 3371 4327 canendum
3421 4279 3478 4325 et

1907 4362 2249 4433 psallendum
2282 4362 2401 4417 tibi.
2449 4360 2670 4420 Gnarus
2704 4364 2887 4434 itaque
2920 4379 3029 4434 quo
3069 4371 3229 4434 pacto
3262 4365 3314 4418 id
3352 4378 3477 4434 per-

1835 4475 1883 4538 D
1909 4467 2068 4523 agere
2095 4467 2233 4521 opus
2264 4452 2354 4517 sit,
2387 4451 2505 4507 vias
2549 4468 2698 4508 meas
2728 4453 3035 4523 inculpalas
3077 4459 3131 4509 et
3163 4452 3479 4509 immacula-

1909 4555 1990 4597 Ias
2032 4541 2304 4606 custodio,
2347 4558 2669 4613 persuasum
2698 4542 2908 4599 habens
2930 4544 3032 4598 hoc
3071 4542 3234 4598 modo
3264 4558 3349 4598 me
3377 4543 3478 4598 tibi

1906 4633 2233 4703 placiturum
2270 4648 2362 4701 per
2397 4632 2537 4687 bona
2573 4647 2737 4701 opera
2768 4629 3069 4702 psallendo.
3102 4629 3164 4685 ln
3199 4639 3478 4700 posterum

1909 4727 2093 4797 igitur,
2136 4740 2170 4778 ο
2210 4724 2462 4787 Domine,
2501 4725 2568 4779 ad
2596 4740 2682 4779 me
2710 4724 2921 4787 venias,
2949 4730 3190 4793 paratam
3219 4723 3361 4793 apud
3392 4738 3480 4778 me

1909 4818 2247 4872 mansionem
2273 4824 2626 4886 reperturus:
2657 4815 3094 4885 quandoquidem
3126 4816 3309 4869 omnia
3335 4814 3479 4883 apud

1909 4926 1994 4964 me
2024 4910 2162 4963 bona
2198 4919 2383 4979 parata
2427 4918 2574 4971 sunt,
2607 4915 3015 4977 exspectantem
3045 4906 3264 4977 quando
3296 4906 3480 4960 venies

1910 5002 1976 5056 ad
2011 5018 2113 5055 me.
2159 5000 2600 5055 Perambulabam
2643 5001 2699 5053 in
2745 5000 3039 5053 innocentia
3077 4998 3251 5053 cordis
3286 4998 3385 5050 mei
3423 4998 3482 5051 in

1911 5094 2080 5148 medio
2137 5093 2319 5148 domus
2378 5109 2504 5147 mea:
2539 5107 2558 5145 .'
2588 5108 2689 5145 non
2731 5092 3083 5161 proponebant
3132 5099 3252 5144 ante
3301 5090 3480 5143 oculos

1911 5203 2016 5240 rem
2046 5186 2322 5255 injustam,
2357 5184 2607 5253 facientes
2629 5183 3088 5252 praevaricationes
3121 5181 3279 5237 odiui.
3310 5179 3483 5235 Pleri-

1911 5293 2017 5349 que
2044 5293 2111 5332 ex
2141 5276 2457 5330 hominibus
2484 5274 2742 5329 ementita
2765 5273 2947 5343 specie
2974 5272 3029 5327 in
3059 5271 3178 5327 foro
3198 5286 3390 5342 graves
3426 5277 3483 5325 et

1911 5369 2066 5438 probi
2094 5367 2347 5422 videntur
2368 5380 2527 5431 esse;
2562 5364 2706 5419 domi
2732 5380 2883 5425 vero,
2918 5379 3028 5418 non
3055 5362 3339 5418 occultatis
3363 5377 3482 5415 mo-

1912 5459 2087 5522 ribus,
2117 5456 2345 5524 improbi
2371 5470 2494 5509 esse
2540 5452 3042 5523 deprehenduntur.
3080 5452 3194 5523 Ego
3216 5466 3364 5515 vero,
3395 5453 3481 5505 in-

1914 5547 2051 5616 quit,
2084 5542 2442 5614 perantbulavi
2475 5542 2529 5594 in
2553 5540 2851 5594 innocentia
2883 5538 3057 5593 cordis
3080 5541 3198 5601 mei,
3225 5538 3279 5590 in
3312 5538 3481 5592 medio

1914 5638 2099 5693 domus
2124 5650 2272 5697 mete,
2304 5633 2482 5688 nullas
2521 5634 2576 5688 in
2603 5648 2686 5687 me
2726 5632 2930 5686 habens
2973 5631 3332 5700 cogitationes
3364 5644 3481 5684 ma-

1916 5733 1995 5785 las
2029 5746 2093 5786 cx
2125 5726 2289 5783 corde
2327 5725 2672 5797 prodeuntes.
2703 5722 2990 5792 Nunquam
3015 5726 3156 5777 enim
3186 5738 3251 5777 ex
3282 5720 3478 5776 alicula
