3868 6282
364 322 505 387 1243
1104 324 1370 385 EUSEBII
1397 318 1872 382 CAESABIENSlS
1907 317 2056 375 OPP.
2093 316 2274 374 PARS
2313 313 2398 374 Ill.
2438 349 2507 362 —
2542 315 2951 372 EXEGETICA.
3481 306 3613 363 i244

364 446 658 519 peccabam
688 467 702 504 :
727 448 821 505 sed
862 446 908 506 si
954 446 1087 520 quid
1130 446 1264 503 mibi
1298 447 1617 502 humanitus
1649 438 1886 496 accideri

2111 437 2167 490 δὲ
2199 437 2290 492 καί
2323 455 2376 491 τι
2406 435 2602 508 συνέϐη
2649 432 3004 503 ἀνθρώπινον,
3045 428 3156 483 ἀλλ’
3190 427 3250 480 οὐ
3280 422 3617 496 προθεμένην.)

366 541 422 596 id
449 556 556 596 non
581 557 648 596 ex
676 541 957 612 proposito
985 557 1106 596 meo
1142 541 1346 596 factum
1374 546 1480 595 est.

1059 557 1106 596 ιο
1142 541 1346 596 factum
1374 546 1480 595 est.
2046 546 2146 601 μου
2175 528 2333 583 τοῦτο
2356 529 2586 596 ἐγένετο.

438 631 602 687 Vens.
641 605 694 688 Αἰ
738 605 860 688 Δίοη
907 633 1132 689 adhaesit
1168 631 1295 686 mihi
1329 648 1418 686 cor
1453 645 1693 699 pravum.
1728 628 1938 683 Diaboli

2117 625 2238 677 Οὐκ
2267 620 2570 690 ἐκολλήθη
2598 637 2700 690 μοι
2732 615 2942 686 καρδία
2979 611 3237 682 σκαμϐή.
3271 609 3354 663 Τὰ
3384 607 3476 660 τοῦ
3503 605 3620 699 at?

369 725 619 790 consilia,
668 734 858 798 utpote
883 740 1004 796 quae
1046 734 1256 781 rectum
1306 695 1728 786 nihil‘habeant,
1771 737 1896 793 prav

2096 716 2200 768 5λου
2235 713 2594 786 βουλεύματα,
2631 712 2725 765 ἆτε
2761 709 2926 780 μηδὲν
2961 707 3114 769 εύθὲς
3153 704 3368 774 ἔχοντα,

370 832 502 872 sane
523 827 575 872 et
602 792 853 888 perversa
879 792 1031 883 s—unt,
1071 832 1193 888 quae
1221 829 1526 886 nunquam,
1563 812 1661 875 ait,
1701 812 1755 866 in
1777 792 1897 867 cord

2094 807 2104 862 Ξ
2157 809 2271 861 ἐστι
2319 806 2413 861 καὶ
2457 801 2883 876 διεστραμμένα,
2937 799 3080 869 ἆπερ
3133 795 3392 849 οὐδέποτε
3445 795 3502 888 ἐν
3553 792 3621 861 τῇ

371 908 567 964 admisi
641 923 844 980 gnarus
888 882 1040 975 vero,
1087 882 1211 964 eum
1261 882 1370 979 qui
1406 906 1642 961 adhaeret
1671 904 1823 974 justo
1849 904 1898 974 ju

2096 901 2240 973 ιρδίᾳ
2261 898 2621 968 είσδέδεγμαι,
2653 895 2836 966 φησίν·
2868 890 3022 954 είδὼς
3057 889 3132 954 δὲ,
3162 889 3243 941 ὅτι
3275 887 3304 938 ὁ
3342 882 3623 980 κολλώμ-

370 1010 515 1058 stum
568 1000 951 1066 fore,-omnem
998 1016 1315 1074 perversum
1371 1016 1457 1054 me
1510 1001 1826 1069 contingere
1877 1012 1897 1050 a

2102 1007 2134 1052 »ς
2179 987 2369 1058 δικαίῳ
2412 987 2617 1050 δίκαιος
2663 984 2835 1049 ἔσται,
2879 981 3054 1034 πάντα
3084 979 3408 1047 διὰστροφν
3453 973 3629 1042 ἄνδρα

371 1094 501 1147 mihi
542 1093 816 1149 adhaerere
844 1094 1170 1149 abnuebam.
1199 1090 1334 1145 Nam
1379 1101 1585 1146 rectum
1621 1104 1789 1145 curvo
1815 1104 1898 1144 co:

2104 1080 2407 1155 ιρῃτούμην
2436 1074 2795 1133 συνάπτεσθαί
2823 1090 2914 1145 μοι
2951 1072 3045 1124 καὶ
3071 1066 3364 1123 κολλᾶσθαί
3406 1082 3515 1135 μοι.

370 1185 509 1252 ptari
552 1186 762 1255 nequit,
793 1193 981 1256 utpote
1011 1184 1156 1256 quod
1177 1183 1450 1254 quadrare
1485 1189 1738 1252 nequeat.
1771 1181 1897 1236 Decl

2108 1153 2154 1246 rp
2203 1172 2331 1226 εὐθὺ
2376 1169 2454 1242 τῷ
2501 1166 2746 1241 στρεὸλῷ
2801 1162 3132 1232 συναφθῖψαι
3183 1161 3245 1212 οὐ
3291 1157 3515 1211 δύναται
3553 1153 3635 1254 ὡς

371 1284 530 1329 nante
559 1293 592 1329 a
615 1292 695 1330 me
716 1277 947 1348 maligno
975 1243 1079 1330 non
1100 1272 1492 1345 cognoscebam.
1524 1271 1621 1327 Vir
1645 1271 1898 1343 perfectu:

2108 1243 2406 1337 ιάρμοστον.
2453 1261 2868 1323 Ἑκκλίνοντος
2900 1255 3000 1310 ἀπ’
3036 1252 3180 1322 ἐμοῦ
3217 1249 3326 1304 τοῦ

370 1371 462 1441 qui
490 1386 588 1426 cor
625 1337 940 1441 perversum
980 1385 1090 1426 non
1132 1369 1294 1424 habet
1325 1370 1380 1423 in
1409 1368 1553 1438 quod
1579 1367 1753 1437 possit
1785 1367 1891 1421 mal

2112 1375 2159 1411 vx
2200 1357 2548 1426 ἐγίνωσκον.
2586 1353 2645 1405 '0
2685 1350 2907 1412 τέλειος,
2951 1345 3174 1417 καρδίαν
3222 1340 3474 1410 σκαμϐὴν
3487 1337 3639 1441 ἡούκ

369 1479 510 1533 gnus
539 1464 774 1533 operari,
808 1462 920 1516 Deo
960 1462 1237 1533 repletur;
1268 1462 1343 1515 ita
1374 1468 1434 1515 ut
1484 1461 1777 1531 malignus,
1815 1475 1896 1514 Cll]

2107 1465 2207 1518 inv,
2241 1447 2320 1510 είς
2369 1445 2432 1515 ἢν
2463 1443 2700 1513 ἐνεργεῖν
2739 1442 2768 1494 ὁ
2806 1437 3038 1509 πονηρὸς
3080 1433 3324 1494 δύναται,
3362 1429 3457 1481 τού
3483 1423 3634 1480 Θεοῦ

371 1522 548 1608 locum
575 1522 721 1622 apud
746 1522 870 1607 eum
902 1522 1312 1621 non.reperiat,
1341 1548 1577 1605 declinet
1605 1522 1673 1605 ab
1697 1522 1809 1605 eo:
1843 1549 1898 1604 de

2110 1538 2438 1609 ιπλήρωται·
2474 1534 2612 1587 ὥστε
2660 1532 2751 1585 τὸν
2797 1528 3048 1599 πονηρὸν,
3100 1525 3175 1597 μὴ
3219 1525 3412 1593 ἔχοντα
3459 1522 3637 1622 τόξον

369 1608 822 1700 elinante'autem
849 1643 964 1707 illo,
997 1608 1195 1713 inquit,
1223 1657 1333 1697 non
1357 1641 1774 1713 cognoscebam,
1813 1642 1896 1712 qui

2108 1630 2180 1701 tp’
2225 1608 2394 1698 αὐτῷ,
2439 1623 2704 1678 ἐκκλίνειν
2756 1620 2849 1675 ἀπ’
2902 1617 3104 1671 αὑτοῦ·
3160 1614 3502 1674 ἐκκλίνοντος
3557 1608 3635 1671 δὲ,

372 1735 673 1804 praesentia:
715 1734 836 1804 ejus
869 1749 1033 1790 sensu
1074 1702 1375 1789 destitutus
1411 1702 1582 1800 eram,
1615 1733 1708 1804 qui
1739 1702 1848 1788 nec
1874 1733 1899 1788 d

2114 1721 2234 1792 ισὶν,
2269 1720 2368 1773 οὐκ
2412 1717 2740 1786 ἐγίνωσκον·
2779 1711 2858 1783 τῷ
2906 1710 2980 1781 μὴ
3025 1707 3279 1778 αἴσθησιν
3320 1702 3641 1804 παρρυσίας

373 1792 466 1881 illo
495 1792 824 1898 cogitabam,
869 1843 971 1884 nec
1019 1842 1159 1898 opus
1205 1843 1331 1882 eum
1365 1827 1459 1882 illo
1498 1792 1789 1881 habebam.
1820 1823 1900 1881 Ha

2115 1811 2213 1866 ιτοῦ
2245 1809 2533 1882 ἐσχηκέναι
2554 1824 2568 1837 °
2598 1807 2658 1860 ού
2679 1805 2787 1877 γὰρ
2814 1802 3104 1873 ἐνθύμημα
3128 1799 3163 1870 ἢ
3195 1797 3353 1898 ἔργον
3387 1794 3494 1898 τῶν
3534 1792 3642 1898 αξι-

373 1933 538 1988 porro
565 1885 850 1988 intelliges
882 1885 1101 1988 quoque
1141 1915 1209 1971 de
1256 1915 1477 1971 homine
1517 1915 1776 1987 maligno,
1820 1917 1900 1986 qui

2115 1905 2144 1958 ὖ
2169 1904 2324 1974 ἔσχον
2355 1901 2484 1974 παρ’
2515 1899 2657 1970 ἐμοί.
2687 1897 2919 1967 Νοήσεις
2948 1893 3005 1946 δὲ
3040 1891 3214 1945 ταῦτα
3240 1887 3336 1941 καὶ
3365 1886 3495 1958 περὶ
3532 1885 3642 1937 ἀν-

373 2025 473 2064 nec
499 2025 624 2065 cum
655 2009 961 2074 accederet,
987 2023 1087 2064 nec
1111 2023 1235 2064 cum
1266 2007 1592 2070 discederet,
1625 2006 1900 2063 sentieban

2116 1996 2272 2050 ιώπου
2311 1990 2570 2066 πονηροῦ,
2616 1991 2696 2044 ὅτι
2743 1987 2850 2041 οὐδ’
2895 1986 2983 2039 ὅτε
3032 1981 3354 2055 προσῆλθεν,
3383 1978 3492 2030 οὐδ’
3539 1977 3643 2030 ὅτε

374 2100 451 2154 ita
482 2099 774 2170 pestiferos
807 2068 1058 2154 homines
1094 2097 1518 2169 vilipendebam,
1554 2068 1616 2152 ac
1649 2113 1756 2152 non
1787 2113 1901 2154 nos:

2115 2087 2316 2159 ιεχώρει
2346 2084 2595 2155 αἴσθησιν
2622 2077 2944 2150 ἐλάμϐανον,
2977 2073 3150 2137 οὕτως
3174 2074 3231 2125 ἐν
3262 2070 3438 2124 οὐδενὶ
3469 2068 3642 2139 μέρει

365 2192 696 2248 simulabant
743 2211 756 2246 :
812 2207 912 2248 nec
971 2191 1118 2247 enim
1181 2190 1448 2262 dignabar
1501 2191 1710 2246 amicus
1759 2206 1888 2244 eoru

2101 2173 2349 2251 τοιούμήν
2394 2177 2520 2238 τοὺς
2565 2171 2806 2244 λοιμοὺς,
2875 2168 2970 2223 καὶ
3013 2166 3164 2220 οὐδὲν
3211 2163 3407 2217 εἰδέναι

371 2297 516 2338 esse.
543 2281 682 2337 Num
715 2285 842 2353 quia
871 2283 1140 2354 superbus
1171 2249 1272 2337 es;
1305 2279 1681 2351 Nequaquam,
1715 2279 1790 2334 ait
1814 2299 1829 2349 ;
1853 2296 1898 2335 se

2116 2249 2386 2341 τοιούρθιλνἰ
2417 2267 2476 2321 οὐ
2511 2265 2621 2335 γὰρ
2658 2262 2844 2332 ⁴ἠξίουν
2873 2256 3009 2314 εἶναι
3049 2258 3199 2328 φίλον
3245 2254 3445 2354 αύτῶνῖ
3478 2249 3643 2322 Ἆρα

374 2374 559 2430 sciens
589 2344 747 2438 illud,
768 2344 1123 2442 Corrumpunt
1152 2389 1321 2427 mores
1346 2344 1901 2442 bo-nos-colloquiavprl

2116 2382 2128 2429 ;
2168 2363 2547 2436 ὑπερήφανοςς
2594 2354 2880 2427 Οὐδαμῶς,
2929 2349 3127 2423 φησίν·
3183 2347 3293 2442 ἀλλ’
3336 2344 3643 2442 είδὼςκὸτι

375 2482 437 2520 ea
456 2465 500 2529 ⁸,
536 2481 659 2520 cum
692 2466 848 2520 malis
875 2465 1192 2521 societatem
1223 2479 1332 2518 non
1360 2463 1586 2518 inibam.

2118 2456 2407 2526 ἳείρουσιν
2443 2451 2559 2520 ἤθη
2585 2447 2818 2519 χρηστὰ
2849 2443 3070 2514 ὁμιλίαι
3101 2440 3298 2504 κακαὶ,
3325 2438 3386 2491 ού
3424 2435 3645 2490 συνδιε-

2051 2548 2278 2620 τιθέμην
2310 2548 2422 2609 τοῖς
2449 2543 2724 2615 πονηροῖς.

443 2637 610 2694 Vens.
656 2640 708 2695 5.
751 2637 1117 2694 Detrahentem
1162 2648 1358 2695 secreto
1392 2640 1634 2710 proximo
1667 2656 1783 2708 suo,
1813 2642 1950 2696 hunc

2129 2618 2241 2695 be
2267 2635 2726 2693 καταλαλοῦντα
2755 2630 2948 2698 λάθρα
2973 2627 3082 2683 τὸν
3119 2625 3385 2693 πλησίον
3419 2618 3644 2685 αὑτοῦ,

371 2729 737 2801 persequebar.
766 2730 903 2785 Cum
935 2731 1232 2797 hominem,
1272 2731 1470 2802 inquit,
1517 2738 1633 2787 tum
1673 2732 1898 2804 cogitati

2119 2733 2268 2786 ﬂeor
2290 2728 2628 2795 ἐξεδίωκον.
2673 2723 2787 2778 Καὶ
2815 2720 3124 2793 ἄνθρωπον,
3160 2717 3313 2788 φησι,
3345 2714 3444 2769 καὶ
3483 2713 3646 2783 λογι-

374 2839 498 2880 nem
529 2823 662 2879 mihi
703 2823 910 2895 aliquid
937 2824 1062 2878 mali
1087 2833 1279 2880 contra
1305 2825 1616 2896 quempiam
1646 2840 1901 2896 suggerer

2122 2824 2192 2877 ιὸν
2216 2817 2590 2877 ὑποϐάλλοντα
2621 2834 2674 2872 τι
2711 2813 2943 2886 πονηρόν
2983 2829 3072 2883 μοι
3117 2811 3257 2864 κατά
3280 2825 3428 2872 τινος
3448 2804 3649 2870 ἐξέὁαο

372 2920 508 3000 tem,
531 2929 599 2969 ex
627 2915 792 2970 corde
823 2914 1089 2985 pellebam
1118 2923 1180 2970 ut
1200 2929 1393 2970 canem
1421 2915 1562 2970 clam
1581 2915 1899 2971 mordenten

2119 2934 2144 2969 ν
2172 2918 2236 2969 ἐκ
2277 2914 2377 2984 τῆς
2416 2911 2642 2983 καρδίας
2678 2925 2800 2979 μου,
2841 2907 2916 2970 ὡς
2958 2903 3096 2958 κύνα
3134 2901 3532 2974 λαθροδήκτην.
3583 2899 3646 2952 ⁸0

372 2991 510 3062 ﬁam
535 3008 618 3064 vir
639 3008 868 3079 probus,
901 3009 992 3080 qui
1029 3009 1084 3063 in
1113 3008 1373 3065 omnibus
1405 3008 1636 3064 ﬁdenter
1673 3025 1836 3080 agere
1866 3026 1899 3066 si

2117 3025 2162 3079 :p
2203 3004 2508 3066 σπουδαῖος,
2545 3003 2603 3054 ἐν
2643 2998 2804 3053 παντί
2834 3014 2912 3068 τῳ
2956 2993 3269 3066 παρρησίαν
3309 2991 3455 3062 ἔχειν
3498 2991 3644 3080 αγα-

375 3101 469 3166 let,
512 3099 654 3156 sicut
679 3116 742 3154 ea
779 3116 900 3170 quae
920 3079 1068 3156 clam
1102 3108 1363 3171 aguntur,
1403 3106 1590 3171 utpote
1619 3079 1902 3156 confusior

2118 3099 2198 3166 iw,
2226 3097 2414 3167 ὥσπερ
2453 3095 2522 3148 τὰ
2567 3092 2741 3164 λάθρα
2786 3087 3037 3160 δρώμενα
3078 3085 3156 3156 τῷ
3202 3083 3467 3154 αἰσχύνης
3500 3079 3645 3135 εἶναι

2479 3190 2500 3202 .
2701 3182 2805 3202 μ,
2856 3181 2942 3202 --με
2997 3178 3053 3202 ..ι
3102 3178 3281 3202 um-..
3329 3176 3359 3202 ι
3419 3175 3645 3202 ι--,.ε-...

375 3190 559 3260 digna,
593 3201 904 3260 aversatur;
952 3191 1026 3265 ita
1062 3199 1276 3248 secreto
1305 3199 1498 3246 contra
1532 3193 1840 3262 quempiam
1866 3210 1902 3247 νε

2118 3209 2200 3255 ια,
2242 3190 2624 3261 παραιτεῖταιο
2670 3182 2812 3237 οὕτω
2853 3181 2948 3235 καὶ
2996 3178 3058 3232 ’τὸ
3102 3178 3281 3247 λέγειν
3329 3176 3361 3246 ἢ
3416 3175 3645 3228 ἀκούειν

378 3281 559 3338 dicere
589 3283 792 3352 aliquid
820 3284 903 3339 vel
941 3283 1131 3339 audire
1159 3298 1269 3338 non
1303 3284 1536 3339 sustinet
1564 3302 1576 3339 :
1613 3299 1735 3337 nam
1769 3284 1821 3338 id
1857 3284 1905 3338 in

2118 3284 2197 3338 ιτά
2235 3297 2380 3343 τινος
2428 3277 2670 3350 κρύϐδην
2710 3274 2810 3327 οὐκ
2857 3271 3136 3343 άνέχεται’
3177 3267 3483 3338 κακοήθους
3529 3268 3645 3338 γὰρ

380 3372 533 3445 probi
565 3379 620 3427 et
647 3373 926 3429 illiberalis
955 3382 1101 3430 esset
1130 3393 1144 3430 :
1174 3389 1274 3431 nec
1293 3373 1563 3444 ejusmodi
1587 3390 1674 3431 res
1707 3375 1907 3446 perieul

2116 3377 2148 3427 ιὶ
2183 3370 2533 3442 ἀνελευθέρου
2581 3367 2641 3421 τὸ
2680 3366 2904 3439 χρῆμα,
2945 3365 3251 3433 ἐπήρτηται
3291 3361 3348 3414 δὲ
3391 3359 3643 3420 κίνδυνος

380 3473 558 3530 vacat,
592 3481 715 3521 cum
749 3465 1031 3534 Scriptura
1066 3466 1252 3522 dicat:
1283 3465 1364 3521 Ille
1386 3484 1529 3522 ames
1561 3470 1855 3536 detrahere,
1891 3487 1907 3524 ι

2116 3465 2130 3518 i
2170 3463 2489 3538 πράγματι,
2528 3464 2625 3532 τῆς
2670 3458 2891 3531 Γραφῆς
2940 3455 3238 3524 λεγούσης*
3285 3452 3380 3520 Μὴ
3429 3451 3643 3520 ἀγάπα

380 3556 442 3613 de
495 3557 663 3613 medio
712 3559 997 3625 tollaris’;
1031 3567 1106 3625 et,
1156 3559 1338 3615 Nolite
1384 3560 1659 3616 detrahere
1706 3564 1907 3618 invicen

2115 3555 2437 3620 ιταλιιῑεῖν,
2486 3554 2586 3607 ἵνα
2625 3551 2712 3620 μὴ
2753 3547 3010 3618 ἐξαρθῇς
3031 3565 3042 3577 ·
3089 3547 3205 3609 καὶ,
3231 3543 3328 3614 Μὴ
3372 3546 3642 3599 καταλα-

381 3651 596 3719 fratres,
638 3669 702 3707 ne
730 3651 826 3707 sub
851 3653 1114 3722 judicium
1155 3652 1363 3708 cedatis
1383 3655 1450 3712 ¹⁰.
1488 3653 1629 3721 Quid
1661 3657 1733 3710 sit
1765 3656 1908 3712 detra

2117 3649 2214 3702 ιῖτε
2243 3645 2550 3714 ἀλλήλων,
2596 3643 2866 3712 ἀδελφοί,
2895 3643 2997 3695 ἵνα
3030 3639 3114 3710 μὴ
3147 3638 3265 3694 ὑπὸ
3299 3638 3508 3706 κρίσιν
3537 3636 3644 3688 πέ-

382 3745 530 3811 here,
546 3745 703 3814 quasi
729 3747 976 3816 exemplo
993 3745 1383 3801 declarandum
1406 3755 1517 3803 est:
1547 3763 1657 3803 non
1688 3749 1862 3817 enim,
1889 3753 1909 3806 ι

2116 3757 2222 3810 τετε.
2257 3738 2403 3792 Τίδέ
2433 3740 2548 3791 ἐστι
2576 3736 2636 3789 τὸ
2663 3734 2982 3790 καταλαλεϊν
3009 3731 3085 3796 ὡς
3117 3733 3176 3784 ὲν
3212 3729 3367 3800 τύπῳ
3402 3727 3643 3798 παραδο-

383 3835 568 3904 aliquo
591 3835 732 3890 clam
763 3835 983 3906 obloqui
1023 3852 1242 3907 quoque
1271 3837 1455 3905 modo,
1495 3838 1631 3894 illud
1660 3847 1746 3896 est
1769 3839 1910 3897 detr:

2110 3836 2176 3889 ἱον
2195 3850 2208 3864 ·
2243 3832 2304 3885 οὐ
2348 3830 2456 3903 γὰρ
2486 3831 2549 3883 τὸ
2579 3827 2826 3883 ὁπωσοῦν
2857 3826 3034 3894 λέγειν
3075 3824 3201 3894 περί
3224 3840 3367 3886 τινος
3410 3823 3509 3874 καὶ
3541 3821 3637 3874 λά·

384 3926 536 3982 here.
564 3924 887 3997 Plerumque
922 3926 1067 3982 enim
1098 3926 1166 3983 de
1189 3927 1376 3998 aliquo
1404 3938 1538 3983 tunc
1565 3929 1795 3986 absente
1816 3932 1911 3985 ma‘

2110 3945 2164 3982 ia.
2188 3925 2396 3980 ἐκείνου
2426 3922 2743 3977 καταλαλεῖν
2767 3923 2912 3975 ἐστι·
2940 3917 3196 3981 πολλάκις
3219 3916 3350 3986 γοῦν
3378 3914 3637 3986 ἀγορεύο-

385 4019 684 4086 loquimur,
725 4033 836 4072 non
886 4017 1030 4089 quod
1084 4018 1376 4076 detrahere
1420 4019 1524 4092 ipsi
1557 4021 1789 4079 velimus
1813 4065 1828 4091 ,
1861 4041 1912 4081 se

2108 4019 2163 4072 έν
2195 4034 2318 4072 τινα
2349 4015 2534 4080 κακῶς
2575 4014 2802 4080 ἀπόντα,
2840 4013 2902 4065 οὐ
2950 4009 3272 4064 καταλαλεῖν
3311 4007 3477 4062 αὐτοῦ
3513 4006 3635 4075 βου-

385 4110 632 4166 dolentes
661 4109 807 4180 quod
841 4110 888 4165 is
924 4110 1160 4167 fortasse
1188 4111 1473 4182 improbus
1508 4113 1620 4169 sit:
1647 4122 1811 4186 atque
1846 4115 1912 4171 ha

2106 4111 2292 4181 εμενοι,
2327 4106 2462 4161 ἀλλὰ
2508 4104 2832 4176 λυπούμενοι
2879 4103 2967 4155 διὰ
3005 4102 3064 4154 τὸ
3113 4096 3252 4153 εἶναι
3298 4099 3462 4153 αὑτὸν
3509 4098 3633 4159 ἴσως

387 4217 610 4257 narrare
641 4201 926 4258 studemus
951 4202 1039 4265 iis,
1071 4203 1164 4272 qui
1199 4203 1426 4273 perinde
1457 4212 1622 4274 atque
1652 4220 1750 4262 nos
1781 4221 1846 4262 ex
1873 4207 1914 4261 d

2109 4200 2302 4253 αὖλοψ
2356 4194 2677 4267 πειρώμεθα
2717 4195 2774 4247 δὲ
2817 4193 2998 4261 λέγειν
3040 4189 3106 4243 τὰ
3147 4190 3276 4260 περὶ
3323 4186 3490 4242 αὑτοῦ
3525 4189 3636 4248 τοῖς

390 4293 639 4348 lectionis
675 4291 872 4346 all‘ectu
905 4291 973 4347 de
995 4293 1087 4346 illo
1116 4301 1312 4348 curant
1334 4301 1389 4349 et
1425 4295 1645 4350 solliciti
1676 4303 1823 4351 sunt.
1856 4297 1917 4364 Ql

2109 4293 2320 4356 σαύτως
2366 4295 2497 4362 ἡμῖν
2542 4287 2860 4360 κηδομένοις
2910 4283 3070 4340 αὐτοῦ
3115 4284 3208 4345 καὶ
3265 4280 3635 4352 φροντίζουσιν

391 4385 554 4457 igitur
601 4385 680 4440 sic
725 4391 914 4440 contra
970 4384 1247 4440 absentem
1295 4386 1560 4457 loquitur,
1616 4404 1918 4459 nequaqual

2108 4386 2170 4438 πὸ
2207 4384 2501 4446 διαθέσεως
2547 4381 2782 4452 φιλικῆς.
2836 4379 2893 4432 '0
2949 4373 3040 4431 οὖν
3089 4374 3232 4430 οὕτω
3276 4373 3454 4440 λέγων
3501 4372 3635 4425 κατὰ

391 4477 691 4532 maledicus
719 4483 806 4532 est
834 4496 846 4530 :
880 4478 1036 4548 (nam
1070 4475 1370 4533 maledicus
1415 4493 1523 4531 non
1557 4479 1630 4531 ita
1653 4480 1762 4549 agit
1792 4483 1833 4548 ),
1867 4495 1918 4535 se

2108 4481 2306 4547 πόντος,
2328 4478 2388 4531 οὑ
2420 4472 2720 4535 κατάλαλὸς
2744 4473 2890 4524 ἐστιν
2914 4486 2926 4500 ⁸
2964 4467 3099 4521 ἀλλὰ
3128 4465 3364 4537 σπουδὴν
3397 4464 3511 4534 ἔχει
3545 4464 3635 4514 σὺν

391 4584 517 4623 cum
559 4571 841 4640 voluptate
873 4578 1065 4624 contra
1099 4571 1390 4640 quemdam
1422 4571 1684 4642 loquitur,
1715 4586 1823 4626 non
1855 4588 1918 4625 ml

2108 4570 2261 4639 δονῆς
2301 4569 2418 4622 κατ’
2450 4568 2657 4620 ἐκείνου
2696 4564 2894 4632 λέγειν,
2934 4561 3032 4613 οὐκ
3072 4559 3370 4630 ἀχθόμενος
3420 4558 3516 4609 ἐπὶ
3562 4554 3635 4624 τῷ

395 4661 531 4716 leste
565 4660 750 4717 ferens
779 4662 925 4732 quod
959 4661 1051 4717 ille
1088 4661 1216 4716 talia
1245 4662 1511 4733 patrarit;
1557 4661 1652 4717 sed
1685 4663 1763 4716 'de
1809 4676 1873 4717 ea
1906 4677 1922 4714 ι

2108 4661 2289 4715 υιαῦτα
2312 4661 2517 4714 ἐκεῖνον
2544 4655 2922 4727 πεποιηκέναι,
2947 4653 3082 4706 ἀλλά
3103 4652 3194 4704 καὶ
3224 4651 3453 4721 χαίρων.
3481 4648 3635 4715 Λέγει

394 4751 622 4808 laetatur.
681 4752 811 4824 Ejus
863 4769 1099 4824 namque
1145 4761 1299 4824 gesta
1355 4748 1918 4809 malevolistecense

2107 4752 2196 4806 οὖν
2221 4753 2449 4814 ἐκείνοις
2469 4750 2540 4803 τὰ
2572 4748 2700 4818 περὶ
2729 4744 2892 4799 αὐτοῦ
2923 4748 3035 4808 τοῖς
3070 4741 3316 4814 μισοῦσιν
3339 4742 3525 4803 αὑτὸν,
3550 4741 3634 4794 καὶ

393 4847 486 4918 qui
537 4863 599 4902 ea
643 4856 885 4919 relegere
932 4857 986 4904 et
1041 4848 1357 4904 renuntiare
1401 4855 1634 4917 possunt
1676 4848 1799 4902 aliis
1831 4847 1920 4902 bet

2109 4844 2377 4914 ανερῶσαι
2406 4843 2720 4908 δυναμένοις
2746 4840 2813 4893 δι’
2838 4835 3168 4904 ἐπαγγελίας
3201 4834 3410 4903 ἑτέροις
3435 4834 3635 4886 πλείοσι

394 4940 602 4995 multis.
654 4939 792 5006 Quid
831 4941 934 4997 sibi
970 4942 1086 4996 vult
1125 4950 1304 4996 autem
1337 4940 1471 4996 illud
1510 4941 1655 5009 quod
1688 4941 1921 5011 adjicitul

2108 4937 2136 4990 ὰ
2178 4937 2304 5006 περὶ
2333 4935 2518 4989 αὑτοῦ.
2546 4933 2610 4987 Τί
2640 4934 2696 4986 δὲ
2731 4931 2973 5002 βούλεται
3007 4926 3400 4998 προσκείμενον
3429 4925 3512 4988 τὸ,
3539 4923 3635 4977 .ιά-

393 5043 612 5098 secreto,
679 5049 798 5088 cum
846 5034 1024 5104 palam
1062 5034 1130 5088 sit
1171 5033 1469 5104 quamlibet
1514 5032 1920 5089 obtrectationel

2109 5047 2197 5095 pa,
2235 5027 2467 5100 φανεροῦ
2493 5027 2661 5088 ὄντος,
2691 5025 2770 5077 ὅτι
2795 5024 2942 5074 πᾶσα
2977 5019 3278 5089 κατηγορία
3295 5017 3475 5088 λάθρα
3503 5017 3636 5085 γίνε-

396 5136 608 5184 secreto
640 5126 800 5182 ﬁeri?
829 5125 922 5182 Vel
949 5126 1002 5181 id
1038 5127 1171 5188 dicit
1210 5125 1359 5197 quod
1389 5127 1602 5197 agitur;
1641 5133 1734 5180 aut
1783 5128 1854 5180 ita
1886 5126 1919 5180 d

2108 5139 2185 5187 αι,
2220 5122 2290 5175 Ἦ
2325 5121 2456 5173 αὐτὸ
2481 5119 2625 5188 λέγει
2649 5117 2709 5170 τὸ
2731 5115 2809 5179 ὃν,
2839 5115 2871 5184 ἢ
2897 5112 3192 5182 διαιρετέον
3221 5108 3389 5172 οὕτω,
3424 5110 3507 5162 ὃτι
3533 5109 3635 5160 τῶν

396 5220 779 5293 stingueudum
832 5229 917 5275 est
953 5220 1420 5274 :obtrectatorum
1467 5219 1732 5289 quosdam
1775 5228 1923 5272 conti

2109 5216 2517 5288 ατηγορούντων
2549 5214 2720 5278 τινὰς,
2760 5213 2808 5265 ol
2853 5209 2948 5281 μὲν
2982 5207 3123 5262 κατὰ
3164 5205 3458 5276 πρόσωπον
3506 5221 3636 5273 παρ-

395 5321 692 5381 przcsentes
714 5327 900 5366 coram
931 5311 1181 5381 obloqui;
1209 5310 1264 5364 hi
1292 5326 1456 5380 porro
1487 5310 1888 5364 conviciatores
1913 5328 1922 5359 ι

2108 5328 2226 5374 ντας
2273 5309 2661 5378 κακηγοροῦσι,
2705 5305 2933 5374 λοίδοροι
2972 5301 3030 5354 δὲ
3069 5293 3213 5355 οὗτοι
3248 5298 3342 5349 καὶ
3394 5294 3635 5365 ὑϐρισταὶ

398 5404 780 5460 contumeliosi
832 5414 1054 5460 assueto
1099 5419 1250 5458 more
1299 5411 1599 5470 vocantur;
1654 5403 1745 5458 sed
1788 5413 1925 5458 tame

2108 5398 2315 5468 υνήθως
2357 5396 2644 5450 καλοῦνται
2664 5413 2675 5425 ’
2708 5396 2856 5465 ὅμως
2889 5388 2980 5444 οὖν
3023 5388 3099 5461 τῷ
3125 5388 3268 5442 κατά
3294 5403 3440 5449 τινος
3466 5386 3635 5453 λέγειν

400 5497 527 5562 quia
565 5506 753 5551 contra
786 5498 1094 5567 quempiam
1124 5498 1445 5567 loquuntur,
1491 5495 1830 5549 detractores
1857 5493 1927 5548 fut

2108 5490 2357 5545 ατὰλαλοι
2399 5489 2464 5542 ἂν
2501 5485 2639 5542 εἷεν*
2674 5488 2721 5539 οἱ
2765 5485 2822 5537 δὲ
2872 5482 3044 5550 λάθρα
3092 5480 3185 5533 καὶ
3235 5479 3487 5538 ἀπόντων
3536 5474 3635 5529 τῶν

402 5587 546 5656 rint;
579 5590 670 5642 alii
701 5607 830 5643 vero
856 5591 993 5645 clam
1027 5598 1079 5644 et
1110 5589 1428 5647 absentibus
1456 5589 1544 5655 iis,
1570 5587 1772 5659 quibus
1800 5585 1929 5640 male

2109 5581 2560 5654 ατηγορουμένων
2609 5579 2825 5647 λέγουσι
2869 5576 2996 5632 κατ’
3035 5571 3232 5627 αὐτῶν.
3289 5570 3398 5628 Τὸν
3444 5567 3633 5638 ταύτην

471 5765 498 5801 ³
534 5766 552 5820 l
589 5767 714 5820 Cor.
755 5782 842 5830 xv,
879 5767 964 5820 55.
990 5806 1003 5831 ,
1040 5789 1044 5792 -
1107 5762 1124 5798 ⁵
1167 5766 1327 5822 Prov.
1368 5783 1458 5834 χι,
1514 5766 1598 5830 13,
1635 5781 1736 5820 sec.
1775 5761 1937 5816 LXX.

990 5806 1003 5831 ,
1040 5789 1044 5792 ·
1107 5762 1124 5798 ⁵
1167 5766 1327 5822 Prov.
1368 5783 1458 5834 λι,
1514 5766 1598 5830 13,
1635 5781 1736 5820 sec.
1775 5761 1937 5816 LXX.
2080 5763 2125 5796 ¹⁰
2161 5759 2274 5816 Jac.
2311 5779 2383 5826 t-v,
2425 5761 2503 5815 Η.
