3868 6282
184 351 322 442 ιβιδ

1342 358 1848 418 COMMENTARIA
1884 362 1950 418 IN
1989 362 2328 423 PSALMOS.

3290 370 3428 430 1246

176 467 268 524 οὖν
298 471 489 542 ἔχοντα
513 471 610 544 τὴν
639 472 791 540 τάξιν
817 473 1098 530 ἰκδιώκειν
1127 479 1155 530 ὁ
1179 476 1333 546 ἅγιος
1356 479 1523 549 λέγει.
1549 481 1610 533 οὑ
1634 481 1746 545 τοὺς

1863 481 2089 549 dicitur,
2118 484 2516 558 obquuuntur.
2543 486 2698 569 .Eum
2724 504 2858 547 vero
2891 490 2985 563 qui
3016 488 3182 560 hujus
3201 487 3428 545 ‘ordinis

175 564 258 625 είς
284 561 576 632 πρόσωπον
621 563 1172 638 διαλοιδορουμένους.
1217 570 1455 634 Ἐκεῖνος
1484 571 1592 643 γὰρ
1633 571 1754 625 καθ’

175 646 237 707 οὗ
262 655 316 708 al
343 652 681 726 βλασφημίαι
704 656 736 727 ἢ
763 657 951 732 παρὼν
974 659 1394 733 ἀπολογήσεται,
1419 664 1451 735 ἢ
1482 664 1756 734 ἐλεγχθεὶς

174 745 269 797 ἐπὶ
295 745 375 816 τῷ
402 746 640 811 τοιοῦτος
671 743 831 810 εἶναι,
866 751 1307 824 αἰσχυνθήσεται.
1348 755 1578 808 Δυνατὸν
1611 756 1756 808 ἀντι-

174 836 581 891 διαστέλλεσοαι
606 840 706 910 τὴν
735 839 909 912 λάθρα
943 845 1232 916 γινομένην
1257 846 1588 900 καταλαλιάν
1621 847 1754 918 πρὸς

174 927 272 999 τὴν
305 931 398 982 ἐπὶ
429 931 630 1002 κριτῶν
663 935 1017 1006 κατηγορίαν.
1057 937 1166 990 Καὶ
1199 937 1307 1010 γὰρ
1340 938 1478 1010 αὕτη
1503 938 1581 1010 τῷ
1607 940 1753 1010 γένει

178 1018 496 1085 καταλαλιίι,
522 1021 636 1075 ἀλλ’
663 1025 724 1077 οὑ
755 1024 931 1096 λάθρα
963 1029 1248 1099 γινομένη.
1277 1029 1502 1103 Καρπὺς
1528 1030 1630 1102 μὲν
1659 1027 1752 1084 οὖν

174 1109 412 1174 διανοίας
457 1115 826 1187 ἁγιοπρεποῦς
873 1117 1361 1190 τδπαραιτεῖσθαι
1406 1122 1532 1186 τοὺς
1586 1139 1753 1194 πονηη

178 1202 326 1274 ρούς’
358 1204 598 1276 ἐσχάτης
632 1209 689 1261 δὲ
725 1211 990 1282 πονηρίας
1023 1214 1298 1279 ἀπόδειξις
1326 1215 1385 1268 τὺ
1429 1215 1750 1270 καταλαλεῖν

175 1296 424 1365 ἀδελφοῦ,
457 1300 548 1352 καὶ
580 1300 754 1357 ταῦτα
795 1304 989 1376 λάθρα,
1019 1307 1156 1361 ἀλλά
1203 1309 1276 1378 μὴ
1311 1311 1390 1372 εἰς
1436 1309 1744 1380 πρόσωπον,

175 1389 256 1442 ἵνα
286 1391 360 1462 μὴ
394 1393 586 1464 παρὼν
611 1395 1018 1470 ἀπολογήσηται
1057 1403 1086 1454 ὁ
1134 1401 1638 1473 κατηγορούμενος’
1670 1403 1746 1468 ὡς

173 1481 200 1532 ὅ
225 1498 284 1546 γε
334 1483 424 1550 ἐφ’
454 1485 608 1556 ἡμῶν
644 1488 831 1560 ἐτέρου
866 1491 1203 1557 καταλαλῶν,
1243 1485 1396 1556 οὗτος
1435 1492 1555 1546 οὐδὲ
1591 1493 1746 1564 ἡμῶν

174 1573 490 1628 καταλαλεῖν
515 1578 599 1646 ἐφ’
629 1580 830 1650 ἑτέρων
861 1569 1136 1651 ἀφέξεται.
1171 1584 1330 1639 Ὅθεν
1363 1584 1466 1656 χρὴ
1500 1585 1592 1638 τὸν
1631 1602 1745 1638 τοι-

171 1664 320 1718 οῦτον
349 1665 426 1730 ὡς
469 1670 647 1725 κοινὸν
683 1671 876 1744 ἐχθρὸν
915 1675 1140 1739 είκότως
1171 1675 1512 1740 ἐλαύνεσθαι,
1543 1675 1618 1738 ὡς
1655 1676 1745 1731 τὸν

172 1755 226 1807 ὲν
255 1759 568 1830 παραδείσῳ
605 1762 942 1833 μιμούμενον
965 1764 1252 1835 δράκοντα,
1278 1765 1336 1828 ὃς
1361 1765 1454 1819 τοῦ
1487 1765 1621 1819 Θεοῦ
1652 1783 1743 1819 κα·

173 1849 477 1921 ταλαλήσας
511 1853 608 1926 τὴν
649 1831 794 1909 Εὕαν
821 1831 1120 1929 ἠπάτησεν.
1163 1859 1352 1929 Ἡμεῖς
1377 1858 1434 1912 δὲ
1479 1859 1617 1930 μήτε
1656 1858 1745 1911 λέ·
1781 1831 1822 1885 Β

171 1943 582 2012 γωμενοκακῶς,
619 1948 712 2000 καὶ
741 1951 851 2011 τοῖς
879 1947 1125 2017 λέγουσιν
1155 1949 1322 2021 ἀκοὴν
1355 1949 1429 2022 μὴ
1461 1950 1748 2022 παράσχω·

174 2050 286 2104 μεν.
324 2036 535 2104 Ὰκοὴν
564 2037 652 2101 δὲ,
686 2040 838 2110 φησὶ,
882 2041 1140 2109 ματαίαν
1165 2041 1250 2111 μὴ
1280 2040 1616 2111 παραδέξῃ·
1647 2043 1748 2096 οὑκ

171 2121 305 2192 εἷπε,
344 2128 419 2199 μὴ
454 2130 774 2205 πιστεύσῃς,
821 2133 975 2195 ἀλλὰ,
1004 2134 1091 2204 μὴ
1116 2134 1446 2204 παραδέξῃ.
1478 2134 1569 2189 Διδ
1598 2134 1692 2189 καὶ
1719 2135 1748 2188 ὂ

172 2219 484 2292 Προφήτης,
535 2223 904 2289 Ἐξεδίωκον,
935 2227 1092 2298 φησὶ,
1125 2226 1230 2282 τὸν
1252 2229 1745 2283 καταλαλοῦντα·

168 2311 261 2365 οὑκ
292 2309 469 2367 εἶπενο
500 2316 612 2370 Οὑκ
635 2319 937 2384 ἐπίστευον,
969 2319 1025 2391 ἢ,
1057 2321 1131 2374 Ob
1161 2321 1540 2393 παρεδεχόμην
1566 2321 1635 2375 τά
1662 2320 1751 2374 λε-

168 2403 398 2474 γόμενα·
439 2405 578 2460 ἀλλά
608 2408 704 2463 καὶ
733 2409 811 2474 ὡς
848 2410 1040 2482 ἐχθρὸν
1076 2410 1407 2482 ἀπήλαυνον.
1439 2410 1572 2465 Εἰπὲ
1614 2409 1750 2481 πρὸς

167 2493 252 2546 τὸν
303 2496 735 2567 καταλαλῶντα,
785 2501 969 2572 Ἔχεις
1014 2501 1300 2555 ἐπαινέσαι
1356 2501 1496 2567 τινὰ,
1547 2501 1750 2570 ἀνοίγω

168 2585 259 2650 τὰς
278 2588 473 2654 ἀκοὰς,
507 2589 593 2644 ἵνα
626 2591 864 2664 δέξωμαι
907 2593 977 2646 τὰ
1012 2593 1160 2666 μύρα
1181 2613 1194 2625 ·
1238 2593 1424 2658 κακῶς
1456 2593 1632 2657 θέλεις
1673 2595 1751 2646 εί-

170 2680 298 2745 πεῖν,
329 2678 672 2754 ἀποφράττω
707 2685 806 2757 τὴν
840 2685 1043 2739 εἴσοδον
1085 2689 1198 2750 τοῖς
1243 2687 1480 2758 ῥήμασιν
1500 2702 1515 2716 ·
1550 2687 1612 2739 οὑ
1638 2685 1748 2756 γὰρ

169 2770 422 2842 ἀνέχομαι
458 2774 662 2848 κόπρον
693 2777 786 2830 καὶ
813 2776 1072 2849 βόρϐορον
1093 2777 1357 2849 δέχεσθαι.
1400 2778 1747 2850 Ἐπιστόμιζε

168 2861 250 2914 τὸν
276 2864 686 2921 καταλαλοῦντα
705 2870 763 2920 ὲν
788 2868 977 2934 ἀκοαῖς
1003 2886 1115 2933 σου,
1146 2870 1231 2924 ἵνα
1256 2870 1330 2942 μὴ
1353 2870 1542 2942 διπλῆν
1571 2872 1750 2942 ἁμαρ-

170 2954 280 3008 τίαν
310 2956 405 3010 σὺν
446 2957 596 3029 αὑτῷ
639 2959 981 3032 ἀμαρτάνῃς,
1028 2961 1121 3014 καὶ
1155 2961 1348 3014 σαυτὸν
1379 2960 1607 3032 ὀλεθρίῳ
1638 2959 1746 3013 πά-

169 3045 241 3099 θει
266 3045 491 3114 ἐθίζων,
519 3051 771 3104 κάκεῖνον
799 3051 939 3104 κατά
971 3051 1062 3104 τοῦ
1101 3052 1328 3123 πλησίον
1360 3051 1616 3122 φλυαρεῖν
1648 3051 1748 3103 οὐκ

167 3137 506 3196 ἀνακόπτων.
538 3142 631 3210 Μὴ
656 3142 799 3213 δῴης
837 3142 934 3214 τὴν
962 3143 1132 3214 ἀκοήν
1163 3160 1255 3196 σου
1297 3145 1362 3214 τῇ
1396 3141 1615 3214 γλώσσῃ
1651 3141 1745 3195 τοῦ

167 3233 486 3297 καταλάλου,
525 3234 658 3305 μηδὲ
691 3235 789 3306 τὴν
816 3236 1065 3305 γλῶσσάν
1098 3253 1190 3290 σου
1218 3239 1282 3304 τῇ
1313 3238 1450 3307 ἀκοῇ
1472 3235 1567 3289 τοῦ
1598 3235 1748 3305 φιλο-

162 3323 340 3396 ψόγου,
378 3328 564 3399 ἡδέως
593 3327 770 3382 λαλῶν
804 3329 836 3399 ἢ
882 3329 1097 3383 ἁκούων
1128 3330 1272 3384 κατὰ
1303 3329 1396 3384 τοῦ
1436 3328 1625 3395 πέλας,
1661 3329 1747 3382 ἵνα

165 3418 234 3492 μὴ
259 3421 506 3491 ὲκπέσης
533 3420 634 3490 τῆς
672 3420 915 3491 ἀγάπης,
951 3422 1046 3475 καὶ
1072 3421 1350 3491 ἀλλότριος
1390 3421 1619 3494 εὑρεθῇς
1646 3423 1748 3492 τῆς

163 3513 366 3566 αἰωνίου
386 3513 562 3583 ζωῆς.
590 3513 843 3586 Διαφέρει
858 3514 914 3568 δὲ
937 3515 998 3568 τὸ
1021 3522 1392 3583 κατακρτναι,
1427 3515 1488 3568 τὸ
1507 3515 1746 3574 ἐξουδε-

167 3602 366 3670 reboat,
393 3607 497 3661 καὶ
520 3605 578 3658 τὸ
599 3605 1040 3674 καταλαλῆσαι.
1057 3606 1613 3679 Καταλαλιῆσαιγάρ
1630 3609 1744 3660 ἐστι

172 3694 225 3747 τὸ
267 3697 438 3750 εἰπεῖν
479 3696 618 3750 κατὰ
657 3713 821 3760 τινος,
865 3694 996 3760 οἷον,
1041 3698 1125 3750 ὄτι
1170 3697 1466 3767 Ἐψεύσατο
1513 3699 1541 3751 ό
1575 3698 1742 3761 δεῖνα,

171 3787 220 3857 ἦ,
251 3788 586 3862 ὼργίσθη,ῆ
631 3789 975 3860 ὲπόρνευσεν,
1018 3789 1052 3859 ἤ
1100 3807 1156 3843 τι
1205 3790 1470 3842 τοιοῦτον⁸
1517 3789 1744 3858 ὲλὰλησε

170 3878 270 3952 γὰρ
285 3880 550 3950 ἐμπαθῶς
577 3881 636 3934 τὸ
664 3880 967 3952 ἁμάρτημα
989 3881 1084 3933 τοῦ
1111 3880 1362 3950 ἀδελφοῦ.
1383 3881 1744 3949 Κατακρῒναι

167 3970 220 4025 δέ
245 3973 356 4027 ἐστι
385 3974 448 4027 τὸ
474 3974 669 4038 εἰπεῖν,
703 3973 783 4026 ὅτι
831 3973 888 4026 ὐ
913 3972 1062 4026 δεῖνα
1089 3972 1328 4044 ψεύστης
1356 3973 1492 4037 ἐστὶ,
1525 3974 1742 4045 πόρνος,

169 4063 373 4136 ὀργίλος
391 4085 403 4097 ·
438 4065 548 4120 ἰδοὺ
575 4065 682 4137 γὰρ
710 4066 1030 4138 κατέκρινεν
1059 4067 1229 4137 αὑτὴν
1258 4067 1356 4137 τὴν
1381 4065 1618 4122 διάθεσιν
1645 4069 1743 4138 τῆς

169 4154 338 4228 ψυχῆς
375 4157 567 4221 αὑτοῦ,
597 4157 691 4211 καὶ
717 4158 1035 4229 ἀπεφήνατο
1061 4157 1180 4210 καθ’
1211 4158 1332 4212 ὅλου
1365 4157 1457 4211 τοῦ
1491 4159 1603 4230 βίου
1643 4163 1740 4215 αύο

168 4248 256 4303 τοῦ
293 4251 486 4320 λέγων,
531 4251 611 4305 ὅτι
641 4250 847 4304 τοιόσδε
887 4251 1070 4304 ἐστίν·
1105 4250 1232 4304 ἄλλο
1276 4251 1384 4323 γάρ
1411 4252 1527 4305 ἐστι
1568 4252 1630 4305 τὺ
1666 4254 1742 4306 εί-

1859 576 1954 641 εἰι,
1985 592 2046 633 se
2062 577 2265 649 pellere
2296 587 2524 635 sanctus
2549 580 2641 636 ille
2668 583 2754 637 vir
2789 583 2945 650 dicit,
2983 598 3092 638 non
3121 590 3302 637 autem
3331 598 3429 639 eos

1856 667 1952 740 qui
1976 685 2160 725 coram
2191 671 2593 727 conviciantur.
2629 671 2679 728 ls
2705 674 2848 729 enim
2879 674 2934 729 in
2959 690 3120 746 quem
3143 673 3429 731 maledicta

1855 762 2251 834 conjiciuntur,
2281 765 2368 821 vel
2397 779 2640 835 praesens
2671 780 2795 820 sese
2825 767 3105 837 purgabit;
3137 768 3223 822 vel
3263 783 3323 823 se
3351 774 3430 820 ta-

1856 855 1960 909 lem
1992 870 2116 910 esse
2147 857 2453 923 convictus,
2492 857 2699 928 pudore
2752 857 3034 913 afficietur.
3082 857 3269 914 Potest
3299 859 3429 914 item

1853 945 2115 1016 distingui
2144 946 2470 1001 obtrectatio
2497 947 2638 1001 clam
2667 947 2813 1003 edita
2850 947 2919 1002 ab
2949 950 3304 1004 accusatione
3341 961 3430 1002 co-

1853 1052 1967 1092 ram
1987 1037 2172 1108 judice
2191 1038 2356 1094 facta.
2380 1037 2592 1095 Etenim
2614 1040 2731 1111 ipsa
2754 1055 2972 1112 quoque
2990 1040 3044 1094 in
3069 1056 3265 1111 genere
3284 1041 3432 1096 oblo-

1851 1132 2002 1186 cutio
2043 1131 2152 1187 dici
2187 1139 2402 1202 potest;
2442 1132 2535 1188 sed
2567 1148 2689 1202 quae
2727 1133 2868 1186 clam
2910 1147 3022 1187 non
3055 1133 3163 1188 fiat.
3195 1132 3430 1189 Fructus

1851 1227 2035 1295 itaque
2056 1233 2261 1281 sanctae
2279 1227 2477 1282 mentis
2499 1225 2660 1281 fuerit
2678 1226 2943 1297 malignos
2962 1228 3232 1294 aversari;
3257 1236 3432 1282 extre-

1850 1333 1950 1371 ma:
1986 1333 2115 1370 vero
2148 1317 2366 1372 malitiae
2393 1324 2772 1386 argumentum
2796 1325 2988 1372 contra
3025 1316 3247 1371 fratrem
3283 1318 3433 1371 oblo-

1849 1408 1939 1478 qui
1963 1426 1977 1475 ;
1996 1408 2158 1479 idque
2175 1408 2315 1461 clam
2333 1423 2509 1478 neque
2527 1407 2579 1460 in
2599 1417 2916 1478 conspectu,
2946 1423 3015 1462 ne
3029 1407 3123 1478 qui
3141 1411 3432 1461 accusatur

1847 1518 1969 1557 sese
1995 1517 2226 1571 purgare
2257 1500 2466 1567 valeat;
2519 1501 2592 1555 ita
2633 1507 2691 1554 ut
2742 1500 2836 1570 qui
2888 1515 3072 1556 coram
3124 1499 3282 1556 nobis
3333 1499 3426 1554 alii

1847 1593 2142 1655 maledicit,
2167 1608 2234 1647 ne
2256 1593 2475 1662 quidem
2501 1607 2532 1647 a
2556 1593 2720 1647 nobis
2743 1592 3065 1648 vellicandis
3088 1606 3271 1646 coram
3303 1591 3429 1646 aliis

1847 1683 2139 1739 abstineat.
2207 1683 2571 1750 Quamobrem
2648 1682 2963 1753 hujusmodi
3039 1683 3311 1737 hominem
3365 1687 3428 1736 ut

1847 1792 2194 1830 communem
2224 1777 2435 1831 hostem
2466 1777 2732 1846 repellere
2763 1781 3190 1831 consentaneum
3229 1770 3425 1836 fuerit;

1849 1871 2038 1936 utpote
2071 1865 2165 1936 qui
2205 1866 2355 1919 illum
2385 1866 2516 1920 olim
2549 1868 2602 1921 in
2638 1866 2892 1937 paradiso
2922 1866 3212 1920 draconem
3249 1861 3428 1916 imite-

1847 1963 1958 2023 tur,
1991 1956 2082 2025 qui
2119 1965 2310 2010 contra
2364 1956 2530 2012 Deum
2582 1958 2918 2026 obloquens,
2977 1954 3141 2008 Evam
3187 1949 3426 2008 seduxit.

1847 2046 1959 2103 Nos
2006 2055 2188 2102 autem
2236 2063 2337 2102 nec
2368 2047 2786 2112 maledicamus,
2841 2060 2942 2101 nec
2978 2041 3430 2099 maledicentibus

1847 2155 2032 2194 aurem
2065 2139 2425 2209 praebeamus.
2454 2137 2710 2192 Auditum
2730 2178 2746 2203 ,
2784 2136 2978 2208 inquit,
3010 2152 3202 2189 uanum
3241 2150 3304 2188 ne
3329 2146 3429 2188 ex-

1849 2229 2013 2298 cipias
2039 2245 2059 2282 :
2092 2245 2200 2283 non
2235 2230 2345 2293 ait,
2376 2228 2706 2294 ne-credas;
2758 2228 2874 2292 sed,
2901 2243 2964 2281 ne
2991 2225 3244 2294 excipias.
3303 2221 3430 2278 Ideo

1848 2320 2119 2392 PrOpheta
2140 2321 2293 2388 dicit,
2313 2319 2683 2375 Detrahentem
2713 2317 3090 2390 persequebar;
3116 2331 3292 2387 neque
3318 2314 3425 2369 ait:

1847 2412 1965 2468 Non
1997 2413 2282 2469 credebam
2301 2412 2373 2477 ei,
2401 2413 2488 2469 vel
2513 2431 2525 2467 :
2560 2411 2712 2466 Dicta
2741 2411 2863 2480 ejus
2895 2426 3005 2465 non
3031 2407 3382 2463 admittebam
3410 2422 3428 2473 ;

1849 2506 1945 2563 sed
1999 2513 2060 2561 ut
2116 2505 2398 2560 inimicum
2450 2504 2739 2575 pellebam.
2798 2501 2895 2558 Dic
2956 2500 3308 2556 detrahenti:
3367 2496 3427 2552 Si

1848 2598 2158 2671 quempiam
2182 2598 2409 2654 laudare
2439 2598 2546 2663 vis,
2579 2611 2742 2653 aures
2771 2595 3035 2666 aperiam,
3063 2598 3126 2646 ut
3151 2598 3428 2660 unguenta

1848 2691 2150 2762 excipiam;
2179 2691 2268 2747 sin
2295 2690 2623 2746 maledicere
2652 2690 2787 2746 velis
2805 2731 2820 2756 ,
2867 2686 3048 2742 verbis
3079 2686 3188 2740 tuis
3218 2683 3427 2738 aditum

1849 2781 2232 2846 intercludam',
2262 2797 2438 2852 neque
2462 2781 2608 2836 enim
2641 2780 2826 2836 limum
2872 2788 2927 2834 et
2969 2778 3143 2833 lutum
3177 2773 3430 2844 excipere

1849 2874 2151 2931 sustinebo.
2184 2872 2258 2930 Os
2295 2874 2446 2930 frena
2477 2872 2784 2930 detrahenti
2849 2870 2918 2926 ad
2965 2883 3128 2926 aures
3176 2876 3322 2932 tuas,
3360 2879 3428 2920 ne

1847 2982 1972 3023 cum
2001 2968 2094 3022 illo
2125 2966 2362 3039 duplicis
2396 2967 2604 3037 peccati
2660 2980 2789 3020 reus
2828 2963 3028 3019 evadas
3051 3001 3068 3027 ,
3112 2974 3242 3015 cum
3279 2963 3333 3014 et
3367 2963 3426 3011 tu

1847 3060 2081 3116 exitiose
2105 3060 2244 3115 mori
2277 3073 2590 3123 assuescas,
2625 3067 2680 3113 et
2713 3057 2864 3111 illum
2897 3071 2926 3108 a
2959 3052 3204 3110 susurris
3233 3055 3426 3105 contra

1850 3151 2155 3223 proximum
2195 3166 2303 3206 non
2329 3152 2662 3207 absterreas.
2695 3147 2776 3205 Ne
2821 3162 3010 3203 aurem
3042 3153 3191 3200 tuam
3226 3143 3427 3214 lingua

1849 3243 2186 3299 detrahentis
2215 3244 2480 3313 pra-abeas,
2520 3257 2696 3312 neque
2723 3240 2967 3310 linguam
3011 3245 3162 3291 tuam
3197 3231 3429 3287 auribus

1846 3335 2114 3404 vituperia
2174 3337 2455 3390 amantis:
2504 3334 2686 3389 dulcia
2734 3332 2960 3402 loquare
3009 3335 3064 3383 et
3122 3325 3314 3380 audias
3358 3323 3428 3380 de

1847 3429 2116 3500 proximo,
2159 3443 2226 3483 ne
2255 3443 2284 3482 a
2314 3427 2581 3482 charitate
2607 3424 2832 3480 excidas
2857 3465 2872 3489 ,
2901 3429 2950 3477 et
3009 3436 3037 3475 a
3062 3419 3181 3474 .vita
3219 3423 3422 3472 azterna

1845 3523 2056 3577 alienus
2103 3521 2403 3576 inveniare.
2457 3518 2723 3574 Differunt
2773 3523 2952 3571 autem
3009 3514 3153 3568 inter
3198 3527 3257 3566 se
3307 3526 3426 3564 con-

1845 3614 2115 3679 demnare,
2172 3611 2436 3682 despicere
2489 3618 2544 3666 et
2588 3607 2884 3664 detrahere.
2944 3602 3079 3662 Nam
3151 3600 3426 3655 detrahere

1843 3713 1929 3762 est
1957 3712 2150 3760 contra
2185 3705 2421 3774 aliquem
2456 3701 2617 3758 verba
2672 3699 2853 3755 facere
2877 3737 2891 3759 ,
2943 3696 3094 3751 verbi
3129 3695 3301 3765 gratia
3343 3692 3426 3746 di-

1844 3811 2007 3851 cere:
2033 3794 2125 3848 llle
2149 3794 2313 3848 homo
2343 3792 2604 3847 mentitus
2628 3799 2733 3851 est,
2755 3793 2870 3851 aut,
2899 3784 2954 3837 in
2984 3784 3122 3837 iram
3150 3779 3421 3850 prorupit,

1844 3897 1939 3942 aut
1967 3885 2274 3942 moechatus
2303 3891 2422 3949 est,
2455 3891 2548 3936 aut
2577 3879 2709 3951 quid
2747 3877 2960 3944 simile;
3021 3874 3070 3930 is
3117 3873 3261 3929 enim
3295 3885 3424 3942 pec-

1842 3988 2025 4035 catum
2059 3977 2241 4032 fratris
2269 3976 2354 4032 sui
2383 3990 2450 4031 ex
2478 3971 2646 4027 animi
2681 3976 2829 4026 motu
2847 3966 3128 4023 revelavit.
3160 3961 3423 4019 Candent-

1843 4087 1992 4136 nare,
2027 4069 2078 4124 id
2106 4079 2192 4124 est
2224 4067 2407 4123 dicere
2439 4084 2452 4120 :
2491 4061 2639 4118 Talis
2668 4061 2834 4115 homo
2859 4056 3094 4112 mendax
3124 4063 3241 4121 est,
3283 4066 3424 4108 mae-

1841 4165 2000 4228 chus,
2036 4159 2376 4226 iracundus;
2403 4171 2551 4221 nam,
2582 4161 2642 4209 ut
2675 4151 2850 4218 vides,
2890 4151 3069 4220 ipsum
3105 4145 3274 4203 animi
3303 4143 3425 4215 ejus

1841 4257 2093 4313 allectum
2117 4261 2171 4309 et
2191 4267 2352 4307 usum
2384 4248 2684 4308 damnavit.
2727 4259 2790 4300 ac
2827 4251 3017 4297 contra
3049 4248 3219 4296 totam
3258 4237 3423 4292 vitam

173 4344 304 4407 πεῖν,
343 4343 621 4416 Ὠργίσθη,
641 4343 736 4398 καὶ
768 4343 895 4397 ἀλλο
929 4343 1009 4405 τὸ,
1053 4343 1298 4414 Ὀργίλος
1318 4343 1484 4399 ἐστίν.
1529 4344 1739 4410 Ἐξου-

1849 4351 1957 4422 ejus
1991 4346 2314 4405 sententiam
2334 4343 2477 4405 tulit.
2501 4339 2690 4396 dicens
2716 4354 2840 4394 eum
2861 4337 2955 4390 illo
2970 4333 3132 4388 modo
3155 4328 3406 4422 affectum

170 4431 420 4490 δενῶσαι
435 4435 491 4488 δέ
509 4436 623 4487 ἐστι
662 4435 721 4488 τὸ
749 4435 908 4489 οἱονεὶ
951 4434 1329 4504 βδελύσσεσθαι
1369 4436 1458 4490 τὸν
1489 4436 1733 4508 πλησίον,

1837 4418 1978 4500 esse.
2012 4439 2174 4495 Aliud
2201 4437 2400 4509 quippe
2445 4442 2530 4490 est
2577 4433 2799 4489 dicere:
2847 4426 2908 4483 In
2955 4427 3091 4481 iram
3141 4418 3420 4493 prorupit;

173 4526 259 4577 καὶ
283 4526 650 4598 σικχαίνεσθαι
679 4526 753 4588 ὡς
781 4525 916 4596 ἀηδῆ
940 4542 1088 4579 τιναο
1121 4524 1150 4578 δ
1174 4526 1266 4579 καὶ
1293 4525 1386 4580 τοῦ
1414 4531 1738 4599 κατακρῖναι

1849 4531 1994 4588 aliud
2036 4545 2206 4586 vero:
2268 4523 2571 4581 iracundus
2631 4529 2736 4578 est.
2785 4518 3064 4586 Despicere
3111 4519 3292 4568 autem
3338 4516 3422 4564 est

171 4611 450 4686 ὁλεθριὼτε
459 4633 571 4688 ρον.

246 4895 324 4950 οὐ
376 4895 622 4962 κατῴκει
666 4897 736 4950 ἐν
768 4894 937 4966 μέσῳ
993 4894 1098 4964 τῆς
1147 4898 1340 4963 Οἱκιάς
1388 4915 1506 4966 μου
1559 4895 1744 4951 ποιῶν

175 4986 598 5058 ὑπερηφανίαν.
654 4989 801 5041 ’Λνω
855 4990 952 5059 μὲν
1002 4988 1131 5061 περὶ
1183 4987 1338 5058 φίλου
1395 4990 1743 5060 ὑπερηφάνου

176 5075 352 5146 ἔλεγεν
371 5097 383 5111 ·
417 5079 651 5135 ἐνταῦθα
677 5080 733 5133 δὲ
764 5080 891 5152 περὶ
920 5081 1189 5151 ὑπηρέτου
1218 5081 1402 5152 φησὶν,
1436 5083 1516 5134 ὅτι
1541 5081 1746 5136 Οὐδένα

177 5169 280 5224 τῶν
324 5172 594 5245 ὑπεροψία
644 5173 941 5246 χρωμένων
989 5174 1232 5228 σύνοικον
1284 5177 1427 5246 ἔχειν
1471 5175 1740 5247 ᾑρούμην,

176 5260 289 5314 οὐδὲ
319 5266 600 5336 πρωτείων
631 5266 721 5319 καὶ
753 5266 1062 5336 παρρησίας
1097 5266 1312 5335 ἠξιοῦτο
1343 5269 1470 5338 παρ’
1501 5268 1643 5338 ἐμοὶ,
1670 5267 1741 5330 ὡς

176 5350 263 5404 τοῦ
305 5356 359 5407 εν
402 5358 552 5429 μέσῳ
587 5361 686 5428 τῆς
731 5357 904 5420 οἰκίας
946 5359 1256 5430 παρρησίαν
1301 5361 1396 5412 καὶ
1433 5359 1744 5431 ἐλευθερίαν

177 5439 409 5511 ἔχοντος·
447 5451 501 5502 ἐν
527 5449 677 5520 ὄψεσι
709 5450 816 5520 γὰρ
846 5450 1104 5503 δεσπότου
1138 5453 1165 5504 ὁ
1190 5451 1446 5516 τοιοῦτος.
1479 5453 1658 5505 Ποιεῖν
1686 5453 1743 5506 δὲ

177 5533 548 5608 ὑπερηφανίαν
581 5542 696 5595 ἐστὶ
732 5543 792 5595 τὸ
829 5543 965 5613 μετὰ
997 5542 1312 5607 ἀλαζονείας
1344 5547 1603 5616 ἐνεργεῖν.
1652 5544 1742 5598 Λὲ-

174 5637 258 5691 γοι
284 5627 327 5680 δ’
361 5629 447 5694 ἂν,
482 5633 573 5686 καὶ
599 5634 679 5687 δτι
706 5653 716 5665 ο
745 5636 817 5688 Οὑ
851 5634 1086 5704 κατῴκει
1113 5638 1168 5689 ὲν
1200 5639 1264 5707 τῇ
1294 5637 1487 5708 καρδίᾳ
1517 5655 1616 5708 μου
1657 5636 1742 5690 λο-

177 5717 365 5786 γισμὸς
403 5723 719 5777 ὑποδάλλων
764 5726 1154 5798 ὑπερηφανίαν.
1207 5727 1418 5780 Λαυιώι·
1463 5727 1638 5781 ἄδικα
1671 5731 1741 5782 οὺ

180 5811 554 5869 αατεύθιψεν-
583 5815 835 5870 ἐνὼειιειο
879 5817 994 5871 τῶν
1026 5816 1346 5876 ὀίθιιλιιῶν
1377 5836 1513 5876 μου.
1552 5820 1742 5879 Συντύ-

1845 4622 2004 4696 quasi
2040 4619 2304 4677 detestari
2348 4617 2678 4690 proximum,
2713 4619 2767 4668 et
2799 4609 2955 4680 quasi
2985 4605 3235 4662 odiosum
3270 4602 3420 4703 illum

1844 4714 2118 4772 exsecrari
2149 4731 2162 4766 :
2194 4712 2339 4784 quod
2391 4709 2552 4766 etiam
2591 4707 2706 4776 ipsa
2735 4698 3186 4758 condemnatione
3240 4698 3424 4766 perni-

1845 4809 2052 4864 ciosius
2082 4819 2184 4863 est.

1921 4898 2086 4955 Vsns.
2128 4899 2178 4951 7.
2223 4896 2345 4951 Non
2377 4891 2649 4949 habitabat
2681 4892 2733 4946 in
2769 4889 2937 4943 medio
2963 4885 3149 4940 domus
3180 4895 3306 4934 mea:
3331 4875 3423 4948 qui

1848 4992 2044 5063 faceret
2077 4990 2400 5061 superbiam.
2449 4985 2714 5057 Superius
2735 4982 2955 5054 quidem
3000 4978 3068 5034 de
3115 4972 3293 5028 amico
3322 4985 3418 5024 su-

1849 5084 2018 5155 perbo
2050 5083 2263 5137 locutus
2299 5088 2417 5148 est;
2451 5080 2538 5133 hic
2561 5083 2742 5132 autem
2783 5075 2852 5130 de
2887 5071 3092 5126 famulo
3135 5065 3379 5136 loquitur
3402 5101 3417 5125 ,

1849 5177 2031 5248 aitque
2063 5196 2073 5230 :
2107 5175 2388 5230 Neminem
2423 5187 2610 5228 eorum
2641 5170 2733 5240 qui
2778 5164 3012 5237 superbe
3053 5169 3277 5233 agerent
3323 5157 3422 5210 do-

1849 5269 2137 5324 mesticum
2169 5265 2304 5320 mihi
2333 5263 2631 5334 deligebam
2659 5301 2674 5324 ,
2719 5274 2898 5329 neque
2947 5251 3308 5310 concedebain
3362 5254 3422 5298 ut

1849 5359 1992 5432 apud
2016 5375 2101 5414 me
2136 5359 2341 5429 primas
2369 5361 2620 5410 tenerent
2645 5361 2700 5408 et
2735 5353 2964 5406 fidenter
2992 5354 3254 5417 agerent,
3290 5341 3419 5411 quia

1849 5452 2056 5508 scilicet
2087 5451 2132 5506 is
2161 5451 2253 5521 qui
2276 5450 2332 5504 in
2357 5447 2534 5503 medio
2556 5447 2753 5502 domus
2781 5452 2866 5500 est
2895 5440 3150 5496 fiduciam
3178 5444 3232 5492 et
3253 5436 3419 5489 liber-

1847 5551 2014 5599 tatem
2050 5543 2296 5598 obtinet:
2339 5556 2464 5595 nam
2502 5537 2813 5608 hujusmodi
2841 5536 3006 5590 homo
3031 5534 3086 5588 in
3119 5529 3294 5586 oculis
3321 5528 3422 5582 do-

1849 5637 1982 5693 mini
2015 5645 2281 5692 versatur.
2313 5635 2636 5706 Superbiam
2665 5647 2796 5688 vero
2833 5630 3032 5691 facere.
3066 5637 3148 5683 est
3175 5641 3299 5680 cum
3333 5639 3421 5676 ar-

1849 5731 2094 5800 rogantia
2126 5745 2184 5784 se
2211 5742 2415 5801 gerere.
2445 5726 2646 5781 Dixerit
2679 5727 2805 5781 item
2832 5743 2844 5779 :
2886 5722 3003 5778 Non
3035 5719 3315 5775 habitabat
3365 5716 3420 5771 in

1850 5821 2013 5880 corde
2042 5837 2163 5877 meo
2196 5818 2452 5879 cogitatio
2483 5818 2794 5878 superbiam
2829 5830 3157 5879 suggerens.
3185 5811 3291 5899 Qui
3339 5809 3420 5862 lo-
