3868 6282
462 329 601 384 ’ΞΠ

1171 328 1437 386 EUSEBII
1466 325 1943 386 CESARIENSIS
1982 321 2136 381 OPP.
2174 323 2356 381 PARS
2394 322 2480 378 lll.
2531 355 2591 365 —
2652 323 3062 382 EXEGETICA.

3528 330 3634 414 tu;

459 451 716 523 φαείνοιεν
743 453 944 523 iniqua,
971 469 1072 508 non
1100 453 1357 526 dirigebat
1384 457 1437 510 in
1452 463 1729 525 conspectu
1759 453 2029 509 oculorum

2136 465 2251 520 μως
2281 449 2476 513 εἰπεῖν,
2494 449 2693 502 πᾶσαν
2732 448 2944 502 ἀδικίαν
2975 446 3404 518 ἀπεστρεφόμην,
3428 449 3530 504 οὐδὲ
3560 455 3638 525 τήν

461 560 713 599 meorum.
747 543 1162 616 Utcompendio
1189 546 1367 602 dicam
1389 585 1408 612 ,
1449 562 1668 604 omnem
1707 545 2032 614 iniustitiam

463 634 775 694 aversabar.
794 650 971 704 neque
988 637 1071 692 vel
1094 637 1382 692 verborum
1410 646 1572 693 tenus
1597 651 1716 693 eam
1748 636 1984 692 ferebam
2014 655 2029 691 :

2135 539 2300 612 μέχρι
2339 541 2513 610 λόγων
2553 540 2872 611 ὑπομένων·
2905 539 2934 591 6
2977 538 3085 611 γὰρ
3127 535 3298 594 λαλῶν
3340 541 3487 595 ἄδικα
3521 546 3640 600 οὐδὲν

2131 632 2312 702 ήνυεν,
2359 631 2460 684 οὐκ
2501 630 2762 685 εὐωδοῦτο
2805 629 3034 685 ἐνώπιόν
3067 646 3201 724 μου,
3233 631 3293 684 οὐ
3337 632 3584 706 κατώρθου
3613 638 3640 694 ἃ

461 740 587 780 nam
619 725 711 796 qui
737 725 1060 796 loquebatur
1088 727 1276 797 iniqua
1301 727 1436 782 nihil
1462 727 1834 797 promovebat,
1857 734 2029 796 neque

2133 723 2482 788 ἐσπούδαζεν.

461 816 600 873 bene
626 834 738 873 rem
765 817 986 889 gerebat
1019 819 1074 873 in
1105 827 1401 890 conspectu
1433 833 1576 882 meo,
1603 833 1705 874 nec
1735 835 1797 873 ea
1825 834 1946 889 quae
1975 821 2032 874 in

462 907 645 962 animo
674 908 900 964 haberet
931 909 1268 980 perﬁciebat.

532 995 697 1052 Vens.
733 998 787 1052 8.
831 995 896 1050 In
929 998 1187 1052 matutino
1219 995 1596 1065 interﬁciebam
1633 1011 1807 1051 omnes
1850 1011 2033 1064 pecca-

462 1097 600 1142 tores
632 1097 804 1152 terrm,
835 1100 891 1142 ut
920 1087 1272 1156 disperderem
1294 1092 1356 1141 de
1387 1087 1597 1141 civitate
1619 1085 1832 1141 Domini
1853 1103 2030 1140 omnes

461 1189 733 1246 operante:
759 1179 1110 1244 iniquitatem.
1141 1176 1240 1231 llic
1273 1184 1540 1242 exactam,
1574 1177 1826 1233 stabilem
1854 1186 1908 1232 et
1941 1192 2032 1234 so-

461 1270 633 1324 briam
675 1269 901 1339 justitize
935 1268 1200 1324 rationem
1233 1267 1536 1324 describit:
1565 1282 1689 1322 nam
1723 1267 1820 1333 ait,
1855 1283 2034 1340 neque

462 1363 544 1416 ira
569 1401 586 1427 ,
637 1378 814 1432 neque
841 1361 1078 1418 ebrietas
1118 1360 1321 1416 caedem
1354 1360 1486 1414 mihi
1531 1360 1898 1431 suggerebat:
1950 1361 2032 1416 ira

460 1454 657 1524 quippe
687 1454 898 1509 etiamsi
948 1453 1200 1510 hesterna
1241 1451 1332 1508 die
1379 1467 1466 1507 me
1511 1452 1926 1522 inflammabat;
1975 1461 2032 1509 at

461 1545 816 1600 diuturnitate
848 1545 1028 1601 noctis
1085 1544 1334 1616 mitigata
1364 1542 1574 1611 fuerat;
1609 1545 1848 1602 ebrietas
1875 1561 2028 1612 vero,

462 1637 587 1692 licet
618 1636 800 1707 gravis
846 1634 1172 1707 vespertinis
1215 1635 1366 1692 boris
1411 1636 1698 1702 adfuisset,
1728 1652 1924 1693 somno
1953 1645 2032 1692 ta-

460 1742 581 1782 men
611 1726 860 1783 discussa
890 1725 1088 1782 fuerat.
1147 1726 1294 1782 Pura
1320 1727 1506 1798 itaque
1552 1741 1717 1782 manu
1750 1734 1806 1783 et
1847 1736 2029 1784 mente

459 1824 653 1873 contra
701 1832 796 1873 eos
823 1818 915 1889 qui
955 1818 1012 1873 in
1039 1817 1209 1874 Deum
1241 1825 1600 1890 peccaverant
1647 1819 1946 1876 instructus
1974 1828 2029 1876 et

458 1920 701 1968 armatus
722 1925 892 1972 eram.
915 1927 1095 1983 neque
1120 1929 1184 1968 ex
1217 1913 1345 1968 vino
1369 1928 1546 1984 neque
1565 1929 1629 1970 ex
1656 1914 1734 1967 ira
1757 1914 1940 1970 animo
1966 1930 2029 1971 ac

459 2001 726 2055 sententia
754 2001 1086 2071 decipiebat.
1133 2000 1460 2058 Peccatores
1496 2011 1679 2058 autem
1712 2019 1822 2059 non
1851 2005 2026 2060 solum

461 2105 557 2158 per
589 2091 895 2145 universam
927 2100 1151 2157 terram,
1175 2091 1271 2148 sed
1299 2106 1396 2148 eos
1422 2092 1584 2148 etiam
1613 2093 1709 2165 qui
1744 2094 1799 2149 in
1824 2094 2031 2151 ditione

458 2196 589 2237 mea
609 2190 765 2237 erant
815 2183 1132 2239 oceldebam
1161 2203 1175 2240 :
1207 2199 1383 2255 neque
1431 2186 1593 2243 simul
1641 2202 1834 2245 omnes
1862 2228 1878 2255 ,
1931 2190 2029 2246 sed

460 2273 623 2328 modo
654 2274 822 2340 metu,
856 2290 982 2330 mox
1015 2274 1202 2330 alium.
1254 2274 1455 2332 Verum
1503 2277 1707 2333 nemini
1738 2286 1870 2350 puto
1918 2296 2028 2336 non

458 2365 810 2422 inanil‘estmn‘
835 2382 958 2423 esse
986 2367 1100 2424 haec
1125 2369 1465 2442 atuigmatice
1493 2369 1640 2424 dicta
1672 2371 1879 2439 fuisse;
1928 2388 2024 2428 ne-

457 2471 565 2527 que
602 2459 745 2514 enim
776 2476 840 2514 ea
867 2469 952 2516 est
981 2460 1111 2516 dicti
1138 2463 1429 2528 sententia,
1459 2479 1544 2519 me
1572 2464 1888 2523 ineuntibus
1908 2467 2026 2522 sin-

457 2548 599 2618 gulis
659 2547 852 2603 diebus
908 2549 1147 2607 humano
1209 2553 1473 2622 sanguine
1524 2568 1722 2610 manus
1794 2554 2029 2612 fmdasse

461 2652 610 2693 meas
640 2655 654 2692 :
685 2637 740 2693 id
777 2638 923 2693 enim
956 2649 1321 2712 praeterquam
1349 2642 1496 2714 quod
1531 2643 1910 2700 detestandum
1942 2663 2030 2703 es-

457 2741 562 2798 set,
591 2734 903 2790 nullatenus
937 2736 1197 2793 credibile
1241 2747 1346 2794 est.
1403 2739 1694 2806 Quomodo
1738 2745 1884 2798 enim
1913 2745 2029 2800 sin-

457 2826 600 2898 gulis
627 2829 914 2884 matutinis
943 2844 1132 2896 omnes
1162 2841 1476 2901 peccatores
1499 2841 1662 2890 terra:
1710 2849 1871 2890 manu
1900 2851 2029 2907 pro-

459 2915 576 2986 pria
613 2917 880 2996 conficere
913 2919 1220 2990 potuisset?
1253 2920 1439 2993 Neque
1462 2924 1608 2978 enim
1653 2941 1797 2982 unus
1837 2940 2029 2982 omnes

459 3023 717 3077 superare
742 3009 1021 3076 valuisset,
1053 3027 1177 3067 cum
1197 3053 1214 3080 ,
1239 3019 1298 3068 ut
1336 3015 1630 3071 verisimile
1667 3025 1785 3084 est,
1831 3032 2028 3089 magna

458 3107 604 3156 esset
635 3110 980 3171 peccatorum
1007 3103 1300 3160 multitudo
1324 3123 1338 3160 :
1371 3121 1435 3159 ac
1449 3106 1494 3162 si
1512 3121 1608 3164 eos
1625 3107 1679 3162 in
1700 3109 1838 3164 bello
1861 3109 2016 3165 vicis-

459 3202 676 3255 set,uno
695 3193 747 3247 in
765 3194 1032 3249 matutino
1044 3210 1232 3252 omnes
1247 3196 1634 3266 interfecisset,
1650 3214 1826 3270 neque
1842 3200 2029 3273 singu-

462 3281 529 3338 lis
550 3285 834 3340 matutinis
853 3285 1003 3356 ipsos
1025 3287 1243 3357 propria
1272 3304 1436 3343 manu
1466 3291 1852 3350 interemisset.
1883 3293 2025 3361 Quid

461 3375 644 3444 itaque
672 3376 939 3447 signiﬁcet
959 3379 1128 3434 illud?
1155 3379 1429 3437 Attentius
1453 3392 1506 3439 et
1533 3383 1858 3455 prudentius
1882 3385 2028 3442 dicta

461 3466 846 3538 intelligamus,
871 3485 938 3526 ne
968 3472 1286 3543 prophetica
1319 3475 1542 3528 oracula
1570 3459 1840 3532 mendacii
1870 3493 2030 3534 accu-

461 3574 671 3624 semus,
711 3559 855 3630 quod
905 3562 1070 3619 nefas
1095 3572 1260 3620 esset.
1300 3566 1504 3621 Civitas
1557 3565 1769 3623 Domini
1798 3578 1883 3625 est
1923 3571 2028 3625 Ill-l-

463 3666 636 3706 mana:
661 3659 950 3708 structum
978 3656 1332 3726 compositio;
1366 3667 1681 3727 peccatores
1705 3667 1886 3715 autem
1915 3668 2027 3716 ter-

462 3759 535 3800 ra:
563 3744 598 3798 ii
631 3753 758 3800 sunt
793 3745 860 3800 de
882 3746 1100 3817 quibus’
1114 3745 1490 3818 salvatonait,
1524 3750 1598 3803 Ab
1623 3752 1763 3805 intus
1791 3767 1857 3807 ea:
1874 3752 2030 3808 corde

462 3844 646 3888 exeunt
671 3834 1018 3905 cogitationes
1050 3838 1228 3902 malis,
1255 3838 1568 3905 homicidia,
1605 3841 1888 3908 adulteria,
1922 3843 2031 3912 for-

463 3925 779 3991 nicationes,
846 3926 1024 3993 furta,
1081 3926 1225 3995 falsa
1280 3930 1616 3993 testimonia,
1671 3932 2026 4001 blasphemia.

464 4012 593 4068 llwc
621 4025 765 4080 sunt,
791 4032 908 4085 quae
931 4019 1272 4090 coinquinant
1319 4020 1579 4076 hominem
1609 4023 1671 4078 “.
1707 4023 1818 4080 Hos
1847 4037 2029 4082 autem

377 4171 384 4178 ι
464 4114 779 4174 peccatores
809 4122 876 4162 ex
905 4117 1048 4163 terra
1085 4117 1258 4175 ortos,
1292 4111 1348 4166 id
1378 4119 1483 4177 est,
1517 4128 1585 4169 ex
1623 4120 1840 4169 terrena
1865 4130 2032 4172 carne

465 4195 810 4266 prodeuntes,
841 4199 969 4255 dum
998 4200 1224 4274 singulae
1247 4204 1314 4259 de
1362 4201 1473 4259 Deo
1501 4205 1858 4276 cogitationes
1898 4222 2031 4260 exo-

465 4287 786 4356 riuntur,ex
812 4293 1031 4362 propria
1058 4301 1336 4350 structura
1368 4296 1508 4350 tollit
1540 4297 1632 4367 qui
1665 4312 1785 4353 sese
1812 4307 2026 4369 purgat.

463 4379 789 4436 Matutinum
817 4389 998 4439 autem
1040 4393 1096 4440 et
1123 4385 1426 4443 diluculum
1459 4389 1512 4443 in
1550 4390 1732 4444 anima
1761 4399 1866 4458 est,
1891 4407 2029 4462 quo-

2205 992 2312 1057 Είς
2330 990 2437 1058 τὰς
2453 993 2674 1060 πρῶτος
2701 991 3056 1047 ἀπέκτεινον
3086 993 3314 1060 πάντας
3345 993 3478 1060 τοὺς
3505 994 3645 1064 ἀμαρ-

2131 1081 2360 1149 τωλοὺς
2406 1081 2516 1151 τῆς
2562 1082 2696 1154 τῆς,
2742 1084 2849 1138 τοῦ
2885 1082 3313 1153 έξολοθρεῦσαι
3361 1086 3426 1138 ἐκ
3465 1086 3648 1152 πόλεως

2131 1173 2350 1241 Κυρίου
2379 1172 2611 1239 πάντας
2651 1173 2791 1241 τοὺς
2827 1172 3249 1245 ἐργαζομένους
3290 1174 3404 1242 τὴν
3439 1174 3646 1231 ἀδικίαν.

2131 1266 2203 1319 Τὸ
2227 1267 2450 1337 ἀκριϐὲς
2469 1269 2562 1320 καὶ
2586 1266 2820 1330 ἀπλανὲς
2844 1268 2938 1322 καὶ
2966 1267 3223 1338 νηφάλιον
3247 1271 3347 1339 τῆς
3386 1268 3526 1340 δίκης
3549 1289 3652 1340 παρ»

2136 1356 2347 1424 ίστησιν
2383 1373 2397 1387 ο
2447 1355 2530 1410 ὅτι
2593 1355 2718 1410 οὕτε
2765 1357 2957 1428 θυμὸς,
3012 1360 3196 1430 φησὶν,
3243 1357 3367 1412 οὕτε
3412 1359 3537 1430 μέθη
3577 1363 3650 1434 τήν

2132 1448 2410 1519 ἀναίρεσιν
2439 1449 2723 1504 ὑπετίθετο
2739 1467 2766 1490 ·-
2786 1451 2816 1503 ό
2838 1451 2940 1522 μὲν
2963 1450 3070 1523 γὰρ
3097 1450 3263 1522 θυμὸς
3282 1453 3332 1504 εί
3361 1453 3452 1505 καὶ
3480 1456 3536 1524 τῇ
3556 1454 3651 1524 χθὲς

2130 1539 2316 1610 ἡμέρα
2347 1539 2684 1612 παρώξυνεν,
2715 1541 2852 1596 ἀλλά
2886 1540 2974 1596 διὰ
3009 1541 3101 1595 τοῦ
3143 1543 3352 1614 μήκους
3380 1545 3473 1614 τῆς
3502 1545 3652 1608 νυκτὸς

2131 1631 2470 1700 ἐμαλάσσετο
2489 1649 2503 1662 ο
2550 1635 2584 1704 ή
2617 1632 2674 1686 δὲ
2704 1632 2863 1705 μέθη,
2897 1633 3002 1688 κάν
3035 1631 3191 1702 ὀψίας
3227 1632 3396 1706 πολλὴ
3435 1636 3648 1703 προσεγέ-

2132 1738 2272 1785 νετο,
2304 1720 2392 1774 διά
2419 1720 2513 1775 τοῦ
2547 1721 2714 1775 ὕπνου
2747 1722 2948 1786 ίκανῶς
2979 1723 3318 1778 ἐλεπτύνετο.
3352 1723 3564 1795 Καθαρᾷ
3583 1723 3652 1780 οὖν

2061 1795 2103 1854 Β
2131 1813 2222 1866 κα)⁸
2249 1815 2392 1885 χειρί
2417 1815 2511 1868 καὶ
2542 1813 2738 1888 γνώμῃ
2765 1815 2906 1868 κατά
2939 1817 3047 1870 τῶν
3079 1817 3158 1879 είς
3199 1816 3335 1870 Θεὸν
3364 1818 3654 1888 ἁμαρτανόν-

2127 1922 2236 1958 των
2269 1905 2663 1978 ἐξωπλιξόμην,
2694 1908 2831 1978 μήτε
2865 1909 2962 1979 τῆς
3005 1907 3064 1974 ἐξ
3105 1908 3251 1963 οῐνου
3283 1909 3518 1978 γνώμης,
3547 1910 3653 1980 μήτε

2127 1997 2227 2068 τῆς
2272 1999 2336 2050 ἐκ
2384 1997 2558 2070 θυμοῦ
2609 1998 2948 2070 σφαλλούσης
3002 2000 3094 2053 τὸν
3136 2000 3416 2071 λογισμόν.
3462 2002 3581 2062 Τοὺς
3610 2001 3652 2054 δὲ

2129 2088 2485 2159 ἁμαρτωλοὺς
2514 2089 2832 2145 ἀπέκτεινον
2861 2090 2958 2161 οὐχ
2986 2090 3170 2155 ἁπλῶς
3192 2091 3415 2162 ἀπάσης
3445 2091 3534 2160 τῆς
3555 2093 3651 2161 τῆς,

2128 2186 2263 2240 ἀλλά
2299 2186 2400 2257 τῆς
2431 2189 2522 2240 ὑπ’
2549 2187 2680 2258 ἐμέ·
2706 2188 2800 2242 καὶ
2828 2188 3033 2251 πάντας
3058 2188 3114 2242 δέ
3139 2188 3239 2257 οὐχ
3265 2187 3402 2258 ἅμα,
3432 2187 3554 2240 ἀλλά
3580 2187 3652 2240 νῦν

2133 2280 2230 2350 μὲν
2257 2279 2466 2346 τοῦτον,
2508 2280 2604 2335 νῦν
2637 2281 2693 2334 δὲ
2735 2283 2960 2335 ἐκεῖνον.
3000 2281 3213 2335 Μᾶλλον
3240 2281 3299 2335 δὲ
3337 2280 3492 2333 τοῦτο
3526 2281 3682 2345 παντί,

2127 2387 2230 2424 που
2265 2369 2440 2440 δῆλον,
2467 2372 2549 2424 ὃτι
2579 2372 2638 2424 ἐν
2666 2372 2946 2441 αἰνίγματι
2987 2371 3414 2442 κεκαλυμμένως
3447 2375 3650 2442 εἰρηται·

2127 2463 2186 2516 οὐ
2216 2463 2324 2536 γὰρ
2355 2463 2436 2516 ὃτι
2475 2462 2595 2516 καθ’
2634 2463 2869 2533 ἑκάστην
2904 2463 3226 2535 ἀρχὴνδῆις⁴
3259 2464 3473 2535 ἡμέρας
3499 2463 3650 2533 αἵματι

2127 2555 2427 2628 ἀνθρώπων
2455 2570 2552 2621 τας
2582 2559 2768 2628 χεῖρας
2799 2557 3160 2628 ἐμολυνομην,
3185 2557 3245 2610 οὗ
3285 2556 3443 2610 τοῦτό
3471 2557 3649 2626 φησινό

2125 2646 2309 2715 λόγος⁶
2337 2645 2496 2700 τοῦτο
2527 2647 2634 2718 γάρ
2666 2646 2801 2719 πρὸς
2829 2646 2906 2716 τῷ
2934 2646 3114 2714 ἐναγεῖ
3151 2645 3231 2698 ἐτι
3263 2644 3362 2698 καὶ
3406 2645 3462 2696 τὸ
3502 2641 3653 2696 ἀπίθα-

2127 2755 2215 2792 νον
2265 2738 2394 2808 ἔχει.
2447 2737 2567 2802 Πῶς
2610 2738 2718 2809 γὰρ
2763 2738 2980 2791 πάντων
3021 2736 3250 2807 ηδύνατο
3295 2735 3417 2790 καθ’
3461 2735 3652 2803 ἑκάστην

2127 2830 2339 2904 πρωίαν
2370 2830 2621 2901 αὐτόχειρ
2646 2830 2888 2898 γίνεσθαι
2919 2829 3029 2892 τῶν
3063 2827 3404 2900 ἁμαρτωλῶν
3433 2825 3526 2894 τῆς
3546 2824 3650 2893 γῆς

2126 2922 2201 2974 UO
2232 2919 2340 2992 γὰρ
2387 2920 2761 2993 περιγίνεσθαι
2807 2921 3025 2974 πάντων
3064 2918 3290 2973 δυνατὸν
3332 2917 3448 2978 ἐνα,
3489 2914 3653 2969 πολλῶν

2125 3007 2233 3061 τῶν
2258 3007 2740 3080 ἐξαμαρτανόντων
2771 3011 2850 3072 είς
2876 3009 2937 3063 τὸ
2960 3009 3108 3073 εἰκὸς
3144 3007 3315 3062 ὅντων
3333 3025 3348 3039 ·
3380 3007 3471 3061 καὶ
3505 3009 3546 3058 εί
3578 3022 3651 3057 που

2129 3099 2277 3170 λέμῳ
2328 3099 2506 3154 αὐτῶν
2553 3100 2978 3172 κατεκράτησεν,
3028 3109 3086 3154 ἐν
3139 3102 3238 3172 μιᾷ
3301 3101 3368 3156 ἀν
3416 3099 3652 3154 ἀπέκτεινε

2131 3193 2309 3262 πρωΐᾳ
2361 3193 2487 3256 τοὺς
2548 3193 2886 3264 σύμπαντας,
2944 3193 3061 3247 ἀλλ’
3115 3194 3236 3264 οὐχὶ
3289 3193 3412 3248 καθ’
3463 3192 3652 3260 ἑκάστην

2129 3287 2342 3357 πρωΐαν
2379 3285 2632 3357 αὐτόχειρ
2659 3285 2838 3339 αὐτῶν
2877 3286 3104 3354 ἐγίνετο.
3140 3286 3205 3338 Τί
3235 3282 3333 3340 οὗν
3357 3286 3504 3340 τοῦτό
3539 3285 3650 3346 im;

2127 3378 2495 3450 Συνετώτερον
2515 3379 2618 3432 τῶν
2648 3379 2952 3449 λεγομένων
2980 3380 3323 3450 ἀκούσωμεν,
3357 3381 3442 3433 ἵνα
3473 3377 3536 3449 μὴ
3556 3392 3654 3431 κατ-

2128 3469 2489 3540 ηγορήσωμεν
2547 3471 2640 3524 ἐπὶ
2673 3470 2856 3540 ψεύδει
2885 3470 2993 3524 τῶν
3035 3471 3387 3543 προφητικῶν
3419 3469 3604 3539 λογίων,
3630 3467 3652 3520 ὃ

2133 3561 2206 3630 μὴ
2233 3559 2409 3630 θέμις.
2449 3560 2609 3624 Πόλις
2631 3561 2723 3614 τοῦ
2749 3562 2953 3634 Κυρίου
2988 3565 3024 3634 ή
3059 3561 3318 3625 σύστασις
3349 3563 3460 3614 ἐστι
3478 3563 3563 3630 τῆς
3581 3558 3648 3611 ἀν-

2130 3651 2406 3722 θρωπίνης
2439 3653 2812 3724 κατασκευῆς·
2863 3654 3176 3725 ἁμαρτωλοὶ
3206 3653 3263 3706 δὲ
3294 3654 3416 3724 γῆς,
3458 3651 3569 3722 περὶ
3596 3642 3651 3702 ὧν

2130 3761 2292 3814 φησιν
2321 3745 2350 3798 ὀ
2377 3743 2588 3815 Σωτὴρ,
2621 3745 2703 3797 ὃτι
2726 3746 2983 3800 Ἐσωθεν
3017 3747 3084 3798 ἐκ
3113 3743 3222 3812 τῆς
3256 3744 3497 3812 καρδίας
3523 3738 3650 3806 ἐξέρ-

2133 3853 2336 3901 χονται
2383 3837 2661 3906 λογισμοὶ
2705 3837 2973 3904 πονηροὶ.
3006 3838 3200 3906 φόνοι,
3232 3835 3502 3906 μοιχεῖαι,
3539 3848 3649 3899 πορ-

2129 3931 2280 3986 νεῖαι
2307 3973 2322 3994 ,
2379 3929 2597 3985 κλοπαὶ
2623 3968 2638 3993 ,
2699 3929 3200 3997 ψευδομαρτυρίαι
3218 3968 3233 3992 ,
3291 3926 3644 3996 βλασφημίαι.

2135 4019 2325 4074 Ταῦτὰ
2344 4021 2475 4074 ἐστι
2515 4017 2589 4072 τὰ
2613 4017 2932 4074 κοινοῦντα
2968 4019 3074 4072 τὸν
3109 4017 3438 4085 ἄνθρωπον.
3465 4014 3645 4074 Τούτους

2127 4112 2191 4184 δὴ
2219 4113 2344 4176 τοὺς
2390 4113 2456 4167 ὲκ
2499 4113 2598 4183 τῆς
2644 4112 2748 4182 γῆς
2791 4111 3164 4182 ἁμαρτωλοὺς,
3202 4109 3444 4162 τουτέστι
3471 4105 3646 4167 τοῦςέιι

2128 4206 2225 4276 τῆς
2254 4206 2446 4275 γηΐνης
2493 4204 2689 4275 σαρκὸς
2719 4203 3020 4274 προίόντος,
3060 4201 3180 4255 καθ’
3219 4201 3452 4262 ἐκάστην
3484 4198 3644 4250 ἔννοιαν

2128 4295 2226 4365 τὴν
2264 4295 2393 4367 περὶ
2429 4294 2564 4348 Θεοῦ
2592 4294 2902 4362 ἐξαφανίζει
2942 4296 3004 4347 ἐκ
3031 4293 3131 4363 τῆς
3175 4293 3312 4356 ιδίας
3339 4284 3644 4346 συστάσεωςὸ

2129 4385 2336 4440 ἑαυτῶν
2369 4385 2732 4457 ἐκκαθαίριιιν.
2780 4386 2970 4456 Πρωῖα
3006 4379 3098 4437 οὖν
3134 4386 3224 4437 καὶ
3248 4381 3441 4453 ὄρθρος
3466 4381 3516 4432 ὲν
3535 4374 3642 4446 ψυχῇ

463 4471 567 4528 ties
591 4473 850 4530 salutaris
884 4475 1154 4547 dogmatis
1204 4489 1358 4535 ortus
1409 4482 1642 4549 accidit,
1688 4499 1798 4554 quo
1838 4499 2028 4541 omnes

2133 4477 2250 4530 καθ’
2279 4476 2512 4547 ἑκάστην
2551 4476 2738 4530 ἀνατῶ
2748 4475 2811 4547 ὴν
2845 4475 3112 4547 σωτηρίου
3154 4465 3420 4545 δόγματος
3461 4470 3640 4538 γίνεται,

463 4564 842 4634 cogitationes,
869 4583 988 4638 qua:
1025 4579 1321 4641 operantur
1349 4573 1713 4643 iniquitatem,
1745 4575 1814 4632 de
1851 4576 2030 4633 medio

464 4655 580 4710 tolli
607 4665 840 4727 oportet.
865 4657 980 4713 Nisi
1009 4660 1154 4714 enim
1185 4661 1342 4731 primi
1370 4661 1567 4718 animae
1599 4673 1781 4721 motus
1811 4663 1879 4719 ad
1910 4680 2028 4721 ma-

463 4747 638 4801 litiam
677 4749 1088 4816 exscindantur,
1115 4755 1486 4810 necessarium
1526 4763 1613 4811 est
1649 4755 1932 4826 cupidines
1961 4757 2029 4813 ad

463 4851 604 4908 opus
627 4838 938 4908 procedere.
978 4838 1221 4914 Exempli
1249 4860 1434 4908 causa,
1467 4855 1722 4914 peccator
1755 4855 1914 4902 terrae
1944 4855 2031 4904 est

465 4929 723 4999 cogitatio
776 4931 1189 4990 fornicationem
1229 4951 1556 5006 suggerens,
1604 4954 1724 5008 quae
1763 4938 1924 4995 ellicit
1971 4947 2032 4996 ut

465 5023 590 5092 quis
619 5023 901 5078 mulierem
944 5027 1200 5096 respiciat
1243 5027 1311 5081 ad
1345 5029 1840 5100 concupiscendum
1869 5047 2026 5089 eam:

467 5112 582 5168 haec
615 5128 778 5183 porro
810 5114 916 5170 nisi
947 5115 1002 5170 in
1027 5116 1206 5171 anima
1236 5118 1518 5174 occidatur
1541 5159 1556 5185 ,
1595 5134 1660 5175 ac
1691 5121 1904 5177 ratione
1927 5137 2029 5178 ceu

467 5205 645 5276 gladio
665 5206 944 5263 scindente
965 5217 1020 5263 et
1047 5208 1273 5265 affectus
1301 5211 1522 5266 tollente
1554 5212 1792 5268 caedatur
1813 5253 1828 5277 ,
1867 5214 2031 5284 idque

473 5298 524 5351 iu
561 5299 822 5353 matutino
843 5298 1125 5366 efﬁciatur,
1147 5302 1358 5357 scilicet
1389 5318 1514 5358 cum
1547 5305 1780 5375 primum
1812 5307 1902 5360 illa
1933 5320 2032 5376 pa-

475 5391 576 5445 lum
629 5390 1051 5460 deprehenditur
1097 5395 1244 5463 (nam
1293 5394 1511 5464 quidvis
1549 5398 1902 5469 conspicuum
1934 5399 2031 5454 lux

477 5489 597 5550 est),
631 5490 752 5552 post
783 5485 928 5538 illam
961 5484 1016 5538 in
1048 5484 1214 5541 corde
1257 5486 1691 5559 fornicationem,
1715 5490 1784 5544 ad
1809 5493 2030 5562 gravius

477 5569 630 5625 etiam
665 5583 943 5642 peccatum
991 5575 1081 5632 illa
1125 5576 1399 5634 hominem
1441 5579 1701 5651 deducet;
1731 5581 1786 5638 id
1814 5590 1918 5651 est,
1963 5583 2033 5640 ad

552 5724 586 5750 "
633 5721 816 5776 Matth.
853 5741 938 5787 xv,
981 5726 1062 5788 l9,
1092 5727 1178 5780 Ἦ).

2130 4569 2188 4620 ὲν
2303 4567 2721 4636 ἐξαφανίζεσθαι
2761 4567 2843 4621 δεῖ
2886 4567 3091 4629 πάντας
3125 4568 3249 4629 τοὺς
3298 4560 3644 4636 ἐργαζομένους

2129 4659 2226 4730 τὴν
2257 4660 2486 4730 ἀνομίαν
2530 4657 2841 4728 λογισμούς.
2879 4659 2942 4712 Et
2977 4665 3085 4727 γάρ
3119 4667 3193 4729 μη
3225 4657 3294 4710 τὰ
3331 4655 3508 4727 πρῶτα
3538 4651 3638 4720 πρὸς

2129 4752 2393 4823 πονηρίας
2414 4753 2686 4821 κινήματα
2712 4752 2810 4822 τῆς
2835 4751 3008 4823 ψυχῆς
3037 4749 3355 4820 ἐκτμηθείη,
3379 4747 3562 4814 ἀνάγκη
3581 4742 3638 4800 εἰς

2130 4843 2288 4914 ἔργον
2313 4845 2668 4914 προχωρῆσαι
2700 4843 2791 4906 τὰς
2811 4843 3130 4913 ἐνθυμήσεις
3146 4855 3159 4868 ⁸
3187 4835 3298 4894 οἷον
3325 4840 3422 4910 γῆς
3443 4841 3640 4907 ἀμαρτωυ

2129 4935 2220 4999 λός
2251 4937 2397 4989 ἐστιν
2429 4937 2457 4987 ὁ
2486 4938 2586 4997 τὴν
2617 4933 2856 5007 μοιχείαν
2885 4933 3200 4988 ὑποϐάλλων
3227 4933 3502 5002 λογισμὸς,
3528 4929 3640 4984 ὅστις

2129 5029 2342 5099 ἐνεργεῖ
2365 5027 2427 5081 τὸ
2454 5027 2721 5096 ἐμϐλέψαι
2749 5026 2962 5095 γυναικὶ
2999 5026 3132 5098 πρὸς
3154 5025 3215 5078 τὸ
3240 5023 3548 5094 ἐπιθυμῆσαι
3566 5017 3636 5069 αὑ-

2129 5123 2258 5193 τῆς
2285 5113 2439 5186 οὗτος
2457 5124 2555 5174 ἐὰν
2581 5121 2653 5192 μὴ
2680 5119 2990 5190 ἀποκτανθῇ
3017 5121 3082 5171 ἐκ
3107 5119 3202 5187 τῆς
3221 5118 3412 5188 ψυχῆς,
3431 5114 3562 5169 οἱονεὶ
3581 5108 3632 5172 ξε·

2131 5233 2220 5284 φει
2239 5215 2344 5267 τινὶ
2367 5213 2444 5284 τῷ
2463 5212 2713 5283 τμητικῷ
2731 5212 2874 5282 λόγῳ
2895 5213 2987 5264 καὶ
3004 5210 3341 5280 ἀφανιστικῷ
3355 5209 3453 5262 τῶν
3473 5201 3628 5258 παθῶν.

2129 5307 2224 5358 καὶ
2249 5304 2408 5357 τοῦτο
2435 5309 2659 5375 γένηται
2682 5305 2738 5356 ἐν
2760 5305 2962 5375 πρωϊᾳ,
2988 5303 3230 5356 τουτέστι
3249 5301 3388 5354 κατά
3405 5298 3488 5368 τὴν
3507 5295 3568 5354 εἰς

2130 5397 2359 5468 φανερὸν
2395 5396 2736 5466 ἀποκάλυψιν
2780 5397 2908 5464 (πᾶν
2934 5394 3042 5466 γὰρ
3072 5395 3130 5446 τὸ
3160 5390 3527 5462 φανερούμενον
3545 5393 3630 5449 qut

2131 5489 2290 5561 ἐστι),
2314 5489 2452 5560 μετά
2466 5487 2564 5556 τὴν
2581 5490 2638 5541 ἐν
2653 5487 2845 5558 καρδίᾳ
2868 5486 3127 5557 μοιχείαν,
3147 5486 3238 5537 καὶ
3254 5483 3344 5537 ἐπὶ
3357 5482 3444 5552 τὴν
3459 5473 3624 5571 ut“?

2128 5581 2331 5653 ταύτης
2357 5579 2632 5652 ἁμαρτίαν
2655 5577 2876 5650 προάξει
2901 5578 2990 5632 τὸν
3013 5575 3313 5647 ἄνθρωπον,
3338 5573 3458 5645 πρὸς
3476 5562 3624 5636 τὴνδιέι
