3868 6282
178 349 318 404 1249

1303 357 1800 415 COMMENTARIA
1843 361 1908 416 IN
1946 362 2284 423 PSALMOS.

3300 375 3438 431 12Γο

173 468 271 522 τοῦ
302 466 551 539 σώματος
581 468 856 539 ἐνέργειαν
902 469 1065 523 αὑτὸν
1099 473 1516 544 ἐκκαλούμενος.
1581 474 1738 529 Τοῦτ(

1852 491 2178 548 corporeum
2225 494 2365 551 opus
2404 483 2671 538 evocabit.
2703 480 2758 537 Id
2816 482 3005 555 itaque
3060 484 3194 540 dicit
3244 485 3432 553 David,

172 556 267 617 οὖν
290 558 440 627 λέγει
471 559 631 611 Δαυῖδ
660 560 772 625 ὅτι,
803 560 941 625 Τοὺς
975 563 1327 634 ἁμαρτωλοὺς
1357 566 1451 619 καὶ¹
1482 567 1747 637 ἐμπαθεῖς

171 650 469 719 λογισμοὺς
507 650 633 713 τοὺς
675 653 739 704 ὲκ
770 651 864 705 τοῦ
902 652 1138 721 γεώδους
1175 654 1423 725 σώματος
1447 657 1749 726 φυομένους

171 745 293 805 ταῖς
336 740 586 805 ὲωθιναῖς
624 747 953 813 προσευχαῖς
990 746 1083 799 καὶ
1120 749 1186 818 τῇ
1240 747 1375 817 πρὸς
1414 748 1545 802 Θεὸν
1578 767 1747 820 προσ-

170 831 324 903 εδρίᾳ
352 832 609 897 ἐκόλαζον
628 850 641 865 ο
671 835 762 888 καὶ
792 836 871 907 τῷ
898 838 1037 906 φωτὶ
1066 838 1165 909 τῆς
1188 837 1439 907 γνώσεως
1471 840 1566 894 καὶ
1587 843 1651 911 τῇ
1679 826 1770 895 δι”

169 922 612 995 ἐξομολογήσεως
641 928 945 998 φανερώσει
970 929 1237 1001 διέκρινον
1263 932 1357 985 καὶ
1387 932 1749 1006 ὲξωλόθρευον

166 1015 239 1069 τὰ
255 1015 349 1071 τοῦ
372 1015 621 1087 σώματος
643 1018 811 1090 πάθη,
834 1020 1076 1087 καὶτοὺς
1094 1023 1431 1095 ἀνομοῦντας
1453 1024 1749 1097 λογισμοὺς

168 1109 235 1163 ἐκ
262 1109 360 1179 τῆς
409 1109 638 1180 καρδίας
678 1129 799 1183 μου.
840 1112 987 1185 Αὕτη
1017 1112 1127 1186 γάρ
1168 1117 1317 1169 ἐστιν
1361 1118 1394 1187 ή
1444 1115 1599 1181 πόλις
1640 1116 1744 1171 ’τοῦ

168 1200 375 1271 Κυρίου
396 1240 410 1262 ,
438 1200 514 1263 ὼς
538 1196 685 1266 οἶκος
704 1202 798 1256 τοῦ
833 1205 986 1273 ἁγίου
1014 1206 1362 1277 Πνεύματος,
1390 1207 1534 1261 κατὰ
1560 1208 1648 1261 τό·
1682 1211 1748 1261 Οἱ

166 1291 428 1360 θεμέλιοι
462 1293 650 1347 αὐτοῦ
678 1293 748 1348 ὲν
788 1296 913 1363 τοῖς
937 1297 1103 1365 ὄρεσι
1130 1298 1256 1365 τοῖς
1285 1299 1475 1369 ἁγίοις
1494 1316 1507 1330 ”
1548 1298 1748 1369 ἀγαπᾷ

169 1383 381 1451 Κύριος
406 1382 515 1449 τὰς
545 1384 743 1452 πύλας
762 1388 915 1441 Σιὼν
939 1388 1091 1459 ὑπὲρ
1117 1390 1314 1446 πάντα
1339 1392 1411 1446 τὰ
1436 1394 1747 1463 σκηνώμα-

166 1489 239 1525 τα
283 1472 511 1528 Ἰακώϐ.
578 1474 995 1546 Δεδοξασμένα
1032 1480 1304 1549 ἐλαλήθη
1337 1484 1469 1551 περὶ
1508 1483 1655 1547 σοῦ,
1704 1484 1743 1552 ἡ

164 1566 340 1631 ⁴πόλις
357 1565 468 1620 τοῦ
490 1568 655 1621 Θεοῦ.
677 1570 886 1624 Οὐκοῦν
904 1572 1089 1643 ἐπειδὴ
1119 1573 1300 1646 πληγή
1326 1577 1489 1641 ἐστιν,
1514 1575 1591 1640 ὡς
1610 1576 1744 1647 άλη-

164 1654 272 1718 θῶς
290 1696 306 1721 ,
329 1656 475 1709 κατὰ
494 1656 602 1711 τῶν
635 1658 842 1729 ἀρετῶν
865 1661 897 1730 ἡ
918 1661 1012 1732 τῆς
1040 1662 1236 1726 κακίας
1256 1663 1543 1734 εὐημερία,
1570 1664 1747 1729 καλῶς

162 1746 273 1816 ἔχει
311 1746 404 1800 τὸν
439 1749 776 1819 προφητικὸν
806 1749 1154 1821 ζηλώσαντας
1180 1753 1336 1823 λόγον
1378 1757 1589 1827 πρωϊαν
1620 1756 1745 1809 ἐαυ-

1849 565 2177 622 Peccatores
2210 568 2333 624 illos
2361 576 2416 625 et
2447 571 2809 642 cogitationes
2853 572 3191 644 aﬂectusque
3220 589 3284 630 ex
3325 585 3437 632 ter-

1849 672 1983 713 reno
2013 672 2244 729 corpore
2287 668 2462 725 ortos,
2496 662 2781 717 matutinis
2810 664 3176 729 orationibus,
3209 672 3267 721 et
3291 668 3435 723 assi-

1848 748 1974 804 duis
2002 749 2067 803 ad
2096 748 2268 806 Deum
2295 750 2515 808 emissis
2543 752 2798 823 precibus
2824 754 3181 825 castigabam,
3212 770 3277 811 ac
3311 757 3435 813 luce

1848 838 2198 908 cognitionis,
2223 839 2701 911 declarationeque
2722 856 2818 911 per
2840 842 3242 900 confessionem
3265 846 3431 915 edita,

1849 943 2145 999 corporeos
2188 929 2416 986 allectus
2445 937 2499 987 et
2533 931 2731 1003 impias
2759 934 3120 1003 cogitationes
3149 935 3431 995 disceme-

1849 1018 1995 1084 bam,
2025 1037 2203 1093 exque
2234 1023 2400 1078 corde
2435 1040 2557 1080 meo
2585 1025 3037 1082 exterminabam.
3077 1025 3191 1084 Hoc
3231 1030 3432 1101 quippe

1849 1116 1936 1165 est
1977 1112 2171 1167 civitas
2222 1112 2442 1169 Domini
2495 1123 2683 1186 utpote
2730 1116 2931 1173 domus
2963 1116 3204 1188 Spiritus
3227 1124 3429 1188 sancti,

1850 1202 2150 1257 secundum
2218 1203 2351 1259 illud
2398 1225 2410 1260 :
2458 1204 2836 1263 Fundamenta
2883 1208 3001 1277 ejus
3054 1213 3107 1264 in
3163 1215 3429 1269 montibus

1848 1294 2083 1358 sanctis;
2116 1296 2297 1366 diligit
2341 1297 2596 1353 Dominus
2628 1307 2826 1367 “portas
2884 1299 3013 1355 Sion
3060 1318 3216 1372 super
3251 1308 3431 1360 omnia

1848 1384 2190 1441 tabernacula
2224 1388 2412 1445 Iacob.
2451 1389 2698 1445 Gloriosa
2721 1392 2864 1447 dicta
2905 1405 3027 1448 sunt
3054 1395 3117 1450 de
3145 1406 3217 1462 te,
3246 1398 3429 1452 civitas

1847 1473 1944 1529 Dei
1963 1476 2025 1530 “.
2077 1477 2248 1547 Igitur
2273 1479 2403 1549 quia
2450 1481 2667 1535 malitiae
2722 1484 3059 1553 prosperitas
3102 1500 3230 1540 vere
3267 1487 3424 1557 plaga

1848 1565 2107 1621 virtutum
2153 1577 2270 1636 est,
2318 1580 2744 1627 consentaneum
2792 1583 2897 1639 est,
2930 1582 3014 1637 ut,
3048 1576 3428 1645 propheticum

1846 1659 2165 1716 aemulantes
2197 1661 2427 1728 dictum,
2463 1664 2791 1719 matutinum
2814 1665 2974 1720 nobis
3002 1668 3425 1733 constituamus,

1846 1761 1956 1815 quo
1992 1746 2385 1807 interﬁciamus
2428 1766 2618 1807 omnes
2665 1761 2979 1822 peccatores
3024 1763 3205 1821 terrae,
3235 1765 3289 1812 et
3315 1758 3429 1812 dis-

161 1842 273 1903 τοῖς
298 1840 506 1904 ποιεῖν,
536 1841 625 1895 διὰ
654 1843 716 1895 τὸ
746 1844 1060 1899 ἀποκτεῖναι
1092 1846 1297 1911 πάντας
1326 1849 1453 1912 τοὺς
1480 1850 1738 1920 ἁμαρτω-

1843 1838 2135 1907 pcrdamus
2162 1840 2230 1896 de
2257 1843 2476 1897 civitate
2498 1842 2734 1909 Domini,
2751 1861 2871 1915 qua?
2890 1854 2974 1902 est
3009 1848 3215 1912 anima,
3235 1863 3428 1903 omnes

162 1931 282 1993 λοὺς
306 1930 411 2002 τῆς
446 1934 548 2003 γῆς
594 1932 689 1987 τοῦ
735 1933 1113 2007 ὲξολοθρεῦσαι
1167 1939 1231 1991 ὲκ
1272 1940 1481 2004 πόλεως
1514 1940 1739 2010 Κυρίου,

158 2023 300 2094 ψυχὴ
336 2023 393 2077 δὲ
433 2026 471 2096 ἠ
504 2024 689 2088 πόλις,
718 2026 925 2091 πάντας
950 2029 1074 2092 τοὺς
1106 2030 1396 2101 λογισμοὺς
1427 2033 1551 2095 τοὺς
1580 2034 1743 2102 ἐργα-

163 2113 417 2184 ζομένους
446 2115 545 2187 τὴν
572 2116 822 2186 ἀνομίαν,
842 2112 915 2171 ὧν
949 2122 977 2173 ό
1009 2120 1227 2191 ὄλεθρος
1254 2120 1365 2192 ζωὴ
1400 2122 1607 2190 γίνεται
1634 2121 1742 2175 τῶν

157 2206 483 2278 ἀμεινόνων,
518 2209 659 2263 κατὰ
685 2210 768 2272 τὸ,
812 2211 951 2280 Ἐγὼ
986 2211 1295 2267 ἀποκτενῶ
1320 2213 1415 2266 καὶ
1440 2210 1545 2281 ζῇν
1570 2215 1742 2283 ποιή-

155 2310 241 2350 σω
264 2314 278 2328 ο
305 2297 579 2365 πατάξω,
603 2299 764 2368 κάγὼ
789 2300 1055 2371 ἐάσομαι,
1081 2303 1178 2356 καί
1202 2306 1312 2357 οὐκ
1330 2304 1502 2357 ἐστιν
1540 2304 1609 2371 ὃς
1647 2306 1744 2370 éE-

152 2388 365 2449 ελεῖται
394 2390 474 2443 ἐκ
508 2390 625 2444 τῶν
655 2391 865 2462 χειρῶν
903 2411 1043 2462 μου.
1076 2395 1469 2466 Νεκρουμένων
1503 2398 1611 2468 γάρ
1636 2398 1746 2451 τῶν

154 2478 326 2548 μελῶν
352 2481 472 2533 τῶν
491 2482 585 2535 ἐπὶ
609 2483 709 2552 τῆς
726 2483 851 2553 γῆς,
880 2485 1328 2556 ὑπωπιαζομένου
1357 2504 1417 2540 τε
1445 2490 1540 2542 καὶ
1559 2488 1746 2542 δουλα-

154 2586 330 2640 γωγου
339 2573 510 2643 μένου
535 2574 630 2627 τοῦ
656 2574 929 2645 σώματος,
948 2577 1004 2631 αἱ
1028 2578 1090 2630 ὲκ
1105 2577 1204 2648 τῆς
1226 2579 1424 2650 σαρκὸς
1439 2579 1549 2633 τῶν
1569 2580 1748 2651 ἁμαρ-

161 2662 410 2731 τημάτων
441 2665 692 2735 ἀφορμαὶ
715 2668 813 2737 οὐχ
840 2661 950 2721 οἷαί
976 2668 1034 2721 τέ
1060 2672 1195 2723 εἰσιν
1217 2672 1425 2742 ἐγεῖραι
1453 2671 1744 2743 λογισμοὺς

161 2754 226 2822 τῇ
267 2752 406 2825 ψυχῇ
450 2757 578 2819 τοὺς
611 2758 940 2822 σπεύδοντας
978 2759 1045 2813 δι’
1083 2760 1275 2831 ἡδονῆς
1317 2762 1613 2815 ἀπόλαυσιν
1644 2763 1744 2833 τὴν

162 2844 382 2914 ἀνομίαν
415 2850 621 2900 ποιεῖν’
672 2851 767 2905 καὶ
794 2849 981 2904 λοιπὸν
1015 2851 1147 2915 ζῶσι
1192 2852 1260 2905 τά
1292 2854 1598 2924 κρείττονα.
1655 2857 1746 2907 Δεῖ

163 2936 329 2990 τοίνυν
352 2939 503 3008 ἡμᾶς
534 2939 608 3009 μὴ
633 2942 791 3010 μόνον
819 2942 1007 2996 παθῶν
1038 2940 1175 2997 εἶναι
1201 2948 1527 3015 σωματικῶν
1552 2965 1743 3017 φονευ-

165 3027 285 3093 τὰς,
319 3030 456 3084 ἀλλὰ
497 3033 591 3085 καὶ
628 3032 737 3085 τῶν
770 3034 914 3087 κατὰ
949 3034 1125 3106 ψυχὴν
1169 3036 1432 3106 ἐμπαθῶν
1462 3038 1742 3109 λογισμῶν

163 3117 445 3192 ὀλετῆρας.
520 3123 860 3194 Ἀμαρτωλοὶ
886 3124 996 3196 γὰρ
1020 3125 1125 3196 γῆς
1148 3126 1214 3181 τὰ
1239 3127 1331 3181 τοῦ
1359 3128 1608 3199 σώματος
1629 3130 1707 3183 πά
1723 3160 1740 3171 -

166 3208 249 3279 θη,
280 3212 639 3286 ἐργαζόμενοι
673 3215 729 3268 δὲ
751 3216 981 3287 ἀνομίαν
1002 3219 1067 3271 ὲκ
1095 3218 1301 3283 πόλεως
1328 3222 1534 3292 Κυρίου
1563 3223 1740 3289 ἐξολο-

165 3298 495 3374 θρευόμενοι,
530 3306 628 3376 τῆς
660 3306 834 3378 ψυχῆς
853 3310 901 3361 οί
931 3309 1260 3379 άνομοῦντες
1280 3312 1549 3383 λογισμοί.
1583 3314 1741 3368 Κατὰ

160 3392 215 3445 δὲ
230 3394 286 3447 τὸ
303 3397 491 3467 ῥητὸν,
525 3399 888 3465 Ἀπέκτεινον,
913 3402 1066 3473 φησὶ,
1095 3402 1221 3465 τοὺς
1237 3404 1618 3475 ἁμαρτωλοὺς,
1642 3408 1740 3477 χά-

161 3497 243 3549 ριν
264 3484 354 3537 τοῦ
369 3485 748 3557 ὲξολοθρεῦσαι
767 3488 893 3552 τοὺς
910 3492 1378 3562 παρανομοῦντας,
1399 3495 1483 3548 ἵνα
1498 3496 1596 3566 τὴν
1614 3499 1741 3550 ἀπο·

160 3573 344 3641 τομίαν
373 3577 476 3646 τῆς
506 3577 777 3644 κολάσεως
805 3581 837 3649 ἡ
871 3584 1186 3655 παρανομία
1233 3584 1507 3655 βλέπουσα
1544 3604 1739 3642 συστα-

160 3663 221 3734 λῇ
261 3668 352 3719 καὶ
394 3670 696 3741 ἀφανισθῇ.
766 3671 829 3723 Ἦ
871 3671 930 3724 δὲ
959 3676 1142 3745 πρωῖα
1174 3677 1234 3729 τὸ
1268 3678 1557 3733 σπουδαῖον
1586 3680 1739 3750 δηλοῖ

160 3756 371 3810 κατὰτὸ
397 3761 563 3830 τάχος
581 3778 594 3790 ·
624 3762 851 3832 νόμιμος
872 3762 930 3815 δὲ
961 3766 993 3834 ή
1022 3767 1130 3821 τῶν
1157 3769 1409 3839 πονηρῶν
1430 3768 1701 3840 ἐξαίρεσις
1719 3788 1731 3801 ·

178 3846 490 3917 Ἐξαιρεῖτε
519 3853 625 3922 γάρ
650 3893 663 3916 ,
692 3853 853 3922 φησὶ,
885 3854 993 3908 τὸν
1014 3858 1281 3926 πονηρὸν
1306 3859 1377 3923 ἐξ
1403 3860 1586 3928 ὑμῶν.

169 3959 659 4039 npﬂqsm‘xujro
696 3968 947 4039 umxn,
990 3970 1173 4023 OTAN
1211 3970 1583 4039 ΑΚΗΔΙΑΣῌ.
1612 3975 1730 4027 ΚΑΙ

232 4032 927 4159 ξῗῗὲξςιοριᾌίκϊωοῑη
986 4040 1226 4113 ΕΚΧΕῌ
1286 4043 1428 4096 THN
1478 4032 1730 4097 ΔΕΗΣΙΝ

226 4216 398 4284 Κύριε
420 4257 435 4280 ,
473 4218 838 4281 εἰσάκουσον
864 4222 975 4291 τῆς
1003 4222 1347 4292 προσευχῆς
1374 4241 1493 4293 μου
1510 4265 1524 4289 ,
1560 4225 1659 4278 καὶ
1689 4226 1726 4293 τὶ

1843 1930 2203 2001 cogitationes
2234 1948 2523 2004 operantes
2549 1937 2890 2008 iniquitatem
2914 1956 2929 2005 ;
2951 1954 3183 2008 quarum
3198 1940 3427 1994 exitium

1843 2024 2131 2079 meliorum
2158 2026 2268 2080 vita
2288 2035 2393 2093 est,
2425 2031 2727 2085 secundum
2760 2030 2916 2095 illud,
2955 2030 3066 2102 Ego
3101 2031 3358 2093 occidam,
3378 2043 3427 2086 et

1840 2113 2008 2180 vivere
2044 2115 2274 2184 faciam;
2313 2119 2625 2187 percutiam,
2658 2128 2706 2173 et
2742 2135 2833 2189 ego
2864 2120 3088 2184 sonabo,
3114 2129 3163 2174 et
3203 2136 3308 2174 non
3348 2132 3427 2173 est

1842 2203 1932 2273 qui
1960 2203 2024 2259 de
2054 2207 2298 2262 manibus
2344 2209 2472 2263 meis
2502 2210 2668 2277 possit
2713 2226 2895 2264 eruere
2914 2210 2977 2265 ".
3007 2208 3143 2264 Nam
3194 2208 3426 2263 mortiﬁ-

1844 2297 1988 2352 catis
2021 2299 2282 2355 membris
2311 2316 2431 2370 quae
2470 2309 2598 2355 sunt
2648 2316 2813 2371 super
2843 2308 3071 2365 terram,
3101 2309 3153 2355 et
3208 2301 3428 2355 sublato

1843 2386 1896 2441 in
1927 2391 2353 2462 servitutemque
2385 2391 2607 2446 redacto
2638 2408 2888 2462 corpore,
2909 2393 3159 2447 carnales
3189 2392 3254 2445 ad
3299 2407 3427 2462 pec-

1843 2490 1967 2534 cata
2012 2482 2247 2553 impetus
2284 2485 2639 2555 cogitationes
2669 2486 2723 2545 in
2746 2486 2925 2539 anima
2956 2483 3196 2539 excitare
3224 2498 3428 2553 neque-

1846 2580 1967 2635 unt,
1986 2587 2107 2641 qua:
2124 2589 2221 2643 pro
2243 2575 2523 2645 voluptate
2556 2574 2787 2630 fruenda
2812 2574 2879 2628 ad
2908 2574 3246 2644 iniquitatem
3270 2588 3426 2629 exer-

1844 2666 2073 2723 cendam
2115 2666 2343 2721 incitent
2373 2686 2385 2722 :
2422 2682 2483 2722 ac
2517 2668 2565 2723 si
2597 2667 2815 2722 demum
2849 2681 2913 2721 ea
2944 2667 3133 2721 vivunt
3159 2658 3286 2737 (ιωιί
3309 2681 3425 2719 me-

1842 2759 1981 2814 liora
2008 2768 2154 2814 sunt.
2179 2756 2344 2829 Opus.
2361 2759 2543 2828 itaque
2569 2768 2654 2814 cst
2681 2773 2781 2814 nos
2806 2773 2915 2813 non
2941 2758 3102 2813 modo
3132 2771 3427 2828 corporeo-

1843 2868 1964 2908 rum
1996 2851 2284 2907 aﬂectuum
2333 2851 2735 2916 interfectores,
2768 2851 2861 2909 sed
2900 2860 2955 2905 et
2979 2866 3268 2921 pravarum
3300 2849 3424 2904 ani-

1847 2960 1947 2999 mae
1979 2943 2371 3014 cogitationum
2399 2943 2854 2997 exterminatores
2879 2957 3021 2998 esse.
3060 2941 3193 2995 Nam
3236 2957 3426 3011 pecca-

1847 3044 1991 3090 tores
2022 3042 2180 3089 teme
2230 3044 2359 3089 sunt
2386 3036 2638 3104 corporis
2683 3034 2944 3101 allectus;
2978 3045 3267 3106 operantes
3294 3053 3425 3093 vero

1846 3127 2210 3197 iniquitatem,
2246 3125 2341 3195 qui
2374 3125 2441 3181 de
2494 3125 2713 3182 civitate
2743 3125 2955 3181 Domini
3010 3126 3419 3197 disperduntrr,

1845 3219 2042 3289 iniquae
2071 3218 2236 3272 a'nimi
2261 3218 2638 3288 cogitationes.
2667 3216 2978 3274 Secundum
3008 3229 3185 3275 autem
3220 3220 3422 3276 dictum

1842 3311 1997 3375 illud,
2054 3310 2473 3375 lnterliciebam,
2537 3313 2632 3370 ait.
2693 3319 3043 3380 peccatores,
3093 3320 3153 3365 ut
3204 3313 3422 3380 iniquos

1840 3402 2300 3466 exterminarem;
2335 3415 2445 3470 quo
2487 3400 2748 3469 iniquitas
2782 3401 3175 3456 immanitatem
3216 3404 3423 3473 suppli-

1839 3493 1910 3547 cii
1962 3493 2280 3562 conspicata
2333 3493 2684 3548 cohiberetur
2720 3500 2775 3548 et
2807 3492 2874 3548 de
2906 3493 3083 3547 medie
3113 3493 3418 3549 tolleretur.

1839 3584 2164 3641 Matutinum
2202 3600 2367 3655 porro
2416 3585 2754 3655 diligentiam
2813 3585 3058 3640 denotat.
3123 3583 3419 3640 Pravorum

1838 3688 2019 3733 autem
2051 3678 2433 3733 exterminium
2494 3676 2792 3746 legitimum
2836 3684 2921 3732 est
2954 3695 2968 3731 :
3004 3691 3151 3741 nam,
3177 3677 3415 3745 Auferte,

1837 3767 2032 3839 inquit,
2058 3766 2258 3821 malum
2291 3782 2357 3821 e1:
2388 3766 2610 3820 vobis“.

1832 3965 2093 4021 ORATIO
2135 3964 2457 4028 PAUPERI,
2498 3962 2644 4019 CUM
2694 3962 2952 4017 ANXIUS
2990 3961 3267 4031 FUERIT.
3325 3964 3414 4019 ΕΤ

1907 4038 1968 4090 ΙΝ
2024 4034 2429 4091 CONSPECTU
2482 4032 2721 4089 DOMINI
2798 4032 3188 4088 EFFUDERIT
3256 4034 3415 4089 PRE-

1902 4106 2040 4163 CEM
2083 4105 2294 4161 SUAM.
2337 4104 2423 4159 CI.

1902 4219 2067 4276 Vens.
2106 4218 2231 4274 2-6.
2264 4217 2509 4279 Domine.
2542 4216 2736 4272 exaudi
2789 4218 3081 4271 orationem
3125 4233 3314 4281 meam,
3363 4228 3413 4273 et

159 4308 381 4377 κραυγή
408 4328 530 4379 μου
561 4311 712 4380 πρὸς
740 4313 816 4367 σὲ
838 4314 1076 4371 ἐλθέτω.
1109 4314 1206 4382 Μὴ
1233 4316 1628 4385 ἀποστρέψῃς
1660 4318 1727 4372 τὸ

1841 4314 2031 4369 :lamor
2063 4330 2207 4368 meus
2233 4312 2302 4365 ad
2335 4320 2383 4365 te
2417 4310 2608 4366 veniat.
2645 4307 2769 4363 Non
2794 4320 2999 4363 avertas
3031 4310 3221 4377 faciem
3264 4322 3411 4364 tuam

160 4396 475 4460 ,πρόσωπόν
499 4414 617 4454 σου
648 4402 748 4457 ἀπ’
775 4402 920 4472 ἐμοῦ
940 4445 957 4468 ,
1005 4404 1100 4462 καὶ
1135 4404 1204 4459 τά
1255 4404 1399 4473 ἑξῆς·
1445 4407 1659 4479 Ἐπειδὴ
1693 4409 1724 4477 ἡ

1841 4423 1860 4459 ι
1884 4422 1984 4469 me,
2011 4414 2117 4460 etc.
2174 4403 2441 4469 Quoniam
2491 4401 2686 4457 titulus
2719 4401 2801 4457 sic
2831 4400 3021 4462 habet,
3063 4398 3250 4454 Oratio
3278 4416 3411 4468 pau-

161 4484 428 4563 ὲπιγραφὴ
463 4491 609 4562 ἔχει,
646 4494 962 4564 Προσευχὴ
1003 4494 1084 4561 τῷ
1111 4495 1322 4565 πτωχῷ
1348 4538 1363 4563 ,
1393 4495 1540 4552 ὅταν
1578 4498 1725 4566 ἀκη-

1841 4498 1962 4560 neri,
1987 4510 2105 4548 cum
2122 4494 2312 4548 anxius
2346 4493 2528 4561 fuerit,
2562 4502 2612 4545 et
2642 4491 2696 4545 in
2733 4505 3010 4560 conspectu
3037 4488 3251 4543 Domini
3271 4490 3410 4559 e/fu-

160 4573 330 4649 διάσῃ
346 4619 360 4644 ,
387 4582 485 4636 καί
510 4584 788 4639 ἐναντίον
804 4586 1025 4654 Κυρίου
1046 4586 1224 4657 ἐκχέῃ
1251 4588 1367 4656 τὴν
1386 4587 1601 4657 δέησιν
1617 4590 1723 4643 αὺ-

1841 4586 1963 4641 terit
2010 4600 2213 4655 precem
2262 4600 2451 4645 suam,
2519 4583 2607 4637 hic
2666 4594 2957 4651 pauperem
3008 4581 3302 4650 intelligas,
3360 4583 3408 4637 si

161 4664 294 4732 τοῦ,
325 4672 534 4742 νοήσεις
575 4674 666 4727 τὸν
698 4675 932 4729 ἐνταῦθα
964 4676 1254 4747 λεγόμενον
1288 4678 1501 4748 πτωχὸν
1527 4716 1542 4740 ,
1581 4695 1719 4749 συμ-

1841 4693 2008 4748 ipsum
2038 4691 2165 4732 cum
2206 4676 2299 4729 illo
2348 4673 2441 4745 qui
2486 4674 2677 4729 beatus
2718 4671 3065 4742 prcedicatur,
3100 4687 3403 4742 compares,

161 4758 359 4815 ὖάλλων
392 4766 553 4819 αὑτὸν
576 4766 653 4838 τῷ
684 4769 1124 4841 μακαριζομένῳ,
1152 4769 1293 4824 κατὰ
1316 4770 1404 4823 τό·
1432 4768 1723 4838 Μακάριοι

1841 4770 2131 4826 secundum
2187 4769 2353 4833 illud,
2404 4767 2558 4821 Beati
2601 4782 2856 4835 pauperes
2904 4767 3115 4835 spiritu,
3157 4769 3404 4836 quoniam

160 4852 211 4902 oi
238 4856 451 4924 πτωχοὶ
485 4856 563 4922 τῷ
598 4861 905 4929 πνεύματι,
941 4860 1031 4915 ὅτι
1067 4861 1265 4916 αὐτῶν
1289 4862 1459 4915 ἐστιν
1478 4863 1516 4930 ή
1538 4862 1720 4925 ,ϐασι-

159 4943 287 4997 λεία
318 4945 435 5001 τῶν
468 4950 757 5018 οὐρανῶν.
830 4953 1114 5023 Ἀρμόσειε
1147 4953 1190 5006 δ’
1224 4954 1288 5007 ἂν
1317 4953 1394 5022 τῷ
1427 4952 1721 5023 άκηὸιῶντι

161 5037 348 5107 πτωχῷ
376 5042 468 5094 καὶ
485 5045 544 5097 τό
562 5060 575 5073 ο
602 5042 887 5111 Μακάριοι
910 5047 963 5097 οἱ
984 5046 1296 5111 κλαίοντες
1314 5046 1410 5099 καὶ
1435 5044 1725 5100 πενθοῦν-

159 5138 269 5189 τες.
288 5128 371 5183 ὅτι
390 5135 555 5188 αὐτοὶ
585 5133 1171 5203 παρακληθήσονται.
1202 5136 1315 5198 Πᾶς
1336 5132 1624 5204 τοιγαροῦν
1643 5133 1720 5204 τῷ

159 5210 271 5287 θεῷ
295 5219 645 5295 ἀνακείμενος
664 5265 678 5289 ,
708 5223 1004 5293 πτωχεύων
1031 5226 1088 5275 ἐν
1114 5226 1226 5286 τοῖς
1273 5222 1366 5276 τοῦ
1413 5222 1527 5291 βίου
1572 5221 1716 5293 πράς

156 5318 341 5374 γμασι·
379 5316 527 5384 παρὰ
554 5316 609 5369 δὲ
638 5314 757 5385 Θεῴ
780 5314 1042 5376 πλουτῶν,
1066 5316 1263 5385 ἁκηδιᾷ
1281 5314 1634 5384 λυπούμενος,
1662 5316 1717 5385 ἢ,

156 5392 363 5467 ἀθυμίᾳ
389 5444 402 5465 ,
435 5405 574 5458 κατὰ
601 5405 697 5474 τὴν
725 5404 817 5457 τοῦ
852 5405 1145 5474 Συμμάχου
1189 5403 1514 5475 ἑρμηνείαν,
1579 5422 1716 5457 κατ-

156 5482 371 5556 ἐχεται,
408 5496 501 5547 ἐπὶ
519 5500 588 5567 τῇ
620 5497 729 5549 τῶν
754 5496 960 5550 πολλῶν
990 5495 1157 5566 κακίᾳ
1188 5498 1281 5550 καὶ
1308 5496 1577 5566 ἀπωλείᾳ·
1607 5490 1715 5559 οἷος

156 5569 218 5645 ἦν
241 5580 445 5652 όλέγων
465 5602 477 5612 ·
504 5589 688 5655 Οἵμοι,
713 5587 799 5641 ὅτι
825 5587 1139 5661 ἀπόλωλεν
1160 5584 1421 5653 εὐλαϐὴς
1444 5587 1559 5640 ἀπὸ
1583 5586 1711 5654 γῆς,

1828 4863 2063 4930 ipsorum
2096 4870 2173 4915 est
2206 4876 2420 4931 regnum
2449 4858 2697 4912 caelorum
2723 4858 2787 4910 ".
2828 4857 3041 4912 Amicto
3089 4860 3213 4912 item
3273 4874 3404 4928 pau—

1825 4951 1940 5022 peri
1988 4950 2121 5007 illud
2154 4950 2445 5022 aptaveris,
2482 4948 2633 5003 Beati
2683 4948 2865 5016 ﬂentes
2909 4957 2957 5001 et
2989 4947 3241 5017 lugentes,
3272 4964 3404 5016 quo-

1822 5040 1967 5093 niam
2014 5038 2113 5108 ipsi
2156 5037 2649 5092 consolabuntur”.
2674 5036 2938 5106 Quisquis
2972 5036 3117 5091 enim
3152 5034 3260 5090 Deo
3307 5036 3403 5090 ad-

1824 5130 2004 5185 dictus
2035 5139 2141 5193 est,
2175 5139 2228 5184 et
2256 5128 2349 5199 qui
2379 5128 2434 5183 in
2464 5129 2587 5182 vitae
2608 5128 2772 5183 rebus
2808 5142 3032 5199 pauper,
3059 5126 3201 5197 apud
3232 5126 3399 5181 Deum

1823 5233 2004 5276 autem
2035 5222 2188 5276 dives
2213 5229 2317 5284 est,
2348 5220 2540 5275 dolens
2577 5222 2955 5284 contristatur,
2977 5228 3070 5273 aut
3096 5219 3396 5275 secundum

1831 5312 2144 5385 Symmachi
2196 5310 2718 5381 interpretationem,
2747 5310 2972 5363 tristitia
2996 5309 3278 5374 detinetur,
3332 5311 3397 5364 de

1823 5402 2030 5456 malitia
2057 5408 2111 5457 et
2143 5402 2363 5455 interitu
2392 5400 2751 5470 plurimorum
2792 5420 2803 5454 :
2840 5400 3149 5471 cujusmodi
3186 5410 3301 5455 erat
3348 5404 3395 5457 is

1821 5494 1913 5562 qui
1939 5493 2175 5555 dicebat,
2209 5490 2310 5544 Hei
2346 5490 2492 5554 mihi,
2530 5491 2655 5561 quia
2690 5491 2846 5558 periit
2888 5491 3008 5558 pius
3048 5489 3111 5547 de
3154 5500 3313 5554 terra,
3344 5502 3393 5546 et

1823 5588 1875 5637 in
1909 5584 2203 5638 hominibus
2232 5600 2332 5637 non
2365 5591 2441 5636 est
2473 5585 2561 5651 qui
2597 5594 2733 5637 recte
2767 5592 2890 5654 agat
2917 5598 2933 5635 :
2961 5598 3135 5637 omnes
3166 5581 3234 5637 ad
3264 5599 3387 5636 san-

231 5757 269 5789 ¹¹
314 5759 451 5816 Psal.
490 5781 719 5831 tum,
754 5765 817 5831 2,
856 5766 907 5821 5.
988 5765 1029 5798 "
1066 5763 1219 5823 Deut.
1260 5780 1438 5834 χχχιι,
1472 5768 1559 5823 39.
1642 5768 1683 5799 ”
1722 5767 1738 5822 Ι

1841 5781 1899 5821 ιτ.
1943 5766 2011 5831 5,
2046 5766 2135 5821 15.
2217 5766 2260 5797 ¹¹
2304 5762 2491 5819 Matth.
2532 5779 2584 5829 ν,
2620 5763 2675 5817 5.
2754 5763 2796 5794 ιθ
2834 5759 3047 5828 Luc.vl,
3079 5760 3167 5815 2|.
