3868 6282
213 336 346 393 1255

1308 322 1810 382 COMMENTARIA
1849 322 1915 379 ΙΝ
1955 320 2296 377 PSALMOS.

3312 323 3453 385 19,54

210 452 242 504 ό
261 448 484 515 λύχνος
513 444 664 512 ὑπὲρ
703 443 974 513 κεφαλῆς
1010 459 1129 513 μου
1154 456 1167 471 ⁸
1221 441 1319 494 ὅτε
1348 440 1510 510 ἥμην
1534 438 1772 507 ὑλώδης

1888 438 2079 493 lerialis
2102 438 2260 491 nimis
2285 437 2352 492 ".
2401 436 2640 493 Lucebat
2663 437 2767 509 ipsi
2792 437 3012 495 lucerna
3042 446 3173 493 tunc
3201 438 3255 492 in
3282 439 3454 491 abun-

208 541 362 595 .lt'ar.
412 535 579 604 Ηῠγει
613 535 760 606 αὐτῷ
793 538 823 589 6
857 535 1047 605 λύχνος
1081 534 1202 588 τότε
1248 536 1306 587 ὲν
1345 533 1564 604 εὐθηνίᾳ
1595 534 1775 603 ὑπάρ-

208 646 349 700 χοντι
372 643 385 657 ο
433 630 518 680 ὅτε
543 627 600 680 δὲ
633 628 809 680 πάντα
842 627 992 698 αὐτῷ
1028 626 1098 680 τὰ
1130 627 1442 698 ὑπάρχοντα
1468 623 1777 679 διαπεπτώρ

208 738 321 783 κει,
343 716 494 773 εἶπεν
520 718 587 773 ἂν
616 720 710 773 καὶ
743 719 903 781 αὑτός
922 736 935 749 ·
974 720 1092 771 ’Ὁτι
1135 718 1419 783 ἐξέλιπον
1448 718 1591 772 ὡσεὶ
1624 734 1776 771 καπ-

206 813 308 879 νός
350 815 407 865 αἱ
436 813 649 890 ῄμέραι
676 829 816 880 μου.
874 811 1126 874 Τοιοῦτος
1163 810 1218 863 δέ
1250 812 1395 863 ἐστιν
1422 812 1452 864 6
1477 808 1619 863 κατά
1644 809 1776 861 Θεὸν

206 902 414 974 πτωχὸς
435 942 449 964 ,
483 902 683 967 ἀδόξως
721 902 817 956 καὶ
855 899 1076 971 ἀφανῶς
1105 900 1203 964 τὰς
1228 900 1439 972 ἡμέρας
1473 899 1638 953 αὑτοῦ
1677 898 1777 968 τῆς

206 995 533 1067 προσκαίρου
558 993 703 1062 ζωῆς
747 993 1029 1061 διεξάγων.
1060 989 1192 1047 Εἶτα
1214 994 1450 1056 ἀσιτίαις
1473 991 1662 1045 ἑαυτὸν
1684 990 1779 1044 καὶ

203 1086 503 1140 κακώσεσιν
539 1085 878 1150 ὑποϐάλλων,
902 1086 960 1138 ὲν
993 1084 1135 1155 λιμῷ
1164 1086 1258 1138 καὶ
1285 1085 1423 1154 δίψει
1448 1082 1777 1155 κατατρύχει

203 1179 289 1233 καὶ
321 1178 678 1248 καταφρύγει.
716 1177 827 1231 Καὶ
856 1178 977 1230 ἐπεὶ
1004 1175 1173 1232 πᾶσα
1195 1176 1352 1246 σὰρξ
1377 1176 1593 1246 χόρτος
1617 1215 1631 1240 ,
1679 1175 1777 1229 καὶ

200 1266 363 1323 πᾶσα
394 1267 543 1331 δόξα
570 1265 757 1336 αὐτῆς
780 1268 861 1335 ὡς
885 1266 1069 1333 ἄνθος
1094 1269 1332 1336 χόρτου,
1359 1265 1637 1338 μαραίνων
1659 1267 1780 1319 ἑαυ-

199 1359 287 1413 τοῦ
314 1360 412 1430 τὴν
444 1359 624 1431 σάρκα
655 1359 819 1428 φησιν
839 1397 854 1423 ,
895 1358 1203 1428 Ἐπλήγνην
1229 1357 1371 1412 ὡσεί
1403 1359 1633 1428 χόρτος.

277 1471 333 1522 'U
360 1470 418 1524 δὲ
441 1462 647 1542 ἀληθὴς
682 1471 1001 1540 στεναγμὸς,
1031 1470 1089 1533 ὃς
1118 1472 1211 1524 καὶ
1242 1469 1425 1541 φωνὴν
1453 1469 1565 1540 ἔχει
1593 1471 1791 1524 ἀκουοηρ

202 1563 362 1633 μένην
394 1562 545 1634 παρὰ
578 1562 745 1624 Θεοῦ,
783 1562 938 1633 τήκει
980 1561 1039 1614 τὸ
1075 1561 1263 1632 σῶμα,
1311 1561 1407 1614 καὶ
1436 1561 1535 1630 τῆς
1579 1560 1779 1632 σαρκὸς

197 1653 484 1727 ἐργάζεται
511 1654 799 1725 νέκρωσιν,
830 1652 971 1706 ὥστε
996 1652 1085 1706 τὸν
1108 1651 1217 1706 ἔσω
1245 1652 1666 1706 ἁνακαινοῦσθαι
1693 1652 1780 1706 ἄν·

199 1745 428 1819 θρωπον.
476 1746 787 1809 Ἐπιόαλεῖς
812 1746 868 1799 δὲ
892 1746 983 1798 καὶ
1010 1738 1137 1798 ὧδε’
1158 1744 1428 1797 Ἐκλείπει
1450 1744 1655 1808 καπνὸς
1678 1761 1780 1797 πυ-
1810 1784 1852 1842 Β

201 1838 286 1910 ρὸς
315 1837 704 1909 σϐεννυμένουο
742 1836 1065 1907 ὑφεστηκὼς
1093 1838 1173 1899 είς
1197 1838 1320 1889 ὅσον
1351 1837 1564 1907 ἐνεργεῖ
1582 1835 1643 1887 τὸ
1664 1835 1737 1888 πῦ
1747 1852 1777 1906 ρ

195 1922 238 1996 ᾧ
272 1930 431 1993 αὐτὸς
462 1927 883 2000 παρακολουθεῖ.
922 1926 1020 1981 Ἱν“
1053 1923 1166 1990 οὖν,
1195 1927 1349 1999 φησὶ,
1376 1926 1471 1980 καὶ
1494 1927 1551 1981 αἱ
1572 1926 1776 1998 ἡμέραι

199 2020 270 2093 μὴ
286 2021 633 2074 ἐκλείπωσιν.
656 2019 728 2073 (ὶύ
746 2019 854 2090 γάρ
875 2035 964 2089 μοι
982 2018 1118 2089 πρὸς
1138 2017 1300 2071 καλοῦ
1316 2017 1468 2071 ἔσται
1483 2017 1544 2070 τὸ
1558 2016 1779 2087 σδεσθῆ-

195 2128 280 2166 ναι
307 2111 368 2164 τὸ
401 2112 519 2181 φῶς
550 2111 643 2165 ἀπ’
676 2110 808 2181 ἐμοῦ
844 2111 904 2163 τὸ
939 2110 1217 2181 ποιητικὸν
1243 2108 1353 2163 τῶν
1384 2107 1609 2180 ἡμερῶν
1641 2125 1773 2179 μου’

194 2205 482 2275 παράγαγε
504 2204 574 2258 τὰ
603 2203 845 2276 θλιϐερά.
883 2204 945 2257 El
970 2203 1077 2274 γὰρ
1100 2203 1426 2273 ὲπιμένοιεν,
1451 2202 1598 2255 αἴτια
1619 2204 1779 2272 γενή-

196 2314 375 2353 σονται
408 2299 512 2369 τῆς
545 2299 838 2368 ἐκλείψεως
870 2298 979 2352 τῶν
1005 2296 1227 2369 ἡμερῶν
1260 2313 1361 2366 μου
1380 2334 1393 2357 ,
1424 2294 1557 2349 ἀλλὰ
1591 2296 1684 2349 καὶ
1710 2294 1780 2348 τὰ

195 2388 324 2444 ὀστᾶ
350 2410 451 2462 μου
481 2392 562 2444 ἔτι
591 2391 788 2462 μᾶλλον
819 2389 1184 2462 συμφρύξοιεν
1212 2387 1621 2459 παραμένοντα,
1655 2404 1778 2441 του-

196 2480 359 2543 τέστι,
393 2481 494 2545 τὰς
524 2481 772 2544 εὐτόνους
797 2482 891 2534 καὶ
923 2481 1319 2551 στερροτάτους
1350 2478 1448 2549 τῆς
1479 2477 1657 2549 ψυχῆς
1690 2478 1780 2532 δυο

195 2572 413 2642 νάμεις,
450 2574 508 2627 αἳ
548 2575 643 2627 καὶ
678 2574 1090 2646 συμφρύγονται
1124 2570 1232 2625 ὑπὸ
1258 2570 1358 2642 τῆς
1390 2570 1498 2623 τῶν
1532 2569 1779 2641 ψυχικῶν

196 2664 379 2718 παθῶν
408 2665 730 2738 πυρώσεως.
783 2663 1126 2736 Ξηρανθῆναι
1164 2662 1221 2715 δὲ
1250 2661 1398 2733 αὒτῷ
1427 2660 1526 2733 τὴν
1554 2660 1779 2734 καρδίαν

196 2754 385 2826 φησιν,
419 2755 573 2809 οὐδὲν
611 2753 792 2827 ἱλαρὸν
817 2753 926 2807 οὐδ’
951 2754 1035 2821 ἐφ’
1067 2745 1111 2821 ᾧ
1158 2752 1303 2805 ἔστιν
1336 2749 1479 2820 ἔχειν
1514 2749 1780 2821 θυμηδίαν

196 2849 563 2918 κεκτημένην.
614 2846 809 2914 Γέγονε
838 2844 947 2917 γὰρ
980 2846 1037 2897 ἐν
1071 2846 1183 2907 τοῖς
1214 2840 1598 2915 προκειμένοις
1628 2858 1781 2913 περι-

198 2943 466 3003 στατικοῖς
488 2938 765 3001 τοσοῦτον,
790 2937 864 3001 ὼς
892 2936 1087 3008 μηκέτι
1113 2930 1285 2989 οἷόντε
1306 2929 1443 2988 εἶναι
1464 2934 1557 2986 τὸν
1583 2932 1783 2988 κατάλ-

196 3031 352 3103 ληλον
386 3032 483 3086 καὶ
530 3032 786 3102 ἁρμόδιον
815 3032 882 3101 τῇ
932 3027 1237 3101 τιμιωτέρα
1266 3027 1402 3097 αὑτῇ
1435 3025 1591 3097 οὐσίᾳ
1617 3026 1782 3095 ἄρτον

1876 532 2059 587 dantia
2084 530 2372 585 exsistenti
2408 547 2420 583 :
2450 530 2672 601 quando
2698 547 2830 587 vero
2854 534 3071 587 cunctis
3104 530 3453 586 facultatibus

1876 625 2173 689 exciderat,
2205 624 2403 679 dixerit
2442 623 2606 678 etiam
2639 623 2755 693 ipse
2785 643 2797 678 :
2833 625 2972 692 Quia
3010 625 3314 695 defecerunt
3342 626 3450 680 sic-

1876 726 1935 771 ut
1968 717 2144 784 fumus
2196 716 2307 770 dies
2356 716 2475 769 mei.
2527 714 2853 786 Hujusmodi
2902 726 3082 772 autem
3126 728 3209 772 est
3240 717 3329 771 ille
3368 730 3453 770 se-

1877 806 2118 862 cundum
2155 805 2325 862 Deum
2356 822 2581 877 pauper,
2618 806 2884 876 inglorius
2917 817 2971 863 et
3009 809 3277 865 obscurus
3317 813 3455 863 tem-

1877 901 2082 971 poralis
2105 899 2230 955 vitae
2253 898 2371 955 dies
2394 899 2724 969 transigens.
2748 896 2953 955 Deinde
2973 915 3101 955 vero
3126 914 3247 955 sese
3278 898 3452 954 absti-

1877 993 2082 1049 nentiis
2122 1000 2180 1048 et
2231 992 2693 1047 macerationibus
2738 991 3060 1061 subjiciens,
3097 989 3239 1048 fame
3268 998 3322 1046 et
3359 991 3450 1046 siti

1878 1087 2112 1158 castigat
2148 1093 2202 1141 et
2243 1085 2491 1140 arefacit.
2539 1083 2607 1138 Et
2654 1084 2784 1155 quia
2826 1084 2995 1138 omnis
3026 1101 3151 1138 caro
3200 1085 3374 1154 fenum
3401 1094 3455 1137 et

1877 1182 2050 1235 omnis
2073 1180 2248 1251 gloria
2270 1179 2385 1248 ejus
2412 1178 2565 1249 quasi
2588 1177 2820 1247 ﬂosf'feni
2838 1179 2904 1241 ",
2924 1192 3144 1233 carnem
3169 1179 3457 1235 exsiccant

1880 1288 2035 1330 suam
2063 1273 2141 1328 ait
2190 1289 2203 1325 :
2242 1272 2533 1326 Percussus
2566 1287 2680 1325 sum
2707 1281 2763 1324 ut
2800 1270 2997 1339 fenum.

1951 1471 2126 1527 Verus
2165 1482 2342 1526 autem
2384 1471 2637 1543 gemitus,
2672 1472 2765 1541 qui
2796 1485 2985 1525 vocem
3033 1469 3197 1524 habet
3243 1468 3310 1523 ad
3364 1467 3459 1526 Dei

1880 1577 2042 1618 aures
2072 1564 2499 1633 pervenientem,
2531 1578 2733 1632 corpus
2781 1561 3046 1626 exsiccat,
3080 1570 3132 1616 et
3163 1561 3458 1616 mortiﬁca-

1880 1657 2082 1712 tionem
2112 1657 2296 1713 carnis
2344 1657 2593 1727 peragit;
2647 1657 2721 1711 ita
2751 1663 2813 1711 ut
2850 1657 3079 1710 interior
3108 1656 3271 1711 homo
3306 1671 3460 1711 reno-

1880 1759 2057 1806 vetUr.
2093 1749 2191 1805 Hie
2223 1765 2387 1821 porro
2420 1750 2661 1805 animum
2709 1748 2971 1805 adhibeas
3006 1768 3019 1804 :
3056 1750 3243 1804 Deficit
3276 1750 3459 1805 fumus

1881 1843 2157 1899 exstincto
2213 1844 2371 1913 igne,
2425 1857 2548 1896 cum
2592 1841 2779 1895 taudiu
2813 1842 3044 1897 exsistat
3095 1841 3459 1905 solummodo,

1883 1934 2127 2005 quandiu
2158 1935 2299 2006 ignis
2331 1934 2464 2005 agit,
2502 1949 2663 2004 quem
2716 1932 2900 1987 fumus
2948 1932 3214 2004 sequitur.
3265 1930 3335 1986 Ut
3393 1947 3462 1987 ne

1884 2027 2089 2097 itaque,
2127 2025 2226 2092 ait,
2258 2026 2375 2081 dies
2399 2025 2504 2079 mei
2534 2023 2793 2079 deﬁciant
2823 2043 2836 2085 ;
2874 2039 2982 2077 non
3012 2040 3096 2078 me
3122 2025 3279 2093 juvat
3314 2024 3459 2078 enin.

1884 2120 1929 2177 si
1986 2120 2103 2174 lux‘
2133 2134 2164 2173 a
2208 2133 2294 2174 me
2342 2118 2746 2186 exstinguatur,
2775 2132 2896 2186 qua:
2912 2116 3030 2171 dies
3068 2131 3218 2170 meos
3256 2114 3463 2185 ellieit;

1883 2226 2155 2267 aerumnas
2193 2225 2403 2265 amove.
2447 2208 2582 2263 Nam
2633 2208 2678 2264 si
2726 2210 2831 2263 illa:
2882 2215 3159 2271 maneant,
3205 2208 3260 2263 in
3295 2223 3463 2264 causa

1884 2312 2046 2362 erunt
2078 2304 2224 2376 quod
2248 2303 2368 2358 dies
2400 2301 2506 2357 mei
2536 2301 2827 2369 deficiant;
2852 2302 2962 2355 imo
2991 2302 3173 2368 etiam,
3206 2302 3250 2357 si
3278 2318 3465 2373 perse-

1885 2396 2152 2457 verarint,
2173 2410 2299 2450 ossa
2318 2409 2436 2449 mea
2451 2393 2624 2464 magis
2648 2392 2929 2462 magisque
2941 2391 3257 2457 arefacient,
3280 2391 3334 2446 id
3357 2397 3462 2454 est,

1885 2489 2145 2545 robustas
2168 2500 2221 2542 et
2247 2485 2595 2540 ﬁrmissimas
2621 2485 2789 2540 animi
2821 2485 3075 2548 virtutes,
3102 2499 3223 2553 qua:
3245 2484 3315 2538 ab
3342 2484 3467 2554 igne

1884 2581 2201 2653 passionum
2246 2577 2444 2633 animae
2488 2576 2859 2633 exsiccantur.
2917 2574 3231 2629 Arefactum
3283 2584 3463 2628 autem

1886 2688 1982 2728 cor
2006 2687 2164 2728 suum
2194 2686 2318 2726 esse
2348 2669 2503 2731 dicit,
2528 2667 2673 2740 quod
2703 2668 2837 2722 nihil
2873 2670 3073 2731 laetum,
3106 2665 3240 2719 nihil
3272 2665 3326 2719 in
3357 2681 3466 2735 quo

1885 2764 2122 2834 gaudere
2145 2762 2343 2824 valeat,
2368 2759 2665 2830 possideat.
2694 2757 2769 2811 Ita
2798 2758 2945 2813 enim
2977 2759 3031 2811 in
3058 2757 3465 2817 calamitatibus

1885 2852 2170 2910 demersus
2197 2861 2302 2917 est,
2322 2861 2382 2907 ut
2404 2868 2513 2906 non
2538 2852 2680 2904 ultra
2706 2853 2880 2921 possit
2900 2849 3220 2920 congruenti
3244 2863 3309 2902 ac
3343 2862 3470 2919 pre-

1886 2945 2041 2999 tiosae
2063 2958 2176 2999 sua:
2197 2942 2519 2998 substantia:
2539 2941 2736 2996 idoneo
2759 2956 2895 3011 pane
2922 2940 3119 2995 nutriri
3145 2955 3160 2993 :
3185 2940 3289 2994 hoc
3317 2940 3463 2995 enim

1886 3051 2026 3107 pane
2048 3043 2179 3090 tunc
2209 3035 2386 3090 solum
2416 3034 2495 3089 uti
2536 3033 2684 3098 licet,
2718 3048 2844 3088 cum
2872 3034 3039 3089 rebus
3066 3032 3323 3089 extrariis
3353 3048 3463 3087 non

196 3122 489 3193 τρέφεσθαι
508 3139 522 3153 ο
548 3122 739 3175 τούτου
759 3121 866 3192 γὰρ
881 3119 977 3173 τοῦ
1002 3120 1167 3192 ἄρτου
1192 3117 1623 3190 μεταλαμϐάνειν
1641 3116 1778 3178 ἔστι,

1888 3128 2240 3196 abstrahitur,
2270 3141 2447 3197 neque
2476 3125 2732 3181 findatur.
2763 3120 2974 3180 Tamdiu
3024 3134 3204 3181 autem
3250 3141 3310 3183 se
3361 3128 3466 3181 lm-

200 3213 270 3285 μὴ
314 3214 763 3285 περιελκόμενον,
804 3211 938 3284 μηδὲ
976 3210 1295 3282 θολούμενον
1335 3208 1442 3263 ὑπὸ
1467 3208 1575 3263 τῶν
1603 3208 1781 3271 ἐκτός.

196 3305 281 3368 Ei;
308 3306 571 3359 τοσοῦτον
600 3305 657 3357 δέ
683 3322 814 3376 φησι
846 3304 919 3375 μὴ
946 3302 1247 3374 τεθράφθαι
1273 3302 1461 3355 τοῦτον
1485 3300 1575 3354 τὸν
1600 3300 1782 3372 ἄρτον,

195 3396 267 3459 ὡς
295 3398 392 3451 καὶ
424 3396 602 3468 λήθην
630 3394 773 3467 ἔχειν
800 3396 894 3449 τοῦ
928 3412 1057 3449 ποτε
1084 3394 1250 3448 αὑτοῦ
1285 3392 1604 3463 γεγεῦσθαι.
1637 3392 1785 3448 Πάνυ

193 3488 248 3541 δὲ
267 3488 546 3553 στενάζων
566 3487 654 3541 διὰ
675 3487 743 3541 τὰ
764 3488 1006 3559 παρόντα
1031 3487 1283 3551 ἐπίπονα,
1306 3484 1561 3539 τοσοῦτον
1586 3483 1786 3554 ἀφίημι

196 3580 589 3653 ἐπιτεταμένον
621 3582 715 3635 καὶ
744 3581 942 3652 συνεχῆ
981 3579 1309 3651 στεναγμὸν,
1344 3578 1420 3640 ὡς
1453 3579 1519 3631 ὲκ
1550 3576 1650 3647 τῆς
1678 3593 1788 3644 φω-

196 3674 290 3745 νῆς
316 3693 417 3745 μου
445 3675 588 3746 μετὰ
610 3673 870 3743 ὀλολυγῆς
893 3674 1187 3742 γινομένης
1206 3669 1529 3741 κολληθῆναι
1553 3668 1647 3723 καὶ
1665 3667 1789 3737 τρό-

197 3785 295 3821 πον
323 3769 449 3822 τινὰ
486 3767 750 3838 ἐνωθῆναι
780 3766 841 3820 τὸ
870 3765 1062 3818 ὀστοῦν
1101 3781 1203 3835 μου
1232 3766 1299 3834 τῇ
1333 3761 1495 3833 σαρκί
1527 3777 1627 3831 μου
1651 3799 1665 3824 ,
1700 3758 1788 3811 διά

194 3862 292 3934 τὴν
328 3861 535 3931 πολιὴν
576 3858 842 3930 ξηρασίαν
882 3855 1247 3925 ἁναποθείσης
1285 3854 1467 3923 πάσης
1508 3852 1607 3922 τῆς
1650 3865 1788 3920 παρ’

198 3953 555 4024 εσπαρμένης
593 3950 671 4020 τῷ
705 3947 917 4019 σώματί
953 3964 1052 4017 μου
1079 3945 1376 4017 ὑγρότητος
1412 3944 1477 3995 ἐκ
1502 3939 1602 4010 τῆς
1630 3938 1789 3993 ὲπελ-

197 4046 396 4117 θούσης
415 4044 733 4107 κακώσεως.
760 4041 906 4111 Αὕτη
934 4040 1043 4112 γὰρ
1060 4042 1092 4110 ἡ
1112 4038 1347 4108 ὑγρότης
1363 4038 1449 4089 ὅτε
1471 4052 1560 4106 μοι
1583 4036 1784 4105 παρῆν,

199 4138 492 4190 πιαίνου-σα
510 4136 571 4188 τὸ
598 4133 808 4198 ὀστοῦν,
837 4133 1009 4203 διῄρει
1036 4130 1167 4184 αὐτὸ
1195 4127 1303 4182 ἀπὺ
1322 4127 1421 4197 τῆς
1445 4124 1665 4195 σαρκὸς,
1689 4123 1788 4195 τὴν

199 4229 373 4301 μέσην
404 4230 587 4300 σάρκα
621 4228 713 4280 καὶ
746 4225 948 4277 ὀστέων
980 4222 1175 4292 ἔχουσα
1209 4219 1413 4291 χώραν.

280 4319 611 4390 Ὡμοιώθην
654 4315 941 4371 nexem-tri
970 4312 1245 4383 ἐρημικῷυ
1304 4309 1523 4379 φεύγων
1548 4306 1787 4378 δηλονότι

195 4412 291 4476 τὰς
321 4415 380 4465 ὲν
410 4411 556 4482 ὄχλῳ
587 4408 869 4480 διατριϐὰς
903 4404 1212 4477 ἑμονούμην
1245 4404 1341 4457 καὶ
1364 4398 1784 4472 ἐξηνθρὼπιζον.

1880 3224 2122 3296 jusmodi
2146 3223 2304 3293 panis
2333 3222 2593 3276 alimento
2617 3218 2888 3291 privatum
2922 3219 3022 3284 ait,
3053 3225 3113 3272 ut
3140 3234 3210 3273 ne
3241 3218 3463 3288 quidem

1885 3317 2197 3372 meminerit
2232 3330 2301 3369 an
2340 3313 2639 3384 aliquando
2673 3313 2850 3385 ipsum
2893 3311 3287 3382 degustaverit.
3328 3311 3469 3366 Mul-

1887 3420 2000 3465 tum
2033 3424 2197 3480 porro
2236 3407 2304 3463 de
2344 3406 2706 3479 praesentibus
2759 3404 3021 3460 terutnnis
3072 3405 3465 3476 ingemiscens,

1886 3510 1969 3558 tot
1997 3510 2219 3573 tamque
2251 3500 2556 3572 frequentia
2583 3498 2842 3569 suspiria,
2884 3504 2963 3551 tot
2993 3499 3227 3566 gemitus
3254 3496 3379 3561 edo,
3408 3504 3470 3552 ut

1888 3610 1917 3649 a
1968 3610 2093 3650 voce
2124 3609 2242 3650 mea
2276 3609 2400 3649 cum
2431 3592 2638 3664 ejulatu
2672 3591 2873 3647 emissa
2918 3606 2982 3644 os
3025 3606 3204 3645 meum
3243 3604 3342 3643 ceu
3374 3605 3470 3659 ag-

1888 3686 2213 3757 glutinatum
2241 3693 2295 3738 et
2326 3684 2646 3753 adjunctum
2686 3681 2849 3734 fuerit
2869 3681 3022 3733 carni
3057 3694 3209 3744 meat,
3248 3693 3368 3732 eum
3396 3677 3471 3732 ob

1888 3777 2113 3831 multam
2172 3774 2320 3829 illam
2353 3773 2679 3846 ariditatem,
2712 3770 2890 3825 omnis
2924 3770 2976 3823 in
3007 3784 3241 3838 corpore
3278 3783 3468 3839 sparsa

1889 3866 2188 3920 humiditas
2221 3880 2286 3919 ex
2344 3865 2631 3934 ingruente
2692 3861 2985 3915 afﬂictione
3039 3862 3241 3916 amissa
3297 3868 3465 3917 esset.

1889 3955 2015 4011 Ilaec
2044 3956 2244 4027 quippe
2269 3954 2567 4009 humiditas
2593 3968 2715 4005 cum
2747 3952 2985 4015 adesset,
3015 3969 3076 4009 os
3099 3952 3467 4025 impinguans,

1888 4046 2023 4102 illud
2056 4062 2087 4100 a
2124 4062 2293 4101 carne
2320 4043 2617 4108 dividebat,
2652 4059 2775 4097 cum
2809 4045 3047 4099 medium
3078 4046 3216 4099 inter
3245 4059 3466 4099 carnem

1888 4149 1942 4195 et
1972 4154 2097 4195 ossa
2123 4139 2305 4193 locum
2336 4145 2562 4193 teneret.

1962 4301 2127 4355 Vens.
2154 4302 2207 4353 7.
2237 4300 2444 4355 Similis
2475 4299 2651 4368 factus
2695 4316 2812 4353 sum
2848 4301 3108 4368 pelh'cuno
3141 4299 3467 4363 solitudinis,

1892 4395 2158 4464 siquidem
2198 4407 2380 4446 moras
2424 4392 2477 4445 in
2519 4392 2677 4447 turba
2722 4391 2959 4463 fugiens.
3005 4391 3157 4445 solus
3194 4398 3248 4445 et
3278 4390 3469 4461 procul

208 4498 366 4557 Ἐπεὶ
418 4504 516 4556 καὶ
548 4502 609 4554 τὺ
643 4500 780 4564 ζῶον
821 4498 979 4552 τοῦτο
1023 4497 1320 4567 φιλέρημον
1349 4490 1483 4546 εἶναι
1514 4492 1733 4559 λέγεται
1758 4491 1783 4543 ὀ

1893 4485 2206 4539 hominibus
2233 4483 2515 4553 degebam.
2564 4482 2700 4537 Nam
2744 4483 2947 4537 animal
2992 4482 3124 4537 illud
3171 4483 3473 4551 pellicatus

196 4594 464 4647 πελεκάν.
494 4592 798 4663 Παρίστησι
835 4590 891 4642 δὲ
925 4588 1019 4641 καὶ
1059 4588 1158 4657 τὴν
1191 4585 1425 4659 ἐρημίαν
1465 4582 1560 4636 τοῦ
1584 4581 1787 4645 ἔθνους,

196 4687 292 4739 καὶ
319 4684 485 4737 τοῦτό
521 4700 622 4736 που
654 4682 775 4735 καθ’
799 4682 864 4752 ἢν
896 4678 1054 4750 μόνος
1076 4677 1302 4748 εὓρηται
1326 4670 1404 4739 εἷς
1427 4692 1529 4727 που
1560 4674 1654 4727 καὶ
1673 4672 1790 4726 δεύ-

193 4796 358 4851 τερος
390 4779 487 4830 καὶ
521 4776 740 4848 βραχεῖς
769 4789 944 4836 τινες·
976 4766 1087 4825 οἷον
1130 4771 1397 4842 Ἱερεμίας
1425 4768 1458 4840 ἢ
1482 4768 1725 4840 Βαροίιχ,
1756 4765 1789 4835 ἢ

195 4872 388 4943 ἔτερος
423 4869 531 4923 τῶν
562 4870 683 4922 τότε
705 4865 1159 4936 ἀπολειφθέντων,
1190 4858 1263 4917 ὧν
1294 4866 1357 4916 ὲκ
1387 4861 1676 4934 προσώπου
1702 4860 1789 4912 λέ-

196 4979 361 5029 γεται
395 4961 470 5015 τὰ
514 4960 875 5032 προκείμενα.
943 4956 1253 5028 Ὀμοιοῦται
1302 4955 1358 5008 δὲ
1407 4954 1501 5008 καὶ
1532 4955 1558 5006 ὀ
1590 4952 1793 5022 Κύριος

198 5057 299 5126 ὲρη
311 5053 465 5126 μικῷ
498 5053 754 5106 πελεκᾶνι
792 5050 933 5105 κατὰ
961 5051 1060 5121 τὴν
1103 5048 1197 5102 τοῦ
1225 5047 1410 5121 ὀρνέου
1438 5044 1626 5100 τούτου
1657 5044 1793 5117 πρὸς

195 5144 267 5200 τά
301 5144 508 5215 ἔγγονα
541 5143 998 5215 θαυμασιωτάτην
1024 5139 1385 5211 συμπάθειαν.
1410 5138 1581 5192 Τοῦτο
1606 5135 1711 5208 γὰρ
1733 5135 1794 5188 τὸ

199 5236 346 5300 ζῶον
376 5236 483 5300 τὰς
513 5234 733 5300 νοσσιὰς
762 5233 914 5307 παρὰ
937 5232 1162 5304 πέτραις
1186 5230 1480 5301 ἀποτόμοις
1508 5228 1793 5300 πηγνύμε-

197 5348 291 5385 νον
316 5332 439 5393 τοῐς
484 5331 723 5392 νεοσσοῖς
742 5368 756 5392 ,
783 5328 845 5380 τὸ
878 5326 952 5397 μὴ
983 5327 1153 5397 ῥᾷστα
1186 5323 1337 5395 παρά
1359 5340 1503 5385 τινος
1532 5322 1640 5375 τῶν
1672 5322 1793 5373 lim-

198 5418 417 5475 δούλων
440 5418 869 5491 διαφθείρεσθαι,
896 5413 1310 5488 κατεργάζεται.
1346 5413 1482 5467 Ἀλλ’
1507 5414 1536 5468 ὃ
1558 5431 1621 5483 γε
1652 5412 1793 5483 δφις,

199 5511 557 5575 ἀποπτάντος
574 5509 748 5565 αὐτῶν
780 5507 873 5561 τοῦ
908 5506 1111 5577 πατρὸς
1132 5545 1146 5568 ,
1181 5503 1367 5575 ἐπειδὴ
1402 5505 1496 5557 καὶ
1522 5503 1597 5575 μὴ
1630 5519 1797 5575 προσ-

197 5602 457 5675 εγγίζειν
489 5606 556 5674 τῇ
588 5603 749 5673 καλιᾷ
772 5601 1017 5663 δύναται,
1057 5597 1264 5667 ὲπιχέει
1304 5595 1486 5660 αὐτοῖς
1512 5593 1797 5668 πόρρωθεν

272 5785 318 5817 ’ί
364 5780 474 5839 Job
510 5796 636 5837 xxix
661 5820 679 5847 ,
713 5780 767 5834 5.
845 5779 889 5812 ’⁸
928 5777 1030 5833 lsa.
1062 5789 1130 5830 ιι
1153 5814 1169 5842 ,
1204 5772 1257 5828 6.

1892 4583 2140 4640 vocatus,
2172 4574 2487 4630 solitudinis
2515 4581 2601 4631 est
2627 4589 2838 4628 amans.
2871 4573 3121 4629 Declarat
3149 4589 3313 4643 porro
3341 4590 3472 4643 gen-

1893 4662 1964 4718 tis
2012 4660 2325 4716 vastitatem
2356 4671 2411 4716 et
2446 4661 2838 4726 solitudinem;
2875 4660 3035 4714 talem
3089 4659 3360 4723 videlicet,
3411 4669 3471 4713 ut

1892 4769 2038 4809 unus
2067 4758 2277 4809 tantum
2308 4755 2391 4809 vel
2424 4753 2554 4819 duo,
2588 4762 2681 4806 aut
2713 4755 2870 4822 pauci
2894 4750 3187 4805 admodum
3219 4767 3467 4806 remane-

1894 4854 2016 4901 rent
2048 4865 2062 4902 :
2095 4847 2273 4916 qualis
2305 4852 2423 4899 erat
2448 4842 2714 4899 Jeremias
2746 4850 2840 4897 aut
2884 4841 3118 4905 Baruch,
3147 4851 3240 4894 aut
3274 4843 3318 4897 si
3349 4842 3472 4911 quis

1894 4938 2036 4994 alius
2061 4953 2128 4993 ex
2159 4938 2227 4992 iis
2265 4939 2359 5006 qui
2404 4946 2533 4990 tunc
2577 4934 2754 4989 relicti
2794 4941 2944 4997 sunt,
2975 4950 3038 4987 ex
3076 4946 3307 5003 quorum
3350 4947 3475 5002 per-

1894 5048 2031 5090 sona
2059 5032 2175 5088 hac
2207 5033 2488 5088 dicuntur.
2538 5029 2747 5084 Similis
2782 5030 2910 5084 item
2940 5027 3205 5083 Dominus
3226 5034 3311 5082 est
3338 5025 3473 5082 soli-

1895 5124 2035 5179 tario
2077 5124 2368 5195 pellicano,
2414 5122 2716 5179 secundum
2770 5121 2965 5174 miram
2998 5120 3114 5174 avis
3146 5118 3313 5187 hujus
3344 5132 3473 5187 erga

1896 5215 2065 5272 fetum
2096 5216 2459 5271 affectionem.
2510 5212 2648 5268 Illud
2696 5214 2897 5285 quippe
2936 5211 3140 5265 animal
3170 5210 3381 5273 nidum,
3417 5210 3483 5287 in,

1896 5310 2068 5383 petris
2089 5324 2153 5364 ac
2178 5307 2469 5379 praeruptis
2499 5306 2760 5365 defixum.
2796 5303 2963 5375 pullis
2994 5303 3111 5358 suis
3144 5303 3218 5355 ita
3251 5292 3489 5355 concin?

1896 5409 2012 5465 nat,
2037 5410 2098 5455 ut
2128 5415 2158 5454 a
2189 5400 2478 5470 quibusvis
2509 5396 2928 5452 insidiatoribus
2956 5394 3117 5449 facile
3155 5391 3473 5449 labefaetari

1896 5508 2007 5549 non
2022 5490 2219 5562 possit.
2243 5490 2507 5559 At,.patre
2545 5489 2820 5552 avolante,
2854 5500 3098 5557 serpens.
3123 5485 3251 5554 quia
3283 5483 3475 5538 nidum

1896 5584 2049 5642 adire
2076 5582 2287 5656 pequit,
2317 5582 2471 5638 virus
2503 5595 2663 5639 suum
2697 5578 2831 5651 ipsis
2865 5577 3054 5650 procul
3080 5575 3335 5631 infundit.
3367 5572 3478 5629 0b-
