3868 6282
465 317 602 373 1235

1108 309 1374 367 EUSEBII
1406 306 1888 366 CIESARIENSIS
1924 305 2077 364 ουρ.
2118 304 2298 361 PARS
2339 303 2426 360 Ill.
2466 332 2537 344 —
2575 303 2987 360 EXEGETICA.

3514 311 3614 366 1256

463 441 644 492 servat
666 433 810 488 enim
835 446 941 504 qua
963 439 1158 488 ventus
1183 430 1394 502 perﬂet,
1424 438 1586 501 atque
1618 429 1742 484 inde
1763 444 2030 484 venenum

2140 427 2222 480 τὸν
2245 426 2321 480 ίόν
2341 442 2354 454 '
2384 429 2709 497 περισκοπεῖ
2728 428 2834 498 γὰρ
2863 429 2984 482 ὅθεν
3010 431 3133 481 πνεῖ
3153 431 3180 481 6
3203 430 3402 501 ἄνεμος,
3428 432 3620 487 κάκεῖθεν

463 539 625 582 suum
652 523 816 595 pullis
839 522 1077 589 exhalat,
1110 523 1186 576 ita
1219 531 1279 576 ut
1308 521 1598 577 intereant.
1626 518 1730 574 Sed
1757 527 1911 590 pater
1936 533 2034 574 eo-

466 631 591 672 rum
635 629 830 670 rursus
860 611 1147 679 advolans,
1179 627 1246 666 ac
1283 610 1518 666 naturali
1564 610 1778 664 ratione
1807 607 2036 664 insidias

467 705 841 776 conspicatus,
907 702 1058 758 novit
1102 710 1157 758 et
1209 703 1327 772 ipse
1371 717 1481 772 quo
1524 708 1683 772 pacto
1714 699 2038 754 reviviscere

467 797 700 869 possint.
733 795 942 851 Nubem
976 795 1121 850 enim
1149 795 1427 858 observat,
1453 800 1508 849 et
1537 794 1591 847 in
1613 792 1848 848 sublime
1864 791 2032 854 volat,

466 905 531 945 ac
587 904 754 959 supra
795 895 957 957 caput
989 886 1207 940 illorum
1254 885 1458 941 sensim
1494 884 1706 945 volitat,
1755 883 2035 952 lateraque

467 980 664 1050 pennis
689 978 1061 1036 vehementius
1085 977 1359 1048 quatiens,
1381 975 1664 1046 sanguinis
1691 982 1873 1047 guttas
1901 973 2036 1044 ipsis

463 1071 721 1142 exprimit
760 1077 815 1125 et
841 1069 1041 1126 emittit
1066 1089 1080 1124 :
1111 1068 1216 1124 illae
1245 1081 1376 1128 vero
1399 1082 1495 1137 per
1515 1066 1713 1122 nubem
1743 1066 2034 1126 stillantes,

463 1161 735 1216 viviﬁcam
754 1158 988 1214 mortuis
1005 1157 1112 1211 vim
1133 1155 1390 1220 ederunt,
1416 1165 1580 1228 atque
1597 1157 1670 1210 ita
1697 1155 1775 1210 illi
1792 1155 2037 1210 excitan-

463 1259 576 1308 tur.
605 1249 914 1306 Pellicanus
943 1249 1128 1317 itaque
1169 1261 1270 1318 pro
1310 1245 1541 1302 Domino
1580 1247 1867 1318 accipitur,
1903 1246 2035 1316 pulli

465 1357 566 1413 pro
599 1341 791 1411 primis
819 1338 1160 1411 parentibus,
1194 1337 1357 1394 nidus
1386 1354 1485 1409 pro
1509 1338 1784 1409 paradiso,
1808 1353 2035 1409 serpens

466 1448 566 1503 pro
586 1441 836 1504 apostata
865 1430 1104 1486 diabolo.
1135 1428 1436 1485 lnsuﬂlavit
1461 1445 1594 1502 ergo
1623 1431 1715 1487 ille
1749 1445 1847 1502 per
1872 1429 2034 1484 inob-

465 1524 807 1594 sequentiam
839 1521 1034 1592 primis
1077 1523 1398 1592 parentibus
1435 1523 1490 1578 in
1528 1522 1784 1593 paradiso
1816 1521 2033 1593 positis,

463 1624 805 1685 mortemque
867 1613 1074 1669 invexit
1125 1613 1235 1670 illis
1285 1633 1298 1669 :
1347 1614 1605 1670 Christus
1658 1629 1787 1670 vero
1845 1629 2032 1668 amore

464 1705 637 1763 nostri
688 1715 992 1778 permotus,
1040 1706 1097 1761 in
1124 1722 1290 1763 cruce
1338 1707 1631 1774 exaltatus,
1658 1721 1721 1762 ac
1752 1707 1808 1761 in
1864 1707 2034 1762 latere

2141 516 2362 586 ἑμφυσᾷ
2383 517 2496 578 τοῖς
2528 518 2757 580 νεοττοῖς
2788 516 2878 568 τὸν
2913 517 2989 569 ίὸν
3017 517 3180 570 αὐτοῦ
3198 556 3212 580 ,
3241 519 3331 572 καὶ
3354 518 3620 574 τελευτῶσιν.

2148 607 2283 659 Ἀλλ’
2303 607 2333 659 6
2364 607 2651 678 γεννήσας,
2680 607 2863 670 αὐτοῖς
2890 608 3123 670 ὲπιπτὰς
3140 604 3307 674 αὖθις,
3331 611 3414 663 καὶ
3434 610 3514 682 τὴν
3537 613 3624 664 ἑπι-

2135 697 2327 768 σουλὴν
2353 700 2599 768 φυσικοῖς
2620 697 2797 766 λόγοις
2816 697 2972 762 εἰδὼς
2987 739 3001 763 ,
3028 693 3135 752 οἶδε
3156 699 3310 754 πάλιν
3329 702 3500 770 ὁμοίως
3519 703 3626 766 ὅπως

2135 787 2547 842 ἀνασιὼσονται.
2611 790 2809 842 Σκοπεί
2849 790 2957 861 γὰρ
2988 789 3217 860 νεφέλην
3248 791 3337 844 καὶ
3368 790 3549 845 πέτεται
3574 797 3628 857 εἰς

2137 876 2289 947 ὖψος,
2316 879 2408 931 καὶ
2433 877 2577 932 κατὰ
2600 879 2842 950 κορυφὴν
2869 880 3053 951 ἡρέμα
3081 881 3168 933 ἐπ’
3195 882 3368 944 αὐτοῖς
3393 883 3629 953 πτερύσσεο

2135 985 2246 1032 ται,
2276 969 2369 1022 καὶ
2387 968 2455 1023 τὰ
2483 969 2688 1040 πλευρὰ
2711 973 2825 1035 τοῖς
2851 973 3070 1042 πτεροῖς
3094 970 3418 1042 ἑκατέρωθεν
3438 971 3632 1042 πλήσσων

2138 1061 2525 1132 σφοδρότερον,
2571 1061 2802 1132 αἵματος
2835 1063 3018 1127 αὐτοῖς
3042 1063 3256 1134 ῥανίδας
3293 1063 3508 1134 ἀφίησιν·
3530 1067 3573 1116 αἱ
3594 1065 3632 1116 δὲ

2135 1153 2222 1206 διὰ
2250 1154 2348 1224 τῆς
2379 1154 2606 1224 νεφέλης
2639 1154 3022 1220 ὲπιστάζουσαι
3054 1153 3312 1224 ζωογόνον
3350 1158 3451 1218 τοῖς
3479 1171 3634 1226 νεκρωο

2137 1244 2305 1299 θεῖσιν
2335 1245 2600 1299 ἐντιθέασι
2627 1245 2876 1316 δύναμιν,
2904 1245 2998 1300 καὶ
3020 1248 3335 1318 ἐγείρονται.
3359 1246 3637 1316 Δαμϐἀνετιι

2135 1332 2228 1390 οὖν
2252 1337 2280 1390 ό
2312 1336 2546 1391 πελεκάν
2585 1338 2666 1401 εἰς
2695 1337 2784 1391 τὸν
2818 1337 3018 1408 Κύριον
3038 1379 3053 1400 ,
3079 1340 3126 1390 οἱ
3155 1337 3212 1390 δὲ
3243 1337 3437 1390 νεοττοὶ
3464 1340 3530 1401 εἰς
3550 1338 3639 1400 τοὺς

2136 1429 2590 1500 πρωοπλάστους
2614 1469 2628 1494 ,
2652 1431 2684 1500 ἡ
2717 1429 2772 1482 δὲ
2803 1429 2964 1482 καλιὰ
2988 1431 3066 1492 εἰς
3091 1429 3180 1480 τὸν
3209 1427 3537 1500 παράδεισον,
3563 1431 3639 1482 ὸδὲ

2135 1520 2256 1590 ὄφις
2280 1521 2357 1584 εις
2385 1520 2474 1573 τὸν
2497 1520 2804 1590 ἀποστάτην
2827 1520 3089 1574 διάϐολον.
3127 1519 3470 1591 Ἑνεφύσησεν
3489 1515 3561 1572 οὖν
3580 1514 3640 1572 o7.-

2134 1629 2227 1676 τος
2267 1611 2357 1665 διὰ
2397 1611 2495 1682 τῆς
2524 1612 2809 1682 παρακοῆς
2845 1614 2957 1674 τοῖς
2982 1613 3039 1662 ἐν
3067 1610 3145 1681 τῷ
3173 1610 3470 1682 παραδείσῳ
3494 1613 3644 1664 τεθεῖσι

2136 1703 2613 1776 πρωτοπλάστοις,
2665 1705 2760 1757 καὶ
2804 1704 3071 1775 νέκρωσιν
3103 1705 3289 1766 αὐτοῖς
3323 1705 3644 1758 ὲπέθεικεν·ὀ

463 1798 802 1862 vulneratus,
836 1797 1107 1852 viviticum
1133 1797 1259 1854 inde
1291 1798 1613 1869 sanguinem
1645 1797 1851 1854 stillare
1885 1797 2032 1863 fecit,

2140 1773 2196 1850 si
2215 1783 2456 1868 ’Χριστὸς
2487 1795 2576 1848 διὰ
2607 1795 2706 1865 τὴν
2739 1794 2874 1866 πρὸς
2906 1773 3048 1866 ημᾶς
3079 1797 3300 1868 ἀγάπην
3328 1796 3453 1866 ὑψοῦ
3479 1797 3646 1865 γενόμε.

463 1905 674 1961 nosque
695 1899 940 1946 mortuos
974 1905 1071 1961 per
1103 1891 1303 1946 nubem
1351 1891 1527 1947 sancti
1590 1890 1830 1961 Spiritus
1858 1889 2036 1944 viviﬁ-

462 1984 608 2040 cavit
631 2000 649 2038 :
673 1981 870 2036 Factus
898 1998 1016 2036 sum
1044 1983 1176 2038 sicut
1195 1982 1516 2060 .nycticoraa:
1543 1983 1597 2036 in
1625 1982 1913 2036 domicilio.
1942 1983 2037 2036 Ti—

463 2075 645 2133 midus
661 2077 1099 2146 estnycticorax;
1124 2089 1295 2146 quare
1313 2075 1456 2131 ultro
1482 2073 1730 2145 citroque
1749 2073 1960 2146 fugiens
1978 2075 2035 2129 in

462 2167 865 2224 domiciliorum
904 2167 1192 2222 ruderibus
1220 2175 1524 2238 pernoctat,
1555 2181 1620 2223 ac
1651 2169 1704 2222 in
1726 2167 1902 2236 lnocte
1925 2182 2037 2238 pra:

466 2256 758 2313 formidine
776 2258 1040 2312 clamitat.
1066 2255 1167 2312 Per
1186 2257 1513 2328 pellicanum
1533 2257 1718 2329 itaque
1736 2265 2034 2314 extremam

462 2351 644 2422 pepuli
677 2351 987 2406 vastitatrm
1017 2357 1071 2404 et
1129 2349 1482 2405 solitudinem
1536 2349 1899 2420 signiﬁcabat,
1941 2365 2036 2421 per

463 2441 866 2512 nycticoracem
899 2455 1030 2495 vero
1059 2440 1315 2496 tenebras
1347 2440 1574 2507 indicat,
1606 2441 1764 2512 queis
1797 2442 2033 2513 populus

464 2533 676 2589 offusus
703 2540 787 2588 est
819 2532 1188 2602 :denotatque
1229 2548 1346 2596 eos,
1377 2531 1650 2588 exstincto
1690 2534 1893 2589 lumine
1929 2535 2036 2591 sibi

462 2621 779 2688 irradiante,
813 2625 1114 2694 ignorantia
1144 2624 1237 2681 Dei
1265 2625 1508 2688 affectos,
1532 2625 1688 2696 quasi
1715 2625 1770 2680 in
1797 2624 2036 2679 tenebris

465 2720 520 2767 et
549 2713 602 2766 in
630 2723 790 2769 nocte
815 2716 1042 2770 versari.
1073 2715 1328 2770 Fortasse
1355 2714 1440 2770 vir
1490 2720 1738 2780 sanctus,
1771 2713 1903 2783 quia
1936 2729 2036 2766 no-

464 2804 646 2861 ctibus
675 2805 906 2876 singulis
937 2806 1144 2862 orando
1183 2807 1400 2873 clamet,
1434 2814 1740 2878 opportune
1773 2821 1895 2863 sese
1933 2822 2033 2876 ny-

465 2895 723 2950 cticoracn
749 2896 979 2951 confert.

535 3068 701 3128 Vsus.
738 3071 888 3126 8-H.
953 3073 1196 3143 Vigilavi,
1229 3082 1278 3127 et
1323 3073 1499 3142 factus
1529 3089 1646 3128 sum
1689 3074 1824 3127 sicut
1855 3088 2038 3141 passer

467 3164 740 3218 soNtarius
768 3165 823 3217 in
863 3175 1014 3218 tecto.
1043 3166 1174 3220 Tota
1205 3166 1287 3219 die
1329 3165 1716 3235 exprobrabant
1758 3167 1888 3220 mihi
1932 3167 2039 3220 ini-

467 3255 592 3308 mici
621 3257 722 3309 mei
755 3273 773 3311 :
803 3265 851 3309 et
877 3258 965 3326 qui
1010 3257 1298 3311 laudabant
1329 3275 1430 3323 me,
1465 3258 1740 3313 aduersum
1780 3275 1860 3313 me
1880 3259 2039 3329 jura-

469 3343 616 3398 bant.
647 3342 914 3400 Derisioni
958 3344 1034 3399 fui
1081 3347 1314 3402 inimicis
1346 3367 1358 3402 :
1391 3356 1444 3402 et
1483 3349 1576 3418 qui
1609 3349 1736 3402 olim
1788 3352 2042 3405 simulan-

467 3434 571 3490 dus
602 3444 655 3490 et
682 3434 910 3490 illustris
939 3450 1109 3500 eram,
1129 3452 1275 3490 nunc
1303 3437 1367 3492 ad
1394 3438 1782 3508 jusjurandum
1808 3456 2042 3511 usurpor

469 3524 538 3579 ab
572 3525 640 3596 iis
674 3526 766 3594 qui
793 3540 878 3580 me
907 3525 1036 3579 olim
1073 3526 1412 3581 mirabantur
1438 3543 1452 3580 :
1483 3544 1579 3599 per
1609 3544 1757 3585 meas
1787 3533 1932 3585 enim
1961 3547 2043 3585 ca-

467 3617 738 3671 lamitates
760 3617 971 3687 jurant,
998 3615 1077 3673 Ne
1107 3620 1283 3689 patiar
1311 3635 1374 3675 ea
1404 3636 1526 3691 quae
1547 3621 1768 3691 quidam
1795 3625 2042 3693 perpessi

469 3713 616 3758 sunt.
653 3704 720 3759 Et
750 3707 838 3774 qui
872 3707 1162 3762 laudabant
1198 3726 1300 3776 me,
1327 3711 1606 3767 adversum
1641 3729 1720 3767 me
1743 3713 2041 3783 jurabant:

472 3806 657 3874 aputu
686 3799 776 3860 qui
829 3799 994 3855 Deum
1043 3801 1350 3877 adiutorem
1386 3821 1496 3860 non
1542 3806 1823 3864 baberent.
1859 3807 2047 3880 Neque

467 3899 643 3953 solum
677 3898 880 3952 inimici
912 3897 1005 3952 Dei
1041 3898 1156 3952 haec
1185 3904 1452 3969 agczant;
1491 3898 1588 3954 sed
1622 3900 1785 3955 etiam
1832 3901 1928 3971 qui
1958 3916 2046 3956 me

469 3990 783 4060 diligebant,
817 3991 1100 4044 adversum
1129 4006 1215 4046 me
1237 3989 1521 4058 jurabant,
1565 3992 1618 4046 id
1645 3999 1730 4048 est
1755 3994 2044 4048 contribu-

469 4083 551 4138 les
584 4082 709 4137 mei.
755 4081 892 4136 Nam
938 4083 995 4136 hi
1027 4099 1246 4153 quoque
1291 4085 1426 4154 ipsis
1457 4086 1758 4156 prophetiis
1786 4103 1892 4143 non
1923 4105 2044 4144 cre-

469 4174 670 4227 debant
697 4191 710 4227 :
745 4173 839 4228 sed
863 4173 1204 4230 hortationes
1230 4190 1294 4229 ac
1337 4175 1646 4232 futurorum
1679 4182 1947 4249 promissa
1972 4182 2044 4236 ir-

469 4265 730 4329 ridentes,
786 4264 1074 4320 adversum
1122 4282 1206 4321 me
1250 4267 1541 4336 jurabant,
1581 4271 1855 4328 vaticiniis
1907 4274 2043 4329 meis

471 4355 629 4409 iidem
665 4361 945 4424 negantes.
976 4354 1117 4422 Quia
1135 4360 1360 4412 cinerem
1400 4370 1650 4430 tanquam
1683 4379 1872 4430 panem
1899 4382 2046 4420 man-

2140 1905 2228 1952 νος
2255 1889 2348 1941 ἐπὶ
2370 1886 2463 1941 τοῦ
2487 1887 2718 1960 σταυροῦ
2735 1929 2749 1951 ,
2766 1890 2859 1942 καὶ
2883 1890 3065 1957 νυγεὶς
3093 1887 3189 1959 τὴν
3207 1888 3461 1960 πλευρὰν,
3488 1888 3645 1940 ἐκεῖθεν

2137 1978 2200 2032 τὸ
2231 1977 2546 2051 ζωήρρυτον
2577 1977 2867 2042 ἐστάλαξεν
2894 1973 3061 2048 αἷμα,
3107 1982 3200 2032 καὶ
3226 1980 3315 2032 διὰ
3351 1980 3441 2048 τῆς
3474 1978 3648 2046 νεφέλης

2138 2072 2234 2125 τοῦ
2275 2072 2431 2140 ἁγίου
2466 2072 2778 2141 Πνεύματος
2805 2071 3176 2142 νεκρωθέντας
3207 2073 3353 2142 ἡμᾶς
3374 2068 3646 2132 ἀνεζώωσεν·

2153 2161 2478 2233 Ἐγενήθην
2509 2162 2650 2216 ὡσεὶ
2677 2163 3038 2230 νυκτικόραξ
3057 2163 3126 2216 ἐν
3145 2160 3447 2226 οἰκοπέδφ.
3476 2159 3650 2212 Δειλὸνὸ

2140 2252 2500 2326 νυκτικὸραξ·
2553 2253 2634 2306 διὸ
2667 2253 2880 2323 φεύγων
2938 2252 3275 2324 πανταχόθεν
3317 2254 3424 2316 τοῖς
3449 2251 3650 2322 ἐρειπίοις

2139 2344 2246 2398 τῶν
2271 2345 2586 2416 οἰκημάτων
2615 2343 2970 2409 ἐναυλίζεται,
3009 2345 3102 2398 καὶ
3127 2346 3184 2397 ὲν
3216 2344 3369 2398 νυκτὶ
3394 2341 3559 2415 κράζει
3579 2342 3651 2394 irai

2139 2433 2356 2500 δειλίας.
2393 2435 2492 2488 Διὰ
2512 2436 2612 2507 μὲν
2639 2431 2733 2489 οὖν
2762 2434 2854 2488 τοῦ
2879 2435 3172 2499 πελεκᾶνος
3197 2437 3301 2515 τὴν
3332 2433 3542 2503 παντελῆ
3561 2435 3651 2502 ἐρη-

2144 2525 2271 2596 μίαν
2301 2524 2394 2580 τοῦ
2421 2527 2550 2581 λαοῦ
2583 2529 2824 2599 ὲσήμανε
2843 2543 2856 2556 ·
2901 2526 2987 2581 διὰ
3027 2526 3082 2580 δὲ
3114 2525 3209 2579 τοῦ
3244 2525 3593 2595 νυκτικόρακος
3611 2523 3652 2574 τὸ

2141 2631 2271 2667 κατε
2280 2614 2465 2686 ιληφὸς
2488 2617 2674 2681 σκότος
2695 2616 2784 2670 τὸν
2807 2617 2932 2670 λαὸν
2956 2617 3134 2688 δηλοῖ·
3157 2618 3253 2670 καὶ
3272 2617 3374 2681 ὅτι,
3395 2615 3481 2668 τοῦ
3503 2632 3651 2668 mau-

2140 2706 2401 2775 γάζοντος
2425 2710 2620 2773 αὐτοὺς
2649 2711 2824 2779 φωτὸς
2848 2711 3277 2775 ἀποσϐεσθέντος
3295 2751 3310 2774 ,
3336 2704 3419 2763 οἷα
3443 2711 3495 2764 ὲν
3515 2708 3653 2777 σκοτίᾳ

2142 2799 2249 2852 εἰσὶ
2271 2800 2362 2853 καὶ
2383 2801 2536 2855 νυκτὶ
2556 2802 2829 2871 ἀγνωσίαν
2843 2802 2978 2855 Θεοῦ
3002 2803 3236 2873 ἑχοντες.
3260 2803 3410 2873 Τάχα
3423 2802 3474 2854 δὲ
3488 2803 3652 2868 ὀᾰγικ,

2141 2891 2327 2964 ἐπειδὴ
2343 2893 2632 2963 παννύχεις
2655 2893 2783 2946 ἐϐόα
2801 2894 3251 2966 προσευχόμενος,
3277 2894 3557 2963 ἀναγκαίως
3575 2895 3649 2945 En

2140 2982 2232 3038 τὸν
2257 2984 2593 3057 παραϐάλλει
2626 2986 2998 3056 νυκτικόρακι.

2225 3077 2627 3149 Ἡῃούπνησα,
2657 3077 2755 3130 καὶ
2780 3077 3073 3147 ἐγενήθην
3102 3078 3248 3132 ὡσεί
3269 3077 3562 3146 στρουθίον
3582 3091 3654 3142 μοι

2141 3169 2322 3230 νάζον
2339 3169 2435 3222 ἐπὶ
2463 3167 2699 3237 δώματι.
2732 3169 2924 3234 Ὅλην
2941 3167 3056 3237 τὴν
3070 3168 3300 3236 ἡμέραν
3317 3165 3588 3226 ὠνείδιζόν
3603 3180 3654 3232 με

2141 3266 2195 3317 οἱ
2219 3261 2421 3331 ἐχθροί
2460 3278 2581 3329 μου
2605 3301 2622 3326 ,
2672 3261 2770 3314 καὶ
2803 3262 2855 3314 ot
2887 3260 3279 3326 ἐπαινοῦντές
3305 3278 3381 3330 με
3407 3259 3518 3313 κατ’
3550 3255 3653 3325 ἐμοῦ

2141 3352 2396 3422 ὤμνυον.
2423 3349 2839 3419 Καταγέλαστος
2861 3348 3123 3419 ἐγενόμην
3151 3350 3266 3412 τοῖς
3289 3347 3568 3417 δυσμενέσι,
3591 3343 3655 3394 καὶ

2140 3445 2168 3497 6
2201 3444 2365 3498 πάλαι
2395 3441 2631 3512 ζηλωτὸς
2664 3443 2753 3494 καὶ
2778 3440 3135 3512 περίϐλεπτος
3155 3480 3170 3502 ,
3207 3439 3304 3492 νῦν
3340 3440 3488 3509 ὅρκος
3508 3435 3655 3502 γέγονα

2141 3539 2249 3599 τοῖς
2273 3534 2437 3589 πάλαι
2460 3533 2792 3605 θαυμάζουσι
2817 3550 2830 3563 ο
2857 3533 2999 3587 κατὰ
3021 3533 3130 3604 γὰρ
3157 3533 3268 3585 τῶν
3294 3535 3318 3585 ὲ
3327 3531 3436 3602 μῶν
3453 3527 3654 3599 ὀμνύουσι

2144 3626 2438 3698 συμφορῶν
2457 3644 2470 3657 ο
2503 3625 2595 3697 Μὴ
2619 3626 2846 3697 πάθοιμι
2880 3624 2916 3678 ἃ
2948 3627 3003 3678 οἱ
3030 3625 3198 3687 δεῖνες
3227 3621 3532 3676 πεπόνθασι.
3578 3616 3656 3671 Καὶ

2142 3723 2195 3774 οἱ
2218 3719 2603 3786 ἐπαινοῦντές
2617 3737 2692 3789 με
2715 3720 2840 3772 κατ’
2863 3718 3008 3787 ἐμοῦ
3034 3717 3274 3786 ὤμνυον
3293 3734 3304 3746 ·
3331 3716 3408 3777 ὡς
3428 3713 3494 3784 μὴ
3513 3711 3654 3780 ἔχοντα

2145 3811 2334 3882 βοηθὸν
2353 3811 2443 3864 τὸν
2465 3812 2614 3866 Θεόν,
2644 3813 2752 3864 Καὶ
2774 3811 2836 3863 ού
2861 3811 3017 3880 μόνον
3041 3811 3088 3862 οἱ
3109 3808 3295 3881 ὲθχροὶ
3309 3807 3399 3861 τοῦ
3413 3805 3532 3860 Θεοῦ
3548 3801 3654 3857 ταῦτ’

2143 3902 2440 3973 ἔπραττον,
2472 3901 2606 3956 ἀλλὰ
2635 3903 2728 3955 καὶ
2761 3903 2809 3956 οἱ
2837 3902 3157 3970 ἀγαπῶντὲς
3187 3919 3256 3970 με
3292 3901 3408 3955 κατ’
3435 3899 3551 3970 ἐμοῦ
3573 3896 3653 3964 ὦμ-

2143 4012 2266 4049 νυον
2287 4034 2302 4060 ,
2335 3995 2612 4048 τουτέστιν
2643 3997 2691 4047 οί
2727 3994 2833 4048 ἀπὸ
2861 3993 2954 4047 τοῦ
2982 3993 3145 4046 αὑτοῦ
3174 3994 3361 4057 ἔθνους
3390 3993 3477 4046 καὶ
3496 3990 3650 4058 γένους.

2143 4089 2253 4142 Καὶ
2273 4081 2416 4140 οὗτοι
2438 4087 2566 4156 γοῦν
2587 4087 2850 4157 ἠπίστουν
2869 4089 2990 4150 ταῖς
3010 4088 3198 4153 αὑταῖς
3221 4084 3571 4159 προφητείαις,
3585 4080 3652 4141 τάς

2141 4195 2202 4232 τε
2247 4179 2618 4250 παρακλήσεις
2649 4179 2741 4232 καὶ
2773 4178 2870 4241 τὰς
2903 4178 3009 4231 τῶν
3045 4178 3344 4248 μελλόντων
3387 4172 3651 4244 ἐπαγγελίας

2142 4269 2486 4340 διασύροντες
2518 4269 2634 4323 κατ’
2669 4269 2802 4340 ἐμοῦ
2829 4268 3041 4340 ὤμνυον
3063 4309 3076 4332 ,
3111 4268 3172 4321 τὸ
3200 4267 3277 4339 μὴ
3307 4266 3552 4320 πιστεύειν
3573 4263 3651 4321 τῶς

2144 4362 2232 4414 ὑπ’
2255 4360 2388 4431 ἐμοῦ
2416 4362 2932 4433 προφητεύομένοις.
2971 4363 3098 4414 Ὅτι
3120 4359 3354 4412 σποδὸν
3374 4356 3504 4412 ὡσεί
3520 4354 3651 4423 ἄρτον

469 4444 752 4511 ducabam,
786 4456 837 4499 et
863 4455 1043 4515 potum
1081 4465 1252 4503 meum
1288 4467 1407 4504 eum
1446 4452 1574 4520 ﬂetu
1606 4454 1907 4512 miscebam.
1940 4455 2038 4512 His

2142 4451 2386 4522 ἔφαγον,
2411 4453 2509 4506 καὶ
2536 4453 2600 4506 τὸ
2625 4456 2786 4524 πόμα
2799 4471 2917 4523 μου
2937 4455 3087 4523 μετὰ
3109 4455 3415 4524 κλαυθμοῦ
3435 4454 3647 4519 ἐκίρνων.

472 4535 670 4589 similia
693 4544 817 4590 sunt
843 4553 962 4607 quae
993 4539 1047 4594 in
1073 4542 1284 4610 psalmo
1316 4559 1500 4609 um,
1535 4545 1844 4603 habentur:
1881 4548 2041 4604 Ciba-

469 4623 670 4680 bis-nos
700 4643 832 4694 pane
861 4629 1242 4700 lacrymarum,
1279 4643 1327 4687 et
1365 4645 1544 4703 potum
1592 4637 1744 4693 dabis
1793 4639 1942 4695 nobis
1984 4643 2041 4695 in

472 4715 722 4788 lacrymis
754 4720 808 4773 in
841 4722 1170 4778 mensura".
1194 4722 1408 4782 Doloris
1445 4741 1573 4782 vero
1612 4730 2041 4800 magnitudinem

471 4807 560 4864 bis
591 4809 850 4864 declarat.
887 4810 1022 4866 Nam
1053 4814 1100 4868 si
1130 4813 1322 4870 edendi
1354 4827 1567 4889 tempus
1609 4819 1794 4876 dolore
1820 4822 2038 4894 plenum

468 4907 610 4966 erat,
636 4902 780 4972 quod
808 4904 956 4959 aliud
987 4913 1200 4976 tempus
1229 4908 1418 4966 dolore
1449 4927 1682 4968 vacuum
1719 4914 2042 4974 fuerit?His

473 4999 676 5059 autem,
705 4993 902 5064 inquit,
949 4996 1352 5070 circumcingor
1401 5003 1580 5068 malis,
1629 5006 1756 5076 quia
1807 5017 1886 5075 tu,
1936 5009 2044 5064 Do-

473 5081 640 5148 mine.
679 5083 814 5139 iram
847 5095 994 5140 tuam
1045 5089 1334 5146 adversum
1390 5107 1476 5147 me
1515 5099 1880 5154 commovisti.
1915 5099 2041 5157 Haec

473 5189 638 5244 porro
679 5172 949 5246 Propheta
991 5177 1151 5244 dicit,
1197 5181 1381 5250 p0puli
1421 5182 1786 5240 calamitatem
1835 5195 2042 5259 utpro-

473 5268 648 5336 priam
679 5267 781 5323 sibi
823 5269 1128 5335 ascribens,
1155 5284 1219 5325 ac
1245 5281 1408 5328 tantae
1445 5275 1812 5334 multitudinis
1857 5281 2038 5350 perni-

475 5361 613 5416 ciem
650 5362 862 5433 lugens.
892 5362 935 5416 Α
970 5364 1107 5433 facie
1136 5366 1230 5420 ine
1259 5378 1307 5421 et
1347 5368 1726 5440 indignationis
1761 5381 1886 5437 tute,
1915 5373 2042 5442 quia

417 5455 420 5457 λ
473 5454 678 5506 elevans
714 5454 932 5509 allisisti
972 5472 1072 5511 me.
1103 5455 1235 5522 Quae
1265 5460 1467 5529 populo
1494 5469 1549 5516 et
1575 5462 1694 5517 loco
1723 5462 2044 5519 acciderunt

479 5552 534 5595 ut
565 5544 664 5597 sibi
700 5545 921 5614 propria
951 5554 1188 5613 enarrat,
1217 5562 1280 5603 ac
1306 5550 1488 5619 docet,
1512 5551 1580 5606 ad
1627 5567 1878 5625 magnam
1923 5555 2041 5625 glo-

549 5715 594 5743 ²¹
633 5713 776 5768 Psal.
813 5730 1009 5780 Lxxtx,
1043 5715 1099 5772 6.

2144 4543 2365 4608 Τούτοις
2411 4545 2766 4617 παραπλήσια
2798 4546 2865 4600 τὰ
2895 4547 2953 4599 ὲν
2980 4547 3057 4617 τῷ
3082 4547 3166 4600 σθ’
3199 4548 3428 4619 ψαλμῷο
3460 4538 3650 4613 Ψωμιεῖς

2141 4635 2299 4704 ἡμᾶς
2322 4637 2504 4704 ἄρτον
2522 4637 2824 4705 δακρύων,
2845 4639 2942 4691 καὶ
2974 4638 3194 4704 ποτιεῖς
3225 4638 3380 4708 ἡμᾶς
3398 4639 3463 4691 ἐν
3485 4634 3649 4699 δάκρυ·

2141 4740 2245 4778 σιν
2273 4725 2342 4778 ἐν
2367 4725 2576 4795 μέτρῳ.
2608 4728 2718 4797 Τὴν
2743 4728 2799 4780 δὲ
2830 4729 2928 4799 τῆς
2952 4729 3141 4801 ὀδύνης
3170 4729 3464 4800 ὑπερϐολὴν
3480 4726 3554 4780 διὰ
3570 4720 3648 4775 roti-

2138 4831 2248 4868 των
2275 4815 2440 4887 δηλοῖ.
2464 4818 2526 4869 Εἰ
2551 4818 2657 4889 γὰρ
2683 4819 2712 4870 6
2735 4819 2830 4889 τῆς
2848 4820 3055 4890 τροφῆς
3081 4821 3273 4892 καιρὸς
3293 4820 3472 4890 ὀδύνης
3491 4816 3646 4883 ὑπῆρχε

2145 4907 2371 4975 μεστὸς,
2420 4907 2503 4971 τίς
2547 4908 2612 4962 ἂν
2646 4909 2803 4973 ἄλλος
2849 4911 3039 4982 καιρὸς
3069 4912 3273 4984 ταύτης
3305 4910 3554 4981 ἐλεύθερος
3574 4900 3644 4973 iv;

2141 4998 2362 5063 Τούτοις
2389 4999 2444 5052 δὲ
2469 5040 2484 5066 ,
2517 5001 2670 5071 φησὶ,
2702 5001 3096 5073 περικλύζομαι
3129 5008 3241 5067 τοῖς
3272 5007 3481 5066 κακοῖς·
3509 4996 3643 5062 ἐπειδὴ

2143 5090 2230 5154 σὺ,
2263 5090 2528 5156 Δέσποτα,
2559 5091 2851 5162 κεκίνηκας
2881 5095 3000 5147 κατ’
3028 5095 3162 5166 ἐμοῦ
3189 5096 3286 5167 τὴν
3312 5096 3487 5168 ὀργήν.
3512 5089 3642 5145 Ταῦτα

2139 5182 2197 5235 δέ
2218 5200 2383 5254 φησιν
2397 5185 2424 5237 6
2447 5185 2761 5257 Προφήτης,
2791 5186 3156 5258 οἰκειούμενος
3170 5188 3266 5261 τὴν
3295 5188 3388 5242 τοῦ
3418 5184 3527 5240 λαοῦ
3548 5198 3641 5249 συμ-

2141 5275 2332 5344 φορὰν,
2361 5279 2456 5329 καὶ
2482 5276 2878 5348 ὀλοφυρόμενος
2905 5277 3006 5350 τὴν
3038 5279 3311 5335 ἀπώλειαν
3339 5273 3638 5334 anticessum

2141 5364 2376 5436 πλήθους
2397 5405 2410 5428 ,
2450 5366 2592 5420 Ἀπὸ
2631 5369 2954 5436 προσώπου
2984 5369 3092 5439 τῆς
3129 5372 3309 5442 ὀργῆς
3342 5371 3433 5425 καὶ
3463 5367 3548 5422 τοῦ
3571 5368 3634 5418 θυ-

2133 5456 2254 5526 μοῦ
2275 5471 2390 5510 σου
2409 5496 2424 5522 ,
2452 5455 2540 5510 ὅτι
2567 5457 2796 5526 ἐπάρας
2823 5460 3188 5530 κατέρῤαξάς
3211 5480 3304 5533 με.
3335 5462 3409 5516 Τὰ
3431 5453 3616 5532 συμϐεϐη

2140 5549 2272 5602 κότα
2301 5547 2380 5621 τῷ
2402 5548 2514 5621 λαῷ
2545 5551 2636 5605 καὶ
2663 5551 2739 5623 τῷ
2768 5553 2917 5624 τόπῳ
2949 5554 3275 5612 ίδιοποιεῖται
3305 5556 3558 5614 διδάσκων.
3577 5547 3628 5600 δι’
