3868 6282
537 327 673 383 1959

609 446 773 502 Vsus.
796 446 1245 512 i5-i7.Quoniam
1261 446 1573 516 placuerunt
1596 448 1758 502 servis
1779 448 1882 502 tuis
1899 447 2100 517 lapides
2134 457 2177 513 Α

533 541 650 610 ejus
680 549 729 593 et
751 540 951 608 pulveri
980 539 1093 608 ejus
1123 538 1521 593 miserebantur.
1556 537 1624 592 Et
1657 538 1909 592 timebunt
1930 548 2104 610 gentes

536 648 724 686 nomen
757 643 926 693 tuum,
963 631 1207 695 Domine,
1230 640 1281 684 et
1306 647 1481 684 omnes
1517 647 1658 701 reges
1677 630 1906 701 gloriam
1938 641 2102 686 tuam.

535 720 729 776 Merito
757 731 1043 792 postquam
1094 721 1307 776 dixerat
1354 719 1626 790 placuisse
1669 718 1876 790 lapides
1906 721 2106 790 prioris

534 813 740 884 populi,
791 814 1033 883 gentium
1081 811 1420 866 vocationem
1469 809 1696 880 adjicit,
1741 819 1903 881 atque
1949 827 2106 882 aper-

531 907 641 960 tius
669 905 930 969 declarat,
968 913 1097 958 tunc
1124 918 1218 957 eas
1248 903 1541 958 salutarem
1576 901 1825 958 timorem
1855 912 2104 974 acceptu-

529 1012 620 1052 ras
662 1005 717 1051 et
763 995 930 1051 Deum
975 995 1218 1050 culturas
1273 1010 1415 1049 esse.
1469 994 1644 1064 Reges
1706 1003 1889 1051 autem
1937 996 2098 1062 dixit,

526 1104 627 1159 pro
648 1088 852 1159 regnis.
877 1086 1063 1158 Neque
1091 1088 1235 1142 enim
1257 1087 1340 1141 vel
1373 1102 1508 1158 gens
1561 1087 1645 1143 vel
1690 1104 1919 1160 regnum
1964 1100 2047 1145 est
2081 1130 2097 1155 ,

523 1179 672 1250 quod
702 1179 785 1233 vel
825 1186 1032 1234 extoto
1061 1180 1142 1233 vel
1173 1193 1237 1233 ex
1289 1186 1444 1247 parte
1495 1179 1722 1249 gloriam
1753 1180 1956 1236 Christi
1987 1198 2096 1237 non

524 1281 827 1326 veneretur.
861 1271 1127 1336 Quoniam
1152 1269 1439 1338 (edi/icabit
1463 1270 1719 1326 Dominus
1745 1271 1896 1336 Sion,
1928 1286 1977 1328 et
2020 1276 2098 1328 vi-

519 1363 726 1418 debitur
751 1365 804 1418 in
843 1363 1014 1434 gloria
1045 1380 1164 1418 sua.
1201 1363 1323 1417 Alio
1354 1363 1538 1428 modo,
1572 1365 1863 1420 aediﬁcabit
1907 1365 2092 1423 Domi-

516 1469 625 1510 nus
647 1453 778 1509 Sion
798 1492 814 1518 ,
859 1453 912 1507 id
941 1460 1044 1517 est,
1081 1454 1379 1509 Ecclesiam
1410 1473 1423 1510 :
1463 1454 1875 1512 aediﬁcationem
1911 1468 2091 1514 autem

517 1543 664 1598 illam
693 1544 780 1597 hic
802 1542 1066 1607 declarat,
1091 1558 1196 1612 qua
1233 1551 1423 1612 gentes
1455 1560 1552 1615 per
1580 1545 1738 1601 ﬁdem
1781 1547 2092 1604 constituta:

515 1643 644 1691 sunt
672 1652 686 1688 :
717 1643 770 1689 et
796 1642 926 1688 tunc
952 1634 1124 1702 gloria
1159 1635 1422 1692 ailieietur
1452 1637 1508 1692 in
1543 1637 1699 1708 ipsis.

587 1832 752 1891 Vens.
794 1835 978 1893 18-25.
1017 1835 1259 1906 Respexit
1295 1838 1350 1892 in
1376 1840 1666 1894 orationem
1702 1841 2008 1907 humilium,
2037 1853 2086 1897 et
2120 1811 2163 1871 Β

509 1946 614 1984 non
653 1931 838 1998 sprevit
869 1945 1072 1999 precem
1099 1948 1299 1984 earum.
1356 1931 1634 1987 Scribatur
1658 1933 1768 1988 hac
1794 1936 1849 1989 in
1871 1951 2086 2007 genera-

496 2025 704 2078 ‘tionem
737 2025 995 2090 alteram,
1041 2034 1090 2080 et
1139 2025 1362 2093 populus
1395 2027 1485 2096 qui
1531 2025 1796 2081 creabitur
1841 2028 2084 2084 laudabit

508 2117 838 2172 Dominum:
867 2122 993 2189 quia
1041 2121 1308 2191 prospexit
1366 2119 1430 2174 de
1477 2120 1682 2175 excelso
1722 2131 1905 2175 sancto
1952 2136 2082 2188 suo,

506 2211 766 2266 Dominus
796 2211 859 2265 de
896 2213 1023 2266 caelo
1059 2213 1112 2266 in
1153 2223 1348 2267 terram
1395 2214 1620 2282 aspexit,
1652 2222 1711 2265 ut
1752 2213 1962 2267 audiret
1995 2229 2084 2283 ge-

495 2304 665 2357 uuitus
694 2303 1124 2371 compeditorum,
1147 2315 1205 2358 ut
1231 2306 1451 2360 solveret
1471 2307 1610 2376 ﬁlios
1632 2308 2077 2377 interemptorum,

502 2402 562 2445 ut
594 2395 906 2447 annuntient
934 2393 988 2446 in
1018 2391 1149 2448 Sion
1176 2410 1361 2450 nomen
1393 2395 1705 2462 Domini,et
1729 2398 1944 2452 laudem
1967 2400 2080 2468 ejus

495 2486 555 2538 in
585 2485 904 2541 Jerusalem.
945 2485 1011 2540 In
1059 2487 1406 2542 conveniendo
1439 2489 1658 2557 populos
1704 2490 1759 2542 in
1791 2505 1988 2555 unum,
2029 2501 2080 2545 et

498 2592 642 2645 reges
662 2586 720 2630 ut
748 2579 977 2632 serviant
1002 2578 1248 2634 Domino.
1277 2578 1563 2649 Respondit
1587 2581 1635 2634 ei
1667 2580 1722 2633 in
1758 2582 1841 2635 via
1869 2581 2078 2636 uirtutis

497 2682 608 2723 sure
634 2685 653 2723 :
683 2669 1017 2726 Paucitatem
1051 2671 1256 2726 dierum
1304 2687 1538 2726 meorum
1575 2673 1764 2726 nuntia
1803 2673 1952 2728 mihi.
1995 2672 2079 2728 Ne

494 2776 699 2816 revoces
726 2778 807 2816 me
835 2763 888 2816 in
917 2763 1138 2816 dimidio
1188 2763 1392 2817 dierum
1420 2777 1676 2816 meorum.
1731 2761 1831 2818 Hic
1862 2763 2078 2819 videtur

495 2853 630 2906 mihi
667 2853 1021 2925 propheticus
1044 2854 1248 2910 chorus
1273 2854 1564 2910 sublimius
1606 2854 1917 2925 signiﬁcare
1943 2871 2076 2927 gen-

1263 322 1534 380 EUSEBII
1563 323 2038 380 CASSARIENSIS
2056 324 2216 381 OPP.
2262 325 2441 383 PARS
2468 326 2558 384 Ill.
2597 360 2659 371 --
2686 325 3095 383 EXEGETICA.

3610 333 3710 388 ιειο

2265 450 2390 503 Ὅτι
2401 449 2750 517 εὐδόκησαν
2763 451 2817 501 ol
2828 447 3036 501 δοῦλοί
3049 461 3164 500 σου
3184 447 3321 512 τοὺς
3335 447 3531 512 λίθους
3544 450 3711 518 αὐτῆς,

2210 540 2425 595 καὶτὸν
2437 540 2587 609 χοῦν
2601 539 2791 609 αὐτῆς
2806 539 3260 608 οἰκτειρήσουσι.
3279 537 3385 591 Καὶ
3403 539 3714 606 φοϐηθήσον-

2207 651 2302 687 ται
2316 634 2386 687 τὰ
2402 633 2542 701 ἔθνη
2559 632 2625 686 τό
2647 631 2833 702 ὄνομά
2858 647 2994 694 σου,
3021 631 3216 698 Κύριε,
3242 629 3341 682 καὶ
3357 628 3560 694 πάντες
3581 633 3624 683 cl
3637 633 3718 694 βα.

2205 724 2397 790 σιλεῒς
2418 723 2532 791 τὴν
2552 723 2742 782 δόξαν
2769 738 2904 776 σου.
2933 721 3168 782 Εἰκότως
3189 719 3243 772 δὲ
3268 721 3466 790 μεταξῦ
3494 721 3576 773 τοῦ

2205 817 2414 871 κεῖσθαι
2436 819 2561 880 τοὺς
2591 816 2769 878 λίθους
2795 814 2888 868 τοῦ
2915 813 3175 886 προτέρου
3203 813 3331 865 λαοῦ
3356 814 3450 884 τήν
3473 814 3567 865 τῶν
3587 813 3711 866 ἐθνῶν

2203 909 2559 963 ὲπισυνάπτει
2587 908 2808 978 κλῆσιν,
2839 909 2933 960 καὶ
2965 905 3276 977 λευκότερον
3307 904 3710 976 παρίστησιν,δτι

2204 1004 2290 1056 τὸν
2317 1005 2581 1074 σωτήριον
2609 999 2973 1071 ἀναλήψονταί
2998 1016 3126 1052 ποτε
3157 998 3317 1067 φόϐον
3337 1040 3351 1065 ,
3392 999 3482 1050 καὶ
3510 997 3712 1070 θεοσεϐὴ-

2201 1111 2403 1147 σουσιν.
2443 1091 2796 1158 Οὶβασιλεῖς
2822 1091 2879 1144 δὲ
2904 1088 3051 1144 εἶπεν
3079 1089 3198 1143 ἀντὶ
3225 1089 3319 1142 τοῦ
3337 1130 3352 1154 ,
3371 1089 3710 1153 αίβασιλεῖαι.

2199 1186 2270 1239 Οὐ
2285 1185 2393 1257 γάρ
2409 1187 2576 1250 ἐστιν,
2591 1185 2689 1238 οὐκ
2705 1183 2873 1247 ἔθνος,
2893 1184 2952 1236 οὐ
2972 1182 3234 1254 βασιλεία,
3247 1185 3280 1252 ἡ
3305 1181 3382 1252 μὴ
3397 1182 3714 1251 προσκυνοῦσα

2195 1278 2293 1348 τὴν
2324 1276 2480 1341 δόξαν
2504 1275 2740 1348 Χριστοῦ
2762 1316 2777 1341 ,
2810 1275 2844 1347 ἢ
2880 1274 3104 1331 καθόλου
3153 1275 3186 1346 ἦ
3233 1275 3344 1327 ἀπὸ
3389 1274 3590 1345 μέρους.
3619 1275 3713 1327 ὀτι

2195 1369 2575 1438 οἰκοδομήσει
2606 1370 2820 1436 Κύριος
2861 1367 2976 1437 τὴν
3006 1368 3189 1432 Σιὼν,
3217 1367 3316 1421 καὶ
3351 1367 3644 1435 ὀφθήσεται
3665 1369 3713 1419 ἐν

2193 1458 2268 1527 τῇ
2305 1459 2452 1528 δόξῃ
2482 1458 2690 1512 αὑτοῦ.
2733 1457 2964 1527 Ἑτέρως
2995 1457 3050 1510 δὲ
3078 1457 3424 1527 οἰκοδομήσει
3450 1457 3542 1528 τὴν
3572 1456 3711 1509 Σιὼνό

2193 1549 2417 1621 Κύριος,
2444 1549 2687 1603 τουτέστι
2719 1548 2814 1620 τὴν
2849 1547 3200 1618 Ἐκκλησίαν
3230 1547 3515 1618 οἰκοδομήν
3540 1548 3589 1599 δέ
3609 1565 3710 1618 φημι

2191 1640 2314 1694 καθ’
2345 1641 2412 1710 ήν
2439 1639 2660 1710 ἐκτίσθη
2700 1637 2770 1690 τὰ
2799 1636 2925 1708 ἔθνη
2959 1636 3044 1690 διὰ
3081 1637 3182 1708 τῆς
3207 1638 3478 1701 πίστεως·
3510 1639 3599 1691 καὶ
3624 1641 3710 1692 τότε

2189 1731 2574 1804 δοξασθήσεται
2602 1732 2660 1782 ὲν
2691 1730 2894 1792 αὐτοῖς.

2272 1845 2634 1913 Ἐπέὸλεψεν
2658 1845 2755 1898 ἐπὶ
2783 1843 2898 1913 τὴν
2927 1843 3280 1914 προσευχὴν
3305 1843 3425 1897 τῶν
3449 1843 3706 1908 ταπεινῶν,

2186 1939 2284 1993 καὶ
2304 1941 2416 1994 οὐκ
2443 1938 2816 2003 ἐξουδένωσε
2844 1938 2960 2006 τὴν
2989 1937 3201 2006 δέησιν
3221 1935 3445 1992 αὐτῶν.
3471 1939 3518 1990 Γ
3514 1937 3708 2005 papiin

2182 2031 2334 2098 αὕτη
2379 2033 2467 2096 εἰς
2499 2030 2711 2099 γενεὰν
2737 2029 2948 2098 ἑτέραν
2966 2070 2981 2094 ,
3026 2029 3124 2084 καὶ
3167 2029 3321 2094 λαὸς
3355 2031 3390 2084 ὁ
3429 2028 3707 2098 κτιζῴιενος

2181 2123 2411 2178 αἰνέσει
2462 2122 2572 2176 τὸν
2629 2123 2849 2192 Κύριον
2884 2139 2896 2152 ·
2966 2121 3053 2175 ὅτι
3096 2120 3404 2189 ἐξέκυψεν
3446 2120 3512 2185 ἐξ
3555 2120 3707 2187 ὕψους

2180 2217 2353 2286 ἁγίου
2380 2215 2589 2280 αὑτοῦ,
2623 2217 2831 2285 Κύριος
2853 2214 2923 2281 ἐξ
2938 2214 3195 2282 οὐρανοῦ
3218 2214 3324 2267 ἐπὶ
3353 2212 3466 2282 τήν
3489 2211 3592 2282 γῆν
3607 2211 3706 2265 ἐπέη

2181 2312 2390 2378 oiled-8,
2431 2310 2540 2364 τοῦ
2583 2308 2841 2364 ἀκοῦσαι
2895 2307 3002 2361 τοῦ
3038 2306 3385 2377 στεναγμοῦ
3426 2304 3538 2359 τῶν
3569 2321 3703 2357 πεπε-

2180 2399 2474 2470 δημένων,
2532 2398 2638 2452 τοῦ
2665 2397 2853 2452 λῦσαι
2897 2396 3038 2463 τοὺς
3069 2396 3236 2462 υἱοὺς
3269 2393 3392 2448 τῶν
3433 2397 3701 2448 τεθανατω-

2173 2492 2394 2562 μένων,
2419 2492 2533 2546 τοῦ
2563 2489 2909 2561 ἀναγγεῖλαι
2933 2490 3006 2543 ἐν
3029 2487 3183 2543 Σιὼν
3208 2489 3279 2542 τὸ
3304 2489 3491 2558 ὄνομα
3511 2489 3698 2555 Κυρίου,

2179 2583 2280 2637 καὶ
2310 2581 2691 2651 τὴνάῑνεσιν
2721 2579 2912 2635 αὑτοῦ
2955 2582 3025 2634 ἐν
3065 2580 3486 2650 Ἰερουσαλήμ.
3545 2580 3628 2633 Ἕν
3647 2578 3699 2641 τῷ

2177 2673 2556 2744 συναχθῆναι
2589 2673 2779 2740 λαοὺς
2797 2673 2895 2726 ἐπὶ
2919 2672 2985 2726 τὸ
3017 2673 3186 2737 αὐτὸ,
3213 2673 3315 2728 καὶ
3344 2671 3605 2737 ,ϐασιλεῖς
3624 2669 3696 2722 τεῦ

2175 2762 2491 2818 δουλεύειν
2503 2761 2582 2828 τῷ
2595 2762 2809 2830 Κυρίῳ.
2835 2761 3146 2829 Ἀπεκρίθη
3157 2759 3322 2824 αὐτῷ
3331 2760 3404 2813 ἐν
3412 2756 3528 2823 ὀδῷ
3537 2760 3618 2824 to;
3624 2755 3695 2819 ύος

2175 2854 2382 2910 αὐτοῦ’
2407 2854 2524 2922 Τὴν
2547 2853 2862 2922 ὀλιγότητα
2883 2849 3000 2905 τῶν
3013 2850 3248 2921 ἡμερῶν
3259 2868 3384 2920 μου
3399 2847 3696 2918 ἁνὰγγειλόν

485 2944 629 2998 tium
659 2960 756 3015 per
779 2943 1118 3000 Salvatorem
1157 2955 1407 3001 nostrum
1443 2945 1782 3001 vocationem
1807 2986 1821 3010 ,
1865 2947 2075 3016 lugere»

2174 2966 2291 3019 μοι.
2325 2950 2384 3002 Μ
2386 2948 2421 3016 ἡ
2442 2945 2836 3016 ἀναγάγῃς-με
2849 2945 2920 2998 ἐν
2937 2944 3142 3013 ἡμίσει
3162 2942 3404 3013 ἡμερῶν
3415 2959 3546 3012 μου,
3575 2939 3694 3009 Ὑψη-

486 3052 596 3106 que
615 3037 760 3108 quod
777 3051 898 3092 eam
927 3036 1031 3108 ipsi
1061 3051 1173 3092 non
1202 3037 1314 3092 sint
1336 3037 1642 3093 consecuti.
1669 3037 1725 3091 In
1761 3036 2071 3092 futurorum

2174 3039 2392 3111 λότερον
2420 3038 2476 3092 δὲ
2503 3038 2650 3092 δοκεῖ
2684 3055 2772 3108 μοι
2805 3037 2894 3090 διὰ
2921 3035 3125 3089 τούτων
3157 3036 3186 3088 6
3214 3035 3550 3109 προφητικὸς
3576 3031 3692 3103 χορὸς

488 3143 727 3200 namque
768 3129 1038 3183 honorum
1091 3127 1348 3193 adventu,
1383 3131 1604 3199 quando
1647 3135 1838 3198 gentes
1889 3135 1944 3182 et
1977 3143 2070 3184 ea-

2174 3131 2462 3202 σημαίνειν
2501 3129 2597 3202 τὴν
2647 3129 2736 3183 διὰ
2775 3127 2870 3182 τοῦ
2916 3127 3167 3200 Σωτῆρος
3204 3127 3370 3197 ἡμῶν
3413 3126 3582 3197 κλῆσιν
3615 3122 3690 3174 τῶν

488 3237 613 3277 rum
633 3234 789 3292 reges
815 3236 925 3274 non
943 3221 1086 3275 ultra
1110 3220 1318 3291 patrios
1340 3219 1638 3286 daemones,
1655 3219 1751 3276 sed
1777 3219 2065 3275 Dominum

2174 3222 2377 3278 ἐθνῶν·
2413 3219 2810 3277 ἀποκλαίεσθαι
2839 3219 2932 3284 δὲ,
2987 3220 3070 3272 ὅτι
3125 3219 3199 3290 μὴ
3234 3219 3337 3272 καὶ
3377 3217 3523 3272 αὐτοὶ
3549 3215 3687 3283 ἔτυχεν

484 3313 829 3380 adorabunt;
855 3313 970 3377 tali,
999 3313 1198 3382 inquit,
1228 3319 1472 3383 tempore
1496 3311 1669 3367 robur
1698 3327 1880 3366 meum
1903 3327 2065 3368 ener-

2174 3310 2394 3381 ταύτης.
2438 3311 2525 3364 Ἐν
2563 3310 2671 3382 γὰρ
2697 3312 2765 3380 τῇ
2796 3309 2904 3363 τῶν
2933 3307 3232 3380 μελλόντων
3283 3307 3500 3378 ἀγαθῶν
3536 3322 3684 3376 super

480 3406 635 3459 vavit
669 3404 966 3470 Dominus,
997 3413 1056 3459 ut
1078 3406 1195 3462 dies
1235 3421 1387 3461 meos
1430 3405 1856 3476 praescinderet,
1889 3421 1960 3460 ne
1994 3405 2063 3459 ad

2174 3403 2282 3474 σία,
2305 3403 2394 3455 ὅτε
2418 3401 2486 3455 τὰ
2512 3401 2638 3473 ἔθνη
2660 3402 2756 3455 καὶ
2778 3403 2828 3453 οἱ
2850 3400 3054 3454 τούτων
3079 3399 3324 3472 βασιλεῖς
3344 3399 3682 3472 λατρεύσουσιν.

483 3498 622 3554 illud
651 3505 868 3569 tempus
897 3497 1231 3554 devenirem.
1265 3497 1625 3568 Pr0pheticus
1649 3499 1832 3570 itaque
1861 3499 2066 3556 chorus

483 3601 570 3649 est
599 3592 693 3664 qui
739 3589 1063 3661 respondet,
1110 3590 1224 3645 sive
1264 3590 1446 3660 potius
1495 3591 1589 3662 qui
1621 3591 1920 3663 interrogat
1947 3602 2002 3648 et
2035 3607 2067 3646 a

479 3687 600 3741 'Deo
627 3684 939 3742 sciscitatur
967 3682 1146 3752 qualis
1179 3682 1362 3738 futura
1402 3682 1472 3738 sit
1508 3683 1618 3738 vita
1672 3691 1881 3740 nostra.
1934 3683 2065 3738 Edi~

483 3791 642 3832 scere
659 3775 861 3846 quippe
894 3773 1234 3844 peroptabat,
1262 3788 1395 3828 num
1425 3773 1493 3829 ad
1523 3774 1642 3830 dies
1676 3775 1798 3831 illos
1828 3791 2064 3846 perven-

477 3877 606 3922 tura
640 3868 748 3921 vita
781 3866 903 3935 ejus
930 3873 1112 3929 esset,
1160 3867 1318 3935 queis
1368 3866 1684 3922 incarnatus
1734 3866 2058 3939 Unigenitus

478 3959 538 4012 in
565 3966 713 4012 terra
748 3956 1170 4026 conspiciendus
1219 3963 1354 4010 erat.
1404 3954 1559 4010 Viam
1619 3966 1802 4012 autem
1836 3959 2058 4014 virtutis

478 4051 600 4119 ejus
629 4056 787 4104 vocat
815 4049 987 4118 ipsius
1016 4049 1074 4102 in
1097 4059 1299 4104 terram
1335 4047 1628 4104 adventum
1668 4049 1859 4104 :venit
1911 4052 2058 4107 enim

478 4149 538 4194 ut
569 4137 765 4194 fortem
799 4138 952 4192 illum
991 4138 1270 4208 alligaret;
1322 4138 1612 4193 dimidium
1661 4155 1790 4196 vero
1841 4142 2054 4198 dierum

477 4241 725 4294 suorum,
757 4243 853 4283 seu
879 4227 1006 4282 vitae
1043 4243 1174 4295 suae,
1205 4228 1338 4282 illud
1369 4229 1502 4283 dicit
1554 4233 1815 4301 spatium,
1845 4249 1956 4303 quo
2004 4235 2058 4290 in

475 4325 933 4403 contemplatique
955 4323 1076 4394 ejus
1098 4325 1407 4394 praesentiae
1441 4324 1663 4383 futurus
1697 4335 1835 4382 erat.
1875 4328 2056 4399 Roga-

475 4415 568 4468 bat
597 4430 729 4484 ergo
758 4414 972 4485 impleri
1000 4422 1176 4469 totum
1209 4417 1333 4470 vitae
1355 4431 1469 4470 sua:
1498 4425 1712 4487 tempus
1739 4457 1754 4484 ,
1796 4425 1850 4474 et
1895 4419 2056 4489 quasi

2167 3495 2350 3548 οὐκέτι
2378 3497 2491 3558 τοῖς
2540 3493 2815 3564 πατρῴοις
2853 3494 3090 3564 δαίμοσι,
3139 3492 3280 3547 ἀλλὰ
3329 3492 3407 3562 τῷ
3434 3489 3682 3562 Κυρίῳ’ὲν

2168 3586 2317 3657 αὐτῷ
2346 3585 2410 3658 δὴ
2437 3585 2515 3656 τῷ
2541 3585 2773 3657 τοιούτῳ
2794 3585 2988 3656 καιρῷ,
3032 3585 3129 3655 τὴν
3162 3585 3330 3656 ἐμὴν,
3365 3585 3538 3655 φησὶν,
3573 3579 3680 3648 ἰσχὺν

2166 3678 2446 3732 ἐκάκωσεν
2472 3680 2500 3730 ὁ
2529 3679 2751 3750 Κύριος,
2791 3677 3090 3732 κολοὸὦσαι
3139 3675 3238 3740 τὰς
3269 3677 3503 3748 ἡμέρας,
3547 3674 3607 3736 ὡς
3628 3670 3677 3740 μὴ

2165 3770 2370 3840 φθάσαι
2403 3769 2550 3840 κάμὲ
2583 3772 2664 3834 εἰς
2707 3771 2918 3823 ἐκεῖνον
2965 3769 3059 3822 τὸν
3091 3768 3309 3840 καιρόν.
3382 3769 3438 3821 '0
3467 3779 3674 3837 προφητι-

2165 3861 2262 3926 κὺς
2295 3859 2394 3933 μὲν
2422 3855 2515 3913 οὖν
2550 3862 2667 3912 ἐστι
2709 3859 2869 3930 χορὸς
2903 3858 2932 3910 6
2964 3857 3420 3928 ἀποκρινόμενος,
3453 3856 3554 3926 ἦτοι
3580 3854 3672 3922 ἐρα»

2161 3951 2270 4006 τῶν
2304 3951 2398 4006 καὶ
2427 3951 2602 4020 λέγων
2636 3951 2772 4023 πρὸς
2814 3951 2905 4005 τὸν
2936 3951 3070 4004 Θεὸν
3113 3950 3300 4013 ὁποῖος
3333 3949 3481 4003 ἔσται
3517 3949 3542 4000 ὁ
3573 3943 3670 4013 ἠμέ-

2160 4061 2317 4116 τερος
2347 4044 2478 4114 βίος.
2516 4042 2724 4113 Ηῦχετο
2745 4042 2856 4114 γὰρ
2880 4041 3072 4113 μαθεῖν
3107 4042 3156 4094 εἰ
3195 4041 3452 4109 φθάσειεν
3478 4039 3545 4101 εἰς
3569 4034 3666 4087 ἐκείο

2161 4154 2258 4201 νας
2278 4137 2375 4199 τὰς
2399 4137 2614 4209 ἡμέρας
2642 4137 2676 4206 ἡ
2711 4135 2824 4206 ζωὴ
2849 4134 3036 4199 αὐτοῦ,
3088 4133 3207 4187 καθ’
3235 4134 3306 4197 ἃς
3337 4132 3541 4203 ἔμελλεν
3563 4130 3663 4180 ἐναν-

2161 4230 2458 4301 θρωπήσας
2491 4230 2584 4282 ἐπὶ
2609 4229 2711 4298 γῆς
2743 4228 3029 4297 φαίνεσθαι
3054 4229 3082 4281 ὁ
3114 4229 3446 4298 Μονογενής.
3488 4223 3602 4277 Ὁδὸν

2162 4320 2344 4391 ἰσχύος
2363 4319 2524 4374 αὐτοῦ
2555 4319 2652 4391 τὴν
2676 4321 2770 4373 ἐπὶ
2791 4321 2893 4391 γῆς
2912 4319 3213 4391 παρουσίαν
3248 4319 3405 4373 καλεί
3426 4337 3437 4347 ·
3465 4313 3570 4387 ἦλθε
3587 4313 3658 4378 γάρ

2158 4411 2245 4464 ἶνα
2273 4410 2410 4482 δήσῃ
2433 4411 2523 4464 τὸν
2551 4411 2789 4482 ἰσχυρόν.
2821 4412 3028 4480 ’Ἡμισυ
3051 4409 3106 4462 δὲ
3126 4408 3234 4462 τῶν
3258 4407 3448 4463 ἑαυτοῦ
3475 4401 3653 4476 ἡμερῶν,

475 4505 702 4576 produci
735 4507 902 4562 vitam
924 4522 1100 4571 suam,
1134 4516 1195 4562 ut
1221 4507 1394 4578 ipsius
1436 4524 1620 4564 rerum
1669 4516 1895 4564 eventus
1921 4526 2055 4567 con-

2174 4504 2276 4575 ἦτοι
2304 4505 2404 4576 τῆς
2459 4505 2624 4574 ζωῆς,
2683 4503 2744 4556 τὸ
2792 4502 2928 4566 τέως
2984 4504 3041 4556 ἐν
3097 4502 3302 4573 θεωρίᾳ
3350 4492 3653 4582 γενέσθαι
3747 4539 3749 4543 .

477 4607 665 4667 spectu
687 4597 1037 4670 dignaretur;
1075 4599 1151 4653 ita
1192 4601 1336 4654 enim
1383 4598 1626 4653 futurum
1665 4608 1783 4655 erat
1827 4609 1887 4656 ut
1936 4610 2050 4657 tota

474 4690 585 4743 vita
613 4690 732 4759 ejus
772 4692 1108 4762 impleretur.
1138 4690 1350 4746 Interea
1373 4689 1542 4755 enim,
1581 4692 1676 4758 ait,
1703 4692 1757 4746 in
1791 4695 2052 4764 praesenti

473 4781 605 4835 dum
633 4782 748 4837 haec
784 4784 1112 4852 praenuntio,
1147 4797 1212 4837 ac
1243 4781 1423 4837 futura
1446 4783 1721 4855 prospicio
1743 4823 1758 4850 ,
1813 4786 1869 4839 in
1896 4796 2052 4855 parte

473 4873 584 4929 diei
617 4873 711 4928 Dei
741 4875 1073 4932 constitutus
1122 4876 1347 4930 videor:
1399 4877 1642 4946 reliquus
1681 4887 1863 4934 autem
1914 4879 2050 4934 mihi

471 4973 557 5020 est
586 4965 703 5035 ipse
741 4980 926 5021 rerum
977 4968 1462 5037 praenuntiatarum
1499 4978 1852 5038 conspectus,
1883 4986 2048 5040 quem

471 5074 522 5112 ει
569 5072 910 5128 consequar,
943 5065 1118 5112 totum
1146 5059 1268 5114 vitae
1300 5073 1432 5113 mea).
1474 5073 1706 5115 cursum
1739 5061 2042 5132 accipiam;

469 5152 556 5205 sin
596 5165 821 5220 scopum
850 5151 1116 5207 orationis
1147 5167 1283 5207 meae
1331 5168 1442 5208 non
1486 5153 1790 5223 attingam,
1850 5154 2048 5210 similis

469 5260 566 5300 ero
602 5245 668 5298 iis
696 5243 792 5314 qui
831 5244 887 5296 in
932 5242 1159 5298 dimidio
1199 5243 1412 5300 dierum
1443 5245 1737 5300 immature
1766 5252 1821 5300 et
1852 5245 2051 5299 intem-

471 5336 680 5406 pestive
707 5334 876 5388 vitam
897 5333 1286 5404 deposuerunt.
1318 5333 1658 5405 Videturque
1685 5335 1818 5388 mihi
1856 5333 2048 5388 Serva-

469 5435 646 5482 torem
700 5436 948 5484 nostrum
985 5427 1057 5483 ob
1095 5428 1186 5482 illa
1221 5428 1608 5498 prophetarum
1644 5439 1768 5482 vom
1800 5427 2043 5482 dixisse:

469 5517 632 5574 Multi
662 5521 925 5590 prop/tcta:
953 5530 1001 5575 et
1023 5522 1160 5590 justi
1199 5520 1474 5574 voluerunt
1500 5521 1673 5575 videre
1707 5536 1824 5590 qua:
1850 5536 1938 5573 ros
1971 5519 2047 5572 vi-

470 5611 626 5674 detis,
652 5621 826 5664 etnon
861 5612 1135 5677 viderunt;
1164 5623 1213 5666 et
1245 5613 1430 5666 audire
1458 5628 1574 5682 qua:
1600 5612 1823 5677 auditis,
1857 5621 1907 5666 et
1941 5628 2044 5665 non

465 5703 751 5756 audierunt
779 5705 846 5755 ’⁷.
915 5703 1227 5759 Secundum
1285 5704 1568 5760 historiam
1617 5719 1748 5760 vero
1807 5703 2041 5760 dixerit:

544 5817 587 5848 ³⁷
629 5813 816 5870 Matth.
855 5829 974 5876 xm,
1014 5816 1094 5868 Π.

2160 4596 2500 4667 ἐπιφανείας.
2533 4593 2743 4666 Ηύχετο
2769 4591 2862 4648 οὖν
2887 4593 3239 4665 πληρωθῆναι
3279 4594 3371 4646 τὸν
3403 4591 3508 4645 ὅλον
3539 4581 3650 4640 αὐτοῦ

2156 4692 2367 4760 χρόνον,
2404 4688 2497 4742 καὶ
2533 4682 2646 4740 οἶόν
2679 4703 2737 4739 τε
2775 4684 3184 4756 παρεκττλιθῆναι
3222 4685 3324 4755 τὴν
3361 4681 3492 4752 ζωὴν
3520 4673 3646 4732 αὐτώ.
3743 4679 3745 4683 ,

2153 4783 2301 4844 ὅπως
2347 4779 2412 4833 ἂν
2459 4780 2556 4833 καὶ
2592 4779 2762 4849 αὐτῆς
2793 4779 2891 4848 τῆς
2921 4775 3028 4831 τῶν
3069 4778 3409 4848 πραγμάτων
3440 4770 3648 4825 ἐκϐάσεως

2155 4872 2595 4942 καταξιωθῆναι·
2667 4870 2810 4924 οὕτω
2851 4869 2960 4941 γὰρ
3003 4868 3226 4939 ἔμελλεν
3283 4871 3316 4939 ἠ
3377 4867 3508 4919 πᾶσα
3535 4862 3643 4914 αὕτα.

2155 4964 2268 5035 ζωὴ
2303 4962 2662 5034 πληροῦσθαι.
2689 4961 2837 5024 Τέως
2865 4961 2962 5031 μὲν
2989 4959 3118 5030 γὰρ,
3151 4960 3335 5028 φησὶν,
3354 4956 3439 5009 ἐπὶ
3454 4952 3529 5005 τοῦ
3552 4963 3642 5015 περ·
3736 4957 3737 4961 ‘

2154 5061 2324 5123 όντος,
2356 5058 2444 5110 ὅτε
2478 5055 2650 5109 ταῦτα
2676 5053 3001 5128 προφητεύω
3020 5093 3034 5117 ,
3074 5054 3165 5105 καὶ
3221 5050 3467 5121 μέλλοντα
3489 5042 3638 5096 ἔσεσθαι
3731 5099 3733 5101 ,

2153 5149 2392 5223 πρωρῶ,
2427 5147 2580 5201 ἔοικα
2609 5148 2668 5200 ὲν
2701 5145 2856 5217 μέρει
2902 5143 3114 5215 ἡμέρας
3163 5140 3300 5196 εἶναι
3330 5138 3482 5194 Θεοῦ·
3519 5130 3635 5185 λείας

2151 5243 2209 5296 δέ
2233 5259 2323 5312 μοι
2371 5243 2404 5312 ὴ
2451 5239 2688 5309 αὐτοψία
2718 5239 2818 5310 τῆς
2859 5237 2967 5291 τῶν
3011 5235 3487 5309 προφητευομένων
3524 5223 3633 5312 illi?
3725 5307 3727 5311 ι

2153 5308 2382 5404 σεως,ἦς
2393 5308 2447 5384 εἰ
2462 5308 2702 5402 τύχοιμι,
2718 5308 2839 5382 τελε
2848 5329 2931 5382 ίαν
2943 5308 3291 5399 λήψομαιτὴν
3303 5318 3509 5396 ἐμαυτοῦ
3520 5308 3628 5380 ζωήν
3723 5359 3725 5381 ι

2151 5428 2198 5478 εξ
2219 5424 2276 5476 δὲ
2305 5424 2592 5493 ἀστοχήσω
2612 5422 2709 5492 τῆς
2753 5421 2937 5490 εὐχῆς,
2966 5419 3117 5472 ἔοικα
3142 5421 3253 5482 τοῖς
3276 5420 3331 5471 ὲν
3353 5413 3513 5485 ἡμίσει
3536 5408 3627 5494 inti?

2153 5515 2261 5588 ρῶν
2299 5515 2397 5584 τὴν
2430 5510 2577 5584 ζωήν
2607 5511 2774 5582 ἀτελῆ
2799 5512 2894 5564 καὶ
2923 5510 3104 5581 ἄωρον
3136 5493 3620 5591 ἁποτιθεμένοινῖ·’ίίξι
3717 5499 3721 5591 ll

2153 5585 2244 5675 μοι
2283 5603 2433 5657 δοκεί
2461 5601 2552 5655 διὰ
2583 5601 2681 5665 τὰς
2733 5599 2984 5662 τοιαύτας
3037 5597 3146 5651 τῶν
3196 5591 3465 5668 προφητῶν
3509 5585 3618 5675 εὐχάς
3716 5637 3717 5661 η

2147 5664 2176 5746 δ
2207 5693 2394 5766 Σωτὴρ
2437 5691 2594 5764 ἡμῶν
2637 5690 2914 5764 εἰρηκέναι
2948 5707 2962 5721 ’
2998 5664 3520 5762 ,Πολλοὶ-προφῆται
3550 5664 3613 5721 ⁸⁸³
