3868 6282
174 312 291 367 1261

1260 298 1765 357 COMMENTARIA
1804 297 1871 351 IN
1911 294 2249 351 PSALMOS.

3246 292 3383 351 ηδε

169 429 369 481 δίκαιοι
407 418 791 487 επεθύμησαν
826 415 972 469 ἰδεῖν
1004 415 1042 468 d
1080 414 1248 484 ὑμεῖς
1288 416 1571 480 βλέπετε,
1619 412 1717 466 καὶ

1839 410 1956 463 )um
1984 424 2067 462 me
2094 406 2365 462 infirmum
2387 413 2440 458 et
2466 412 2749 476 gravatum
2772 419 2957 469 cerno,
2984 405 3235 475 suspicor
3251 403 3383 459 mihi

166 521 267 572 οὐκ
286 510 461 575 εἶδον,
499 510 595 562 καὶ
623 509 879 562 ἀκοῦσαι
908 507 946 560 ἂ
970 508 1237 570 ἀκούετε,
1268 507 1365 559 καὶ
1394 509 1503 560 οὐκ
1533 505 1716 575 ἤκου-

165 617 291 656 σαν.
328 595 479 649 Κατὰ
506 595 563 647 δὲ
590 594 702 665 τὴν,
725 594 962 665 ἱστορίαν
986 634 999 658 ,
1027 594 1269 657 Βλέπων,
1305 596 1488 664 φησὶν,
1544 596 1715 665 ἐμαυ-

161 689 242 740 τὸν
274 683 557 738 ἀτονοῦντα
592 683 687 735 καὶ
720 681 1104 754 βαρυνόμενον,
1138 684 1314 752 ὀλίγον
1346 684 1711 756 ὐπολαμῦάνω

160 777 337 849 καιρὸν
367 776 743 847 ὑπολελεῖφθαι
776 795 865 847 μοι
904 776 1066 846 ζωῆς.
1095 776 1183 847 Μὴ
1211 774 1304 830 οὖν
1344 778 1716 848 ὲκδημήσαιμι

155 870 242 923 τοῦ
290 868 534 938 σώματος
583 870 639 922 ὲν
684 868 762 938 τῷ
810 869 997 939 ἡμίσει
1038 870 1131 922 καὶ
1187 870 1366 922 ἀτελεῖ
1414 868 1521 922 τῶν
1576 871 1713 939 ἠμε-

160 961 276 1036 ρῶν.
325 962 418 1013 Ἑν
470 960 646 1030 γενεᾷ
702 960 920 1030 γενεῶν
946 961 1016 1014 τὰ
1042 961 1146 1030 ἐτη
1202 978 1335 1015 σου.
1378 962 1712 1031 Ἀναγκαίως

155 1051 418 1126 προειπών
443 1068 458 1082 '
507 1050 602 1120 Μὴ
643 1052 948 1122 ἀναγάγῃς
985 1070 1061 1122 με
1110 1053 1179 1105 ἐν
1230 1054 1433 1124 ἡμίσει
1480 1053 1713 1123 ἡμερῶν

149 1164 280 1215 μου,
304 1144 599 1215 εὐξάμενός
645 1162 703 1197 τε
743 1146 1063 1217 παραθεῖναι
1109 1146 1208 1217 τὴν
1252 1147 1394 1216 ζωὴν
1425 1147 1584 1216 μέχρι
1612 1146 1713 1212 τῆς

154 1235 423 1299 ἐκϐάσεως
452 1236 559 1289 τῶν
583 1238 1097 1308 προφητευομένων,
1136 1239 1335 1309 συνορᾷ
1363 1237 1423 1289 τὸ
1456 1236 1713 1290 ἀδύνατον

154 1326 233 1379 διὰ
261 1326 318 1378 τὸ
348 1325 573 1390 ἀσθενὲς
600 1327 693 1379 καὶ
719 1327 1080 1398 ὀλιγοχρόνιον
1110 1330 1206 1398 τῆς
1235 1328 1433 1399 θνητῆς
1463 1328 1676 1397 φύσεως
1698 1346 1711 1359 ·

153 1413 262 1469 εἶτα
293 1415 395 1485 ἔφη
426 1432 437 1444 ·
478 1415 578 1468 Σοῦ
606 1416 789 1486 μόνου,
821 1417 1015 1487 Κύριε,
1050 1418 1118 1470 τὰ
1152 1417 1245 1489 έτη
1287 1419 1363 1481 εἰς
1397 1418 1588 1486 γενεὰν
1620 1421 1713 1472 καὶ
1760 1412 1763 1413 ν

152 1505 334 1573 γενεὰν
372 1505 663 1558 διατείνει·
702 1507 793 1560 καὶ
842 1509 904 1561 σὺ
937 1508 1088 1577 ἥξεις
1134 1509 1213 1573 είς
1256 1510 1471 1582 ἐκείνην
1504 1511 1601 1584 τὴν
1627 1530 1718 1580 γε-

1818 501 2080 571 perbreve
2100 507 2315 568 tempus
2345 498 2468 552 vitae
2503 496 2783 551 residuum
2817 512 2956 561 esse.
2997 496 3075 552 Ne
3104 497 3287 566 itaque
3330 497 3386 551 in

1817 590 2046 645 dimidio
2088 589 2297 644 dierum
2354 595 2409 642 et
2462 587 2749 642 immature
2794 602 2825 641 a
2869 602 3098 657 corpore
3168 586 3389 659 proﬁci-

1819 697 1960 736 scar.
1997 679 2064 735 In
2086 682 2415 752 generatione
2438 680 2833 750 generationum
2854 682 2981 733 anni
3007 681 3105 735 tui.
3133 682 3270 735 Cum
3303 680 3389 736 di-

1818 776 2011 839 xisset,
2043 772 2123 827 Ne
2158 790 2359 828 revoces
2391 789 2469 827 me
2504 770 2797 825 indimidio
2821 771 3021 825 dierum
3048 789 3390 839 meorum,“

1818 877 2063 940 rogasset
2093 870 2261 924 vitam
2294 882 2449 923 suam
2485 883 2657 937 usque
2705 866 2773 921 ad
2824 883 3006 921 rerum
3056 868 3390 937 praznuntia-

1818 970 1999 1014 tarum
2024 969 2277 1015 eventum
2310 959 2623 1030 prorogari;
2655 957 2802 1013 videt
2832 958 2935 1012 hoc
2968 960 3037 1013 ob
3065 960 3389 1014 imbecillam

1821 1062 1873 1109 et
1901 1054 2102 1108 ﬂuxam
2150 1053 2395 1108 mortalis
2442 1059 2653 1106 natura:
2702 1051 3071 1106 conditionem
3116 1052 3230 1107 fieri
3284 1069 3395 1107 non

1824 1161 2012 1215 posse;
2039 1146 2235 1201 deinde
2268 1145 2376 1199 ait:
2409 1144 2517 1198 Tui
2562 1144 2732 1199 solius
2762 1146 2913 1207 anni,
2949 1143 3195 1209 Domine,
3228 1145 3283 1198 in
3311 1160 3397 1215 ge-

1821 1237 2156 1291 nerationem
2203 1242 2255 1302 et
2304 1235 2705 1304 generationem
2748 1235 3176 1302 producuntur:
3232 1244 3399 1305 tuque

1823 1330 2107 1399 pervenies
2158 1328 2225 1383 ad
2276 1330 2424 1382 illam
2456 1329 2859 1399 generationem
2896 1337 2950 1383 et
2981 1329 3241 1399 populum
3276 1369 3290 1392 ,
3333 1329 3401 1382 de

1821 1422 2021 1491 quibus
2047 1423 2296 1491 superius
2324 1422 2640 1477 dicebatur:
2672 1421 2952 1477 Scribatur
2989 1422 3098 1475 haec
3150 1422 3205 1475 in
3243 1437 3403 1491 gene-

1828 1514 2083 1568 rationem
2112 1512 2356 1576 alteram,
2393 1521 2445 1567 et
2474 1521 2690 1569 caetera.

153 1601 290 1665 νεὰν,
331 1602 584 1656 κάκεῖνον
621 1603 709 1655 τὸν
735 1604 882 1667 λαὸν,
911 1605 1037 1676 περὶ¹
1064 1598 1137 1659 ὧν
1173 1606 1428 1680 ἀνωτέρω
1460 1608 1708 1678 ἐλέγετοο
1742 1609 2033 1677 Γραρήτω
2056 1608 2206 1675 αὕτη
2246 1609 2330 1672 είς
2356 1607 2470 1674 τὴν
2515 1607 2724 1676 γενεὰν
2770 1605 3000 1674 ἑτέραν,
3036 1607 3129 1658 καὶ
3150 1605 3219 1659 τὰ
3250 1604 3398 1676 ἑξῆς.

221 1693 360 1744 Κατ’
422 1693 617 1761 ἀρχὰς
652 1693 766 1760 τὴν
822 1692 939 1762 γῆν
974 1694 1089 1758 σὺ,
1160 1697 1353 1763 Κύριε,
1403 1698 1714 1766 ἐθεμελίω-
1748 1686 1791 1740 Β

150 1800 277 1849 σας,
312 1783 410 1836 καὶ
440 1784 583 1853 ἔργα
622 1783 737 1837 τῶν
764 1784 978 1853 χειρῶν
1016 1786 1129 1839 σού
1166 1789 1325 1839 εἰσιν
1361 1791 1413 1841 οὶ
1451 1790 1712 1856 οὐρανοί.

151 1874 321 1927 Αὐτοὶ
355 1875 751 1939 ἀπολοῦνται,
804 1876 885 1930 σὺ
917 1875 984 1929 δὲ
1030 1877 1342 1946 διαμένεις.
1381 1881 1444 1932 Εἰ
1480 1881 1578 1951 μὲν
1610 1880 1719 1953 γὰρ

151 1967 208 2019 οὐ
242 1965 505 2036 συνῆσθα,
543 1967 695 2037 φησὶ,
736 1968 854 2020 κατ’
888 1967 1079 2039 ἀρχὰς,
1114 1963 1159 2023 ὦ
1205 1970 1398 2043 Κύριε,
1448 1975 1541 2027 καὶ
1565 1975 1613 2026 εί
1646 1973 1720 2045 μὴ

152 2057 279 2128 ἔργα
306 2057 415 2110 τῶν
454 2058 654 2129 χειρῶν
698 2076 791 2111 σου
827 2059 1068 2131 ὑπῆρχον
1098 2064 1148 2114 οἱ
1195 2062 1433 2134 οὐρανοὶ,
1473 2065 1571 2136 οὐχ
1612 2060 1722 2119 οἷόν

154 2166 211 2202 τε
236 2145 303 2221 ἦν
325 2150 475 2203 αὐτά
502 2149 877 2221 μετατεθῆναι,
919 2152 1037 2205 οὐδὲ
1067 2154 1145 2217 είς
1184 2155 1484 2227 μεταϐολὴν
1514 2156 1716 2209 ἐλθεῖν·

151 2244 197 2296 εί
225 2242 331 2315 γὰρ
364 2244 612 2315 ἀγένητα
637 2240 725 2316 ἦν,
752 2245 971 2316 ἔμειναν
1004 2244 1069 2299 ἂν
1107 2247 1199 2299 καὶ
1232 2246 1562 2318 ἀτελεύτητα
1583 2266 1596 2279 ·
1628 2249 1722 2302 νῦν

150 2334 220 2399 δὲ,
248 2334 370 2387 ἐπεὶ
389 2335 624 2406 ποιητὴς
644 2336 823 2390 αὐτῶν
858 2338 1109 2407 γέγονας,
1137 2338 1359 2401 δυνατὸς
1387 2335 1440 2391 εί
1464 2340 1558 2392 καὶ
1584 2357 1724 2410 παρ-

153 2431 371 2495 αγαγεῖν
420 2429 567 2483 αὐτὰ
621 2428 853 2502 θελήσας
891 2449 902 2459 ·
954 2432 1181 2500 ,φύσεως
1227 2431 1336 2503 γάρ
1418 2431 1725 2503 ὑπάρχουσι

150 2518 387 2591 φθαρτῆς
448 2523 546 2575 καὶ
590 2522 968 2596 ἀπολλυμένης
994 2542 1007 2555 ·
1065 2526 1171 2591 ὅτι,
1208 2527 1300 2579 καὶ
1357 2524 1432 2597 μὴ
1464 2526 1726 2598 πρότερον

153 2610 294 2677 ὄντα,
338 2615 403 2683 σῇ
446 2612 610 2684 βουλῇ
644 2614 737 2667 καλ⁹
770 2614 995 2685 δυνάμει
1029 2614 1272 2684 γέγονεν.
1330 2618 1426 2669 Ἓν
1468 2616 1576 2687 γάρ
1611 2619 1727 2670 ἐστι

156 2701 309 2772 μένον
350 2704 470 2762 ἀεὶ.
511 2704 607 2757 καὶ
639 2703 835 2757 οὔποτε
868 2706 1165 2776 δυνάμενον
1216 2709 1290 2778 μὴ
1334 2703 1495 2769 εἶναι,
1527 2708 1726 2778 δηλαδὴ

153 2793 213 2844 σύ
237 2794 399 2858 αὐτὸς
428 2797 467 2848 ὁ
499 2796 656 2866 μόνος
691 2796 798 2849 τῶν
822 2797 957 2850 ὅλων
984 2802 1231 2868 ποιητής.
1271 2798 1380 2852 Καὶ
1404 2798 1626 2865 πάντες
1652 2799 1730 2864 ὡς

152 2886 374 2955 ἱμάτιον
421 2888 977 2956 παλαιωθήσονται,
1029 2890 1127 2943 καὶ
1171 2890 1313 2943 ὡσεί
1355 2892 1732 2958 περιϐόλαιον

149 2977 364 3043 ἑλίξεις
418 2979 672 3045 αὐτοὺς,
698 2980 795 3033 καὶ
830 2981 1272 3050 ἐλιχθήσονται.
1303 2982 1413 3034 Καὶ
1436 2984 1483 3034 oi
1517 2980 1733 3050 οὐρανοὶ

1898 1698 2063 1755 Vens.
2111 1699 2299 1754 26-29.
2353 1698 2517 1752 Initio
2576 1710 2655 1764 tu,
2720 1698 2969 1763 Domine,
3024 1708 3223 1750 terram
3288 1698 3405 1766 fun-

1819 1794 1981 1857 dasti,
2047 1802 2094 1846 et
2150 1808 2309 1861 opera
2362 1808 2615 1845 manuum
2670 1800 2883 1843 tuarum
2935 1798 3057 1843 sunt
3105 1790 3240 1842 cwli.
3294 1787 3406 1856 Ipsi

1818 1885 2080 1955 peribunt,
2112 1893 2168 1937 tu
2222 1896 2399 1939 autem
2452 1900 2749 1955 permanet.
2808 1882 2927 1938 Nisi
2960 1883 3109 1937 enim
3157 1897 3188 1935 a
3249 1882 3407 1952 prin-

1821 1976 2000 2046 cipio,
2057 1974 2314 2040 Domine.
2363 1974 2561 2031 fuisses
2590 2014 2606 2040 ,
2667 1982 2722 2029 et
2766 1972 2874 2028 nisi
2919 1973 3041 2027 coeli
3075 1986 3245 2042 opera
3293 1986 3409 2024 ma-

1822 2084 1991 2124 nuum
2020 2077 2236 2122 tuarum
2289 2074 2508 2131 essent,
2542 2081 2655 2119 non
2711 2070 2935 2134 possent
2974 2063 3066 2115 illa
3093 2076 3257 2132 opera
3288 2076 3409 2115 mu-

1822 2161 1969 2226 tari,
2013 2175 2115 2215 nec
2170 2160 2227 2213 in
2270 2158 2432 2213 aliam
2475 2156 2845 2211 conditionem
2894 2156 3081 2210 venire
3132 2173 3145 2209 :
3203 2169 3328 2209 nam
3360 2154 3408 2209 si

1822 2266 1933 2305 non
1970 2250 2112 2305 facta
2166 2257 2372 2313 essent,
2406 2250 2527 2304 sine
2583 2248 2689 2303 fine
2736 2254 3040 2302 manerent.
3100 2244 3220 2300 Jam
3281 2262 3411 2301 vero

1824 2343 1954 2414 quia
2008 2357 2198 2397 eorum
2248 2340 2430 2409 opifex
2486 2339 2671 2404 fuisti,
2737 2348 2891 2409 potes
2942 2339 3034 2392 illa
3092 2344 3305 2392 mutare
3364 2338 3412 2392 si

1824 2436 2003 2491 velis:
2045 2449 2173 2488 nam
2222 2431 2381 2487 fluxae
2436 2439 2488 2486 et
2539 2430 2916 2501 corruptibilis
2965 2440 3175 2485 natura
3234 2438 3409 2485 sunt:

1826 2526 1954 2596 quia
2015 2540 2139 2580 cum
2200 2538 2311 2577 non
2370 2524 2523 2591 prius
2564 2522 2925 2589 exsisterent,
2979 2523 3258 2577 voluntate
3349 2533 3415 2573 ac

1825 2618 2028 2670 virtute
2081 2623 2174 2668 tua
2223 2612 2441 2668 condita
2500 2619 2648 2668 sunt.
2697 2610 2880 2666 Unum
2937 2612 3136 2681 quippe
3165 2608 3416 2680 estquod

1828 2714 2032 2773 manet,
2067 2714 2121 2761 et
2150 2721 2431 2776 nunquam
2462 2720 2570 2759 non
2617 2719 2741 2760 esse
2780 2704 2977 2774 potuit,
3013 2719 3207 2774 nempe
3239 2711 3296 2756 tu
3328 2717 3416 2757 so-

1829 2803 1915 2860 lus
1946 2800 2189 2856 omnium
2232 2798 2503 2853 conditor.
2551 2796 2613 2851 Et
2643 2814 2818 2851 omnes
2872 2798 3009 2850 sicut
3050 2797 3417 2850 vestimentum

1830 2898 2167 2955 veterascent,
2195 2898 2245 2944 et
2273 2889 2411 2944 velut
2439 2890 2698 2942 amictum
2720 2888 2887 2943 volves
2909 2904 3018 2953 eos,
3043 2896 3093 2941 et
3121 2888 3412 2943 solventur.

1832 2985 1969 3040 ϐωὶὶ
1990 2997 2209 3053 quoque
2238 2982 2455 3038 etiamsi
2497 2997 2751 3052 magnum
2788 2982 3424 3054 praestantissimumun

150 3068 223 3131 δὲ,
249 3072 299 3123 εἰ
332 3070 428 3123 καὶ
473 3070 613 3139 μέγα
644 3071 737 3123 καὶ
764 3070 1038 3142 ἐξαίρετόν
1066 3089 1117 3123 τι
1149 3071 1475 3142 τυγχάνουσι
1501 3072 1728 3142 κτίσμα,

1839 3073 1945 3128 sint
1990 3071 2304 3142 opificium,
2363 3076 2605 3124 attamen
2648 3070 2752 3140 ipsi
2799 3084 3020 3139 quoque
3075 3069 3419 3139 corruptioni

150 3151 258 3212 tot“
295 3161 460 3231 ὅμως
492 3161 582 3214 καὶ
638 3161 791 3214 αὐτοὶ
847 3162 1312 3233 ὑποϐληθήσονται
1347 3163 1549 3235 φθορᾷο
1596 3165 1630 3235 ἡ
1675 3164 1734 3218 δὲ

150 3249 318 3322 φθορά
340 3250 495 3322 αὐτη
525 3254 811 3322 γενήσεται
836 3252 1017 3316 αὐτοῖς
1054 3254 1132 3316 εἰς
1177 3253 1590 3325 ἀνακαινισμὸν,
1639 3255 1735 3307 καὶ

149 3344 422 3408 συστελεῖς
472 3346 666 3408 αὐτοὺς
701 3343 939 3414 εὐχερῶς
974 3343 1144 3407 οὕτως
1172 3344 1247 3408 ὡς
1274 3345 1474 3398 ἑλίσσει
1506 3362 1590 3409 τις
1637 3362 1734 3398 πε-

147 3434 416 3505 ριϐόλαιον
446 3451 467 3463 ⁴
508 3435 877 3506 ἐλιχθήσονται
900 3436 1006 3507 γὰρ
1026 3438 1106 3500 εἰς
1135 3436 1339 3507 βέλτιον
1362 3436 1548 3508 σχῆμα
1580 3454 1737 3508 μετα·

150 3527 505 3599 ϐαλλόμενοι,
543 3529 636 3582 καὶ
667 3529 1081 3601 ἀλλαγήσονται,
1132 3531 1225 3583 καὶ
1268 3529 1478 3601 τροπὴν
1527 3528 1737 3599 ἀγαθὴν

155 3617 497 3689 ὑπομενοῦσι
530 3619 628 3690 τὴν
658 3621 765 3672 ἀπὸ
804 3621 900 3691 τῆς
948 3621 1306 3691 παλαιότητος
1348 3622 1442 3675 ἐπὶ
1473 3622 1573 3693 τὴν
1605 3624 1738 3677 ἀνα-

156 3711 393 3766 καίνισιν
425 3712 526 3765 καὶ
548 3712 647 3782 τὴν
682 3711 1009 3782 ἀφθαρσίαν.
1052 3712 1135 3766 Σὺ
1167 3712 1236 3765 δὲ
1267 3716 1300 3766 ὁ
1320 3713 1503 3779 αὐτὸς
1539 3710 1611 3778 εἷ,
1640 3715 1742 3768 καὶ

154 3803 227 3858 τὰ
252 3805 359 3873 ἐτη
381 3819 505 3858 σου
539 3806 649 3857 οὐκ
682 3802 1056 3871 existit-ovat.
1109 3806 1172 3856 Οἱ
1214 3804 1329 3857 υἱοὶ
1364 3802 1481 3856 τῶν
1507 3803 1742 3860 δούλων

154 3911 272 3951 σου
302 3897 881 3963 κατασκηνώσουσι,
926 3898 1021 3949 καὶ
1055 3894 1120 3948 τὸ
1159 3894 1397 3964 σπέρμα
1430 3894 1628 3949 αὐτῶν
1657 3898 1743 3961 είς

154 3988 261 4042 τὸν
275 3988 471 4043 αἰῶνα
503 3985 1064 4054 κατευθυνθήσεται.
1090 3986 1402 4057 Καινοῖςβ)
1437 3988 1745 4057 γενομένοις

153 4080 249 4134 καὶ
277 4082 374 4133 ἐπὶ
409 4079 475 4134 τὸ
502 4082 748 4148 κρεῖττον
783 4078 1226 4149 μεθαρμοσθεῶι,
1259 4078 1356 4131 καὶ
1398 4079 1463 4131 τὸ
1508 4078 1746 4148 σπέρμα

1845 3165 2241 3237 subjicientur:
2276 3164 2392 3217 hate
2423 3171 2604 3217 autem
2636 3164 2917 3234 corruptio
2945 3163 3081 3233 ipsis
3103 3163 3159 3217 in
3189 3178 3423 3231 renova-X

1841 3261 2047 3316 tionem
2070 3266 2263 3321 vertet,
2301 3267 2462 3326 atque
2488 3256 2636 3326 ipsos
2666 3256 2739 3310 ita
2771 3254 2935 3309 facile
2959 3253 3255 3309 contrahes
3287 3293 3302 3317 ,
3356 3268 3422 3307 ac

1841 3355 1887 3410 si
1926 3354 2051 3425 quis
2078 3352 2338 3406 amictum
2368 3350 2656 3404 convolvat
2681 3369 2695 3404 :
2754 3364 2882 3403 nam
2912 3349 3193 3403 meliorem
3223 3348 3278 3402 in
3319 3347 3426 3404 for-

1843 3462 1987 3501 mam
2006 3446 2312 3507 volventur,
2342 3459 2405 3498 ac
2427 3442 2785 3497 mutabuntur
2811 3449 2975 3511 atque
3000 3440 3423 3496 conversionem

1844 3538 2105 3609 optimam
2140 3535 2437 3600 subibunt,
2486 3548 2515 3587 a
2550 3540 2825 3588 vetustate
2875 3548 3069 3601 nempe
3095 3531 3164 3585 ad
3193 3546 3426 3586 renova-

1847 3629 2053 3684 tionem
2080 3637 2133 3683 et
2163 3624 2626 3694 incorruptionem
2668 3623 2940 3677 translati.
2982 3621 3061 3674 Tu
3091 3628 3267 3674 autem
3286 3618 3426 3673 idem

1848 3723 1956 3791 ipse
1985 3738 2060 3784 es,
2092 3730 2140 3774 et
2175 3720 2301 3773 anni
2334 3719 2411 3770 tui
2476 3733 2580 3770 non
2632 3714 2894 3782 deﬁcient.
2967 3711 3097 3766 Filii
3157 3728 3426 3766 servorum

1851 3823 2063 3866 tuorum
2101 3809 2440 3871 habitabant,
2470 3816 2521 3860 et
2554 3822 2728 3859 semen
2756 3821 2937 3858 eorum
2972 3805 3027 3857 in
3057 3803 3316 3858 scecnlum
3338 3804 3426 3856 di-

1849 3905 2062 3973 rigetur.
2116 3900 2363 3956 lnnovati
2417 3898 2627 3954 scilicet
2646 3904 2808 3951 erunt
2824 3912 2887 3951 ac
2922 3897 3201 3951 meliorem
3226 3895 3279 3949 in
3313 3895 3425 3949 for-

1850 4010 1992 4049 mam
2014 3994 2284 4054 translati,
2318 4000 2367 4046 et
2392 4007 2561 4044 semen
2592 4005 2771 4043 eorum
2807 4030 2821 4055 ,
2872 3989 3079 4044 scilicet
3144 4002 3427 4056 servorum

1850 4094 2091 4149 tuorum,
2128 4087 2181 4139 in
2210 4084 2464 4139 swculum
2496 4081 2770 4153 dirigetur.

154 4177 414 4242 ἑαυτῶν,
445 4175 650 4247 δηλαδὴ
684 4174 790 4229 τῶν
828 4174 1024 4227 δούλων
1048 4192 1162 4240 σου,
1184 4176 1263 4238 είς
1294 4176 1385 4228 τὸν
1412 4174 1582 4228 αίῶνα
1614 4177 2119 4252 κατευθυνθήσεται.

706 4318 792 4390 To
824 4318 1040 4372 ΔΑΥΙΔ.
1074 4317 1192 4370 PB'.

219 4435 511 4504 Εὐλόγει,
545 4434 582 4500 ἡ
610 4432 780 4503 ψυχή
813 4451 953 4502 μου,
987 4433 1092 4485 τὸν
1119 4435 1355 4501 Κύριον.
1382 4433 1534 4504 Τάχα
1558 4434 1614 4487 δὲ
1649 4433 1745 4506 μέ-

154 4544 257 4596 σην
285 4525 719 4593 ἀπολειφθεῖσαν
751 4525 847 4594 τὴν
878 4524 1054 4595 ψυχὴν
1101 4522 1193 4577 τοῦ
1227 4523 1475 4594 σώματος
1517 4526 1610 4577 καὶ
1654 4525 1747 4577 τοῦ

151 4619 506 4690 πνεύματος,
537 4618 596 4671 τὸ
633 4618 731 4689 μὲν
762 4618 918 4688 σῶμα
960 4619 1051 4670 ἐπὶ
1081 4617 1177 4680 τὰς
1223 4616 1426 4681 οίκείας
1461 4618 1749 4688 ἐπιθυμίας

151 4713 249 4764 καὶ
329 4709 769 4782 ἀνδραποδώδεις
838 4709 1028 4779 ἡδονὰς
1082 4709 1362 4771 καθέλκει,
1414 4709 1598 4780 ὥσπερ
1657 4712 1749 4779 ἀφ’

152 4803 331 4872 ὕψους
364 4800 581 4856 ἄνωθέν
611 4801 773 4854 ποθεν
791 4800 1124 4855 καταϐάλλον
1154 4802 1342 4870 αὐτήν·
1368 4800 1427 4853 τὸ
1451 4800 1508 4853 δὲ
1536 4800 1752 4871 πνεῦμα

151 4897 326 4950 πάλιν
358 4894 507 4965 πρὸς
540 4894 698 4947 ἑαυτὸ
745 4894 956 4947 ἀνέλκει
994 4896 1105 4948 ἄνω
1142 4911 1241 4947 που
1289 4894 1425 4964 πρὸς
1465 4893 1594 4947 Θεὸν
1627 4894 1755 4946 ἀνά-

149 5003 273 5055 γον,
332 4984 450 5039 καὶι
483 4982 577 5036 τοῦ
618 4984 821 5054 Κυρίου
856 4983 1211 5055 μνημονεύειν
1244 4983 1574 5055 παρακαλεῖ,
1610 4983 1756 5035 εὐλο-

149 5080 277 5147 γεῖν
312 5094 380 5129 τε
416 5073 605 5139 αὐτὸν,
632 5076 725 5129 καὶ
755 5075 859 5147 πρὸ
887 5074 1176 5144 ὀφθαλμῶν
1204 5074 1291 5127 διὰ
1342 5075 1541 5137 παντὸς
1570 5074 1713 5144 ἔχειν
1736 5091 1749 5104 ·

146 5170 182 5241 ἢ
220 5170 403 5233 αὐτὸς
442 5168 638 5221 ἑαυτὸν
672 5169 764 5222 ἐπὶ
813 5167 905 5220 τὸν
946 5167 1112 5238 ὕμνον
1145 5168 1431 5239 διεγείρειν
1474 5169 1564 5221 καὶ
1599 5168 1755 5220 εὐλο-

146 5265 271 5329 γεῖν
326 5261 433 5313 τὸν
497 5248 630 5313 Θεὸν
662 5259 1027 5328 ὲγκελεύεται,
1057 5258 1224 5312 καλὸν
1266 5259 1443 5329 ἑαυτῷ
1478 5258 1751 5329 σωτηρίας

145 5354 475 5425 φάρμακον
503 5353 601 5423 τὴν
622 5354 701 5415 είς
729 5352 818 5405 τὸν
850 5349 980 5403 Θεὸν
1014 5349 1262 5418 εὐλογίαν
1296 5350 1752 5421 προϐαλλόμενος.

143 5447 261 5499 Καὶ
294 5443 520 5497 πάντα
545 5443 617 5496 τὰ
643 5443 815 5510 ἐντός
831 5460 948 5512 μου
969 5442 1032 5495 τὸ
1060 5440 1244 5511 ὄνομα
1268 5444 1334 5496 τὸ
1351 5443 1519 5512 ἅγιον
1549 5441 1754 5495 αὐτοῦ.

144 5535 282 5599 Τοῖς
321 5532 497 5595 ἐντὸς
530 5530 692 5586 αὐτοῦ
723 5532 1050 5602 προστάσσει
1079 5530 1315 5601 εὐλογεῖν
1347 5532 1405 5584 τὸ
1439 5532 1609 5603 ὄνομα
1646 5533 1759 5584 Κυ-

150 5630 304 5699 ρίου,
340 5625 606 5679 τουτέστι
631 5628 696 5697 τῇ
727 5624 881 5695 φύσει
902 5624 1007 5679 τῶν
1039 5624 1238 5680 ἔσωθεν
1263 5624 1632 5697 ἐξερχομένων
1655 5624 1760 5678 δια-

229 5738 314 5810 (2)
343 5735 471 5789 Sic.

1782 4350 1825 4403 υ
2354 4318 2482 4375 IPSI
2523 4317 2746 4373 DAVID.
2808 4316 2919 4375 cn.

1918 4434 2084 4490 Vitas.
2122 4436 2168 4488 i.
2206 4433 2432 4489 Benedic
2452 4475 2466 4501 ,
2496 4434 2675 4487 anima
2706 4448 2855 4496 mea,
2888 4430 3136 4487 Domino.
3172 4427 3432 4485 Fortasse

1848 4531 2081 4588 mediam
2112 4528 2356 4583 relictam
2390 4528 2623 4605 animam
2653 4526 2793 4579 inter
2816 4538 3016 4593 corpus
3047 4529 3100 4577 et
3140 4522 3390 4592 spiritum
3411 4563 3427 4587 ,

1850 4639 2050 4694 corpus
2076 4621 2294 4691 quidem
2320 4620 2386 4674 ad
2409 4620 2663 4689 proprias
2683 4615 3160 4685 concupiscentias
3182 4622 3235 4670 et
3261 4615 3433 4670 servi-

1851 4717 1932 4771 les
1958 4716 2265 4785 voluptates
2287 4712 2556 4784 pertrahit
2575 4752 2590 4775 ,
2619 4709 2776 4781 quasi
2800 4724 2867 4764 ex
2898 4709 3116 4765 sublimi
3142 4716 3197 4763 et
3228 4710 3434 4764 altissi-

1852 4822 1942 4861 mo
1971 4807 2093 4861 loco
2122 4804 2388 4875 dejiciens
2422 4804 2569 4857 illam
2597 4820 2611 4868 ;
2643 4801 2874 4871 spiritus
2898 4816 3027 4855 vero
3060 4810 3250 4855 contra
3278 4800 3344 4854 ad
3371 4817 3431 4857 se

1855 4910 2073 4950 sursum
2109 4893 2310 4959 trahit,
2344 4899 2399 4947 et
2444 4892 2508 4945 ad
2551 4889 2720 4945 Deum
2772 4889 3029 4953 adducit,
3071 4890 3434 4959 hortaturque

1856 4994 1916 5040 ut
1946 4985 2236 5040 Dominum
2267 4990 2563 5050 memoret,
2596 4983 2703 5054 ipsi
2731 4983 3052 5047 benedicat,
3097 4983 3275 5053 ipsum
3320 5000 3433 5055 prae

1857 5078 2031 5133 oculis
2066 5092 2279 5146 semper
2308 5076 2546 5130 habeat:
2580 5074 2666 5129 vel
2699 5074 2934 5129 fortasse
2962 5075 3259 5145 quemlibet
3286 5077 3432 5145 seip-

1858 5185 1977 5224 sum
2006 5169 2242 5223 excitare
2273 5182 2337 5222 ac
2373 5165 2482 5221 Deo
2509 5165 2833 5220 benedicere
2859 5165 3042 5234 jubet,
3085 5166 3290 5220 bonum
3325 5166 3429 5221 sibi

1859 5259 1925 5312 ad
1950 5259 2180 5313 salutem
2201 5273 2323 5313 esse
2341 5256 2449 5311 Deo
2467 5255 2791 5311 benedicere
2811 5270 3141 5326 praponens.
3162 5255 3230 5309 Et
3253 5258 3432 5310 omnia

1860 5351 2114 5405 interiora
2157 5366 2273 5403 mea
2312 5347 2514 5402 nomini
2554 5357 2741 5401 sancto
2785 5348 2921 5417 ejus.
2962 5346 3180 5403 Nomini
3214 5348 3433 5404 Domini

1860 5439 2181 5494 benedicere
2208 5438 2363 5507 jubet
2392 5436 2653 5490 interiora
2683 5452 2817 5503 sua,
2847 5437 2899 5491 id
2928 5444 3042 5503 est,
3072 5438 3434 5508 cogitationes

1864 5546 1990 5587 suas
2024 5545 2143 5600 quae
2188 5530 2255 5584 ab
2298 5528 2447 5582 intus
2477 5527 2814 5597 procedunt,
2850 5546 3081 5600 quarum
3117 5531 3315 5601 duplex
3352 5542 3436 5587 est

1864 5623 2035 5679 ordo:
2079 5621 2198 5677 alite
2230 5620 2373 5677 enim
2407 5636 2588 5691 prava:
2623 5630 2785 5684 sunt,
2826 5637 3017 5693 nempe
3041 5663 3054 5686 ,
3089 5625 3296 5689 caules,
3330 5626 3438 5679 for-
