3868 6282
502 286 642 342 1263

1205 279 1475 336 EUSEBII
1513 276 1989 336 CASSARIENSIS
2023 278 2172 336 OPP.
2216 279 2400 336 PARS
2427 278 2518 336 ΙῘῘ.
2546 313 2611 325 -
2651 280 3064 338 EXEGETICA.

3542 289 3638 346 ιειι

499 401 804 458 nicationes
843 408 896 454 et
945 399 1086 453 furta
1133 405 1484 469 spectantes;
1525 399 1644 452 aliae
1681 413 1812 452 vero
1845 398 2066 454 urbanae

2169 398 2465 469 λογισμῶν,
2482 391 2556 453 ὧν
2581 398 2800 453 διπλοῦν
2825 401 2940 453 ἐστι
2968 398 3032 452 τὸ
3061 397 3241 469 τάγμα
3259 416 3273 429 ο
3291 400 3438 469 οἱμὲν
3455 402 3642 475 γάρμοχ-

497 503 554 552 et
599 494 868 550 salutares
896 531 910 556 ,
961 507 1153 562 nempe
1201 491 1548 548 humanitas.
1601 491 1961 560 temperantia
2013 500 2068 547 et

497 585 884 640 communitas.
916 580 967 638 ls
1003 583 1184 652 itaque
1213 580 1373 648 cujus
1407 581 1591 634 omnia
1627 579 1887 634 interiora
1918 588 2066 635 recta

497 682 630 736 sunt
675 685 730 731 et
779 681 968 746 parata
1017 673 1084 730 ad
1135 672 1566 728 benedicendum
1618 673 1822 726 nomini
1875 679 2068 728 sancto

497 767 628 835 Dei,
672 768 918 824 interiori
960 782 1061 824 suo
1103 767 1300 821 aﬂ'ectu
1339 776 1489 820 reete
1522 765 1717 830 utitur,
1751 765 1821 819 ad
1855 766 2063 836 gratia-

497 876 622 916 rum
658 861 903 917 actiones
939 861 1045 916 Deo
1073 858 1343 930 agendas,
1395 866 1556 928 atque
1588 857 1769 912 omnia
1804 857 2065 911 interiora

498 969 599 1010 sua
633 960 953 1016 consecrat,
1003 965 1301 1021 omnesque
1351 952 1545 1005 anima:
1593 949 1826 1005 virtutes
1875 956 1930 1004 et
1969 963 2068 1004 co-

497 1044 791 1115 gitationes
823 1042 889 1096 ad
918 1042 1166 1096 divinum
1214 1042 1474 1114 hymnum
1520 1043 1778 1096 concitat.
1819 1041 1870 1096 ls
1917 1039 2064 1095 enim

496 1133 818 1194 ratiocinia,
854 1129 1219 1205 cogitationes
1239 1171 1268 1195 ,_
1303 1147 1604 1202 omnesque
1630 1131 1797 1186 animi
1837 1139 2021 1186 motus
2043 1169 2059 1196 ,

500 1230 664 1293 atque
710 1223 892 1280 varias
941 1225 1061 1294 ejus
1112 1225 1340 1277 virtutes
1389 1222 1620 1276 advocat
1652 1263 1667 1289 ,
1718 1223 1825 1276 vim
1868 1235 2065 1291 nempe

459 1375 462 1378 γ
498 1313 807 1389 cogitandi,
838 1315 1220 1379 discernendi,
1259 1315 1588 1384 respiciendi
1610 1353 1626 1379 ,
1661 1313 1890 1384 agendi,
1922 1312 2065 1367 ima-

497 1409 742 1476 ginandi,
790 1407 1146 1472 recordandi,
1182 1415 1236 1462 et
1267 1406 1404 1462 alias
1438 1425 1452 1461 :
1483 1421 1610 1460 nam
1642 1408 1828 1460 multae
1861 1405 1917 1459 in
1948 1404 2069 1458 ani-

495 1515 585 1554 ma
637 1501 866 1555 virtutes
924 1499 1170 1570 variique
1223 1506 1404 1553 motus
1459 1505 1608 1552 sunt.
1670 1495 1850 1564 Quare
1902 1495 2064 1550 modo

497 1599 782 1646 strenuum
821 1588 1098 1660 quidpiam
1132 1592 1471 1660 cogitamus,
1517 1587 1680 1642 modo
1719 1585 2069 1656 concupisci-

494 1697 654 1744 mus,
699 1696 824 1735 mox
862 1679 1215 1749 judicamus;
1263 1677 1559 1749 aliquando
1605 1677 1874 1748 quaepiam
1918 1677 2066 1732 desi-

2172 489 2326 561 θηροί
2349 491 2474 554 εἰσι,
2495 489 2662 558 φόνοι,
2696 492 2951 560 μοιχεῖαι,
2986 489 3181 541 κλοπαί
3200 506 3212 518 '
3243 492 3288 542 oi
3318 489 3370 542 δὲ
3397 491 3559 544 ἀστεῖοι
3580 496 3645 547 καὶ

2171 581 2462 652 σωτήριοι,
2509 580 2907 651 φιλανθρωπία,
2941 579 3275 651 σωφροσύνη,
3310 580 3366 632 τὸ
3389 586 3643 641 κοινωνικόν.

2168 667 2238 744 ᾯ
2264 674 2443 727 τοίνυν
2474 674 2648 726 πάντα
2670 673 2739 726 τὰ
2759 672 2906 736 ἐντὸς
2927 672 3278 742 κατώρθωται
3302 674 3373 735 είς
3399 674 3648 746 ἑτοιμότητα

2167 765 2261 820 τοῦ
2303 766 2542 835 εὐλογεῖν
2573 765 2634 818 τὸ
2671 764 2840 834 ὄνομα
2867 764 2960 818 τοῦ
2993 763 3128 816 Θεοῦ
3163 763 3222 815 τὸ
3245 763 3406 831 ἆγιον,
3435 760 3559 827 οὗτος
3577 784 3646 819 κα.

2167 859 2274 924 λῶς
2327 858 2855 930 συμπαραλαμϐάνει
2902 859 3001 928 τὴν
3054 856 3201 910 ἔνδον
3239 856 3458 910 διάθεσιν
3495 861 3556 921 εἰς
3584 859 3650 929 τὴν

2167 950 2259 1004 τοῦ
2292 949 2426 1003 Θεοῦ
2462 950 2832 1021 εὐχαριστίαν,
2865 948 2961 1002 καὶ
2995 948 3178 1001 πάντα
3216 946 3282 1000 τὰ
3311 947 3446 1010 ἐντὸς
3474 947 3652 1020 καθιεροῖ

2168 1044 2263 1096 καὶ
2296 1043 2474 1107 πάσας
2513 1043 2610 1113 τῆς
2639 1042 2816 1113 ψυχῆς
2862 1041 2958 1104 τὰς
2998 1041 3275 1111 δυνάμεις,
3318 1039 3407 1092 καὶ
3434 1041 3655 1094 πάνταλο-

2167 1135 2362 1206 γισμὸν
2395 1137 2474 1199 εἰς
2497 1135 2586 1189 τὸν
2626 1135 2766 1189 θεῖον
2797 1133 2962 1204 ὕμνον
2993 1133 3269 1186 ἀνακινεῖ·
3304 1130 3442 1194 ἐντὸς
3461 1131 3550 1202 γὰρ
3570 1133 3656 1186 ἑκά-

2167 1227 2290 1281 λεσε
2320 1228 2447 1291 τοὺς
2468 1227 2763 1297 λογισμοὺς
2798 1224 2890 1278 καὶ
2917 1223 3014 1286 τὰς
3051 1223 3394 1293 ἐνθυμήσεις,
3433 1222 3512 1274 καὶ
3535 1221 3658 1274 πάντα

2167 1321 2267 1392 τῆς
2304 1320 2482 1391 ψυχῆς
2511 1319 2580 1372 τά
2614 1319 2886 1389 κινήματα
2913 1315 3128 1376 καὶτὰς
3155 1315 3434 1386 διαφόρους
3470 1315 3658 1384 δυνάμεις

2167 1414 2358 1484 αὐτῆς,
2385 1413 2484 1484 τὴν
2503 1411 2779 1482 νοητικὴν,
2797 1411 2894 1480 τὴν
2910 1406 3276 1477 διανοητικὴν,
3289 1407 3385 1476 τὴν
3415 1405 3661 1476 βλεπτικὴν,

2165 1505 2264 1578 τὴν
2283 1501 2614 1576 ὁρμητικὴν,
2634 1502 2733 1573 τὴν
2753 1499 3140 1570 φανταστικὴν,
3166 1499 3263 1570 τὴν
3283 1498 3660 1569 μνημονευτικὴν,

2166 1599 2266 1661 τὰς
2307 1595 2503 1668 ἑτέρας
2521 1611 2534 1626 ⁸
2569 1594 2760 1647 πολλαὶ
2787 1591 2895 1662 γὰρ
2926 1592 3181 1663 δυνάμεις
3209 1592 3305 1644 καὶ
3329 1589 3538 1660 διάφορα
3561 1592 3666 1660 κινή-

2171 1707 2318 1762 ματα
2350 1691 2407 1742 ὲν
2421 1691 2487 1760 τῇ
2519 1686 2663 1758 ψυχῇ
2684 1703 2699 1716 ο
2730 1686 2849 1739 καθ’
2876 1684 2912 1740 ἃ
2944 1685 3074 1738 ποτὲ
3101 1683 3198 1755 μὲν
3236 1682 3504 1735 σπουδαῖόν
3527 1698 3570 1734 τι
3591 1681 3666 1733 διε.

495 1771 771 1835 deramus,
809 1769 1102 1841 aliquando
1135 1784 1496 1836 aversamur;
1549 1783 1612 1823 ac
1646 1783 1867 1824 rursum
1904 1768 2066 1822 modo

2169 1757 2610 1852 νοούμεθαζέεοτε
2642 1779 2699 1832 δὲ
2733 1775 3128 1848 ἐπιθυμοῦμεν,
3166 1765 3299 1828 ποτέ
3341 1773 3396 1826 δὲ
3438 1771 3667 1842 ἐπιθυμοὺ-

493 1861 678 1933 aliquo
741 1862 1056 1930 tendimus,
1115 1861 1278 1917 modo
1333 1861 1719 1929 declinamus;
1785 1860 2066 1934 interdum

493 1957 678 2011 maesti
720 1971 940 2023 sumus,
993 1963 1183 2027 postea
1223 1967 1356 2008 vero
1405 1954 1620 2025 pacati,
1662 1953 1771 2008 laeti
1812 1963 1867 2009 et
1915 1962 2068 2006 tran-

491 2049 669 2120 quilli.
718 2047 921 2104 Omnes
960 2049 1144 2119 itaque
1181 2045 1499 2117 hujusmodi
1539 2045 1734 2100 animat
1775 2044 2064 2100 facultates

493 2137 715 2193 divinus
756 2136 995 2208 Spiritus
1037 2137 1287 2191 hortatur
1328 2143 1388 2191 ut
1435 2136 1765 2192 benedicant
1808 2135 2060 2191 Domino.

491 2233 648 2298 Quod
683 2232 728 2286 si
763 2231 852 2285 cui
897 2233 1161 2302 corporeo
1203 2245 1355 2284 more
1393 2229 1604 2285 dictum
1649 2229 1903 2299 excipere
1945 2229 2065 2282 ani-

491 2341 617 2382 mus
651 2326 757 2390 sit,
787 2324 970 2390 dicat,
1012 2324 1142 2394 quia
1181 2324 1371 2379 omnia
1411 2323 1658 2393 corporis
1708 2323 1883 2378 nostri
1927 2321 2067 2378 inte-

491 2419 641 2473 riora
669 2424 724 2471 et
749 2416 965 2472 viscera
1004 2409 1440 2486 profundissima
1480 2413 1574 2469 Dei
1618 2415 1887 2484 sapientia
1931 2428 2066 2468 con-

492 2509 714 2563 cinnata
736 2515 865 2564 sunt
891 2550 906 2572 ,
940 2508 1016 2561 ita
1044 2516 1101 2562 ut
1130 2507 1323 2562 inutile
1353 2506 1491 2560 nihil
1515 2506 1572 2560 in
1597 2506 1755 2562 nobis
1777 2504 1881 2568 sit,
1903 2513 2064 2573 atque

492 2601 586 2657 illa
619 2600 864 2657 omnium
897 2607 1086 2655 mutua
1120 2598 1419 2654 concordia
1447 2605 1500 2653 et
1529 2611 1835 2653 consensus
1871 2596 1938 2650 ad
1969 2596 2064 2651 Dei

490 2693 709 2748 laudem
741 2699 796 2749 et
828 2690 1266 2748 benedictionem
1299 2689 1588 2746 conferat:
1619 2689 1746 2759 jure
1781 2690 1886 2744 ista
1927 2704 2066 2758 quo-

490 2801 599 2856 que
627 2784 698 2840 ad
728 2783 847 2841 Deo.
868 2781 1303 2840 benedicendum
1333 2782 1574 2839 evocari.
1624 2781 1681 2837 Si
1723 2783 1909 2853 itaque
1940 2783 2064 2837 ani-

490 2890 638 2931 mam
669 2876 844 2946 ipsam
873 2889 1139 2947 corporeo
1167 2889 1322 2930 more
1357 2888 1538 2929 sermo
1573 2872 1776 2944 eilingit
1799 2914 1814 2938 ,
1847 2883 1901 2928 et
1944 2889 2068 2928 cor-

449 2982 691 3040 .poreas
744 2980 926 3038 partes
984 2968 1039 3022 in
1095 2981 1159 3023 ea
1213 2966 1464 3037 partibus
1522 2973 1744 3021 carente
1802 2966 2062 3036 reponit;

490 3071 678 3131 partes
703 3061 995 3117 attributas
1038 3061 1268 3124 animae,
1317 3075 1440 3130 quae
1490 3075 1622 3115 sane
1663 3059 1720 3113 in
1761 3067 1944 3129 partes
1983 3058 2067 3113 di-

489 3152 723 3210 visibilis
755 3167 864 3208 non
893 3159 1012 3217 est,
1049 3151 1158 3206 alio
1198 3152 1308 3205 ritu
1351 3151 1753 3221 cogitabimus;
1791 3159 2066 3219 caputque

489 3243 737 3300 dicemus
761 3282 776 3309 ,
808 3254 1042 3299 mentem
1069 3263 1084 3312 ;
1116 3243 1316 3299 collum
1349 3243 1694 3312 opinionem,
1728 3249 1916 3312 utpote
1950 3256 2070 3311 qua:

497 3351 599 3391 ceu
642 3335 965 3390 intermedia
995 3335 1068 3390 sit
1113 3335 1256 3389 inter
1301 3335 1626 3389 rationabile
1673 3341 1728 3388 et
1777 3333 2070 3388 irrationa-

496 3427 648 3496 bile;
700 3434 927 3498 pectus,
986 3427 1276 3491 animum;
1335 3437 1617 3491 ventrem,
1675 3426 2070 3495 concupiscen-

497 3522 628 3576 tiam
681 3539 697 3578 :
751 3521 944 3574 harum
1001 3519 1239 3589 partium
1271 3517 1588 3574 nominibus
1645 3532 1744 3573 ceu
1804 3518 2067 3572 virtutum

494 3611 836 3684 singularum
872 3611 1135 3683 symbolis
1169 3610 1279 3667 usi.

563 3875 731 3930 Vnus.
771 3875 904 3928 2-4.
946 3873 1214 3939 Benedic,
1263 3874 1446 3928 anima
1493 3889 1649 3938 mea,
1697 3872 1966 3938 Domino,
2019 3883 2069 3929 et

491 3964 602 4019 noli
632 3964 870 4018 oblivisci
913 3980 1091 4019 omnes
1135 3966 1504 4020 retributiones
1549 3965 1685 4034 ejus.
1737 3965 1842 4032 Qui
1884 3966 2066 4034 propi-

494 4059 657 4111 tiatur
685 4056 924 4110 omnibus
954 4057 1320 4127 iniquitatibus
1345 4058 1469 4124 tuis,
1492 4058 1581 4127 qui
1605 4067 1760 4111 sanat
1784 4074 1960 4112 omnes
1984 4059 2069 4110 in-

493 4146 774 4215 ﬁrmitates
803 4156 920 4199 tuas
946 4163 964 4201 :
995 4148 1084 4216 qui
1107 4146 1316 4200 redimit
1348 4147 1411 4201 de
1442 4148 1663 4201 interitu
1693 4148 1855 4202 vitam
1886 4158 2066 4216 tuam,

491 4238 581 4307 qui
611 4247 828 4292 coronat
861 4247 908 4293 te
937 4238 993 4292 in
1026 4237 1390 4293 misericordia
1415 4248 1467 4292 et
1497 4239 1946 4294 miserationibus.
1976 4239 2069 4294 Ha:

493 4338 622 4383 sunt
663 4330 1051 4385 retributiones
1103 4330 1259 4386 nobis
1305 4345 1336 4384 a
1386 4333 1492 4386 Deo
1533 4346 1850 4387 concessae:
1880 4331 2067 4386 Primo

2170 1871 2316 1944 μεθα
2337 1871 2434 1944 (1),
2468 1870 2598 1924 ποτὲ
2616 1869 2674 1922 δὲ
2698 1869 2983 1941 κρίνομεν·
3013 1868 3108 1920 καὶ
3125 1865 3317 1920 ἄλλοτε
3348 1864 3441 1933 μὲν
3470 1861 3670 1933 ἐφιέμεθά

2168 1984 2346 2031 τινων,
2377 1966 2561 2022 ἄλλοτε
2606 1965 2663 2018 δὲ
2691 1959 3147 2034 ἀποστρεφόμεθα
3167 1976 3182 1991 ο
3226 1958 3325 2012 καὶ
3351 1956 3498 2012 πάλιν
3533 1957 3669 2011 ἀλλωε

2171 2060 2272 2129 μὲν
2327 2056 2619 2128 ὁρμῶμεν,
2670 2053 2858 2108 ἄλλοτε
2916 2051 2973 2104 δὲ
3039 2048 3362 2119 ὲκκλίνομεν
3392 2089 3407 2113 ,
3461 2045 3541 2099 καὶ
3580 2045 3672 2098 ποτὲ

2170 2151 2267 2222 μὲν
2311 2147 2630 2218 διακείμεθα
2677 2141 2970 2215 λυπηρῶς,
3016 2140 3148 2195 ποτὲ
3192 2140 3251 2193 δὲ
3301 2139 3529 2210 εὐμενεῖς
3556 2138 3672 2207 ἐσμεν

2167 2245 2260 2298 καὶ
2311 2241 2525 2312 φαιδροὶ
2568 2238 2662 2294 καὶ
2713 2236 3004 2306 ἀνειμένοι.
3070 2235 3261 2298 Πάσας
3321 2228 3411 2286 οῦν
3455 2229 3570 2300 ὁμοῦ
3607 2229 3674 2290 τὰς

2167 2329 2419 2393 τοιαύτας
2472 2328 2568 2399 τῆς
2616 2325 2794 2396 ψυχῆς
2842 2325 3098 2394 δυνάμεις
3143 2323 3442 2394 προτρέπει
3484 2321 3535 2374 τὺ
3577 2319 3674 2373 θεῖεν

2167 2423 2389 2494 Πνεῦμα
2461 2421 2700 2490 εὐλογεῖν
2778 2419 2870 2472 τὸν
2940 2418 3164 2489 Κύριον.
3249 2417 3314 2469 Ei
3374 2415 3428 2469 δὲ
3479 2415 3559 2468 καὶ
3606 2430 3675 2465 σω-

2171 2513 2536 2586 ματικώτερον
2565 2511 2848 2583 βουληθείη
2878 2528 2960 2574 τις
3005 2509 3257 2564 ἐκλαϐεῖν
3278 2509 3370 2561 τὶν
3398 2507 3556 2576 λόγον,
3578 2503 3675 2557 sirm

2168 2609 2255 2671 ἂν,
2290 2607 2477 2678 ἐπειδὴ
2518 2607 2611 2660 καὶ
2637 2605 2730 2658 τοῦ
2757 2604 3007 2674 σώματος
3037 2601 3130 2655 τοῦ
3161 2601 3432 2672 ἡμετέρου
3463 2599 3609 2651 πάντα
3629 2597 3674 2648 τὰ

2167 2699 2314 2762 ἐντὸς
2339 2698 2548 2767 ἔγκατὰ
2579 2714 2638 2750 τε
2667 2698 2762 2750 καὶ
2793 2696 3073 2766 σπλάγχνα
3103 2693 3380 2767 βαθυτάτῃ
3410 2691 3532 2746 Θεοῦ
3565 2691 3677 2759 mia

2168 2789 2635 2854 κατεσκεύασται,
2683 2790 2758 2852 ὡς
2809 2789 2973 2860 μηδὲν
3018 2789 3294 2858 ἄχρηστον
3345 2782 3477 2839 εἶναι
3512 2783 3600 2836 τῶν
3639 2783 3675 2832 ὲν

2167 2883 2319 2953 ἡμῖν,
2347 2881 2748 2954 συμϐάλλεσθαι
2775 2881 2831 2933 δὲ
2858 2883 2924 2951 τῇ
2952 2879 3045 2932 τοῦ
3077 2877 3209 2932 Θεοῦ
3243 2875 3514 2947 δοξολογῐσ.
3547 2891 3592 2926 τε
3614 2871 3676 2925 καὶ

2168 2975 2386 3044 εὐλογίᾳ
2429 2975 2528 3044 τὴν
2575 2973 2710 3044 ὁμοῦ
2747 2973 2961 3025 πάντων
3004 2972 3138 3042 πρὸς
3175 2969 3384 3042 ἄλληλα
3431 2966 3676 3038 συμφωνίαν

2165 3081 2225 3117 τε
2260 3064 2353 3116 καὶ
2405 3063 2690 3135 ἁρμονίαν,
2741 3063 2962 3124 εἰκότως
3011 3062 3102 3114 καὶ
3148 3060 3327 3113 ταῦτα
3374 3059 3464 3112 ἐπὶ
3499 3057 3580 3127 τὴν
3615 3051 3676 3106 τοῦ

2170 3155 2304 3209 Θεοῦ
2332 3155 2580 3223 εὐλογίαν
2609 3155 2890 3225 κέκληται.
2924 3153 2987 3206 Εἰ
3017 3153 3197 3223 μέντοι
3232 3152 3336 3224 τὴν
3366 3151 3530 3220 ψυχὴν
3559 3146 3678 3214 αὐτὴν

2173 3247 2546 3320 σωματοειδιῖκ
2591 3249 2620 3300 ό
2656 3246 2811 3315 λόγος
2852 3245 3098 3310 πλάττει,
3129 3245 3224 3298 καὶ
3268 3245 3408 3316 μέρη
3452 3237 3675 3311 σωματικὰ

2169 3341 2233 3409 τῇ
2270 3338 2464 3408 ἀμερεῖ
2511 3334 2886 3406 -περιπλάττει,
2937 3335 3139 3405 ἑτέρως
3179 3336 3448 3404 νοήσομεν
3486 3333 3560 3384 ἐπ’
3585 3329 3676 3394 αὐτῇ

2169 3430 2238 3483 τὰ
2266 3428 2654 3500 περιτιθέμενα
2698 3427 2837 3498 μέρη
2879 3428 2946 3499 τῇ
2980 3425 3213 3497 ἀμερείᾳ
3255 3428 3325 3495 τῇ
3365 3423 3498 3478 κατὰ
3533 3420 3677 3491 ψυχὴν,

2169 3517 2384 3580 οἰκείως
2427 3516 2668 3586 κεφαλὴν
2715 3517 2812 3587 μὲν
2839 3515 2930 3568 τὸν
2955 3515 3103 3580 νοῦν,
3146 3516 3354 3584 αὐχένα
3379 3514 3434 3567 δὲ
3463 3513 3549 3584 τὴν
3572 3511 3680 3574 δόξαν

2170 3609 2246 3673 ὡς
2276 3611 2334 3662 ἐν
2370 3609 2521 3679 μέσῳ
2550 3607 2768 3678 λογικοῦ
2804 3608 2898 3660 καὶ
2929 3606 3124 3676 ἀλόγου
3149 3623 3164 3638 ·
3202 3607 3403 3679 στῆθος
3433 3607 3515 3660 τὸν
3542 3603 3679 3674 θυμὸν,

2170 3701 2410 3772 γαστέρα
2431 3701 2526 3772 τὴν
2573 3699 2899 3771 ἐπιθυμίαν,
2947 3702 3060 3763 τοῖς
3109 3697 3218 3752 τῶν
3279 3698 3462 3772 μερῶν
3515 3696 3679 3766 ὀνόμασι

2172 3793 2456 3866 συμϐόλοις
2487 3792 2594 3846 τῶν
2615 3793 2896 3864 δυνάμεων
2919 3791 3208 3864 χρώμενοι.

2234 3885 2508 3954 Εῠλότει,
2564 3886 2604 3954 ἡ
2645 3883 2815 3954 ψυχή
2867 3903 3008 3954 μου,
3058 3884 3166 3938 τὸν
3212 3885 3467 3953 Κύριον,
3517 3880 3598 3934 καὶ
3621 3875 3678 3945 μὴ

2169 3976 2573 4031 ἐπιλανθάνου
2605 3977 2712 4042 τὰς
2757 3976 3198 4043 ἀνταποδόσεις
3240 3977 3452 4032 αὑτοῦ.
3484 3972 3579 4029 Τὸν
3606 3971 3679 4022 εὑτ-

2169 4071 2500 4125 datadarth
2535 4069 2762 4135 πάσαις
2795 4067 2926 4134 ταῖς
2962 4069 3237 4138 ἁνομίαις
3268 4085 3408 4132 σου,
3441 4065 3536 4119 τὸν
3565 4061 3678 4128 ἰώμε-

2168 4178 2280 4216 νον
2306 4161 2510 4227 πάσας
2542 4164 2651 4226 τὰς
2688 4161 2913 4227 νόσους
2933 4174 3069 4226 σου,
3107 4160 3214 4214 τὸν
3245 4159 3618 4228 λυτρούμενοι·
3635 4151 3679 4203 ἐκ

2170 4250 2394 4320 φθορᾶς
2436 4251 2552 4320 τὴν
2595 4250 2748 4320 ζωήν
2781 4269 2920 4318 σου,
2945 4252 3055 4306 τὸν
3096 4249 3513 4320 στεφανοῦντά
3544 4264 3601 4302 σε
3632 4244 3678 4296 ἐγ

2169 4341 2320 4396 ἐλέει
2354 4342 2453 4395 καὶ
2484 4344 2822 4413 οὶκτιρμοῗς.
2841 4338 3008 4398 Αῦταί
3029 4346 3166 4398 εἰσιν
3190 4345 3244 4396 αἱ
3289 4344 3418 4415 περὶ
3447 4342 3572 4412 ἡμᾶς
3597 4337 3679 4390 ἀντ’

492 4422 934 4493 propitiationem
963 4422 1148 4494 posuit
1177 4439 1276 4494 pro
1313 4424 1556 4494 peccatis
1586 4427 1794 4480 nostris
1813 4465 1829 4492 ,
1859 4440 1980 4495 quae
2011 4425 2066 4480 in

2171 4433 2458 4501 anoodost;
2508 4433 2604 4487 τοῦ
2642 4433 2814 4487 Θεοῦ’
2867 4434 3091 4506 Πρῶτον
3139 4435 3370 4506 ἱλασμὸν
3432 4426 3679 4486 ἔθεικετῶν

493 4528 681 4568 errore
726 4521 782 4569 et
831 4514 1142 4569 idololatria
1181 4514 1550 4571 admisimus:
1596 4516 1937 4587 singulisque
1975 4530 2072 4570 eo-

494 4616 616 4657 rum
643 4603 913 4674 propitius
938 4605 1028 4659 ille
1053 4604 1186 4670 fuit,
1215 4605 1668 4675 supplicationem
1701 4615 2031 4676 praevertens
2049 4643 2069 4670 ,

494 4695 818 4765 veniamque
843 4695 1092 4750 tribuens
1121 4710 1217 4766 per
1238 4697 1681 4767 propitiationem
1721 4711 1878 4754 suam
1898 4738 1913 4762 ,
1944 4713 2068 4770 quae

495 4791 582 4842 est
607 4786 902 4854 Christus;
933 4787 1208 4852 secundo,
1238 4789 1366 4858 quia
1411 4789 1577 4843 etiam
1618 4797 1742 4858 post
1789 4791 2071 4844 remissio-

494 4887 622 4929 nem
653 4879 735 4938 te,
767 4888 800 4928 o
830 4875 1041 4941 anima,
1089 4874 1358 4930 inﬁrmari
1397 4877 1656 4947 contigit,
1689 4879 1746 4933 in
1789 4879 2063 4936 humanos

499 4965 728 5022 allectus
777 4965 1100 5038 delapsam:
1149 4975 1204 5025 et
1254 4969 1353 5025 bas
1397 4971 1750 5040 tegritudines
1806 4972 2066 5029 Servator

496 5059 915 5115 rationabilibus
969 5070 1023 5114 et
1079 5061 1462 5132 spiritualibus
1510 5063 1803 5131 remediis,
1845 5082 1969 5136 quae
2011 5068 2066 5121 in

498 5153 701 5208 divinis
746 5154 868 5223 ejus
912 5153 1209 5226 Scripturis
1249 5154 1475 5210 fundata
1517 5167 1679 5223 sunt,
1715 5160 1966 5224 curavit;
1999 5160 2070 5215 ad

497 5243 614 5300 hac
663 5247 859 5312 tertio,
909 5247 1076 5300 vitam
1125 5253 1276 5303 tuam
1308 5289 1323 5311 ,
1377 5265 1496 5319 quae
1548 5250 1604 5304 in
1657 5251 2067 5320 corruptionem

499 5355 759 5403 cessura,
807 5349 863 5396 et
909 5357 939 5396 a
983 5350 1159 5398 morte
1202 5344 1548 5399 absorbenda
1597 5355 1713 5408 est,
1767 5345 2067 5408 secundum

497 5430 667 5496 illud,
699 5434 896 5487 Anima
928 5451 1044 5504 quis
1077 5438 1360 5505 peccaverit
1381 5477 1396 5502 ,
1432 5437 1549 5505 ipsa
1580 5437 1838 5490 morietur
1865 5437 1931 5500 ⁸⁸,
1970 5437 2070 5490 mi-

499 5524 814 5578 sericordiae
844 5540 958 5581 suae
988 5535 1413 5584 consentaneum
1443 5543 1558 5584 rem
1594 5543 1759 5601 agens
1783 5569 1797 5595 ,
1831 5544 1894 5584 ac
1930 5544 2071 5599 prae-

574 5633 619 5664 ”
656 5634 852 5690 Ezech.
889 5652 1053 5702 xvnl,
1085 5640 1138 5693 ι.

2171 4526 2456 4600 ἡμετέρων
2485 4528 2788 4602 ἁμαρτιῶν,
2818 4528 2883 4592 ἃς
2909 4529 2966 4584 ὲν
3002 4528 3178 4601 πλάνῃ
3211 4528 3310 4582 καὶ
3338 4519 3678 4593 εἰδωλολατρείᾳ

2164 4618 2613 4692 διεπραξάμεθαο
2665 4621 2759 4674 καὶ
2805 4620 2962 4684 ἵλεως
3009 4621 3211 4691 ἑκάστῃ
3261 4619 3465 4672 τούτων
3505 4616 3677 4684 ἐγένετο.

2173 4711 2460 4784 προλαϐὼν
2492 4714 2672 4766 πᾶσαν
2701 4713 2984 4784 ἱκετηρίαν
3019 4715 3114 4766 καὶ⁸
3144 4712 3242 4783 τὴν
3271 4712 3463 4781 ἄφεσιν
3501 4708 3599 4769 80-3;
3621 4701 3677 4754 διᾶ

2171 4802 2266 4856 τοῦ
2301 4803 2529 4874 ἱλασμοῦ
2573 4805 2759 4870 αὐτοῦ,
2795 4806 2854 4868 ὃς
2903 4807 3018 4858 ἐστι
3065 4805 3332 4876 Χριστός·
3383 4802 3602 4872 δεύτερον
3627 4796 3674 4848 ἃ.

2171 4894 2358 4966 ἐπειδὴ
2403 4896 2497 4948 καὶ
2529 4895 2666 4965 μετά
2707 4895 2806 4966 τὴν
2857 4895 3053 4965 ἄφεσιν
3104 4896 3303 4966 συνέϐη
3359 4913 3417 4948 σε
3468 4877 3674 4950 νοσεῖν,ὧ

2171 4988 2340 5058 ψυχὴ,
2374 4989 2811 5060 ύπολισθήσασαν
2838 4992 2952 5053 τοῖς
2990 4991 3351 5061 ἀνθρωπίνοις
3391 4988 3582 5048 πάθεσι,
3615 4980 3674 5034 καὶ

2172 5081 2375 5145 ταύτας
2446 5081 2545 5145 τὰς
2614 5081 2802 5146 νόσους
2871 5084 2901 5136 ὁ
2965 5083 3154 5154 Σωτὴρ
3209 5083 3304 5136 καὶ
3367 5079 3576 5150 λογικοῖς
3617 5068 3674 5124 καὶ

2176 5169 2463 5241 σωτηρίοις
2492 5171 2826 5242 φαρμάκοις,
2854 5175 2968 5235 τοῖς
2992 5174 3049 5226 ὲν
3074 5175 3191 5237 ταῖς
3224 5172 3394 5236 θείαις
3418 5166 3560 5223 αὐτοῦ
3580 5164 3674 5229 Γρα-

2175 5262 2302 5327 φαῖς
2333 5261 2845 5332 καταϐεϐλημένας,
2879 5262 3208 5332 ἐθεράπευσε
3233 5279 3247 5292 ·
3274 5261 3453 5331 τρίτον
3492 5255 3568 5310 ἐπὶ
3593 5247 3673 5304 τού·

2178 5368 2291 5414 τοις
2336 5350 2434 5421 τὴν
2480 5349 2626 5423 ζωήν
2677 5369 2769 5406 σου
2825 5352 3120 5423 μέλλουσαν
3172 5356 3367 5425 χωρεῖν
3399 5352 3472 5413 είς
3504 5340 3668 5416 φθοράν,

2179 5444 2273 5495 καὶ
2303 5442 2695 5498 καταπίνεσθαι
2719 5444 2824 5498 ὑπὸ
2871 5443 2965 5498 τοῦ
2998 5444 3250 5511 θανάτου,
3289 5444 3426 5500 κατά
3452 5443 3523 5504 τὸ,
3545 5429 3666 5501 “ﬁl

2177 5536 2217 5603 ἡ
2259 5534 2632 5604 άμαρτοῦσα,
2684 5536 2836 5605 αὐτὴ
2896 5537 3294 5608 ἀποθανεῖται,
3356 5531 3586 5592 ἀκόλουθα
3618 5521 3667 5592 τῷ

575 5726 650 5797 (1)
702 5731 1194 5803 Ἑπιθυμοῦμεν...
1223 5738 1680 5806 ἐπιθυμουμεθα.
1719 5739 2055 5794 Alterutrum

2169 5739 2390 5796 [undare
2425 5740 2654 5798 videtur.
2688 5739 2843 5797 Eutr.
2887 5740 3128 5796 Punon.
