3868 6282
189 350 334 407 {255

1274 346 1779 403 COMMENTARIA
1815 345 1884 401 IN
1922 343 2261 401 PSALMOS.

3300 347 3437 403 19.ὅῦ

200 462 364 520 αὐτοῦ
394 459 651 533 πράττων
693 459 848 530 ἐλέῳ,
895 458 1066 530 λύτρα
1094 459 1217 522 δοὺς
1249 459 1390 530 ὑπὲρ
1425 458 1518 512 σοῦ
1558 457 1635 530 τῷ
1673 457 1768 512 θα-

1892 459 2041 512 nium
2073 473 2172 528 pro
2203 465 2256 510 te
2290 453 2452 509 morti
2487 457 2807 527 sanguinem
2832 457 3108 530 Unigeniti
3155 458 3437 526 tribuens,

196 556 341 624 νάτῳ
364 553 424 606 τὸ
440 553 532 606 τοῦ
551 550 886 620 Μονογενοῦς
908 547 1065 621 αἷμα,
1096 550 1218 607 ὲλυτ
1229 549 1439 622 ρὼσατο
1455 567 1470 580 ’
1488 551 1767 622 τέταρτον,

192 645 367 714 οίκείᾳ
401 641 781 714 φιλανθρωπίᾳ
823 640 916 694 καὶ
949 640 1084 694 ἐλέει
1111 640 1207 694 καὶ
1232 642 1535 712 οίκτιρμοϊς
1554 639 1773 712 χρώμε-

192 754 298 799 νος,
334 735 456 787 ἐπεὶ
485 734 544 798 ἐξ
583 734 759 806 ἔργων
787 733 961 797 οὐδεὶς
993 733 1318 797 δικαιοῦται,
1345 733 1687 802 ἐστεφάνωσέ
1712 749 1772 786 σε

190 825 268 898 τῷ
297 826 395 897 τῆς
427 824 699 887 υἱοθεσίας
738 823 1056 896 χαρίσματι.
1106 825 1216 878 Καὶ
1265 824 1454 886 ἁπλῶς
1495 818 1649 888 οὗτός
1689 841 1770 878 σοι

190 921 488 992 δεδώρηται
531 919 640 972 τῶν
673 919 1083 990 ἁμαρτημάτων
1113 918 1210 991 τὴν
1241 919 1456 988 ἄφεσιν,
1489 908 1645 981 οὗτός
1689 935 1772 971 σοι

192 1013 494 1085 δεδώρηται
533 1011 642 1065 τῶν
692 1010 879 1065 παθῶν
918 1011 1016 1083 τὴν
1065 1010 1230 1076 ἴασιν,
1276 1009 1376 1082 τῆς
1424 1011 1773 1074 ἀναστάσεως

192 1106 292 1176 τὴν
317 1104 534 1168 ἐλπίδα,
574 1103 666 1158 τὸν
695 1102 992 1175 ἀρραϐῶνα
1023 1101 1118 1156 τοῦ
1161 1101 1499 1174 Πνεύματος,
1543 1104 1637 1156 καὶ
1683 1101 1774 1156 τὸν

191 1197 293 1266 τῆς
319 1194 622 1265 ἀφθαρσίας
666 1195 868 1265 χιτῶνα
895 1194 1130 1259 ἐνέδυσε,
1174 1195 1269 1249 καὶ
1315 1195 1497 1267 χάριτι
1543 1194 1781 1252 σέσωκε..

189 1288 430 1355 Χάριτος
481 1287 590 1358 γὰρ
642 1289 736 1340 καὶ
783 1285 1194 1358 φιλανθρωπίας
1244 1287 1274 1339 ό
1326 1287 1610 1357 στέφανος.
1665 1287 1776 1341 Καὶ

190 1380 372 1435 ταῦτα
401 1380 578 1433 πάντα
611 1379 735 1433 ἕδνα
765 1379 859 1432 τοῦ
887 1378 1119 1450 νυμφίου
1155 1381 1249 1432 καὶ
1269 1380 1446 1451 δῶρα’
1466 1378 1776 1450 πίστινιγάρ

191 1473 224 1542 ή
254 1471 448 1542 νύμφη
477 1471 843 1541 προσενήνοχε
900 1471 1079 1542 μόνον.
1099 1473 1174 1526 Οὐ
1203 1472 1363 1543 μόνον
1396 1471 1474 1536 δὲ,
1509 1470 1647 1525 ἀλλά
1684 1473 1778 1526 καὶ

189 1560 581 1632 πνευματικῶν
627 1561 850 1629 ἀγαθῶν
901 1578 960 1634 σε
1002 1561 1384 1632 ὲνέπλησεν,ἢ
1433 1561 1535 1615 καὶ.
1573 1561 1672 1633 τὴν
1719 1563 1777 1615 ὲν

188 1653 421 1722 ἀγαθοῖς
458 1652 752 1724 ἐπιθυμίαν
785 1670 878 1707 σου
910 1652 1244 1725 ἐπλήρωσεν,
1280 1654 1340 1718 ὃς
1360 1655 1456 1726 τήν
1479 1672 1545 1723 γε
1566 1654 1777 1726 ψυκτὴν

188 1744 376 1814 ψυχὴν
403 1742 758 1814 ἀπαγορεύει,
778 1743 966 1813 δίδωσι
991 1744 1048 1796 δὲ
1075 1743 1257 1812 ἀγαθά
1281 1745 1394 1808 τοῖς
1420 1744 1660 1800 αἰτοῦσιν
1681 1746 1750 1800 αὐ

186 1833 306 1888 τόν.
342 1833 406 1885 Et
437 1832 493 1886 δὲ
540 1831 716 1903 βούλει
749 1832 889 1887 κατά
920 1833 1118 1887 ταύτὸν
1153 1833 1279 1887 ίδεῖν
1331 1833 1631 1906 παθήματα
1684 1837 1780 1888 καὶ

186 1927 572 1998 ἁμαρτήματα
615 1925 869 1995 λυόμενα,
901 1924 1046 1996 ἔχεις
1081 1925 1172 1978 τὸν
1200 1926 1506 1998 παράλυτον
1559 1927 1661 1998 τῆς
1701 1928 1782 1980 δι-

187 2018 340 2090 πλῆς
381 2017 588 2089 ταύτης
640 2017 1026 2072 ἀπολαύσαντα
1077 2019 1301 2090 χάριτος
1329 2036 1344 2050 ·
1401 2021 1600 2091 ἢκουσε
1647 2019 1777 2091 γὰρ,

200 2108 526 2178 Ἀφέωνταί
557 2125 657 2164 σοι
687 2121 744 2164 at
792 2111 1069 2180 ἁμαρτίαι
1105 2126 1244 2178 σου,
1304 2113 1416 2178 καὶ,
1446 2109 1625 2182 Ἆρον
1675 2113 1782 2168 τὸν

188 2201 534 2270 κράϐϐατόν
560 2220 677 2258 σου
699 2221 712 2234 ·
742 2204 917 2269 οὕτως
947 2207 979 2276 ή
1009 2205 1329 2278 ἁμαρτωλὸς
1358 2205 1494 2277 γυνὴ
1516 2206 1782 2278 τετύχηκε

187 2291 295 2363 τῆς
335 2292 605 2362 ἀφέσεως,
643 2295 673 2350 ὁ
701 2294 926 2369 λῃστὴς,
956 2298 1007 2352 oi
1029 2298 1281 2363 τελῶναι,
1316 2297 1505 2362 ἁπλῶς
1545 2299 1782 2366 ἅπαντες

185 2383 239 2438 oi
270 2384 688 2450 πιστεύσαντες.

266 2475 388 2530 Τὸν
409 2475 840 2547 ἑμπιμπλῶντα
885 2477 956 2533 ἐν
1009 2479 1253 2548 ἀγαθοῖς
1306 2481 1423 2550 τὴν
1467 2483 1798 2554 ἐπιθυμίαν-

188 2584 339 2634 σου,
372 2569 944 2636 ἀνακαινισθήσεται
985 2571 1068 2639 ὡς
1101 2573 1278 2628 ἀετοῦ
1315 2576 1354 2642 ὴ
1387 2579 1599 2644 νεότης
1630 2593 1780 2631 σου⁹

190 2658 344 2714 ὥστε
371 2660 813 2724 ἀνακαινίζεσθαι
837 2663 1010 2735 αὐτὴν
1050 2663 1144 2718 τὸν
1176 2665 1404 2719 παλαιὸν
1439 2667 1784 2739 ἀποθεμένην

189 2751 509 2823 ἄνθρωπον,
548 2752 641 2807 τὸν
672 2753 729 2808 δὲ
752 2754 892 2819 νέον,
919 2753 1012 2809 τὸν
1054 2756 1510 2829 ἀνακαινούμενον
1551 2761 1631 2822 είς
1667 2760 1785 2813 ἐπί-

190 2860 405 2914 γνωσιν
435 2844 530 2898 τοῦ
557 2845 841 2910 κτίσαντος
869 2846 1050 2912 αὐτὸν,
1087 2848 1488 2919 λαμϐάνουσαν.
1527 2850 1683 2905 Οὕτω
1706 2851 1782 2918 δὲ,

191 2935 393 3006 φησιν,
435 2938 470 3008 ἡ
511 2936 702 3009 νεότης
759 2955 854 2991 σου
886 2939 1425 3009 ἀνακαινισθήσεται,
1457 2940 1532 3004 ὡς
1589 2943 1784 3013 μηκέτι

193 3025 588 3091 παλαιοῦσθαι,
622 3028 756 3099 μηδὲ
797 3030 878 3093 είς
929 3029 1138 3102 φθορὰν
1166 3027 1322 3094 αὖθις
1358 3034 1575 3103 χωρεῖν,
1611 3034 1698 3087 ἀεὶ
1728 3033 1797 3087 δὲ’-

193 3118 544 3192 παραμένειν
574 3120 633 3174 ἐν
656 3119 733 3191 τῷ
751 3119 966 3184 νεάζειν
1006 3123 1064 3175 ὲν
1094 3125 1161 3194 τῇ
1194 3123 1456 3195 ἀφθάρτῳ
1482 3123 1614 3195 ζωῇ.
1635 3125 1786 3178 Ἐπεὶ
1813 3158 1856 3215 c

191 3210 256 3263 δὲ
290 3211 322 3264 ὁ
350 3209 509 3273 ἀετὸς
541 3209 651 3264 τῶν
674 3211 876 3283 ὀρνέων
902 3212 1020 3265 ἐστὶ
1049 3213 1491 3282 βασιλικώτατον,
1523 3215 1660 3270 ἀλλὰ
1691 3217 1785 3272 καί⁸

195 3302 659 3374 ὑψιπετέστατος,
692 3303 852 3375 μόνος
877 3304 935 3358 δὲ
963 3303 1118 3370 ζώων
1153 3305 1303 3377 ἡλίου
1351 3308 1530 3375 φωτὸς
1571 3325 1787 3381 μαρμα-

197 3395 404 3466 ρυγαῖς
435 3393 702 3448 ἀντωπεῖν
727 3395 971 3460 δυνατὸς,
1003 3397 1096 3450 καὶ
1140 3398 1326 3461 ἀτενὲς
1367 3399 1578 3470 άφορᾷν
1613 3399 1784 3471 αὐτῷ,

195 3487 434 3549 ε-ίκότως
463 3486 564 3557 τὴν
594 3486 891 3542 ἀνανέωσιν
927 3490 1028 3560 τῆς
1064 3489 1262 3560 ψυχῆς,
1295 3492 1387 3544 καὶ
1415 3492 1514 3562 τὴν
1540 3493 1648 3545 ἀπὸ
1686 3493 1790 3564 γῆς

198 3579 289 3641 εἰς
314 3576 542 3648 οὐρανὸν
569 3578 799 3648 πτῆσιν,
821 3579 916 3632 καὶ
942 3579 1033 3633 τὸν
1063 3579 1176 3650 βίον
1208 3581 1378 3651 αὐτῆς
1418 3581 1510 3635 τὸν
1546 3584 1603 3638 ὲν
1636 3583 1791 3657 ἄκρῳ

199 3667 352 3738 φωτὶ
385 3669 767 3738 γενησόμενον,
796 3668 957 3723 ἀετοῦ
991 3670 1151 3738 φύσει
1185 3671 1480 3743 παρέϐαλε.

279 3755 478 3811 Ποιῶν
513 3759 928 3827 ἐλεημοσύνας
956 3762 989 3814 ό
1016 3760 1264 3826 Κύριος,
1285 3761 1385 3814 καί
1421 3762 1604 3831 κρίμα
1640 3761 1794 3819 πᾶσι

201 3847 339 3916 τοῖς
366 3849 1109 3921 ἀδικουμένοις,λέτνώρισε
1135 3851 1243 3918 τὰς
1269 3852 1448 3918 ὀδοὺς
1499 3854 1686 3908 αὐτοῦ
1710 3854 1791 3920 τῷ

201 3940 424 4009 Mucii,
473 3941 600 4009 τοῖς
641 3941 794 4008 υἱοῖς
849 3942 1086 4013 Ἰσραὴλ
1130 3945 1204 3998 τὰ
1252 3944 1552 4013 θελήματα
1583 3945 1792 4001 αὐτοῦ.

219 4033 324 4086 Ἐκ
366 4035 465 4105 τῆς
508 4034 677 4105 αὐτῆς
721 4035 778 4088 δὲ
816 4034 1057 4099 Μωσέως
1103 4037 1324 4108 Γραφῆς
1374 4036 1593 4111 μαθήσῃ
1635 4038 1794 4092 ὁποῖα

206 4123 464 4196 κρίματα
493 4125 734 4195 παρέσχε
779 4127 892 4188 τοῖς
932 4125 1303 4197 ἀδικουμένοις
1321 4142 1333 4156 ·
1374 4126 1552 4198 κρίσει
1580 4128 1689 4198 γὰρ
1719 4128 1797 4182 δι-

206 4213 351 4286 καίᾳ
403 4215 636 4286 μετῆλθε
678 4215 806 4278 τοὺς
849 4216 1198 4284 Αἰγυπτίους,
1247 4217 1482 4287 πληγαῖς
1516 4217 1797 4288 θεηλάτοις

208 4307 456 4372 κολάσας
501 4307 699 4371 αὐτοὺς
747 4308 887 4378 ὑπὲρ
921 4308 1032 4360 τῶν
1073 4308 1254 4362 αὐτῶν
1283 4309 1628 4381 ἠδικημένων
1664 4311 1798 4366 υίῶν

223 4398 466 4470 Ἰσραήλ.
533 4397 857 4466 Οίκτίρμων
897 4396 996 4451 καὶ
1035 4397 1304 4467 ἐλεήμων
1333 4402 1365 4452 ὁ
1402 4400 1638 4467 Κύριος,
1680 4416 1796 4470 μα-

1873 549 2125 605 liberavit
2149 566 2164 615 ;
2193 555 2390 617 quarto
2409 587 2424 612 ,
2455 547 2676 618 propria
2704 550 2991 604 clementia
3013 590 3028 616 ,
3061 544 3440 606 misericordia

1874 650 1930 698 et
1959 641 2404 698 miserationibus
2433 655 2590 705 usus,
2625 642 2755 710 quia
2785 658 2947 696 nemo
2977 659 3044 698 ex
3075 644 3443 714 operibusjud

1875 733 2167 798 stiﬁcatur,
2201 733 2512 804 adoptionis
2540 741 2593 788 te
2622 733 2800 804 gratia
2830 736 3136 791 coronavit.
3189 735 3248 790 In
3292 752 3442 791 sum-

1871 841 1982 889 ma,
2029 825 2119 880 hic
2161 835 2215 880 te
2261 831 2609 895 peccatorum
2636 823 2796 878 venia
2831 825 3082 893 donavit,
3126 830 3442 885 morborum

1875 919 2042 975 animi
2073 919 2338 974 medelam
2370 918 2595 984 tribuit,
2630 933 2842 974 necnon
2885 935 3037 990 spem
3082 925 3444 979 resurrectio-

1873 1013 1996 1077 nis,
2047 1013 2243 1083 pignus
2285 1009 2560 1082 Spiritus:
2607 1025 2672 1066 ac
2715 1017 2770 1068 te
2811 1011 3242 1084 incorruptionis
3294 1024 3446 1071 veste

1876 1104 2090 1169 induit,
2122 1104 2294 1176 gratia
2325 1117 2426 1158 sua
2453 1103 2664 1158 salvum
2698 1102 2848 1158 fecit.
2881 1102 3016 1158 Nam
3051 1107 3238 1175 gratiae
3263 1113 3316 1161 et
3342 1107 3448 1161 cle-

1876 1197 2093 1252 mentiae
2143 1210 2347 1250 corona
2402 1203 2508 1252 est.
2567 1193 2744 1265 Atque
2799 1196 2914 1251 haec
2968 1196 3187 1263 omnia,
3243 1197 3448 1254 dotalia

1877 1289 2064 1360 sponsi
2093 1303 2319 1345 munera
2353 1295 2408 1344 et
2434 1287 2578 1344 dona
2607 1295 2737 1342 sunt
2763 1306 2775 1342 :
2809 1303 3013 1357 sponsa
3044 1289 3246 1360 quippe
3275 1291 3447 1346 solam

1881 1381 2040 1435 (Idem
2079 1380 2294 1436 obtulit.
2339 1378 2527 1452 Neque
2563 1380 2738 1434 solum
2775 1380 2885 1436 illis
2911 1419 2928 1444 ,
2961 1381 3057 1438 sed
3089 1382 3251 1436 etiam
3283 1382 3448 1452 spiri-

1877 1472 2122 1530 tualibus
2151 1473 2310 1531 bonis
2337 1480 2391 1528 te
2417 1472 2648 1544 replevit
2675 1490 2690 1541 ;
2728 1473 2844 1528 sive
2873 1473 3038 1528 etiam
3072 1482 3168 1529 tuo
3206 1476 3264 1530 in
3293 1475 3451 1532 bonis

1878 1566 2153 1622 desiderio
2205 1565 2506 1631 satisfecit,
2563 1565 2657 1636 qui
2712 1563 2962 1636 frigidam
3007 1566 3244 1620 animam
3287 1583 3452 1638 repu-

1879 1657 2026 1721 diat,
2061 1655 2204 1712 bona
2231 1669 2361 1710 vero
2396 1655 2710 1726 petentibus
2740 1669 2798 1709 se
2831 1654 3043 1710 tribuit.
3083 1653 3242 1721 Quod
3275 1658 3320 1713 si
3352 1675 3452 1714 vo—

1879 1749 2051 1806 lueris
2079 1749 2306 1805 morbos
2335 1747 2500 1803 simul
2531 1754 2586 1801 et
2620 1755 2842 1817 peccata
2879 1748 3060 1803 soluta
3095 1748 3317 1818 videre,
3353 1751 3455 1821 Ιιστ

1880 1841 1976 1898 bes
2001 1841 2363 1912 paralyticum
2396 1840 2498 1894 hac
2523 1840 2728 1910 duplici
2756 1839 2931 1910 gratia
2961 1839 3220 1896 donatum
3252 1860 3266 1908 ;
3301 1843 3458 1901 audi-

1881 1936 1958 1986 vit
1985 1932 2168 1996 enim,
2208 1931 2566 1986 Dimittuntur
2619 1929 2715 1984 tibi
2765 1941 2981 1999 peccata
3024 1940 3151 1999 tua,
3199 1942 3272 1999 et,
3310 1933 3458 1990 Tolle

1883 2024 2166 2095 grabatum
2195 2033 2344 2078 tuum
2373 2023 2458 2078 ”:
2491 2022 2572 2079 sic
2618 2023 2897 2092 peccatrix
2935 2023 3134 2078 mulier
3177 2026 3460 2082 remissio—

1881 2132 2006 2172 nem
2052 2122 2350 2171 consecuta
2391 2123 2510 2181 est;
2553 2115 2634 2170 sic
2673 2114 2850 2180 latro,
2891 2113 3318 2186 publicani,.ac
3361 2114 3460 2172 dp
3517 2163 3522 2166 .

1881 2224 2030 2264 mum
2064 2223 2264 2264 omnes
2288 2208 2382 2279 qui
2412 2206 2780 2264 crediderunt.

1955 2473 2124 2529 Vens.
2165 2473 2219 2528 5.
2263 2472 2369 2538 Qui
2411 2473 2572 2543 replet
2611 2473 2686 2528 in-
2713 2472 2864 2529 bonis
2907 2474 3228 2530 desiderium
3271 2482 3479 2542 tuum,

1885 2563 2221 2618 renovabitur
2263 2573 2320 2618 ut
2360 2565 2554 2634 aquilae
2593 2563 2834 2632 iuventus
2886 2572 3021 2628 tua;
3069 2564 3144 2619 ita
3189 2571 3247 2620 ιιι
3289 2565 3460 2636 priori

1885 2655 2135 2726 deposito
2165 2656 2416 2721 homine,
2449 2671 2514 2712 ac
2536 2671 2678 2712 novo
2696 2696 2713 2725 ,
2741 2657 2836 2727 qui
2858 2663 3156 2711 renovatur
3178 2657 3243 2712 ad
3272 2657 3477 2727 cogni-

1887 2748 2090 2802 tionem
2123 2747 2402 2802 Creatoris
2433 2747 2555 2814 sui,
2585 2748 2879 2819 adjuncto,
2910 2755 2965 2805 et
2994 2748 3113 2818 ipsa
3145 2757 3469 2807 renovetur.-

1890 2841 1980 2896 Sic
1995 2850 2198 2906 autem,
2214 2841 2310 2906 ait,
2321 2841 2583 2910 juventus
2599 2850 2693 2898 tua
2712 2844 3087 2908 renovabitur,
3102 2849 3164 2897 ut
3179 2857 3482 2916 nunquam.

1887 2940 2222 2998 veterascat,
2255 2949 2436 3004 neque
2478 2935 2548 2989 ad
2581 2935 2990 3004 corruptionem
3029 2949 3228 2992 rursus
3266 2935 3482 3001 abeat,-

1890 3023 1986 3078 sed
2018 3039 2232 3094 semper
2262 3035 2450 3096 vegeta
2479 3030 2699 3080 maneat
2729 3025 2786 3080 in
2815 3025 3135 3096 incorrupta
3159 3025 3294 3082 vita.
3325 3024 3466 3080 Cum

1892 3121 2072 3170 autem
2098 3116 2284 3186 aquila
2310 3116 2383 3171 sit
2413 3115 2592 3170 avium
2620 3130 2751 3180 rex,
2785 3115 3160 3186 altissimeque
3186 3117 3333 3188 volet
3351 3155 3367 3180 ,
3398 3128 3466 3188 ac

1890 3207 2007 3261 sola
2038 3205 2185 3262 inter
2213 3206 2472 3262 animalia
2502 3206 2728 3262 solares.
2760 3204 2946 3262 radios
2986 3207 3166 3262 valeat
3209 3205 3474 3270 obtueri,

1887 3299 2180 3369 ipsumque
2221 3305 2426 3356 attente
2468 3301 2830 3370 conspicere;
2875 3297 3293 3355 renovationem
3345 3296 3468 3352 ani-

1889 3406 2022 3449 mae.
2058 3399 2114 3446 et
2143 3405 2174 3448 θ
2203 3382 2351 3446 terra
2385 3389 2454 3445 ad
2494 3389 2695 3446 coelum
2740 3391 3014 3455 volatum,
3058 3388 3336 3460 vitamque
3372 3403 3468 3444 su-

1888 3497 2079 3553 premo
2130 3483 2186 3537 in
2225 3483 2434 3540 lumine
2473 3491 2818 3540 versaturam
2869 3481 3068 3554 aquilas
3098 3489 3310 3537 natura;
3353 3495 3492 3538 ποθ--

1889 3575 1996 3632 rito
2009 3575 2380 3646 comparavit.

1962 3749 2131 3806 Vens.
2171 3749 2325 3805 6-16.
2369 3748 2600 3804 Faciem
2646 3749 3043 3805 misericordias
3081 3748 3344 3804 Dominus
3367 3787 3383 3814 ,
3415 3757 3468 3804 et

1884 3840 2150 3910 judicium
2179 3837 2422 3893 omnibus
2461 3837 2724 3906 injuriam
2753 3838 3070 3906 patientibus
3096 3879 3112 3906 ,
3145 3848 3300 3894 notas
3341 3839 3484 3908 fecit-

1891 3932 2005 3986 vias
2045 3947 2174 3984 suas
2205 3929 2417 4002 Moysi,
2467 3930 2599 4001 ﬁliis
2639 3930 2814 3987 Israel
2854 3933 3151 3988 voluntates
3191 3915 3341 3988 suas.
3385 3930 3468 3987 Ex

1894 4023 2012 4092 ipsa
2040 4037 2170 4077 vero
2199 4021 2404 4094 Moysis
2437 4022 2722 4094 Scriptura
2749 4024 2995 4092 edisces,
3028 4025 3213 4098 qualia
3244 4039 3345 4096 pro
3377 4026 3471 4081 lae-

1895 4113 1973 4168 sis
2002 4112 2211 4182 judicia
2240 4112 2429 4168 tulerit
2453 4129 2468 4167 :
2497 4113 2652 4182 justo
2679 4129 2916 4185 namque
2943 4115 3154 4184 judicio
3182 4112 3486 4186 Egyptios-

1897 4205 2127 4270 invasit,
2150 4205 2415 4263 divinitus
2441 4205 2663 4262 inflictis
2691 4207 2866 4278 plagis
2895 4208 3173 4278 castigans
3203 4207 3328 4262 illos
3353 4221 3475 4277 pros

1899 4301 2018 4364 pter
2049 4294 2192 4350 ﬁlios
2223 4294 2393 4350 Israel
2425 4296 2494 4351 ab
2524 4295 2661 4367 ipsis
2693 4297 2930 4366 pessime
2962 4296 3202 4362 habitos.
3240 4293 3474 4350 Misera-

1903 4397 1985 4442 tor
2023 4397 2073 4441 et
2113 4387 2411 4442 misericors
2458 4386 2752 4456 Dominus,
2801 4387 3117 4460 longanimis
3155 4393 3202 4442 et
3248 4387 3499 4442 multum--

210 4490 514 4560 κρόθυμος
543 4489 639 4543 καὶ
673 4491 1023 4554 πολυέλεος,
1055 4491 1166 4544 οὐκ
1198 4492 1285 4557 εὶς
1325 4490 1500 4558 τέλος
1522 4492 1787 4563 ὀργισθή-

1903 4479 2204 4534 misericors
2226 4519 2241 4543 ,
2271 4495 2374 4532 non
2407 4480 2461 4533 in
2489 4479 2649 4550 ﬁnem
2684 4480 2968 4545 irascetur,
3013 4494 3176 4549 neque
3217 4479 3274 4532 in
3319 4487 3478 4532 teter—

213 4595 412 4646 σεται,
464 4579 607 4634 οὐδὲ
653 4582 741 4646 είς
765 4580 873 4634 τὸν
899 4578 1089 4633 αιῶνα
1125 4581 1344 4650 μηνιεῖ.
1389 4584 1472 4637 Οὐ
1506 4584 1658 4638 κατά
1693 4583 1800 4652 τὰς

214 4671 509 4741 ἁμαρτίας
555 4670 727 4740 ἡμῶν
771 4671 1061 4739 ἐποίησεν
1095 4671 1258 4741 ἡμῖν,
1305 4671 1448 4725 οὐδὲ
1491 4673 1642 4728 κατὰ
1693 4675 1804 4740 τὰς

217 4762 477 4832 ἀνομίας
506 4761 1118 4832 ήμῶν-ἀνταπέδωκεν
1159 4763 1324 4832 ἡμῖν.
1360 4763 1487 4817 Ὅτι
1521 4763 1674 4818 κατὰ
1731 4763 1800 4818 τὸ

217 4856 384 4924 ὕψος
426 4856 532 4910 τοῦ
562 4855 820 4924 οὐρανοῦ
859 4856 975 4910 ἀπὸ
1009 4857 1118 4925 τῆς
1147 4857 1258 4936 γῆς
1297 4857 1658 4926 ἐκραταίωσε
1688 4859 1802 4912 Κύ-

211 4965 351 5018 ριος
403 4949 468 5002 τὸ
535 4950 706 5013 ἕλεος
769 4949 954 5003 αὐτοῦ
1005 4949 1103 5002 ἐπὶ
1179 4948 1320 5014 τοὺς
1379 4949 1799 5018 ,φοϐουμένους

221 5041 430 5095 αὐτόν.
526 5043 806 5098 Καθόσον
895 5039 1231 5109 ἀπέχουσιν
1325 5041 1612 5096 ἀνατολαὶ
1685 5041 1801 5094 ἀπὸ

223 5131 511 5201 δυσμῶν,
585 5132 921 5202 ἐμάκρυνεν
990 5131 1089 5200 ἀρ’
1138 5132 1307 5201 ἡμῶν
1374 5131 1482 5197 τὰς
1551 5133 1805 5201 ἀνομίας

225 5223 417 5294 ἡμῶν.
477 5223 684 5290 Καθὼς
734 5223 1003 5290 οὶκτείρει
1063 5220 1260 5290 πατὴρ
1320 5222 1526 5288 υἱοὺς,
1599 5222 1803 5294 ᾠκτεί-

219 5332 381 5384 ρησε
443 5316 660 5385 Κύριος
737 5315 879 5380 τοὺς
951 5314 1360 5383 φοϐουμένους
1417 5313 1640 5381 αὐτὸν,
1715 5313 1812 5368 ὅτι

228 5402 414 5469 αὐτὸς
484 5404 636 5472 ἔγνω
680 5401 747 5456 τὸ
799 5401 1049 5470 πλάσμα
1105 5401 1292 5471 ἡμῶν.
1344 5402 1658 5472 Μνήσθητι
1717 5403 1807 5456 ὅτι

231 5497 379 5566 χοῦς
429 5498 636 5566 ἐσμεν·
692 5497 1018 5566 ἅνθρωπος,
1051 5497 1192 5550 ὡσεὶ
1242 5499 1454 5566 χόρτος
1505 5501 1566 5552 αἱ
1595 5496 1808 5568 ἡμέραι

231 5592 438 5646 αὐτοῦ’
470 5591 612 5644 ὡσεὶ
641 5591 821 5657 ἄνθος
878 5589 984 5643 τοῦ
1008 5589 1210 5658 ἀγροῦ,
1245 5589 1434 5656 οὕτως
1462 5586 1803 5654 ἐξανθήσει.

307 5772 354 5805 ³³
394 5769 562 5826 Marc.
601 5783 675 5835 ιι,
709 5768 763 5822 9.

1904 4588 2030 4626 nam
2058 4572 2400 4627 succensebit.
2432 4571 2557 4635 Non
2581 4572 2868 4627 secundum
2893 4581 3109 4641 peccata
3139 4581 3324 4627 nostra
3351 4571 3475 4641 fecit

1905 4666 2086 4731 nobis,
2117 4682 2278 4736 neque
2306 4669 2592 4720 secundum
2621 4667 2928 4736 iniquitates
2970 4674 3182 4720 nostras
3226 4665 3474 4720 retribuit

1906 4756 2080 4811 nobis.
2119 4756 2384 4823 Quoniam
2415 4753 2700 4810 secundum
2732 4755 3070 4810 altitudinem
3103 4756 3222 4812 εωίὶ
3257 4773 3291 4809 α
3332 4765 3476 4809 terra

1907 4848 2265 4904 corroboravit
2300 4848 2559 4903 Dominus
2590 4847 3012 4902 misericordiam
3037 4865 3194 4908 suam
3218 4862 3376 4917 super
3410 4848 3480 4901 ti-

1906 4951 2102 4995 mentes
2133 4957 2207 4996 se.
2241 4941 2510 5006 Quantum
2539 4939 2706 4998 distat
2729 4949 2876 4994 ortus
2908 4939 2974 4992 ab
3003 4938 3296 5005 occidente,
3327 4940 3481 5011 longe

1905 5031 2028 5100 fecit
2057 5049 2090 5085 a
2118 5031 2266 5086 nobis
2293 5032 2596 5102 iniquitates
2630 5041 2860 5085 nostras.
2889 5029 3162 5097 Quomodo
3201 5032 3480 5085 miseretur

1905 5133 2056 5191 pater
2086 5123 2352 5190 ﬁliorum,
2379 5121 2624 5174 misertus
2655 5129 2731 5173 est
2759 5119 3021 5174 Dominus
3053 5118 3355 5174 timentibus
3384 5135 3438 5172 se
3459 5156 3477 5180 ,

1906 5215 2155 5286 quoniam
2180 5215 2290 5283 ipse
2313 5213 2550 5283 cognovit
2572 5213 2878 5282 ﬁgmentum
2899 5220 3160 5265 nostrum.
3185 5209 3500 5270 Recordare

1907 5307 2156 5376 quoniam
2187 5304 2357 5373 pulvis
2387 5317 2601 5366 sumus;
2636 5302 2810 5364 homo,
2841 5302 2976 5354 sicut
3003 5300 3178 5369 fenum
3191 5299 3302 5354 dies
3327 5299 3440 5368 ejus
3459 5337 3494 5362 ,.

1909 5409 2160 5468 tanquam
2194 5399 2293 5467 ﬂos
2336 5397 2469 5466 agri,
2515 5397 2592 5450 sic
2631 5393 2898 5466 επιστ-εδει.
2944 5392 3210 5460 Quoniam
3257 5393 3478 5463 spiritus
3495 5421 3502 5434 -

1907 5487 2246 5558 pertransibit
2277 5487 2332 5540 in
2363 5486 2455 5540 illo
2480 5494 2529 5539 et
2559 5503 2662 5540 non
2691 5484 2969 5550 subsistet,
2999 5493 3050 5538 et
3075 5500 3180 5538 non
3208 5491 3480 5555 cognoscet

1910 5581 2136 5650 amplius
2187 5580 2359 5634 locum
2404 5595 2576 5635 suum.
2633 5575 3102 5644 Quemadmodum
3153 5593 3185 5633 a
3238 5579 3484 5638 tenebris
