3868 6282
520 363 652 419 £267
1197 362 1468 418 EUSEBH
1505 360 1982 417 CESARIENSIS
2020 361 2167 416 OPP.
2210 361 2391 417 PARS
2423 363 2510 419 Ill.
2549 395 2617 404 —
2651 359 3054 418 EXEGETICA.
3542 366 3640 423 1368

517 483 837 553 ignorantia:
878 482 1117 550 peccatis
1159 481 1394 536 inductae
1437 480 1506 534 ad
1550 481 1724 535 lucem
1757 479 2044 550 cognitioni

2116 491 2157 542 Α
2187 483 2305 534 Ὅτι
2337 483 2571 552 πνεῦμα
2608 482 2856 551 διῆλθεν
2883 481 2952 533 ἐν
2995 476 3174 544 αὐτῷ,
3205 477 3295 530 καὶ
3326 479 3421 546 οὐχ
3446 480 3643 549 ὑπάρξει,

515 591 630 632 suae
669 591 770 631 nos
813 574 1088 630 transtulit
1121 590 1136 639 ;
1179 574 1404 642 haecque
1444 571 1573 628 fecit
1610 580 1670 626 ut
1706 571 1886 626 bonus
1929 581 2042 642 pate

2189 571 2288 627 καὶ
2309 574 2421 626 οὐκ
2449 572 2839 642 ἐπιγνώσεται
2865 573 2951 625 ἔτι
2973 571 3078 624 τὸν⁴
3107 571 3287 623 τόπον
3311 571 3483 622 αὑτοῦ.
3500 573 3644 645 Ὥσπερ

515 666 857 722 insanientes
904 665 1045 722 ﬁlios
1085 666 1376 720 miseratus
1400 707 1415 731 ,
1453 677 1518 718 ac
1545 678 1674 734 erga
1709 663 1910 719 liberos
1941 664 2042 718 mal

2188 662 2297 716 ἀπὸ
2325 663 2546 728 σκότους
2581 665 2679 734 τῆς
2720 662 2829 717 τῶν
2879 661 3282 734 ἁμαρτημάτων
3307 662 3492 729 ἀγνοίας
3525 665 3590 717 ἐπὶ
3610 669 3648 719 τι

516 759 740 815 allectos
773 759 1032 828 majorem
1063 758 1594 813 commiserationem
1627 771 1951 813 assumens:
1985 771 2043 812 eo

2189 753 2304 823 φῶς
2325 756 2451 834 ’τῆς
2495 755 2658 809 αὐτοῦ
2707 754 2958 824 γνώσεως
3015 754 3366 824 μετεστήσατο
3405 755 3548 822 ἡμᾶς·
3589 757 3649 808 καὶ

517 851 642 905 dem
673 850 762 904 ille
793 849 954 904 modo
983 864 1083 904 nos
1115 849 1410 904 miseratus
1443 854 1528 902 est
1549 885 1565 911 ,
1597 861 1661 901 ac
1688 863 1756 902 ex
1807 847 1983 902 atheis
2027 861 2044 901 ε

2187 845 2359 899 ταῦτα
2387 846 2621 918 ἔπραξεν
2641 847 2715 912 ὡς
2730 847 2930 916 ἀγαθὸς
2953 845 3131 916 πατὴρ
3147 846 3576 917 σπλαηνιίόμενος
3595 851 3652 902 ἐπὶ

518 947 720 1001 timore
749 944 1063 999 carentibus
1083 983 1098 1007 ,
1131 943 1251 1012 pios
1281 957 1344 996 ac
1375 956 1434 996 se
1461 941 1718 996 timentes
1748 955 1850 996 nos
1879 939 2045 996 eﬂ‘ecil

2189 943 2326 1001 υἱοῖς
2362 939 2647 1010 μεμηνόσι,
2697 940 2791 992 καὶ
2822 940 2914 993 ἐπὶ
2947 939 3133 1002 κακῶς
3169 937 3493 1006 διακειμένοις
3513 939 3653 1002 τέκνοις

525 1039 746 1110 μείζονα
771 1035 948 1092 οἶκτον
981 1035 1296 1092 ἀναλαϐώνο
1330 1035 1421 1088 τὸν
1483 1035 1643 1089 αὐτὸν
1675 1035 1872 1107 τρόπον
1935 1037 2032 1090 καί⁹
2063 1035 2224 1100 αὐτὸς
2255 1036 2588 1106 ᾤκτείρησεν
2646 1034 2814 1104 ἡμᾶς,
2872 1031 2930 1097 ἐξ
2974 1032 3148 1088 ἀθέων
3198 1031 3290 1086 καὶ
3335 1029 3519 1099 ἀφόδων
3556 1033 3659 1101 εὐτε-

519 1138 633 1200 ϐεῖς
663 1137 755 1190 καὶ
778 1136 1138 1206 φοϐουμένους
1159 1134 1317 1187 αὐτὸν
1341 1133 1811 1206 ἀπεργασάμενος.

585 1249 754 1305 Vens.
798 1249 865 1302 l7
898 1250 978 1303 l9.
1023 1247 1390 1302 Misericordia
1407 1259 1580 1303 autem
1603 1247 1814 1304 Domini
1846 1249 1912 1303 ab
1933 1261 2088 1304 mter-

2267 1245 2343 1300 T6
2393 1245 2567 1310 ἕλεος
2615 1242 2686 1296 δὲ
2720 1241 2829 1296 τοῦ
2866 1239 3086 1308 Κυρίου
3136 1237 3250 1292 ἀπὸ
3281 1235 3380 1289 τοῦ
3406 1233 3578 1301 αἰῶνος
3599 1237 3659 1288 και

514 1360 617 1403 no,
646 1352 694 1395 et
728 1358 890 1410 usque
941 1343 995 1394 in
1055 1351 1305 1396 internum
1363 1359 1518 1409 super
1555 1343 1790 1397 timentes
1843 1359 1980 1397 eum.
2019 1341 2041 1396 1

2194 1339 2298 1405 ἕως
2336 1337 2442 1393 τοῦ
2473 1336 2685 1402 αἰῶνος
2699 1333 2796 1387 ἐπὶ
2814 1333 2954 1398 τοὺς
2981 1329 3384 1401 φοϐουμένους
3395 1329 3577 1381 αὐτόν·
3599 1329 3662 1380 zal

505 1435 722 1504 justitia
751 1434 894 1486 illius
925 1434 978 1484 in
1007 1432 1148 1500 ﬁlios
1173 1434 1406 1502 filiorum
1425 1475 1440 1498 ,
1471 1434 1549 1488 his
1574 1436 1663 1503 qui
1687 1442 1896 1489 servant
1924 1443 2032 1488 testi

2193 1433 2233 1500 ἠ
2273 1430 2621 1496 δικαιοσύνη
2671 1426 2857 1482 αὐτοῦ
2899 1424 2999 1479 ἐπὶ
3036 1423 3177 1487 τοὺς
3211 1419 3376 1486 υἱοὺς
3415 1419 3516 1472 τῶν
3553 1419 3663 1483 υἱῶν,

513 1536 746 1580 mentum
775 1525 917 1594 ejus,
946 1534 996 1578 et
1025 1542 1274 1580 memores
1302 1537 1424 1581 sunt
1447 1527 1817 1581 mandatorum
1840 1527 1986 1581 illius
2016 1545 2040 1580 ο

2193 1525 2318 1592 τοῖς
2349 1521 2742 1594 φυλάσσουσι
2778 1518 2894 1587 τὴν
2936 1516 3229 1582 διαθήκην
3263 1512 3456 1575 αὐτοῦ,
3495 1511 3571 1564 καί
3599 1529 3665 1580 με·

515 1618 811 1689 faciendum
842 1635 922 1672 ea.
952 1617 1090 1674 Huic
1121 1619 1297 1674 simile
1325 1618 1457 1673 illud
1489 1638 1502 1674 :
1535 1618 1759 1675 Faciens
1787 1621 2042 1675 misericm

2189 1615 2517 1686 μνημένοις
2547 1610 2667 1667 τῶν
2692 1609 2957 1666 ἐντολῶν
3003 1606 3209 1672 αὑτοῦ,
3239 1605 3344 1660 τσῦ
3372 1603 3581 1670 ποιῆσαι
3601 1606 3669 1657 αὺ-

513 1711 658 1764 diam
689 1709 1028 1780 diligentibus
1068 1725 1167 1764 me.
1218 1708 1352 1764 Nam
1405 1710 1782 1766 misericordia
1809 1711 2040 1774 “.Domini

2190 1704 2317 1772 τάς.
2354 1706 2576 1774 Ὅμοιον
2609 1701 2706 1756 καὶ
2753 1701 2835 1766 τὸ,
2883 1698 3077 1754 Ποιῶν
3117 1698 3291 1766 ἕλεος
3333 1693 3448 1760 τοῖς
3473 1691 3671 1761 ἀγαπῶσι

511 1811 566 1859 et
618 1818 844 1873 compar
890 1803 1010 1872 ejus
1051 1801 1264 1870 justitia
1309 1803 1364 1856 in
1413 1819 1631 1859 omnem
1679 1803 2038 1876 generatione:

2182 1813 2278 1866 με.
2311 1793 2634 1866 Παρατείνει
2660 1790 2770 1864 γὰρ
2804 1789 2866 1843 τὸ
2893 1788 3039 1853 ἕλεος
3079 1787 3302 1860 Κυρίου,
3327 1785 3417 1839 καὶ
3451 1787 3482 1856 ἡ
3514 1784 3673 1852 σύζυγος

511 1894 827 1949 extenditur
861 1891 917 1945 in
955 1891 1208 1946 timentes
1244 1906 1367 1946 eum
1389 1934 1403 1953 .
1437 1900 1495 1946 et
1527 1895 1582 1948 in
1613 1893 1753 1950 ﬁlios
1774 1911 1963 1951 eorum
1988 1935 2004 1960 ,
2037 1895 2038 1917 ³

2146 1885 2358 1942 καύτοῦ
2401 1883 2734 1953 δικαιοσύνη,
2779 1883 2856 1946 είς
2886 1883 3064 1936 πᾶσαν
3118 1882 3218 1953 τὴν
3265 1878 3447 1950 γενεὰν
3487 1878 3562 1930 ἐπὶ
3594 1878 3673 1939 τοὺς

511 1984 630 2042 est,
665 1982 721 2032 in
746 1978 1092 2034 aemulatores
1121 1985 1398 2049 gestorum
1434 1973 1678 2050 ipsorum
1701 2018 1715 2042 ,
1751 1978 1806 2032 in
1843 1993 1936 2034 eos
1973 1984 2038 2034 sc‘

2189 1973 2556 2044 φοϐουμένους
2588 1973 2751 2030 αὐτὸν
2793 1975 3037 2038 καὶτοὺς
3074 1980 3226 2040 υἱοὺς
3273 1975 3462 2038 αὐτῶν,
3502 1976 3675 2028 τουτέστι

511 2066 671 2132 licet,
696 2067 787 2138 qui
814 2084 924 2123 non
951 2069 1114 2123 modo
1134 2077 1528 2140 praceptorum
1551 2069 1671 2140 ejus
1691 2070 2038 2125 recordamur

2187 2067 2310 2130 τοὺς
2351 2065 2457 2119 τῶν
2501 2065 2676 2137 ἔργων
2723 2066 2887 2119 αὐτοῦ
2939 2065 3205 2139 ζηλωτάς,
3254 2068 3378 2132 τοὺς
3421 2069 3507 2137 οὐχ
3548 2066 3675 2130 ἁπλῶς

515 2159 608 2212 sed
641 2159 987 2215 sermonibus
1019 2174 1185 2230 opera
1213 2159 1512 2230 adjiciunt,
1558 2167 1612 2215 et
1660 2161 1762 2216 hoc
1810 2160 1974 2216 modo
2001 2162 2042 2215 vi

2191 2158 2571 2230 μεμνημένους
2611 2157 2720 2213 τῶν
2769 2159 2999 2213 ἐντολῶν
3038 2159 3228 2225 αὐτοῦ,
3279 2161 3393 2215 ἀλλ’
3419 2159 3676 2222 ἐπιτιθέντας

511 2257 624 2302 tam
657 2250 990 2304 concinnant
1017 2266 1192 2306 suam.
1231 2249 1304 2304 Ea
1351 2252 1550 2323 quippe
1592 2253 1812 2318 dantur,
1864 2269 1970 2309 non
2023 2269 2038 2307 ι

2186 2252 2299 2312 τοῖς
2321 2249 2498 2318 λόγοις
2526 2249 2593 2302 τὰ
2620 2248 2778 2320 ἔργα,
2819 2251 2912 2304 καὶ
2940 2249 3080 2303 κατά
3106 2250 3272 2304 ταύτὸ
3300 2251 3386 2303 τὸν
3417 2253 3583 2303 οἰκεῖον
3607 2250 3677 2320 βίον

512 2340 756 2410 ipsorum
799 2341 1000 2395 nudam
1046 2342 1368 2396 memoriam
1398 2357 1452 2397 et
1481 2344 1728 2398 notitiam
1762 2360 2039 2400 servemus

2189 2341 2568 2413 ῥυθμίζοντας.
2618 2341 2859 2396 Αίδονται
2886 2341 2994 2414 γὰρ
3041 2334 3199 2396 αὗται
3246 2342 3347 2396 οὐκ
3375 2343 3460 2396 ἐπὶ
3494 2342 3557 2412 τῷ
3588 2344 3677 2414 μνή-

509 2433 608 2488 sed
642 2441 700 2487 ut
729 2436 988 2490 memoria
1032 2436 1099 2490 ad
1139 2435 1477 2506 operandum
1509 2443 1746 2489 utamur.
1781 2435 1919 2490 lllud
1947 2452 2036 2507 qut

2189 2450 2298 2504 μην
2329 2432 2508 2488 αὐτῶν
2539 2432 2702 2504 ψιλὴν
2725 2434 2820 2488 καὶ
2850 2433 3048 2502 γνῶσιν
3079 2433 3224 2505 ἒχειν
3258 2436 3422 2505 ἡμᾶς,
3453 2434 3567 2486 ἀλλά
3591 2434 3678 2503 μνή-

509 2539 618 2593 que
649 2522 907 2580 Servator
938 2526 1185 2582 declarat
1231 2526 1315 2582 his
1347 2525 1568 2581 verbis:
1603 2525 1710 2592 Qui
1741 2526 1895 2580 habet
1927 2543 2036 2580 mai

2189 2542 2296 2597 μην
2340 2526 2420 2588 είς
2461 2525 2522 2579 τὸ
2553 2525 2796 2596 ποιῆσαι.
2825 2524 2997 2578 Τοῦτο
3029 2527 3123 2579 καὶ
3160 2529 3188 2580 6
3214 2527 3407 2598 Σωτὴρ
3435 2525 3680 2597 παρίησιν

488 2614 640 2669 "data
689 2632 834 2682 mea,
879 2629 928 2672 et
969 2627 1141 2673 servat
1183 2634 1277 2682 ea,
1318 2616 1408 2671 ille
1443 2625 1521 2671 est
1553 2617 1643 2686 qui
1683 2615 1857 2688 diligit
1886 2633 1967 2670 me
1998 2617 2015 2647 ³

2186 2616 2374 2672 εἰπών·
2391 2617 2446 2670 '0
2475 2617 2632 2687 ἔχων
2653 2616 2760 2684 τὰς
2778 2617 3032 2684 ἐντολάς
3057 2635 3176 2687 μου
3203 2618 3306 2672 καὶ
3335 2617 3514 2686 τηρῶν
3536 2617 3677 2680 αὑτὰς,

509 2725 639 2764 nam
685 2711 1052 2767 observationi
1091 2720 1301 2766 tantum
1324 2726 1491 2782 “non
1530 2709 1808 2766 memoriae
1855 2725 2036 2766 eorum

2185 2708 2417 2776 ἐκεῖνός
2463 2711 2635 2766 ἐστιν
2671 2712 2705 2764 ό
2750 2707 2999 2780 ἀγαπῶν
3038 2726 3117 2780 με
3137 2725 3152 2741 δ
3196 2710 3303 2781 τῆς
3348 2708 3451 2780 γὰρ
3488 2709 3682 2778 ποιήσεως

507 2816 720 2857 merces
750 2803 1015 2870 debetur‘;
1049 2819 1227 2874 neque
1253 2803 1530 2859 auditores
1551 2844 1566 2870 ,
1600 2801 1696 2858 sed
1731 2803 1969 2859 cultores
2005 2803 2034 2856 lc

2187 2800 2299 2854 ἀλλ’
2328 2802 2390 2854 οὐ
2419 2801 2520 2872 τῆς
2563 2802 2782 2874 μνήμης
2820 2801 2999 2859 αὐτῶν
3032 2802 3198 2873 μόνης
3226 2803 3257 2856 6
3296 2801 3499 2873 μισθός·
3531 2799 3681 2869 καὶούχ

507 2891 593 2963 gis
613 2893 1081 2963 justilicabuntur.
1101 2895 1335 2952 Pulchre
1354 2903 1536 2950 autem
1561 2895 1647 2950 lex
1670 2892 1764 2950 Dei
1787 2901 2034 2950 testamet

2185 2895 2234 2947 oi
2258 2895 2544 2966 ἀκροαταὶ,
2575 2893 2689 2950 ἀλλ’
2719 2896 2770 2948 oi
2810 2894 3028 2966 ποιηταὶ
3058 2893 3151 2947 τοῦ
3187 2893 3354 2965 νόμου
3383 2892 3682 2962 δικαιωθήσον-

507 2992 626 3038 tum
652 2994 846 3042 vocata
874 2995 992 3051 est,
1039 2994 1098 3041 ut
1130 2988 1222 3059 qui
1251 3002 1371 3043 eam
1406 2987 1764 3043 observamus
1786 3025 1804 3050 ,
1854 2985 2034 3042 haered

2187 3001 2296 3039 ται.
2333 2984 2530 3049 Καλῶς
2569 2985 2627 3039 δὲ
2657 2984 2892 3057 διαθήκη
2939 2987 2969 3040 6
3003 2985 3166 3056 νόμος
3193 2984 3294 3038 τοῦ
3327 2983 3456 3037 Θεοῦ
3486 2981 3682 3053 προσηγό-

505 3085 676 3132 tatem
708 3079 834 3134 inde
875 3093 1177 3150 speremus.
1228 3077 1386 3147 Quod
1414 3086 1591 3135 autem
1631 3085 1829 3134 natura
1860 3077 2032 3150 quidet

2190 3093 2376 3149 ρευται
2405 3116 2421 3142 ,
2471 3077 2558 3133 ἵνα
2616 3077 2979 3150 κληρονομίαν
3032 3075 3346 3148 ὲλπίζωμεν
3399 3075 3454 3141 ἐξ
3492 3075 3626 3143 aia-tr];
3653 3072 3682 3124 oi

506 3176 696 3222 nostra
718 3167 861 3223 ﬂuxa
887 3169 989 3235 sit,
1017 3169 1201 3224 divina
1231 3187 1360 3225 vero
1384 3170 1672 3226 clementia
1693 3168 1929 3226 debitam
1954 3185 2033 3240 ιιι-ι

2189 3169 2572 3239 φυλάσσοντες.
2605 3169 2628 3190 "
2655 3171 2750 3224 Οτι
2791 3169 2850 3223 δὲ
2895 3170 2928 3240 ή
2961 3168 3058 3240 μὲν
3086 3167 3251 3239 φύσις
3283 3169 3435 3240 ἡμῶν
3472 3167 3682 3234 Exi-xw;

507 3259 848 3328 genitoribus
885 3261 1114 3330 justitiae
1156 3261 1464 3317 mercedem
1507 3277 1682 3337 usque
1741 3260 1812 3317 ad
1856 3269 2034 3332 nepoti

2184 3261 2218 3331 ἡ
2240 3260 2298 3314 δὲ
2323 3259 2443 3314 θεία
2470 3259 2848 3332 φιλανθρωπία
2892 3263 2987 3314 καὶ
3024 3261 3214 3333 μέχρις
3257 3260 3488 3330 ἐγγόνων
3514 3255 3683 3324 διατηρεῖ

506 3358 827 3418 conservet,
877 3363 1136 3425 sexcenta
1165 3355 1398 3425 hujusce
1439 3353 1519 3408 rei
1562 3351 1884 3409 testimonia
1923 3367 2033 3422 rept

2184 3350 2283 3423 τὴν
2335 3352 2448 3415 τοῖς
2507 3349 2792 3422 προγόνοις
2840 3351 3195 3424 ὀφειλομένην
3265 3352 3364 3421 τῆς
3423 3347 3684 3412 δικαιοσύνης

480 3441 640 3497 τίεις.
671 3441 806 3496 Nam
835 3443 908 3500 ob
925 3444 1250 3509 Abrahami,
1282 3443 1453 3500 lsaaci
1479 3450 1534 3498 et
1555 3439 1745 3497 Jacobi
1768 3440 2007 3512 justitiat

2183 3445 2473 3511 ἀντίδοσιν,
2520 3443 2689 3515 μυρία
2721 3443 2788 3498 ἂν
2833 3444 3014 3517 εὕροις
3061 3444 3362 3516 μαρτύρια.
3395 3443 3486 3496 Διά
3510 3440 3597 3512 γὰρ
3625 3436 3685 3504 τὴν

505 3534 768 3604 populum
800 3551 866 3589 ex
897 3535 966 3590 iis
996 3543 1184 3607 postea
1211 3541 1463 3592 exortum
1492 3533 1783 3590 vocatione
1827 3539 1882 3589 et
1921 3547 2032 3604 pect

2180 3533 2276 3590 τοῦ
2317 3533 2567 3608 Ἀϐραὰμ
2614 3534 2980 3606 δικαιοσύνην,
3028 3536 3123 3588 καὶ
3165 3535 3266 3607 τὴν
3308 3533 3402 3587 τοῦ
3434 3531 3594 3586 Ἰσαὰκ
3626 3527 3683 3581 καὶ

505 3624 631 3680 li‘ari
677 3626 1016 3696 providentia
1054 3627 1315 3701 dignatus
1353 3633 1460 3683 est.
1497 3625 1636 3681 Jehu
1675 3632 1860 3681 autem
1905 3639 2032 3695 usqt

2193 3626 2407 3693 Ἰακὼϐ,
2440 3626 2639 3693 τὸν.ὲξ
2675 3628 2853 3683 αὐτῶν
2893 3627 3066 3698 φύντα
3114 3628 3257 3699 μετά
3288 3627 3458 3681 ταῦτα
3481 3625 3587 3678 λαὸν
3623 3619 3684 3687 τῆς

506 3714 577 3769 ad
629 3724 880 3786 quartam
927 3721 1336 3788 generationem
1395 3732 1628 3788 regnum
1686 3715 2033 3773 conservavit

2180 3719 2425 3791 κλήσεως
2453 3718 2551 3773 καὶ
2585 3719 2687 3788 τῆς
2723 3719 2928 3782 οἰκείας
2961 3719 3269 3790 ἐπισκοπῆς
3301 3716 3578 3789 κατηξίωσε
3598 3730 3610 3743 '
3636 3729 3683 3775 τῳ

503 3804 722 3860 etiamsi
753 3821 862 3862 non
911 3807 1136 3862 omnino
1181 3807 1382 3878 pietate
1422 3807 1686 3879 praeditus
1726 3814 1916 3875 esset;
1951 3810 2030 3878 qui

2193 3811 2334 3883 Ἰηοῦ
2359 3810 2520 3883 μέχρι
2535 3810 2802 3882 τετάρτης
2824 3812 3017 3878 γενεᾶς
3043 3809 3144 3879 τὴν.
3159 3809 3437 3880 βασιλείαν
3459 3807 3678 3877 τετήρηκε.

485 3897 563 3952 in
594 3898 863 3970 principio
894 3901 1045 3973 regni
1079 3901 1163 3957 sui
1195 3902 1436 3957 studium
1464 3916 1596 3973 erga
1622 3900 1796 3956 Deum
1822 3901 2012 3958 exhibe

2179 3903 2358 3958 καίτοι
2385 3901 2519 3972 μηδὲ
2550 3900 2760 3955 τελείαν
2781 3900 3108 3971 κτησαμένῳ
3124 3900 3428 3962 εὐσέϐειαν,
3457 3898 3554 3950 ἀλλ’
3579 3895 3621 3944 ὲν
3639 3891 3677 3956 τῇ

503 3999 608 4045 rat.
632 3989 862 4046 Mirabili
883 4008 1013 4048 vero
1041 3992 1230 4049 Davidi
1257 3993 1637 4066 inexstiuctam
1665 3993 1964 4049 custodivit
1985 4009 2030 4066 g4

2177 3993 2320 4064 ἀρχῇ
2367 3992 2466 4062 τῆς
2520 3989 2792 4061 βασιλείας
2846 3989 3239 4060 ὲπιδειξαμένῳ
3290 3990 3382 4042 τὸν
3435 3985 3597 4058 ζῆλον

502 4081 654 4137 neris
677 4083 968 4138 scintillam
985 4123 1002 4151 ,
1030 4086 1131 4142 etsi
1153 4060 1308 4157 impii
1332 4086 1487 4140 multi
1517 4087 1660 4142 inter
1683 4086 1803 4156 ejus
1829 4060 2029 4156 posteri

2179 4060 2447 4152 θεσπεσίιρ
2478 4060 2658 4147 Δαυῒδ,
2698 4080 2959 4136 ἄσϐεστον
3007 4082 3244 4151 ἐτήρησε
3289 4079 3382 4133 τὸν
3430 4077 3514 4131 τοῦ
3551 4075 3680 4138 vivont

502 4175 678 4229 exorti
709 4175 838 4230 sint.
865 4175 1120 4232 Dominus
1151 4178 1206 4238 in
1235 4179 1363 4232 caelo
1389 4179 1596 4248 paravit
1629 4179 1871 4234 thronum
1897 4195 2029 4233 suun

2181 4173 2473 4246 σπινθῆρα,
2515 4173 2609 4226 καὶ
2639 4173 2812 4227 ταῦτα
2839 4171 3046 4225 πολλῶν
3089 4171 3369 4224 δυσσεϐῶν
3398 4173 3452 4224 ὲν
3488 4168 3610 4239 μέσῳ
3628 4163 3680 4232 βε-

500 4274 551 4318 et
607 4283 823 4336 regnum
872 4268 1035 4336 ipsius
1078 4269 1320 4324 omnibus
1368 4270 1749 4325 dominabitur.
1805 4271 2027 4325 Accurat

2183 4265 2580 4336 ϐλαστηκότων.
2613 4265 2828 4332 Κύριος
2859 4264 2930 4317 ἐν
2967 4263 3047 4328 τῷ
3070 4262 3308 4331 οὐρανῷ
3331 4262 3592 4332 ἡτοίμασε
3614 4259 3681 4308 τὶ»-

501 4354 706 4436 dictum
740 4366 854 4422 est,
888 4358 1127 4413 omnibus
1155 4359 1519 4414 dominabitur
1539 4376 1559 4426 ;
1590 4360 1683 4416 sed
1721 4375 1832 4415 non
1857 4401 1872 4427 ,
1906 4378 2024 4415 omn

2177 4360 2395 4427 θρόνον
2443 4357 2651 4418 αὑτοῦ,
2705 4356 2802 4409 καὶ
2853 4357 2892 4423 ἡ
2938 4355 3230 4419 ,ϐασιλεία
3282 4353 3466 4408 αὐτοῦ
3509 4349 3681 4405 πάντων

502 4446 596 4500 bus
626 4446 965 4514 dominatur,
997 4450 1127 4520 quia
1170 4465 1278 4504 non
1306 4465 1496 4506 omnes
1531 4451 1684 4522 digni
1733 4457 1862 4506 sunt
1904 4466 2029 4519 regn

2178 4449 2486 4504 δεσπόσει.
2539 4446 2806 4519 ’Δκριϐὥς
2828 4445 2885 4499 δὲ
2914 4446 2976 4499 τὸ
3000 4445 3242 4498 πάντων
3262 4444 3558 4504 δεσπόσει,
3579 4440 3674 4506 εἴρη-

500 4537 668 4592 illius.
717 4537 1083 4604 Quamobrem
1119 4541 1188 4596 iis
1217 4543 1312 4613 qui
1342 4543 1714 4612 evangelicam
1747 4543 1912 4596 vitam
1947 4542 2027 4596 exi

2175 4557 2287 4607 ται,
2337 4539 2452 4593 ἀλλ’
2497 4539 2580 4604 οὐ,
2629 4537 2869 4591 πάντων
2913 4535 3216 4597 δεσπόζει·
3270 4538 3394 4591 ἐπεὶ
3439 4535 3506 4607 μὴ

499 4636 670 4697 gunt,
731 4645 960 4699 regnum
1011 4599 1276 4688 cmlorum
1329 4599 1580 4685 Salvator
1627 4630 1909 4700 pollicitus
1961 4642 2026 4684 es

2177 4599 2318 4696 ἄξιοι
2347 4599 2671 4701 τυγχάνουσι
2703 4631 2802 4701 τῆς
2849 4628 3015 4683 αὐτοῦ
3061 4629 3358 4700 βασιλείας.
3405 4599 3600 4686 Διὸτοῑς
3621 4621 3676 4672 τὸν

500 4720 622 4774 Alio
671 4720 798 4774 item
846 4721 1186 4792 intelligendi
1237 4737 1388 4777 more
1432 4721 1689 4776 omnibus
1732 4720 2027 4775 dominatut

2176 4720 2526 4789 εὐαγγελικὸν
2559 4717 2880 4790 κατορθοῦσι
2921 4718 3036 4788 βίον
3060 4720 3160 4790 τὴν
3189 4720 3301 4773 τῶν
3329 4717 3553 4791 οὐρανῶν
3581 4714 3677 4784 βασι-

500 4810 665 4864 etiam
709 4811 776 4865 iis
813 4813 907 4881 qui
952 4828 1119 4882 regno
1166 4813 1430 4868 cmlorum
1476 4811 1686 4882 indigni
1723 4818 1852 4867 sunt
1900 4812 2027 4881 impt

2175 4807 2324 4862 λείαν
2370 4811 2399 4862 ό
2451 4808 2637 4881 Σωτὴρ
2695 4809 3074 4888 ἐπηγγείλατο.
3125 4811 3388 4874 Δεσπόζει
3432 4809 3484 4861 δὲ
3525 4807 3675 4860 mw!

499 4918 631 4957 rans
664 4921 679 4970 ;
709 4912 979 4975 quatenus
1009 4919 1204 4974 nempe
1233 4903 1477 4959 omnium
1507 4903 1770 4958 Dominus
1799 4909 1902 4957 est.

2174 4898 2297 4952 καθ’
2327 4900 2518 4972 ἑτέραν
2557 4901 2799 4954 ἐπίνοιαν
2831 4901 2926 4953 καὶ
2955 4899 3065 4954 τῶν
3091 4899 3327 4964 ἀναξίων
3353 4900 3449 4971 τῆς
3475 4891 3675 4969 βασιλείας

2175 4993 2338 5046 αὐτοῦ
2375 4992 2614 5065 κρατῶν,
2641 4987 2728 5046 οἷα
2757 4992 2821 5064 δὴ
2850 4993 3067 5046 πάντων
3089 4993 3314 5064 Κύριος.

569 5079 736 5136 Vens.
778 5071 867 5136 ΞΟ.
908 5082 1208 5137 Benedicite
1229 5082 1475 5147 Domino,
1510 5098 1685 5136 omnes
1715 5082 1888 5152 angeli
1915 5081 2030 5152 ejus
2049 5121 2065 5147 ,

2240 5083 2560 5154 Εὑλογεῖτε
2601 5083 2707 5136 τὸν
2746 5083 2982 5151 Κύριον,
3023 5084 3244 5150 πάντες
3285 5087 3343 5138 οἱ
3384 5083 3590 5153 ἄγγελοι
3608 5076 3674 5127 αὑ·

462 5180 464 5182 '
495 5182 732 5242 potentes
758 5176 952 5230 uirtute
974 5214 989 5242 ,
1033 5177 1284 5246 facientes
1313 5178 1527 5232 verbum
1556 5176 1706 5231 illius
1733 5175 1803 5229 ad
1845 5175 1989 5229 audii

2174 5177 2301 5241 τοῦ,
2334 5175 2578 5231 δυνατοὶ
2611 5177 2797 5245 ἰσχύϊ,
2829 5177 3143 5242 ποιοῦντες
3177 5177 3287 5230 τὸν
3327 5180 3504 5245 λόγον
3525 5167 3670 5227 αὐτοῦ,

496 5267 622 5320 dam
650 5283 824 5322 vocem
853 5285 1154 5324 sermonum
1179 5270 1313 5340 ejus.
1349 5268 1613 5340 Superius
1640 5268 1858 5339 quidem
1891 5265 2023 5338 Spiri

2173 5269 2280 5323 τοῦ
2302 5268 2562 5323 ἀκοῦσαι
2591 5267 2702 5336 τῆς
2736 5267 2942 5337 φωνῆς
2966 5266 3083 5322 τῶν
3103 5271 3302 5338 λόγων
3328 5266 3521 5323 αὐτοῦ.
3559 5263 3672 5316 Ἀνω-

496 5361 637 5415 ritus
667 5360 886 5416 divinus
921 5361 1158 5418 hominis
1190 5363 1429 5416 animam
1465 5363 1530 5417 ad
1564 5365 1862 5434 gratiarum
1896 5363 2023 5418 actit

2173 5362 2318 5434 τέρω
2347 5361 2444 5433 μὲν
2472 5363 2532 5415 τὸ
2561 5361 2702 5414 Θεῖον
2733 5360 2954 5431 Πνεῦμα
2983 5360 3080 5432 τὴν
3122 5361 3215 5414 τοῦ
3245 5360 3517 5432 ἀνθρώπου
3550 5353 3671 5424 ψυχὴν

497 5467 623 5505 nem
655 5459 710 5507 et
741 5452 1177 5510 benedictionem
1210 5455 1307 5510 Dei
1342 5456 1606 5510 invitabat
1639 5455 1828 5510 dicens
1850 5496 1863 5521 ,
1901 5455 2024 5510 Bent

2173 5455 2356 5508 ἐκάλει
2397 5454 2489 5506 ἐπὶ
2532 5453 2631 5524 τὴν
2671 5454 3018 5526 εὐχαριστίαν
3067 5456 3160 5508 καὶ
3203 5454 3303 5525 τὴν
3355 5450 3575 5520 εὐλογίαν
3609 5439 3667 5496 τῡῦ

498 5542 585 5594 dic
610 5583 625 5608 ,
657 5546 837 5599 anima
863 5564 1001 5613 mea,
1031 5548 1289 5613 Domino;
1318 5564 1465 5604 nunc
1493 5556 1696 5611 autem,
1725 5550 1852 5620 quia
1881 5549 2025 5604 thror

2173 5547 2329 5612 Θεοῦ,
2365 5546 2572 5615 φάσκον
2592 5561 2604 5572 ·
2640 5547 2912 5614 Εὐλότει,
2942 5546 2980 5613 ἡ
3007 5547 3176 5616 ψυχή
3196 5564 3335 5617 μου,
3359 5544 3459 5599 τὸν
3479 5542 3665 5607 Κύριον·

501 5631 598 5687 Dei
637 5641 693 5686 et
737 5636 1040 5692 caelestium
1084 5641 1468 5708 mansionum,
1517 5657 1654 5712 quas
1698 5642 1878 5714 dignis
1917 5639 2028 5696 Dcu

2172 5639 2266 5695 νῦν
2309 5640 2387 5706 δὲ,
2439 5639 2625 5712 ἐπειδὴ
2665 5637 2757 5693 τοῦ
2805 5639 2993 5710 θρόνου
3034 5639 3128 5694 τοῦ
3171 5637 3303 5693 Θεοῦ
3348 5633 3663 5709 ἐμνημόνευσεν

570 5783 613 5814 ⁸ο
653 5782 805 5840 Joan.
844 5803 954 5852 xw,
990 5791 1077 5844 2|.
