3868 6282
258 347 394 404 1269

256 467 484 522 καὶτῶν
515 469 780 541 οὐρανίων
823 470 1134 544 διατριϐῶν,
1178 472 1245 536 ἃς
1282 475 1394 537 τοῖς
1420 474 1591 542 ἀξίοις
1633 476 1661 528 ό
1702 475 1815 537 Θεὸς

1935 480 2299 548 praeparavit,
2327 481 2653 540 mentionem
2679 489 2807 544 fecit
2826 530 2841 556 ,
2870 492 3160 548 admodum
3190 509 3500 564 congruen~
3600 516 3612 528 ’

235 559 537 634 ἡτοίμασε,
570 563 770 635 σφόδρα
799 565 1104 629 ἀκολούθως
1125 569 1244 630 ταῖς
1269 566 1538 638 οὐρανίοις
1565 568 1827 638 δυνάμεσι

250 654 567 726 συγχαίρειν
607 658 672 725 τῇ
727 655 827 725 τῆς
877 655 1055 728 ψυχῆς
1096 659 1337 730 σωτηρίᾳ
1371 659 1826 731 παρακελεύεται,

239 746 385 799 κατά
426 746 518 800 τὸν
551 749 815 819 σωτήριον
846 749 1002 818 λόγον
1036 751 1288 822 φήσαντα
1313 753 1732 824 χαρὰνέσεσθαι
1770 756 1827 808 ἐν

235 837 318 909 τῷ
365 839 582 911 οὐρανῷ
629 841 722 893 ἐπὶ
769 841 850 894 ἐνὶ
902 842 1210 915 ἁμαρτωλῷ
1265 843 1648 915 μετανοοῦντι⁹
1692 845 1829 899 ἀλλὰ

235 931 335 984 καὶ
372 933 452 996 εἰς
508 931 658 997 τέλος
706 931 828 1002 ἄγει
872 934 970 1006 τὴν
1027 935 1314 1008 ἀνθρώπου
1362 937 1539 1008 ψυχὴν
1586 938 1681 993 καὶ
1728 939 1826 1003 τὰς

233 1023 524 1095 οὐρανίους
557 1025 818 1096 δυνάμεις
839 1041 853 1056 ·
889 1025 953 1079 τὸ
991 1027 1099 1098 γὰρ
1127 1029 1260 1082 αὐτὸ
1303 1030 1403 1100 τῆς
1449 1031 1699 1099 εὐλογίας
1732 1031 1825 1102 ἐρ-

233 1131 336 1183 γον
376 1115 672 1190 καὶταύτῃ
709 1118 982 1183 κάκείνοις
1019 1119 1319 1175 ἐπιτάττει.
1364 1121 1617 1175 Δυνατοὶ
1634 1123 1823 1192 ἰσχύϊ,

233 1207 556 1273 ποιοῦντες
607 1209 715 1261 τὸν
761 1211 948 1278 λόγον
998 1209 1206 1273 αὐτοῦ,
1247 1209 1356 1264 τοῦ
1408 1209 1665 1264 ἀκοῦσαι
1715 1208 1826 1276 τῆς

229 1297 446 1368 φωνῆς
479 1298 597 1353 τῶν
617 1303 815 1370 λόγων
834 1302 1043 1356 αὑτοῦ.
1071 1302 1152 1356 Τὰ
1173 1302 1273 1372 μὲν
1289 1301 1430 1354 κατὰ
1461 1303 1540 1364 σὲ,
1562 1301 1745 1373 φησὶν,
1779 1295 1824 1354 ὧ

228 1390 422 1463 ψυχὴ,
475 1391 754 1456 ἐξασθενεῖ
807 1393 944 1466 πρὸς
994 1393 1056 1446 τὸ
1107 1396 1226 1447 κατ’
1281 1394 1436 1459 ἀξίαν
1499 1396 1687 1464 ὑμνεῖν
1732 1395 1825 1447 τὸν

227 1484 401 1538 Θεόν·
436 1485 502 1538 ἐκ
537 1486 736 1556 μέρους
765 1485 822 1539 δὲ
863 1487 1010 1556 ὅμως
1044 1485 1200 1540 τοῦτο
1235 1488 1398 1540 ποίει.
1453 1486 1590 1541 Ἵσθι
1624 1486 1704 1552 δὲ,
1743 1487 1824 1543 ὅτι

226 1577 282 1632 οἱ
329 1577 548 1646 ἄγγελοι
575 1576 762 1644 αὐτοῦ,
791 1577 1006 1632 δυνατοὶ
1042 1578 1186 1649 ίσχύῖ
1225 1580 1396 1644 ὄντες,
1431 1579 1525 1632 καὶ
1550 1577 1823 1632 ἀδιαπτώι-

225 1684 344 1731 τως
370 1667 460 1720 τὸν
505 1667 662 1736 λόγον
695 1668 858 1721 αὐτοῦ
892 1667 1190 1734 ποιοῦντες,
1224 1669 1363 1734 ἄξιοί
1393 1687 1450 1722 τε
1477 1669 1696 1729 ἀκούειν
1721 1669 1823 1739 τῆς

228 1758 423 1828 φωνῆς
461 1759 627 1812 αὐτοῦ
679 1761 772 1813 καὶ
799 1759 910 1814 τῶν
939 1760 1114 1831 λόγων
1159 1760 1344 1827 αὐτοῦ,
1381 1761 1701 1832 πρεπόντως
1727 1761 1821 1814 καὶ

227 1853 359 1905 κατ’
376 1851 532 1918 ἀξίαν
569 1852 881 1922 εὐλογοῦσιν
915 1854 1096 1913 αὐτόν.
1121 1853 1184 1906 Εἰ
1213 1854 1270 1908 δὲ
1296 1855 1392 1906 καὶ
1426 1856 1483 1907 ἐν
1510 1853 1818 1924 ἀνθρώποις

225 1939 345 1996 ε’ίέν
377 1961 521 2006 τινες
547 1943 638 1996 τὸν
673 1945 953 2013 ἱσάγγελον
987 1945 1099 2016 βίον
1139 1945 1545 2016 μετερχόμενοι,
1588 1946 1683 2000 ἆτε
1722 1945 1819 2016 τὴν

223 2038 418 2092 εἰκόνα
466 2037 559 2090 τοῦ
606 2038 928 2109 ἐπουρανίου
975 2036 1286 2110 φοροῦντες,
1325 2038 1599 2108 ἰσχύοντες
1629 2039 1686 2092 δὲ
1729 2041 1821 2100 καὶ

222 2130 391 2183 αὐτοὶ
423 2132 592 2184 ποιεῖν
624 2129 714 2183 τὸν
745 2129 902 2199 λόγον
928 2130 1116 2196 αὐτοῦ,
1146 2129 1240 2187 καὶ
1268 2130 1485 2186 δυνατοὶ
1510 2130 1610 2201 τῆς
1638 2132 1820 2203 φωνῆς

223 2221 401 2275 αὐτοῦ
435 2221 752 2287 ὑπακούειν,
784 2220 926 2276 κατά
961 2223 1050 2276 τὸν
1081 2225 1361 2294 φήσανταο
1391 2221 1597 2277 Πάντα
1632 2225 1820 2296 ἰσχύω

220 2315 301 2368 ἐν
331 2312 412 2380 τῷ
441 2314 880 2384 ἐνδυναμοῦντί
906 2331 1003 2382 με.
1055 2315 1165 2369 Καὶ
1209 2309 1376 2378 οῦτοι,
1417 2314 1694 2385 ἰσάγγελοι
1735 2314 1820 2368 όν-

220 2424 344 2472 τες,
394 2407 783 2476 εὐλογείτωσαν
828 2408 1012 2468 αὐτὸν.
1062 2408 1269 2480 Μηδεὶς
1315 2409 1372 2463 δὲ
1401 2408 1509 2464 τῶν
1541 2409 1818 2480 παραϐαι-

219 2498 431 2553 νόντων
463 2500 553 2554 τὸν
598 2500 754 2569 λόγον
784 2500 949 2556 αὐτοῦ
977 2503 1071 2555 καὶ
1117 2501 1536 2574 παρακουόντων
1574 2501 1674 2572 τῆς
1704 2519 1818 2571 φω-

220 2591 328 2662 νῆς
353 2589 539 2656 αὐτοῦ,
576 2591 1012 2664 προπετέστερον
1047 2591 1299 2663 τολμάτω
1328 2590 1486 2645 τοῦτο
1514 2593 1707 2644 ποιεῖν.

301 2681 624 2753 Εὐλοτεῖτε
663 2683 773 2736 τὸν
813 2684 1050 2756 Κύριον,
1082 2682 1273 2739 πᾶσαι
1307 2686 1368 2737 αἱ
1395 2681 1680 2751 δυνάμεις
1708 2685 1816 2737 αὐ-

218 2775 360 2842 τοῦ,
410 2774 745 2846 λειτουργοὶ
789 2775 1001 2843 αὑτοῦ,
1032 2776 1347 2842 ποιοῦντες
1389 2776 1462 2830 τὰ
1515 2775 1819 2845 θελήματα

217 2867 440 2930 αὐτοῦ.
457 2869 516 2921 Ὀ
542 2869 638 2939 μὲν
661 2867 842 2934 Δαυῖδ,
870 2869 1167 2940 ἐπειδήπερ
1191 2868 1299 2920 εἰσ).
1328 2869 1422 2921 καὶ
1445 2868 1817 2938 ἀντικείμεναι

217 2959 511 3030 δυνάμεις,
546 2959 752 3031 σφόδρα
791 2960 1107 3029 ἀναγκαίως
1139 2959 1391 3038 ἐπιφέρει
1430 2958 1516 3012 τό·
1553 2962 1820 3026 λειτουρ-

218 3051 326 3124 γοὶ
357 3049 565 3116 αὑτοῦ,
598 3051 909 3119 ποιοῦντες
944 3051 1018 3107 τὰ
1045 3043 1352 3122 θελήματα
1375 3050 1583 3114 αὐτοῦ,
1604 3051 1819 3114 δεικνὺς

1347 350 1847 408 COMMENTARIA
1887 353 1952 409 IN
1993 355 2327 414 PSALMOS.

3366 375 3501 429 19.70

1939 577 2021 624 ter
2064 571 2319 628 caelestes
2365 574 2595 632 virtutes
2631 578 2789 646 jubet
2819 585 3012 638 anima:
3057 588 3219 642 saluti
3261 603 3502 658 congau-

1937 659 2103 726 dere,
2136 663 2436 719 secundum
2475 666 2580 721 hoc
2623 667 2926 730 Salvatoris
2973 676 3213 743 dictum,
3255 679 3497 744 scilicet,

1932 753 2192 822 gaudium
2227 754 2344 812 fore
2376 757 2429 811 in
2461 748 2602 814 coelo
2637 776 2802 831 super
2846 781 2955 821 uno
2996 779 3280 838 peccatore
3327 775 3503 842 poeni-

1930 848 2155 903 tentiam
2203 859 2398 922 agente
2451 853 2494 886 “
2528 873 2541 908 :
2572 853 2670 908 sed
2717 857 2882 911 etiam
2925 876 3048 915 cum
3097 863 3336 920 hominis
3381 867 3502 921 ani-

1927 953 2074 992 mam
2097 979 2113 1005 ,
2148 947 2265 995 tum
2301 943 2554 1001 emlestes
2583 948 2820 1003 virtutes
2851 950 2908 1004 in
2959 951 3118 1008 ﬁnem
3162 957 3306 1026 agit:
3356 958 3500 1013 idem

1929 1031 2074 1084 enim
2107 1032 2464 1091 benedicendi
2493 1053 2695 1094 munus
2729 1046 2839 1094 tam
2874 1042 2986 1108 illi,
3020 1061 3182 1114 quam
3216 1050 3336 1104 istis
3365 1066 3502 1119 pra:-

1929 1123 2141 1178 scrihit.
2174 1125 2422 1181 Potentes
2453 1131 2674 1196 virlute,
2705 1131 2956 1199 facientes
2983 1136 3190 1190 verbum
3221 1141 3368 1195 illius
3387 1181 3402 1206 ,
3431 1141 3501 1196 ad

1933 1216 2251 1272 audiendam
2296 1237 2468 1275 vocem
2505 1240 2805 1278 sermonum
2836 1228 2969 1298 ejus.
3007 1228 3163 1295 Quod
3199 1231 3264 1286 ad
3297 1242 3348 1288 te
3377 1250 3501 1304 spe-

1928 1314 2074 1374 ctat,
2110 1313 2384 1375 oanima,
2437 1317 2716 1371 imbecilla
2755 1317 3082 1391 inﬁrmaque
3119 1338 3180 1376 es
3223 1323 3289 1377 ad
3332 1323 3500 1378 Deum

1931 1415 2031 1469 pro
2061 1400 2324 1470 dignitate
2356 1406 2781 1463 celebrandum:
2849 1420 3085 1465 attamen
3129 1413 3181 1467 id
3223 1429 3289 1468 ex
3346 1425 3503 1484 parte

1927 1493 2266 1562 exsequeris.
2311 1494 2464 1552 Scito
2499 1508 2681 1554 autem
2714 1503 2938 1571 angelos
2965 1504 3122 1573 ejus,
3154 1520 3278 1560 cum
3311 1516 3503 1576 poten-

1928 1590 2012 1639 tes
2037 1586 2241 1641 virtute
2263 1587 2374 1642 sint
2393 1628 2408 1653 ,
2432 1599 2486 1645 et
2514 1591 2888 1648 indesinenter
2909 1597 3131 1649 verbum
3160 1598 3252 1650 Dei
3271 1597 3500 1664 i‘aciant,

1925 1675 2184 1748 dignique
2212 1681 2439 1750 sintqui
2463 1698 2652 1739 vocem
2681 1694 2733 1739 et
2760 1702 3066 1743 sermonem
3091 1691 3211 1759 ejus
3239 1694 3465 1747 audiant
3483 1733 3498 1755 ,

1925 1771 2183 1827 decenter
2212 1789 2278 1828 ac
2301 1776 2569 1846 condigne
2601 1778 2704 1846 ipsi
2737 1779 3079 1837 benedicere.
3115 1783 3270 1848 Quod
3302 1787 3349 1839 si
3379 1790 3502 1855 qui-

1923 1865 2046 1919 dam
2085 1865 2227 1921 inter
2272 1866 2528 1924 homines
2555 1869 2664 1925 sint
2693 1872 2788 1941 qui
2825 1873 2988 1926 vitam
3025 1876 3284 1945 angelica-3
3315 1891 3496 1946 parem
3552 1921 3555 1924 .

1925 1955 2142 2019 ineunt,
2170 1965 2358 2028 utpote
2375 1959 2469 2030 qui
2495 1962 2787 2033 imaginem
2812 1965 3055 2022 caelestis
3076 1967 3498 2035 circumferant,

1922 2062 1985 2100 ac
2017 2049 2122 2117 ipsi
2157 2064 2378 2120 quoque
2422 2053 2649 2108 verbum
2678 2054 2798 2123 ejus
2834 2059 3059 2126 exsequi
3093 2067 3148 2114 et
3176 2074 3362 2115 vocem
3395 2076 3497 2114 au.-

1921 2139 2038 2195 dire
2062 2140 2318 2208 valeant,
2344 2144 2650 2200 secundum
2683 2162 2806 2202 eum
2839 2149 2935 2219 qui
2961 2149 3128 2215 dicit,
3164 2150 3355 2206 Omnia
3383 2168 3499 2220 pos-

1919 2247 2038 2285 sunt
2090 2233 2145 2286 in
2189 2249 2249 2288 eo
2286 2236 2376 2305 qui
2421 2252 2504 2290 me
2536 2237 2804 2308 confortat
2837 2239 3016 2307 3’;_hi
3044 2257 3263 2312 quoque
3285 2243 3495 2314 angelis

1903 2337 2084 2392 pares
2114 2338 2238 2378 cum
2265 2327 2374 2382 sint
2393 2367 2408 2392 ,
2429 2327 2753 2383 benedicant
2776 2330 2846 2385 ei.
2874 2330 3043 2388 Nemo
3072 2341 3493 2401 autemeorum,

1921 2416 2016 2486 qui
2047 2417 2274 2472 verbum
2309 2418 2428 2488 ejus
2459 2424 2939 2493 transgrediuntur
2969 2439 3042 2480 ac.
3072 2428 3196 2481 voci
3225 2427 3345 2497 ejus
3382 2444 3498 2485 non

1923 2508 2328 2580 obtemperant,
2355 2519 2560 2568 temere
2590 2514 2694 2568 hoc
2717 2529 2876 2587 agere
2903 2528 3218 2587 praesumat.

1992 2683 2156 2742 Vens.
2193 2687 2284 2754 21,
2312 2687 2403 2745 ‘22.
2444 2688 2742 2746 Benedicite
2770 2691 3018 2759 Domino,
3060 2712 3236 2750 omnes
3276 2698 3495 2756 virtutes

1917 2778 2054 2847 ejus,
2090 2780 2328 2859 ministri
2361 2781 2497 2850 ejus,
2535 2785 2627 2853 qui
2654 2785 2832 2854 facitis
2862 2787 3154 2843 voluntates
3180 2789 3312 2857 ejus.
3347 2790 3495 2857 Quo-

1919 2870 2066 2924 niam
2105 2871 2432 2928 adversaria:
2455 2889 2674 2945 quoque
2703 2877 2950 2934 virtutes
2970 2887 3119 2944 sunt,
3169 2880 3292 2937 ideo
3321 2881 3493 2937 David

1901 2965 2233 3026 necessario
2284 2964 2416 3020 illud
2447 2967 2658 3035 adjicit,
2716 2969 2948 3024 ministri
2989 2972 3126 3039 ejus,
3169 2975 3258 3043 qui
3311 2974 3490 3044 facitis

1919 3052 2213 3108 voluntates
2245 3053 2359 3122 ejus
2383 3070 2402 3108 :
2432 3054 2720 3111 declarans
2761 3071 2901 3126 quas
2951 3065 3005 3112 et
3032 3058 3341 3128 cujusmodi
3381 3062 3495 3114 vir-

217 3149 385 3211 τίνας
409 3146 654 3217 βούλεται
676 3146 770 3199 καὶ
795 3144 986 3208 ὁποίας
1003 3143 1262 3216 δυνάμεις
1281 3144 1521 3211 εὐλογεῖν
1547 3143 1640 3198 τὸν
1660 3143 1813 3196 Θεόν·

1921 3151 2071 3202 totes
2110 3143 2220 3200 Deo
2259 3145 2582 3201 benedicere
2632 3148 2762 3202 velit
2797 3167 2811 3203 :
2842 3163 2953 3204 non
3029 3164 3219 3206 omnes
3267 3151 3488 3222 quippe,

216 3244 315 3295 ὅτι
351 3240 424 3313 μὴ
455 3240 656 3303 πάσας,
694 3239 830 3310 μηδὲ
875 3237 976 3302 τὰς
1021 3237 1287 3302 ἐναντίας,
1316 3235 1453 3290 ἀλλὰ
1509 3236 1668 3306 μόνος
1714 3236 1813 3300 τὰς

218 3331 391 3399 ἀξίας
438 3332 539 3395 τὰς
590 3332 649 3384 ὲν
690 3330 969 3402 διαφόροις
993 3329 1178 3394 τάξεσι
1200 3329 1616 3400 λειτουργούσας
1647 3326 1810 3398 αὐτῷ,

216 3427 350 3497 ἦτοι
383 3413 645 3487 ποιούσας
669 3421 835 3476 αὐτοῦ
865 3421 926 3475 τὸ
965 3421 1195 3492 θέλημα.
1229 3422 1545 3492 Λειτουργοὶ
1571 3423 1680 3492 γάρ
1710 3424 1815 3476 είσι

216 3513 366 3570 Θεοῦ
388 3514 645 3584 δυνάμεις
665 3513 767 3566 ὐπε
777 3510 1030 3582 ρητοῦσαι
1051 3511 1201 3582 αὐτῷ
1220 3513 1300 3575 εἰς
1321 3511 1357 3565 ἃ
1379 3512 1622 3582 βούλεται
1645 3519 1816 3566 ποιεῖν

216 3607 301 3659 δι’
328 3604 507 3658 αὐτῶν
535 3605 623 3656 ἐπ’
651 3602 943 3674 εὐεργεσίᾳ
975 3604 1068 3656 κιιὶ⁵
1092 3601 1330 3674 ὠφελείᾳ
1359 3604 1560 3666 παντός
1577 3621 1588 3632 ·
1616 3603 1698 3657 διὸ
1722 3605 1815 3657 καὶ

219 3700 407 3752 ποιεῖν
447 3697 516 3750 τά
561 3696 842 3768 θελήματα
868 3695 1033 3749 αὐτοῦ
1067 3695 1332 3767 εἴρηνται,
1361 3696 1677 3766 Εὑλογεῖτε
1709 3695 1818 3772 τὸν

221 3791 472 3859 Κύριον,
502 3788 698 3843 πάντα
719 3788 789 3842 τὰ
820 3787 964 3856 ἔργα
987 3786 1279 3852 αὐτοῦ,,ἐν
1309 3787 1488 3841 παντὶ
1515 3790 1676 3852 τόπῳ
1707 3787 1816 3854 τῆς

221 3883 590 3946 δεσποτείας
612 3880 819 3935 αὐτοῦ.
848 3879 1184 3948 Εῠλόγει,,ἡ
1216 3878 1385 3948 ψυχή
1410 3896 1551 3948 μου,
1581 3879 1685 3932 τὸν
1703 3880 1816 3933 Κύ-

214 3973 466 4044 ριον.Ἦ
497 3973 598 4042 τῆς
630 3970 953 4034 ἀκολουθίας
995 3969 1204 4024 διάνοια
1249 3969 1438 4023 τοῦτον
1479 3969 1654 4022 ἔοικεν
1685 3971 1817 4023 ὑπο-

226 4063 450 4116 ϐάλλειν
490 4062 581 4115 τὸν
628 4060 752 4114 νοῦν
773 4077 784 4090 ·
817 4061 882 4114 Ei
915 4059 1015 4132 μὲν
1043 4057 1286 4126 ἀγγέλων
1318 4054 1406 4129 ἦν,
1437 4059 1590 4130 φησὶ,
1634 4059 1813 4129 μόνον,

226 4156 332 4211 καὶ
374 4155 533 4210 θείων
583 4154 865 4225 δυνάμεων
901 4152 996 4207 καὶ
1028 4153 1293 4224 οὐρανίων
1323 4151 1650 4222 λειτουργῶν
1679 4150 1813 4205 Θεοῦ

226 4247 300 4302 τὸ
326 4247 565 4316 εὐλογεῖν
594 4246 778 4310 αὐτὸν,
813 4244 990 4308 καλῶς
1009 4243 1074 4298 ἂν
1101 4241 1263 4314 εἶχες,
1289 4237 1333 4295 ὦ
1363 4242 1528 4315 ψυχὴ,
1556 4244 1815 4297 ὑποστέλ-

225 4341 422 4397 λεσθαι
458 4339 676 4411 ἑαυτὴν,
697 4342 808 4403 τοῖς
839 4339 1110 4408 κρείττοσι
1133 4334 1536 4406 παραχωροῦσα
1551 4334 1647 4405 τὴν
1668 4335 1816 4388 εὐλο-

231 4433 391 4504 γίανο
428 4431 613 4500 ἐπειδὴ
637 4431 693 4483 δὲ
719 4431 746 4483 ό
782 4428 923 4491 θεῖος
947 4427 1104 4496 λόγος
1135 4429 1270 4480 πᾶσι
1299 4429 1411 4488 τοῖς
1443 4425 1623 4496 ἔργοις
1649 4424 1812 4479 αὐτοῦ

1923 3247 2102 3306 neqUe
2132 3236 2512 3306 adversaries;
2549 3239 2646 3295 sed
2671 3239 2847 3297 solum
2879 3255 2974 3297 eas
2999 3255 3124 3309 qua:
3141 3241 3317 3312 dignae
3337 3251 3488 3306 sunt,

1918 3335 1972 3383 et
1995 3327 2162 3382 variis
2192 3327 2478 3385 ordinibus
2503 3330 2610 3400 ipsi
2639 3331 2972 3396 ministrant,
3004 3331 3119 3388 sive
3139 3347 3258 3404 quae
3285 3333 3494 3389 faciunt

1917 3420 2258 3475 voluntatem
2301 3421 2444 3491 ejus.
2489 3420 2625 3476 Nam
2672 3423 2913 3480 ministri
2953 3423 3048 3479 Dei
3097 3433 3226 3480 sunt
3260 3426 3493 3482 virtutes

1918 3511 2024 3582 ipsi
2055 3512 2124 3567 ad
2165 3513 2420 3583 quaelibet
2447 3529 2678 3569 munera
2720 3529 2820 3584 pro
2864 3516 3130 3571 beneﬁcio
3159 3523 3214 3572 et
3258 3518 3522 3572 utilitate-

1898 3604 2164 3670 universi
2199 3605 2576 3663 ministrantes
2607 3624 2621 3660 :
2649 3621 2820 3676 quare
2845 3607 3154 3662 voluntates
3178 3608 3299 3678 ejus
3333 3623 3492 3663 exse-

1918 3696 2010 3766 qui
2047 3695 2326 3752 dicuntur.
2353 3697 2653 3751 Benedicite
2686 3695 2938 3763 Domino,
2960 3698 3140 3751 omnia
3169 3713 3326 3766 opera
3352 3698 3492 3768 ejus,

1917 3790 1972 3843 in
1993 3790 2137 3843 omni
2162 3788 2276 3842 loco
2308 3787 2690 3844 dominationis
2718 3788 2854 3856 ejus.
2881 3787 3126 3855 Benedic,
3150 3789 3330 3842 anima
3349 3805 3492 3854 mea,

1921 3878 2168 3933 Domino.
2201 3876 2327 3931 Haec
2356 3875 2520 3932 seriei
2544 3889 2698 3930 mens
2721 3883 2774 3930 et
2804 3877 3072 3930 sententia
3099 3876 3311 3932 videtur
3327 3893 3486 3938 esse;

1897 3969 1982 4041 Si
2010 3968 2352 4039 angelorum,
2383 3967 2584 4036 inquit,
2626 3965 2992 4031 solummodo,
3032 3966 3342 4024 divinarum
3373 3969 3489 4024 vir.-

1918 4068 2119 4124 tutum,
2144 4060 2562 4128 cmicstiumque
2595 4055 2691 4113 Dei
2720 4057 3097 4113 ministrorum
3132 4057 3367 4114 oﬂicium
3399 4074 3491 4116 es-

1919 4162 2003 4209 set
2026 4153 2131 4224 ipsi
2161 4132 2517 4217 benedicere,
2544 4159 2692 4205 recte
2718 4164 2929 4228 posses,
2959 4164 2993 4203 ο
3031 4151 3234 4215 anima,
3270 4159 3322 4206 te
3350 4166 3485 4206 con-

1917 4245 2112 4308 tinere,
2139 4258 2203 4298 ac
2231 4249 2285 4298 te
2307 4241 2624 4297 melioribus
2645 4238 3080 4296 benedictionem
3107 4240 3332 4308 cedere;
3356 4241 3485 4310 quia

1918 4350 2049 4391 vero
2088 4334 2310 4390 divinus
2344 4346 2525 4388 sermo
2547 4331 2764 4386 cunctis
2796 4331 2918 4400 ejus
2948 4331 3206 4401 operibus
3235 4333 3484 4402 praecipit

1919 4437 1978 4484 ut
2011 4427 2244 4483 Domino
2278 4425 2639 4493 benedicant;
2675 4440 2774 4496 par
2799 4434 2879 4480 est
2909 4424 3054 4478 enim
3085 4437 3301 4477 omnem
3330 4437 3487 4496 crea-

233 4525 480 4596 εὐλογεῖν
500 4525 590 4577 τὸν
610 4522 814 4594 Κύριον
834 4521 1159 4594 προστάττει
1179 4536 1193 4550 ⁸
1221 4520 1488 4590 προσήκει
1512 4518 1616 4589 γὰρ
1633 4519 1812 4571 πᾶσαν

1921 4528 2096 4574 turam
2147 4533 2248 4588 pro
2297 4517 2576 4582 facultate,
2629 4520 3019 4585 congruentem
3063 4511 3175 4567 Deo
3225 4513 3484 4583 hymnum

233 4618 336 4692 τὴν
379 4617 556 4671 κτίσιν
603 4615 743 4669 κατά
788 4613 886 4685 τὴν
932 4613 1100 4683 αὐτῆς
1142 4611 1367 4683 δύναμιν
1399 4611 1488 4666 τὸν
1536 4610 1812 4681 πρέποντα

238 4712 408 4786 ῦμνον
434 4708 742 4764 ἀποδιδόναι
768 4705 846 4778 τῷ
878 4703 995 4776 Θεῷ
1013 4721 1026 4733 ο
1062 4703 1113 4756 τί
1146 4702 1377 4774 μέλλεις,
1403 4695 1614 4774 ὦ.ψυχή
1637 4720 1650 4768 ;
1681 4704 1814 4773 Οὐχὶ

237 4802 337 4858 καὶ
363 4801 520 4871 αὐτὴ,
556 4799 650 4852 am
702 4797 860 4866 ἔργον
907 4796 1008 4848 οὐκ
1054 4791 1522 4864 εὐκαταφρόνητον
1556 4787 1686 4843 οὖσα
1719 4790 1811 4844 τοῦ

239 4894 399 4959 Θεοῦ,
429 4891 564 4947 ἀλλά
592 4891 712 4944 κατ’
740 4888 920 4944 εἰκόνα
945 4884 1138 4941 ἑαυτοῦ
1173 4885 1535 4954 πεποιημένη,
1557 4882 1810 4954 ἀνεγείρῃ

243 4985 474 5057 σεαυτὴν
520 4985 612 5037 ἐπὶ
656 4984 755 5054 τὴν
799 4979 1075 5048 θεολογίαν
1113 4977 1206 5031 καὶ
1238 4977 1481 5046 εὐλογίαν
1515 4975 1607 5028 τοῦ
1636 4974 1809 5039 Θεοῦ;

253 5077 473 5149 Ἐπειδὴ
503 5079 536 5146 ἡ
563 5073 845 5128 δεσποτεία
872 5073 1056 5136 αὐτοῦ,
1093 5074 1230 5128 κατά
1256 5069 1316 5124 τὸ
1339 5068 1644 5140 εἰρημένον,
1678 5069 1814 5121 παν-

241 5189 348 5225 των
366 5166 638 5232 δεσπόζει,
670 5163 956 5236 οὐρανίων,
975 5163 1249 5228 ἐπιγείων,
1278 5160 1663 5231 καταχθονίων,
1681 5158 1813 5210 ἀκο-

242 5260 446 5323 λούθως
488 5256 666 5310 πάντα
691 5255 760 5307 τά
787 5253 921 5325 ἔργα
951 5250 1138 5316 αὐτοῦ,
1172 5251 1247 5314 ὡς
1280 5250 1345 5304 ἂν
1379 5251 1482 5303 ὑπὸ
1520 5248 1616 5320 τὴν
1648 5246 1812 5312 αὐτοῦ

243 5348 555 5406 δεσποτείαν
579 5346 726 5409 ὄντα,
750 5344 820 5397 τὰ
862 5341 1149 5413 σύμπαντα
1175 5339 1303 5410 γὰρ,
1335 5340 1486 5411 φησὶ,
1515 5337 1676 5392 δοῦλα
1723 5331 1810 5400 σά,

242 5443 318 5508 ὡς
351 5442 650 5511 ποιήματα,
681 5435 966 5505 εὐλογείτω
1015 5433 1195 5486 αὐτόν.
1225 5434 1335 5486 Καὶ
1382 5432 1496 5495 πῶς
1535 5429 1813 5499 εὐλογοῦσι

245 5533 315 5588 τὰ
338 5534 506 5602 ἄλογα
538 5532 631 5584 καὶ
659 5530 726 5582 τὰ
752 5527 967 5597 diduxit;
1016 5526 1102 5588 Ὡς
1124 5525 1340 5595 οὐρανοὶ
1379 5524 1688 5596 διηγοῦνται
1731 5522 1813 5574 δό-

249 5626 346 5696 ξαν
385 5623 518 5678 Θεοῦ
540 5663 555 5688 ,
587 5622 802 5683 πάντως
829 5619 950 5672 ἀντὶ
985 5616 1169 5687 φωνῆς
1205 5615 1459 5689 χρώμενα
1487 5619 1556 5691 τῇ
1586 5617 1702 5687 ὄψει
1734 5617 1812 5679 εἰς

321 5802 365 5835 ⁸⁸
403 5800 537 5858 Luc.
575 5815 663 5865 xv,
701 5799 751 5852 Ἰ.
827 5798 871 5829 ³¹
910 5797 1141 5868 Philipp.
1179 5811 1251 5862 tv,
1290 5796 1376 5851 l5.

1915 4608 2184 4672 emittere,
2215 4607 2347 4677 quid
2383 4607 2682 4670 cunctaris,
2705 4619 2739 4658 ο
2771 4603 2987 4657 anima?
3025 4601 3279 4672 Nunquid
3320 4610 3487 4658 etiam

1915 4703 2058 4769 ipsa,
2085 4681 2279 4768 utpote
2303 4712 2442 4767 opus
2466 4695 2561 4751 Dei
2587 4710 2696 4750 non
2727 4693 3116 4764 spernendum,
3149 4693 3244 4748 sed
3260 4694 3326 4749 ad
3349 4695 3487 4748 ima-

1920 4794 2100 4864 ginem
2133 4792 2254 4862 ejus
2287 4791 2513 4854 factum,
2545 4788 2890 4856 temetipsam
2930 4789 3137 4844 excitas
3172 4787 3240 4840 ad
3269 4787 3504 4846 divinas.

1916 4885 2107 4940 laudes
2128 4890 2181 4937 et
2214 4883 2282 4936 ad
2314 4878 2745 4937 benedicendum
2772 4877 2915 4932 Deo?
2942 4877 3208 4943 Quoniam
3242 4877 3485 4933 domina-

1916 4976 1993 5029 tio
2022 4975 2164 5044 ejus,
2208 4981 2271 5027 ut
2300 4973 2505 5028 dictum
2539 4979 2644 5034 est,
2679 4969 2933 5026 omnibus
2977 4969 3206 5038 imperat
3246 4967 3484 5023 caalesti-

1918 5067 2044 5130 bus,
2093 5066 2445 5121 terrestribus
2494 5071 2550 5118 et
2594 5061 3028 5128 infernisrideo
3084 5061 3267 5114 omnia
3317 5076 3483 5130 opera

1916 5161 2058 5230 ejus,
2101 5164 2290 5229 utpote
2315 5156 2486 5225 ipsius
2520 5151 2878 5208 dominationi
2915 5149 3154 5216 subdita,
3185 5149 3287 5218 ipsi
3319 5149 3483 5204 bene-

1916 5253 2120 5307 dicant.
2151 5249 2288 5304 Nam
2309 5247 2514 5312 omnia,
2551 5245 2750 5315 inquit,
2783 5243 2878 5296 tibi
2908 5242 3340 5311 subdita,utpote
3363 5240 3483 5309 opi-

1918 5343 2043 5398 ﬁcia
2070 5351 2186 5407 tua,
2216 5337 2541 5396 benedicere
2567 5335 2665 5391 tibi
2694 5335 2910 5390 debent.
2945 5331 3010 5386 Et
3031 5331 3304 5403 quomodo
3325 5331 3483 5386 bene-

1915 5434 2102 5489 dicant
2127 5430 2527 5487 irrationabilia
2555 5436 2610 5484 et
2641 5426 2980 5482 inanimata?
3020 5425 3138 5492 Quo
3169 5423 3329 5479 modo
3355 5423 3488 5488 coeli

1915 5535 2174 5581 enarrant
2202 5523 2430 5595 gloriam
2456 5521 2573 5586 Dei,
2613 5520 2704 5590 qui
2735 5534 2866 5574 sane
2910 5523 3206 5588 conspectu
3244 5532 3344 5572 suo
3377 5531 3480 5570 ceu

1916 5634 2068 5685 voce,
2120 5617 2187 5673 ad
2225 5611 2585 5673 exhibendam
2613 5611 2710 5669 Dei
2739 5611 2996 5668 virtutem
3041 5617 3272 5666 utuntur
3299 5629 3310 5666 :
3340 5609 3504 5671 unde;
