3868 6282
456 360 587 414 1271

1176 355 1447 411 EUSEBII
1482 351 1960 411 CAESARIENSIS
1991 351 2142 410 OPP.
2181 351 2358 408 PARS
2399 353 2486 410 111.
2524 385 2595 396 -—
2632 355 3047 412 EXEGETICA.

3532 360 3639 414 1272

451 493 552 548 ego
577 477 835 531 laudandi
867 480 1214 531 occasionem
1253 477 1487 547 accipio,
1517 483 1574 531 et
1611 474 1678 530 ad
1707 474 2021 530 Creatorem

2160 490 2366 544 μφασιν
2395 473 2493 544 τῆς
2523 473 2669 538 θείας
2701 475 3012 546 δυνάμεωςο
3047 475 3176 546 παρ’
3203 463 3286 528 ὧν
3304 472 3409 543 ἐγὼ
3430 475 3644 546 λαμϐάνω

450 569 839 624 celebrandum
877 581 1167 638 provocor.
1211 566 1278 621 Et
1316 568 1454 622 alias
1497 567 1676 624 solent
1705 567 2025 637 plerumque

2153 566 2219 618 οῦ
2254 566 2442 637 ὑμνεῖν
2484 567 2586 630 τὰς
2637 567 2910 638 ἀφορμὰς,
2945 567 3036 621 καὶ
3082 567 3336 638 κινοῦμαι
3365 567 3490 638 πρὸς
3515 571 3646 641 εὐφη-

450 663 732 733 prophetae
753 662 916 716 etiam
947 660 1374 716 irrationabilem
1401 667 1652 715 naturam
1686 659 1753 713 ad
1780 658 1874 715 Dei
1909 660 2028 713 lau-

454 755 553 809 des
611 752 916 810 eﬂerendas
964 768 1268 817 assumere,
1323 754 1484 824 quasi
1529 752 1874 808 rationabilis
1915 767 2026 806 non

453 845 708 913 suﬂiciat,
748 846 826 900 uti
857 861 1042 900 revera
1072 846 1226 915 pueri
1265 846 1320 900 in
1363 845 1581 899 camino
1611 845 1879 900 fecerunt.
1911 843 2029 898 Cas-

453 947 631 994 terum
665 942 922 996 omnibus
953 940 1008 994 in
1041 940 1178 996 locis
1215 955 1412 995 canere
1439 937 1641 993 Judaeis
1687 953 1792 992 non
1830 953 2031 993 conve—

452 1034 556 1089 nit.
606 1031 687 1087 Illi
731 1033 931 1103 quippe
981 1033 1048 1087 ab
1084 1032 1153 1088 iis
1179 1032 1272 1102 qui
1325 1047 1382 1086 se.
1421 1031 1476 1085 in
1527 1031 1896 1102 captivitatem
1933 1030 2030 1084 ah-

454 1125 750 1190 duxerant,
802 1125 858 1178 in
901 1123 1178 1196 Babylone
1229 1140 1295 1178 ex
1340 1123 1576 1179 canticis
1632 1122 1764 1177 Sion
1807 1130 2030 1178 cantare

453 1213 620 1284 jussi.
660 1215 935 1279 dixerunt,
986 1213 1286 1284 etquidem
1322 1213 1624 1269 secundum
1654 1214 1826 1284 legem
1869 1227 2033 1282 agen—

456 1305 888 1371 tes:Quomodo
944 1306 1168 1360 cantabo
1221 1307 1490 1359 canticum
1515 1305 1731 1358 Domini
1778 1305 1831 1356 in
1891 1313 2032 1356 terra

457 1396 634 1451 aliena
653 1398 696 1430 ³³
719 1399 742 1451 ?
768 1398 938 1452 Nobis
962 1407 1141 1452 autem
1203 1398 1423 1453 divinus
1458 1399 1752 1468 Apostolus
1791 1397 2036 1467 praecipit

459 1494 520 1540 ut
565 1487 620 1541 in
671 1490 819 1544 onmi
883 1490 1001 1544 loco
1051 1498 1276 1544 orantes
1330 1489 1608 1544 elevemus
1654 1497 1874 1544 sanctas
1917 1501 2036 1542 ma-

459 1594 567 1636 nus
609 1580 674 1635 “.
731 1579 970 1651 ldipsum
1039 1581 1306 1638 Dominus
1361 1581 1616 1639 Christus
1679 1580 2036 1636 Samaritana:

461 1668 621 1733 dixit,
658 1669 884 1725 localem
933 1671 1312 1726 adorationem
1339 1671 1408 1727 de
1438 1673 1617 1726 medio
1661 1671 1882 1734 tollens,
1919 1671 2040 1724 cul-

460 1768 686 1830 tumque
706 1761 910 1817 docens
933 1763 986 1818 in
1013 1761 1222 1833 Spiritu
1251 1774 1304 1818 ct
1329 1763 1557 1819 veritate
1577 1763 1943 1819 exhibendum
1969 1762 2034 1816 ⁸⁵.

1001 1874 1325 1932 PSALMUS
1362 1875 1492 1934 Cll].

538 1963 706 2021 Vens.
763 1967 815 2033 1,
864 1967 924 2022 2.
968 1967 1212 2034 Benedic,
1269 1970 1470 2032 anima,
1529 1967 2045 2022 Domino:Dominc

446 2050 605 2110 'Deus
643 2072 810 2121 meus,
858 2059 1230 2128 magniﬁcatus
1274 2076 1327 2114 es
1368 2059 2042 2128 reltementer:confessio-

460 2162 581 2203 tum
612 2157 662 2202 et
695 2148 935 2202 decorem
964 2148 1210 2214 induisti,
1239 2152 1466 2203 anxietas
1509 2151 1704 2204 lumine
1728 2149 1863 2204 sicut
1893 2151 2045 2204 vesti-

461 2247 659 2295 mento.
686 2241 733 2294 Δ
761 2248 1142 2296 creaturarum
1177 2242 1578 2311 magnitudine,
1613 2241 1958 2314 providentia
1991 2249 2045 2298 et

461 2331 729 2387 varietate
765 2331 997 2386 docetur
1047 2333 1229 2387 anima
1272 2333 1507 2403 gaudere
1557 2349 1621 2388 ac
1662 2334 1915 2389 fiduciam
1959 2349 2046 2389 su-

463 2438 653 2479 mere:
687 2424 764 2478 ita
797 2431 858 2478 ut
896 2425 952 2480 in
985 2440 1052 2482 eo
1095 2425 1382 2497 glorietur,
1417 2441 1481 2481 ac
1512 2426 1800 2480 Dominum
1845 2425 2047 2481 Deum-

466 2530 575 2584 que
600 2529 762 2570 suum
790 2531 1047 2587 magnum
1078 2524 1356 2572 tantarum
1384 2534 1566 2573 rerum
1591 2519 1840 2588 opificem
1872 2515 2046 2572 ascri-

464 2606 585 2674 bat,
623 2623 860 2679 eumque
911 2610 1017 2664 sibi
1067 2610 1352 2681 pr0prium
1397 2611 1653 2681 praedicet
1692 2626 1818 2665 cum
1847 2609 2046 2664 affectu

466 2699 682 2766 dicens,
720 2701 942 2756 Domine
973 2702 1117 2758 Deus
1162 2721 1330 2758 meus.
1374 2703 1770 2771 Confessionem
1803 2712 1852 2758 et
1893 2703 2047 2757 deco-

455 2808 582 2866 rem
609 2791 852 2859 induisti,
873 2796 1098 2849 amictus
1123 2795 1318 2849 lumine
1338 2796 1474 2849 sicut
1499 2796 1826 2850 vestimento.
1852 2792 2050 2860 Quem-

455 2879 765 2970 ;admodum
797 2887 846 2942 is
879 2888 973 2958 qui
1015 2889 1260 2943 sensibili
1299 2888 1627 2943 vestimento
1660 2886 1927 2951 induitur,
1952 2902 2050 2940 un-

2131 658 2259 729 μῖαν
2293 657 2387 711 τοῦ
2423 659 2940 723 κτίσαντος.”Δλλως
2974 676 3032 710 τε
3061 658 3312 712 εἰώθασιν
3341 659 3390 711 οἱ
3423 661 3648 731 nminat

2128 751 2223 805 καὶ
2265 751 2363 823 τὴν
2396 752 2593 820 ἄλογον
2626 751 2788 821 φύσιν
2835 751 3093 815 πολλάκις
3137 752 3560 823 παραλαμϐάνειν
3590 758 3650 819 εἰς

2129 843 2404 914 εὐφημίαν
2431 843 2526 896 τοῦ
2561 842 2718 907 Θεοῦ,
2745 843 2818 908 ὼς
2845 843 2944 896 οὐκ
2976 843 3303 916 ἀποχρώσης
3325 844 3421 914 τῆς
3455 845 3651 917 λογικῆς,

2130 936 2380 1007 καθάπερ
2409 936 2601 1006 ἀμέλει
2638 937 2730 989 καὶ
2771 937 2821 988 οἱ
2868 935 3055 999 παῖδες
3090 937 3147 987 ὲν
3186 939 3254 1008 τῇ
3291 936 3513 1007 καμίνῳ.
3544 939 3655 1010 Πλὴν

2129 1031 2191 1084 τὸ
2219 1032 2277 1084 ὲν
2311 1031 2470 1083 παντὶ
2492 1029 2642 1098 τόπῳ
2668 1028 2812 1100 ᾄδειν
2847 1027 2945 1098 οὐχ
2979 1026 3237 1098 ἁρμόττει
3264 1029 3378 1090 τοῖς
3413 1028 3653 1093 Ἰουδαίοις.

2145 1122 2369 1176 Ἐκεῖνοι
2401 1121 2528 1194 γὰρ,
2566 1121 2672 1174 ὑπὸ
2701 1121 2809 1174 τῶν
2862 1119 3370 1191 ἀνδραωδισάντων
3398 1115 3514 1191 ᾄσαι
3534 1138 3660 1194 προο-

2132 1212 2420 1283 ταχθέντες
2465 1212 2530 1264 ὲκ
2568 1211 2674 1265 τῶν
2713 1211 2866 1282 ᾠδῶν
2908 1211 3046 1264 Σιὼν
3072 1212 3132 1264 ὲν
3157 1210 3456 1275 Βαϐυλῶνι,
3483 1211 3660 1281 ἔφασαν,

2133 1305 2354 1376 ἔννομον
2390 1302 2624 1375 δρῶντες
2644 1321 2658 1334 ·
2690 1303 2824 1370 Πῶς
2863 1302 3082 1371 ᾄσομαι
3126 1303 3242 1370 τὴν
3291 1302 3458 1369 ᾠδὴν
3490 1307 3666 1372 Κιιοίου

2133 1400 2231 1452 ἐπὶ
2265 1396 2375 1468 γῆς
2391 1398 2729 1465 ἀλλοτρίας.
2748 1399 2910 1468 Ἡμῖν
2931 1397 2986 1449 δὲ
3007 1398 3036 1449 ὁ
3069 1397 3212 1460 θεῖος
3228 1396 3544 1460 Ἀπὸστολος
3563 1415 3668 1471 παρ-

2137 1492 2309 1562 εγγυᾷ
2341 1492 2398 1543 ἐν
2439 1491 2602 1542 παντὶ
2642 1491 2791 1560 τόπῳ
2836 1489 3296 1560 προσευχομένοις
3330 1489 3499 1559 αἴρειν
3534 1489 3670 1551 ὁσίους

2137 1587 2343 1656 χεῖρας.
2376 1584 2546 1637 Τοῦτο
2575 1584 2668 1636 καὶ
2699 1584 2727 1634 ὁ
2766 1583 3031 1653 δεσπότης
3059 1582 3296 1655 Χριστὸς
3329 1581 3465 1652 πρὸς
3492 1580 3578 1651 τὴν
3602 1580 3671 1635 ΣΞ·

2143 1677 2389 1746 μαρεῖτιν
2415 1674 2541 1744 ἔφη,
2563 1674 2663 1745 τὴν
2695 1672 2921 1744 τοπικὴν
2951 1671 3188 1743 ἀναιρῶν
3221 1670 3672 1742 προσκύνησιν,τὴν

2071 1822 2113 1876 Β
2138 1766 2196 1819 δὲ
2227 1768 2286 1820 ὲν
2302 1766 2577 1836 Πνεὺματι
2606 1765 2696 1818 καὶ
2727 1763 3236 1836 ἀληθείαὶδιδάσκων
3269 1763 3538 1833 λατρείαν.

2706 1877 2999 1932 ΨΑΛΜΟΣ
3024 1877 3126 1932 PI"

2216 1976 2489 2042 Εὑλόγει,
2522 1972 2559 2039 ἡ
2609 1959 2778 2042 ψὺχή
2818 1990 2960 2042 μου,
3004 1970 3114 2026 τὸν
3162 1973 3427 2034 Κύριον·
3476 1971 3625 2040 Κύριε
3655 1973 3680 2025 ὁ

2147 2070 2292 2133 Θεός
2321 2085 2438 2136 μου
2461 2105 2474 2128 ,
2500 2066 2908 2134 ἐμεγαλύνθης
2958 2065 3196 2136 σφόδρα
3214 2081 3228 2095 ⁸
3291 2065 3680 2134 ἐξομολόγησιν

2144 2159 2243 2214 καὶ
2288 2157 2650 2226 εὐπρέπειαν
2692 2155 2960 2210 ἐνεδύσω
2985 2195 3000 2220 ,
3055 2155 3546 2222 ἀναϐαλλόμενος
3587 2151 3679 2221 φῶς

2144 2250 2226 2316 ὠς
2272 2247 2520 2318 ἱμάτιον.
2571 2245 2668 2298 Διά
2701 2247 2798 2315 τῆς
2822 2246 2928 2298 τῶν
2955 2247 3272 2318 κτισμάτων
3327 2244 3680 2318 μεγαλουργίας

2146 2345 2240 2397 καὶ
2271 2341 2527 2413 προνοίας
2571 2341 2666 2394 καὶ
2712 2339 3084 2410 ποικιλὸτητος
3117 2340 3334 2411 χαίρειν
3376 2338 3439 2410 δὴ
3465 2339 3519 2390 ἐν
3544 2336 3682 2404 ταύτῷ

2146 2435 2243 2489 καὶ
2267 2435 2468 2507 Θάρσος
2493 2431 2892 2503 ἀναλαμϐάνειν
2919 2432 3227 2486 διδάσκεται
3256 2433 3292 2503 ἡ
3323 2430 3489 2501 ψυχὴ,
3518 2429 3594 2482 διὰ
3615 2427 3679 2480 τοῦ

2149 2524 2528 2597 σεμνύνεσθαι,
2556 2525 2647 2578 καὶ
2678 2525 2880 2596 Κύριον
2911 2525 3110 2596 ἑαυτῆς
3137 2525 3230 2578 καὶ
3251 2524 3390 2577 Θεὸν
3411 2523 3518 2576 τῶν
3534 2521 3680 2574 τοσού-

2147 2637 2255 2672 των
2278 2618 2647 2690 μεγαλουργὸν
2673 2616 3096 2688 ἐπιγράφεσθαι,
3121 2619 3213 2671 καὶ
3241 2616 3594 2670 ἰδιοποιεῖσθαι
3610 2615 3679 2667 αὖ·

2147 2710 2239 2765 τὸν
2291 2713 2349 2764 ὲν
2394 2710 2473 2782 τῷ
2522 2710 2736 2779 λέγειν’
2780 2709 2834 2763 '0
2877 2710 3020 2776 Θεός
3065 2727 3204 2780 μου,
3239 2709 3384 2782 μετὰ
3423 2707 3679 2768 διαθέσεως,

2149 2802 2586 2872 ἐξομολόγησιν
2625 2801 2721 2855 καὶ
2771 2801 3134 2869 εὐπρέπειαν
3157 2801 3450 2866 ὲνεδύσω,
3474 2801 3681 2854 ἀναϐαλ-

2150 2897 2405 2966 λόμενος
2463 2893 2589 2964 φῶς
2639 2894 2719 2959 ὡς
2770 2893 3021 2963 ἱμάτιον.
3065 2893 3152 2958 Ὧς
3213 2895 3241 2947 ὁ
3302 2892 3681 2961 ἀναϐαλλόμενος

458 2978 640 3060 ί(Πίιιιο
683 2982 920 3052 tegitur;
952 2982 1033 3038 sic
1081 2983 1226 3053 quod
1277 2979 1373 3035 Dei
1407 2980 1589 3035 lumen
1645 2979 1907 3035 sustineri
1952 2993 2050 3033 ne-

2153 2984 2406 3056 αέσθητὸν
2453 2983 2665 3056 ἱμάτιον
2700 2981 2964 3036 πάντοθεν
2996 2982 3359 3048 καλύπτεται,
3390 2983 3525 3034 οὕτω
3555 2980 3604 3032 τὸ
3631 2980 3682 3049 μὴ

470 3079 656 3142 queat,
696 3073 1302 3144 incomprehensibilem
1344 3088 1465 3129 esse
1508 3073 1657 3128 illius
1688 3071 2048 3127 substantiam

2153 3075 2405 3130 δύνασθαι
2456 3075 2695 3147 διασχεῖν
2739 3073 2799 3127 τὸ
2847 3075 2972 3146 περὶ
3004 3074 3094 3128 τὸν
3127 3074 3258 3128 Θεὸν
3292 3074 3429 3143 φῶς,
3461 3070 3681 3141 ἀκατάλη-

471 3163 738 3222 declarat.
778 3165 882 3222 Sed
911 3167 1044 3238 quid
1088 3167 1191 3231 ais,
1239 3183 1271 3220 ο
1320 3166 1528 3220 David?
1557 3165 1902 3236 Evangelista
1933 3163 2046 3218 ait:

2159 3187 2291 3222 πτον
2318 3167 2482 3223 αὑτοῦ
2520 3169 2616 3238 τὴν
2647 3167 2836 3221 οὐσίαν
2881 3167 3230 3240 παρίστησιν.
3250 3165 3415 3218 Ἀλλά
3451 3165 3500 3218 τί
3528 3165 3629 3235 φῄς,
3651 3156 3684 3214 ὦ

459 3244 602 3328 ‘Ipse
632 3267 709 3312 est
761 3259 855 3312 lux
903 3275 1046 3324 vera,
1085 3275 1200 3330 qua
1245 3259 1510 3312 illuminat
1550 3274 1754 3311 onmem
1792 3257 2053 3310 hominem

472 3350 766 3405 venientem
801 3350 858 3402 in
897 3349 1032 3402 hunc
1067 3348 1322 3402 mundum
1341 3350 1406 3402 ".
1456 3347 1661 3404 Paulus
1713 3363 1844 3402 vero
1895 3346 2051 3408 dicit,

473 3441 657 3512 ipsum
697 3442 872 3495 lucem
923 3440 1233 3495 inhabitare
1283 3441 1743 3502 inaccessibilem,
1785 3448 1839 3495 et
1872 3447 1931 3493 tu
1974 3438 2056 3492 ais

477 3535 660 3605 ipsum
682 3533 889 3588 lumine
915 3532 1067 3587 indui
1098 3533 1244 3588 sicut
1269 3534 1631 3588 vestimento?
1659 3531 1858 3588 Viden’
1882 3547 2058 3598 neque

475 3625 822 3697 prophetam,
857 3641 1036 3696 neque
1069 3625 1484 3696 evangelistam,
1538 3639 1716 3694 neque
1749 3622 2057 3694 apostolum

477 3732 646 3788 posse
672 3733 790 3773 eam
828 3718 1134 3773 claritatem
1181 3715 1506 3787 complecti;
1539 3716 1632 3770 sed
1665 3730 1696 3768 a
1744 3714 2059 3768 nominibus

482 3808 630 3880 apud
670 3825 774 3866 nos
804 3809 1024 3866 usitatis
1050 3807 1314 3879 paulatim
1345 3806 1728 3869 ascendentes,
1765 3807 2058 3859 obscuram

482 3901 774 3972 quamdam
813 3900 1104 3956 ineﬂ'abilis
1148 3899 1299 3955 illius
1346 3896 1536 3969 glorise
1569 3896 1939 3967 cognitionem
1981 3893 2061 3948 af-

483 3990 669 4048 ferre?
699 3990 838 4058 Quia
879 3992 1027 4046 enim
1065 3990 1318 4060 ignorant
1351 4003 1474 4058 qua:
1504 3988 1576 4042 sit
1606 3985 1698 4039 illa
1729 3984 2059 4046 substantia,

488 4100 522 4139 a
565 4084 734 4140 rebus
782 4085 926 4154 apud
982 4098 1085 4138 nos
1121 4081 1440 4152 conspicuis
1488 4094 1588 4151 pro
1611 4077 1870 4135 facultate
1911 4076 2062 4131 illam

488 4175 779 4247 complecti
811 4181 1100 4231 conantur.

560 4355 728 4413 Vens.
778 4357 837 4421 3,
866 4356 920 4411 4.
963 4353 1264 4409 Extendens
1310 4353 1499 4407 etclam
1541 4353 1678 4408 sicut
1719 4349 1929 4420 pellem,
1963 4350 2066 4420 'qui

489 4452 616 4523 tegit
644 4449 795 4522 aquis
831 4449 1106 4518 superiora
1128 4447 1242 4517 ejus
1271 4462 1289 4500 :
1317 4447 1406 4518 qui
1431 4447 1577 4517 ponit
1609 4443 1768 4498 nubes
1791 4459 2065 4498 ascensum

2155 3262 2349 3328 Δαυῒδ;
2413 3263 2468 3316 Ὀ
2517 3260 2905 3330 εὐαγγελιστής
2966 3277 3163 3330 φησιν’
3209 3259 3333 3313 Ὅτι
3383 3259 3552 3323 αὐτός
3591 3257 3684 3310 ἐστι

2155 3352 2282 3422 φῶς
2336 3349 2644 3420 ἀληθινὸν,
2695 3349 2726 3403 ὃ
2773 3349 2998 3418 φωτίζει
3047 3348 3243 3403 πάντα
3289 3349 3590 3417 ἄνθρωπον
3621 3346 3684 3411 ἐρ-

2157 3447 2417 3516 χόμενον
2446 3446 2533 3509 εἰς
2560 3442 2669 3496 τὸν
2701 3443 2952 3511 κόσμον.
2973 3443 3030 3495 Ὀ
3054 3443 3109 3495 δὲ
3139 3441 3378 3505 Παῦλος,
3417 3442 3495 3494 ὅτι
3520 3437 3614 3508 φῶς
3633 3436 3685 3488 οξ-

2159 3534 2270 3587 κῶν
2303 3534 2616 3606 ἀπρόσιτον,
2655 3533 2717 3585 σὺ
2754 3531 3176 3604 περιϐεϐλῆσθαι
3209 3532 3271 3585 τὸ
3303 3531 3422 3602 φῶς
3447 3529 3588 3584 αὐτὸν
3611 3526 3685 3596 φῂς

2159 3625 2233 3689 ὡς
2267 3626 2512 3696 ἱμάτιονς
2559 3624 2740 3696 Ὁρᾷς,
2774 3625 2874 3689 ὅτι,
2911 3624 3015 3678 κᾶν
3041 3625 3331 3697 προφήτης
3407 3641 3507 3688 τις,
3523 3620 3608 3674 κᾶν
3621 3619 3684 3672 2'5-

2160 3715 2504 3786 αγγελιστὴς,
2545 3713 2650 3768 κᾶν
2696 3713 3013 3778 ἀπόστολος,
3043 3715 3103 3766 οὐ
3150 3713 3374 3767 δύναται
3414 3710 3684 3784 περιδράξα-

2164 3814 2286 3866 σθαι
2319 3812 2417 3881 τῆς
2453 3809 2766 3880 σαφηνείας,
2802 3807 2916 3860 ἀλλ’
2947 3807 3054 3860 ἀπὸ
3082 3806 3188 3860 τῶν
3231 3809 3367 3878 παρ’
3393 3809 3517 3877 ἡμῖν
3538 3802 3683 3874 ὀνομά-

2161 3921 2269 3956 των
2315 3901 2695 3961 ἀναϐαίνοντες
2738 3898 2880 3950 κατὰ
2917 3898 3108 3968 μικρὸν
3154 3897 3404 3968 ἀμυδρὰν
3440 3911 3548 3948 τινα
3586 3909 3682 3961 παρ·

2167 3996 2383 4048 ιστῶσιν
2405 3995 2609 4047 ἔννοιαν
2647 3992 2746 4061 τῆς
2789 3991 3027 4061 ἀρρήτου
3069 3990 3224 4060 δόξης
3270 3982 3680 4059 ὲκεῐνης.Ἐπειδὴ

2163 4089 2272 4159 γὰρ
2303 4086 2434 4140 αὐτὸ
2455 4085 2507 4138 τί
2534 4083 2664 4138 ποτέ
2694 4085 2808 4134 ἐστι
2834 4081 2930 4153 τὴν
2950 4083 3136 4135 οὐσίαν
3155 4081 3254 4133 οὐκ
3286 4079 3480 4144 ἴσασιν,
3496 4078 3586 4132 ἀπὸ
3607 4075 3681 4128 τῶν

2166 4180 2440 4251 παρ’ήμῖν
2468 4173 2736 4247 λαμπρῶν
2771 4173 3162 4242 φιλονεικοῦσιν
3189 4171 3533 4225 ἐπιλαϐέσθαι
3558 4165 3680 4236 αὐτῆς

2164 4273 2239 4335 ῶς
2267 4268 2378 4323 οἷόν
2408 4287 2487 4323 τε.

2251 4363 2558 4416 Ἐκτείνων
2585 4361 2694 4415 τὸν
2714 4359 2972 4428 οὐρανὸν
2989 4359 3131 4412 ὡσεὶ
3153 4357 3375 4426 δέρῤιν,
3393 4359 3425 4412 ὀ
3449 4349 3680 4424 στεγτὶξων

2169 4460 2238 4512 ἐν
2262 4456 2430 4510 ὕδατι
2450 4457 2524 4508 τὰ
2548 4453 2786 4522 ὑπερῷα
2805 4451 3011 4514 αὑτοῦ,
3035 4454 3068 4505 ό
3093 4450 3272 4516 τιθεὶς
3299 4449 3450 4518 νέφη
3476 4447 3575 4514 τὴν
3591 4443 3679 4497 ἐπί-

489 4560 667 4608 suum,
697 4542 786 4614 qui
815 4541 1052 4595 ambulat
1093 4556 1248 4609 super
1286 4555 1484 4609 pennas
1518 4548 1810 4592 ventorum.
1848 4535 1954 4602 Qui
1983 4534 2050 4604 fu-

2169 4553 2347 4604 6’a0'tr
2365 4547 2572 4612 αὑτοῦ,
2593 4550 2625 4602 ὀ
2657 4543 2994 4616 περιπατῶν
3020 4544 3116 4597 ἐπὶ
3147 4543 3453 4610 πτερύγων
3481 4536 3674 4606 ἀνέμων,

491 4637 563 4688 cit
613 4633 824 4704 angelos
873 4649 998 4688 suos
1039 4632 1281 4700 spiritus,
1329 4640 1378 4684 et
1422 4630 1693 4684 ministros
1729 4645 1854 4682 suos
1897 4627 2066 4697 ignem

492 4735 749 4780 urentem.
791 4723 952 4788 Hinc,
997 4733 1054 4778 ut
1091 4738 1188 4792 par
1228 4729 1331 4785 est,
1363 4720 1637 4790 seraphim
1676 4718 1862 4773 Grazce
1896 4717 2070 4788 expli-

495 4824 712 4883 cantur,
743 4815 1097 4870 incendentes
1129 4829 1193 4867 ac
1227 4811 1634 4868 comburentes.
1667 4811 1734 4865 Et
1773 4827 1875 4866 vox
1921 4825 2070 4866 sera-

494 4909 646 4981 phim
696 4905 1009 4964 incendium
1046 4905 1356 4977 significare
1408 4905 1739 4958 declaratur.
1785 4902 1966 4969 Quare
2004 4902 2071 4957 dc

498 4999 742 5070 angelica
766 4997 968 5052 virtute
983 4996 1186 5051 dicitur
1210 5013 1224 5049 :
1253 4995 1356 5061 Qui
1374 4994 1514 5064 facit
1543 4993 1756 5064 angelos
1777 5010 1900 5048 suos
1921 4994 2077 5064 spiri-

500 5103 606 5157 tus,
645 5097 696 5146 et
733 5089 1008 5144 ministros
1042 5103 1163 5142 suos
1185 5087 1358 5158 ignem
1380 5096 1639 5140 urentem.

570 5367 742 5425 Vens.
775 5367 928 5425 5-13.
973 5367 1078 5437 Qui
1107 5369 1297 5440 [undat
1324 5377 1518 5423 terram
1550 5385 1706 5438 super
1726 5368 2072 5423 stabilitatem

501 5478 678 5523 suam,
706 5479 810 5516 non
841 5461 1184 5516 inclinabitur
1210 5462 1265 5514 in
1308 5461 1562 5515 saxulum
1609 5463 1811 5516 seaculi.
1836 5461 2072 5531 Abyssus

503 5553 640 5604 sicut
685 5554 1046 5607 vestimentum
1086 5554 1309 5607 amictus
1351 5553 1486 5622 ejus,
1517 5569 1673 5621 super
1722 5563 1919 5606 montes
1963 5563 2077 5605 sta-

505 5641 631 5696 bunt
660 5661 830 5715 aquae.
863 5644 944 5698 Ab
973 5647 1327 5715 increpatione
1355 5655 1445 5699 tua
1485 5645 1705 5715 fugient,
1732 5663 1764 5699 a
1800 5662 1918 5700 voce
1950 5645 2076 5699 toni-

2169 4645 2202 4696 ό
2226 4638 2410 4696 ποιῶν
2422 4640 2564 4707 τοὺς
2593 4637 2887 4708 ἀγγέλους
2913 4633 3096 4689 αὑτοῦ
3122 4634 3447 4702 πνεύματα,
3471 4629 3554 4684 καὶ
3582 4624 3675 4687 τοὺς

2169 4731 2551 4801 λειτουργοὺς
2579 4730 2765 4784 αὐτοῦ
2808 4728 2927 4796 πῦρ
2951 4727 3194 4797 φλέγεν.
3213 4723 3484 4779 Ἐντεῦθεν
3511 4718 3675 4776 εἰκότως

2173 4824 2580 4896 ἑρμηνευόμενα
2625 4821 2693 4875 τὰ
2735 4821 2995 4892 σεραφὶμ,
3038 4820 3116 4882 εἰς
3168 4815 3263 4887 τὴν
3305 4814 3517 4869 Ἐλλάδα
3545 4806 3674 4879 φίινιὴν

2175 4915 2560 4987 ἐμπιπρῶντες
2593 4914 2627 4985 ἦ
2673 4911 2984 4986 ὲμπρησταὶ
3027 4908 3370 4980 σημαίνουσι.
3401 4907 3501 4959 Καὶ
3527 4902 3590 4963 τὸ.
3616 4913 3674 4950 σε·

2177 5007 2351 5078 ραφὶμ
2395 5006 2489 5058 τὸν
2529 5003 2853 5076 ἐμπρησμὸν
2880 5001 3072 5072 δηλοῦν
3103 4999 3341 5068 λέγεται.
3371 4997 3455 5050 Διὸ
3479 4989 3672 5064 περὶτῆς

2174 5094 2467 5163 ἀγγελικῆς
2514 5094 2794 5163 δυνάμεως
2851 5091 3096 5163 εἴρηταιο
3132 5090 3186 5140 Ὀ
3227 5086 3412 5140 ποιῶν
3447 5081 3672 5154 (inﬂat?

2178 5185 2360 5240 αὑτοῦ
2410 5175 2737 5254 πνεύματα,
2775 5181 2875 5235 λαὶ
2930 5181 3072 5245 τοὺς
3120 5176 3492 5248 λειτουργοὺς
3537 5165 3671 5226 αὐτοῦ

2176 5293 2220 5331 π
2227 5278 2295 5347 Ep
2321 5275 2564 5347 φλέγον.
3574 5354 3584 5358 _
3627 5349 3644 5358 _

2259 5371 2312 5423 '0
2334 5366 2620 5438 θεμελιῶν
2643 5365 2758 5435 τὴν
2786 5364 2902 5436 γῆν
2926 5365 3022 5418 ἐπὶ
3057 5365 3170 5433 τὴν
3187 5361 3510 5432 ἀσφάλειαν
3532 5354 3666 5414 αὐτῆς

2179 5463 2249 5516 οὺ
2283 5458 2628 5525 κλιθήσεται
2657 5461 2745 5522 εὶς
2787 5455 2892 5510 τὸν
2926 5455 3108 5509 αἰῶνα
3148 5455 3254 5508 τοῦ
3296 5447 3666 5516 alibi-093.4611?-

2179 5576 2291 5622 σος
2323 5557 2402 5621 ὡς
2438 5553 2666 5623 ἱμάτιον
2711 5550 2776 5606 τὸ
2823 5553 3198 5620 περιϐόλαιον
3229 5549 3428 5613 αὑτοῦ,
3471 5543 3551 5598 ἐπὶ
3586 5535 3679 5597 τῶν.

2182 5644 2364 5712 ὀρέων
2421 5641 2749 5709 στήσονται
2795 5641 3151 5698 ὒδατα.Ἀπὸ
3198 5632 3554 5710 ἐπιτιμήσεώς
3583 5642 3662 5682 σου

586 5795 629 5826 ⁸³
662 5793 804 5848 Psal.
846 5809 1040 5850 cum
1065 5835 1082 5862 ,
1114 5797 1168 5852 4.
1247 5799 1266 5829 ³
1331 5801 1351 5854 1
1389 5798 1526 5855 Tim.
1564 5815 1636 5866 ιι,
1674 5800 1706 5854 8
1804 5801 1850 5832 ³³
1889 5799 2044 5854 Joan.

2189 5798 2280 5853 24.
2358 5800 2401 5831 ³⁸
2440 5797 2593 5852 loan.
2633 5815 2685 5864 ι,
2720 5799 2772 5854 9.
