3868 6282
187 369 318 427 £273

1281 337 1789 400 COMMENTARIA
1824 335 1892 392 IN
1930 330 2270 389 PSALMOS.

3270 313 3290 366 l
3303 311 3407 366 ΞΗ

186 487 511 563 φεύξονται,
555 475 670 531 ἀπὸ
713 471 913 543 φωνῆς
959 464 1227 537 ,Βροντῆς
1259 477 1376 518 σου
1409 458 1777 515 δειλιὰσου-.

1881 457 1958 510 rui
1998 453 2077 507 tui
2105 446 2483 522 formidabant.
2521 442 2817 499 Ascendunt
2861 444 3061 493 montes
3107 441 3156 488 et
3201 429 3414 484 descen-

1965 557 1977 563 -
2121 545 2191 563 r---'
2226 543 2273 563 -‘—-
2324 539 2488 563 I---....
2521 551 2662 563 mm...
2709 531 2940 563 ι’...υίι-..ιέ
2969 529 3042 563 οᾶε
3111 524 3413 563 Torminurn

186 551 760 639 σινΆΑν-αϐαίνουσιν
797 565 923 634 ὄρη,
964 563 1064 616 καὶ
1104 557 1529 614 καταϐαίνουσι
1566 551 1743 606 πεδία

187 674 266 738 εὶς
303 668 486 721 τόπον
512 661 584 714 ὃν

189 737 254 820 οὑ
293 754 782 826 παρελεύσονται,
824 746 966 802 οὐδὲ
1004 742 1439 812 ἐπιστρέψουσι
1476 737 1746 804 καλῦψαι

188 856 294 924 τὴν
321 847 524 921 τῆν.Ὁ
571 838 1036 908 ἐξαποστέλλων
1073 834 1266 904 πηγὰς
1310 833 1380 885 ἐν
1427 825 1744 899 φάραγξιν,

190 920 515 1013 ἀνὰλιιέσον
538 934 658 989 τῶν
696 931 880 1001 ὀρέων
928 928 1340 982 διελεύσονται
1387 920 1598 974 ὕδατα.
1634 920 1752 970 Πο-

189 1009 374 1094 τιοῦσι
401 1029 597 1085 πάντα
622 1027 694 1080 τὰ
719 1024 892 1092 θηρία
924 1020 1030 1074 τοῦ
1060 1017 1265 1085 ἀγροῦ,
1316 1009 1750 1081 προσδέξονται

190 1133 415 1201 brumae
455 1126 543 1188 είς
579 1123 767 1190 δίψαν
812 1113 1164 1173 αὐτῶν.Ἐπ⁸
1200 1110 1352 1164 αὐτὰ
1397 1106 1470 1161 τὰ
1514 1107 1752 1158 πετεινὰ

188 1222 287 1278 τοῦ
328 1216 588 1288 οὐρανοῦ
634 1207 1111 1278 κατασκηνώσει,
1150 1204 1219 1258 ἐκ
1257 1201 1452 1272 μέσου
1495 1196 1614 1250 τῶν
1658 1211 1754 1247 πε-

189 1314 334 1385 τρῶν
391 1286 656 1365 δώσουσι
712 1303 941 1376 φωνήν.
1001 1297 1258 1360 Ποτίζων
1319 1293 1425 1364 ὄρη
1495 1291 1591 1345 ἐκ·
1633 1286 1756 1341 τῶν

191 1380 458 1474 ὑπερῴων
501 1399 709 1455 αὐτοῦ.
745 1394 900 1449 Ἐπεὶ
943 1393 1040 1447 καὶ
1085 1390 1386 1462 ἀρχόμενος
1439 1383 1650 1451 έλεγεν·
1693 1380 1756 1432 Ὃ

190 1473 474 1568 στενάζων
519 1494 590 1548 ἐν
636 1491 808 1546 ὕδατι
860 1487 934 1542 τὰ
979 1483 1222 1553 ὑπερῷα
1273 1477 1457 1535 αὐτοῦ
1483 1494 1498 1508 ·
1527 1473 1622 1528 νῦν
1655 1489 1758 1542 φη·

193 1607 271 1645 σι’
300 1567 577 1647 γΠοτίζων
622 1583 730 1654 ὅρη
781 1585 849 1637 ἐκ
894 1579 1014 1635 τῶν
1057 1573 1339 1644 ὑπερῴω-
1387 1587 1503 1624 σου
1527 1585 1542 1598 ·
1583 1568 1632 1620 εί
1682 1567 1754 1636 μή

191 1702 262 1754 τῳ
314 1681 463 1751 φίλον
517 1676 744 1750 ὑπερῷα
796 1674 890 1730 τοῦ
946 1670 1081 1726 Θεοῦ
1142 1670 1218 1733 ὡς
1282 1665 1410 1737 παρ’
1446 1658 1608 1716 αὑτοῦ
1661 1675 1758 1712 πε-

193 1751 452 1845 ποιημένα
498 1771 589 1823 τὸν
636 1769 774 1841 ἀέρα
814 1768 975 1831 νοεῖν,
1001 1765 1115 1825 τοῖς
1143 1760 1329 1830 νέφεσι
1365 1751 1760 1827 περιὸαλλόμε-

193 1843 542 1928 νονίΪΙοτίζει.
567 1859 856 1932 τοιγαροῦν
885 1861 914 1912 6
941 1857 1073 1920 Θεὸς
1099 1853 1169 1907 τὰ
1194 1853 1298 1925 ὅρη
1324 1851 1420 1904 καὶ
1450 1847 1520 1902 τὰ
1550 1847 1610 1900 ὲν
1641 1843 1764 1897 τού-

193 1974 298 2020 τοις
320 1956 476 2010 πεδία
505 1954 606 2025 τὴν
637 1969 699 2005 τε
727 1951 928 2022 λοιπὴν
957 1948 1248 2018 σύμπασαν
1271 1943 1376 2014 γῆν
1406 1940 1506 1993 οὐκ
1529 1937 1636 1992 ἀπὸ
1656 1935 1765 1989 τῶν

192 2052 217 2099 ι
279 2049 393 2112 ταῖς
425 2044 665 2118 φάραγξι
691 2043 906 2114 πηγῶν,
935 2041 1042 2094 οὐδ’
1072 2038 1179 2093 ἀπὸ
1209 2036 1317 2090 τῶν
1335 2030 1646 2104 φερομένων
1665 2045 1766 2080 κα-

203 2142 257 2197 τὰ
285 2141 387 2210 γῆς
422 2137 706 2209 ποταμῶν,
744 2135 858 2190 ἀλλ’
879 2133 986 2188 ἀπὸ
1005 2131 1113 2185 τῶν
1137 2127 1399 2197 ὑπερῴων
1427 2122 1592 2178 αὑτοῦ
1631 2120 1770 2174 ἄνω-

199 2232 280 2287 θεν
298 2233 386 2302 ἀφ’
400 2231 570 2301 ὕψους
598 2230 724 2292 τοὺς
747 2226 1040 2296 αὐτάρκεις
1059 2223 1152 2277 καὶ
1181 2218 1627 2292 μεμετρημένους
1651 2216 1769 2267 ἐπι-

196 2322 436 2396 χορηγῶν
468 2321 680 2384 ὑετούς.
697 2317 955 2389 ’Υπερῷα
999 2316 1056 2368 δὲ
1105 2311 1240 2367 Θεοῦ
1283 2311 1372 2364 τὸν
1419 2310 1557 2380 ἀέρα
1593 2305 1767 2366 καλεῖ,

198 2416 436 2487 καθάπερ
491 2413 586 2467 ἐπὶ
632 2413 760 2482 μιᾶς
797 2409 972 2472 οἰκίας
1006 2404 1100 2458 τοῦ
1149 2402 1348 2464 παντὸς
1395 2399 1769 2470 κόσμου.¹’ορη

202 2508 293 2579 μέν
325 2508 460 2561 εἰσιν
487 2507 540 2560 ot
569 2503 1005 2576 πνευματοφὸροι
1036 2500 1227 2570 ἄνδρες
1249 2513 1265 2527 ·
1289 2491 1600 2557 ποτίζονται
1627 2489 1685 2543 δὲ
1709 2490 1773 2541 ἐκ

198 2596 299 2652 τῶν
329 2595 597 2667 ὑπερῴων
634 2592 799 2648 αὐτοῦ
837 2591 932 2646 τοῦ
955 2589 1111 2652 Θεοῦ,
1142 2583 1508 2655 πληρούμενοι
1537 2578 1646 2633 τῶν
1679 2575 1772 2631 τοῦ

201 2689 510 2762 Πνεύματος
556 2686 932 2760 χαρισμάτων,
961 2683 1123 2751 λόγου
1157 2680 1350 2749 σοφίας
1383 2674 1479 2729 καὶ
1507 2673 1615 2726 τῶν
1650 2669 1774 2741 ἑξῆς

201 2778 960 2855 ἁπηριθμημένων.Ὑπεριῖ›α
1004 2775 1061 2829 δὲ
1113 2772 1271 2837 Θεοῦ,
1315 2770 1406 2838 ἀφ’
1440 2761 1515 2821 ὧν

204 3169 312 3206 σου
361 3147 845 3221 χορτασθήσετοιι
879 3145 919 3212 ἢ
955 3141 1054 3212 τῆ.
1088 3138 1260 3201 Αὐτὸς
1287 3136 1396 3207 γὰρ
1430 3131 1550 3187 εἷπε
1569 3149 1583 3162 ο
1624 3133 1782 3184 Βλα-

204 3241 477 3311 στησάτω
505 3242 544 3309 η
572 3236 646 3309 γῆ
666 3235 941 3303 βοτάνην
964 3233 1203 3302 χόρτου,
1220 3227 1321 3283 καὶ
1349 3227 1542 3292 ξύλον
1569 3221 1780 3291 κάρπι-

201 3353 312 3404 μον
337 3332 554 3389 ποιοῦν
575 3330 827 3399 καρπὸν,
844 3327 939 3381 καὶ
961 3325 1030 3379 τὰ
1048 3324 1194 3395 ἑξῆς.
1211 3323 1307 3375 Ἐκ
1323 3318 1431 3372 τῶν
1447 3313 1619 3387 Ἰησοῦ
1643 3312 1782 3367 κατὰ

207 3426 296 3498 τὴν
327 3424 638 3496 οἰκονομίαν
661 3418 1042 3494 ἔργων,πολὺν
1074 3415 1287 3488 καρπὸν
1312 3412 1566 3484 ἑχόντων,
1598 3407 1784 3462 ἅπασα

207 3523 237 3590 ἡ
261 3521 332 3592 γῆ
361 3520 708 3593 χορτάζεται,
733 3513 1222 3588 μεταλαμϐάνουσα
1245 3508 1355 3561 τῶν
1381 3504 1524 3558 οὑτω
1553 3499 1788 3570 παραδόο

210 3589 442 3676 ξως
466 3608 644 3682 Ἰησοῦ
675 3608 1058 3678 γεγενημένων
1078 3621 1093 3636 ο
1127 3595 1283 3664 οὗτος
1309 3599 1418 3668 γὰρ
1443 3593 1652 3666 καρπὸς
1679 3589 1788 3644 τῶν

208 3703 382 3776 ἔργων
403 3681 572 3758 αὑτοῦ
593 3700 870 3770 τυγχάνει.
891 3699 1001 3750 Καὶ
1027 3697 1056 3748 6
1080 3695 1238 3762 λόγος
1267 3691 1326 3744 δὲ
1356 3692 1384 3743 6
1411 3687 1540 3758 περὶ
1567 3682 1676 3738 τῶν
1702 3681 1792 3752 ἔρ-

338 3797 434 3868 τῆς
467 3766 830 3865 δημιουργίας
852 3791 945 3844 κειιῖ¹
976 3786 1228 3858 προνοίας
1261 3780 1429 3837 αὑτοῦ
1479 3777 1712 3847 νοηθεὶς,
1749 3766 1836 3825 οἷα

212 3892 349 3960 φημὶ
370 3890 434 3962 δὴ
458 3889 587 3952 τοὺς
615 3887 711 3940 ἐπὶ
737 3885 838 3954 τῆς
864 3883 970 3953 γῆς
996 3879 1368 3952 διατρίϐοντας
1397 3871 1736 3944 ἀνθρώπους.

309 4008 351 4058 Ο
371 4001 797 4070 ἐξανατέλλειν
810 3999 1026 4069 χόρτον
1039 3995 1162 4061 τοῖς
1185 3993 1452 4062 κτήνεσι,
1470 3987 1571 4042 καὶ
1593 3985 1788 4058 χλόην

212 4095 283 4164 τῇ
307 4095 555 4163 δουλείᾳ
578 4090 698 4147 τῶν
736 4089 1080 4159 ἀνθρώπων,
1111 4087 1218 4142 τοῦ
1261 4081 1576 4154 ἐξαγαγεῖν
1613 4078 1796 4147 ἄρτον

213 4192 279 4247 ἐκ
294 4189 403 4259 τῆς
420 4187 556 4258 γῆς’
577 4184 677 4239 καὶ
694 4181 1173 4251 οῖνοςεὺφραίνει
1187 4178 1440 4247 καρδίαν
1455 4172 1791 4243 ἀνθρώπου,

214 4285 306 4338 καὶ
340 4285 408 4338 τά
439 4281 585 4352 ἑξῆς.
620 4275 811 4343 Εἶπεν,
842 4277 923 4330 ὅτι
966 4274 1075 4327 ἀπὸ
1111 4270 1204 4324 τοῦ
1239 4267 1395 4322 ὑετοῦ
1430 4267 1623 4321 κτᾶται
1657 4263 1794 4336 πλη-

217 4375 415 4447 σμονὴν
444 4375 479 4445 ἡ
506 4372 599 4444 γῆ,
619 4370 714 4424 τοῦ
739 4367 875 4423 Θεοῦ
903 4365 1267 4437 ἐργαζομένου
1296 4362 1394 4433 τὴν

216 4466 323 4518 τῶν
351 4465 561 4518 ὑδάτων
585 4461 896 4531 ἀναγωγήν.
928 4452 1061 4511 Εἶτα
1087 4456 1185 4526 τὴν
1215 4453 1464 4507 ἐντεῦθεν
1482 4449 1795 4504 ὑποδείκνυ-

222 4573 304 4610 σιν
329 4557 614 4626 ὼφέλειαν,
649 4555 734 4606 ὅτι
775 4549 1062 4605 πιανθεῖσα
1093 4551 1156 4600 ὲκ
1187 4547 1288 4616 τῆς
1315 4545 1422 4598 τῶν
1463 4543 1670 4596 ὑδάτων
1702 4558 1793 4611 χο-

224 4650 419 4721 ρηγίας
465 4651 500 4720 ὴ
553 4649 646 4719 γῆ,
672 4641 1010 4710 ὲξανατέλλει
1041 4642 1152 4704 τοῖς
1181 4639 1272 4692 ἀπ’
1303 4637 1471 4707 αὐτῆς
1500 4636 1670 4689 ἅπασι
1701 4633 1796 4696 τὰς

223 4741 562 4814 προσφόρους
591 4737 798 4809 τροφάς
816 4752 831 4766 ·
869 4732 1140 4806 ἀνθρώπῳ
1176 4733 1272 4802 μὲν
1300 4731 1510 4797 εὐγενεῖ
1534 4726 1676 4795 ζώῳ,
1704 4727 1800 4779 καὶ

224 4831 328 4886 ὑπὸ
350 4831 444 4885 τοῦ
473 4831 608 4885 Θεοῦ
632 4828 998 4901 τετιμημένῳ,
1026 4824 1302 4896 ἐξαίρετον
1345 4821 1442 4875 καὶ
1483 4817 1800 4890 ἀφωρισμέ-

223 4941 320 4994 νην
361 4923 587 4994 τροφὴν,
623 4923 806 4994 ἄρτον,
832 4921 926 4973 καὶ
957 4915 1097 4972 οἶνον
1131 4916 1226 4970 καὶ
1255 4915 1432 4969 ἔλαιον
1451 4928 1463 4942 ⁸
1496 4911 1659 4983 ἄρτον
1702 4911 1798 4980 μὲν

226 5017 319 5069 ἐπὶ
360 5015 438 5086 τῷ
487 5011 843 5084 στηρίζεσθαι
881 5010 974 5064 καὶ
1017 5007 1384 5080 δυναμοῦσθαι
1417 5006 1514 5076 τὴν
1551 5002 1798 5076 καρδίαν,

225 5101 364 5160 οἶνον
409 5107 464 5160 δὲ
498 5107 591 5159 ἐπὶ
631 5103 712 5175 τῷ
742 5100 1233 5182 κατευφραίνεσθαι
1264 5099 1363 5171 τὴν
1387 5097 1584 5170 ψυχὴν,
1628 5095 1803 5148 ἔλαιον

224 5199 280 5253 δὲ
307 5203 400 5254 ἐπὶ
419 5201 498 5273 τῷ
522 5197 911 5272 φαιδρύνεσθαι
935 5196 997 5248 τὸ
1024 5195 1203 5267 σῶμα,
1223 5194 1316 5250 καὶ¹
1337 5190 1704 5247 ἀπαλύνεσθαι
1727 5189 1806 5241 θε-

229 5293 602 5366 ραπευόμενον
641 5293 706 5344 ὲκ
730 5291 828 5362 τῆς
856 5288 1118 5342 ἐπιπόνου
1153 5284 1588 5359 σκληραγωγίας.
1619 5280 1804 5344 Οὕτως

226 5381 375 5452 αὑτῷ
404 5384 663 5437 πλουσίαν
708 5384 803 5435 καὶ
847 5383 912 5433 ὲκ
953 5379 1214 5432 πλειόνων
1257 5375 1530 5450 τράπεζαν
1561 5375 1642 5436 είς
1673 5371 1805 5425 ἀπό-

227 5473 419 5525 λαυσιν
439 5470 527 5528 οἷα
554 5474 738 5544 πατὴρ
767 5475 796 5526 6
823 5471 954 5534 Θεὸς
985 5470 1312 5540 ἐδωρήσατο.
1345 5467 1419 5519 Οὐ
1451 5465 1553 5536 μὴν
1586 5462 1679 5515 καὶ
1706 5461 1807 5530 τῆς

227 5565 337 5618 τῶν
369 5565 764 5630 λοιπῶν.ζώων
791 5561 1247 5633 κατωλιγώρησεν
1279 5557 1616 5629 ἐπιμελείας
1648 5541 1819 5626 φρονῖ

233 5657 392 5723 τίζων
434 5661 492 5712 δὲ
537 5661 630 5712 καὶ
672 5659 772 5728 τῆς
813 5655 1016 5710 τούτων
1059 5653 1318 5725 διαμονῆς
1339 5652 1438 5722 τὴν
1466 5646 1808 5722 ἁρμόζουσαν

329 5816 346 5844 ⁷
390 5811 521 5868 Gen.
559 5827 610 5878 ι,
646 5813 731 5867 Η.

1424 4363 1489 4414 ὲκ
1520 4358 1793 4427 θαλάσσης
1827 4419 1860 4427 _
1895 4346 2151 4400 ducente.

1827 4419 1868 4473 D
1899 4449 2030 4501 tem,
2054 4433 2183 4505 quia
2221 4439 2486 4500 aquarum
2529 4419 2848 4490 irrigatione
2879 4413 3232 4482 impinguata,
3262 4403 3477 4459 cunctis

1847 549 1978 602 dunt
2017 545 2192 614 campi
2223 543 2276 595 in
2320 539 2491 594 locum
2517 551 2664 606 quem
2704 531 2940 602 fundasti
2967 529 3064 584 eis.
3111 524 3413 581 Terminum

615 623 1011 728 ἐθεμελίωσας
1051 650 1477 716 αὐτοῖς.”οριον
1520 645 1680 702 ἔθου.
1711 643 1743 697 ὃ

1883 637 2092 698 osuisti,
2130 648 2281 703 quem
2331 644 2435 683 non
2481 623 2954 694 transgredientur,
2997 632 3159 688 neque
3204 627 3416 668 conuer-

2181 725 2191 728 -
2539 715 2572 728 η
2625 717 2634 726 .
2890 713 2909 728 ρ
2981 720 3020 728 ,ί
3175 703 3388 728 ______,,_.

1849 739 2025 783 tentur
2050 725 2251 794 operire
2285 730 2500 776 terram.
2532 715 2634 781 Qui
2664 713 2859 768 emittis
2884 713 3050 782 fontes
3079 710 3132 762 in
3165 703 3417 761 convalli-

1849 821 1964 884 bus,
1990 821 2125 872 inter
2155 814 2383 870 medium
2414 810 2667 864 montium
2689 804 3080 876 pertransibunt
3110 814 3279 871 aqum.
3311 796 3352 849 Γ
3357 812 3419 849 ο-

1852 913 2038 967 ιαὸιιιιι
2093 924 2270 964 omnes
2318 905 2493 959 bestia:
2541 900 2678 972 agri,
2725 894 3096 962 exspectabant
3138 891 3324 962 onagri
3367 889 3420 943 in

1852 1004 1944 1058 siti
1997 1018 2117 1056 sua.
2156 997 2322 1067 Super
2375 1012 2437 1051 ea
2500 992 2733 1048 volucres
2788 987 2903 1042 caeli
2950 983 3300 1046 habitabant,
3359 981 3424 1034 de

1853 1094 2027 1148 medio
2091 1102 2360 1160 petrarum
2437 1085 2635 1140 dabunt
2695 1097 2892 1136 vocem.
2963 1077 3158 1148 Riguus
3223 1082 3423 1128 montes

1862 1187 1928 1241 de
1982 1181 2340 1254 superioribus
2408 1179 2538 1232 suis.
2606 1175 2742 1241 Quia
2805 1171 2956 1243 prius
3021 1169 3270 1231 dixerat,
3320 1163 3426 1230 Qui

1857 1279 1984 1348 tegis
2013 1292 2151 1346 aqua
2183 1272 2456 1341 superiora
2483 1269 2594 1333 eius
2612 1281 2632 1330 ;
2662 1265 2752 1319 hic
2783 1264 2882 1330 ait,
2913 1261 3108 1331 Rigans
3139 1267 3338 1312 montes
3365 1256 3429 1308 de

1856 1342 2214 1435 superioribus
2269 1361 2394 1414 tuis.
2425 1357 2548 1412 Nisi
2595 1355 2751 1410 malit
2796 1354 2920 1423 quis
2977 1347 3261 1421 superiora
3308 1342 3427 1408 Dei,

1857 1459 2014 1530 quasi
2044 1457 2110 1510 ab
2138 1471 2204 1510 co
2236 1459 2551 1510 constructa
2577 1463 2757 1504 aerem
2783 1444 3023 1500 nubibus
3054 1442 3314 1496 amictum
3349 1440 3435 1493 in-

1859 1553 2126 1622 telligerc.
2160 1547 2304 1602 Deus
2345 1547 2528 1614 itaque
2560 1549 2773 1596 montes
2812 1548 2867 1592 et
2895 1550 3118 1605 campos
3145 1533 3238 1605 qui
3269 1533 3324 1587 in
3353 1531 3434 1586 eis

1861 1653 2008 1706 sunt,
2039 1652 2094 1696 et
2133 1641 2444 1695 universam
2480 1635 2746 1703 reliquam
2780 1641 2981 1684 terram
3023 1627 3183 1694 rigat,
3227 1638 3337 1678 non
3369 1636 3437 1675 ex

1865 1736 2110 1793 fontibus
2139 1729 2490 1791 convallium,
2529 1738 2707 1794 neque
2744 1738 2811 1776 ex
2843 1718 3158 1774 ﬂuminibus
3192 1728 3313 1785 quae
3341 1727 3438 1783 per

1795 1808 1834 1862 Β
1865 1841 2066 1886 terram
2115 1825 2383 1884 deﬂuunt,
2415 1820 2511 1877 sed
2545 1819 2614 1873 de
2668 1813 3044 1885 superioribus
3078 1810 3193 1866 suis
3229 1805 3443 1878 pluvias

1866 1939 1933 1978 ex
1969 1921 2082 1976 alto
2125 1916 2456 1972 suﬂicientes
2513 1925 2578 1965 ac
2627 1909 2940 1963 moderatas
2992 1901 3439 1960 subministrans.

1869 2014 2169 2086 Superiora
2201 2018 2381 2064 autem
2419 2005 2517 2060 Dei
2550 2012 2711 2060 vocat
2743 2015 2949 2063 aerem,
2981 1996 3046 2052 de
3081 2001 3196 2049 toto
3237 1989 3446 2045 mundo

1867 2081 2027 2178 quasi
2055 2103 2123 2159 de
2149 2102 2313 2156 domo
2340 2095 2576 2168 quadam
2603 2094 2770 2148 verba
2810 2090 3038 2145 faciens.
3073 2085 3285 2139 Montes
3325 2081 3447 2150 qui-

1869 2204 1992 2260 dem
2034 2209 2164 2257 sunt
2209 2193 2526 2267 spirituales
2575 2186 2681 2243 viri
2715 2205 2730 2242 :
2759 2185 2816 2238 hi
2844 2189 3025 2236 autem
3055 2177 3354 2246 irrigantur
3383 2171 3451 2225 de

1871 2293 2251 2367 superioribus
2298 2286 2475 2358 ipsius
2525 2281 2642 2344 Dei,
2697 2276 2935 2348 Spiritus
2971 2270 3147 2328 sancti
3175 2266 3335 2321 donis
3364 2277 3451 2316 re—

1871 2388 2025 2462 pleti,
2053 2383 2309 2457 videlicet
2357 2389 2613 2435 sermone
2653 2369 2954 2441 sapientiae,
3005 2360 3323 2430 caeterisque
3364 2371 3453 2409 re-

1873 2480 2122 2538 censitis.
2164 2473 2462 2545 Superiora
2490 2482 2620 2524 vero
2649 2464 2766 2525 Dei,
2801 2461 2869 2516 de
2905 2456 3105 2528 quibus
3141 2460 3352 2506 montes
3378 2448 3455 2501 ir-

1873 2577 2038 2646 rigat,
2097 2579 2226 2628 sunt
2273 2565 2536 2624 sublimes
2579 2574 2643 2613 ac
2689 2553 2902 2612 eximia:
2932 2547 3180 2605 veritatis
3211 2549 3456 2597 contem-

1872 2665 2165 2736 plationes,
2193 2673 2316 2730 qua
2351 2651 2637 2724 superiora
2669 2651 2959 2705 vocantur,
2989 2636 3137 2709 quod
3167 2633 3305 2689 nihil
3334 2631 3457 2685 illas

1877 2721 2250 2810 iranscendat.
2305 2747 2382 2800 De
2420 2721 2620 2813 _[ructu
2661 2752 2874 2807 operum
2918 2743 3127 2786 tuorum
3174 2721 3460 2780 satiabitur

1807 3152 1850 3211 ς
1883 3121 2070 3179 multis
2121 3117 2398 3173 fructibus
2462 3111 2738 3166 instructa
2789 3111 2939 3167 sunt,
3005 3099 3260 3158 universa
3315 3101 3462 3148 terra

2301 3208 2312 3211 ⁸
2924 3192 3043 3211 τίμα
3079 3190 3208 3211 Α)-..
3241 3183 3432 3211 ..κε-...ιιι

1887 3216 2142 3274 satiatur,
2173 3208 2448 3280 particeps
2477 3216 2667 3257 eorum
2708 3211 2830 3268 quae
2857 3211 2888 3250 a
2918 3192 3046 3249 Jesu
3077 3190 3213 3244 adeo
3241 3183 3465 3240 mirabi-

1887 3308 2012 3361 liter
2051 3307 2359 3374 perpelrata
2414 3301 2541 3351 sunt
2576 3312 2589 3346 :
2623 3292 2713 3346 hic
2769 3287 2914 3344 enim
2979 3283 3191 3337 fructus
3241 3289 3465 3346 operum

1888 3400 2007 3467 ejus
2029 3403 2134 3451 est.
2166 3392 2231 3446 Et
2257 3388 2475 3461 quidem
2497 3399 2680 3440 sermo
2710 3382 2776 3436 de
2800 3377 3060 3449 operibus
3086 3369 3382 3428 creationis
3413 3373 3468 3418 et

1888 3484 2245 3560 providentiae
2298 3480 2496 3551 ipsius,
2527 3491 2625 3532 ceu
2685 3472 2898 3526 fructus
2949 3481 3175 3537 operum
3208 3461 3304 3515 Dei
3347 3473 3469 3512 esse

1889 3548 2223 3636 intellectus,
2286 3548 2490 3625 terram
2552 3564 2806 3629 satiabit;
2870 3570 3063 3626 nempe
3117 3550 3366 3606 homines
3414 3548 3470 3600 in

1896 3684 2041 3729 terra
2071 3673 2374 3724 versantes.

1890 3764 2103 3837 καρπὸς
2150 3761 2327 3830 έργων
2374 3752 2508 3808 Θεοῦ
2551 3747 2854 3818 τυγχάνων,
2891 3740 3144 3813 χορτάσει
3182 3733 3279 3804 τὴν
3326 3729 3428 3799 γῆν
3451 3745 3466 3760 ·

1966 3971 2136 4027 Vsus.
2185 3965 2274 4031 14,
2327 3962 2415 4018 15.
2461 3952 2763 4013 Producens
2787 3951 2964 4020 fenum
2984 3943 3242 4010 jumentis
3276 3940 3472 3996 ether-

1895 4067 2014 4120 bam
2041 4059 2282 4118 serrituti
2323 4053 2615 4114 hominum,
2661 4057 2717 4100 ιιι
2762 4041 2955 4100 educas
2990 4052 3176 4108 panem
3203 4035 3270 4088 de
3300 4045 3472 4096 terra;

1892 4169 1940 4215 et
1969 4159 2147 4214 vinum
2182 4150 2421 4213 laetiﬁcat
2457 4160 2547 4198 cor
2569 4141 2818 4200 hominis,
2850 4145 2904 4191 et
2931 4140 3147 4188 catera.
3181 4128 3271 4182 Ait
3300 4143 3330 4181 a
3358 4127 3476 4197 plu-

1891 4253 1981 4308 via
2016 4249 2321 4306 satietatem
2362 4251 2523 4294 terra:
2551 4232 2754 4307 parari,
2788 4229 2898 4285 Deo
2933 4241 3104 4298 aquas
3131 4238 3198 4278 ex
3227 4220 3365 4275 mari
3390 4234 3477 4274 re-

2181 4334 2388 4393 Deinde
2416 4331 2624 4386 indicat
2663 4325 2952 4380 utilitatem
2988 4320 3114 4372 hinc
3142 4327 3474 4385 promanano

1901 4530 2096 4584 incolis
2119 4525 2232 4582 suis
2244 4499 2634 4591 congruentem
2651 4513 2832 4567 cibum
2847 4504 3052 4578 profert
3066 4522 3093 4569 -;
3115 4499 3323 4554 homini
3348 4513 3419 4566 qu
3430 4501 3474 4549 i-

1900 4623 2020 4677 dem
2051 4618 2217 4674 nobili
2234 4610 2479 4675 animali,
2503 4617 2557 4663 et
2579 4604 2720 4677 apud
2747 4601 2915 4656 Deum
2947 4598 3002 4651 in
3029 4596 3236 4650 honore
3268 4591 3476 4652 habito,

1904 4713 2163 4769 eximium
2192 4723 2255 4762 ac
2281 4706 2542 4762 selectum
2573 4699 2778 4759 cibum,
2800 4705 3018 4764 panem,
3039 4687 3248 4748 vinum,
3279 4691 3333 4738 et
3365 4684 3479 4737 ole—

1901 4822 2014 4873 um;
2047 4817 2239 4874 panem
2268 4798 2485 4870 quidem
2518 4805 2626 4863 quo
2656 4792 2754 4844 cor
2783 4784 3039 4840 fulciatur
3081 4790 3135 4835 et
3165 4778 3476 4838 roboretur,

1895 4901 2080 4955 vinum
2111 4910 2221 4966 quo
2249 4893 2430 4947 anima
2455 4885 2782 4946 laetiiicetur,
2808 4881 2986 4934 oleum
3029 4889 3137 4945 quo
3161 4885 3361 4941 corpus
3388 4884 3482 4922 ex-

1900 4991 2168 5047 hilaretur
2211 4995 2376 5056 atque
2402 4998 2432 5036 a
2480 4978 2760 5036 .laboriosa
2795 4968 3182 5038 defatigatione
3236 4973 3478 5018 curetur.

1903 5085 1988 5140 Sic:
2045 5092 2223 5137 autem
2255 5078 2330 5133 illi
2367 5075 2602 5146 opimam
2644 5064 3217 5125 etvariisinstructam
3240 5068 3481 5109 mensam

1905 5176 1972 5230 ad
2005 5190 2165 5230 usum
2195 5187 2295 5226 ceu
2326 5175 2476 5240 pater
2499 5161 2712 5236 paravit
2759 5158 2924 5213 Deus.
2958 5153 3143 5222 Neque
3167 5158 3346 5204 tamen
3375 5162 3480 5201 cae-

1908 5281 2152 5326 terorum
2185 5262 2503 5318 animalium
2538 5271 2725 5312 curam
2762 5251 3030 5322 neglexit;
3066 5247 3157 5304 sed
3193 5244 3260 5300 de
3294 5255 3481 5298 eorum

1908 5377 2126 5435 quoque
2155 5354 2567 5412 conservatione
2611 5349 2897 5411 sollicitus,
2936 5347 3322 5412 congruentem
3349 5335 3484 5406 ipsis

1910 5470 2092 5512 escam
2153 5445 2612 5508 subministravit,
2673 5441 2856 5496 fenum
2914 5436 3131 5507 quidem
3184 5430 3479 5502 iumentis,

1911 5545 2158 5604 servituti
2195 5552 2373 5596 autem
2419 5537 2720 5599 hominum,
2763 5531 2984 5586 herbam
3019 5523 3344 5597 producens.
3377 5522 3484 5573 Ac-

1912 5637 2255 5700 curatissime
2287 5647 2416 5691 vero
2443 5629 2703 5702 propheta
2742 5623 3053 5680 animalium
3079 5617 3480 5674 distinctionem
