  <div class='ocr_page' id='page_1' title='image "/cluster/home/n/w/nwhite01/storage/ocr_20150623/23/mdp.39015078384396/665.png"; bbox 0 0 3868 6282; ppageno 0'>
   <div class='ocr_carea' id='block_1_1' title="bbox 457 307 600 364">
    <p class='ocr_par' dir='ltr' id='par_1_1' title="bbox 457 307 600 364">
     <span class='ocr_line' id='line_1_1' title="bbox 457 307 600 364; baseline -0.028 0"><span class='ocrx_word' id='word_1_1' title='bbox 457 307 600 364; x_wconf 70' lang='grc'><strong>1275</strong></span> 
     </span>
    </p>
   </div>
   <div class='ocr_carea' id='block_1_2' title="bbox 1138 302 2027 362">
    <p class='ocr_par' dir='ltr' id='par_1_2' title="bbox 1138 303 2027 362">
     <span class='ocr_line' id='line_1_2' title="bbox 1138 303 2027 362; baseline -0.001 -2"><span class='ocrx_word' id='word_1_2' title='bbox 1138 303 1404 362; x_wconf 71' lang='lat' dir='ltr'><strong>EUSEBH</strong></span> <span class='ocrx_word' id='word_1_3' title='bbox 1438 303 1918 361; x_wconf 63' lang='lat' dir='ltr'><strong>CIESARIENSIS</strong></span> <span class='ocrx_word' id='word_1_4' title='bbox 1951 304 2027 360; x_wconf 68' lang='lat' dir='ltr'><strong>(-JP</strong></span> 
     </span>
    </p>
   </div>
   <div class='ocr_carea' id='block_1_3' title="bbox 2131 302 2999 362">
    <p class='ocr_par' dir='ltr' id='par_1_3' title="bbox 2140 302 2999 360">
     <span class='ocr_line' id='line_1_3' title="bbox 2140 302 2999 360; baseline 0.001 -1"><span class='ocrx_word' id='word_1_5' title='bbox 2140 302 2320 359; x_wconf 66' lang='lat' dir='ltr'><strong>PARS</strong></span> <span class='ocrx_word' id='word_1_6' title='bbox 2360 303 2446 360; x_wconf 84' lang='lat' dir='ltr'><strong>Ill.</strong></span> <span class='ocrx_word' id='word_1_7' title='bbox 2485 335 2558 350; x_wconf 84' lang='lat'><strong>-—</strong></span> <span class='ocrx_word' id='word_1_8' title='bbox 2596 303 2999 360; x_wconf 75' lang='lat' dir='ltr'><strong>EXEGETICA.</strong></span> 
     </span>
    </p>
   </div>
   <div class='ocr_carea' id='block_1_4' title="bbox 3571 303 3696 357">
    <p class='ocr_par' dir='ltr' id='par_1_4' title="bbox 3571 303 3696 357">
     <span class='ocr_line' id='line_1_4' title="bbox 3571 303 3696 357; baseline 0 0"><span class='ocrx_word' id='word_1_9' title='bbox 3571 303 3696 357; x_wconf 63' lang='lat'><strong>£276</strong></span> 
     </span>
    </p>
   </div>
   <div class='ocr_carea' id='block_1_5' title="bbox 456 419 2027 494">
    <p class='ocr_par' dir='ltr' id='par_1_5' title="bbox 456 419 2027 494">
     <span class='ocr_line' id='line_1_5' title="bbox 456 419 2027 494; baseline 0.001 -17"><span class='ocrx_word' id='word_1_10' title='bbox 456 419 618 485; x_wconf 72' lang='lat' dir='ltr'><strong>fecit;</strong></span> <span class='ocrx_word' id='word_1_11' title='bbox 667 421 912 491; x_wconf 89' lang='lat' dir='ltr'><strong>jumenta</strong></span> <span class='ocrx_word' id='word_1_12' title='bbox 965 419 1184 493; x_wconf 85' lang='lat' dir='ltr'><strong>quidem</strong></span> <span class='ocrx_word' id='word_1_13' title='bbox 1218 423 1519 494; x_wconf 70' lang='lat' dir='ltr'><strong>generatim</strong></span> <span class='ocrx_word' id='word_1_14' title='bbox 1550 423 1832 493; x_wconf 79' lang='lat' dir='ltr'><strong>appellans</strong></span> <span class='ocrx_word' id='word_1_15' title='bbox 1871 438 2027 479; x_wconf 89' lang='lat' dir='ltr'><strong>omne</strong></span> 
     </span>
    </p>
   </div>
   <div class='ocr_carea' id='block_1_6' title="bbox 2131 419 3696 494">
    <p class='ocr_par' dir='ltr' id='par_1_6' title="bbox 2134 420 3696 494">
     <span class='ocr_line' id='line_1_6' title="bbox 2134 420 3696 494; baseline -0.002 -17"><span class='ocrx_word' id='word_1_16' title='bbox 2134 423 2227 477; x_wconf 80' lang='grc' dir='ltr'>καὶ</span> <span class='ocrx_word' id='word_1_17' title='bbox 2259 423 2468 486; x_wconf 80' lang='grc' dir='ltr'><strong>τούτοις</strong></span> <span class='ocrx_word' id='word_1_18' title='bbox 2496 423 2754 494; x_wconf 81' lang='grc' dir='ltr'><strong>ἀπένειμε</strong></span> <span class='ocrx_word' id='word_1_19' title='bbox 2781 424 2990 492; x_wconf 73' lang='grc' dir='ltr'>τροφήν</span> <span class='ocrx_word' id='word_1_20' title='bbox 3009 437 3021 449; x_wconf 89' lang='grc'><strong>·</strong></span> <span class='ocrx_word' id='word_1_21' title='bbox 3059 420 3253 492; x_wconf 89' lang='grc' dir='ltr'>χόρτον</span> <span class='ocrx_word' id='word_1_22' title='bbox 3296 420 3395 492; x_wconf 82' lang='grc' dir='ltr'>μὲν</span> <span class='ocrx_word' id='word_1_23' title='bbox 3434 424 3548 481; x_wconf 84' lang='grc' dir='ltr'>τοῖς</span> <span class='ocrx_word' id='word_1_24' title='bbox 3574 423 3696 490; x_wconf 77' lang='grc' dir='ltr'>κτή-</span> 
     </span>
    </p>
   </div>
   <div class='ocr_carea' id='block_1_7' title="bbox 457 513 2028 582">
    <p class='ocr_par' dir='ltr' id='par_1_7' title="bbox 457 513 2028 582">
     <span class='ocr_line' id='line_1_7' title="bbox 457 513 2028 582; baseline 0.001 -14"><span class='ocrx_word' id='word_1_25' title='bbox 457 513 659 570; x_wconf 85' lang='lat' dir='ltr'><strong>animal</strong></span> <span class='ocrx_word' id='word_1_26' title='bbox 709 514 875 569; x_wconf 89' lang='lat' dir='ltr'><strong>herba</strong></span> <span class='ocrx_word' id='word_1_27' title='bbox 921 531 1178 582; x_wconf 88' lang='lat' dir='ltr'><strong>vescens;</strong></span> <span class='ocrx_word' id='word_1_28' title='bbox 1221 515 1538 571; x_wconf 88' lang='lat' dir='ltr'><strong>servitutem</strong></span> <span class='ocrx_word' id='word_1_29' title='bbox 1571 531 1699 571; x_wconf 87' lang='lat' dir='ltr'><strong>vero</strong></span> <span class='ocrx_word' id='word_1_30' title='bbox 1727 516 2028 582; x_wconf 89' lang='lat' dir='ltr'><strong>hominum,</strong></span> 
     </span>
    </p>
   </div>
   <div class='ocr_carea' id='block_1_8' title="bbox 456 603 2033 674">
    <p class='ocr_par' dir='ltr' id='par_1_8' title="bbox 456 603 2033 674">
     <span class='ocr_line' id='line_1_8' title="bbox 456 603 2033 674; baseline 0.001 -14"><span class='ocrx_word' id='word_1_31' title='bbox 456 612 743 660; x_wconf 83' lang='lat' dir='ltr'><strong>mansueta</strong></span> <span class='ocrx_word' id='word_1_32' title='bbox 773 611 826 658; x_wconf 91' lang='lat' dir='ltr'><strong>et</strong></span> <span class='ocrx_word' id='word_1_33' title='bbox 856 603 1258 674; x_wconf 86' lang='lat' dir='ltr'><strong>quodammodo</strong></span> <span class='ocrx_word' id='word_1_34' title='bbox 1307 605 1484 660; x_wconf 86' lang='lat' dir='ltr'><strong>civilia</strong></span> <span class='ocrx_word' id='word_1_35' title='bbox 1525 606 1782 660; x_wconf 84' lang='lat' dir='ltr'><strong>animalia</strong></span> <span class='ocrx_word' id='word_1_36' title='bbox 1826 607 1891 660; x_wconf 86' lang='lat' dir='ltr'><strong>ad</strong></span> <span class='ocrx_word' id='word_1_37' title='bbox 1935 607 2033 662; x_wconf 88' lang='lat' dir='ltr'><strong>ho-</strong></span> 
     </span>
    </p>
   </div>
   <div class='ocr_carea' id='block_1_9' title="bbox 458 697 2030 767">
    <p class='ocr_par' dir='ltr' id='par_1_9' title="bbox 458 697 2030 767">
     <span class='ocr_line' id='line_1_9' title="bbox 458 697 2030 767; baseline 0 -15"><span class='ocrx_word' id='word_1_38' title='bbox 458 697 667 753; x_wconf 89' lang='lat' dir='ltr'><strong>minum</strong></span> <span class='ocrx_word' id='word_1_39' title='bbox 697 713 854 751; x_wconf 89' lang='lat' dir='ltr'><strong>usum</strong></span> <span class='ocrx_word' id='word_1_40' title='bbox 885 697 1160 767; x_wconf 89' lang='lat' dir='ltr'><strong>deputata,</strong></span> <span class='ocrx_word' id='word_1_41' title='bbox 1183 713 1415 766; x_wconf 87' lang='lat' dir='ltr'><strong>quorum</strong></span> <span class='ocrx_word' id='word_1_42' title='bbox 1447 697 1550 750; x_wconf 86' lang='lat' dir='ltr'><strong>alia</strong></span> <span class='ocrx_word' id='word_1_43' title='bbox 1581 697 1798 766; x_wconf 91' lang='lat' dir='ltr'><strong>quidem</strong></span> <span class='ocrx_word' id='word_1_44' title='bbox 1830 706 2030 752; x_wconf 89' lang='lat' dir='ltr'><strong>terram</strong></span> 
     </span>
    </p>
   </div>
   <div class='ocr_carea' id='block_1_10' title="bbox 459 788 2031 860">
    <p class='ocr_par' dir='ltr' id='par_1_10' title="bbox 459 788 2031 860">
     <span class='ocr_line' id='line_1_10' title="bbox 459 788 2031 860; baseline 0.001 -17"><span class='ocrx_word' id='word_1_45' title='bbox 459 798 619 844; x_wconf 89' lang='lat' dir='ltr'><strong>arant</strong></span> <span class='ocrx_word' id='word_1_46' title='bbox 678 789 992 860; x_wconf 83' lang='lat' dir='ltr'><strong>hominique</strong></span> <span class='ocrx_word' id='word_1_47' title='bbox 1046 805 1203 859; x_wconf 91' lang='lat' dir='ltr'><strong>opem</strong></span> <span class='ocrx_word' id='word_1_48' title='bbox 1250 789 1452 853; x_wconf 84' lang='lat' dir='ltr'><strong>ferunt,</strong></span> <span class='ocrx_word' id='word_1_49' title='bbox 1499 796 1558 841; x_wconf 87' lang='lat' dir='ltr'><strong>ut</strong></span> <span class='ocrx_word' id='word_1_50' title='bbox 1607 788 1742 855; x_wconf 90' lang='lat' dir='ltr'><strong>bos;</strong></span> <span class='ocrx_word' id='word_1_51' title='bbox 1773 789 1879 843; x_wconf 90' lang='lat' dir='ltr'><strong>alia</strong></span> <span class='ocrx_word' id='word_1_52' title='bbox 1937 805 2031 860; x_wconf 87' lang='lat' dir='ltr'><strong>ge-</strong></span> 
     </span>
    </p>
   </div>
   <div class='ocr_carea' id='block_1_11' title="bbox 459 879 2029 945">
    <p class='ocr_par' dir='ltr' id='par_1_11' title="bbox 459 879 2029 945">
     <span class='ocr_line' id='line_1_11' title="bbox 459 879 2029 945; baseline -0.001 -9"><span class='ocrx_word' id='word_1_53' title='bbox 459 888 606 936; x_wconf 86' lang='lat' dir='ltr'><strong>stant</strong></span> <span class='ocrx_word' id='word_1_54' title='bbox 656 897 842 945; x_wconf 85' lang='lat' dir='ltr'><strong>onera,</strong></span> <span class='ocrx_word' id='word_1_55' title='bbox 874 890 933 935; x_wconf 91' lang='lat' dir='ltr'><strong>ut</strong></span> <span class='ocrx_word' id='word_1_56' title='bbox 981 881 1202 945; x_wconf 91' lang='lat' dir='ltr'><strong>asinus;</strong></span> <span class='ocrx_word' id='word_1_57' title='bbox 1235 881 1338 934; x_wconf 80' lang='lat' dir='ltr'><strong>alia</strong></span> <span class='ocrx_word' id='word_1_58' title='bbox 1375 880 1591 935; x_wconf 90' lang='lat' dir='ltr'><strong>demum</strong></span> <span class='ocrx_word' id='word_1_59' title='bbox 1636 879 1782 933; x_wconf 89' lang='lat' dir='ltr'><strong>aliud</strong></span> <span class='ocrx_word' id='word_1_60' title='bbox 1816 881 2029 935; x_wconf 89' lang='lat' dir='ltr'><strong>mortali</strong></span> 
     </span>
    </p>
   </div>
   <div class='ocr_carea' id='block_1_12' title="bbox 457 973 2028 1045">
    <p class='ocr_par' dir='ltr' id='par_1_12' title="bbox 457 973 2028 1045">
     <span class='ocr_line' id='line_1_12' title="bbox 457 973 2028 1045; baseline -0.002 -17"><span class='ocrx_word' id='word_1_61' title='bbox 457 973 642 1045; x_wconf 84' lang='lat' dir='ltr'><strong>generi</strong></span> <span class='ocrx_word' id='word_1_62' title='bbox 688 973 1051 1029; x_wconf 70' lang='lat' dir='ltr'><strong>ministerium</strong></span> <span class='ocrx_word' id='word_1_63' title='bbox 1095 980 1356 1042; x_wconf 66' lang='lat' dir='ltr'><strong>praestant</strong></span> <span class='ocrx_word' id='word_1_64' title='bbox 1389 991 1400 1026; x_wconf 88' lang='lat'>:</span> <span class='ocrx_word' id='word_1_65' title='bbox 1431 985 1552 1042; x_wconf 64' lang='lat' dir='ltr'><strong>quae</strong></span> <span class='ocrx_word' id='word_1_66' title='bbox 1591 973 1810 1042; x_wconf 87' lang='lat' dir='ltr'><strong>proprie</strong></span> <span class='ocrx_word' id='word_1_67' title='bbox 1852 980 2028 1042; x_wconf 81' lang='lat' dir='ltr'><strong>etOp-</strong></span> 
     </span>
    </p>
   </div>
   <div class='ocr_carea' id='block_1_13' title="bbox 454 1064 2027 1134">
    <p class='ocr_par' dir='ltr' id='par_1_13' title="bbox 454 1064 2027 1134">
     <span class='ocr_line' id='line_1_13' title="bbox 454 1064 2027 1134; baseline 0 -16"><span class='ocrx_word' id='word_1_68' title='bbox 454 1071 689 1134; x_wconf 88' lang='lat' dir='ltr'><strong>portune</strong></span> <span class='ocrx_word' id='word_1_69' title='bbox 733 1066 1046 1119; x_wconf 84' lang='lat' dir='ltr'><strong>servitutem</strong></span> <span class='ocrx_word' id='word_1_70' title='bbox 1083 1065 1364 1118; x_wconf 88' lang='lat' dir='ltr'><strong>hominum</strong></span> <span class='ocrx_word' id='word_1_71' title='bbox 1409 1065 1642 1127; x_wconf 84' lang='lat' dir='ltr'><strong>vocavit,</strong></span> <span class='ocrx_word' id='word_1_72' title='bbox 1673 1064 1872 1133; x_wconf 84' lang='lat' dir='ltr'><strong>quibus</strong></span> <span class='ocrx_word' id='word_1_73' title='bbox 1902 1065 2027 1120; x_wconf 82' lang='lat' dir='ltr'><strong>her-</strong></span> 
     </span>
    </p>
   </div>
   <div class='ocr_carea' id='block_1_14' title="bbox 453 1155 2026 1218">
    <p class='ocr_par' dir='ltr' id='par_1_14' title="bbox 453 1155 2026 1218">
     <span class='ocr_line' id='line_1_14' title="bbox 453 1155 2026 1218; baseline -0.001 -9"><span class='ocrx_word' id='word_1_74' title='bbox 453 1155 577 1209; x_wconf 89' lang='lat' dir='ltr'><strong>bam</strong></span> <span class='ocrx_word' id='word_1_75' title='bbox 607 1156 786 1210; x_wconf 81' lang='lat' dir='ltr'><strong>datam</strong></span> <span class='ocrx_word' id='word_1_76' title='bbox 812 1171 934 1211; x_wconf 91' lang='lat' dir='ltr'><strong>esse</strong></span> <span class='ocrx_word' id='word_1_77' title='bbox 973 1155 1068 1218; x_wconf 90' lang='lat' dir='ltr'><strong>ait,</strong></span> <span class='ocrx_word' id='word_1_78' title='bbox 1107 1155 1314 1210; x_wconf 82' lang='lat' dir='ltr'><strong>scilicet</strong></span> <span class='ocrx_word' id='word_1_79' title='bbox 1345 1155 1414 1210; x_wconf 88' lang='lat' dir='ltr'><strong>ab</strong></span> <span class='ocrx_word' id='word_1_80' title='bbox 1445 1156 1756 1211; x_wconf 91' lang='lat' dir='ltr'><strong>hominibus</strong></span> <span class='ocrx_word' id='word_1_81' title='bbox 1788 1157 2026 1211; x_wconf 89' lang='lat' dir='ltr'><strong>semina-</strong></span> 
     </span>
    </p>
   </div>
   <div class='ocr_carea' id='block_1_15' title="bbox 452 1243 2025 1316">
    <p class='ocr_par' dir='ltr' id='par_1_15' title="bbox 452 1243 2025 1316">
     <span class='ocr_line' id='line_1_15' title="bbox 452 1243 2025 1316; baseline 0.004 -22"><span class='ocrx_word' id='word_1_82' title='bbox 452 1248 562 1294; x_wconf 91' lang='lat' dir='ltr'><strong>tam</strong></span> <span class='ocrx_word' id='word_1_83' title='bbox 588 1251 643 1295; x_wconf 93' lang='lat' dir='ltr'><strong>et</strong></span> <span class='ocrx_word' id='word_1_84' title='bbox 669 1243 870 1295; x_wconf 91' lang='lat' dir='ltr'><strong>cultam</strong></span> <span class='ocrx_word' id='word_1_85' title='bbox 893 1261 906 1309; x_wconf 90' lang='lat'>;</span> <span class='ocrx_word' id='word_1_86' title='bbox 939 1243 1150 1298; x_wconf 63' lang='lat' dir='ltr'><strong>caeteris</strong></span> <span class='ocrx_word' id='word_1_87' title='bbox 1181 1259 1313 1298; x_wconf 81' lang='lat' dir='ltr'><strong>vero</strong></span> <span class='ocrx_word' id='word_1_88' title='bbox 1333 1244 1600 1312; x_wconf 86' lang='lat' dir='ltr'><strong>jumentis</strong></span> <span class='ocrx_word' id='word_1_89' title='bbox 1623 1255 1818 1316; x_wconf 90' lang='lat' dir='ltr'><strong>sponte</strong></span> <span class='ocrx_word' id='word_1_90' title='bbox 1840 1254 2025 1300; x_wconf 88' lang='lat' dir='ltr'><strong>natum</strong></span> 
     </span>
    </p>
   </div>
   <div class='ocr_carea' id='block_1_16' title="bbox 455 1330 2026 1407">
    <p class='ocr_par' dir='ltr' id='par_1_16' title="bbox 455 1330 2026 1407">
     <span class='ocr_line' id='line_1_16' title="bbox 455 1330 2026 1407; baseline 0.003 -21"><span class='ocrx_word' id='word_1_91' title='bbox 455 1330 659 1386; x_wconf 81' lang='lat' dir='ltr'><strong>fenum.</strong></span> <span class='ocrx_word' id='word_1_92' title='bbox 702 1331 937 1388; x_wconf 83' lang='lat' dir='ltr'><strong>Possunt</strong></span> <span class='ocrx_word' id='word_1_93' title='bbox 965 1342 1146 1389; x_wconf 88' lang='lat' dir='ltr'><strong>autem</strong></span> <span class='ocrx_word' id='word_1_94' title='bbox 1179 1345 1412 1407; x_wconf 86' lang='lat' dir='ltr'><strong>utraque</strong></span> <span class='ocrx_word' id='word_1_95' title='bbox 1453 1337 1637 1399; x_wconf 90' lang='lat' dir='ltr'><strong>simul,</strong></span> <span class='ocrx_word' id='word_1_96' title='bbox 1677 1337 1844 1390; x_wconf 89' lang='lat' dir='ltr'><strong>herba</strong></span> <span class='ocrx_word' id='word_1_97' title='bbox 1877 1336 2026 1390; x_wconf 86' lang='lat' dir='ltr'><strong>vide-</strong></span> 
     </span>
    </p>
   </div>
   <div class='ocr_carea' id='block_1_17' title="bbox 453 1425 2023 1496">
    <p class='ocr_par' dir='ltr' id='par_1_17' title="bbox 453 1425 2023 1496">
     <span class='ocr_line' id='line_1_17' title="bbox 453 1425 2023 1496; baseline 0.002 -17"><span class='ocrx_word' id='word_1_98' title='bbox 453 1425 580 1480; x_wconf 89' lang='lat' dir='ltr'><strong>licet</strong></span> <span class='ocrx_word' id='word_1_99' title='bbox 631 1434 684 1481; x_wconf 89' lang='lat' dir='ltr'><strong>et</strong></span> <span class='ocrx_word' id='word_1_100' title='bbox 708 1425 910 1488; x_wconf 85' lang='lat' dir='ltr'><strong>fenum,</strong></span> <span class='ocrx_word' id='word_1_101' title='bbox 958 1436 1010 1481; x_wconf 89' lang='lat' dir='ltr'><strong>et</strong></span> <span class='ocrx_word' id='word_1_102' title='bbox 1052 1427 1318 1496; x_wconf 84' lang='lat' dir='ltr'><strong>jumentis</strong></span> <span class='ocrx_word' id='word_1_103' title='bbox 1353 1437 1406 1484; x_wconf 90' lang='lat' dir='ltr'><strong>et</strong></span> <span class='ocrx_word' id='word_1_104' title='bbox 1451 1431 1698 1484; x_wconf 81' lang='lat' dir='ltr'><strong>servituti</strong></span> <span class='ocrx_word' id='word_1_105' title='bbox 1743 1429 2023 1483; x_wconf 89' lang='lat' dir='ltr'><strong>hominum</strong></span> 
     </span>
    </p>
   </div>
   <div class='ocr_carea' id='block_1_18' title="bbox 450 1515 2026 1590">
    <p class='ocr_par' dir='ltr' id='par_1_18' title="bbox 450 1515 2026 1590">
     <span class='ocr_line' id='line_1_18' title="bbox 450 1515 2026 1590; baseline 0.003 -19"><span class='ocrx_word' id='word_1_106' title='bbox 450 1517 576 1571; x_wconf 88' lang='lat' dir='ltr'><strong>data</strong></span> <span class='ocrx_word' id='word_1_107' title='bbox 611 1515 800 1571; x_wconf 83' lang='lat' dir='ltr'><strong>fuisse.</strong></span> <span class='ocrx_word' id='word_1_108' title='bbox 825 1516 1010 1587; x_wconf 84' lang='lat' dir='ltr'><strong>Neque</strong></span> <span class='ocrx_word' id='word_1_109' title='bbox 1043 1517 1187 1573; x_wconf 85' lang='lat' dir='ltr'><strong>feras</strong></span> <span class='ocrx_word' id='word_1_110' title='bbox 1235 1519 1323 1573; x_wconf 92' lang='lat' dir='ltr'><strong>hic</strong></span> <span class='ocrx_word' id='word_1_111' title='bbox 1373 1536 1550 1590; x_wconf 88' lang='lat' dir='ltr'><strong>neque</strong></span> <span class='ocrx_word' id='word_1_112' title='bbox 1574 1520 1788 1590; x_wconf 87' lang='lat' dir='ltr'><strong>reptilia</strong></span> <span class='ocrx_word' id='word_1_113' title='bbox 1821 1535 2026 1575; x_wconf 89' lang='lat' dir='ltr'><strong>memo-</strong></span> 
     </span>
    </p>
   </div>
   <div class='ocr_carea' id='block_1_19' title="bbox 449 1607 2025 1677">
    <p class='ocr_par' dir='ltr' id='par_1_19' title="bbox 449 1607 2025 1677">
     <span class='ocr_line' id='line_1_19' title="bbox 449 1607 2025 1677; baseline 0.003 -17"><span class='ocrx_word' id='word_1_114' title='bbox 449 1607 612 1670; x_wconf 79' lang='lat' dir='ltr'><strong>ravit,</strong></span> <span class='ocrx_word' id='word_1_115' title='bbox 643 1607 767 1676; x_wconf 91' lang='lat' dir='ltr'><strong>quia</strong></span> <span class='ocrx_word' id='word_1_116' title='bbox 827 1609 940 1662; x_wconf 67' lang='lat' dir='ltr'><strong>haec</strong></span> <span class='ocrx_word' id='word_1_117' title='bbox 981 1609 1088 1664; x_wconf 92' lang='lat' dir='ltr'><strong>alio</strong></span> <span class='ocrx_word' id='word_1_118' title='bbox 1141 1618 1371 1665; x_wconf 86' lang='lat' dir='ltr'><strong>utuntur</strong></span> <span class='ocrx_word' id='word_1_119' title='bbox 1399 1613 1556 1677; x_wconf 89' lang='lat' dir='ltr'><strong>cibo;</strong></span> <span class='ocrx_word' id='word_1_120' title='bbox 1590 1612 1694 1664; x_wconf 91' lang='lat' dir='ltr'><strong>alia</strong></span> <span class='ocrx_word' id='word_1_121' title='bbox 1727 1611 1872 1665; x_wconf 89' lang='lat' dir='ltr'><strong>enim</strong></span> <span class='ocrx_word' id='word_1_122' title='bbox 1904 1627 2025 1665; x_wconf 82' lang='lat' dir='ltr'><strong>car-</strong></span> 
     </span>
    </p>
   </div>
   <div class='ocr_carea' id='block_1_20' title="bbox 449 1698 1950 1772">
    <p class='ocr_par' dir='ltr' id='par_1_20' title="bbox 449 1698 1950 1772">
     <span class='ocr_line' id='line_1_20' title="bbox 449 1698 1950 1772; baseline 0.005 -22"><span class='ocrx_word' id='word_1_123' title='bbox 449 1698 640 1753; x_wconf 83' lang='lat' dir='ltr'><strong>nivora</strong></span> <span class='ocrx_word' id='word_1_124' title='bbox 671 1708 833 1767; x_wconf 89' lang='lat' dir='ltr'><strong>sunt;</strong></span> <span class='ocrx_word' id='word_1_125' title='bbox 868 1702 1079 1771; x_wconf 91' lang='lat' dir='ltr'><strong>reptilia</strong></span> <span class='ocrx_word' id='word_1_126' title='bbox 1102 1710 1282 1757; x_wconf 90' lang='lat' dir='ltr'><strong>autem</strong></span> <span class='ocrx_word' id='word_1_127' title='bbox 1315 1704 1432 1772; x_wconf 91' lang='lat' dir='ltr'><strong>ipsa</strong></span> <span class='ocrx_word' id='word_1_128' title='bbox 1463 1712 1606 1758; x_wconf 91' lang='lat' dir='ltr'><strong>terra</strong></span> <span class='ocrx_word' id='word_1_129' title='bbox 1633 1709 1950 1758; x_wconf 90' lang='lat' dir='ltr'><strong>vescuntur.</strong></span> 
     </span>
    </p>
   </div>
   <div class='ocr_carea' id='block_1_21' title="bbox 2135 512 3694 587">
    <p class='ocr_par' dir='ltr' id='par_1_21' title="bbox 2135 512 3694 587">
     <span class='ocr_line' id='line_1_21' title="bbox 2135 512 3694 587; baseline -0.001 -19"><span class='ocrx_word' id='word_1_130' title='bbox 2135 533 2271 580; x_wconf 84' lang='grc' dir='ltr'>νεσι,</span> <span class='ocrx_word' id='word_1_131' title='bbox 2294 519 2366 587; x_wconf 74' lang='grc' dir='ltr'>τῇ</span> <span class='ocrx_word' id='word_1_132' title='bbox 2387 515 2444 568; x_wconf 75' lang='grc' dir='ltr'>δὲ</span> <span class='ocrx_word' id='word_1_133' title='bbox 2472 515 2682 586; x_wconf 81' lang='grc' dir='ltr'><strong>δουλείᾳ</strong></span> <span class='ocrx_word' id='word_1_134' title='bbox 2703 514 2810 568; x_wconf 89' lang='grc' dir='ltr'><strong>τῶν</strong></span> <span class='ocrx_word' id='word_1_135' title='bbox 2829 513 3129 585; x_wconf 84' lang='grc' dir='ltr'>ἀνθρώπων</span> <span class='ocrx_word' id='word_1_136' title='bbox 3152 513 3314 584; x_wconf 97' lang='grc' dir='ltr'>χλόην</span> <span class='ocrx_word' id='word_1_137' title='bbox 3343 512 3694 579; x_wconf 81' lang='grc' dir='ltr'>ἐξανατείλας.</span> 
     </span>
    </p>
   </div>
   <div class='ocr_carea' id='block_1_22' title="bbox 2135 604 3698 678">
    <p class='ocr_par' dir='ltr' id='par_1_22' title="bbox 2135 604 3698 678">
     <span class='ocr_line' id='line_1_22' title="bbox 2135 604 3698 678; baseline -0.004 -17"><span class='ocrx_word' id='word_1_138' title='bbox 2135 608 2347 677; x_wconf 86' lang='grc' dir='ltr'><strong>Σφόδρα</strong></span> <span class='ocrx_word' id='word_1_139' title='bbox 2388 607 2445 660; x_wconf 85' lang='grc' dir='ltr'>δὲ</span> <span class='ocrx_word' id='word_1_140' title='bbox 2494 606 2739 676; x_wconf 79' lang='grc' dir='ltr'>ἀκριϐῶς</span> <span class='ocrx_word' id='word_1_141' title='bbox 2766 609 2794 659; x_wconf 90' lang='grc' dir='ltr'>ὁ</span> <span class='ocrx_word' id='word_1_142' title='bbox 2825 607 3109 678; x_wconf 80' lang='grc' dir='ltr'><strong>προφήτης</strong></span> <span class='ocrx_word' id='word_1_143' title='bbox 3156 606 3253 677; x_wconf 79' lang='grc' dir='ltr'>τὴν</span> <span class='ocrx_word' id='word_1_144' title='bbox 3290 606 3401 658; x_wconf 87' lang='grc' dir='ltr'><strong>τῶν</strong></span> <span class='ocrx_word' id='word_1_145' title='bbox 3431 604 3582 668; x_wconf 76' lang='grc' dir='ltr'>ζώων</span> <span class='ocrx_word' id='word_1_146' title='bbox 3613 621 3698 656; x_wconf 60' lang='lat' dir='ltr'><strong>m-</strong></span> 
     </span>
    </p>
   </div>
   <div class='ocr_carea' id='block_1_23' title="bbox 2134 697 3695 770">
    <p class='ocr_par' dir='ltr' id='par_1_23' title="bbox 2134 697 3695 770">
     <span class='ocr_line' id='line_1_23' title="bbox 2134 697 3695 770; baseline -0.003 -17"><span class='ocrx_word' id='word_1_147' title='bbox 2134 700 2354 770; x_wconf 86' lang='grc' dir='ltr'>ποίηται</span> <span class='ocrx_word' id='word_1_148' title='bbox 2381 699 2644 770; x_wconf 82' lang='grc' dir='ltr'><strong>διαίρεσιν</strong></span> <span class='ocrx_word' id='word_1_149' title='bbox 2665 713 2676 726; x_wconf 88' lang='grc'><strong>·</strong></span> <span class='ocrx_word' id='word_1_150' title='bbox 2707 700 2878 769; x_wconf 85' lang='grc' dir='ltr'><strong>κτήνη</strong></span> <span class='ocrx_word' id='word_1_151' title='bbox 2903 699 3001 768; x_wconf 82' lang='grc' dir='ltr'>μὲν</span> <span class='ocrx_word' id='word_1_152' title='bbox 3023 697 3255 766; x_wconf 82' lang='grc' dir='ltr'><strong>γενικῶς</strong></span> <span class='ocrx_word' id='word_1_153' title='bbox 3279 699 3389 750; x_wconf 77' lang='grc' dir='ltr'><strong>πᾶν</strong></span> <span class='ocrx_word' id='word_1_154' title='bbox 3411 697 3471 748; x_wconf 75' lang='grc' dir='ltr'>τὸ</span> <span class='ocrx_word' id='word_1_155' title='bbox 3501 697 3695 765; x_wconf 65' lang='grc' dir='ltr'>ποηςά-</span> 
     </span>
    </p>
   </div>
   <div class='ocr_carea' id='block_1_24' title="bbox 2131 786 3693 862">
    <p class='ocr_par' dir='ltr' id='par_1_24' title="bbox 2131 786 3693 862">
     <span class='ocr_line' id='line_1_24' title="bbox 2131 786 3693 862; baseline -0.004 -18"><span class='ocrx_word' id='word_1_156' title='bbox 2131 809 2227 856; x_wconf 90' lang='grc' dir='ltr'><strong>γον</strong></span> <span class='ocrx_word' id='word_1_157' title='bbox 2259 790 2415 856; x_wconf 79' lang='grc' dir='ltr'>ζῶον,</span> <span class='ocrx_word' id='word_1_158' title='bbox 2432 790 2670 844; x_wconf 80' lang='grc' dir='ltr'>δουλείαν</span> <span class='ocrx_word' id='word_1_159' title='bbox 2685 790 2743 843; x_wconf 85' lang='grc' dir='ltr'>δὲ</span> <span class='ocrx_word' id='word_1_160' title='bbox 2771 788 3072 862; x_wconf 85' lang='grc' dir='ltr'>ἀνθρώπων</span> <span class='ocrx_word' id='word_1_161' title='bbox 3099 789 3169 842; x_wconf 82' lang='grc' dir='ltr'><strong>τά</strong></span> <span class='ocrx_word' id='word_1_162' title='bbox 3193 789 3378 860; x_wconf 76' lang='grc' dir='ltr'>ἣμερα</span> <span class='ocrx_word' id='word_1_163' title='bbox 3402 789 3498 840; x_wconf 83' lang='grc' dir='ltr'><strong>καί</strong></span> <span class='ocrx_word' id='word_1_164' title='bbox 3525 786 3693 856; x_wconf 74' lang='grc' dir='ltr'>ῶσπερ</span> 
     </span>
    </p>
   </div>
   <div class='ocr_carea' id='block_1_25' title="bbox 2132 879 3695 953">
    <p class='ocr_par' dir='ltr' id='par_1_25' title="bbox 2132 879 3695 953">
     <span class='ocr_line' id='line_1_25' title="bbox 2132 879 3695 953; baseline -0.006 -16"><span class='ocrx_word' id='word_1_165' title='bbox 2132 883 2384 937; x_wconf 84' lang='grc' dir='ltr'>πολιτικὰ</span> <span class='ocrx_word' id='word_1_166' title='bbox 2413 881 2525 947; x_wconf 82' lang='grc' dir='ltr'><strong>ζῶα</strong></span> <span class='ocrx_word' id='word_1_167' title='bbox 2568 882 2635 935; x_wconf 80' lang='grc' dir='ltr'><strong>τὰ</strong></span> <span class='ocrx_word' id='word_1_168' title='bbox 2669 885 2748 946; x_wconf 85' lang='grc' dir='ltr'><strong>είς</strong></span> <span class='ocrx_word' id='word_1_169' title='bbox 2796 881 3100 953; x_wconf 78' lang='grc' dir='ltr'><strong>ὑπηρεσίαν</strong></span> <span class='ocrx_word' id='word_1_170' title='bbox 3147 879 3454 952; x_wconf 72' lang='grc' dir='ltr'>ἀνθρώπων</span> <span class='ocrx_word' id='word_1_171' title='bbox 3504 879 3695 947; x_wconf 63' lang='grc' dir='ltr'>ἀφωρι-</span> 
     </span>
    </p>
   </div>
   <div class='ocr_carea' id='block_1_26' title="bbox 2132 967 3698 1046">
    <p class='ocr_par' dir='ltr' id='par_1_26' title="bbox 2132 967 3698 1046">
     <span class='ocr_line' id='line_1_26' title="bbox 2132 967 3698 1046; baseline -0.003 -18"><span class='ocrx_word' id='word_1_172' title='bbox 2132 975 2322 1046; x_wconf 83' lang='grc' dir='ltr'>σμένα,</span> <span class='ocrx_word' id='word_1_173' title='bbox 2351 967 2426 1027; x_wconf 83' lang='grc' dir='ltr'>ὧν</span> <span class='ocrx_word' id='word_1_174' title='bbox 2457 975 2526 1027; x_wconf 82' lang='grc' dir='ltr'>τὰ</span> <span class='ocrx_word' id='word_1_175' title='bbox 2557 975 2653 1046; x_wconf 83' lang='grc' dir='ltr'>μὲν</span> <span class='ocrx_word' id='word_1_176' title='bbox 2681 975 2805 1040; x_wconf 86' lang='grc' dir='ltr'>ἀροῖ</span> <span class='ocrx_word' id='word_1_177' title='bbox 2832 973 2928 1044; x_wconf 79' lang='grc' dir='ltr'>τὴν</span> <span class='ocrx_word' id='word_1_178' title='bbox 2959 974 3060 1043; x_wconf 84' lang='grc' dir='ltr'>γῆν</span> <span class='ocrx_word' id='word_1_179' title='bbox 3092 971 3461 1043; x_wconf 77' lang='grc' dir='ltr'>συνεργοῦντα</span> <span class='ocrx_word' id='word_1_180' title='bbox 3507 969 3698 1040; x_wconf 74' lang='grc' dir='ltr'>ἀνθρὼ-</span> 
     </span>
    </p>
   </div>
   <div class='ocr_carea' id='block_1_27' title="bbox 2132 1057 3698 1136">
    <p class='ocr_par' dir='ltr' id='par_1_27' title="bbox 2132 1057 3698 1136">
     <span class='ocr_line' id='line_1_27' title="bbox 2132 1057 3698 1136; baseline -0.006 -19"><span class='ocrx_word' id='word_1_181' title='bbox 2132 1083 2239 1136; x_wconf 85' lang='grc' dir='ltr'>πῳ,</span> <span class='ocrx_word' id='word_1_182' title='bbox 2270 1065 2346 1128; x_wconf 84' lang='grc' dir='ltr'>ὡς</span> <span class='ocrx_word' id='word_1_183' title='bbox 2380 1063 2507 1136; x_wconf 85' lang='grc' dir='ltr'>βοῦς</span> <span class='ocrx_word' id='word_1_184' title='bbox 2527 1083 2540 1098; x_wconf 90' lang='grc'><strong>·</strong></span> <span class='ocrx_word' id='word_1_185' title='bbox 2572 1063 2641 1118; x_wconf 80' lang='grc' dir='ltr'>τὰ</span> <span class='ocrx_word' id='word_1_186' title='bbox 2669 1063 2726 1117; x_wconf 87' lang='grc' dir='ltr'>δὲ</span> <span class='ocrx_word' id='word_1_187' title='bbox 2759 1063 3071 1134; x_wconf 80' lang='grc' dir='ltr'>ἀχθοφορεῖ,</span> <span class='ocrx_word' id='word_1_188' title='bbox 3097 1061 3172 1124; x_wconf 87' lang='grc' dir='ltr'><strong>ὡς</strong></span> <span class='ocrx_word' id='word_1_189' title='bbox 3193 1062 3312 1124; x_wconf 84' lang='grc' dir='ltr'>ὄνος</span> <span class='ocrx_word' id='word_1_190' title='bbox 3331 1078 3345 1090; x_wconf 77' lang='grc' dir='ltr'><strong><em>ο</em></strong></span> <span class='ocrx_word' id='word_1_191' title='bbox 3369 1061 3441 1112; x_wconf 72' lang='grc' dir='ltr'>τὰ</span> <span class='ocrx_word' id='word_1_192' title='bbox 3464 1057 3525 1111; x_wconf 79' lang='grc' dir='ltr'>δὲ</span> <span class='ocrx_word' id='word_1_193' title='bbox 3550 1058 3698 1126; x_wconf 70' lang='grc' dir='ltr'>ἄλλην</span> 
     </span>
    </p>
   </div>
   <div class='ocr_carea' id='block_1_28' title="bbox 2127 1148 3698 1225">
    <p class='ocr_par' dir='ltr' id='par_1_28' title="bbox 2127 1148 3698 1225">
     <span class='ocr_line' id='line_1_28' title="bbox 2127 1148 3698 1225; baseline -0.005 -17"><span class='ocrx_word' id='word_1_194' title='bbox 2127 1154 2250 1208; x_wconf 83' lang='grc' dir='ltr'>τινὰ</span> <span class='ocrx_word' id='word_1_195' title='bbox 2270 1154 2465 1225; x_wconf 82' lang='grc' dir='ltr'>χρῆσιν</span> <span class='ocrx_word' id='word_1_196' title='bbox 2487 1153 2566 1224; x_wconf 81' lang='grc' dir='ltr'>τῷ</span> <span class='ocrx_word' id='word_1_197' title='bbox 2586 1151 2765 1224; x_wconf 82' lang='grc' dir='ltr'>Θνητῷ</span> <span class='ocrx_word' id='word_1_198' title='bbox 2787 1152 2934 1220; x_wconf 81' lang='grc' dir='ltr'>γένει</span> <span class='ocrx_word' id='word_1_199' title='bbox 2960 1151 3260 1223; x_wconf 84' lang='grc' dir='ltr'>παρέχεται</span> <span class='ocrx_word' id='word_1_200' title='bbox 3277 1167 3290 1179; x_wconf 89' lang='grc'><strong>·</strong></span> <span class='ocrx_word' id='word_1_201' title='bbox 3322 1149 3362 1203; x_wconf 74' lang='grc' dir='ltr'><strong>ὃ.</strong></span> <span class='ocrx_word' id='word_1_202' title='bbox 3383 1148 3597 1210; x_wconf 76' lang='grc' dir='ltr'>οἰκείως</span> <span class='ocrx_word' id='word_1_203' title='bbox 3618 1151 3698 1200; x_wconf 72' lang='grc' dir='ltr'>καὶ</span> 
     </span>
    </p>
   </div>
   <div class='ocr_carea' id='block_1_29' title="bbox 2129 1232 3698 1319">
    <p class='ocr_par' dir='ltr' id='par_1_29' title="bbox 2129 1232 3698 1319">
     <span class='ocr_line' id='line_1_29' title="bbox 2129 1232 3698 1319; baseline -0.007 -20"><span class='ocrx_word' id='word_1_204' title='bbox 2129 1247 2422 1319; x_wconf 84' lang='grc' dir='ltr'>προσφυῶς</span> <span class='ocrx_word' id='word_1_205' title='bbox 2470 1245 2709 1301; x_wconf 82' lang='grc' dir='ltr'>δουλείαν</span> <span class='ocrx_word' id='word_1_206' title='bbox 2769 1241 3070 1316; x_wconf 84' lang='grc' dir='ltr'>ἀνθρώπων</span> <span class='ocrx_word' id='word_1_207' title='bbox 3119 1241 3402 1309; x_wconf 80' lang='grc' dir='ltr'>ὠνόμασεν</span> <span class='ocrx_word' id='word_1_208' title='bbox 3426 1278 3442 1302; x_wconf 93' lang='grc'><strong>,</strong></span> <span class='ocrx_word' id='word_1_209' title='bbox 3496 1232 3576 1300; x_wconf 75' lang='grc' dir='ltr'>οἷς</span> <span class='ocrx_word' id='word_1_210' title='bbox 3615 1237 3698 1305; x_wconf 63' lang='grc' dir='ltr'>τὴν</span> 
     </span>
    </p>
   </div>
   <div class='ocr_carea' id='block_1_30' title="bbox 2130 1328 3699 1410">
    <p class='ocr_par' dir='ltr' id='par_1_30' title="bbox 2130 1328 3699 1410">
     <span class='ocr_line' id='line_1_30' title="bbox 2130 1328 3699 1410; baseline -0.008 -18"><span class='ocrx_word' id='word_1_211' title='bbox 2130 1339 2290 1410; x_wconf 91' lang='grc' dir='ltr'>χλόην</span> <span class='ocrx_word' id='word_1_212' title='bbox 2342 1338 2584 1392; x_wconf 81' lang='grc' dir='ltr'>δεδόσθαι</span> <span class='ocrx_word' id='word_1_213' title='bbox 2627 1336 2795 1408; x_wconf 78' lang='grc' dir='ltr'>φησὶ,</span> <span class='ocrx_word' id='word_1_214' title='bbox 2830 1335 3078 1388; x_wconf 79' lang='grc' dir='ltr'>τουτέστι</span> <span class='ocrx_word' id='word_1_215' title='bbox 3123 1331 3218 1403; x_wconf 76' lang='grc' dir='ltr'>τὴν</span> <span class='ocrx_word' id='word_1_216' title='bbox 3272 1333 3364 1390; x_wconf 79' lang='grc' dir='ltr'><strong>ὑπ’</strong></span> <span class='ocrx_word' id='word_1_217' title='bbox 3412 1328 3699 1399; x_wconf 65' lang='grc' dir='ltr'>ἀνθρώπων</span> 
     </span>
    </p>
   </div>
   <div class='ocr_carea' id='block_1_31' title="bbox 2132 1421 3701 1500">
    <p class='ocr_par' dir='ltr' id='par_1_31' title="bbox 2132 1421 3701 1500">
     <span class='ocr_line' id='line_1_31' title="bbox 2132 1421 3701 1500; baseline -0.009 -17"><span class='ocrx_word' id='word_1_218' title='bbox 2132 1433 2434 1500; x_wconf 81' lang='grc' dir='ltr'>σπαρεῖσαν</span> <span class='ocrx_word' id='word_1_219' title='bbox 2467 1430 2571 1484; x_wconf 71' lang='grc' dir='ltr'><strong>καὶ⁴</strong></span> <span class='ocrx_word' id='word_1_220' title='bbox 2590 1427 3001 1500; x_wconf 80' lang='grc' dir='ltr'>γεωργηθεῖσαν</span> <span class='ocrx_word' id='word_1_221' title='bbox 3021 1441 3033 1454; x_wconf 81' lang='lat'><strong><em>°</em></strong></span> <span class='ocrx_word' id='word_1_222' title='bbox 3066 1426 3178 1487; x_wconf 83' lang='grc' dir='ltr'>τοῖς</span> <span class='ocrx_word' id='word_1_223' title='bbox 3207 1422 3264 1475; x_wconf 84' lang='grc' dir='ltr'>δὲ</span> <span class='ocrx_word' id='word_1_224' title='bbox 3291 1421 3478 1482; x_wconf 77' lang='grc' dir='ltr'>ἄλλοις</span> <span class='ocrx_word' id='word_1_225' title='bbox 3521 1422 3701 1488; x_wconf 72' lang='grc' dir='ltr'>κτήνε-</span> 
     </span>
    </p>
   </div>
   <div class='ocr_carea' id='block_1_32' title="bbox 2129 1512 3702 1594">
    <p class='ocr_par' dir='ltr' id='par_1_32' title="bbox 2129 1512 3702 1594">
     <span class='ocr_line' id='line_1_32' title="bbox 2129 1512 3702 1594; baseline -0.009 -19"><span class='ocrx_word' id='word_1_226' title='bbox 2129 1540 2202 1586; x_wconf 86' lang='grc' dir='ltr'><strong>σι,</strong></span> <span class='ocrx_word' id='word_1_227' title='bbox 2238 1523 2329 1576; x_wconf 84' lang='grc' dir='ltr'>τὸν</span> <span class='ocrx_word' id='word_1_228' title='bbox 2355 1523 2676 1594; x_wconf 82' lang='grc' dir='ltr'>αὐτομάτως</span> <span class='ocrx_word' id='word_1_229' title='bbox 2711 1519 3024 1592; x_wconf 85' lang='grc' dir='ltr'>βλαστῶντα</span> <span class='ocrx_word' id='word_1_230' title='bbox 3055 1517 3267 1588; x_wconf 88' lang='grc' dir='ltr'>χόρτον.</span> <span class='ocrx_word' id='word_1_231' title='bbox 3285 1514 3524 1567; x_wconf 85' lang='grc' dir='ltr'>Δύναται</span> <span class='ocrx_word' id='word_1_232' title='bbox 3546 1512 3599 1564; x_wconf 78' lang='grc' dir='ltr'>δὲ</span> <span class='ocrx_word' id='word_1_233' title='bbox 3620 1512 3702 1562; x_wconf 75' lang='grc' dir='ltr'>καὶ</span> 
     </span>
    </p>
   </div>
   <div class='ocr_carea' id='block_1_33' title="bbox 2126 1604 3703 1685">
    <p class='ocr_par' dir='ltr' id='par_1_33' title="bbox 2126 1604 3703 1685">
     <span class='ocr_line' id='line_1_33' title="bbox 2126 1604 3703 1685; baseline -0.009 -19"><span class='ocrx_word' id='word_1_234' title='bbox 2126 1614 2412 1685; x_wconf 86' lang='grc' dir='ltr'>ἀμφότερα</span> <span class='ocrx_word' id='word_1_235' title='bbox 2437 1615 2472 1684; x_wconf 78' lang='grc' dir='ltr'>ἠ</span> <span class='ocrx_word' id='word_1_236' title='bbox 2497 1631 2556 1666; x_wconf 88' lang='grc' dir='ltr'><strong>τε</strong></span> <span class='ocrx_word' id='word_1_237' title='bbox 2586 1613 2714 1683; x_wconf 84' lang='grc' dir='ltr'>χλόη</span> <span class='ocrx_word' id='word_1_238' title='bbox 2748 1613 2842 1666; x_wconf 77' lang='grc' dir='ltr'>καὶ</span> <span class='ocrx_word' id='word_1_239' title='bbox 2866 1615 2895 1666; x_wconf 98' lang='lat'><strong>6</strong></span> <span class='ocrx_word' id='word_1_240' title='bbox 2927 1611 3137 1682; x_wconf 84' lang='grc' dir='ltr'>χόρτος,</span> <span class='ocrx_word' id='word_1_241' title='bbox 3162 1606 3297 1674; x_wconf 83' lang='grc' dir='ltr'>ὁμοῦ</span> <span class='ocrx_word' id='word_1_242' title='bbox 3323 1606 3565 1666; x_wconf 67' lang='grc' dir='ltr'>καὶτοῖς</span> <span class='ocrx_word' id='word_1_243' title='bbox 3590 1604 3703 1670; x_wconf 70' lang='grc' dir='ltr'>κτή-</span> 
     </span>
    </p>
   </div>
   <div class='ocr_carea' id='block_1_34' title="bbox 2128 1693 3702 1776">
    <p class='ocr_par' dir='ltr' id='par_1_34' title="bbox 2128 1693 3702 1776">
     <span class='ocr_line' id='line_1_34' title="bbox 2128 1693 3702 1776; baseline -0.008 -19"><span class='ocrx_word' id='word_1_244' title='bbox 2128 1722 2244 1757; x_wconf 89' lang='grc' dir='ltr'>νεσι</span> <span class='ocrx_word' id='word_1_245' title='bbox 2277 1705 2374 1759; x_wconf 71' lang='grc' dir='ltr'>καὶ</span> <span class='ocrx_word' id='word_1_246' title='bbox 2405 1708 2470 1776; x_wconf 81' lang='grc' dir='ltr'>τῇ</span> <span class='ocrx_word' id='word_1_247' title='bbox 2499 1705 2712 1776; x_wconf 80' lang='grc' dir='ltr'>δουλείᾳ</span> <span class='ocrx_word' id='word_1_248' title='bbox 2735 1703 2838 1756; x_wconf 88' lang='grc' dir='ltr'><strong>τῶν</strong></span> <span class='ocrx_word' id='word_1_249' title='bbox 2868 1701 3168 1773; x_wconf 81' lang='grc' dir='ltr'>ἀνθρώπων</span> <span class='ocrx_word' id='word_1_250' title='bbox 3192 1698 3462 1753; x_wconf 85' lang='grc' dir='ltr'>δεδόσθαι.</span> <span class='ocrx_word' id='word_1_251' title='bbox 3493 1693 3625 1748; x_wconf 69' lang='grc' dir='ltr'>Οὔτε</span> <span class='ocrx_word' id='word_1_252' title='bbox 3654 1694 3702 1745; x_wconf 73' lang='grc' dir='ltr'>δὲ</span> 
     </span>
    </p>
   </div>
   <div class='ocr_carea' id='block_1_35' title="bbox 447 1791 3702 1872">
    <p class='ocr_par' dir='ltr' id='par_1_35' title="bbox 447 1791 3702 1872">
     <span class='ocr_line' id='line_1_35' title="bbox 447 1791 3702 1872; baseline -0.001 -27"><span class='ocrx_word' id='word_1_253' title='bbox 447 1791 652 1864; x_wconf 84' lang='grc' dir='ltr'>θηρίων</span> <span class='ocrx_word' id='word_1_254' title='bbox 681 1796 991 1861; x_wconf 80' lang='grc' dir='ltr'>ὲντούτοις,</span> <span class='ocrx_word' id='word_1_255' title='bbox 1019 1796 1141 1850; x_wconf 74' lang='grc' dir='ltr'>οὔτε</span> <span class='ocrx_word' id='word_1_256' title='bbox 1176 1799 1418 1869; x_wconf 79' lang='grc' dir='ltr'>ἑρπετῶν</span> <span class='ocrx_word' id='word_1_257' title='bbox 1451 1799 1847 1870; x_wconf 76' lang='grc' dir='ltr'>ἐμνημόνευσε,</span> <span class='ocrx_word' id='word_1_258' title='bbox 1877 1799 1964 1852; x_wconf 78' lang='grc' dir='ltr'>διὰ</span> <span class='ocrx_word' id='word_1_259' title='bbox 1984 1799 2043 1852; x_wconf 79' lang='grc' dir='ltr'>τὸ</span> <span class='ocrx_word' id='word_1_260' title='bbox 2071 1800 2232 1872; x_wconf 74' lang='grc' dir='ltr'>ἑτέρᾳ</span> <span class='ocrx_word' id='word_1_261' title='bbox 2265 1801 2562 1872; x_wconf 78' lang='grc' dir='ltr'>κεχρῆσθαι</span> <span class='ocrx_word' id='word_1_262' title='bbox 2589 1799 2759 1854; x_wconf 89' lang='grc' dir='ltr'>ταῦτα</span> <span class='ocrx_word' id='word_1_263' title='bbox 2786 1800 2992 1870; x_wconf 79' lang='grc' dir='ltr'>τροφῇ·</span> <span class='ocrx_word' id='word_1_264' title='bbox 3026 1797 3094 1852; x_wconf 83' lang='grc' dir='ltr'>τὰ</span> <span class='ocrx_word' id='word_1_265' title='bbox 3127 1797 3224 1868; x_wconf 81' lang='grc' dir='ltr'>μὲν</span> <span class='ocrx_word' id='word_1_266' title='bbox 3252 1795 3362 1866; x_wconf 82' lang='grc' dir='ltr'>γάρ</span> <span class='ocrx_word' id='word_1_267' title='bbox 3405 1796 3527 1846; x_wconf 80' lang='grc' dir='ltr'>ἐστι</span> <span class='ocrx_word' id='word_1_268' title='bbox 3579 1807 3702 1861; x_wconf 83' lang='grc' dir='ltr'>σαρ-</span> 
     </span>
    </p>
   </div>
   <div class='ocr_carea' id='block_1_36' title="bbox 446 1885 2001 1963">
    <p class='ocr_par' dir='ltr' id='par_1_36' title="bbox 446 1885 2001 1963">
     <span class='ocr_line' id='line_1_36' title="bbox 446 1885 2001 1963; baseline 0.005 -27"><span class='ocrx_word' id='word_1_269' title='bbox 446 1885 675 1956; x_wconf 77' lang='grc' dir='ltr'>κοϐόραο</span> <span class='ocrx_word' id='word_1_270' title='bbox 709 1887 776 1940; x_wconf 79' lang='grc' dir='ltr'>τὰ</span> <span class='ocrx_word' id='word_1_271' title='bbox 808 1888 864 1941; x_wconf 82' lang='grc' dir='ltr'>δὲ</span> <span class='ocrx_word' id='word_1_272' title='bbox 902 1889 1126 1960; x_wconf 75' lang='grc' dir='ltr'>ἑρπετὰ,</span> <span class='ocrx_word' id='word_1_273' title='bbox 1159 1891 1296 1962; x_wconf 80' lang='grc' dir='ltr'>αὐτῇ</span> <span class='ocrx_word' id='word_1_274' title='bbox 1332 1893 1395 1962; x_wconf 74' lang='grc' dir='ltr'><strong>τῇ</strong></span> <span class='ocrx_word' id='word_1_275' title='bbox 1427 1893 1496 1962; x_wconf 82' lang='grc' dir='ltr'><strong>γῇ</strong></span> <span class='ocrx_word' id='word_1_276' title='bbox 1527 1891 1790 1963; x_wconf 83' lang='grc' dir='ltr'>κέχρηται</span> <span class='ocrx_word' id='word_1_277' title='bbox 1827 1893 2001 1962; x_wconf 75' lang='grc' dir='ltr'>τροφῇ</span> 
     </span>
    </p>
   </div>
   <div class='ocr_carea' id='block_1_37' title="bbox 518 1998 2100 2072">
    <p class='ocr_par' dir='ltr' id='par_1_37' title="bbox 518 1998 2100 2072">
     <span class='ocr_line' id='line_1_37' title="bbox 518 1998 2100 2072; baseline 0.01 -22"><span class='ocrx_word' id='word_1_278' title='bbox 518 1998 906 2056; x_wconf 79' lang='lat' dir='ltr'><strong>Animadverte</strong></span> <span class='ocrx_word' id='word_1_279' title='bbox 951 2018 1114 2072; x_wconf 90' lang='lat' dir='ltr'><strong>porro</strong></span> <span class='ocrx_word' id='word_1_280' title='bbox 1165 2019 1471 2061; x_wconf 90' lang='lat' dir='ltr'><strong>sermonem</strong></span> <span class='ocrx_word' id='word_1_281' title='bbox 1505 2005 1650 2060; x_wconf 90' lang='lat' dir='ltr'><strong>hunc</strong></span> <span class='ocrx_word' id='word_1_282' title='bbox 1700 2006 2028 2062; x_wconf 89' lang='lat' dir='ltr'><strong>circuitione</strong></span> <span class='ocrx_word' id='word_1_283' title='bbox 2059 2012 2100 2066; x_wconf 85' lang='grc' dir='ltr'><strong>Β</strong></span> 
     </span>
    </p>
   </div>
   <div class='ocr_carea' id='block_1_38' title="bbox 447 2091 2032 2168">
    <p class='ocr_par' dir='ltr' id='par_1_38' title="bbox 447 2091 2032 2168">
     <span class='ocr_line' id='line_1_38' title="bbox 447 2091 2032 2168; baseline 0.004 -24"><span class='ocrx_word' id='word_1_284' title='bbox 447 2091 546 2154; x_wconf 87' lang='lat' dir='ltr'><strong>uti,</strong></span> <span class='ocrx_word' id='word_1_285' title='bbox 579 2105 641 2143; x_wconf 91' lang='lat' dir='ltr'><strong>ac</strong></span> <span class='ocrx_word' id='word_1_286' title='bbox 671 2093 1050 2147; x_wconf 75' lang='lat' dir='ltr'><strong>manifestiora</strong></span> <span class='ocrx_word' id='word_1_287' title='bbox 1075 2095 1294 2166; x_wconf 90' lang='lat' dir='ltr'><strong>quidem</strong></span> <span class='ocrx_word' id='word_1_288' title='bbox 1323 2097 1514 2151; x_wconf 85' lang='lat' dir='ltr'><strong>leviter</strong></span> <span class='ocrx_word' id='word_1_289' title='bbox 1542 2105 1789 2168; x_wconf 90' lang='lat' dir='ltr'><strong>tangere,</strong></span> <span class='ocrx_word' id='word_1_290' title='bbox 1813 2098 1882 2153; x_wconf 88' lang='lat' dir='ltr'><strong>iis</strong></span> <span class='ocrx_word' id='word_1_291' title='bbox 1904 2113 2032 2153; x_wconf 90' lang='lat' dir='ltr'><strong>vero</strong></span> 
     </span>
    </p>
   </div>
   <div class='ocr_carea' id='block_1_39' title="bbox 445 2180 2034 2260">
    <p class='ocr_par' dir='ltr' id='par_1_39' title="bbox 445 2180 2034 2260">
     <span class='ocr_line' id='line_1_39' title="bbox 445 2180 2034 2260; baseline 0.006 -26"><span class='ocrx_word' id='word_1_292' title='bbox 445 2180 700 2237; x_wconf 77' lang='lat' dir='ltr'><strong>insistere</strong></span> <span class='ocrx_word' id='word_1_293' title='bbox 759 2185 959 2253; x_wconf 88' lang='lat' dir='ltr'><strong>quibus</strong></span> <span class='ocrx_word' id='word_1_294' title='bbox 1011 2187 1167 2241; x_wconf 90' lang='lat' dir='ltr'><strong>multi</strong></span> <span class='ocrx_word' id='word_1_295' title='bbox 1209 2189 1619 2254; x_wconf 87' lang='lat' dir='ltr'><strong>contradicunt,</strong></span> <span class='ocrx_word' id='word_1_296' title='bbox 1651 2205 1828 2260; x_wconf 89' lang='lat' dir='ltr'><strong>neque</strong></span> <span class='ocrx_word' id='word_1_297' title='bbox 1861 2189 2034 2244; x_wconf 89' lang='lat' dir='ltr'><strong>absti-</strong></span> 
     </span>
    </p>
   </div>
   <div class='ocr_carea' id='block_1_40' title="bbox 444 2275 2034 2353">
    <p class='ocr_par' dir='ltr' id='par_1_40' title="bbox 444 2275 2034 2353">
     <span class='ocr_line' id='line_1_40' title="bbox 444 2275 2034 2353; baseline 0.008 -27"><span class='ocrx_word' id='word_1_298' title='bbox 444 2287 578 2327; x_wconf 85' lang='lat' dir='ltr'><strong>nere</strong></span> <span class='ocrx_word' id='word_1_299' title='bbox 624 2275 704 2328; x_wconf 91' lang='lat' dir='ltr'><strong>ab.</strong></span> <span class='ocrx_word' id='word_1_300' title='bbox 727 2275 1216 2340; x_wconf 89' lang='lat' dir='ltr'><strong>irrationabilibus.</strong></span> <span class='ocrx_word' id='word_1_301' title='bbox 1242 2296 1344 2335; x_wconf 86' lang='lat' dir='ltr'><strong>nec</strong></span> <span class='ocrx_word' id='word_1_302' title='bbox 1377 2282 1448 2336; x_wconf 89' lang='lat' dir='ltr'><strong>ab</strong></span> <span class='ocrx_word' id='word_1_303' title='bbox 1487 2297 1588 2336; x_wconf 90' lang='lat' dir='ltr'><strong>usu</strong></span> <span class='ocrx_word' id='word_1_304' title='bbox 1621 2283 2034 2353; x_wconf 89' lang='lat' dir='ltr'><strong>ministerioque</strong></span> 
     </span>
    </p>
   </div>
   <div class='ocr_carea' id='block_1_41' title="bbox 444 2365 2029 2444">
    <p class='ocr_par' dir='ltr' id='par_1_41' title="bbox 444 2365 2029 2444">
     <span class='ocr_line' id='line_1_41' title="bbox 444 2365 2029 2444; baseline 0.005 -25"><span class='ocrx_word' id='word_1_305' title='bbox 444 2381 656 2421; x_wconf 91' lang='lat' dir='ltr'><strong>eorum.</strong></span> <span class='ocrx_word' id='word_1_306' title='bbox 710 2365 769 2421; x_wconf 90' lang='lat' dir='ltr'><strong>ld</strong></span> <span class='ocrx_word' id='word_1_307' title='bbox 830 2384 960 2422; x_wconf 84' lang='lat' dir='ltr'><strong>vero</strong></span> <span class='ocrx_word' id='word_1_308' title='bbox 1019 2370 1220 2440; x_wconf 89' lang='lat' dir='ltr'><strong>duplici</strong></span> <span class='ocrx_word' id='word_1_309' title='bbox 1276 2371 1344 2426; x_wconf 94' lang='lat' dir='ltr'><strong>de</strong></span> <span class='ocrx_word' id='word_1_310' title='bbox 1395 2387 1562 2428; x_wconf 87' lang='lat' dir='ltr'><strong>causa</strong></span> <span class='ocrx_word' id='word_1_311' title='bbox 1609 2373 1881 2444; x_wconf 88' lang='lat' dir='ltr'><strong>agit;alia</strong></span> <span class='ocrx_word' id='word_1_312' title='bbox 1924 2381 2029 2438; x_wconf 90' lang='lat' dir='ltr'><strong>est,</strong></span> 
     </span>
    </p>
   </div>
   <div class='ocr_carea' id='block_1_42' title="bbox 445 2458 2032 2536">
    <p class='ocr_par' dir='ltr' id='par_1_42' title="bbox 445 2458 2032 2536">
     <span class='ocr_line' id='line_1_42' title="bbox 445 2458 2032 2536; baseline 0.004 -25"><span class='ocrx_word' id='word_1_313' title='bbox 445 2464 507 2511; x_wconf 92' lang='lat' dir='ltr'><strong>ut</strong></span> <span class='ocrx_word' id='word_1_314' title='bbox 544 2474 610 2513; x_wconf 79' lang='lat' dir='ltr'><strong>ex</strong></span> <span class='ocrx_word' id='word_1_315' title='bbox 642 2458 943 2514; x_wconf 91' lang='lat' dir='ltr'><strong>abundanti</strong></span> <span class='ocrx_word' id='word_1_316' title='bbox 977 2461 1370 2530; x_wconf 89' lang='lat' dir='ltr'><strong>impudentiam</strong></span> <span class='ocrx_word' id='word_1_317' title='bbox 1411 2463 1628 2518; x_wconf 91' lang='lat' dir='ltr'><strong>illorum</strong></span> <span class='ocrx_word' id='word_1_318' title='bbox 1655 2464 1913 2530; x_wconf 80' lang='lat' dir='ltr'><strong>refrenet,</strong></span> <span class='ocrx_word' id='word_1_319' title='bbox 1937 2464 2032 2536; x_wconf 89' lang='lat' dir='ltr'><strong>qui</strong></span> 
     </span>
    </p>
   </div>
   <div class='ocr_carea' id='block_1_43' title="bbox 444 2547 2033 2624">
    <p class='ocr_par' dir='ltr' id='par_1_43' title="bbox 444 2547 2033 2624">
     <span class='ocr_line' id='line_1_43' title="bbox 444 2547 2033 2624; baseline 0.007 -23"><span class='ocrx_word' id='word_1_320' title='bbox 444 2547 635 2603; x_wconf 91' lang='lat' dir='ltr'><strong>dicunt</strong></span> <span class='ocrx_word' id='word_1_321' title='bbox 665 2549 874 2621; x_wconf 87' lang='lat' dir='ltr'><strong>aliquid</strong></span> <span class='ocrx_word' id='word_1_322' title='bbox 910 2551 966 2606; x_wconf 91' lang='lat' dir='ltr'><strong>in</strong></span> <span class='ocrx_word' id='word_1_323' title='bbox 997 2553 1202 2607; x_wconf 90' lang='lat' dir='ltr'><strong>mundo</strong></span> <span class='ocrx_word' id='word_1_324' title='bbox 1231 2569 1698 2624; x_wconf 88' lang='lat' dir='ltr'><strong>supervacaneum</strong></span> <span class='ocrx_word' id='word_1_325' title='bbox 1735 2563 1790 2612; x_wconf 90' lang='lat' dir='ltr'><strong>et</strong></span> <span class='ocrx_word' id='word_1_326' title='bbox 1839 2558 2033 2613; x_wconf 88' lang='lat' dir='ltr'><strong>inutile</strong></span> 
     </span>
    </p>
   </div>
   <div class='ocr_carea' id='block_1_44' title="bbox 443 2642 2033 2717">
    <p class='ocr_par' dir='ltr' id='par_1_44' title="bbox 443 2642 2033 2717">
     <span class='ocr_line' id='line_1_44' title="bbox 443 2642 2033 2717; baseline 0.005 -20"><span class='ocrx_word' id='word_1_327' title='bbox 443 2642 746 2708; x_wconf 80' lang='lat' dir='ltr'><strong>exsistere;</strong></span> <span class='ocrx_word' id='word_1_328' title='bbox 781 2644 885 2697; x_wconf 90' lang='lat' dir='ltr'><strong>alia</strong></span> <span class='ocrx_word' id='word_1_329' title='bbox 915 2660 1064 2710; x_wconf 88' lang='lat' dir='ltr'><strong>vero,</strong></span> <span class='ocrx_word' id='word_1_330' title='bbox 1097 2654 1156 2699; x_wconf 90' lang='lat' dir='ltr'><strong>ut</strong></span> <span class='ocrx_word' id='word_1_331' title='bbox 1180 2646 1435 2700; x_wconf 87' lang='lat' dir='ltr'><strong>ostendat</strong></span> <span class='ocrx_word' id='word_1_332' title='bbox 1466 2654 1673 2717; x_wconf 88' lang='lat' dir='ltr'><strong>quanta</strong></span> <span class='ocrx_word' id='word_1_333' title='bbox 1705 2647 1776 2704; x_wconf 88' lang='lat' dir='ltr'><strong>sit</strong></span> <span class='ocrx_word' id='word_1_334' title='bbox 1813 2647 1924 2704; x_wconf 90' lang='lat' dir='ltr'><strong>Deo</strong></span> <span class='ocrx_word' id='word_1_335' title='bbox 1963 2650 2033 2705; x_wconf 91' lang='lat' dir='ltr'><strong>de</strong></span> 
     </span>
    </p>
   </div>
   <div class='ocr_carea' id='block_1_45' title="bbox 443 2732 2030 2811">
    <p class='ocr_par' dir='ltr' id='par_1_45' title="bbox 443 2732 2030 2811">
     <span class='ocr_line' id='line_1_45' title="bbox 443 2732 2030 2811; baseline 0.005 -23"><span class='ocrx_word' id='word_1_336' title='bbox 443 2732 763 2791; x_wconf 90' lang='lat' dir='ltr'><strong>hominibus</strong></span> <span class='ocrx_word' id='word_1_337' title='bbox 809 2737 1140 2804; x_wconf 88' lang='lat' dir='ltr'><strong>sollicitudo,</strong></span> <span class='ocrx_word' id='word_1_338' title='bbox 1193 2738 1411 2809; x_wconf 89' lang='lat' dir='ltr'><strong>quando</strong></span> <span class='ocrx_word' id='word_1_339' title='bbox 1456 2740 1524 2796; x_wconf 92' lang='lat' dir='ltr'><strong>de</strong></span> <span class='ocrx_word' id='word_1_340' title='bbox 1572 2741 1641 2796; x_wconf 87' lang='lat' dir='ltr'><strong>iis</strong></span> <span class='ocrx_word' id='word_1_341' title='bbox 1673 2756 1795 2811; x_wconf 84' lang='lat' dir='ltr'><strong>quae</strong></span> <span class='ocrx_word' id='word_1_342' title='bbox 1839 2756 2030 2798; x_wconf 85' lang='lat' dir='ltr'><strong>eorum</strong></span> 
     </span>
    </p>
   </div>
   <div class='ocr_carea' id='block_1_46' title="bbox 443 2829 2030 2900">
    <p class='ocr_par' dir='ltr' id='par_1_46' title="bbox 443 2829 2030 2900">
     <span class='ocr_line' id='line_1_46' title="bbox 443 2829 2030 2900; baseline 0.004 -18"><span class='ocrx_word' id='word_1_343' title='bbox 443 2842 611 2882; x_wconf 85' lang='lat' dir='ltr'><strong>causa</strong></span> <span class='ocrx_word' id='word_1_344' title='bbox 664 2829 888 2884; x_wconf 88' lang='lat' dir='ltr'><strong>condita</strong></span> <span class='ocrx_word' id='word_1_345' title='bbox 944 2840 1072 2885; x_wconf 86' lang='lat' dir='ltr'><strong>sunt</strong></span> <span class='ocrx_word' id='word_1_346' title='bbox 1123 2839 1332 2886; x_wconf 84' lang='lat' dir='ltr'><strong>tantam</strong></span> <span class='ocrx_word' id='word_1_347' title='bbox 1367 2832 1531 2888; x_wconf 88' lang='lat' dir='ltr'><strong>habet</strong></span> <span class='ocrx_word' id='word_1_348' title='bbox 1561 2833 1853 2890; x_wconf 89' lang='lat' dir='ltr'><strong>rationem.</strong></span> <span class='ocrx_word' id='word_1_349' title='bbox 1887 2833 2030 2900; x_wconf 83' lang='lat' dir='ltr'><strong>Quid</strong></span> 
     </span>
    </p>
   </div>
   <div class='ocr_carea' id='block_1_47' title="bbox 444 2917 2031 2997">
    <p class='ocr_par' dir='ltr' id='par_1_47' title="bbox 444 2917 2031 2997">
     <span class='ocr_line' id='line_1_47' title="bbox 444 2917 2031 2997; baseline 0.006 -25"><span class='ocrx_word' id='word_1_350' title='bbox 444 2917 576 2975; x_wconf 87' lang='lat' dir='ltr'><strong>huic</strong></span> <span class='ocrx_word' id='word_1_351' title='bbox 623 2934 771 2975; x_wconf 66' lang='lat' dir='ltr'><strong>curae</strong></span> <span class='ocrx_word' id='word_1_352' title='bbox 803 2936 902 2990; x_wconf 92' lang='lat' dir='ltr'><strong>par</strong></span> <span class='ocrx_word' id='word_1_353' title='bbox 936 2937 1059 2978; x_wconf 91' lang='lat' dir='ltr'><strong>esse</strong></span> <span class='ocrx_word' id='word_1_354' title='bbox 1091 2924 1286 2994; x_wconf 88' lang='lat' dir='ltr'><strong>possit,</strong></span> <span class='ocrx_word' id='word_1_355' title='bbox 1316 2924 1762 2996; x_wconf 88' lang='lat' dir='ltr'><strong>quandoquidem</strong></span> <span class='ocrx_word' id='word_1_356' title='bbox 1801 2941 1866 2982; x_wconf 92' lang='lat' dir='ltr'><strong>ea</strong></span> <span class='ocrx_word' id='word_1_357' title='bbox 1908 2942 2031 2997; x_wconf 76' lang='lat' dir='ltr'><strong>qua:</strong></span> 
     </span>
    </p>
   </div>
   <div class='ocr_carea' id='block_1_48' title="bbox 443 3006 2030 3085">
    <p class='ocr_par' dir='ltr' id='par_1_48' title="bbox 443 3006 2030 3085">
     <span class='ocr_line' id='line_1_48' title="bbox 443 3006 2030 3085; baseline 0.008 -25"><span class='ocrx_word' id='word_1_358' title='bbox 443 3006 608 3062; x_wconf 88' lang='lat' dir='ltr'><strong>nobis</strong></span> <span class='ocrx_word' id='word_1_359' title='bbox 637 3009 884 3064; x_wconf 87' lang='lat' dir='ltr'><strong>serviunt</strong></span> <span class='ocrx_word' id='word_1_360' title='bbox 913 3012 986 3064; x_wconf 90' lang='lat' dir='ltr'><strong>ita</strong></span> <span class='ocrx_word' id='word_1_361' title='bbox 1019 3014 1212 3078; x_wconf 88' lang='lat' dir='ltr'><strong>nutrit,</strong></span> <span class='ocrx_word' id='word_1_362' title='bbox 1240 3028 1340 3068; x_wconf 91' lang='lat' dir='ltr'><strong>nec</strong></span> <span class='ocrx_word' id='word_1_363' title='bbox 1374 3015 1580 3085; x_wconf 88' lang='lat' dir='ltr'><strong>patitur</strong></span> <span class='ocrx_word' id='word_1_364' title='bbox 1610 3023 1671 3070; x_wconf 92' lang='lat' dir='ltr'><strong>ut</strong></span> <span class='ocrx_word' id='word_1_365' title='bbox 1693 3016 1749 3071; x_wconf 91' lang='lat' dir='ltr'><strong>in</strong></span> <span class='ocrx_word' id='word_1_366' title='bbox 1773 3017 2030 3074; x_wconf 84' lang='lat' dir='ltr'><strong>omnibus</strong></span> 
     </span>
    </p>
   </div>
   <div class='ocr_carea' id='block_1_49' title="bbox 444 3099 2028 3175">
    <p class='ocr_par' dir='ltr' id='par_1_49' title="bbox 444 3099 2028 3175">
     <span class='ocr_line' id='line_1_49' title="bbox 444 3099 2028 3175; baseline 0.006 -23"><span class='ocrx_word' id='word_1_367' title='bbox 444 3099 772 3169; x_wconf 84' lang='lat' dir='ltr'><strong>gravemur?</strong></span> <span class='ocrx_word' id='word_1_368' title='bbox 803 3099 989 3172; x_wconf 87' lang='lat' dir='ltr'><strong>Neque</strong></span> <span class='ocrx_word' id='word_1_369' title='bbox 1015 3103 1162 3158; x_wconf 89' lang='lat' dir='ltr'><strong>enim</strong></span> <span class='ocrx_word' id='word_1_370' title='bbox 1202 3104 1476 3162; x_wconf 89' lang='lat' dir='ltr'><strong>hominem</strong></span> <span class='ocrx_word' id='word_1_371' title='bbox 1513 3105 1774 3175; x_wconf 90' lang='lat' dir='ltr'><strong>deservit,</strong></span> <span class='ocrx_word' id='word_1_372' title='bbox 1813 3125 1915 3164; x_wconf 90' lang='lat' dir='ltr'><strong>nec</strong></span> <span class='ocrx_word' id='word_1_373' title='bbox 1947 3109 2028 3163; x_wconf 91' lang='lat' dir='ltr'><strong>la-</strong></span> 
     </span>
    </p>
   </div>
   <div class='ocr_carea' id='block_1_50' title="bbox 443 3189 2030 3272">
    <p class='ocr_par' dir='ltr' id='par_1_50' title="bbox 443 3189 2030 3272">
     <span class='ocr_line' id='line_1_50' title="bbox 443 3189 2030 3272; baseline 0.008 -26"><span class='ocrx_word' id='word_1_374' title='bbox 443 3189 674 3247; x_wconf 80' lang='lat' dir='ltr'><strong>boribus</strong></span> <span class='ocrx_word' id='word_1_375' title='bbox 729 3192 906 3262; x_wconf 91' lang='lat' dir='ltr'><strong>ipsum</strong></span> <span class='ocrx_word' id='word_1_376' title='bbox 957 3205 1168 3267; x_wconf 88' lang='lat' dir='ltr'><strong>gravat,</strong></span> <span class='ocrx_word' id='word_1_377' title='bbox 1204 3197 1360 3253; x_wconf 84' lang='lat' dir='ltr'><strong>vario</strong></span> <span class='ocrx_word' id='word_1_378' title='bbox 1408 3199 1561 3254; x_wconf 90' lang='lat' dir='ltr'><strong>illum</strong></span> <span class='ocrx_word' id='word_1_379' title='bbox 1599 3201 1792 3256; x_wconf 88' lang='lat' dir='ltr'><strong>salutis</strong></span> <span class='ocrx_word' id='word_1_380' title='bbox 1830 3217 2030 3272; x_wconf 80' lang='lat' dir='ltr'><strong>genere</strong></span> 
     </span>
    </p>
   </div>
   <div class='ocr_carea' id='block_1_51' title="bbox 446 3279 2030 3357">
    <p class='ocr_par' dir='ltr' id='par_1_51' title="bbox 446 3279 2030 3357">
     <span class='ocr_line' id='line_1_51' title="bbox 446 3279 2030 3357; baseline 0.006 -24"><span class='ocrx_word' id='word_1_381' title='bbox 446 3279 680 3336; x_wconf 89' lang='lat' dir='ltr'><strong>donans.</strong></span> <span class='ocrx_word' id='word_1_382' title='bbox 707 3282 804 3337; x_wconf 84' lang='lat' dir='ltr'><strong>llic</strong></span> <span class='ocrx_word' id='word_1_383' title='bbox 823 3283 979 3353; x_wconf 88' lang='lat' dir='ltr'><strong>juvat</strong></span> <span class='ocrx_word' id='word_1_384' title='bbox 1005 3301 1150 3352; x_wconf 91' lang='lat' dir='ltr'><strong>eum,</strong></span> <span class='ocrx_word' id='word_1_385' title='bbox 1188 3288 1281 3356; x_wconf 92' lang='lat' dir='ltr'><strong>qui</strong></span> <span class='ocrx_word' id='word_1_386' title='bbox 1313 3303 1649 3357; x_wconf 86' lang='lat' dir='ltr'><strong>congcneres</strong></span> <span class='ocrx_word' id='word_1_387' title='bbox 1671 3298 1892 3345; x_wconf 91' lang='lat' dir='ltr'><strong>nostros</strong></span> <span class='ocrx_word' id='word_1_388' title='bbox 1919 3306 2030 3346; x_wconf 89' lang='lat' dir='ltr'><strong>ser-</strong></span> 
     </span>
    </p>
   </div>
   <div class='ocr_carea' id='block_1_52' title="bbox 445 3373 2028 3447">
    <p class='ocr_par' dir='ltr' id='par_1_52' title="bbox 445 3373 2028 3447">
     <span class='ocr_line' id='line_1_52' title="bbox 445 3373 2028 3447; baseline 0.009 -23"><span class='ocrx_word' id='word_1_389' title='bbox 445 3373 619 3428; x_wconf 90' lang='lat' dir='ltr'><strong>vitute</strong></span> <span class='ocrx_word' id='word_1_390' title='bbox 648 3376 926 3444; x_wconf 84' lang='lat' dir='ltr'><strong>Opprimit,</strong></span> <span class='ocrx_word' id='word_1_391' title='bbox 955 3375 1036 3431; x_wconf 90' lang='lat' dir='ltr'><strong>sic</strong></span> <span class='ocrx_word' id='word_1_392' title='bbox 1068 3378 1271 3447; x_wconf 90' lang='lat' dir='ltr'><strong>alloqui</strong></span> <span class='ocrx_word' id='word_1_393' title='bbox 1297 3397 1310 3432; x_wconf 92' lang='lat'>:</span> <span class='ocrx_word' id='word_1_394' title='bbox 1345 3395 1455 3433; x_wconf 90' lang='lat' dir='ltr'><strong>una</strong></span> <span class='ocrx_word' id='word_1_395' title='bbox 1481 3380 1765 3436; x_wconf 85' lang='lat' dir='ltr'><strong>hominum</strong></span> <span class='ocrx_word' id='word_1_396' title='bbox 1790 3383 2028 3438; x_wconf 87' lang='lat' dir='ltr'><strong>servitus</strong></span> 
     </span>
    </p>
   </div>
   <div class='ocr_carea' id='block_1_53' title="bbox 448 3467 2028 3544">
    <p class='ocr_par' dir='ltr' id='par_1_53' title="bbox 448 3467 2028 3544">
     <span class='ocr_line' id='line_1_53' title="bbox 448 3467 2028 3544; baseline 0.006 -24"><span class='ocrx_word' id='word_1_397' title='bbox 448 3473 577 3520; x_wconf 87' lang='lat' dir='ltr'><strong>sunt</strong></span> <span class='ocrx_word' id='word_1_398' title='bbox 627 3467 1039 3532; x_wconf 89' lang='lat' dir='ltr'><strong>irrationabilia,</strong></span> <span class='ocrx_word' id='word_1_399' title='bbox 1075 3474 1133 3522; x_wconf 92' lang='lat' dir='ltr'><strong>tu</strong></span> <span class='ocrx_word' id='word_1_400' title='bbox 1176 3484 1306 3524; x_wconf 88' lang='lat' dir='ltr'><strong>vero</strong></span> <span class='ocrx_word' id='word_1_401' title='bbox 1342 3471 1458 3525; x_wconf 62' lang='lat' dir='ltr'><strong>haec</strong></span> <span class='ocrx_word' id='word_1_402' title='bbox 1500 3471 1737 3542; x_wconf 66' lang='lat' dir='ltr'><strong>deSpii-is</strong></span> <span class='ocrx_word' id='word_1_403' title='bbox 1787 3493 1800 3528; x_wconf 91' lang='lat'>:</span> <span class='ocrx_word' id='word_1_404' title='bbox 1859 3489 2028 3544; x_wconf 89' lang='lat' dir='ltr'><strong>quare</strong></span> 
     </span>
    </p>
   </div>
   <div class='ocr_carea' id='block_1_54' title="bbox 446 3557 2028 3629">
    <p class='ocr_par' dir='ltr' id='par_1_54' title="bbox 446 3557 2028 3629">
     <span class='ocr_line' id='line_1_54' title="bbox 446 3557 2028 3629; baseline 0.006 -21"><span class='ocrx_word' id='word_1_405' title='bbox 446 3562 700 3610; x_wconf 86' lang='lat' dir='ltr'><strong>naturam</strong></span> <span class='ocrx_word' id='word_1_406' title='bbox 760 3572 790 3610; x_wconf 90' lang='lat' dir='ltr'><strong>a</strong></span> <span class='ocrx_word' id='word_1_407' title='bbox 843 3557 1104 3612; x_wconf 89' lang='lat' dir='ltr'><strong>servitute</strong></span> <span class='ocrx_word' id='word_1_408' title='bbox 1150 3567 1204 3613; x_wconf 90' lang='lat' dir='ltr'><strong>et</strong></span> <span class='ocrx_word' id='word_1_409' title='bbox 1251 3559 1626 3616; x_wconf 86' lang='lat' dir='ltr'><strong>dominatione</strong></span> <span class='ocrx_word' id='word_1_410' title='bbox 1664 3562 1944 3629; x_wconf 91' lang='lat' dir='ltr'><strong>scindens,</strong></span> <span class='ocrx_word' id='word_1_411' title='bbox 1973 3564 2028 3617; x_wconf 91' lang='lat' dir='ltr'><strong>id</strong></span> 
     </span>
    </p>
   </div>
   <div class='ocr_carea' id='block_1_55' title="bbox 449 3645 2029 3720">
    <p class='ocr_par' dir='ltr' id='par_1_55' title="bbox 449 3645 2029 3720">
     <span class='ocr_line' id='line_1_55' title="bbox 449 3645 2029 3720; baseline 0.005 -20"><span class='ocrx_word' id='word_1_412' title='bbox 449 3645 702 3712; x_wconf 68' lang='lat' dir='ltr'><strong>ell&#39;ecisti,</strong></span> <span class='ocrx_word' id='word_1_413' title='bbox 729 3656 789 3702; x_wconf 92' lang='lat' dir='ltr'><strong>ut</strong></span> <span class='ocrx_word' id='word_1_414' title='bbox 821 3648 927 3703; x_wconf 90' lang='lat' dir='ltr'><strong>sibi</strong></span> <span class='ocrx_word' id='word_1_415' title='bbox 959 3649 1075 3720; x_wconf 88' lang='lat' dir='ltr'><strong>ipsa</strong></span> <span class='ocrx_word' id='word_1_416' title='bbox 1113 3651 1343 3705; x_wconf 86' lang='lat' dir='ltr'><strong>serviret</strong></span> <span class='ocrx_word' id='word_1_417' title='bbox 1377 3659 1432 3704; x_wconf 92' lang='lat' dir='ltr'><strong>et</strong></span> <span class='ocrx_word' id='word_1_418' title='bbox 1465 3650 1859 3708; x_wconf 87' lang='lat' dir='ltr'><strong>dominaretur.</strong></span> <span class='ocrx_word' id='word_1_419' title='bbox 1892 3653 2029 3708; x_wconf 87' lang='lat' dir='ltr'><strong>Eum</strong></span> 
     </span>
    </p>
   </div>
   <div class='ocr_carea' id='block_1_56' title="bbox 448 3738 2026 3812">
    <p class='ocr_par' dir='ltr' id='par_1_56' title="bbox 448 3738 2026 3812">
     <span class='ocr_line' id='line_1_56' title="bbox 448 3738 2026 3812; baseline 0.005 -21"><span class='ocrx_word' id='word_1_420' title='bbox 448 3739 541 3807; x_wconf 92' lang='lat' dir='ltr'><strong>qui</strong></span> <span class='ocrx_word' id='word_1_421' title='bbox 578 3738 646 3792; x_wconf 91' lang='lat' dir='ltr'><strong>ad</strong></span> <span class='ocrx_word' id='word_1_422' title='bbox 680 3739 1095 3796; x_wconf 86' lang='lat' dir='ltr'><strong>similitudinem</strong></span> <span class='ocrx_word' id='word_1_423' title='bbox 1126 3740 1221 3796; x_wconf 89' lang='lat' dir='ltr'><strong>Dei</strong></span> <span class='ocrx_word' id='word_1_424' title='bbox 1254 3739 1431 3797; x_wconf 81' lang='lat' dir='ltr'><strong>factus</strong></span> <span class='ocrx_word' id='word_1_425' title='bbox 1464 3749 1571 3809; x_wconf 92' lang='lat' dir='ltr'><strong>est,</strong></span> <span class='ocrx_word' id='word_1_426' title='bbox 1607 3743 1732 3812; x_wconf 90' lang='lat' dir='ltr'><strong>quis</strong></span> <span class='ocrx_word' id='word_1_427' title='bbox 1761 3745 2026 3809; x_wconf 88' lang='lat' dir='ltr'><strong>vendidit,</strong></span> 
     </span>
    </p>
   </div>
   <div class='ocr_carea' id='block_1_57' title="bbox 449 3829 2029 3903">
    <p class='ocr_par' dir='ltr' id='par_1_57' title="bbox 449 3829 2029 3903">
     <span class='ocr_line' id='line_1_57' title="bbox 449 3829 2029 3903; baseline 0.004 -21"><span class='ocrx_word' id='word_1_428' title='bbox 449 3829 573 3900; x_wconf 86' lang='lat' dir='ltr'><strong>quis</strong></span> <span class='ocrx_word' id='word_1_429' title='bbox 625 3831 778 3898; x_wconf 90' lang='lat' dir='ltr'><strong>emit,</strong></span> <span class='ocrx_word' id='word_1_430' title='bbox 817 3846 944 3885; x_wconf 93' lang='lat' dir='ltr'><strong>cum</strong></span> <span class='ocrx_word' id='word_1_431' title='bbox 990 3831 1044 3886; x_wconf 92' lang='lat' dir='ltr'><strong>id</strong></span> <span class='ocrx_word' id='word_1_432' title='bbox 1087 3833 1238 3889; x_wconf 88' lang='lat' dir='ltr'><strong>solus</strong></span> <span class='ocrx_word' id='word_1_433' title='bbox 1263 3831 1408 3888; x_wconf 88' lang='lat' dir='ltr'><strong>Deus</strong></span> <span class='ocrx_word' id='word_1_434' title='bbox 1441 3835 1616 3903; x_wconf 90' lang='lat' dir='ltr'><strong>possit</strong></span> <span class='ocrx_word' id='word_1_435' title='bbox 1650 3834 1890 3903; x_wconf 86' lang='lat' dir='ltr'><strong>ellicere;</strong></span> <span class='ocrx_word' id='word_1_436' title='bbox 1920 3836 2029 3889; x_wconf 91' lang='lat' dir='ltr'><strong>imo</strong></span> 
     </span>
    </p>
   </div>
   <div class='ocr_carea' id='block_1_58' title="bbox 449 3920 2028 3995">
    <p class='ocr_par' dir='ltr' id='par_1_58' title="bbox 449 3920 2028 3995">
     <span class='ocr_line' id='line_1_58' title="bbox 449 3920 2028 3995; baseline 0.004 -22"><span class='ocrx_word' id='word_1_437' title='bbox 449 3936 582 3977; x_wconf 89' lang='lat' dir='ltr'><strong>vero</strong></span> <span class='ocrx_word' id='word_1_438' title='bbox 614 3936 716 3976; x_wconf 91' lang='lat' dir='ltr'><strong>nec</strong></span> <span class='ocrx_word' id='word_1_439' title='bbox 754 3921 869 3992; x_wconf 89' lang='lat' dir='ltr'><strong>ipse</strong></span> <span class='ocrx_word' id='word_1_440' title='bbox 908 3920 1072 3986; x_wconf 88' lang='lat' dir='ltr'><strong>Deus,</strong></span> <span class='ocrx_word' id='word_1_441' title='bbox 1103 3938 1230 3979; x_wconf 90' lang='lat' dir='ltr'><strong>nam</strong></span> <span class='ocrx_word' id='word_1_442' title='bbox 1279 3922 1421 3978; x_wconf 92' lang='lat' dir='ltr'><strong>dona</strong></span> <span class='ocrx_word' id='word_1_443' title='bbox 1453 3923 1573 3992; x_wconf 82' lang='lat' dir='ltr'><strong>ejus</strong></span> <span class='ocrx_word' id='word_1_444' title='bbox 1603 3933 1731 3981; x_wconf 90' lang='lat' dir='ltr'><strong>sunt</strong></span> <span class='ocrx_word' id='word_1_445' title='bbox 1765 3926 2028 3995; x_wconf 68' lang='lat' dir='ltr'><strong>sine-pae-</strong></span> 
     </span>
    </p>
   </div>
   <div class='ocr_carea' id='block_1_59' title="bbox 451 4013 2029 4084">
    <p class='ocr_par' dir='ltr' id='par_1_59' title="bbox 451 4013 2029 4084">
     <span class='ocr_line' id='line_1_59' title="bbox 451 4013 2029 4084; baseline 0.003 -17"><span class='ocrx_word' id='word_1_446' title='bbox 451 4014 722 4068; x_wconf 74' lang='lat' dir='ltr'><strong>nitentia“!</strong></span> <span class='ocrx_word' id='word_1_447' title='bbox 757 4014 915 4080; x_wconf 88' lang='lat' dir='ltr'><strong>Quod</strong></span> <span class='ocrx_word' id='word_1_448' title='bbox 968 4015 1016 4070; x_wconf 91' lang='lat' dir='ltr'><strong>si</strong></span> <span class='ocrx_word' id='word_1_449' title='bbox 1061 4013 1207 4070; x_wconf 88' lang='lat' dir='ltr'><strong>Deus</strong></span> <span class='ocrx_word' id='word_1_450' title='bbox 1244 4014 1299 4068; x_wconf 90' lang='lat' dir='ltr'><strong>id</strong></span> <span class='ocrx_word' id='word_1_451' title='bbox 1357 4015 1507 4084; x_wconf 92' lang='lat' dir='ltr'><strong>quod</strong></span> <span class='ocrx_word' id='word_1_452' title='bbox 1545 4015 1777 4072; x_wconf 90' lang='lat' dir='ltr'><strong>liberum</strong></span> <span class='ocrx_word' id='word_1_453' title='bbox 1805 4025 1888 4074; x_wconf 91' lang='lat' dir='ltr'><strong>est</strong></span> <span class='ocrx_word' id='word_1_454' title='bbox 1919 4033 2029 4072; x_wconf 85' lang='lat' dir='ltr'><strong>non</strong></span> 
     </span>
    </p>
   </div>
   <div class='ocr_carea' id='block_1_60' title="bbox 451 4105 2030 4181">
    <p class='ocr_par' dir='ltr' id='par_1_60' title="bbox 451 4105 2030 4181">
     <span class='ocr_line' id='line_1_60' title="bbox 451 4105 2030 4181; baseline 0.003 -22"><span class='ocrx_word' id='word_1_455' title='bbox 451 4105 649 4176; x_wconf 81' lang='lat' dir='ltr'><strong>redigit</strong></span> <span class='ocrx_word' id='word_1_456' title='bbox 690 4106 744 4159; x_wconf 90' lang='lat' dir='ltr'><strong>in</strong></span> <span class='ocrx_word' id='word_1_457' title='bbox 781 4105 1122 4172; x_wconf 86' lang='lat' dir='ltr'><strong>servitutem,</strong></span> <span class='ocrx_word' id='word_1_458' title='bbox 1150 4107 1276 4175; x_wconf 87' lang='lat' dir='ltr'><strong>quis</strong></span> <span class='ocrx_word' id='word_1_459' title='bbox 1307 4109 1604 4179; x_wconf 91' lang='lat' dir='ltr'><strong>potentiam</strong></span> <span class='ocrx_word' id='word_1_460' title='bbox 1631 4125 1788 4165; x_wconf 89' lang='lat' dir='ltr'><strong>suam</strong></span> <span class='ocrx_word' id='word_1_461' title='bbox 1837 4119 2030 4181; x_wconf 89' lang='lat' dir='ltr'><strong>poten-</strong></span> 
     </span>
    </p>
   </div>
   <div class='ocr_carea' id='block_1_61' title="bbox 452 4196 2030 4274">
    <p class='ocr_par' dir='ltr' id='par_1_61' title="bbox 452 4196 2030 4274">
     <span class='ocr_line' id='line_1_61' title="bbox 452 4196 2030 4274; baseline 0.005 -22"><span class='ocrx_word' id='word_1_462' title='bbox 452 4198 543 4253; x_wconf 69' lang='lat' dir='ltr'><strong>tia:</strong></span> <span class='ocrx_word' id='word_1_463' title='bbox 592 4196 685 4253; x_wconf 90' lang='lat' dir='ltr'><strong>Dei</strong></span> <span class='ocrx_word' id='word_1_464' title='bbox 737 4199 1044 4269; x_wconf 67' lang='lat' dir='ltr'><strong>praeponat?</strong></span> <span class='ocrx_word' id='word_1_465' title='bbox 1075 4201 1339 4258; x_wconf 69' lang='lat' dir='ltr'><strong>Caeterum</strong></span> <span class='ocrx_word' id='word_1_466' title='bbox 1389 4211 1473 4258; x_wconf 90' lang='lat' dir='ltr'><strong>sat</strong></span> <span class='ocrx_word' id='word_1_467' title='bbox 1498 4203 1683 4258; x_wconf 90' lang='lat' dir='ltr'><strong>oneris</strong></span> <span class='ocrx_word' id='word_1_468' title='bbox 1731 4204 2030 4274; x_wconf 88' lang='lat' dir='ltr'><strong>imponitur</strong></span> 
     </span>
    </p>
   </div>
   <div class='ocr_carea' id='block_1_62' title="bbox 453 4289 2026 4367">
    <p class='ocr_par' dir='ltr' id='par_1_62' title="bbox 453 4289 2026 4367">
     <span class='ocr_line' id='line_1_62' title="bbox 453 4289 2026 4367; baseline 0.006 -23"><span class='ocrx_word' id='word_1_469' title='bbox 453 4290 541 4356; x_wconf 87' lang='lat' dir='ltr'><strong>iis,</strong></span> <span class='ocrx_word' id='word_1_470' title='bbox 568 4291 661 4360; x_wconf 92' lang='lat' dir='ltr'><strong>qui</strong></span> <span class='ocrx_word' id='word_1_471' title='bbox 693 4289 848 4346; x_wconf 89' lang='lat' dir='ltr'><strong>liberi</strong></span> <span class='ocrx_word' id='word_1_472' title='bbox 877 4301 1024 4356; x_wconf 92' lang='lat' dir='ltr'><strong>sunt,</strong></span> <span class='ocrx_word' id='word_1_473' title='bbox 1049 4292 1194 4363; x_wconf 88' lang='lat' dir='ltr'><strong>quod</strong></span> <span class='ocrx_word' id='word_1_474' title='bbox 1229 4295 1492 4360; x_wconf 82' lang='lat' dir='ltr'><strong>serviant,</strong></span> <span class='ocrx_word' id='word_1_475' title='bbox 1533 4303 1794 4366; x_wconf 83' lang='lat' dir='ltr'><strong>tantaque</strong></span> <span class='ocrx_word' id='word_1_476' title='bbox 1821 4297 1876 4351; x_wconf 90' lang='lat' dir='ltr'><strong>in</strong></span> <span class='ocrx_word' id='word_1_477' title='bbox 1902 4297 2026 4367; x_wconf 89' lang='lat' dir='ltr'><strong>pul-</strong></span> 
     </span>
    </p>
   </div>
   <div class='ocr_carea' id='block_1_63' title="bbox 455 4383 2029 4458">
    <p class='ocr_par' dir='ltr' id='par_1_63' title="bbox 455 4383 2029 4458">
     <span class='ocr_line' id='line_1_63' title="bbox 455 4383 2029 4458; baseline 0.008 -26"><span class='ocrx_word' id='word_1_478' title='bbox 455 4397 577 4438; x_wconf 86' lang='lat' dir='ltr'><strong>vere</strong></span> <span class='ocrx_word' id='word_1_479' title='bbox 620 4384 691 4438; x_wconf 90' lang='lat' dir='ltr'><strong>sit</strong></span> <span class='ocrx_word' id='word_1_480' title='bbox 736 4383 1062 4450; x_wconf 74' lang='lat' dir='ltr'><strong>diﬂerentia,</strong></span> <span class='ocrx_word' id='word_1_481' title='bbox 1099 4393 1159 4439; x_wconf 88' lang='lat' dir='ltr'><strong>ut</strong></span> <span class='ocrx_word' id='word_1_482' title='bbox 1210 4385 1350 4442; x_wconf 92' lang='lat' dir='ltr'><strong>alius</strong></span> <span class='ocrx_word' id='word_1_483' title='bbox 1377 4389 1626 4456; x_wconf 89' lang='lat' dir='ltr'><strong>imperet,</strong></span> <span class='ocrx_word' id='word_1_484' title='bbox 1652 4388 1774 4442; x_wconf 89' lang='lat' dir='ltr'><strong>aliis</strong></span> <span class='ocrx_word' id='word_1_485' title='bbox 1803 4389 2029 4458; x_wconf 82' lang='lat' dir='ltr'><strong>impere-</strong></span> 
     </span>
    </p>
   </div>
   <div class='ocr_carea' id='block_1_64' title="bbox 451 4476 2027 4551">
    <p class='ocr_par' dir='ltr' id='par_1_64' title="bbox 451 4476 2027 4551">
     <span class='ocr_line' id='line_1_64' title="bbox 451 4476 2027 4551; baseline 0.004 -24"><span class='ocrx_word' id='word_1_486' title='bbox 451 4484 560 4528; x_wconf 89' lang='lat' dir='ltr'><strong>tur.</strong></span> <span class='ocrx_word' id='word_1_487' title='bbox 590 4476 656 4528; x_wconf 86' lang='lat' dir='ltr'><strong>At</strong></span> <span class='ocrx_word' id='word_1_488' title='bbox 685 4491 862 4546; x_wconf 89' lang='lat' dir='ltr'><strong>neque</strong></span> <span class='ocrx_word' id='word_1_489' title='bbox 885 4477 1098 4547; x_wconf 85' lang='lat' dir='ltr'><strong>jugum,</strong></span> <span class='ocrx_word' id='word_1_490' title='bbox 1129 4491 1308 4546; x_wconf 89' lang='lat' dir='ltr'><strong>neque</strong></span> <span class='ocrx_word' id='word_1_491' title='bbox 1339 4479 1668 4549; x_wconf 87' lang='lat' dir='ltr'><strong>supplicium</strong></span> <span class='ocrx_word' id='word_1_492' title='bbox 1691 4480 1865 4551; x_wconf 89' lang='lat' dir='ltr'><strong>primo</strong></span> <span class='ocrx_word' id='word_1_493' title='bbox 1897 4495 2027 4550; x_wconf 81' lang='lat' dir='ltr'><strong>pec-</strong></span> 
     </span>
    </p>
   </div>
   <div class='ocr_carea' id='block_1_65' title="bbox 450 4567 2026 4642">
    <p class='ocr_par' dir='ltr' id='par_1_65' title="bbox 450 4567 2026 4642">
     <span class='ocr_line' id='line_1_65' title="bbox 450 4567 2026 4642; baseline 0.004 -23"><span class='ocrx_word' id='word_1_494' title='bbox 450 4576 574 4620; x_wconf 86' lang='lat' dir='ltr'><strong>cato</strong></span> <span class='ocrx_word' id='word_1_495' title='bbox 606 4577 796 4622; x_wconf 87' lang='lat' dir='ltr'><strong>nostro</strong></span> <span class='ocrx_word' id='word_1_496' title='bbox 834 4567 1187 4632; x_wconf 89' lang='lat' dir='ltr'><strong>destinatum,</strong></span> <span class='ocrx_word' id='word_1_497' title='bbox 1223 4571 1628 4642; x_wconf 86' lang='lat' dir='ltr'><strong>aggravandum</strong></span> <span class='ocrx_word' id='word_1_498' title='bbox 1669 4579 1773 4628; x_wconf 87' lang='lat' dir='ltr'><strong>est.</strong></span> <span class='ocrx_word' id='word_1_499' title='bbox 1813 4570 2026 4626; x_wconf 87' lang='lat' dir='ltr'><strong>Produ-</strong></span> 
     </span>
    </p>
   </div>
   <div class='ocr_carea' id='block_1_66' title="bbox 2202 1998 3705 2074">
    <p class='ocr_par' dir='ltr' id='par_1_66' title="bbox 2202 1998 3705 2074">
     <span class='ocr_line' id='line_1_66' title="bbox 2202 1998 3705 2074; baseline -0.005 -17"><span class='ocrx_word' id='word_1_500' title='bbox 2202 2003 2344 2074; x_wconf 87' lang='grc' dir='ltr'>Ὅρα</span> <span class='ocrx_word' id='word_1_501' title='bbox 2376 2001 2433 2055; x_wconf 81' lang='grc' dir='ltr'>δὲ</span> <span class='ocrx_word' id='word_1_502' title='bbox 2473 2000 2659 2073; x_wconf 84' lang='grc' dir='ltr'>κύκλῳ</span> <span class='ocrx_word' id='word_1_503' title='bbox 2688 2002 2969 2073; x_wconf 84' lang='grc' dir='ltr'>περιϊόντα</span> <span class='ocrx_word' id='word_1_504' title='bbox 2995 2000 3088 2054; x_wconf 82' lang='grc' dir='ltr'><strong>τὸν</strong></span> <span class='ocrx_word' id='word_1_505' title='bbox 3114 1999 3273 2068; x_wconf 85' lang='grc' dir='ltr'>λόγον</span> <span class='ocrx_word' id='word_1_506' title='bbox 3314 1999 3411 2052; x_wconf 75' lang='grc' dir='ltr'>καὶ</span> <span class='ocrx_word' id='word_1_507' title='bbox 3451 1998 3522 2052; x_wconf 73' lang='grc' dir='ltr'><strong>τὰ</strong></span> <span class='ocrx_word' id='word_1_508' title='bbox 3553 2000 3705 2068; x_wconf 61' lang='grc' dir='ltr'>σαεξ-</span> 
     </span>
    </p>
   </div>
   <div class='ocr_carea' id='block_1_67' title="bbox 2136 2091 3703 2168">
    <p class='ocr_par' dir='ltr' id='par_1_67' title="bbox 2136 2091 3703 2168">
     <span class='ocr_line' id='line_1_67' title="bbox 2136 2091 3703 2168; baseline -0.004 -18"><span class='ocrx_word' id='word_1_509' title='bbox 2136 2114 2302 2168; x_wconf 88' lang='grc' dir='ltr'>στερα</span> <span class='ocrx_word' id='word_1_510' title='bbox 2330 2096 2763 2167; x_wconf 87' lang='grc' dir='ltr'>παρατρέχοντα,</span> <span class='ocrx_word' id='word_1_511' title='bbox 2807 2093 3285 2164; x_wconf 78' lang='grc' dir='ltr'>ὲμφιλοχωροῦντα</span> <span class='ocrx_word' id='word_1_512' title='bbox 3320 2091 3380 2143; x_wconf 81' lang='grc' dir='ltr'>δὲ</span> <span class='ocrx_word' id='word_1_513' title='bbox 3410 2093 3528 2154; x_wconf 80' lang='grc' dir='ltr'>τοῖς</span> <span class='ocrx_word' id='word_1_514' title='bbox 3563 2092 3703 2163; x_wconf 73' lang='grc' dir='ltr'><strong>παρά</strong></span> 
     </span>
    </p>
   </div>
   <div class='ocr_carea' id='block_1_68' title="bbox 2131 2181 3705 2254">
    <p class='ocr_par' dir='ltr' id='par_1_68' title="bbox 2131 2181 3705 2254">
     <span class='ocr_line' id='line_1_68' title="bbox 2131 2181 3705 2254; baseline -0.003 -17"><span class='ocrx_word' id='word_1_515' title='bbox 2131 2187 2240 2238; x_wconf 86' lang='grc' dir='ltr'><strong>τῶν</strong></span> <span class='ocrx_word' id='word_1_516' title='bbox 2269 2183 2480 2240; x_wconf 85' lang='grc' dir='ltr'>πολλῶν</span> <span class='ocrx_word' id='word_1_517' title='bbox 2503 2183 2960 2254; x_wconf 87' lang='grc' dir='ltr'>ἀντιλεγομένοις,</span> <span class='ocrx_word' id='word_1_518' title='bbox 2977 2181 3197 2236; x_wconf 78' lang='grc' dir='ltr'>καὶτῶν</span> <span class='ocrx_word' id='word_1_519' title='bbox 3217 2181 3432 2249; x_wconf 87' lang='grc' dir='ltr'>ἀλόγων</span> <span class='ocrx_word' id='word_1_520' title='bbox 3465 2182 3568 2233; x_wconf 73' lang='grc' dir='ltr'>οὐκ</span> <span class='ocrx_word' id='word_1_521' title='bbox 3589 2183 3705 2250; x_wconf 64' lang='grc' dir='ltr'>ἀφι-</span> 
     </span>
    </p>
   </div>
   <div class='ocr_carea' id='block_1_69' title="bbox 2135 2272 3702 2348">
    <p class='ocr_par' dir='ltr' id='par_1_69' title="bbox 2135 2272 3702 2348">
     <span class='ocr_line' id='line_1_69' title="bbox 2135 2272 3702 2348; baseline -0.002 -18"><span class='ocrx_word' id='word_1_522' title='bbox 2135 2277 2418 2348; x_wconf 86' lang='grc' dir='ltr'>στάμενον,</span> <span class='ocrx_word' id='word_1_523' title='bbox 2448 2276 2542 2328; x_wconf 76' lang='grc' dir='ltr'>καὶ</span> <span class='ocrx_word' id='word_1_524' title='bbox 2569 2276 2668 2347; x_wconf 84' lang='grc' dir='ltr'>τῆς</span> <span class='ocrx_word' id='word_1_525' title='bbox 2698 2275 2885 2346; x_wconf 84' lang='grc' dir='ltr'>χρείας</span> <span class='ocrx_word' id='word_1_526' title='bbox 2915 2272 3095 2328; x_wconf 82' lang='grc' dir='ltr'>αὐτῶν</span> <span class='ocrx_word' id='word_1_527' title='bbox 3127 2273 3220 2331; x_wconf 87' lang='grc' dir='ltr'>κα).</span> <span class='ocrx_word' id='word_1_528' title='bbox 3256 2272 3357 2342; x_wconf 82' lang='grc' dir='ltr'><strong>τῆς</strong></span> <span class='ocrx_word' id='word_1_529' title='bbox 3386 2272 3702 2344; x_wconf 69' lang='grc' dir='ltr'>ὑπηρεσίας.</span> 
     </span>
    </p>
   </div>
   <div class='ocr_carea' id='block_1_70' title="bbox 2132 2364 3707 2434">
    <p class='ocr_par' dir='ltr' id='par_1_70' title="bbox 2132 2364 3707 2434">
     <span class='ocr_line' id='line_1_70' title="bbox 2132 2364 3707 2434; baseline -0.004 -11"><span class='ocrx_word' id='word_1_530' title='bbox 2132 2370 2284 2423; x_wconf 90' lang='grc' dir='ltr'>Ποιεί</span> <span class='ocrx_word' id='word_1_531' title='bbox 2313 2369 2370 2422; x_wconf 85' lang='grc' dir='ltr'>δὲ</span> <span class='ocrx_word' id='word_1_532' title='bbox 2393 2367 2552 2420; x_wconf 91' lang='grc' dir='ltr'>τοῦτο</span> <span class='ocrx_word' id='word_1_533' title='bbox 2584 2367 2675 2421; x_wconf 87' lang='grc' dir='ltr'><strong>διά</strong></span> <span class='ocrx_word' id='word_1_534' title='bbox 2701 2367 2794 2420; x_wconf 87' lang='grc' dir='ltr'><strong>δύο</strong></span> <span class='ocrx_word' id='word_1_535' title='bbox 2823 2366 3026 2420; x_wconf 87' lang='grc' dir='ltr'>ταῦτα·</span> <span class='ocrx_word' id='word_1_536' title='bbox 3055 2366 3120 2420; x_wconf 87' lang='grc' dir='ltr'><strong>δι’</strong></span> <span class='ocrx_word' id='word_1_537' title='bbox 3148 2365 3205 2419; x_wconf 78' lang='grc' dir='ltr'>ἓν</span> <span class='ocrx_word' id='word_1_538' title='bbox 3241 2364 3363 2434; x_wconf 85' lang='grc' dir='ltr'>μὲν,</span> <span class='ocrx_word' id='word_1_539' title='bbox 3403 2365 3496 2417; x_wconf 84' lang='grc' dir='ltr'><strong>ἴνα</strong></span> <span class='ocrx_word' id='word_1_540' title='bbox 3527 2366 3591 2417; x_wconf 75' lang='grc' dir='ltr'>ἐκ</span> <span class='ocrx_word' id='word_1_541' title='bbox 3619 2383 3707 2418; x_wconf 75' lang='grc' dir='ltr'>πε-</span> 
     </span>
    </p>
   </div>
   <div class='ocr_carea' id='block_1_71' title="bbox 2134 2460 3708 2534">
    <p class='ocr_par' dir='ltr' id='par_1_71' title="bbox 2134 2460 3708 2534">
     <span class='ocr_line' id='line_1_71' title="bbox 2134 2460 3708 2534; baseline -0.001 -19"><span class='ocrx_word' id='word_1_542' title='bbox 2134 2465 2378 2534; x_wconf 89' lang='grc' dir='ltr'>ριουσίας</span> <span class='ocrx_word' id='word_1_543' title='bbox 2411 2463 2736 2534; x_wconf 78' lang='grc' dir='ltr'>ἐπιστομίσῃ</span> <span class='ocrx_word' id='word_1_544' title='bbox 2767 2463 2867 2534; x_wconf 80' lang='grc' dir='ltr'>τὴν</span> <span class='ocrx_word' id='word_1_545' title='bbox 2902 2460 3285 2533; x_wconf 89' lang='grc' dir='ltr'>ἀναισχυντίαν</span> <span class='ocrx_word' id='word_1_546' title='bbox 3308 2460 3421 2514; x_wconf 89' lang='grc' dir='ltr'><strong>τῶν</strong></span> <span class='ocrx_word' id='word_1_547' title='bbox 3449 2461 3708 2529; x_wconf 78' lang='grc' dir='ltr'>λεγόντων</span> 
     </span>
    </p>
   </div>
   <div class='ocr_carea' id='block_1_72' title="bbox 2131 2553 3710 2628">
    <p class='ocr_par' dir='ltr' id='par_1_72' title="bbox 2131 2553 3710 2628">
     <span class='ocr_line' id='line_1_72' title="bbox 2131 2553 3710 2628; baseline -0.003 -18"><span class='ocrx_word' id='word_1_548' title='bbox 2131 2553 2269 2611; x_wconf 75' lang='grc' dir='ltr'>εἶναί</span> <span class='ocrx_word' id='word_1_549' title='bbox 2289 2574 2342 2610; x_wconf 92' lang='grc' dir='ltr'><strong>τι</strong></span> <span class='ocrx_word' id='word_1_550' title='bbox 2371 2557 2624 2628; x_wconf 77' lang='grc' dir='ltr'>περιττὸν</span> <span class='ocrx_word' id='word_1_551' title='bbox 2649 2557 2707 2608; x_wconf 78' lang='grc' dir='ltr'>ἐν</span> <span class='ocrx_word' id='word_1_552' title='bbox 2736 2554 2814 2626; x_wconf 87' lang='grc' dir='ltr'>τῷ</span> <span class='ocrx_word' id='word_1_553' title='bbox 2843 2555 3032 2626; x_wconf 87' lang='grc' dir='ltr'>κόσμῳ</span> <span class='ocrx_word' id='word_1_554' title='bbox 3060 2555 3152 2608; x_wconf 80' lang='grc' dir='ltr'>καὶ</span> <span class='ocrx_word' id='word_1_555' title='bbox 3181 2553 3458 2625; x_wconf 76' lang='grc' dir='ltr'>ἄχρηστον</span> <span class='ocrx_word' id='word_1_556' title='bbox 3476 2570 3491 2584; x_wconf 87' lang='grc'><strong>·</strong></span> <span class='ocrx_word' id='word_1_557' title='bbox 3519 2554 3586 2606; x_wconf 67' lang='grc' dir='ltr'><strong>διῗ</strong></span> <span class='ocrx_word' id='word_1_558' title='bbox 3609 2554 3710 2606; x_wconf 77' lang='grc' dir='ltr'>ἓτε-</span> 
     </span>
    </p>
   </div>
   <div class='ocr_carea' id='block_1_73' title="bbox 2135 2645 3706 2722">
    <p class='ocr_par' dir='ltr' id='par_1_73' title="bbox 2135 2645 3706 2722">
     <span class='ocr_line' id='line_1_73' title="bbox 2135 2645 3706 2722; baseline -0.003 -19"><span class='ocrx_word' id='word_1_559' title='bbox 2135 2665 2225 2720; x_wconf 91' lang='grc' dir='ltr'><strong>ρον</strong></span> <span class='ocrx_word' id='word_1_560' title='bbox 2253 2647 2330 2715; x_wconf 85' lang='grc' dir='ltr'>δὲ,</span> <span class='ocrx_word' id='word_1_561' title='bbox 2366 2649 2452 2702; x_wconf 81' lang='grc' dir='ltr'>ἵνα</span> <span class='ocrx_word' id='word_1_562' title='bbox 2481 2647 2630 2722; x_wconf 82' lang='grc' dir='ltr'>δείξῃ</span> <span class='ocrx_word' id='word_1_563' title='bbox 2657 2648 2754 2720; x_wconf 80' lang='grc' dir='ltr'>ὅση</span> <span class='ocrx_word' id='word_1_564' title='bbox 2783 2647 2872 2717; x_wconf 83' lang='grc' dir='ltr'>τῷ.</span> <span class='ocrx_word' id='word_1_565' title='bbox 2893 2646 3011 2719; x_wconf 87' lang='grc' dir='ltr'>Θεῷ</span> <span class='ocrx_word' id='word_1_566' title='bbox 3042 2647 3152 2702; x_wconf 90' lang='grc' dir='ltr'><strong>τῶν</strong></span> <span class='ocrx_word' id='word_1_567' title='bbox 3184 2645 3493 2719; x_wconf 83' lang='grc' dir='ltr'>ἀνθρώπων</span> <span class='ocrx_word' id='word_1_568' title='bbox 3535 2649 3568 2717; x_wconf 83' lang='grc' dir='ltr'><strong>ἡ</strong></span> <span class='ocrx_word' id='word_1_569' title='bbox 3613 2664 3706 2716; x_wconf 84' lang='grc' dir='ltr'>κη-</span> 
     </span>
    </p>
   </div>
   <div class='ocr_carea' id='block_1_74' title="bbox 2129 2738 3707 2813">
    <p class='ocr_par' dir='ltr' id='par_1_74' title="bbox 2129 2738 3707 2813">
     <span class='ocr_line' id='line_1_74' title="bbox 2129 2738 3707 2813; baseline -0.003 -19"><span class='ocrx_word' id='word_1_570' title='bbox 2129 2741 2370 2813; x_wconf 89' lang='grc' dir='ltr'>δεμονία,</span> <span class='ocrx_word' id='word_1_571' title='bbox 2397 2741 2543 2794; x_wconf 78' lang='grc' dir='ltr'>ὅπου</span> <span class='ocrx_word' id='word_1_572' title='bbox 2568 2758 2632 2809; x_wconf 87' lang='grc' dir='ltr'><strong>γε</strong></span> <span class='ocrx_word' id='word_1_573' title='bbox 2662 2739 2771 2793; x_wconf 92' lang='grc' dir='ltr'><strong>τῶν</strong></span> <span class='ocrx_word' id='word_1_574' title='bbox 2805 2739 2872 2792; x_wconf 84' lang='grc' dir='ltr'><strong>δι’</strong></span> <span class='ocrx_word' id='word_1_575' title='bbox 2898 2739 3139 2804; x_wconf 74' lang='grc' dir='ltr'>ἐκείνους</span> <span class='ocrx_word' id='word_1_576' title='bbox 3173 2739 3487 2810; x_wconf 81' lang='grc' dir='ltr'>γενομένων</span> <span class='ocrx_word' id='word_1_577' title='bbox 3532 2738 3707 2792; x_wconf 74' lang='grc' dir='ltr'>τοσοῦ-</span> 
     </span>
    </p>
   </div>
   <div class='ocr_carea' id='block_1_75' title="bbox 2127 2827 3707 2902">
    <p class='ocr_par' dir='ltr' id='par_1_75' title="bbox 2127 2827 3707 2902">
     <span class='ocr_line' id='line_1_75' title="bbox 2127 2827 3707 2902; baseline -0.001 -16"><span class='ocrx_word' id='word_1_578' title='bbox 2127 2850 2222 2887; x_wconf 89' lang='grc' dir='ltr'><strong>τον</strong></span> <span class='ocrx_word' id='word_1_579' title='bbox 2253 2835 2488 2887; x_wconf 89' lang='grc' dir='ltr'>ποιεῖται</span> <span class='ocrx_word' id='word_1_580' title='bbox 2519 2833 2696 2902; x_wconf 89' lang='grc' dir='ltr'>λόγον.</span> <span class='ocrx_word' id='word_1_581' title='bbox 2717 2831 2781 2885; x_wconf 89' lang='grc' dir='ltr'>Τί</span> <span class='ocrx_word' id='word_1_582' title='bbox 2804 2831 3010 2902; x_wconf 82' lang='grc' dir='ltr'>ταύτης</span> <span class='ocrx_word' id='word_1_583' title='bbox 3031 2827 3146 2884; x_wconf 74' lang='grc' dir='ltr'>ἴσον</span> <span class='ocrx_word' id='word_1_584' title='bbox 3173 2831 3371 2898; x_wconf 84' lang='grc' dir='ltr'>γένοιτ’</span> <span class='ocrx_word' id='word_1_585' title='bbox 3392 2830 3459 2886; x_wconf 75' lang='grc' dir='ltr'>ἂν</span> <span class='ocrx_word' id='word_1_586' title='bbox 3490 2831 3593 2902; x_wconf 81' lang='grc' dir='ltr'>τῆς</span> <span class='ocrx_word' id='word_1_587' title='bbox 3617 2848 3707 2901; x_wconf 73' lang='grc' dir='ltr'>κη-</span> 
     </span>
    </p>
   </div>
   <div class='ocr_carea' id='block_1_76' title="bbox 2129 2921 3706 2996">
    <p class='ocr_par' dir='ltr' id='par_1_76' title="bbox 2129 2921 3706 2996">
     <span class='ocr_line' id='line_1_76' title="bbox 2129 2921 3706 2996; baseline -0.003 -18"><span class='ocrx_word' id='word_1_588' title='bbox 2129 2925 2400 2996; x_wconf 88' lang='grc' dir='ltr'>δεμονίας,</span> <span class='ocrx_word' id='word_1_589' title='bbox 2424 2926 2552 2979; x_wconf 79' lang='grc' dir='ltr'>ὅταν</span> <span class='ocrx_word' id='word_1_590' title='bbox 2583 2926 2677 2979; x_wconf 81' lang='grc' dir='ltr'>καὶ</span> <span class='ocrx_word' id='word_1_591' title='bbox 2706 2924 2774 2977; x_wconf 84' lang='grc' dir='ltr'><strong>τά</strong></span> <span class='ocrx_word' id='word_1_592' title='bbox 2799 2922 3116 2976; x_wconf 83' lang='grc' dir='ltr'>δουλεύοντα</span> <span class='ocrx_word' id='word_1_593' title='bbox 3153 2925 3284 2993; x_wconf 76' lang='grc' dir='ltr'>ἡμῖν</span> <span class='ocrx_word' id='word_1_594' title='bbox 3326 2921 3472 2978; x_wconf 78' lang='grc' dir='ltr'>οὕτω</span> <span class='ocrx_word' id='word_1_595' title='bbox 3519 2923 3706 2994; x_wconf 60' lang='grc' dir='ltr'>τρέφῃ,</span> 
     </span>
    </p>
   </div>
   <div class='ocr_carea' id='block_1_77' title="bbox 2130 3015 3706 3088">
    <p class='ocr_par' dir='ltr' id='par_1_77' title="bbox 2130 3015 3706 3088">
     <span class='ocr_line' id='line_1_77' title="bbox 2130 3015 3706 3088; baseline -0.003 -17"><span class='ocrx_word' id='word_1_596' title='bbox 2130 3018 2224 3071; x_wconf 75' lang='grc' dir='ltr'>καὶ</span> <span class='ocrx_word' id='word_1_597' title='bbox 2281 3017 2357 3088; x_wconf 83' lang='grc' dir='ltr'>μὴ</span> <span class='ocrx_word' id='word_1_598' title='bbox 2409 3019 2664 3088; x_wconf 77' lang='grc' dir='ltr'>συγχωρῇ</span> <span class='ocrx_word' id='word_1_599' title='bbox 2708 3015 2982 3069; x_wconf 85' lang='grc' dir='ltr'>πονεῖσθαι</span> <span class='ocrx_word' id='word_1_600' title='bbox 3014 3015 3141 3086; x_wconf 77' lang='grc' dir='ltr'>περὶ</span> <span class='ocrx_word' id='word_1_601' title='bbox 3179 3015 3388 3080; x_wconf 83' lang='grc' dir='ltr'>πάντα;</span> <span class='ocrx_word' id='word_1_602' title='bbox 3427 3015 3571 3067; x_wconf 70' lang='grc' dir='ltr'>Οὔτε</span> <span class='ocrx_word' id='word_1_603' title='bbox 3611 3015 3706 3083; x_wconf 75' lang='grc' dir='ltr'>γὰρ</span> 
     </span>
    </p>
   </div>
   <div class='ocr_carea' id='block_1_78' title="bbox 2129 3107 3702 3180">
    <p class='ocr_par' dir='ltr' id='par_1_78' title="bbox 2129 3107 3702 3180">
     <span class='ocr_line' id='line_1_78' title="bbox 2129 3107 3702 3180; baseline -0.003 -18"><span class='ocrx_word' id='word_1_604' title='bbox 2129 3109 2282 3162; x_wconf 80' lang='grc' dir='ltr'>είασε</span> <span class='ocrx_word' id='word_1_605' title='bbox 2310 3109 2402 3162; x_wconf 82' lang='grc' dir='ltr'>τὸν</span> <span class='ocrx_word' id='word_1_606' title='bbox 2431 3108 2735 3180; x_wconf 83' lang='grc' dir='ltr'>ἄνθρωπον,</span> <span class='ocrx_word' id='word_1_607' title='bbox 2762 3107 2886 3161; x_wconf 81' lang='grc' dir='ltr'>οὔτε</span> <span class='ocrx_word' id='word_1_608' title='bbox 2916 3107 3137 3179; x_wconf 83' lang='grc' dir='ltr'>βαρύνει</span> <span class='ocrx_word' id='word_1_609' title='bbox 3157 3109 3270 3170; x_wconf 83' lang='grc' dir='ltr'>τοῖς</span> <span class='ocrx_word' id='word_1_610' title='bbox 3309 3107 3499 3170; x_wconf 85' lang='grc' dir='ltr'>πόνοις</span> <span class='ocrx_word' id='word_1_611' title='bbox 3531 3107 3702 3168; x_wconf 67' lang='grc' dir='ltr'>αὐτὸν,</span> 
     </span>
    </p>
   </div>
   <div class='ocr_carea' id='block_1_79' title="bbox 2129 3197 3706 3271">
    <p class='ocr_par' dir='ltr' id='par_1_79' title="bbox 2129 3197 3706 3271">
     <span class='ocr_line' id='line_1_79' title="bbox 2129 3197 3706 3271; baseline -0.003 -19"><span class='ocrx_word' id='word_1_612' title='bbox 2129 3201 2419 3254; x_wconf 86' lang='grc' dir='ltr'>ποικίλλων</span> <span class='ocrx_word' id='word_1_613' title='bbox 2435 3199 2601 3254; x_wconf 86' lang='grc' dir='ltr'>αὐτοῦ</span> <span class='ocrx_word' id='word_1_614' title='bbox 2622 3199 2717 3271; x_wconf 84' lang='grc' dir='ltr'><strong>τὴν</strong></span> <span class='ocrx_word' id='word_1_615' title='bbox 2743 3198 3036 3270; x_wconf 88' lang='grc' dir='ltr'>σωτηρίαν.</span> <span class='ocrx_word' id='word_1_616' title='bbox 3053 3198 3320 3252; x_wconf 81' lang='grc' dir='ltr'>Ἐνταῦθα</span> <span class='ocrx_word' id='word_1_617' title='bbox 3344 3197 3519 3250; x_wconf 83' lang='grc' dir='ltr'>καλὸν</span> <span class='ocrx_word' id='word_1_618' title='bbox 3543 3198 3706 3249; x_wconf 78' lang='grc' dir='ltr'>εἰπεῖν</span> 
     </span>
    </p>
   </div>
   <div class='ocr_carea' id='block_1_80' title="bbox 2131 3287 3708 3362">
    <p class='ocr_par' dir='ltr' id='par_1_80' title="bbox 2131 3287 3708 3362">
     <span class='ocr_line' id='line_1_80' title="bbox 2131 3287 3708 3362; baseline -0.016 -4"><span class='ocrx_word' id='word_1_619' title='bbox 2131 3291 2268 3362; x_wconf 82' lang='grc' dir='ltr'>πρὸς</span> <span class='ocrx_word' id='word_1_620' title='bbox 2312 3291 2404 3344; x_wconf 74' lang='grc' dir='ltr'><strong>τὸν</strong></span> <span class='ocrx_word' id='word_1_621' title='bbox 2443 3291 2570 3354; x_wconf 80' lang='grc' dir='ltr'>τοὺς</span> <span class='ocrx_word' id='word_1_622' title='bbox 2601 3291 2881 3361; x_wconf 87' lang='grc' dir='ltr'>ὁμογενεῖς</span> <span class='ocrx_word' id='word_1_623' title='bbox 2909 3287 3401 3357; x_wconf 84' lang='grc' dir='ltr'>καταδουλούμενον</span> <span class='ocrx_word' id='word_1_624' title='bbox 3421 3303 3435 3316; x_wconf 90' lang='grc'><strong>·</strong></span> <span class='ocrx_word' id='word_1_625' title='bbox 3472 3287 3577 3356; x_wconf 81' lang='grc' dir='ltr'><strong>μία</strong></span> <span class='ocrx_word' id='word_1_626' title='bbox 3603 3287 3708 3338; x_wconf 75' lang='grc' dir='ltr'>δου-</span> 
     </span>
    </p>
   </div>
   <div class='ocr_carea' id='block_1_81' title="bbox 2055 3357 3703 3454">
    <p class='ocr_par' dir='ltr' id='par_1_81' title="bbox 2055 3357 3703 3454">
     <span class='ocr_line' id='line_1_81' title="bbox 2055 3357 3703 3454; baseline -0.002 -20"><span class='ocrx_word' id='word_1_627' title='bbox 2055 3357 2098 3414; x_wconf 78' lang='lat' dir='ltr'>C</span> <span class='ocrx_word' id='word_1_628' title='bbox 2130 3357 2249 3436; x_wconf 78' lang='grc' dir='ltr'>λεία</span> <span class='ocrx_word' id='word_1_629' title='bbox 2267 3382 2374 3435; x_wconf 92' lang='grc' dir='ltr'><strong>τῶν</strong></span> <span class='ocrx_word' id='word_1_630' title='bbox 2395 3357 2695 3454; x_wconf 84' lang='grc' dir='ltr'>ἀνθρώπων</span> <span class='ocrx_word' id='word_1_631' title='bbox 2715 3357 2784 3434; x_wconf 83' lang='grc' dir='ltr'>τὰ</span> <span class='ocrx_word' id='word_1_632' title='bbox 2810 3381 2975 3448; x_wconf 80' lang='grc' dir='ltr'>ἄλογα</span> <span class='ocrx_word' id='word_1_633' title='bbox 2991 3397 3005 3411; x_wconf 87' lang='grc'><strong>·</strong></span> <span class='ocrx_word' id='word_1_634' title='bbox 3032 3381 3096 3434; x_wconf 78' lang='grc' dir='ltr'>σὺ</span> <span class='ocrx_word' id='word_1_635' title='bbox 3118 3379 3175 3432; x_wconf 82' lang='grc' dir='ltr'>δὲ</span> <span class='ocrx_word' id='word_1_636' title='bbox 3199 3378 3375 3432; x_wconf 88' lang='grc' dir='ltr'>ταῦτα</span> <span class='ocrx_word' id='word_1_637' title='bbox 3406 3378 3703 3448; x_wconf 82' lang='grc' dir='ltr'>ὀλιγωρεῖς·</span> 
     </span>
    </p>
   </div>
   <div class='ocr_carea' id='block_1_82' title="bbox 2129 3471 3706 3544">
    <p class='ocr_par' dir='ltr' id='par_1_82' title="bbox 2129 3471 3706 3544">
     <span class='ocr_line' id='line_1_82' title="bbox 2129 3471 3706 3544; baseline -0.003 -17"><span class='ocrx_word' id='word_1_638' title='bbox 2129 3475 2209 3528; x_wconf 87' lang='grc' dir='ltr'>διὸ</span> <span class='ocrx_word' id='word_1_639' title='bbox 2249 3473 2346 3544; x_wconf 84' lang='grc' dir='ltr'>τὴν</span> <span class='ocrx_word' id='word_1_640' title='bbox 2397 3473 2558 3543; x_wconf 80' lang='grc' dir='ltr'>φύσιν</span> <span class='ocrx_word' id='word_1_641' title='bbox 2587 3472 2832 3535; x_wconf 86' lang='grc' dir='ltr'>δουλείας</span> <span class='ocrx_word' id='word_1_642' title='bbox 2861 3473 2956 3526; x_wconf 75' lang='grc' dir='ltr'>καὶ</span> <span class='ocrx_word' id='word_1_643' title='bbox 2978 3472 3297 3542; x_wconf 87' lang='grc' dir='ltr'>κυριότητος</span> <span class='ocrx_word' id='word_1_644' title='bbox 3327 3471 3525 3540; x_wconf 86' lang='grc' dir='ltr'>σχίσας</span> <span class='ocrx_word' id='word_1_645' title='bbox 3552 3471 3706 3538; x_wconf 73' lang='grc' dir='ltr'>αὐτὴν</span> 
     </span>
    </p>
   </div>
   <div class='ocr_carea' id='block_1_83' title="bbox 2130 3563 3704 3638">
    <p class='ocr_par' dir='ltr' id='par_1_83' title="bbox 2130 3563 3704 3638">
     <span class='ocr_line' id='line_1_83' title="bbox 2130 3563 3704 3638; baseline -0.004 -18"><span class='ocrx_word' id='word_1_646' title='bbox 2130 3568 2293 3638; x_wconf 79' lang='grc' dir='ltr'>ἑαυτῇ</span> <span class='ocrx_word' id='word_1_647' title='bbox 2343 3565 2611 3620; x_wconf 83' lang='grc' dir='ltr'>δουλεύειν</span> <span class='ocrx_word' id='word_1_648' title='bbox 2657 3567 2751 3619; x_wconf 78' lang='grc' dir='ltr'>καὶ</span> <span class='ocrx_word' id='word_1_649' title='bbox 2790 3567 2954 3636; x_wconf 80' lang='grc' dir='ltr'>ἑαυτῇ</span> <span class='ocrx_word' id='word_1_650' title='bbox 2991 3563 3262 3635; x_wconf 90' lang='grc' dir='ltr'>κυριεύειν</span> <span class='ocrx_word' id='word_1_651' title='bbox 3291 3563 3585 3635; x_wconf 78' lang='grc' dir='ltr'>ἐποίησας.</span> <span class='ocrx_word' id='word_1_652' title='bbox 3615 3563 3704 3614; x_wconf 71' lang='lat' dir='ltr'><strong>Tw</strong></span> 
     </span>
    </p>
   </div>
   <div class='ocr_carea' id='block_1_84' title="bbox 2129 3655 3703 3730">
    <p class='ocr_par' dir='ltr' id='par_1_84' title="bbox 2129 3655 3703 3730">
     <span class='ocr_line' id='line_1_84' title="bbox 2129 3655 3703 3730; baseline -0.004 -18"><span class='ocrx_word' id='word_1_653' title='bbox 2129 3659 2251 3712; x_wconf 82' lang='grc' dir='ltr'>καθ’</span> <span class='ocrx_word' id='word_1_654' title='bbox 2283 3659 2571 3730; x_wconf 85' lang='grc' dir='ltr'>ὁμοιότητα</span> <span class='ocrx_word' id='word_1_655' title='bbox 2593 3657 2728 3711; x_wconf 89' lang='grc' dir='ltr'>Θεοῦ</span> <span class='ocrx_word' id='word_1_656' title='bbox 2756 3659 2885 3711; x_wconf 87' lang='grc' dir='ltr'>ὄντα</span> <span class='ocrx_word' id='word_1_657' title='bbox 2914 3659 3007 3711; x_wconf 73' lang='grc' dir='ltr'><strong>καὶ</strong></span> <span class='ocrx_word' id='word_1_658' title='bbox 3034 3656 3214 3726; x_wconf 86' lang='grc' dir='ltr'>πάσης</span> <span class='ocrx_word' id='word_1_659' title='bbox 3237 3656 3339 3726; x_wconf 81' lang='grc' dir='ltr'>γῆς</span> <span class='ocrx_word' id='word_1_660' title='bbox 3363 3657 3607 3726; x_wconf 77' lang='grc' dir='ltr'>ἄρχοντα</span> 
     </span>
    </p>
   </div>
   <div class='ocr_carea' id='block_1_85' title="bbox 2127 3747 3702 3820">
    <p class='ocr_par' dir='ltr' id='par_1_85' title="bbox 2127 3747 3702 3820">
     <span class='ocr_line' id='line_1_85' title="bbox 2127 3747 3702 3820; baseline -0.004 -16"><span class='ocrx_word' id='word_1_661' title='bbox 2127 3752 2156 3804; x_wconf 89' lang='lat'><strong>6</strong></span> <span class='ocrx_word' id='word_1_662' title='bbox 2185 3749 2545 3820; x_wconf 87' lang='grc' dir='ltr'>ἀπεμπολῶν;</span> <span class='ocrx_word' id='word_1_663' title='bbox 2567 3750 2651 3814; x_wconf 89' lang='grc' dir='ltr'><strong>τίς</strong></span> <span class='ocrx_word' id='word_1_664' title='bbox 2677 3751 2706 3802; x_wconf 89' lang='grc' dir='ltr'>ὁ</span> <span class='ocrx_word' id='word_1_665' title='bbox 2731 3748 3069 3818; x_wconf 84' lang='grc' dir='ltr'>ὠνούμενος;</span> <span class='ocrx_word' id='word_1_666' title='bbox 3113 3749 3270 3818; x_wconf 85' lang='grc' dir='ltr'>μόνου</span> <span class='ocrx_word' id='word_1_667' title='bbox 3303 3747 3442 3800; x_wconf 89' lang='grc' dir='ltr'>Θεοῦ</span> <span class='ocrx_word' id='word_1_668' title='bbox 3469 3747 3534 3799; x_wconf 78' lang='grc' dir='ltr'>τὸ</span> <span class='ocrx_word' id='word_1_669' title='bbox 3557 3747 3702 3816; x_wconf 73' lang='grc' dir='ltr'>δυνηο</span> 
     </span>
    </p>
   </div>
   <div class='ocr_carea' id='block_1_86' title="bbox 2131 3837 3701 3911">
    <p class='ocr_par' dir='ltr' id='par_1_86' title="bbox 2131 3837 3701 3911">
     <span class='ocr_line' id='line_1_86' title="bbox 2131 3837 3701 3911; baseline -0.004 -17"><span class='ocrx_word' id='word_1_670' title='bbox 2131 3841 2288 3911; x_wconf 70' lang='grc' dir='ltr'>θῆναι</span> <span class='ocrx_word' id='word_1_671' title='bbox 2317 3840 2494 3906; x_wconf 87' lang='grc' dir='ltr'>τοῦτο,</span> <span class='ocrx_word' id='word_1_672' title='bbox 2543 3841 2740 3911; x_wconf 83' lang='grc' dir='ltr'>μᾶλλον</span> <span class='ocrx_word' id='word_1_673' title='bbox 2783 3841 2838 3893; x_wconf 83' lang='grc' dir='ltr'>δὲ</span> <span class='ocrx_word' id='word_1_674' title='bbox 2889 3840 3008 3893; x_wconf 83' lang='grc' dir='ltr'>οὐδὲ</span> <span class='ocrx_word' id='word_1_675' title='bbox 3041 3838 3203 3892; x_wconf 84' lang='grc' dir='ltr'>αὐτοῦ</span> <span class='ocrx_word' id='word_1_676' title='bbox 3237 3837 3333 3891; x_wconf 89' lang='grc' dir='ltr'><strong>τοῦ</strong></span> <span class='ocrx_word' id='word_1_677' title='bbox 3363 3837 3502 3891; x_wconf 88' lang='grc' dir='ltr'>Θεοῦ</span> <span class='ocrx_word' id='word_1_678' title='bbox 3524 3856 3539 3868; x_wconf 77' lang='grc' dir='ltr'><strong>ο</strong></span> <span class='ocrx_word' id='word_1_679' title='bbox 3582 3841 3701 3907; x_wconf 85' lang='grc' dir='ltr'>ἀμε-</span> 
     </span>
    </p>
   </div>
   <div class='ocr_carea' id='block_1_87' title="bbox 2129 3925 3695 4002">
    <p class='ocr_par' dir='ltr' id='par_1_87' title="bbox 2129 3925 3695 4002">
     <span class='ocr_line' id='line_1_87' title="bbox 2129 3925 3695 4002; baseline -0.004 -19"><span class='ocrx_word' id='word_1_680' title='bbox 2129 3931 2408 4001; x_wconf 85' lang='grc' dir='ltr'>ταμέλητα</span> <span class='ocrx_word' id='word_1_681' title='bbox 2438 3931 2546 4002; x_wconf 86' lang='grc' dir='ltr'>γὰρ</span> <span class='ocrx_word' id='word_1_682' title='bbox 2573 3929 2737 3983; x_wconf 81' lang='grc' dir='ltr'>αὐτοῦ</span> <span class='ocrx_word' id='word_1_683' title='bbox 2771 3927 2841 3981; x_wconf 79' lang='grc' dir='ltr'>τὰ</span> <span class='ocrx_word' id='word_1_684' title='bbox 2870 3929 3203 3999; x_wconf 86' lang='grc' dir='ltr'>χαρίσματα.</span> <span class='ocrx_word' id='word_1_685' title='bbox 3240 3928 3302 3980; x_wconf 81' lang='lat' dir='ltr'><strong>Ei</strong></span> <span class='ocrx_word' id='word_1_686' title='bbox 3333 3926 3390 3979; x_wconf 78' lang='grc' dir='ltr'>δὲ</span> <span class='ocrx_word' id='word_1_687' title='bbox 3431 3929 3460 3979; x_wconf 84' lang='lat'><strong>6</strong></span> <span class='ocrx_word' id='word_1_688' title='bbox 3487 3927 3619 3988; x_wconf 72' lang='grc' dir='ltr'>Θεὸς</span> <span class='ocrx_word' id='word_1_689' title='bbox 3644 3925 3695 3977; x_wconf 82' lang='grc' dir='ltr'><strong>ού</strong></span> 
     </span>
    </p>
   </div>
   <div class='ocr_carea' id='block_1_88' title="bbox 2127 4019 3694 4092">
    <p class='ocr_par' dir='ltr' id='par_1_88' title="bbox 2127 4019 3694 4092">
     <span class='ocr_line' id='line_1_88' title="bbox 2127 4019 3694 4092; baseline -0.001 -18"><span class='ocrx_word' id='word_1_690' title='bbox 2127 4021 2300 4074; x_wconf 89' lang='grc' dir='ltr'>δουλοί</span> <span class='ocrx_word' id='word_1_691' title='bbox 2337 4023 2397 4074; x_wconf 85' lang='grc' dir='ltr'>τὸ</span> <span class='ocrx_word' id='word_1_692' title='bbox 2447 4021 2751 4092; x_wconf 81' lang='grc' dir='ltr'>ἐλεύθερον,</span> <span class='ocrx_word' id='word_1_693' title='bbox 2781 4021 2864 4083; x_wconf 88' lang='grc' dir='ltr'><strong>τίς</strong></span> <span class='ocrx_word' id='word_1_694' title='bbox 2891 4023 2918 4074; x_wconf 92' lang='lat'><strong>6</strong></span> <span class='ocrx_word' id='word_1_695' title='bbox 2947 4019 3257 4090; x_wconf 78' lang='grc' dir='ltr'>ύπερτιθεὶς</span> <span class='ocrx_word' id='word_1_696' title='bbox 3302 4019 3395 4072; x_wconf 84' lang='grc' dir='ltr'><strong>τοῦ</strong></span> <span class='ocrx_word' id='word_1_697' title='bbox 3447 4020 3583 4074; x_wconf 82' lang='grc' dir='ltr'>Θεοῦ</span> <span class='ocrx_word' id='word_1_698' title='bbox 3609 4022 3694 4090; x_wconf 66' lang='grc' dir='ltr'>τὴν</span> 
     </span>
    </p>
   </div>
   <div class='ocr_carea' id='block_1_89' title="bbox 2128 4110 3696 4183">
    <p class='ocr_par' dir='ltr' id='par_1_89' title="bbox 2128 4110 3696 4183">
     <span class='ocr_line' id='line_1_89' title="bbox 2128 4110 3696 4183; baseline -0.003 -16"><span class='ocrx_word' id='word_1_699' title='bbox 2128 4112 2322 4167; x_wconf 79' lang='grc' dir='ltr'>ἑαυτοῦ</span> <span class='ocrx_word' id='word_1_700' title='bbox 2347 4113 2699 4178; x_wconf 84' lang='grc' dir='ltr'>δυναστείαν;</span> <span class='ocrx_word' id='word_1_701' title='bbox 2736 4112 2883 4183; x_wconf 81' lang='grc' dir='ltr'>Πλὴν</span> <span class='ocrx_word' id='word_1_702' title='bbox 2915 4114 3074 4182; x_wconf 88' lang='grc' dir='ltr'>ἀρκεῖ</span> <span class='ocrx_word' id='word_1_703' title='bbox 3113 4110 3386 4164; x_wconf 83' lang='grc' dir='ltr'>δουλεύειν</span> <span class='ocrx_word' id='word_1_704' title='bbox 3419 4114 3533 4174; x_wconf 83' lang='grc' dir='ltr'>τοῖς</span> <span class='ocrx_word' id='word_1_705' title='bbox 3566 4113 3696 4164; x_wconf 59' lang='lat' dir='ltr'><strong>slsu-</strong></span> 
     </span>
    </p>
   </div>
   <div class='ocr_carea' id='block_1_90' title="bbox 2128 4198 3694 4277">
    <p class='ocr_par' dir='ltr' id='par_1_90' title="bbox 2128 4198 3694 4277">
     <span class='ocr_line' id='line_1_90' title="bbox 2128 4198 3694 4277; baseline -0.003 -19"><span class='ocrx_word' id='word_1_706' title='bbox 2128 4205 2325 4277; x_wconf 85' lang='grc' dir='ltr'>Θέροις,</span> <span class='ocrx_word' id='word_1_707' title='bbox 2353 4205 2446 4257; x_wconf 72' lang='grc' dir='ltr'>καὶ</span> <span class='ocrx_word' id='word_1_708' title='bbox 2470 4204 2722 4256; x_wconf 87' lang='grc' dir='ltr'>τοσοῦτον</span> <span class='ocrx_word' id='word_1_709' title='bbox 2752 4198 2890 4256; x_wconf 74' lang='grc' dir='ltr'>εἶναι</span> <span class='ocrx_word' id='word_1_710' title='bbox 2916 4203 2976 4256; x_wconf 85' lang='grc' dir='ltr'>τὸ</span> <span class='ocrx_word' id='word_1_711' title='bbox 3005 4203 3280 4274; x_wconf 81' lang='grc' dir='ltr'>διάφορον,</span> <span class='ocrx_word' id='word_1_712' title='bbox 3316 4201 3460 4254; x_wconf 65' lang='lat' dir='ltr'><strong>(bs-.5</strong></span> <span class='ocrx_word' id='word_1_713' title='bbox 3486 4202 3582 4254; x_wconf 84' lang='grc' dir='ltr'><strong>τοῦ</strong></span> <span class='ocrx_word' id='word_1_714' title='bbox 3611 4203 3694 4254; x_wconf 76' lang='grc' dir='ltr'>αύ-</span> 
     </span>
    </p>
   </div>
   <div class='ocr_carea' id='block_1_91' title="bbox 2127 4293 3697 4366">
    <p class='ocr_par' dir='ltr' id='par_1_91' title="bbox 2127 4293 3697 4366">
     <span class='ocr_line' id='line_1_91' title="bbox 2127 4293 3697 4366; baseline -0.003 -16"><span class='ocrx_word' id='word_1_715' title='bbox 2127 4296 2219 4350; x_wconf 88' lang='grc' dir='ltr'><strong>τοῦ</strong></span> <span class='ocrx_word' id='word_1_716' title='bbox 2258 4296 2379 4366; x_wconf 86' lang='grc' dir='ltr'>χοὸς</span> <span class='ocrx_word' id='word_1_717' title='bbox 2412 4295 2471 4349; x_wconf 83' lang='grc' dir='ltr'>τὸ</span> <span class='ocrx_word' id='word_1_718' title='bbox 2507 4296 2605 4366; x_wconf 82' lang='grc' dir='ltr'>μὲν</span> <span class='ocrx_word' id='word_1_719' title='bbox 2638 4299 2880 4365; x_wconf 87' lang='grc' dir='ltr'>κρατεῖν,</span> <span class='ocrx_word' id='word_1_720' title='bbox 2914 4295 2974 4348; x_wconf 85' lang='grc' dir='ltr'>τὸ</span> <span class='ocrx_word' id='word_1_721' title='bbox 3009 4295 3066 4347; x_wconf 84' lang='grc' dir='ltr'>δὲ</span> <span class='ocrx_word' id='word_1_722' title='bbox 3097 4293 3382 4365; x_wconf 85' lang='grc' dir='ltr'>ἄρχεσθαι.</span> <span class='ocrx_word' id='word_1_723' title='bbox 3428 4293 3516 4364; x_wconf 84' lang='grc' dir='ltr'><strong>Μὴ</strong></span> <span class='ocrx_word' id='word_1_724' title='bbox 3546 4295 3697 4365; x_wconf 76' lang='grc' dir='ltr'>βαρυ-</span> 
     </span>
    </p>
   </div>
   <div class='ocr_carea' id='block_1_92' title="bbox 2127 4385 3697 4458">
    <p class='ocr_par' dir='ltr' id='par_1_92' title="bbox 2127 4385 3697 4458">
     <span class='ocr_line' id='line_1_92' title="bbox 2127 4385 3697 4458; baseline -0.003 -16"><span class='ocrx_word' id='word_1_725' title='bbox 2127 4389 2300 4442; x_wconf 81' lang='grc' dir='ltr'>νέσθω</span> <span class='ocrx_word' id='word_1_726' title='bbox 2343 4387 2400 4440; x_wconf 83' lang='grc' dir='ltr'>δὲ</span> <span class='ocrx_word' id='word_1_727' title='bbox 2424 4391 2452 4441; x_wconf 92' lang='lat'><strong>6</strong></span> <span class='ocrx_word' id='word_1_728' title='bbox 2484 4387 2666 4456; x_wconf 77' lang='grc' dir='ltr'>ζυγὸς,</span> <span class='ocrx_word' id='word_1_729' title='bbox 2710 4387 2843 4458; x_wconf 84' lang='grc' dir='ltr'>μηδὲ</span> <span class='ocrx_word' id='word_1_730' title='bbox 2872 4387 2971 4456; x_wconf 76' lang='grc' dir='ltr'>τῆς</span> <span class='ocrx_word' id='word_1_731' title='bbox 2997 4385 3217 4457; x_wconf 84' lang='grc' dir='ltr'>πρώτης</span> <span class='ocrx_word' id='word_1_732' title='bbox 3245 4385 3403 4456; x_wconf 81' lang='grc' dir='ltr'>ἡμῶν</span> <span class='ocrx_word' id='word_1_733' title='bbox 3441 4387 3697 4458; x_wconf 73' lang='grc' dir='ltr'>ἁμαρτίας</span> 
     </span>
    </p>
   </div>
   <div class='ocr_carea' id='block_1_93' title="bbox 2125 4477 3697 4550">
    <p class='ocr_par' dir='ltr' id='par_1_93' title="bbox 2125 4477 3697 4550">
     <span class='ocr_line' id='line_1_93' title="bbox 2125 4477 3697 4550; baseline -0.003 -16"><span class='ocrx_word' id='word_1_734' title='bbox 2125 4481 2186 4534; x_wconf 87' lang='grc' dir='ltr'>τὸ</span> <span class='ocrx_word' id='word_1_735' title='bbox 2230 4478 2909 4550; x_wconf 79' lang='grc' dir='ltr'>ὲπιτίμιον.Ἐξανατέλλει</span> <span class='ocrx_word' id='word_1_736' title='bbox 2951 4478 3007 4531; x_wconf 87' lang='grc' dir='ltr'>δὲ</span> <span class='ocrx_word' id='word_1_737' title='bbox 3055 4481 3113 4531; x_wconf 79' lang='grc' dir='ltr'>ἐν</span> <span class='ocrx_word' id='word_1_738' title='bbox 3163 4477 3377 4541; x_wconf 88' lang='grc' dir='ltr'>τούτοις</span> <span class='ocrx_word' id='word_1_739' title='bbox 3409 4479 3697 4549; x_wconf 70' lang='grc' dir='ltr'>ὑπερφυὲςι</span> 
     </span>
    </p>
   </div>
   <div class='ocr_carea' id='block_1_94' title="bbox 2127 4566 3697 4643">
    <p class='ocr_par' dir='ltr' id='par_1_94' title="bbox 2127 4566 3697 4643">
     <span class='ocr_line' id='line_1_94' title="bbox 2127 4566 3697 4643; baseline -0.002 -18"><span class='ocrx_word' id='word_1_740' title='bbox 2127 4573 2220 4627; x_wconf 79' lang='grc' dir='ltr'>καὶ</span> <span class='ocrx_word' id='word_1_741' title='bbox 2256 4572 2608 4643; x_wconf 68' lang='grc' dir='ltr'>ὑψηλοτάτοις</span> <span class='ocrx_word' id='word_1_742' title='bbox 2636 4570 2815 4640; x_wconf 87' lang='grc' dir='ltr'>λόγοις</span> <span class='ocrx_word' id='word_1_743' title='bbox 2835 4569 3000 4624; x_wconf 83' lang='grc' dir='ltr'>αὐτοῦ</span> <span class='ocrx_word' id='word_1_744' title='bbox 3037 4571 3218 4640; x_wconf 77' lang='grc' dir='ltr'>ὄρεσιν</span> <span class='ocrx_word' id='word_1_745' title='bbox 3249 4566 3369 4624; x_wconf 87' lang='grc' dir='ltr'>οὖσι</span> <span class='ocrx_word' id='word_1_746' title='bbox 3395 4571 3617 4642; x_wconf 77' lang='grc' dir='ltr'>χόρτον·</span> <span class='ocrx_word' id='word_1_747' title='bbox 3649 4570 3697 4621; x_wconf 73' lang='grc' dir='ltr'>ὃν</span> 
     </span>
    </p>
   </div>
   <div class='ocr_carea' id='block_1_95' title="bbox 450 4658 2027 4766">
    <p class='ocr_par' dir='ltr' id='par_1_95' title="bbox 450 4660 2026 4736">
     <span class='ocr_line' id='line_1_95' title="bbox 450 4660 2026 4736; baseline 0.005 -23"><span class='ocrx_word' id='word_1_748' title='bbox 450 4660 524 4713; x_wconf 89' lang='lat' dir='ltr'><strong>cit</strong></span> <span class='ocrx_word' id='word_1_749' title='bbox 573 4669 752 4716; x_wconf 88' lang='lat' dir='ltr'><strong>autem</strong></span> <span class='ocrx_word' id='word_1_750' title='bbox 801 4661 858 4716; x_wconf 91' lang='lat' dir='ltr'><strong>in</strong></span> <span class='ocrx_word' id='word_1_751' title='bbox 916 4662 1005 4719; x_wconf 90' lang='lat' dir='ltr'><strong>his</strong></span> <span class='ocrx_word' id='word_1_752' title='bbox 1069 4665 1582 4734; x_wconf 87' lang='lat' dir='ltr'><strong>supernaturalibus</strong></span> <span class='ocrx_word' id='word_1_753' title='bbox 1630 4665 2026 4736; x_wconf 83' lang='lat' dir='ltr'><strong>altissimisque</strong></span> 
     </span>
    </p>
   </div>
   <div class='ocr_carea' id='block_1_96' title="bbox 2131 4658 3696 4766">
    <p class='ocr_par' dir='ltr' id='par_1_96' title="bbox 2131 4658 3696 4737">
     <span class='ocr_line' id='line_1_96' title="bbox 2131 4658 3696 4737; baseline -0.004 -18"><span class='ocrx_word' id='word_1_754' title='bbox 2131 4665 2389 4737; x_wconf 82' lang='grc' dir='ltr'>φέρεσθαι</span> <span class='ocrx_word' id='word_1_755' title='bbox 2420 4664 2623 4736; x_wconf 74' lang='grc' dir='ltr'>τροφὴν</span> <span class='ocrx_word' id='word_1_756' title='bbox 2653 4658 2754 4716; x_wconf 81' lang='grc' dir='ltr'>οἷοί</span> <span class='ocrx_word' id='word_1_757' title='bbox 2779 4664 2841 4717; x_wconf 90' lang='grc' dir='ltr'><strong>τέ</strong></span> <span class='ocrx_word' id='word_1_758' title='bbox 2869 4666 3006 4718; x_wconf 80' lang='grc' dir='ltr'>εἰσιν</span> <span class='ocrx_word' id='word_1_759' title='bbox 3033 4665 3083 4716; x_wconf 89' lang='grc' dir='ltr'>οἱ</span> <span class='ocrx_word' id='word_1_760' title='bbox 3117 4661 3631 4733; x_wconf 80' lang='grc' dir='ltr'>ἀλογώτεροι.⁹Εστι</span> <span class='ocrx_word' id='word_1_761' title='bbox 3649 4662 3696 4714; x_wconf 75' lang='grc' dir='ltr'>δὲ</span> 
     </span>
    </p>
   </div>
   <div class='ocr_carea' id='block_1_97' title="bbox 449 4753 2022 4828">
    <p class='ocr_par' dir='ltr' id='par_1_97' title="bbox 449 4753 2022 4828">
     <span class='ocr_line' id='line_1_97' title="bbox 449 4753 2022 4828; baseline 0.004 -22"><span class='ocrx_word' id='word_1_762' title='bbox 449 4753 796 4808; x_wconf 89' lang='lat' dir='ltr'><strong>sermonibus</strong></span> <span class='ocrx_word' id='word_1_763' title='bbox 853 4755 988 4820; x_wconf 87' lang='lat' dir='ltr'><strong>suis,</strong></span> <span class='ocrx_word' id='word_1_764' title='bbox 1030 4757 1124 4826; x_wconf 92' lang='lat' dir='ltr'><strong>qui</strong></span> <span class='ocrx_word' id='word_1_765' title='bbox 1154 4763 1368 4813; x_wconf 90' lang='lat' dir='ltr'><strong>montes</strong></span> <span class='ocrx_word' id='word_1_766' title='bbox 1409 4766 1558 4823; x_wconf 89' lang='lat' dir='ltr'><strong>sunt,</strong></span> <span class='ocrx_word' id='word_1_767' title='bbox 1591 4756 1774 4814; x_wconf 77' lang='lat' dir='ltr'><strong>fenum</strong></span> <span class='ocrx_word' id='word_1_768' title='bbox 1811 4776 1822 4811; x_wconf 94' lang='lat'>:</span> <span class='ocrx_word' id='word_1_769' title='bbox 1862 4774 2022 4828; x_wconf 90' lang='lat' dir='ltr'><strong>quem</strong></span> 
     </span>
    </p>
   </div>
   <div class='ocr_carea' id='block_1_98' title="bbox 448 4843 2020 4907">
    <p class='ocr_par' dir='ltr' id='par_1_98' title="bbox 448 4843 2020 4907">
     <span class='ocr_line' id='line_1_98' title="bbox 448 4843 2020 4907; baseline 0.006 -10"><span class='ocrx_word' id='word_1_770' title='bbox 448 4843 633 4898; x_wconf 89' lang='lat' dir='ltr'><strong>cibum</strong></span> <span class='ocrx_word' id='word_1_771' title='bbox 681 4845 1176 4905; x_wconf 77' lang='lat' dir='ltr'><strong>irrationabiliores</strong></span> <span class='ocrx_word' id='word_1_772' title='bbox 1232 4848 1378 4906; x_wconf 81' lang='lat' dir='ltr'><strong>ferre</strong></span> <span class='ocrx_word' id='word_1_773' title='bbox 1420 4851 1656 4906; x_wconf 90' lang='lat' dir='ltr'><strong>valeant.</strong></span> <span class='ocrx_word' id='word_1_774' title='bbox 1700 4850 1796 4906; x_wconf 86' lang='lat' dir='ltr'><strong>Est</strong></span> <span class='ocrx_word' id='word_1_775' title='bbox 1839 4861 2020 4907; x_wconf 87' lang='lat' dir='ltr'><strong>autem</strong></span> 
     </span>
    </p>
   </div>
   <div class='ocr_carea' id='block_1_99' title="bbox 449 4935 2026 5012">
    <p class='ocr_par' dir='ltr' id='par_1_99' title="bbox 449 4935 2026 5012">
     <span class='ocr_line' id='line_1_99' title="bbox 449 4935 2026 5012; baseline 0.005 -22"><span class='ocrx_word' id='word_1_776' title='bbox 449 4935 633 4991; x_wconf 83' lang='lat' dir='ltr'><strong>fenum</strong></span> <span class='ocrx_word' id='word_1_777' title='bbox 680 4937 736 4992; x_wconf 91' lang='lat' dir='ltr'><strong>in</strong></span> <span class='ocrx_word' id='word_1_778' title='bbox 764 4938 914 4993; x_wconf 88' lang='lat' dir='ltr'><strong>hisce</strong></span> <span class='ocrx_word' id='word_1_779' title='bbox 944 4941 1223 4998; x_wconf 89' lang='lat' dir='ltr'><strong>montibus</strong></span> <span class='ocrx_word' id='word_1_780' title='bbox 1253 4942 1513 5012; x_wconf 87' lang='lat' dir='ltr'><strong>positum,</strong></span> <span class='ocrx_word' id='word_1_781' title='bbox 1549 4958 1730 4998; x_wconf 79' lang='lat' dir='ltr'><strong>sermo</strong></span> <span class='ocrx_word' id='word_1_782' title='bbox 1757 4944 1824 4998; x_wconf 91' lang='lat' dir='ltr'><strong>de</strong></span> <span class='ocrx_word' id='word_1_783' title='bbox 1849 4945 2026 5000; x_wconf 85' lang='lat' dir='ltr'><strong>sensi-</strong></span> 
     </span>
    </p>
   </div>
   <div class='ocr_carea' id='block_1_100' title="bbox 448 5028 2024 5103">
    <p class='ocr_par' dir='ltr' id='par_1_100' title="bbox 448 5028 2024 5103">
     <span class='ocr_line' id='line_1_100' title="bbox 448 5028 2024 5103; baseline 0.005 -21"><span class='ocrx_word' id='word_1_784' title='bbox 448 5028 650 5084; x_wconf 91' lang='lat' dir='ltr'><strong>bilibus</strong></span> <span class='ocrx_word' id='word_1_785' title='bbox 679 5037 733 5086; x_wconf 91' lang='lat' dir='ltr'><strong>et</strong></span> <span class='ocrx_word' id='word_1_786' title='bbox 765 5031 942 5085; x_wconf 89' lang='lat' dir='ltr'><strong>littera</strong></span> <span class='ocrx_word' id='word_1_787' title='bbox 978 5029 1316 5103; x_wconf 75' lang='lat' dir='ltr'><strong>Scriptum;</strong></span> <span class='ocrx_word' id='word_1_788' title='bbox 1355 5033 1464 5089; x_wconf 93' lang='lat' dir='ltr'><strong>imo</strong></span> <span class='ocrx_word' id='word_1_789' title='bbox 1491 5033 1654 5089; x_wconf 92' lang='lat' dir='ltr'><strong>etiam</strong></span> <span class='ocrx_word' id='word_1_790' title='bbox 1685 5050 1867 5090; x_wconf 84' lang='lat' dir='ltr'><strong>sermo</strong></span> <span class='ocrx_word' id='word_1_791' title='bbox 1905 5050 2024 5090; x_wconf 92' lang='lat' dir='ltr'><strong>mo-</strong></span> 
     </span>
    </p>
   </div>
   <div class='ocr_carea' id='block_1_101' title="bbox 448 5119 2019 5197">
    <p class='ocr_par' dir='ltr' id='par_1_101' title="bbox 448 5119 2019 5197">
     <span class='ocr_line' id='line_1_101' title="bbox 448 5119 2019 5197; baseline 0.005 -21"><span class='ocrx_word' id='word_1_792' title='bbox 448 5119 604 5185; x_wconf 89' lang='lat' dir='ltr'><strong>ralis,</strong></span> <span class='ocrx_word' id='word_1_793' title='bbox 645 5137 805 5191; x_wconf 91' lang='lat' dir='ltr'><strong>quem</strong></span> <span class='ocrx_word' id='word_1_794' title='bbox 859 5123 1153 5180; x_wconf 81' lang='lat' dir='ltr'><strong>multitudo</strong></span> <span class='ocrx_word' id='word_1_795' title='bbox 1202 5141 1421 5196; x_wconf 90' lang='lat' dir='ltr'><strong>quoque</strong></span> <span class='ocrx_word' id='word_1_796' title='bbox 1469 5127 1750 5197; x_wconf 83' lang='lat' dir='ltr'><strong>percipere</strong></span> <span class='ocrx_word' id='word_1_797' title='bbox 1797 5126 2019 5184; x_wconf 89' lang='lat' dir='ltr'><strong>valebit.</strong></span> 
     </span>
    </p>
   </div>
   <div class='ocr_carea' id='block_1_102' title="bbox 2130 4753 3698 4828">
    <p class='ocr_par' dir='ltr' id='par_1_102' title="bbox 2130 4753 3698 4828">
     <span class='ocr_line' id='line_1_102' title="bbox 2130 4753 3698 4828; baseline -0.007 -15"><span class='ocrx_word' id='word_1_798' title='bbox 2130 4762 2158 4812; x_wconf 88' lang='lat'><strong>6</strong></span> <span class='ocrx_word' id='word_1_799' title='bbox 2190 4762 2246 4812; x_wconf 83' lang='grc' dir='ltr'>ὲν</span> <span class='ocrx_word' id='word_1_800' title='bbox 2275 4758 2480 4821; x_wconf 88' lang='grc' dir='ltr'>τούτοις</span> <span class='ocrx_word' id='word_1_801' title='bbox 2523 4760 2634 4820; x_wconf 87' lang='grc' dir='ltr'>τοῖς</span> <span class='ocrx_word' id='word_1_802' title='bbox 2675 4756 2826 4828; x_wconf 82' lang='grc' dir='ltr'>ὄρεσι</span> <span class='ocrx_word' id='word_1_803' title='bbox 2871 4756 3060 4826; x_wconf 90' lang='grc' dir='ltr'>χόρτος</span> <span class='ocrx_word' id='word_1_804' title='bbox 3086 4755 3114 4808; x_wconf 90' lang='lat'><strong>6</strong></span> <span class='ocrx_word' id='word_1_805' title='bbox 3140 4754 3268 4827; x_wconf 80' lang='grc' dir='ltr'>περὶ</span> <span class='ocrx_word' id='word_1_806' title='bbox 3302 4754 3414 4808; x_wconf 92' lang='grc' dir='ltr'><strong>τῶν</strong></span> <span class='ocrx_word' id='word_1_807' title='bbox 3443 4753 3698 4823; x_wconf 76' lang='grc' dir='ltr'>αἰσθητῶν</span> 
     </span>
    </p>
   </div>
   <div class='ocr_carea' id='block_1_103' title="bbox 2130 4843 3698 4921">
    <p class='ocr_par' dir='ltr' id='par_1_103' title="bbox 2130 4843 3698 4921">
     <span class='ocr_line' id='line_1_103' title="bbox 2130 4843 3698 4921; baseline -0.004 -17"><span class='ocrx_word' id='word_1_808' title='bbox 2130 4850 2286 4919; x_wconf 88' lang='grc' dir='ltr'>λόγος</span> <span class='ocrx_word' id='word_1_809' title='bbox 2314 4851 2406 4904; x_wconf 73' lang='grc' dir='ltr'><strong>καὶ</strong></span> <span class='ocrx_word' id='word_1_810' title='bbox 2431 4849 2492 4902; x_wconf 84' lang='grc' dir='ltr'>τὸ</span> <span class='ocrx_word' id='word_1_811' title='bbox 2519 4848 2753 4921; x_wconf 83' lang='grc' dir='ltr'>γράμμα</span> <span class='ocrx_word' id='word_1_812' title='bbox 2790 4847 2887 4915; x_wconf 81' lang='grc' dir='ltr'>τῆς</span> <span class='ocrx_word' id='word_1_813' title='bbox 2909 4846 3129 4918; x_wconf 78' lang='grc' dir='ltr'>Γραφῆς</span> <span class='ocrx_word' id='word_1_814' title='bbox 3149 4863 3162 4876; x_wconf 77' lang='grc'><em>’</em></span> <span class='ocrx_word' id='word_1_815' title='bbox 3190 4845 3325 4899; x_wconf 86' lang='grc' dir='ltr'><strong>ἀλλά</strong></span> <span class='ocrx_word' id='word_1_816' title='bbox 3353 4846 3451 4900; x_wconf 75' lang='grc' dir='ltr'>καὶ</span> <span class='ocrx_word' id='word_1_817' title='bbox 3471 4849 3500 4899; x_wconf 87' lang='grc' dir='ltr'>ὁ</span> <span class='ocrx_word' id='word_1_818' title='bbox 3521 4843 3698 4915; x_wconf 73' lang='grc' dir='ltr'><strong>ἠθικώ-</strong></span> 
     </span>
    </p>
   </div>
   <div class='ocr_carea' id='block_1_104' title="bbox 2129 4934 3696 5014">
    <p class='ocr_par' dir='ltr' id='par_1_104' title="bbox 2129 4934 3696 5014">
     <span class='ocr_line' id='line_1_104' title="bbox 2129 4934 3696 5014; baseline -0.004 -17"><span class='ocrx_word' id='word_1_819' title='bbox 2129 4960 2308 5014; x_wconf 90' lang='grc' dir='ltr'>τερος,</span> <span class='ocrx_word' id='word_1_820' title='bbox 2337 4934 2398 4995; x_wconf 75' lang='grc' dir='ltr'>οὗ</span> <span class='ocrx_word' id='word_1_821' title='bbox 2436 4939 2758 5012; x_wconf 78' lang='grc' dir='ltr'>μεταλαϐεῖν</span> <span class='ocrx_word' id='word_1_822' title='bbox 2785 4940 2878 4992; x_wconf 73' lang='grc' dir='ltr'>καὶ</span> <span class='ocrx_word' id='word_1_823' title='bbox 2907 4941 2956 4990; x_wconf 87' lang='grc' dir='ltr'>οἱ</span> <span class='ocrx_word' id='word_1_824' title='bbox 2987 4937 3168 4990; x_wconf 76' lang='grc' dir='ltr'>πολλοὶ</span> <span class='ocrx_word' id='word_1_825' title='bbox 3205 4937 3546 5008; x_wconf 78' lang='grc' dir='ltr'>δυνήσονται,</span> <span class='ocrx_word' id='word_1_826' title='bbox 3583 4939 3696 4991; x_wconf 65' lang='grc' dir='ltr'>ἐκέ·</span> 
     </span>
    </p>
   </div>
   <div class='ocr_carea' id='block_1_105' title="bbox 2132 5029 3696 5098">
    <p class='ocr_par' dir='ltr' id='par_1_105' title="bbox 2132 5029 3696 5098">
     <span class='ocr_line' id='line_1_105' title="bbox 2132 5029 3696 5098; baseline -0.006 -9"><span class='ocrx_word' id='word_1_827' title='bbox 2132 5051 2259 5090; x_wconf 84' lang='grc' dir='ltr'>στου</span> <span class='ocrx_word' id='word_1_828' title='bbox 2292 5032 2398 5085; x_wconf 91' lang='grc' dir='ltr'><strong>τῶν</strong></span> <span class='ocrx_word' id='word_1_829' title='bbox 2429 5031 2684 5085; x_wconf 82' lang='grc' dir='ltr'>τοιούτων</span> <span class='ocrx_word' id='word_1_830' title='bbox 2714 5029 2992 5098; x_wconf 78' lang='grc' dir='ltr'>λέγοντοςο</span> <span class='ocrx_word' id='word_1_831' title='bbox 3031 5029 3244 5095; x_wconf 80' lang='grc' dir='ltr'>Κύριος</span> <span class='ocrx_word' id='word_1_832' title='bbox 3273 5029 3572 5096; x_wconf 75' lang='grc' dir='ltr'>ποιμαίνει</span> <span class='ocrx_word' id='word_1_833' title='bbox 3611 5044 3696 5094; x_wconf 78' lang='grc' dir='ltr'><strong>με,</strong></span> 
     </span>
    </p>
   </div>
   <div class='ocr_carea' id='block_1_106' title="bbox 2129 5115 3701 5190">
    <p class='ocr_par' dir='ltr' id='par_1_106' title="bbox 2129 5115 3701 5190">
     <span class='ocr_line' id='line_1_106' title="bbox 2129 5115 3701 5190; baseline -0.007 -11"><span class='ocrx_word' id='word_1_834' title='bbox 2129 5125 2229 5180; x_wconf 74' lang='grc' dir='ltr'><strong>καί</strong></span> <span class='ocrx_word' id='word_1_835' title='bbox 2275 5122 2456 5177; x_wconf 80' lang='grc' dir='ltr'>οὐδέν</span> <span class='ocrx_word' id='word_1_836' title='bbox 2493 5138 2570 5190; x_wconf 81' lang='grc' dir='ltr'><strong>με</strong></span> <span class='ocrx_word' id='word_1_837' title='bbox 2614 5119 2976 5187; x_wconf 79' lang='grc' dir='ltr'>ύστερήσειο</span> <span class='ocrx_word' id='word_1_838' title='bbox 3016 5120 3101 5183; x_wconf 80' lang='grc' dir='ltr'>εὶς</span> <span class='ocrx_word' id='word_1_839' title='bbox 3139 5118 3324 5171; x_wconf 77' lang='grc' dir='ltr'>τόπον</span> <span class='ocrx_word' id='word_1_840' title='bbox 3355 5121 3550 5186; x_wconf 73' lang='grc' dir='ltr'>χλόης</span> <span class='ocrx_word' id='word_1_841' title='bbox 3587 5115 3701 5170; x_wconf 68' lang='grc' dir='ltr'>ἐκεῖ</span> 
     </span>
    </p>
   </div>
   <div class='ocr_carea' id='block_1_107' title="bbox 448 5210 2027 5287">
    <p class='ocr_par' dir='ltr' id='par_1_107' title="bbox 448 5210 2022 5285">
     <span class='ocr_line' id='line_1_107' title="bbox 448 5210 2022 5285; baseline 0.003 -19"><span class='ocrx_word' id='word_1_842' title='bbox 448 5210 759 5268; x_wconf 88' lang='lat' dir='ltr'><strong>dicentibus</strong></span> <span class='ocrx_word' id='word_1_843' title='bbox 817 5212 1072 5284; x_wconf 88' lang='lat' dir='ltr'><strong>singulis,</strong></span> <span class='ocrx_word' id='word_1_844' title='bbox 1125 5214 1385 5272; x_wconf 74' lang='lat' dir='ltr'><strong>Dominus</strong></span> <span class='ocrx_word' id='word_1_845' title='bbox 1430 5217 1601 5284; x_wconf 73' lang='lat' dir='ltr'><strong>pascit</strong></span> <span class='ocrx_word' id='word_1_846' title='bbox 1648 5233 1748 5285; x_wconf 84' lang='lat' dir='ltr'><strong>me,</strong></span> <span class='ocrx_word' id='word_1_847' title='bbox 1791 5227 1840 5271; x_wconf 80' lang='lat' dir='ltr'><strong>et</strong></span> <span class='ocrx_word' id='word_1_848' title='bbox 1889 5217 2022 5271; x_wconf 77' lang='lat' dir='ltr'><strong>nihil</strong></span> 
     </span>
    </p>
   </div>
   <div class='ocr_carea' id='block_1_108' title="bbox 2131 5210 3695 5287">
    <p class='ocr_par' dir='ltr' id='par_1_108' title="bbox 2131 5210 3695 5287">
     <span class='ocr_line' id='line_1_108' title="bbox 2131 5210 3695 5287; baseline -0.005 -17"><span class='ocrx_word' id='word_1_849' title='bbox 2131 5233 2199 5287; x_wconf 81' lang='grc' dir='ltr'><strong>με</strong></span> <span class='ocrx_word' id='word_1_850' title='bbox 2242 5214 2738 5283; x_wconf 77' lang='grc' dir='ltr'>κατεσκήνωσεν·</span> <span class='ocrx_word' id='word_1_851' title='bbox 2773 5212 2880 5266; x_wconf 77' lang='grc' dir='ltr'><strong>ἐπὶ.</strong></span> <span class='ocrx_word' id='word_1_852' title='bbox 2905 5211 3120 5277; x_wconf 83' lang='grc' dir='ltr'>ὕδατος</span> <span class='ocrx_word' id='word_1_853' title='bbox 3146 5211 3549 5276; x_wconf 81' lang='grc' dir='ltr'>ἀναπαύσεως</span> <span class='ocrx_word' id='word_1_854' title='bbox 3581 5210 3695 5274; x_wconf 82' lang='grc' dir='ltr'><strong>ὲξέ-</strong></span> 
     </span>
    </p>
   </div>
   <div class='ocr_carea' id='block_1_109' title="bbox 449 5303 2032 5379">
    <p class='ocr_par' dir='ltr' id='par_1_109' title="bbox 449 5303 2032 5379">
     <span class='ocr_line' id='line_1_109' title="bbox 449 5303 2032 5379; baseline 0.004 -22"><span class='ocrx_word' id='word_1_855' title='bbox 449 5305 578 5359; x_wconf 79' lang='lat' dir='ltr'><strong>mihi</strong></span> <span class='ocrx_word' id='word_1_856' title='bbox 608 5303 770 5360; x_wconf 75' lang='lat' dir='ltr'><strong>deerit</strong></span> <span class='ocrx_word' id='word_1_857' title='bbox 799 5321 818 5360; x_wconf 90' lang='lat'><strong><em>:</em></strong></span> <span class='ocrx_word' id='word_1_858' title='bbox 849 5306 906 5360; x_wconf 78' lang='lat' dir='ltr'><strong>in</strong></span> <span class='ocrx_word' id='word_1_859' title='bbox 935 5306 1048 5362; x_wconf 84' lang='lat' dir='ltr'><strong>loco</strong></span> <span class='ocrx_word' id='word_1_860' title='bbox 1083 5323 1294 5376; x_wconf 73' lang='lat' dir='ltr'><strong>pascua:</strong></span> <span class='ocrx_word' id='word_1_861' title='bbox 1335 5309 1409 5364; x_wconf 76' lang='lat' dir='ltr'><strong>ibi</strong></span> <span class='ocrx_word' id='word_1_862' title='bbox 1438 5327 1518 5366; x_wconf 86' lang='lat' dir='ltr'><strong>me</strong></span> <span class='ocrx_word' id='word_1_863' title='bbox 1545 5311 1842 5375; x_wconf 81' lang='lat' dir='ltr'><strong>collocavit,</strong></span> <span class='ocrx_word' id='word_1_864' title='bbox 1874 5325 2032 5379; x_wconf 78' lang='lat' dir='ltr'><strong>super</strong></span> 
     </span>
    </p>
   </div>
   <div class='ocr_carea' id='block_1_110' title="bbox 449 5397 2028 5474">
    <p class='ocr_par' dir='ltr' id='par_1_110' title="bbox 449 5397 2028 5474">
     <span class='ocr_line' id='line_1_110' title="bbox 449 5397 2028 5474; baseline 0.007 -24"><span class='ocrx_word' id='word_1_865' title='bbox 449 5415 641 5468; x_wconf 82' lang='lat' dir='ltr'><strong>aquam</strong></span> <span class='ocrx_word' id='word_1_866' title='bbox 655 5397 950 5468; x_wconf 77' lang='lat' dir='ltr'><strong>refectionis</strong></span> <span class='ocrx_word' id='word_1_867' title='bbox 963 5399 1200 5455; x_wconf 81' lang='lat' dir='ltr'><strong>educavit</strong></span> <span class='ocrx_word' id='word_1_868' title='bbox 1221 5419 1299 5456; x_wconf 85' lang='lat' dir='ltr'><strong>me</strong></span> <span class='ocrx_word' id='word_1_869' title='bbox 1311 5401 1376 5455; x_wconf 83' lang='grc'><strong>³⁸.</strong></span> <span class='ocrx_word' id='word_1_870' title='bbox 1398 5401 1502 5469; x_wconf 89' lang='lat' dir='ltr'><strong>Qui</strong></span> <span class='ocrx_word' id='word_1_871' title='bbox 1516 5411 1697 5458; x_wconf 86' lang='lat' dir='ltr'><strong>autem</strong></span> <span class='ocrx_word' id='word_1_872' title='bbox 1717 5404 1786 5458; x_wconf 88' lang='lat' dir='ltr'><strong>hu</strong></span> <span class='ocrx_word' id='word_1_873' title='bbox 1789 5404 2028 5474; x_wconf 89' lang='lat' dir='ltr'><strong>jusmodi</strong></span> 
     </span>
    </p>
   </div>
   <div class='ocr_carea' id='block_1_111' title="bbox 452 5491 2030 5550">
    <p class='ocr_par' dir='ltr' id='par_1_111' title="bbox 452 5491 2030 5550">
     <span class='ocr_line' id='line_1_111' title="bbox 452 5491 2030 5550; baseline 0.006 -10"><span class='ocrx_word' id='word_1_874' title='bbox 452 5495 653 5542; x_wconf 88' lang='lat' dir='ltr'><strong>statum</strong></span> <span class='ocrx_word' id='word_1_875' title='bbox 694 5491 1153 5547; x_wconf 87' lang='lat' dir='ltr'><strong>transcenderunt</strong></span> <span class='ocrx_word' id='word_1_876' title='bbox 1185 5506 1309 5547; x_wconf 90' lang='lat' dir='ltr'><strong>cum</strong></span> <span class='ocrx_word' id='word_1_877' title='bbox 1335 5507 1445 5547; x_wconf 91' lang='lat' dir='ltr'><strong>non</strong></span> <span class='ocrx_word' id='word_1_878' title='bbox 1477 5493 1533 5548; x_wconf 93' lang='lat' dir='ltr'><strong>in</strong></span> <span class='ocrx_word' id='word_1_879' title='bbox 1565 5495 1830 5550; x_wconf 91' lang='lat' dir='ltr'><strong>servitute</strong></span> <span class='ocrx_word' id='word_1_880' title='bbox 1857 5495 2030 5550; x_wconf 86' lang='lat' dir='ltr'><strong>homi-</strong></span> 
     </span>
    </p>
   </div>
   <div class='ocr_carea' id='block_1_112' title="bbox 453 5583 2028 5659">
    <p class='ocr_par' dir='ltr' id='par_1_112' title="bbox 453 5583 2028 5659">
     <span class='ocr_line' id='line_1_112' title="bbox 453 5583 2028 5659; baseline 0.01 -29"><span class='ocrx_word' id='word_1_881' title='bbox 453 5592 584 5632; x_wconf 89' lang='lat' dir='ltr'><strong>num</strong></span> <span class='ocrx_word' id='word_1_882' title='bbox 627 5589 934 5646; x_wconf 84' lang='lat' dir='ltr'><strong>versentur,</strong></span> <span class='ocrx_word' id='word_1_883' title='bbox 961 5583 1054 5640; x_wconf 91' lang='lat' dir='ltr'><strong>sed</strong></span> <span class='ocrx_word' id='word_1_884' title='bbox 1099 5583 1350 5642; x_wconf 86' lang='lat' dir='ltr'><strong>homines</strong></span> <span class='ocrx_word' id='word_1_885' title='bbox 1385 5585 1512 5643; x_wconf 85' lang='lat' dir='ltr'><strong>facti</strong></span> <span class='ocrx_word' id='word_1_886' title='bbox 1542 5588 1676 5656; x_wconf 86' lang='lat' dir='ltr'><strong>sint,</strong></span> <span class='ocrx_word' id='word_1_887' title='bbox 1703 5587 1904 5659; x_wconf 84' lang='lat' dir='ltr'><strong>singuli</strong></span> <span class='ocrx_word' id='word_1_888' title='bbox 1925 5588 2028 5646; x_wconf 85' lang='lat' dir='ltr'><strong>ite-</strong></span> 
     </span>
    </p>
   </div>
   <div class='ocr_carea' id='block_1_113' title="bbox 529 5730 1134 5804">
    <p class='ocr_par' dir='ltr' id='par_1_113' title="bbox 529 5730 1134 5804">
     <span class='ocr_line' id='line_1_113' title="bbox 529 5730 1134 5804; baseline 0.013 -21"><span class='ocrx_word' id='word_1_889' title='bbox 529 5730 572 5762; x_wconf 76' lang='lat'><strong>&quot;</strong></span> <span class='ocrx_word' id='word_1_890' title='bbox 611 5730 754 5786; x_wconf 86' lang='lat' dir='ltr'><strong>Psal.</strong></span> <span class='ocrx_word' id='word_1_891' title='bbox 795 5749 938 5800; x_wconf 75' lang='lat' dir='ltr'><strong>un,</strong></span> <span class='ocrx_word' id='word_1_892' title='bbox 981 5737 1047 5804; x_wconf 81' lang='grc' dir='ltr'>Ι,</span> <span class='ocrx_word' id='word_1_893' title='bbox 1081 5738 1134 5791; x_wconf 74' lang='lat'><strong>2.</strong></span> 
     </span>
    </p>
   </div>
   <div class='ocr_carea' id='block_1_114' title="bbox 2133 5301 3693 5378">
    <p class='ocr_par' dir='ltr' id='par_1_114' title="bbox 2133 5301 3693 5378">
     <span class='ocr_line' id='line_1_114' title="bbox 2133 5301 3693 5378; baseline -0.007 -15"><span class='ocrx_word' id='word_1_894' title='bbox 2133 5307 2316 5377; x_wconf 75' lang='grc' dir='ltr'>θρεψέ</span> <span class='ocrx_word' id='word_1_895' title='bbox 2354 5325 2450 5376; x_wconf 81' lang='grc' dir='ltr'>με.</span> <span class='ocrx_word' id='word_1_896' title='bbox 2469 5305 2835 5378; x_wconf 84' lang='grc' dir='ltr'>Ὑπερϐἀντες</span> <span class='ocrx_word' id='word_1_897' title='bbox 2865 5303 2922 5357; x_wconf 85' lang='grc' dir='ltr'><strong>δέ</strong></span> <span class='ocrx_word' id='word_1_898' title='bbox 2966 5321 3096 5356; x_wconf 87' lang='grc' dir='ltr'>ποτε</span> <span class='ocrx_word' id='word_1_899' title='bbox 3127 5303 3226 5372; x_wconf 81' lang='grc' dir='ltr'>τὴν</span> <span class='ocrx_word' id='word_1_900' title='bbox 3251 5301 3508 5372; x_wconf 83' lang='grc' dir='ltr'>τοιαύτην</span> <span class='ocrx_word' id='word_1_901' title='bbox 3541 5301 3693 5354; x_wconf 69' lang='grc' dir='ltr'>κατὰ·</span> 
     </span>
    </p>
   </div>
   <div class='ocr_carea' id='block_1_115' title="bbox 2137 5391 3691 5468">
    <p class='ocr_par' dir='ltr' id='par_1_115' title="bbox 2137 5391 3691 5468">
     <span class='ocr_line' id='line_1_115' title="bbox 2137 5391 3691 5468; baseline -0.007 -14"><span class='ocrx_word' id='word_1_902' title='bbox 2137 5417 2343 5464; x_wconf 87' lang='grc' dir='ltr'>στασιν,</span> <span class='ocrx_word' id='word_1_903' title='bbox 2373 5397 2556 5452; x_wconf 80' lang='grc' dir='ltr'>οὐκέτι</span> <span class='ocrx_word' id='word_1_904' title='bbox 2589 5398 2648 5452; x_wconf 83' lang='grc' dir='ltr'>ὲν</span> <span class='ocrx_word' id='word_1_905' title='bbox 2676 5396 2886 5468; x_wconf 83' lang='grc' dir='ltr'>δουλείᾳ</span> <span class='ocrx_word' id='word_1_906' title='bbox 2919 5394 3026 5450; x_wconf 90' lang='grc' dir='ltr'><strong>τῶν</strong></span> <span class='ocrx_word' id='word_1_907' title='bbox 3055 5393 3359 5464; x_wconf 79' lang='grc' dir='ltr'>ἀνθρώπων</span> <span class='ocrx_word' id='word_1_908' title='bbox 3387 5393 3560 5456; x_wconf 84' lang='grc' dir='ltr'>ὄντες,</span> <span class='ocrx_word' id='word_1_909' title='bbox 3595 5391 3691 5445; x_wconf 76' lang='grc' dir='ltr'>ἀλλ’</span> 
     </span>
    </p>
   </div>
   <div class='ocr_carea' id='block_1_116' title="bbox 2079 5483 3689 5566">
    <p class='ocr_par' dir='ltr' id='par_1_116' title="bbox 2079 5483 3689 5566">
     <span class='ocr_line' id='line_1_116' title="bbox 2079 5483 3689 5566; baseline -0.009 -18"><span class='ocrx_word' id='word_1_910' title='bbox 2079 5517 2094 5534; x_wconf 80' lang='grc' dir='ltr'><strong><em>ο</em></strong></span> <span class='ocrx_word' id='word_1_911' title='bbox 2133 5492 2228 5547; x_wconf 80' lang='grc' dir='ltr'>ἄνθ</span> <span class='ocrx_word' id='word_1_912' title='bbox 2239 5509 2406 5566; x_wconf 87' lang='grc' dir='ltr'>ρωποι</span> <span class='ocrx_word' id='word_1_913' title='bbox 2435 5489 2809 5562; x_wconf 89' lang='grc' dir='ltr'>γεγενημένοι,</span> <span class='ocrx_word' id='word_1_914' title='bbox 2834 5486 3016 5558; x_wconf 86' lang='grc' dir='ltr'>ὲροῦσι</span> <span class='ocrx_word' id='word_1_915' title='bbox 3045 5485 3205 5540; x_wconf 81' lang='grc' dir='ltr'>πάλιν</span> <span class='ocrx_word' id='word_1_916' title='bbox 3229 5485 3461 5548; x_wconf 74' lang='grc' dir='ltr'>ἕκαστος</span> <span class='ocrx_word' id='word_1_917' title='bbox 3478 5503 3491 5514; x_wconf 90' lang='grc'>·</span> <span class='ocrx_word' id='word_1_918' title='bbox 3537 5483 3689 5538; x_wconf 67' lang='grc' dir='ltr'>’Περί-</span> 
     </span>
    </p>
   </div>
   <div class='ocr_carea' id='block_1_117' title="bbox 2128 5577 3689 5661">
    <p class='ocr_par' dir='ltr' id='par_1_117' title="bbox 2128 5577 3689 5661">
     <span class='ocr_line' id='line_1_117' title="bbox 2128 5577 3689 5661; baseline -0.008 -20"><span class='ocrx_word' id='word_1_919' title='bbox 2128 5601 2331 5661; x_wconf 79' lang='grc' dir='ltr'>μασας</span> <span class='ocrx_word' id='word_1_920' title='bbox 2352 5583 2607 5640; x_wconf 72' lang='grc' dir='ltr'>ἐνώπιόν</span> <span class='ocrx_word' id='word_1_921' title='bbox 2631 5599 2750 5654; x_wconf 81' lang='grc' dir='ltr'><strong>μου</strong></span> <span class='ocrx_word' id='word_1_922' title='bbox 2779 5578 3066 5651; x_wconf 79' lang='grc' dir='ltr'>τράπεζαν</span> <span class='ocrx_word' id='word_1_923' title='bbox 3086 5577 3439 5644; x_wconf 75' lang='grc' dir='ltr'>ἐξεναντίας</span> <span class='ocrx_word' id='word_1_924' title='bbox 3461 5577 3575 5630; x_wconf 76' lang='grc' dir='ltr'>τῶν</span> <span class='ocrx_word' id='word_1_925' title='bbox 3591 5578 3689 5630; x_wconf 67' lang='lat'><strong>8.1:-</strong></span> 
     </span>
    </p>
   </div>
  </div>
