3868 6282
180 364 319 421 1277
1191 353 1195 357 ’
1311 349 1820 416 COMMENTARIA
1861 358 1928 414 ΙΝ
1967 357 2306 415 PSALMOS.
3290 360 3430 418 1278

176 486 407 538 δόντων
429 497 504 550 με
522 497 535 510 ·
565 479 857 546 ἐλίπανας
879 480 949 532 ἐν
978 479 1158 544 ἐλαίῳ
1179 477 1292 546 τὴν
1321 477 1592 547 κεφαλήν
1614 496 1754 548 μου,

1881 494 1981 531 ’11111
2009 477 2193 532 dicent
2241 496 2254 532 :
2294 475 2514 531 Parasti
2539 477 2593 531 in
2627 487 2900 547 conspectu
2935 495 3046 533 meo
3085 494 3316 532 mensam
3341 479 3436 533 ad-

125 593 128 596 '
175 575 271 628 καὶ
307 573 376 626 τὸ
403 570 688 638 ποτήριόν
705 590 823 640 μου
848 571 1157 640 μεθύσκον
1175 571 1254 635 ὠς
1284 569 1627 637 κράτιστον.
1644 569 1754 621 Καὶ

1881 584 2040 622 versus
2071 584 2157 622 eos
2185 569 2274 637 qui
2305 565 2561 620 tribulnnt
2600 584 2716 632 me;
2752 569 3094 639 impinguasti
3128 571 3182 622 in
3212 571 3324 623 oleo
3348 585 3435 624 ca-

175 669 241 722 τὸ
276 667 455 730 ἔλεός
479 680 594 719 σου
625 662 1050 726 καταδιώξεταί
1073 679 1150 730 με
1175 661 1376 726 πάσας
1400 662 1504 725 τὰς
1536 659 1758 728 ἡμέρας

1881 669 1953 712 mt
1987 675 2176 723 meum,
2212 668 2261 712 et
2297 658 2438 712 calix
2469 675 2612 713 meus
2636 661 2922 726 inebrians,
2959 678 3118 731 quam
3143 663 3433 730 prwclarus

175 755 288 823 τῆς
314 753 467 821 ζωῆς
483 771 621 821 μου,
644 753 741 806 καὶ
769 752 832 805 τὸ
861 751 1158 804 κατοικεῖν
1182 768 1258 820 με
1282 752 1350 804 ἐν
1374 751 1515 814 οἴκῳ
1538 750 1758 818 Κυρίου

1881 757 1958 804 rst.
2006 749 2074 805 Et
2117 749 2482 804 misericordia
2543 760 2634 803 tua
2693 751 3032 822 subseqnetur
3065 769 3144 806 me
3193 751 3434 806 omnibus

177 849 263 911 εἰς
283 861 444 914 ,ιιακρ
453 847 632 909 ότητα
661 839 913 911 ἡμερῶν.

255 1021 366 1074 Τοῦ
433 1019 747 1089 ἐξαγαγεῖν
808 1021 984 1088 ἄρτον
1025 1021 1092 1072 ἐκ
1131 1018 1241 1086 τῆς
1284 1018 1414 1088 γῆς,
1464 1019 1562 1072 καὶ
1599 1014 1761 1082 οἶνος

179 1113 488 1180 εὐφραίνει
526 1112 775 1180 καρδίαν
811 1111 1122 1180 ἀνθρώπου
1142 1129 1156 1142 ο
1177 1112 1281 1165 τοῦ
1315 1111 1589 1179 ίλαρῦναι
1621 1111 1761 1175 πρό-

181 1220 392 1259 σωπον
442 1204 512 1258 ὲν
559 1204 758 1271 ἐλαίῳ,
803 1205 902 1257 καὶ
933 1204 1110 1272 ἄρτος
1157 1203 1405 1272 καρδίαν
1449 1202 1761 1271 ἀνθρώπου

181 1295 461 1365 στηρίξει.
495 1297 677 1362 Ἀξιον
717 1296 950 1350 ἐνταῦθα
983 1295 1214 1367 ζητῆσαι
1247 1297 1390 1359 τίνος
1411 1296 1566 1368 χάριν
1596 1293 1764 1348 εἰπὼν

182 1391 210 1441 ὁ
239 1387 424 1451 Δαυῖδ,
451 1390 478 1440 ό
507 1388 871 1453 ὲξανατέλλων
932 1388 1125 1459 χόρτον
1171 1389 1282 1451 τοῖς
1317 1389 1591 1458 κτήνεσιν,
1630 1387 1766 1456 ἐπή-

183 1501 353 1553 γαγεο
393 1484 506 1538 Τοῦ
549 1483 862 1554 ἐξαγαγεῖν
889 1483 1070 1551 ἄρτον
1096 1485 1164 1537 ἐκ
1209 1482 1318 1551 τῆς
1359 1481 1492 1552 γῆς,
1535 1480 1643 1535 ἀπὸ
1671 1479 1764 1533 τοῦ

186 1577 334 1630 σίτου
373 1576 575 1648 δηλαδὴ
607 1575 1170 1646 κατασκευαζόμενον.
1203 1575 1267 1627 Τί
1295 1574 1424 1626 ποτέ
1451 1575 1600 1626 ὲστιν
1631 1573 1768 1641 ὅπερ

184 1669 494 1733 αἰνίξασθαι
542 1669 818 1739 βούλεται;
873 1670 993 1722 ’Ότι
1045 1668 1105 1720 τὸ
1159 1666 1290 1720 αὐτὸ
1346 1665 1568 1737 σπέρμα
1612 1666 1766 1732 κοινὴ

185 1761 396 1831 γίνεται
429 1761 597 1832 ἐδωδὴ
649 1762 743 1815 καὶ
773 1761 988 1830 ἀλόγοις
1017 1761 1117 1814 καὶ·
1150 1757 1475 1831 ἀνθρώποις,
1518 1757 1577 1810 οὐ
1627 1754 1767 1810 κατά

1865 841 2046 896 diebus
2087 845 2206 897 vitm
2235 859 2384 906 mete,
2414 851 2461 895 et
2491 850 2545 895 ut
2570 841 2854 898 inhabilem
2875 846 2928 898 in
2955 845 3109 899 domo
3138 845 3352 902 Domini
3380 845 3435 897 in

1863 934 2238 1003 longitudinem
2273 935 2475 988 dierum
2490 937 2554 988 ³⁸³.

1942 1025 2009 1079 Ut
2044 1025 2235 1081 educas
2263 1042 2453 1095 panem
2483 1026 2546 1080 de
2586 1035 2749 1092 terra,
2783 1036 2833 1081 et
2871 1028 3046 1082 vinum
3083 1031 3318 1100 twtiﬁcat
3346 1051 3438 1088 cor

1867 1115 2133 1179 hominis;
2159 1124 2216 1168 ut
2246 1115 2503 1169 exhilaret
2533 1115 2724 1183 [aciem
2755 1117 2809 1170 in
2837 1117 2970 1182 oleo,
2995 1127 3042 1171 et
3066 1122 3216 1188 panis
3239 1139 3328 1175 cor
3352 1124 3438 1176 ho-

1866 1206 2030 1259 minis
2063 1208 2364 1276 conﬁrmat.
2397 1206 2498 1262 Hic
2533 1214 2840 1276 opportune
2882 1220 3180 1280 quaeratur,
3218 1229 3321 1282 qua
3365 1213 3432 1267 de

1866 1311 2034 1352 causa
2069 1314 2194 1352 cum
2225 1299 2458 1355 dixisset
2517 1299 2685 1354 David
2720 1321 2732 1356 :
2769 1299 3072 1354 Producens
3127 1301 3302 1370 fenum
3350 1303 3440 1368 iu-

1871 1391 2059 1444 mentis
2085 1405 2104 1453 ,'
2136 1391 2502 1460 subjunxerit.
2535 1391 2603 1446 Ut
2639 1391 2832 1446 educas
2864 1410 3051 1457 panem
3075 1393 3138 1448 de
3183 1405 3342 1459 terra,
3374 1411 3442 1450 ex

1869 1485 2146 1542 frumento
2178 1502 2373 1558 nempe
2403 1488 2735 1542 confectum.
2771 1487 2910 1554 Quid
2945 1497 3124 1545 autem
3159 1498 3246 1546 est
3297 1492 3444 1560 quod

1869 1578 2160 1633 insinuare
2211 1577 2365 1630 vult?
2399 1576 2544 1632 Idem
2603 1579 2815 1634 scilicet
2865 1594 3051 1635 semen
3099 1597 3442 1637 communem

1869 1684 2052 1726 escam
2082 1683 2204 1724 esse
2232 1677 2345 1722 tam
2385 1669 2563 1726 brutis
2617 1685 2778 1739 quam
2813 1671 3146 1741 hominibus,
3182 1673 3276 1728 sed
3333 1689 3443 1730 non

1873 1763 2061 1818 eadem
2093 1763 2324 1818 ratione.
2360 1762 2538 1830 Atque
2575 1763 2708 1816 illud
2758 1762 2853 1818 Dei
2885 1764 3166 1833 sapientia:
3211 1763 3336 1818 fuit.
3379 1765 3446 1819 Et

185 1830 248 1906 τὸ
275 1853 430 1906 αὐτό.
474 1830 596 1906 Kal
613 1852 769 1906 τοῦτο
801 1853 857 1906 δὲ
888 1853 989 1923 τῆς
1020 1852 1114 1906 τοῦ
1151 1830 1284 1905 Θεοῦ
1318 1851 1527 1920 σοφίας.
1566 1848 1763 1902 Σκόπει

1881 1869 2007 1909 vero
2030 1854 2082 1908 id
2115 1851 2522 1907 animadvertas
2552 1853 2748 1907 velim:
2781 1853 3057 1922 spargitur
3086 1852 3443 1919 frumentum,

185 1945 272 1996 δέ·
318 1944 734 1999 Καταϐάλλεται
781 1947 948 2008 σῖτος,
1002 1945 1138 2008 τέως
1174 1943 1273 2015 μὲν
1320 1943 1622 2016 ἀνθρώπιον
1654 1945 1769 1997 ἐστὶ

186 2035 360 2106 τροφὴ
409 2037 598 2106 μόνον·
641 2035 860 2089 ἐπειδὰν
901 2036 958 2088 δὲ
993 2035 1287 2108 βλαστάνῃ,
1319 2036 1492 2090 ἄνεισι
1533 2037 1628 2090 καὶ
1671 2034 1770 2106 τὴν

186 2128 294 2181 τῶν
319 2128 534 2198 ἀλόγων
563 2128 699 2198 ἔχων
733 2132 960 2201 τροφήν.
997 2131 1206 2201 Ὠσπερ
1238 2129 1347 2201 γάρ
1379 2130 1514 2183 αὐτὸ
1543 2130 1602 2182 τὸ
1633 2126 1770 2184 εἶναι

188 2219 250 2272 δι’
282 2222 430 2289 ἡμᾶς
463 2220 620 2273 ἔλαϐε
653 2221 720 2274 τὰ
756 2220 889 2286 ζῶα,
919 2219 1060 2274 οὓτω
1094 2221 1188 2274 καὶ
1218 2223 1250 2291 ὴ
1282 2220 1455 2292 τροφὴ
1501 2220 1681 2274 αὐτῶν
1707 2222 1772 2273 ἐκ

191 2315 286 2384 τῆς
313 2315 592 2386 ἡμετέρας
634 2316 839 2386 τροφῆς
869 2315 979 2386 ἔχει
1011 2315 1110 2386 τὴν
1152 2316 1344 2386 ἀρχὴν·
1393 2315 1457 2367 Ἦ
1487 2314 1596 2386 γὰρ
1641 2313 1770 2385 χλόη

189 2403 277 2456 διὰ
307 2405 468 2456 τοῦτο
499 2405 926 2475 προηγουμένως
955 2404 1198 2473 γέγονεν,
1236 2405 1322 2456 ἴνα
1367 2403 1458 2457 τὸν
1483 2406 1628 2457 σῖτον
1654 2404 1770 2456 δια-

189 2499 349 2567 τηρῇ.
382 2491 540 2559 Εἶδες
571 2491 663 2548 οὖν
689 2495 760 2548 τά
789 2495 958 2563 ἄλογα
986 2497 1047 2548 οὐ
1085 2495 1244 2566 μόνον
1268 2497 1400 2565 ἡμῖν
1431 2493 1768 2559 δουλεύοντα,

194 2586 324 2639 ἀλλὰ
349 2587 445 2638 καὶ
472 2585 571 2656 τὴν
603 2585 807 2657 τροφὴν
841 2587 947 2641 τῶν
977 2587 1184 2654 ἀλόγων
1215 2587 1282 2656 τῇ
1318 2585 1565 2657 ἡμετέρᾳ
1597 2589 1770 2658 τροφῇ

193 2677 664 2749 ὑπηρετουμένην,
705 2678 800 2730 καὶ
831 2679 897 2749 τῇ
933 2679 1085 2744 τάξει
1137 2677 1298 2732 πάλιν
1344 2678 1404 2730 τὸ
1451 2677 1580 2731 αὐτὸ
1617 2677 1774 2732 τοῦτο

198 2767 560 2838 μιμουμένην.
597 2769 808 2838 Ὥσπερ
838 2769 943 2838 γάρ
988 2767 1251 2839 πρότερον
1291 2767 1480 2836 ἄλογα,
1517 2767 1611 2821 καὶ
1650 2769 1772 2821 τότε

193 2858 501 2930 ἄνθρωπος,
535 2859 722 2930 ἐπειδὴ
755 2859 840 2912 διά
871 2859 960 2912 τὸν
990 2859 1273 2930 ἄνθρωπον
1301 2859 1372 2913 τά
1398 2860 1598 2927 ἀλογαο
1634 2859 1774 2912 οὕτω

195 2951 284 3003 καὶ
304 2951 528 3022 πρῶτον
546 2951 697 3022 χλόη.
719 2951 814 3003 καὶ
835 2951 954 3003 τότε
982 2954 1123 3013 σῖτος
1152 2952 1209 3003 ἐν
1235 2953 1301 3022 τῇ
1333 2950 1557 3023 βλάστῃ,
1586 2951 1772 3021 ἐπειδὴ

195 3043 280 3094 διὰ
305 3043 396 3096 τὸν
431 3045 576 3097 σῖτον
606 3045 640 3115 ή
671 3043 820 3115 χλόη.
855 3042 963 3098 Καὶ
994 3040 1157 3109 οἶνος
1188 3044 1494 3112 εὐφραίνει
1524 3043 1776 3110 καρδίαν

197 3133 530 3203 ἀνθρώπου.
562 3135 640 3189 Οὐ
685 3137 814 3199 πᾶς,
841 3135 874 3206 ἢ
910 3135 1070 3206 μόνος
1110 3137 1139 3188 ό
1168 3134 1266 3205 τὴν
1307 3135 1518 3202 γένεσιν
1546 3133 1684 3204 έχων
1712 3135 1782 3188 ὲκ.

195 3224 286 3276 τοῦ
331 3227 611 3290 εἰπόντος·
674 3226 820 3297 Ἐγώ
850 3228 966 3296 ειμι
1015 3227 1054 3295 ὴ
1101 3224 1368 3295 ἄμπελος
1409 3227 1448 3294 ἠ
1495 3223 1771 3293 ἀληθινή.

209 3317 342 3372 Ἀλλ’
383 3321 511 3373 ἐπεὶ
541 3321 612 3374 τά
655 3320 890 3392 αἰσθητά
918 3320 1098 3374 πάντα
1123 3319 1196 3389 γῆ
1224 3319 1312 3373 διὰ
1343 3319 1404 3372 τὸ
1439 3319 1619 3373 ὑλικὸν
1658 3320 1776 3373 ὀνο-

201 3412 446 3481 μάζεται,
473 3415 553 3476 εἰς
576 3413 762 3466 τοῦτον
783 3413 839 3466 δὲ
861 3412 1044 3466 λαϐεῖν
1066 3415 1182 3465 ἐστι
1205 3413 1361 3480 λόγον
1385 3412 1778 3476 ἀναϐιϐάζοντα

195 3506 282 3559 διά
307 3524 452 3571 τινος
485 3506 773 3575 ἀναλογίας
800 3509 891 3560 ἐπὶ
921 3507 989 3561 τά
1024 3506 1220 3578 νοητά·
1259 3505 1353 3557 καὶ
1382 3500 1534 3568 οὗτος
1566 3505 1595 3556 ὁ
1623 3505 1780 3572 λόγος

198 3599 358 3669 ἄρτος
388 3600 539 3651 ἐστὶν
568 3601 634 3652 ὲκ
677 3599 774 3669 τῆς
806 3600 908 3670 γῆς
953 3599 1302 3668 ἐξαγόμενος,
1336 3599 1428 3650 ἐπὶ
1462 3597 1523 3649 τὸ
1561 3597 1778 3667 τρέφειν

197 3688 288 3741 τὸν
322 3690 471 3742 ἔνδον
509 3691 604 3742 καὶ
647 3691 704 3742 ὲν
752 3689 982 3760 κρυπτῷ
1025 3689 1330 3762 ἄνθρωπον,
1373 3689 1470 3747 καὶ
1514 3688 1621 3741 ἀπὸ
1669 3687 1779 3741 τῶν

204 3780 534 3848 σωματικῶν
563 3779 620 3832 δὲ
647 3781 744 3850 τῆς
777 3781 994 3852 γραφῆς
1032 3779 1384 3850 διηγημάτων
1413 3779 1500 3832 διὰ
1526 3779 1594 3832 τὸ
1634 3781 1778 3832 ἱστο-

203 3872 348 3941 ρικὸν
385 3872 458 3943 γῆ
505 3873 810 3945 εἰρημένον.
849 3873 1045 3942 Ἀρτος
1084 3871 1408 3942 ἐξαγόμενος
1454 3872 1482 3923 ὁ
1520 3871 1781 3941 μυστικός

201 3964 312 4015 ἐστι
343 3963 520 4032 λόγος.
550 3963 684 4017 Τοῦ
712 3961 1061 4031 ἑξιλαρῦναι
1104 3962 1431 4030 πρόσωπον
1462 3961 1531 4014 ἐν
1575 3959 1777 4024 ἐλαίῳ,

202 4056 297 4108 καί
339 4057 520 4126 ἄρτος
558 4056 811 4124 καρδίαν
837 4054 1152 4124 ἀνθρώπου
1184 4053 1461 4122 στηρίξει.
1507 4053 1780 4126 Ἱλαρύνε-

202 4165 289 4201 ται
315 4151 370 4204 δὲ
405 4151 498 4203 καὶ
530 4148 879 4220 φαιδρύνεται
906 4148 966 4201 τὸ
999 4147 1286 4217 πρόσωπον
1316 4146 1409 4199 τοῦ
1442 4146 1548 4198 ἔσω
1573 4143 1782 4216 ἀνθρώ-

205 4257 304 4292 που
335 4241 502 4312 ὲλαίῳ
532 4240 612 4311 τῷ
648 4239 926 4312 θρεπτικῴ
955 4237 1047 4291 τοῦ
1085 4237 1229 4290 θείου
1256 4237 1451 4305 φωτὸς,
1484 4236 1579 4289 καὶ
1602 4234 1780 4288 λύοντι

203 4333 298 4398 τὰς
327 4335 514 4399 νόσους
541 4334 636 4388 καὶ
663 4334 789 4396 τοὺς
819 4333 1012 4395 πόνους
1039 4331 1138 4402 τῆς
1165 4331 1365 4402 ψυχῆς,
1399 4329 1610 4400 ἐπινοίᾳ
1645 4327 1779 4399 μόνῃ

208 4425 459 4500 διαφέρον
509 4423 604 4479 τοῦ
658 4425 1012 4488 ἀποδοθέντος
1053 4423 1218 4476 οἴνου.
1272 4423 1330 4476 Ὁ
1376 4421 1483 4492 γὰρ
1515 4419 1609 4473 τοῦ
1644 4418 1778 4472 Θεοῦ

1875 1956 2037 2018 atque
2063 1947 2332 2001 hactenus
2376 1946 2598 2016 quidem
2642 1945 2923 1999 hominum
2977 1952 3061 2000 est
3104 1945 3294 2012 cibus;
3321 1962 3446 2000 cum

1875 2049 2062 2097 autem
2093 2041 2498 2112 germinaverit,
2565 2041 2832 2110 exsurgit,
2877 2039 3163 2094 brutorum
3229 2055 3447 2110 quoque

1873 2133 2194 2187 alimentum
2227 2131 2536 2201 proferens.
2571 2129 3036 2196 Quemadmodum
3069 2133 3212 2186 enim
3239 2130 3448 2184 anima-

1872 2224 1946 2281 lia
1975 2223 2036 2277 id‘
2059 2223 2230 2276 nostri
2281 2235 2446 2276 causa
2503 2227 2834 2290 acceperunt
2865 2219 3009 2290 quod
3052 2221 3340 2285 exsistant,
3372 2219 3448 2273 ita

1874 2323 1929 2369 et
1957 2329 2084 2370 esca
2117 2314 2334 2367 illorum
2361 2328 2391 2366 a
2421 2320 2614 2366 nostra
2644 2312 2860 2366 initium
2893 2313 3076 2368 habet.
3111 2311 3244 2366 Nam
3279 2309 3448 2365 herba

1874 2409 2004 2464 ideo
2031 2399 2268 2462 maxime
2295 2406 2638 2478 producitur,
2676 2416 2737 2462 ut
2769 2407 3102 2461 frumentum
3135 2413 3444 2463 conservet.

1875 2500 2044 2556 Vides
2069 2500 2236 2570 igitur
2276 2515 2386 2554 non
2418 2500 2596 2555 solum
2629 2499 2791 2554 bruta
2839 2500 2997 2555 nobis
3044 2497 3318 2563 famulari,
3355 2514 3451 2554 ve-

1876 2609 1998 2647 rum
2029 2593 2192 2648 etiam
2227 2593 2410 2647 cibum
2460 2607 2652 2647 eorum
2684 2592 2807 2646 cibo
2854 2601 3044 2648 nostro
3099 2591 3336 2654 servire,
3366 2598 3450 2644 at—

1877 2701 1983 2756 que
2008 2685 2198 2740 eodem
2227 2684 2422 2740 ordine
2445 2692 2499 2740 et
2521 2684 2733 2739 ratione
2753 2685 2809 2738 id
2839 2685 3017 2755 ipsum
3048 2699 3227 2755 agere.
3254 2683 3454 2750 Quem-

1877 2775 2170 2830 admodum
2215 2775 2361 2829 enim
2399 2774 2553 2845 prius
2600 2773 2784 2840 bruta,
2834 2773 3031 2829 deinde
3081 2767 3264 2838 homo,
3319 2773 3446 2844 quia

1875 2872 2103 2936 propter
2135 2865 2411 2920 hominem
2469 2866 2666 2932 bruta;
2721 2865 2803 2920 sic
2865 2866 3044 2934 primo
3091 2865 3282 2929 herba,
3320 2878 3444 2917 mox

1878 2954 2213 3010 frumentum
2247 2957 2304 3009 in
2360 2955 2623 3024 germine,
2651 2955 2781 3024 quia
2837 2961 3062 3024 propter
3114 2953 3447 3008 frumentum

1876 3046 2068 3105 herba.
2105 3045 2175 3098 Et
2211 3047 2389 3100 vinum
2427 3045 2664 3115 (arti/ica:
2713 3061 2803 3100 cor
2843 3046 3068 3100 hominis
3104 3061 3121 3098 :
3151 3061 3258 3098 non
3293 3059 3454 3098 omne

1876 3137 2085 3204 vinum,
2113 3136 2209 3192 sed
2238 3137 2372 3192 illud
2394 3137 2569 3191 solum
2597 3137 2742 3207 quod
2771 3144 2951 3191 ortum
2972 3137 3139 3192 habet
3169 3136 3236 3190 ab
3257 3151 3322 3190 eo
3352 3135 3446 3204 qui

1878 3228 2048 3283 dicit:
2075 3227 2187 3300 Ego
2219 3245 2337 3284 sum
2366 3229 2488 3284 vitis
2515 3245 2636 3283 vera
2648 3229 2718 3283 ⁵ο.
2739 3229 2845 3284 Sed
2873 3230 3001 3300 quia
3025 3229 3247 3284 sensilia
3269 3229 3454 3282 omnia

1879 3323 1950 3377 ob
1980 3323 2268 3378 materiam
2321 3332 2466 3378 terra
2497 3329 2786 3388 vocantur,
2840 3330 3002 3393 atque
3055 3322 3122 3377 de
3168 3321 3260 3376 illo
3311 3320 3456 3374 acci-

1881 3415 2114 3486 piendus
2138 3431 2319 3471 sermo
2344 3426 2449 3482 est,
2482 3416 2574 3486 qui
2602 3415 2834 3485 quadam
2876 3415 3088 3470 ratione
3128 3421 3182 3468 et
3223 3429 3455 3484 propor-

1882 3507 2030 3562 tione
2057 3507 2124 3562 ad
2155 3507 2463 3578 spiritualia
2486 3508 2682 3562 deinde
2703 3508 2898 3577 erigit;
2930 3508 3017 3561 hic
3045 3523 3261 3577 quoque
3277 3521 3456 3560 sermo

1881 3598 2041 3666 panis
2071 3604 2156 3653 est
2184 3598 2251 3654 de
2273 3605 2418 3653 terra
2450 3597 2704 3661 eductus,
2741 3605 2802 3650 ut
2823 3597 3138 3652 interiorem
3167 3603 3221 3650 et
3271 3596 3456 3650 occul-

1883 3697 1999 3744 tum
2029 3691 2308 3745 hominem
2337 3692 2546 3746 nutriat
2577 3707 2591 3743 :
2627 3698 2790 3760 atque
2824 3705 2854 3743 a
2875 3690 3154 3759 corporeis
3207 3688 3456 3757 Scriptu-

1883 3797 1958 3836 ra:
1991 3781 2428 3846 narrationibus,
2463 3782 2534 3836 ob
2566 3781 2874 3835 naturalem
2902 3781 3140 3835 historia:
3160 3780 3452 3840 rationem,

1880 3882 2026 3928 terra
2064 3873 2288 3928 dicitur.
2338 3871 2504 3926 Panis
2538 3873 2739 3942 quippe
2781 3872 3035 3936 eductus,
3075 3877 3160 3926 est
3187 3870 3454 3940 mysticus

1882 3979 2085 4019 sermo.
2122 3963 2189 4016 Ut
2216 3963 2475 4016 exhilaret
2506 3963 2696 4031 faciem
2738 3962 2792 4016 in
2825 3962 2960 4027 oleo,
2991 3969 3041 4015 et
3065 3961 3219 4030 panis
3251 3977 3340 4014 cor
3362 3961 3456 4013 ho-

1881 4055 2038 4108 minis
2062 4055 2363 4124 conﬁrmat.
2386 4053 2736 4107 Exhilaratur
2755 4069 2922 4124 porro
2945 4069 3008 4108 ac
3033 4053 3338 4107 illustratur
3372 4054 3457 4104 in-

1883 4145 2102 4202 terioris
2135 4146 2376 4200 hominis
2406 4145 2575 4201 facies
2610 4147 2752 4210 oleo,
2786 4146 2931 4216 quod
2957 4145 3196 4199 divinam
3238 4145 3334 4198 alit
3372 4144 3450 4198 lu-

1882 4255 2026 4304 cem,
2053 4254 2116 4293 ac
2151 4239 2376 4293 morbos
2409 4239 2736 4310 laboresque
2772 4240 2968 4294 animae
3005 4239 3187 4303 solvit,
3232 4239 3457 4307 solaque

1888 4330 2226 4400 intelligendi
2280 4331 2496 4386 ratione
2523 4345 2553 4384 a
2585 4339 2893 4386 memorato
2939 4332 3068 4386 vino
3109 4329 3308 4384 differt.
3362 4330 3455 4383 Dei

1884 4421 2084 4492 quippe
2106 4421 2357 4483 verbum,
2392 4429 2450 4473 ut
2476 4420 2626 4483 vitis,
2662 4420 2738 4473 ita
2772 4428 2825 4473 et
2873 4418 3015 4472 oliva
3057 4427 3159 4472 est.
3195 4415 3329 4486 Ego,
3372 4416 3457 4469 in-

205 4517 359 4588 λόγος
387 4519 574 4590 ὥσπερ
603 4517 864 4588 ἄμπελος,
900 4515 1042 4570 οὕτω
1084 4516 1177 4568 καὶ
1206 4513 1363 4567 ὲλαία
1391 4512 1566 4566 ἐστίν’
1612 4511 1776 4581 Ἐγὼ,

1887 4515 2026 4583 quit,
2063 4513 2198 4566 sicut
2248 4511 2388 4565 oliva
2437 4511 2719 4581 fructifera
2767 4511 2823 4563 in
2888 4509 3042 4563 domo
3100 4507 3284 4562 Dei“.
3321 4506 3452 4561 Nam

208 4612 402 4680 φησὶν,
447 4611 592 4666 ὡσεὶ
642 4610 817 4664 ἐλαία
862 4606 1244 4675 κατάκαρπος
1269 4605 1338 4658 ἐν
1381 4603 1463 4669 τῷ
1497 4603 1640 4673 οἴκῳ
1671 4602 1778 4655 τοῦ

211 4700 374 4754 Θεοῦ.
423 4698 484 4753 Ἦ
515 4699 622 4771 γάρ
651 4697 814 4752 αὑτοῦ
847 4694 1162 4750 διδασκαλία
1187 4692 1328 4748 κατά
1359 4692 1613 4763 διάφορον
1657 4693 1779 4762 σχέ-

209 4806 289 4845 σιν
314 4789 454 4857 οἴνός
486 4811 544 4846 τε
577 4795 672 4847 καὶ
703 4791 876 4846 ἔλαιόν
904 4792 1018 4844 ἐστι
1043 4788 1135 4842 καὶ
1169 4787 1354 4860 ἄρτος.

274 4887 757 4956 Χορτασθήσεται
785 4885 860 4940 τὰ
892 4884 1049 4950 ξύλα
1080 4881 1187 4937 τοῦ
1218 4880 1448 4944 πεδίου,
1487 4881 1546 4932 αἱ
1579 4877 1777 4948 κέδροι

210 4982 313 5035 τοῦ
339 4981 594 5036 Λιϐάνου
622 4977 694 5045 ἅς
717 4979 1058 5046 ἐφύτευσας
1075 4992 1089 5006 °
1121 4973 1249 5029 ἐκεῖ
1263 4973 1549 5041 στρουθία
1568 4972 1779 5026 ἐννοσ-

210 5075 524 5128 σεύσουσι.
563 5071 673 5126 Τοῦ
705 5069 950 5138 ἐρωδιοῦ
998 5069 1038 5137 ἡ
1089 5068 1246 5121 οἰκία
1277 5065 1503 5137 ἡγεῖται
1551 5065 1775 5120 αὐτῶν·

215 5166 318 5236 ὄρη
345 5168 414 5222 τὰ
446 5164 656 5236 ὑψηλὰ
679 5163 808 5230 ταῖς
828 5161 1095 5230 ἐλάφοις,
1119 5159 1303 5228 πέτρα
1322 5155 1634 5226 καταφυγὴ
1657 5155 1780 5221 τοῖς

215 5259 706 5331 χοιροιῃρυλλίοις.
757 5255 816 5309 '0
857 5253 1106 5325 Ἐϐραῖος
1163 5251 1258 5305 καὶ
1305 5252 1354 5304 οἰ
1396 5249 1592 5316 λοιποὶ,
1629 5247 1784 5312 ξύλα

217 5351 318 5405 τοῦ
369 5353 626 5420 Κυρίου,
675 5346 972 5401 τεθείκασι.
1019 5341 1314 5408 Διεξελθὼν
1364 5340 1432 5394 τὰ
1486 5339 1780 5411 κάρπιμα,

219 5441 526 5510 ἀναγκαίως
559 5437 881 5511 μνημονεύει
929 5435 1022 5489 καὶ
1051 5434 1160 5487 τῶν
1188 5434 1470 5507 ἀκάρπων,
1501 5433 1577 5496 ὡς
1621 5431 1786 5499 ἀναγ-

221 5530 376 5585 καίαν
427 5531 734 5602 ἀνθρώποις
785 5529 880 5582 καὶ
932 5525 1112 5580 αὐτῶν
1167 5525 1512 5596 παρεχόντων
1573 5521 1782 5593 χρείαν.

222 5625 316 5680 Διά
341 5625 496 5680 τοῦτο
523 5625 617 5677 καὶ
641 5621 846 5693 Κυρίου
888 5619 1028 5674 αὐτά
1057 5616 1511 5690 προσηγόρευσεν,
1534 5614 1610 5678 ὼς
1631 5614 1788 5666 αὐτο.

289 5781 334 5814 ⁸³
362 5780 504 5836 Psal.
537 5795 667 5846 χχιι,
703 5779 816 5833 5-7.
892 5778 936 5810 ⁵ο
974 5773 1129 5831 Joan.
1169 5789 1253 5841 xv,
1293 5775 1340 5828 Ι.
1417 5774 1459 5805 δ’
1498 5771 1642 5828 Psal.
1679 5785 1754 5836 LI,
1788 5767 1874 5825 10.

1889 4605 2010 4675 ejus
2040 4603 2290 4659 doctrina
2318 4604 2621 4658 secundum
2652 4602 2925 4657 diversam
2970 4601 3253 4664 rationem,
3283 4606 3338 4652 et
3372 4597 3447 4652 vi-

1884 4712 2016 4751 num
2044 4705 2098 4752 et
2136 4696 2314 4752 oleum
2342 4705 2396 4750 et
2431 4696 2590 4766 panis
2616 4702 2724 4750 est.

1956 4875 2123 4930 Vens.
2158 4873 2346 4931 16-18.
2379 4871 2775 4929 Saturabuntur
2810 4872 2954 4942 ligna
2976 4871 3168 4939 campi,
3195 4869 3336 4923 cedri
3365 4867 3454 4922 Li-

1887 4967 2031 5032 bani,
2055 4983 2186 5038 quas
2216 4967 2494 5036 plantasti,
2526 4964 2637 5018 illic
2663 4979 2899 5033 passeres
2932 4959 3296 5031 nidiﬁcabunt.
3317 4959 3447 5012 Ero-

1889 5059 1965 5112 dii
1995 5059 2182 5112 domus
2231 5059 2341 5110 dua:
2385 5065 2463 5111 est
2512 5071 2693 5110 eorum
2723 5070 2741 5108 :
2773 5063 2972 5108 montes
3023 5051 3216 5106 excelsi
3267 5052 3452 5115 cervis,

1885 5161 2035 5221 petra
2079 5150 2340 5221 refugium
2381 5148 2685 5205 herinaciis.
2744 5145 3071 5202 Hebraicum
3101 5144 3378 5214 exemplar
3400 5150 3456 5196 et

1885 5243 2084 5312 reliqui
2148 5243 2501 5311 interpretes,
2566 5240 2712 5311 ligna
2769 5238 3008 5302 Domini,
3049 5236 3271 5291 habent.
3315 5233 3454 5288 Cum

1883 5336 2172 5391 fructifera
2226 5333 2627 5401 recensuisset,
2679 5333 2990 5388 necessario
3057 5329 3221 5385 etiam
3273 5326 3454 5382 fructu

1883 5429 2125 5485 carentia
2158 5434 2445 5492 memorat,
2477 5433 2666 5497 utpote
2692 5440 2812 5496 quae
2847 5422 3159 5479 hominibus
3188 5421 3256 5476 ad
3290 5433 3452 5477 usum

1885 5521 2202 5576 necessaria
2229 5519 2359 5573 sint.
2389 5517 2624 5587 Ideoque
2663 5519 2780 5588 ipsa
2836 5515 3052 5572 Domini
3092 5511 3450 5584 nuncupavit.

1889 5618 1950 5666 ut
1983 5616 2178 5684 sponte
2197 5609 2504 5677 nascentia,
2528 5624 2708 5681 neque
2747 5624 2912 5666 manu
2936 5607 3119 5676 culta;
3143 5605 3240 5664 sed
3263 5604 3451 5664 divino
