3868 6282
397 339 536 395 1279

1059 330 1331 391 EUSEBII
1366 324 1844 416 CESARIENSIS
1880 324 2030 380 OPP.
2071 320 2250 378 PARS
2279 319 2361 375 Ill.
2387 349 2457 362 --—
2494 314 2902 373 EXEGETICA.

3525 309 3551 364 1
3562 312 3652 365 280

396 449 568 506 verbo
617 443 1006 517 germinautia.
1065 438 1223 499 Codri
1277 440 1470 496 Libani
1498 457 1630 510 quas
1691 435 1969 508 ptantasti.

2093 433 2185 503 ρυᾶ
2213 431 2308 485 καὶ
2331 431 2391 482 οὐ
2423 427 2781 500 χειρόκμητα,
2810 424 2948 479 ἀλλά
2985 423 3074 495 τῷ.
3089 423 3220 493 θείῳ
3250 423 3401 493 λόγῳ
3429 422 3654 494 βλαστή-

398 538 638 595 Pulchre
695 534 989 592 cedrorum
1047 534 1441 605 plantationem
1507 529 1619 584 Deo
1689 527 1969 597 ascripsit,

400 631 530 704 quia
555 631 674 686 sine
700 628 814 684 ulla
873 627 1114 682 humana
1161 641 1314 680 cura.
1339 624 1396 678 in
1431 630 1638 678 tantam
1693 619 1976 677 celsitudi-

401 740 525 780 nem
557 727 944 779 excreverunt.
989 717 1108 774 Non
1155 717 1304 772 enim
1354 715 1620 786 lignarius
1650 712 1849 782 aliquis
1884 725 1978 767 ea-

402 830 525 870 rum
555 813 736 868 cultor
771 810 873 865 fuit
898 828 912 876 ;
937 809 1033 865 sed
1059 808 1304 862 divinum
1331 805 1557 861 verbum
1588 804 1855 859 montium
1885 817 1978 858 ca-

404 908 625 962 cumina
656 904 744 960 his
773 917 944 973 opaca
978 901 1126 955 fecit.
1165 898 1320 966 Quod
1373 897 1419 952 si
1466 896 1584 968 ipse
1626 894 1976 966 plantaverit,

403 1014 536 1055 sane
563 997 726 1053 utiles
759 1002 929 1051 sunt:
966 993 1172 1064 optima
1223 991 1424 1061 quippe
1466 994 1598 1044 sunt
1642 999 1979 1058 quaecunque

404 1090 549 1147 Deus
571 1088 770 1146 eﬂ‘ecit.
793 1086 930 1142 Cum
949 1099 1112 1156 porro
1127 1081 1324 1138 Libani
1349 1091 1612 1152 tanquam
1633 1077 1979 1134 celeberrimi

403 1183 739 1240 mentionem
803 1181 952 1245 fecit,
1009 1193 1223 1234 necnon
1290 1176 1582 1232 cedrorum
1641 1173 1786 1243 ejus,
1841 1171 1980 1227 alios

403 1278 567 1332 etiam
593 1283 807 1330 montes
837 1281 891 1329 et
920 1271 1145 1327 arbores
1180 1270 1273 1325 his
1299 1268 1651 1340 signiﬁcavit.
1690 1265 1818 1320 Illic
1852 1280 1979 1333 pas-

404 1383 542 1422 seres
587 1365 957 1436 nidiﬁcabunt.
1002 1361 1194 1417 Erodii
1247 1361 1436 1416 domus
1479 1361 1589 1416 dua:
1654 1369 1733 1415 est
1775 1375 1976 1414 eorum.

404 1458 600 1529 Aquila
647 1459 726 1515 sic
764 1457 930 1512 habet
969 1472 984 1510 :
1017 1454 1140 1510 Illic
1201 1472 1318 1510 aves
1373 1454 1744 1525 nidiﬁcabunt.
1781 1451 1981 1506 Erodio

406 1549 600 1606 abiete:
629 1549 815 1604 domus
853 1550 976 1619 ipsi.
1022 1547 1160 1604 Nam
1216 1549 1301 1604 hae
1351 1549 1484 1620 ipsa:
1535 1545 1763 1602 arbores
1815 1545 1982 1599 alium

405 1641 626 1708 quidem
673 1642 1011 1708 hominibus,
1043 1642 1209 1697 alium
1241 1656 1372 1698 vero
1405 1639 1600 1696 avibus
1641 1653 1801 1694 usum
1844 1651 1984 1708 prae-

404 1731 556 1786 bent.

476 1905 647 1965 Vens.
697 1909 786 1965 l9.
826 1908 978 1966 Fecit
1012 1909 1194 1964 lunam
1222 1909 1278 1964 in
1299 1919 1535 1981 tempora
1567 1927 1586 1966 :
1619 1911 1701 1966 sol
1745 1912 1978 1982 cognovit

407 2015 652 2054 occasum
682 2018 858 2057 suum.
886 2003 1024 2058 Cum
1084 2011 1300 2060 terrena
1357 2003 1538 2058 omnia
1585 2003 1981 2070 recensuisset,

405 2090 873 2164 invisibiliumque
903 2101 1221 2150 naturarum
1267 2097 1598 2150 creationem
1621 2094 1982 2160 exhibuisset,

407 2183 676 2238 caelorum
711 2183 840 2240 item
871 2185 1150 2256 opificium
1195 2185 1622 2251 subindicasset,
1650 2201 1798 2241 nunc
1823 2185 1986 2240 lumi-

407 2274 627 2329 narium
659 2276 991 2332 mentionem
1023 2276 1173 2342 facit,
1205 2293 1326 2348 qua:
1371 2285 1568 2348 quarto
1623 2275 1714 2332 die
1761 2275 1985 2332 condita

408 2373 560 2421 sunt.
592 2365 704 2422 Nec
738 2367 859 2424 sine
887 2368 1122 2424 consilio
1161 2369 1400 2422 arbitror
1438 2384 1504 2424 ea
1553 2383 1675 2439 qua:
1731 2369 1985 2438 superius

407 2457 774 2527 praetermissa
794 2456 1141 2521 videbantur,
1177 2456 1398 2528 quando
1433 2456 1500 2512 de
1531 2458 1696 2512 rebus
1746 2457 1986 2512 caelesti-

405 2547 535 2612 bus,
567 2547 634 2603 de
667 2547 908 2604 nubibus
931 2555 985 2604 et
1010 2549 1186 2605 ventis
1204 2549 1366 2604 verba
1387 2549 1610 2614 fecerat,
1632 2563 1778 2604 nunc
1805 2563 1986 2604 sermo

409 2639 678 2704 resumit,
733 2653 798 2695 ea
846 2647 970 2710 post
1025 2647 1106 2694 tot
1153 2640 1262 2694 alia
1303 2641 1577 2694 recensita
1644 2655 1984 2708 memorans;

409 2744 604 2785 verum
621 2739 681 2785 ut
699 2730 893 2786 doceat
934 2731 1047 2786 haec
1075 2749 1294 2804 quoque
1326 2733 1394 2788 ad
1428 2733 1722 2787 utilitatem
1766 2733 1987 2789 condita

410 2817 605 2875 fuisse.
632 2818 886 2875 Forsitan
942 2823 1086 2876 enim
1114 2823 1158 2878 si
1199 2824 1312 2878 ham
1355 2822 1532 2892 primo
1585 2824 1705 2879 loco
1747 2838 1987 2879 comme-

411 2919 703 2980 morasset,
735 2913 957 2969 occasio
986 2915 1237 2985 quamam
1300 2918 1492 2972 relicta
1543 2916 1611 2972 iis
1641 2915 1859 2979 fuisset,
1893 2915 1987 2986 qui

411 3002 571 3074 quasi
605 3003 790 3059 divina
819 3012 873 3060 et
901 3012 1159 3076 tanquam
1191 3022 1413 3066 causam
1450 3007 1828 3080 productionis
1869 3006 1990 3060 ani-

412 3093 638 3148 malium
703 3104 757 3150 et
821 3095 1102 3151 fructuum
1149 3105 1329 3164 terraa,
1389 3099 1510 3170 ipsa
1577 3097 1806 3154 colenda
1867 3111 1989 3152 esse

412 3183 708 3242 duxerunt.
735 3185 851 3242 Hoc
894 3204 1088 3261 nempe
1109 3205 1233 3248 cum
1270 3190 1346 3246 illi
1374 3191 1468 3262 qui
1500 3205 1532 3245 a
1580 3191 1781 3262 pietate
1824 3189 1988 3243 alieni

412 3284 572 3330 erant
617 3278 1034 3348 existimarent;
1067 3283 1308 3336 animum
1341 3282 1669 3354 appulerunt
1707 3291 1766 3336 ut
1819 3281 1992 3337 solem

413 3370 470 3417 et
507 3365 714 3434 lunam,
743 3375 1003 3439 tanquam
1037 3370 1172 3427 deos
1229 3372 1624 3441 generationis,
1662 3371 1908 3428 alimenti
1938 3378 1994 3426 et

416 3455 739 3513 incrementi
783 3463 956 3516 nostri
990 3471 1268 3530 auctores,
1307 3465 1568 3518 colerent.
1609 3463 1714 3518 Sed
1775 3463 1994 3519 divinus

417 3565 598 3606 sermo
627 3550 681 3606 id
711 3553 936 3611 minime
965 3557 1163 3626 probat
1197 3576 1210 3612 :
1245 3557 1526 3612 enimvero
1557 3556 1806 3618 afﬁrmat,
1827 3556 1993 3610 etiam

417 3643 555 3698 citra
583 3643 792 3709 isthaec,
821 3646 1189 3703 universalem
1237 3647 1384 3703 illam
1430 3647 1526 3704 Dei
1571 3647 1994 3719 providentiam,

419 3749 529 3790 non
557 3735 736 3792 solum
763 3753 885 3808 quae
914 3739 971 3793 in
1005 3739 1182 3805 cwlis,
1216 3739 1313 3796 sed
1343 3740 1510 3796 etiam
1549 3756 1673 3810 quae
1729 3741 1785 3796 in
1828 3749 1994 3807 terra,

419 3826 676 3883 animalia
707 3845 900 3902 nempe
917 3831 1262 3903 plantasque,
1296 3833 1649 3902 produxisse.
1697 3831 1824 3888 llaec
1867 3832 1997 3887 item

419 3915 638 3989 Moyses
660 3927 719 3975 ut
738 3921 980 3988 doceret,
999 3923 1177 3993 primo
1205 3927 1516 3997 plantarum
1541 3926 1883 3981 terrestrium
1907 3939 2000 3978 or-

419 4017 560 4075 tum,
579 4011 774 4067 deinde
789 4013 1138 4068 luminarium
1159 4014 1573 4086 productionem
1591 4013 1824 4068 induxit.
1842 4011 1998 4070 Nunc

423 4099 551 4156 item
581 4101 752 4159 David
773 4103 954 4160 denuo
974 4107 1212 4162 recurrit
1229 4106 1296 4161 ad
1320 4106 1627 4162 ccelestium
1647 4107 1795 4160 illam
1816 4106 2000 4177 provi-

423 4193 688 4265 dentiam,
721 4212 786 4253 ac
811 4200 962 4254 nulla
1012 4201 1119 4254 alia
1174 4201 1242 4260 de
1283 4215 1452 4256 causa
1501 4201 1779 4256 conditam
1811 4201 1998 4255 lunam

425 4287 596 4344 fuisse
621 4290 717 4355 ait,
732 4306 895 4360 quam
917 4291 985 4346 ad
1006 4293 1473 4348 enumerationem
1501 4301 1555 4348 et
1574 4291 1824 4347 notitiam
1847 4307 2000 4347 men-

426 4381 570 4438 sium
593 4391 647 4438 ct
663 4381 874 4437 dierum
895 4397 906 4432 :
925 4397 1050 4437 nam
1068 4382 1221 4450 illud,
1241 4385 1293 4438 in
1310 4393 1561 4453 tempora,
1577 4383 1648 4438 idi
1657 4399 1811 4454 psum
1829 4383 2000 4454 signi-

2077 540 2265 578 σαντα.
2295 524 2364 576 Αἱ
2392 521 2590 588 κέδροι
2627 520 2732 573 τοῦ
2765 517 3024 574 Λιϐάνου
3051 516 3126 584 dc
3154 517 3525 586 ἐφύτευσας.
3553 516 3656 568 Κα-

2075 615 2182 680 λῶς
2217 614 2294 685 τῷ
2331 613 2450 685 Θεῷ
2495 610 2844 685 προσέγραψε
2887 609 2996 663 τῶν
3030 608 3235 680 κέδρων
3268 608 3371 679 τὴν
3401 607 3652 674 φυτείαν·

2075 707 2156 761 ὃτι
2182 707 2336 770 ἐκτὸς
2365 704 2707 776 ἀνθρωπίνης
2733 701 3048 774 ἐπιμελείας
3093 699 3184 754 ἐπὶ
3210 700 3473 754 τοσοῦτον
3500 697 3656 770 ’ςὑῇ-

2077 799 2266 869 θησαν.
2297 799 2372 852 Οὐ
2401 799 2510 869 γὰρ
2535 797 2836 868 ἀλσοκόμος
2860 813 2946 860 τις
2973 794 3178 848 τούτων
3201 793 3402 862 γέγονε
3429 809 3657 863 φυτουρ-

2077 891 2201 958 γός⁶
2231 890 2345 945 ἀλλ’
2369 893 2397 943 6
2428 889 2569 953 θεῖος
2617 889 2806 956 Λόγος,
2849 886 3179 958 ἀμφιλαφεῖς
3215 885 3315 949 τὰς
3365 884 3482 937 τῶν
3528 885 3658 956 ὀρῶν

2079 985 2372 1054 εἰργάσατο
2415 983 2680 1055 κορυφάς.
2730 982 2793 1034 Εἰ
2823 981 2880 1033 δὲ
2914 979 3074 1042 αὐτὸς
3118 979 3411 1048 ἐφύτευσε,
3448 977 3663 1040 πάντως

2078 1076 2160 1129 ὅτι
2195 1077 2472 1147 χρήσιμα·
2509 1075 2686 1128 πάντα
2721 1073 2830 1145 γὰρ
2861 1074 2960 1127 ὅσα
2995 1071 3251 1142 εποίησεν
3281 1073 3310 1124 6
3336 1070 3498 1134 Θεὸς,
3531 1069 3664 1122 καλὰ

2079 1167 2219 1222 λίαν.
2252 1167 2358 1221 Τοῦ
2403 1167 2504 1239 μὲν
2545 1166 2777 1222 Λιϐάνου
2821 1165 2897 1229 ὡς
2938 1165 3211 1235 ἐπισήμου
3259 1161 3665 1234 μνημονεύσας,

2080 1258 2175 1313 καὶ
2202 1257 2310 1313 τῶν
2339 1259 2397 1312 ὲν
2438 1257 2588 1329 αὐτῷ
2615 1258 2844 1330 κέδρων,
2878 1257 2973 1310 καὶ
3000 1256 3068 1310 τά
3095 1255 3230 1310 ἄλλα
3259 1255 3366 1326 ὅρη
3415 1254 3515 1307 καὶ
3555 1252 3666 1305 δέν-

2081 1351 2185 1422 δρα
2227 1351 2315 1406 διά
2363 1350 2566 1406 τούτων
2610 1350 2898 1422 ἐδήλωσεν.
2936 1348 3100 1402 Ἐκεῖ
3121 1348 3419 1416 στρουθία
3449 1348 3670 1400 ἐννοσ-

2080 1446 2400 1499 σεύσουσι.
2428 1443 2539 1499 Τοῦ
2563 1441 2806 1512 ὲρωδιοῦ
2835 1442 2873 1510 ἡ
2905 1442 3069 1495 οὶκίαν
3091 1440 3317 1510 ἡγεῖται
3345 1437 3581 1493 αὐτῶν.
3617 1438 3671 1490 '0

2095 1536 2325 1601 Ἀκύλας
2351 1535 2522 1601 οὕτως
2557 1535 2674 1606 ἔχει
2695 1553 2706 1564 ·
2761 1534 2925 1590 Ἐκεῖ
2961 1533 3136 1604 ὄρνεα
3175 1533 3668 1588 νοσσεούσουσιν.

2095 1627 2346 1696 Ἐρωδιῷ
2379 1625 2586 1681 ἐλάται
2616 1622 2780 1692 οἶκος
2811 1623 2990 1689 αὐτῷ.
3023 1625 3102 1676 Τά
3133 1623 3241 1696 γὰρ
3290 1622 3436 1678 αὐτά
3479 1621 3676 1693 δένδρα

2083 1719 2250 1790 ἀλλην
2301 1718 2401 1790 μὲν
2442 1715 2751 1790 ἀνθρώποις
2790 1715 2999 1788 χρείαν,
3029 1713 3195 1786 ἀλλην
3221 1714 3278 1768 δὲ
3318 1715 3434 1778 τοῖς
3461 1713 3676 1784 ὀρνέοκ

2087 1810 2331 1883 παρέχει.

2168 1904 2450 1974 Ἐποίησε
2477 1902 2753 1972 σελήνην
2787 1904 2876 1970 εις
2917 1902 3181 1970 καιρούςο
3227 1903 3262 1954 ό
3297 1899 3482 1968 ἣλιος
3522 1899 3679 1968 ἔγνω

2083 1996 2199 2067 τὴν
2228 1995 2410 2051 δύσιν
2436 1994 2645 2050 αὑτοῦ.
2673 1995 2754 2049 Τά
2794 1994 2938 2050 κατά
2972 1995 3076 2065 γῆν
3105 1992 3321 2048 ἅπαντα
3355 1990 3677 2057 διεξελθὼν,

2085 2089 2180 2144 καὶ
2218 2088 2326 2143 τῶν
2371 2088 2618 2160 ἀοράτων
2657 2088 2872 2158 φύσεων
2912 2088 3012 2158 τὴν
3047 2084 3412 2157 δημιουργίαν
3453 2081 3677 2146 δείξας,

2085 2182 2180 2236 καὶ⁵
2204 2177 2311 2233 τῶν
2336 2179 2579 2251 οὐρανῶν
2605 2178 2891 2245 ὑποδείξας
2918 2178 3018 2248 τὴν
3042 2175 3280 2246 ποίησιν,
3313 2173 3410 2226 νῦν
3436 2173 3544 2226 καὶ
3574 2172 3683 2225 τῶν

2087 2275 2391 2346 φωστήρων
2421 2273 2657 2326 ποιεῖται
2681 2272 2782 2344 τὴν
2815 2271 3056 2342 μνήμην,
3085 2269 3134 2322 οἳ
3170 2266 3313 2322 κατά
3335 2266 3438 2337 τὴν
3472 2265 3685 2336 τετάρρ

2087 2384 2184 2439 την
2209 2365 2421 2437 ἡμέραν
2456 2363 2722 2433 ἐγένοντο.
2752 2362 2867 2417 Οὐκ
2894 2362 3151 2424 ἀσκόπως
3173 2360 3249 2423 δὲ,
3282 2354 3437 2428 οἶμαι
3481 2357 3565 2410 τὰ
3601 2357 3687 2410 δό-

2089 2459 2253 2524 ξαντα
2281 2458 2338 2512 ὲν
2369 2458 2481 2520 τοῖς
2512 2457 2624 2512 ἀνω
2667 2453 3113 2526 παραλελεῖφθαι,
3145 2453 3235 2507 ὅτε
3262 2451 3333 2505 τά
3355 2452 3478 2505 κατ’
3513 2450 3688 2520 οὐρα-

2087 2549 2177 2602 νὸν
2205 2548 2300 2602 καὶ
2348 2546 2416 2600 τά
2454 2545 2584 2618 περὶ
2621 2546 2798 2617 νεφῶν
2842 2544 2936 2598 καὶ
2969 2544 3188 2614 ἀνέμων
3229 2541 3474 2610 ἐλέγετο,
3522 2539 3626 2592 νῦν
3659 2540 3687 2592 6

2087 2640 2245 2709 λόγος
2303 2637 2742 2710 ὲπαναλαμὸἀνει
2767 2679 2782 2703 ,
2829 2635 2967 2708 μετά
3013 2634 3246 2688 τοσαῦτα
3287 2630 3688 2704 μνημονεύσας

2089 2731 2288 2796 αὐτῶν,
2328 2730 2445 2784 ἀλλ’
2476 2729 2618 2801 ὑπὲρ
2649 2728 2741 2782 τοῦ
2779 2727 3012 2794 διδάξαι,
3041 2728 3122 2781 ὃτι
3154 2726 3251 2782 καὶ
3283 2724 3460 2778 ταῦτα
3486 2724 3688 2795 χρείας

2087 2821 2273 2875 ἕνεκεν
2299 2820 2528 2891 ὑπέστη.
2557 2819 2710 2890 Τάχα
2735 2819 2865 2889 γὰρ,
2895 2821 2944 2872 εἰ
2977 2818 3192 2890 πρῶτον
3224 2817 3406 2873 αὐτῶν
3433 2815 3689 2886 ἐμνημό-

2089 2913 2528 2984 νευσεν,ἀφορμή
2552 2929 2636 2975 τις
2663 2912 3014 2964 κατελείπετο
3027 2913 3140 2974 τοῖς
3163 2909 3240 2972 ὡς
3265 2908 3383 2962 θεῖα
3407 2908 3526 2962 δεῖν
3544 2906 3690 2959 αὐτά

2093 3009 2269 3064 σέϐειν
2313 3008 2656 3081 ἡγουμένοις,
2709 3008 2804 3061 καὶ
2845 3006 2921 3072 ὡς
2974 3007 3120 3059 αίτια
3165 3005 3264 3075 τῆς
3296 3003 3404 3057 τῶν
3435 3004 3538 3056 ἐπὶ
3583 3001 3691 3072 γῆς

2017 3132 2059 3191 c
2093 3100 2245 3166 ζώων
2282 3119 2342 3154 τε
2387 3101 2482 3154 καὶ
2515 3098 2742 3170 καρπῶν
2775 3099 3122 3161 συστάσεως..
3142 3098 3313 3151 Τοῦτο
3340 3096 3476 3167 γοῦν
3501 3097 3561 3149 οἱ
3591 3097 3690 3165 τῆς

2095 3192 2375 3256 εὐσεὸείας
2395 3191 2664 3262 ἀλλότριοι
2690 3191 3009 3262 νομίσαντες
3031 3189 3364 3262 ὡρμήθησαν
3392 3188 3587 3242 σέϐειν
3613 3187 3689 3250 ὡς

2095 3287 2249 3350 θεοὺς
2278 3287 2427 3357 ἥλιον
2454 3286 2548 3339 καὶ
2592 3285 2842 3356 σελήνην,
2873 3283 2949 3348 ὡς
2976 3284 3040 3338 ἂν
3085 3283 3186 3354 τῆς
3219 3282 3496 3354 ήμετέρας
3529 3282 3692 3349 γενέ-

2097 3377 2235 3442 σεώς
2279 3395 2339 3430 τε
2391 3377 2485 3430 καὶ
2528 3377 2734 3449 τροφῆς
2781 3377 2873 3430 καὶ
2916 3375 3193 3446 αὐξήσεως
3237 3373 3467 3436 αἰτίους.
3539 3371 3691 3424 Ἀλλ’

2095 3467 2277 3522 οὐκέτι
2302 3467 2330 3519 6
2357 3467 2500 3531 θεῖος
2537 3468 2694 3536 λόγος
2729 3468 2886 3522 τοῦτο
2927 3467 3274 3541 παρίστησιν,
3307 3465 3422 3518 ἀλλ’
3461 3467 3553 3519 ὅτι
3596 3465 3694 3518 καὶ

2095 3557 2298 3612 τούτων
2353 3560 2510 3623 ἐκτὸς
2535 3561 2569 3630 ὴ
2599 3558 2828 3613 καθόλου
2865 3558 3088 3629 πρόνοια
3119 3557 3212 3611 τοῦ
3247 3557 3380 3611 Θεοῦ
3424 3558 3489 3610 οὐ
3521 3559 3693 3628 μόνον

2094 3647 2165 3701 τά
2205 3650 2322 3702 κατ’
2366 3651 2614 3722 οὐρανὸν,
2659 3649 2794 3703 ἀλλά
2835 3650 2929 3703 καὶ
2957 3650 3026 3702 τά
3052 3649 3270 3719 ὲπὶγῆς
3308 3651 3694 3720 συνεστήσατο

2096 3741 2213 3808 ζῶά
2234 3759 2292 3796 τε
2315 3744 2408 3797 καὶ
2426 3745 2587 3812 φυτά.
2607 3743 2776 3798 Τοῦτο
2801 3745 2895 3798 καὶ
2916 3743 3120 3814 Μωσῆς
3142 3741 3347 3808 διδάξαι
3371 3742 3689 3813 βουληθεὶς,

2097 3833 2316 3906 πρῶτον
2352 3836 2616 3907 εἰσήγαγε
2650 3836 2749 3908 τὴν
2783 3835 2892 3888 τῶν
2937 3833 3046 3887 ἀπὸ
3079 3835 3182 3904 γῆς
3223 3833 3406 3903 φυτῶν
3441 3835 3688 3904 γένεσιν,

2097 3925 2197 3982 εἶθ’
2223 3929 2393 3993 οὕτως
2420 3928 2518 4000 τήν
2544 3928 2653 3983 τῶν
2679 3929 2863 3998 φωστή
2873 3943 2980 3998 ρων
3008 3925 3282 3979 σύστασιν.
3327 3927 3441 3980 Καὶ
3485 3927 3589 3980 νῦν
3634 3927 3691 3980 δὲ

2095 4025 2125 4077 6
2145 4021 2307 4075 Δαυῒδ
2334 4021 2622 4092 ἀνατρέχει
2645 4020 2805 4075 πάλιν
2824 4019 2916 4071 ἐπὶ
2937 4018 3035 4088 τὴν
3057 4018 3114 4071 ὲν
3135 4019 3381 4090 οὐρανοῖς
3400 4021 3688 4092 πρόνοιαν,

2095 4114 2162 4168 δι’
2205 4113 2358 4166 οὐδὲν
2402 4113 2590 4184 ἕτερον
2633 4112 2733 4184 τὴν
2777 4112 3008 4184 σελήνην
3058 4111 3384 4183 γεγενῆσθαι
3408 4113 3617 4180 λέγων,
3654 4114 3688 4183 ἢ

2097 4206 2236 4279 πρὸς
2263 4205 2494 4278 ἀριθμὸν
2537 4205 2630 4258 καὶ
2673 4205 2960 4273 διάγνωσιν
3008 4204 3190 4276 μηνῶν
3216 4222 3275 4258 τε
3301 4209 3395 4258 καὶ
3423 4207 3458 4276 ή
3467 4205 3687 4276 μερῶν·

2098 4296 2159 4350 τὸ
2194 4296 2325 4366 γὰρ,
2343 4298 2431 4362 είς
2453 4295 2721 4364 καιροὺς,
2753 4295 2912 4350 τοῦτο
2945 4296 3126 4368 δηλοῖ·
3169 4295 3471 4360 τουτέστιν,
3500 4298 3587 4359 είς
3630 4297 3692 4348 τὺ

2099 4385 2475 4455 διαγινώσκειν
2500 4385 2587 4440 διὰ
2611 4387 2718 4440 τῶν
2741 4389 2798 4440 ὲν
2821 4387 2957 4459 αὐτῇ
2979 4387 3193 4460 τροπῶν
3217 4385 3317 4450 τὰς
3341 4387 3453 4439 τῶν
3480 4387 3690 4457 καιρῶν

427 4473 590 4543 fleat;
621 4475 676 4530 id
708 4483 812 4542 est,
847 4475 1379 4532 utconversionibus
1401 4476 1522 4545 ejus
1559 4485 1862 4545 temporum
1886 4491 1991 4529 mu-

2105 4477 2428 4548 μεταϐολὰς,
2461 4479 2541 4542 είς
2565 4478 2627 4532 τὸ
2671 4479 2847 4549 μῆνας
2873 4479 3124 4550 ἀριθμεῖν
3154 4479 3248 4532 καὶ⁸
3281 4479 3588 4542 ἐνιαυτούς.
3624 4480 3689 4531 Δί

425 4566 667 4620 tationes
709 4565 1131 4637 dignoscantur,
1179 4582 1244 4622 ac
1288 4581 1504 4623 menses
1545 4575 1903 4622 numerentur
1946 4573 2002 4621 et

427 4658 580 4714 anni.
603 4656 738 4714 Nam
787 4661 931 4716 luna:
978 4661 1311 4717 variationes
1339 4660 1396 4715 id
1433 4668 1715 4731 praestant,
1748 4668 1808 4715 ut
1831 4660 2004 4732 possit

427 4759 646 4823 tempus
698 4755 1256 4811 numerari:mensis
1305 4755 1506 4826 quippe
1545 4769 1861 4810 mensuram
1911 4754 2004 4808 illa

429 4842 770 4900 incremento
788 4845 1278 4918 imminutioneque
1312 4862 1413 4903 sua
1443 4846 1644 4915 efficit;
1676 4847 1752 4901 ita
1779 4855 1840 4901 ut
1862 4848 2004 4902 lunae

428 4937 636 4992 creatio
685 4938 750 4993 ad
810 4945 1116 5008 temporum
1169 4939 1476 4995 doctrinam
1509 4938 1651 5012 facta
1684 4939 1776 4994 sit.
1819 4937 2004 5008 Neque

430 5027 646 5084 modica
671 5029 799 5084 hinc
827 5030 1035 5085 utilitas
1062 5032 1264 5096 evenit,
1289 5029 1436 5102 quod
1478 5030 1690 5086 scilicet
1713 5037 2004 5101 tempesta-

430 5130 516 5178 tes
573 5121 1001 5194 dignoscantur,
1061 5131 1117 5179 et
1176 5124 1245 5179 ad
1287 5125 1470 5180 omnia
1532 5122 1829 5194 quemlibet
1883 5137 2005 5177 sese

432 5213 702 5270 adornare
759 5213 991 5272 facultas
1030 5217 1123 5272 sit.
1168 5215 1226 5270 Si
1259 5216 1406 5272 enim
1437 5230 1546 5270 non
1585 5217 1659 5270 ita
1693 5230 1752 5271 se
1787 5229 1877 5270 res
1908 5214 2007 5268 ha-

432 5307 608 5374 beret,
639 5308 825 5365 omnia
847 5317 1072 5366 ruerent
1101 5309 1155 5364 in
1199 5309 1426 5364 exitium
1453 5326 1469 5376 ;
1500 5323 1624 5363 cum
1656 5322 1832 5378 neque
1863 5309 2008 5378 agri-

433 5401 572 5469 cola,
615 5417 793 5474 neque
838 5409 1028 5468 nauta,
1063 5403 1146 5458 vel
1198 5409 1400 5458 terram
1435 5402 1521 5457 vel
1569 5416 1719 5456 mare
1759 5399 2009 5455 sulcandi

437 5501 809 5564 opportunum
863 5503 1080 5568 tempus
1127 5497 1501 5552 internoscere
1559 5495 1820 5550 valerent.
1883 5493 2009 5550 Haec

439 5597 604 5651 porro
631 5594 935 5657 temporum
970 5587 1184 5652 notitia,
1225 5603 1336 5642 non
1365 5586 1679 5642 hominibus
1706 5585 1890 5653 modo,
1913 5585 2012 5640 sed

440 5672 603 5727 etiam
638 5673 814 5731 brutis
856 5676 1052 5732 idonea
1094 5678 1494 5748 utilissimaque
1521 5684 1624 5732 est.
1668 5676 1742 5731 De
1777 5676 2012 5731 lumina-

443 5764 592 5818 ribus
636 5764 799 5818 etiam
853 5765 909 5819 in
945 5767 1142 5823 Genesi
1185 5769 1423 5824 dicitur:
1453 5769 1573 5825 Sint
1607 5769 1660 5823 in
1684 5768 1834 5838 signa
1875 5778 1924 5822 et
1957 5769 2010 5822 in

2104 4571 2214 4642 γάρ
2253 4571 2352 4641 τῆς
2391 4571 2620 4642 σελήνης
2665 4569 2978 4635 ἀλλοιώσεις
3006 4571 3318 4644 μετρεῖσθαι
3355 4571 3450 4624 τὸν
3498 4572 3690 4644 χρόνον

2105 4663 2580 4735 παρασκευάζουσι
2595 4681 2608 4693 ·
2637 4662 2730 4717 τοῦ
2751 4662 2861 4735 γάρ
2885 4663 3051 4734 μηνὸς
3070 4663 3131 4716 τὸ
3152 4663 3352 4736 μέτρον
3376 4661 3521 4735 αῦτη
3547 4667 3691 4719 ποιεί

2103 4757 2162 4810 ὲν
2197 4755 2487 4820 τοσαύταις
2529 4755 2764 4828 ἡμέραις
2809 4754 3116 4822 αὐξάνουσά
3154 4773 3216 4810 τε
3253 4756 3350 4811 καὶ
3385 4756 3684 4825 φθίνουσα·

2104 4844 2245 4899 ὥστε
2270 4847 2303 4916 ἡ
2341 4845 2442 4916 τῆς
2488 4844 2713 4916 σελήνης
2741 4845 3072 4915 δημιουργία
3099 4844 3188 4900 διὰ
3211 4845 3312 4916 τὴν
3337 4845 3448 4900 τῶν
3479 4847 3688 4920 καιρῶν

2103 4937 2449 4991 διδασκαλίαν
2478 4935 2719 5005 γέγονεν’
2750 4936 2863 5007 Οὐχ
2895 4938 2928 5007 ή
2962 4935 3197 5006 τυχοῦσα
3228 4936 3287 4990 δὲ
3317 4938 3483 5009 χρεία
3510 4938 3690 4992 ἐντεῦ-

2105 5032 2195 5086 Θεν
2219 5030 2440 5085 ἀνύεται
2474 5031 2538 5083 ἐκ
2565 5029 2660 5084 τοῦ
2694 5031 2917 5100 καιροὺς
2959 5031 3157 5084 εἰδέναι
3202 5030 3298 5083 καὶ
3327 5033 3686 5101 παρασκευὰ-

2105 5123 2293 5188 ζεσθαι
2323 5121 2458 5194 πρὸς
2491 5121 2730 5176 ἅπανταο
2772 5121 2870 5186 ὼς,
2900 5123 2948 5174 εί
2977 5124 3051 5193 μὴ
3091 5119 3247 5174 τοῦτο
3274 5117 3364 5192 ἦν,
3411 5123 3595 5176 πάντα
3625 5121 3685 5177 ἂν

2106 5215 2394 5278 ἀπολώλει,
2422 5213 2546 5268 οὐτε
2583 5213 2853 5286 γεωργοῦ,
2893 5211 3017 5265 οὐτε
3048 5213 3266 5276 ναύτου,
3301 5212 3399 5266 τοῦ
3452 5215 3558 5285 μὲν
3594 5217 3685 5285 τὴν

2106 5306 2208 5376 γῆν
2234 5303 2572 5375 ἀνατέμνειν,
2595 5303 2690 5357 τοῦ
2715 5303 2773 5357 δὲ
2793 5303 2893 5373 τὴν
2915 5301 3189 5356 θάλασσαν
3211 5301 3413 5366 εἰδότος
3434 5305 3494 5356 ὲν
3517 5305 3684 5376 καιρῷ

2107 5394 2184 5466 τῷ
2219 5395 2565 5466 προσήκοντι.
2599 5393 2746 5466 Δῦτη
2783 5395 2816 5465 ή
2847 5395 2914 5449 ὲκ
2939 5395 3046 5448 τῶν
3075 5393 3284 5467 καιρῶν
3305 5395 3518 5451 τούτων
3552 5398 3682 5466 7w}:-

2111 5507 2194 5553 σις
2221 5489 2322 5542 οὐκ
2347 5485 2657 5558 ἀνθρώποις
2691 5487 2869 5558 μόνον,
2896 5486 3032 5542 ἀλλά
3058 5489 3153 5542 καὶ
3172 5487 3386 5557 ἀλόγοις
3409 5491 3680 5561 ἐπιτηδεία

2111 5587 2221 5640 καὶ.
2258 5583 2680 5657 χρησιμωτάτη.
2714 5581 2850 5654 Περὶ
2890 5579 2998 5633 τῶν
3040 5580 3344 5651 φωστήρων
3388 5581 3486 5634 xa‘t
3525 5584 3583 5635 ἐν
3619 5585 3674 5651 τῇ

2110 5676 2323 5730 Γενέσει
2356 5676 2590 5748 εἴρηταιο
2635 5674 2946 5726 Ἔστωσαν
2967 5673 3054 5736 εὶς
3081 5669 3303 5738 σημεῖα
3329 5671 3429 5723 καί
3452 5671 3540 5737 εις
3565 5687 3676 5722 και-

2104 5767 2274 5837 ροὺς,
2320 5767 2417 5822 καί
2459 5771 2545 5834 εὶς
2578 5767 2800 5836 ἡμέρας
2830 5764 2928 5819 καὶ
2964 5766 3052 5830 εις
3090 5763 3438 5829 ἐνιαυτούς
3469 5765 3548 5824 εἰς
3587 5778 3672 5830 ση-
3753 5812 3768 5818 -
