3868 6282
136 343 266 399 1281

1186 339 1687 397 COMMENTARIA
1726 335 1792 390 IN
1830 334 2165 391 PSALMOS.

3230 333 3368 387 £282

135 460 257 527 μεία
292 456 389 526 μὲν
416 454 741 529 ἐπομϐρίας,
776 454 1020 525 αὐχμῶν,
1047 456 1371 525 πνευμάτων
1402 456 1697 527 κινήσεως·

1814 461 2059 519 tempora,
2092 450 2146 501 in
2182 447 2292 502 dies
2325 458 2372 502 et
2419 464 2583 503 annos
2627 449 2703 516 ";
2739 449 2794 503 in
2828 449 2984 519 signa
3007 447 3227 519 quidem
3272 447 3371 501 im-

131 549 208 609 εἰς
236 546 461 617 καιροὺς
493 546 568 610 δὲ,
604 546 701 609 τὰς
727 545 834 597 τῶν
856 546 1033 621 άέρων
1068 545 1385 613 ὲναλλαγὰς,
1412 544 1699 615 χειμῶνος,

131 638 308 708 ἔαρος,
346 636 557 707 θέρους,
608 635 925 708 μετοπώρου
950 655 963 667 ·
999 636 1064 701 ἃς
1096 636 1370 701 εὐτάκτως
1416 638 1562 707 ἡμᾶς
1607 653 1705 688 πε·-

135 728 392 799 ριοδεύειν
418 728 480 780 τὸ
508 728 835 797 τεταγμένον
860 729 959 798 τῆς
978 730 1243 799 κινήσεως
1265 730 1372 783 τῶν
1401 730 1586 800 φωστή
1598 746 1703 800 ρων

135 818 395 889 παρέχει·
430 820 509 881 εἰς
539 818 750 889 ἡμέρας
780 820 857 883 δὲ,
904 821 1003 890 οὐχ
1052 820 1192 873 ὥστε
1240 821 1453 891 ἡμέρας
1496 824 1699 873 ποιεῖν·

130 910 310 983 ἡμέρα
343 910 455 981 γὰρ
498 912 593 963 καὶ
620 911 726 981 ,νὺξ
762 910 1106 984 πρεσϐύτερα
1130 912 1230 983 τῆς
1260 914 1369 966 τῶν
1402 914 1703 985 φωστήρων

131 999 428 1067 γενέσεως·
477 1000 591 1053 ἀλλ’
639 1000 778 1054 ὥστε
826 1002 1119 1073 κατάρχειν
1168 1003 1278 1056 τῶν
1323 1002 1588 1073 ἡμερῶν·
1624 1006 1704 1067 εἰς

130 1088 409 1151 ἐνιαυτοὺς
436 1088 512 1154 δὲ,
547 1088 628 1142 ὃτι
659 1089 853 1161 σελήνη
888 1089 1006 1161 μὲν,
1047 1090 1265 1144 ἐπειδὰν
1294 1091 1588 1155 δωδεκάκις
1615 1092 1705 1145 τὸν

132 1181 326 1250 ἑαυτῆς
376 1179 636 1253 ἐκτελέσῃ
686 1182 904 1253 δρόμον,
946 1182 1190 1236 ἐνιαυτοῦ
1240 1184 1357 1235 ἐστι
1407 1186 1701 1255 ποιητική·

130 1272 349 1341 ήλιακὸς
380 1270 439 1324 δέ
482 1272 627 1324 ἐστιν
666 1271 909 1337 ἐνιαυτὸς
943 1274 975 1345 ἡ
1014 1274 1122 1327 άπὸ
1154 1275 1247 1326 τοῦ
1282 1275 1443 1328 αὐτοῦ
1477 1276 1703 1346 σημείου

131 1362 219 1415 ἐπὶ
247 1362 308 1414 τὸ
334 1363 467 1415 αὐτὸ
496 1367 716 1434 σημεῖον
742 1365 835 1417 τοῦ
866 1366 1015 1436 ἡλίου
1045 1366 1506 1430 ἀποκατάστασις.

210 1455 271 1507 '0
301 1454 478 1522 ἥλιος
496 1458 647 1528 ἔγνω
668 1457 781 1526 τὴν
807 1458 988 1512 δύσιν
1012 1458 1221 1513 αὐτοῦ.
1252 1460 1424 1513 Ἕθου
1460 1462 1701 1527 σκότος,

132 1542 225 1595 καὶ
260 1542 499 1612 ἐγένετο
528 1546 642 1609 νύξ
664 1561 677 1575 ·
708 1546 778 1601 ἐν
800 1545 953 1614 αὐτῇ
979 1546 1390 1602 διελεύσονται
1416 1548 1613 1601 πάντα
1634 1549 1707 1602 τά

133 1633 301 1701 θηρία
335 1636 444 1689 τοῦ
492 1635 738 1705 δρυμοῦ.
766 1638 1023 1707 Σκύμνοι
1050 1637 1374 1709 ὠρυόμενοι
1416 1639 1701 1708 ἁρπάσαι,

132 1728 224 1781 καί
270 1727 524 1797 ζητῆσαι
578 1731 738 1797 παρὰ
798 1730 902 1784 τοῦ
959 1730 1108 1785 Θεοῦ
1179 1731 1414 1800 ,βρῶσιν
1477 1734 1699 1799 αὐτοῖς.

1800 543 2000 609 brium,
2028 550 2257 596 aestuum
2286 555 2349 595 ac
2368 530 2651 596 ventorum
2676 542 3028 607 mutationis;
3048 541 3103 595 in
3124 548 3373 609 tempora

1802 649 1931 689 vero
1980 634 2123 689 aeris
2169 633 2530 687 mutationum
2557 674 2572 700 ,
2613 634 2829 697 hiemis,
2866 634 3036 709 veris,
3074 632 3281 687 aestatis
3317 640 3374 686 et

1804 725 2082 791 autumni;
2114 739 2233 794 quae
2255 731 2314 779 ut
2333 725 2524 778 ordine
2544 725 2797 794 periodos
2836 733 2999 795 agant
3027 733 3267 781 statutus
3294 726 3376 779 lu-

1802 816 2091 870 minarium
2137 824 2319 871 motus
2360 816 2517 871 nobis
2550 815 2712 871 edicit
2736 833 2747 867 :
2770 818 2825 870 in
2865 819 2983 874 dies
3012 830 3223 883 autem,
3259 835 3370 875 non

1803 909 1878 963 ita
1898 916 1962 962 ut
1995 908 2112 963 dies
2167 907 2420 972 elIiciant,
2448 908 2565 964 dies
2608 909 2751 964 enim
2786 920 2839 965 et
2868 925 2979 965 nox
3016 912 3371 967 luminarium

1803 998 2021 1055 conditu
2054 1000 2389 1070 antiquiores
2419 1007 2585 1066 sunt;
2633 1000 2730 1055 sed
2757 1008 2817 1054 ut
2838 1002 2945 1057 diei
2985 1002 3370 1060 dominentur:

1802 1090 1859 1145 in
1889 1106 2063 1146 annos
2092 1089 2332 1155 demum,
2360 1091 2488 1160 quia
2520 1092 2647 1144 luna
2674 1091 2894 1162 quidem
2923 1107 3051 1145 cum
3080 1092 3375 1150 duodecies

1804 1195 2026 1237 cursum
2073 1196 2232 1236 suum
2277 1182 2542 1250 perﬁciat,
2595 1183 2726 1236 anni
2773 1189 2858 1236 est
2903 1190 3141 1238 auctor:
3176 1184 3373 1240 solaris

1803 1274 1933 1328 item
1970 1280 2056 1328 est
2088 1287 2311 1335 .annus,
2346 1288 2541 1343 nempe
2571 1274 2639 1328 ab
2672 1273 2862 1328 eodem
2911 1275 3072 1344 signo
3118 1275 3186 1329 ad
3228 1276 3373 1330 idem

1806 1365 1983 1435 ipsum
2022 1364 2237 1434 signum
2278 1364 2413 1420 solis
2452 1364 2740 1419 revolutio.

1875 1454 2242 1510 πλατο-ει.
2267 1453 2362 1510 Sol
2389 1456 2625 1525 cognovit
2657 1471 2902 1509 occasum
2925 1471 3100 1509 suum.
3135 1455 3375 1509 Posuisti

1806 1545 2068 1610 tenebras,
2121 1556 2171 1601 et
2213 1545 2357 1615 facta
2408 1555 2485 1599 est
2534 1561 2664 1607 nox,
2718 1546 2771 1599 in
2824 1548 2943 1615 ipsa
2982 1547 3376 1614 pertransibunt

1805 1652 1981 1690 omnes
2014 1636 2193 1691 bestia:
2231 1635 2397 1689 siluae.
2440 1634 2618 1688 Catuli
2658 1635 2866 1689 leonum
2908 1636 3169 1704 rugientes
3197 1645 3255 1687 ut
3284 1652 3377 1688 ra-

1803 1725 1970 1793 piant,
2005 1735 2055 1780 et
2112 1734 2353 1795 quierant
2380 1742 2412 1777 a
2446 1723 2556 1778 Deo
2582 1741 2754 1778 escam
2798 1726 2919 1779 sibi.
2966 1723 3130 1780 Ortus
3156 1734 3235 1779 est
3270 1726 3375 1792 sol,

146 1795 474 1872 Ἀνέτειλεν
502 1820 536 1872 ό
571 1795 740 1886 ἣλιος
759 1861 773 1884 ,
823 1819 922 1872 καὶ
955 1795 1446 1889 πναχθῆσονται
1466 1860 1480 1884 ,
1510 1821 1609 1874 καὶ

1814 1826 1851 1869 ιι
1892 1818 2365 1887 congregabantur,
2410 1824 2462 1869 et
2490 1816 2547 1869 in
2590 1815 2849 1870 cubilibus
2890 1818 3001 1869 suis
3039 1817 3377 1871 collocabun—

132 1908 255 1975 ταῖς
287 1907 587 1978 μάνδραις
624 1910 823 1964 αὐτῶν
872 1911 1389 1978 κοιτασθήσονται.
1435 1912 1703 1977 Ἐεελεύ-

134 2017 296 2054 σεται
321 2000 636 2069 ἅνθρωπος
662 2002 760 2056 ἐπὶ
790 2005 852 2056 τὸ
879 2003 1059 2073 ἔργον
1094 2005 1299 2066 αὑτοῦ.
1338 2005 1434 2058 καὶ
1462 2006 1559 2061 ἐπὶ
1589 2007 1707 2075 τὴν

132 2092 418 2161 ἐργασίαν
450 2093 635 2152 αὑτοῦ
659 2094 770 2161 ἕως
793 2094 1073 2164 ἑσπέρας.
1114 2095 1209 2163 Ὠς
1234 2095 1607 2166 sperauqu
1634 2097 1707 2151 τὰ

136 2184 271 2254 ἔργα
320 2201 463 2253 σου,
525 2187 733 2254 Κύριε]
784 2186 978 2241 ,πάντα
1014 2188 1083 2241 ἐν
1128 2189 1315 2255 σοφίᾳ
1374 2190 1700 2257 ἐποίησας·

134 2278 448 2347 ἐπληρώθη
474 2280 511 2348 ἡ
534 2278 608 2349 γῆ
644 2281 754 2348 τῆς
806 2279 1053 2346 κτίσεώς
1088 2295 1225 2335 σου.
1275 2281 1333 2335 Ὀ
1373 2280 1521 2351 ἥλιος
1566 2281 1706 2350 ἔγνω

136 2371 227 2440 τὴν
270 2370 422 2425 δύσιν
472 2371 658 2437 αὐτοῦ,
699 2372 940 2426 τουτέστι
980 2374 1077 2444 τὴν
1117 2374 1221 2427 ὑπὸ
1262 2371 1355 2425 τοῦ
1403 2373 1707 2444 κρείττονος

138 2463 277 2533 αὐτῴ
315 2464 769 2535 διατεταγμένην.
816 2466 990 2521 Μόνον
1034 2465 1142 2537 γὰρ
1203 2466 1456 2536 φωτίζειν
1507 2467 1708 2537 ἔμαθεν

138 2556 315 2625 ἥλιος·
368 2557 495 2610 Οὐδ’
548 2558 635 2610 ἀεὶ
701 2558 797 2609 καὶ
852 2558 1174 2624 διαπαντὸς,
1222 2560 1321 2629 τῆς
1385 2558 1443 2612 δὲ
1496 2560 1706 2630 ἡμέρας

140 2647 324 2717 ἀρχὴν,
352 2648 493 2701 ἀλλὰ
519 2650 611 2701 καὶ
646 2650 703 2703 ὲν
736 2650 889 2704 νυκτὶ
938 2653 1050 2713 τοῖς
1104 2652 1163 2704 ὲν
1210 2651 1380 2722 ταύτῃ
1432 2651 1708 2720 φαίνουσιν

140 2737 351 2807 ἄστροις
395 2742 748 2810 παραχωρεῖν
778 2742 869 2793 τὸν
915 2742 1111 2795 οἰκεῖον
1143 2740 1419 2795 ἀποτελεῖν
1464 2742 1663 2813 δρόμον
1689 2758 1704 2774 ’

140 2828 279 2894 ὅπως
314 2832 509 2895 νυκτὸς
543 2833 858 2903 γενομένης,
880 2832 973 2886 καὶ
1001 2832 1430 2897 ἐπιπολάσαντος
1457 2834 1551 2886 τοῦ
1584 2833 1709 2886 σκό·

141 2936 255 2985 τους
290 2924 355 2994 τῇ
396 2925 493 2993 γῇ,
547 2923 911 2995 ὑποσταλῆναι
956 2925 1054 2995 μὲν
1102 2927 1197 2980 καὶ⁹
1246 2926 1598 2998 ἀναχωρῆσαι
1641 2925 1710 2980 τὰ

138 3012 313 3085 ἥμερα
342 3013 458 3067 τῶν
486 3013 660 3081 ζώων,
707 3017 809 3069 ὅσα
838 3015 895 3069 δέ
927 3016 1075 3071 ἐστιν
1120 3016 1288 3088 ἄγρια
1315 3017 1503 3089 θηρία,
1537 3018 1710 3072 ταῦτα

1807 1917 1913 1963 tur.
1950 1908 2130 1962 Exibit
2162 1909 2315 1961 homo
2343 1908 2411 1961 ad
2445 1924 2572 1977 opus
2622 1924 2798 1972 suum,
2832 1918 2882 1962 et
2910 1909 2986 1962 ‘ad
3023 1913 3380 1978 operationem

1804 2018 1958 2056 suam
1996 2018 2157 2071 usque
2209 2002 2277 2055 ad
2327 2018 2613 2071 vesperum.
2662 2003 2835 2069 Quam
2880 2004 3224 2073 magniﬁcam
3257 2010 3382 2056 sunt

1806 2107 1962 2161 opera
1999 2102 2109 2157 tua,
2153 2092 2411 2147 Domine!
2442 2093 2700 2147 omniain
2730 2094 2992 2161 sapientia
3039 2093 3243 2161 fecisti,
3280 2093 3382 2145 im-

1804 2184 1945 2253 pleta
1972 2192 2049 2238 est
2080 2193 2221 2238 terra
2267 2176 2528 2239 creatione
2571 2194 2683 2237 tua.
2722 2182 2815 2237 Sol
2849 2184 3103 2253 cognovit
3123 2198 3382 2238 occasum

1808 2292 1991 2344 suum,
2032 2278 2240 2333 scilicet
2263 2294 2386 2332 eum
2419 2279 2512 2348 qui
2554 2279 2657 2333 sibi
2691 2293 2721 2331 a
2752 2277 2863 2332 Deo
2892 2278 3244 2347 praescriptus
3273 2284 3380 2331 est.

1809 2366 1903 2422 Sol
1941 2368 2139 2438 quippe
2169 2369 2351 2422 lucere
2387 2376 2599 2422 tantum
2644 2368 2827 2434 novit;
2860 2384 3035 2437 neque
3079 2368 3134 2421 id
3168 2384 3385 2437 semper

1807 2474 1873 2513 ac
1906 2467 2203 2529 perpetuo;
2251 2460 2346 2515 sed
2396 2460 2488 2513 uni
2528 2475 2765 2530 praesse
2810 2460 2942 2525 diei,
2973 2461 3029 2515 in
3064 2470 3225 2515 nocte
3254 2476 3387 2515 vero

1808 2551 1983 2607 stellis
2008 2559 2139 2605 tunc
2172 2552 2562 2621 apparentibus
2595 2552 2897 2607 concedere
2920 2553 3099 2607 locum
3131 2553 3303 2618 solet,
3326 2563 3387 2608 ut

1810 2644 2090 2712 proprium
2145 2642 2250 2697 sibi
2295 2657 2519 2696 cursum
2579 2640 2896 2708 conﬁciant,
2949 2652 3009 2697 ut
3062 2642 3388 2699 adveniente

1811 2739 1970 2785 nocte
2010 2746 2073 2784 ac
2109 2731 2349 2785 tenebris
2395 2738 2553 2785 terrm
2593 2730 2899 2799 superﬁciei
2938 2730 3385 2797 imminentibus,

1811 2822 2030 2874 mitiora
2057 2821 2276 2890 quidem
2326 2830 2381 2876 et
2416 2824 2791 2876 mansuetiora
2821 2823 3075 2875 animalia
3105 2830 3387 2893 receptum

1813 2912 2049 2967 habeant
2089 2920 2145 2967 et
2194 2912 2491 2981 secedant;
2536 2912 2665 2968 ferae
2704 2929 2835 2969 vero
2865 2914 3119 2984 quaelibet
3159 2915 3227 2969 ad
3260 2929 3389 2983 pro-

1814 3004 1994 3073 prium
2027 3003 2284 3074 quarend
2298 3018 2388 3058 um
2420 3005 2606 3060 cibum
2648 3014 2863 3071 exeant,
2898 3008 2952 3060 in
2983 3008 3206 3077 proprio
3235 3006 3388 3062 scili-

145 3106 424 3175 προσέλθοι
466 3108 559 3160 ἐπὶ
594 3108 694 3178 τὴν
737 3108 941 3162 οἰκείαν
984 3110 1228 3181 τροφήν·
1283 3111 1341 3163 ὲν
1372 3111 1555 3181 οἰκείῳ
1604 3111 1709 3183 γὰρ

1816 3100 1902 3149 cet
1936 3108 2000 3148 ac
2032 3095 2357 3165 congruenti
2386 3095 2491 3149 sibi
2516 3106 2757 3167 tempore
2774 3112 2837 3151 ac
2865 3099 3047 3153 noctis
3078 3099 3386 3154 intervallo.

145 3198 432 3269 ἀρμόζοντι
461 3201 642 3263 αὐτοῖς
670 3201 862 3272 χρόνῳ,
898 3201 975 3273 τῷ
1008 3202 1106 3274 τῆς
1142 3202 1334 3267 νυκτὸς
1365 3204 1707 3276 διαστήματι.

145 3293 395 3359 Σκύμνοι
435 3291 754 3361 ὠρυόμενοι
800 3292 1089 3362 ἁρπάσαι,
1139 3296 1237 3349 καὶ
1269 3294 1517 3365 ζητῆσαι
1555 3299 1714 3365 παρὰ

141 3380 244 3434 τοῦ
272 3380 423 3436 Θεοῦ
449 3381 681 3450 ,ϐρῶσιν
710 3383 916 3450 αὐτοῖς
939 3400 951 3413 ·
979 3384 1061 3438 ὅτι
1085 3384 1159 3455 μὴ
1194 3386 1289 3439 καὶ
1312 3386 1495 3450 αὐτοῖς
1525 3387 1713 3451 ἐξανέ-

145 3471 310 3527 τειλεν
337 3476 371 3545 ἠ
406 3472 482 3543 γῆ
516 3473 706 3543 χόρτον
741 3473 928 3546 ὥσπερ
959 3479 1072 3541 τοῖς
1113 3478 1371 3548 κτήνεσι,
1411 3478 1505 3531 καὶ
1551 3478 1715 3550 χλόην

144 3565 207 3633 τῇ
239 3564 455 3637 δουλείᾳ
480 3565 587 3620 τῶν
612 3565 930 3637 ἀνθρώπιον.
975 3567 1031 3623 Ὀ
1059 3567 1190 3633 Θεὸς
1213 3569 1289 3632 ὡς
1318 3570 1425 3622 τῶν
1458 3571 1714 3625 ἁπάντων

146 3658 416 3729 κηδεμὼν,
447 3660 541 3712 καὶ
565 3660 661 3729 τῆς
688 3659 794 3713 τῶν
831 3660 1048 3713 πάντων
1074 3660 1332 3733 διαμονῆς
1353 3678 1412 3714 τε
1447 3663 1541 3715 καὶ
1570 3663 1714 3733 ζωῆς

149 3749 397 3817 πρόνοιαν
431 3751 729 3821 εἰσφέρων,
760 3751 826 3803 τὰ
857 3752 953 3821 μὲν
1002 3751 1317 3805 ἐλαύνεσθαι
1339 3753 1443 3806 ὑπὸ
1484 3752 1592 3807 τῶν
1619 3753 1714 3806 τοῦ

146 3837 292 3909 ἡλίου
328 3840 742 3912 μαρμαρυγιῖνθη
789 3841 883 3894 καὶ
926 3840 1115 3913 ὥσπερ
1162 3842 1352 3912 ἐχθρὸν
1406 3842 1624 3911 φεύγειν
1655 3843 1716 3895 τὸ

152 3931 258 4000 φῶς
287 3933 675 4005 ᾠκονομήσατο
699 3951 711 3964 ·
753 3933 820 3987 τὰ
846 3934 903 3986 δὲ
944 3934 1020 3997 ὡς
1049 3932 1145 3986 τοῦ
1186 3934 1362 4003 φωτὸς
1395 3934 1628 4004 συγγενῆ
1658 3937 1714 3987 ὲν

152 4020 324 4095 ἡμέρᾳ
352 4022 620 4093 προϊέναι,
646 4022 741 4075 καὶ
766 4023 857 4075 τὸν
895 4023 1009 4093 βίον
1041 4022 1218 4076 αὐτῶν
1244 4023 1302 4075 ὲν
1328 4022 1405 4093 τῷ
1428 4024 1564 4091 φωτὶ
1595 4023 1715 4076 διάο

152 4123 261 4174 γειν
290 4109 665 4182 συνεχώρησε·
710 4111 817 4164 τῶν
852 4113 949 4181 μὲν
994 4110 1196 4183 θηρίων
1228 4113 1306 4175 εἰς
1352 4111 1450 4175 τὰς
1477 4111 1715 4182 μάνδρας

152 4201 322 4257 αὐτῶν
347 4203 764 4275 κοιταζομένων,
799 4203 892 4257 τοῦ
935 4204 993 4258 δὲ
1024 4203 1241 4275 λογικοῦ
1272 4203 1408 4270 ζώου
1439 4207 1497 4259 ἐν
1535 4206 1717 4278 ἡμέρᾳ

155 4292 240 4345 καὶ⁹
259 4296 397 4363 φωτὶ⁸
424 4295 703 4366 προίόντος
735 4296 826 4348 ἐπὶ
856 4296 917 4347 τὸ
938 4294 1098 4367 ἔργον
1136 4295 1299 4350 αὐτοῦ
1338 4298 1431 4350 καὶ
1477 4299 1571 4351 ἐπὶ
1615 4297 1715 4369 τὴν

155 4384 409 4454 ἐργασίαν
437 4386 600 4439 αὐτοῦ
626 4386 731 4449 ἓως
756 4387 1017 4458 ἑσπέρας.

1818 3185 1997 3240 Catuli
2028 3187 2235 3242 leonum
2264 3188 2524 3258 rugientes
2553 3189 2859 3257 utrapiant,
2883 3198 3191 3260 etquwrant
3223 3207 3255 3243 a
3281 3191 3389 3244 Deo

1814 3294 1988 3332 escam
2043 3278 2177 3343 sibi,
2224 3278 2353 3349 quia
2404 3294 2597 3349 nempe
2655 3289 2799 3334 terra
2846 3295 2958 3335 non
2992 3282 3126 3350 ipsis
3166 3281 3391 3351 perinde

1815 3380 1980 3441 atque
1999 3371 2261 3441 jumentis
2292 3370 2475 3426 fenum
2507 3371 2785 3442 produxit,
2804 3383 2857 3427 et
2884 3373 3109 3428 herbam
3138 3375 3390 3429 servituti

1816 3462 2117 3518 hominum.
2158 3462 2304 3518 Deus
2350 3471 2535 3533 utpote
2577 3464 2819 3519 omnium
2868 3480 3056 3520 curam
3090 3480 3294 3537 agens,
3326 3481 3392 3521 ac

1814 3552 2057 3608 omnium
2080 3554 2486 3609 conservationi
2521 3570 2583 3609 ac
2607 3555 2732 3609 vitae
2762 3558 3123 3626 prOSpiciens,
3152 3558 3226 3611 ita
3258 3572 3392 3628 pro-

1815 3646 1972 3711 vidit,
2005 3653 2066 3699 ut
2099 3646 2205 3700 alia
2253 3647 2475 3716 quidem
2505 3663 2535 3701 a
2562 3649 2695 3703 solis
2732 3648 2904 3703 radiis
2935 3650 3288 3718 pellerentur,
3328 3664 3395 3703 ac

1816 3737 1991 3791 lucem
2042 3744 2104 3791 ut
2151 3737 2427 3790 inimicam
2481 3738 2585 3792 sibi
2627 3738 2908 3808 fugerent;
2941 3739 3047 3792 alia
3082 3754 3230 3803 vero,
3267 3749 3393 3793 tan-

1816 3841 1978 3897 quam
2043 3827 2151 3881 luci
2212 3826 2428 3891 aﬂinia,
2474 3827 2531 3882 in
2570 3828 2658 3883 die
2704 3824 3109 3897 procederent:
3143 3830 3390 3901 ipsisque

1815 3920 2092 3975 concessit
2120 3931 2179 3973 ut
2214 3920 2269 3973 in
2312 3919 2433 3973 luce
2470 3920 2637 3974 vitam
2671 3920 2949 3991 degerent,
2991 3921 3124 3977 feris
3169 3922 3391 3993 quidem

1817 4012 1870 4066 in
1902 4011 2094 4067 lustris
2133 4012 2249 4068 suis
2280 4012 2633 4077 cubantibus,
2667 4014 2976 4069 rationabili
3010 4031 3142 4070 vero
3167 4015 3392 4070 animali

1817 4103 1875 4157 in
1903 4102 1990 4158 die
2016 4117 2080 4157 ac
2112 4103 2232 4157 luce
2270 4102 2572 4172 prodeunte
2607 4104 2675 4158 ad
2700 4119 2838 4174 opus
2871 4121 3053 4173 suum,
3081 4115 3136 4163 et
3167 4107 3235 4162 ad
3259 4122 3392 4178 ope.

1811 4194 2083 4250 rationem
2112 4208 2271 4251 suam
2308 4210 2479 4265 usque
2508 4193 2577 4249 ad
2602 4210 2913 4266 vesperum.

218 4479 377 4547 Αὕτη
406 4480 444 4546 ἡ
470 4478 749 4534 θάλασσα
776 4480 813 4546 ἢ
836 4479 1068 4549 μεγάλη
1094 4479 1193 4533 καὶ
1219 4480 1573 4551 εὐρύχωρος,
1593 4481 1709 4536 ἐκεῖ

1888 4479 2051 4536 Vens.
2084 4477 2284 4546 25,26.
2309 4478 2425 4533 Hoc
2445 4494 2591 4533 mare
2623 4494 2873 4548 magnum
2903 4487 2954 4532 et
2983 4477 3297 4546 spatiosum,
3320 4479 3390 4532 il-

152 4566 363 4635 ἑρπετὰ
399 4564 486 4624 ὧν
530 4572 640 4624 οὐκ
676 4570 847 4623 ἐστιν
875 4571 1150 4640 ἀριθμός·
1199 4570 1310 4634 ζῶα
1342 4576 1526 4643 μικρὰ
1565 4578 1719 4646 μετὰ

150 4659 438 4729 μεγάλων.
492 4663 582 4716 Ἐν
622 4661 830 4725 τούτοις
869 4663 1231 4734 παρίστησιν,
1268 4665 1383 4733 ὅτι,
1425 4665 1614 4739 ὥσπερ
1657 4669 1719 4722 τὸ

155 4750 249 4819 τῆς
280 4754 381 4824 γῆς
411 4756 669 4823 στοιχεῖον
699 4753 907 4807 πολλῶν
938 4755 1054 4807 ἐστι
1084 4754 1238 4819 ζώων
1278 4758 1590 4828 γεννητικὸν
1614 4761 1709 4815 καὶ

158 4836 460 4909 θρεπτικὸν,
494 4844 584 4897 τὸν
607 4843 769 4897 αὑτὸν
802 4844 1001 4915 τρόπον
1032 4846 1126 4899 καὶ
1154 4847 1186 4917 ἡ
1213 4847 1353 4918 ὑγρὰ
1376 4848 1532 4904 οὐσία
1566 4867 1715 4922 παμ-

156 4926 327 5002 πληθῆ
348 4932 479 5002 γένη
505 4930 657 4995 ζώων
681 4932 887 5003 τρέφει.
912 4933 986 4985 Οὐ
1014 4933 1121 5005 γὰρ
1147 4935 1335 4997 κενοὺς
1357 4936 1483 4998 τοὺς
1509 4936 1718 5009 χώρους

118 5070 121 5075 .
159 5022 187 5073 ὁ
225 5022 351 5088 Θεὸς
381 5025 664 5095 ἐποίησεν,
711 5026 845 5079 ἀλλὰ
891 5025 1042 5089 ζώων
1090 5026 1265 5080 πάντα
1315 5028 1578 5101 ἐνέπλησε
1629 5030 1719 5086 τὸν

160 5114 313 5184 ἀέρα,
339 5117 434 5187 τὴν
454 5117 576 5187 γῆν,
598 5116 696 5188 τὴν
722 5116 993 5171 θάλασσαν
1011 5135 1025 5148 ·
1049 5118 1141 5172 τὸν
1171 5119 1269 5190 μὲν
1291 5120 1513 5192 ὀρνίθων
1538 5122 1716 5192 μόνον,

158 5204 253 5275 τὴν
279 5205 335 5259 δὲ
362 5207 703 5279 τετραπόδων
758 5210 852 5261 καὶ
900 5210 1211 5281 πτερωτῶν,
1241 5211 1339 5282 τὴν
1370 5212 1426 5265 δὲ
1478 5214 1719 5285 ἀπείρων

163 5293 385 5363 ἰχθύων·
444 5292 520 5352 ὧν
571 5299 621 5352 oi
661 5298 759 5368 μὲν
797 5296 1045 5367 μείζους,
1094 5299 1146 5351 οἱ
1190 5299 1246 5353 δὲ
1287 5300 1576 5366 ἐλάττους,
1626 5302 1719 5354 καὶ

159 5387 327 5460 τροφὴ
380 5394 490 5454 τοῖς
530 5389 768 5460 μείζοσιν
804 5391 854 5443 οἱ
901 5389 1197 5454 ἐλάττονες,
1245 5392 1423 5445 καὶτὸ
1466 5393 1621 5462 γένος
1655 5394 1717 5446 ού

160 5473 473 5532 δαπανᾶται.
502 5480 611 5532 Καὶ¹
647 5478 802 5531 τοῦτο
825 5478 882 5532 δὲ
911 5479 1009 5551 τῆς
1040 5479 1191 5544 θείας
1228 5482 1549 5553 κηδεμονίας
1594 5500 1719 5535 τεκ-

166 5568 377 5639 μήριον,
400 5572 461 5624 τὸ
488 5570 555 5624 τὰ
585 5569 791 5642 σμικρὰ
819 5570 949 5643 γένη
974 5573 1090 5643 ξτοῖς
1114 5573 1368 5644 μεγάλοις
1407 5575 1727 5658 συνδιαιτᾶῆ
1750 5638 1783 5657 τ

234 5744 280 5779 ⁵⁸
314 5749 448 5806 Gen.
488 5767 537 5818 I,
568 5750 655 5807 lt.

1826 4574 1892 4629 lic
1925 4573 2159 4643 reptilia,
2179 4588 2400 4643 quorum
2432 4589 2536 4627 non
2573 4581 2651 4626 est
2688 4587 2936 4625 numerus
2961 4588 2979 4625 :
3006 4572 3265 4625 animalia
3292 4590 3393 4640 puo

1824 4666 1951 4721 silla
1981 4682 2099 4721 cum
2145 4667 2374 4737 magnis.
2429 4663 2525 4718 His
2568 4663 2829 4726 declarat,
2882 4662 3025 4717 sicut
3070 4671 3228 4715 terra:
3278 4662 3391 4717 ele-

1825 4763 2065 4811 mentum
2100 4756 2271 4810 multa
2305 4754 2661 4809 animantium
2692 4768 2890 4823 genera
2916 4753 3169 4822 producit
3190 4761 3243 4807 et
3264 4752 3390 4819 alit;

1825 4848 1899 4901 ita
1939 4847 2213 4902 humidam
2250 4847 2634 4907 substantiam,
2666 4845 2932 4915 permulta
2956 4845 3269 4898 animalium
3300 4859 3394 4915 ge-

1826 4952 1959 4991 nera
1988 4938 2249 4993 enutrirc.
2286 4935 2472 5007 Neque
2500 4938 2645 4992 enim
2692 4936 2835 4991 Deus
2880 4950 3052 4989 vacua
3091 4935 3208 4989 loca
3240 4935 3389 4998 fecit,

1827 5028 1923 5085 sed
1953 5028 2282 5083 animalibus
2335 5029 2520 5082 omnia
2563 5028 2815 5097 replevit,
2847 5041 3053 5089 aerem,
3087 5035 3308 5093 terram,
3340 5036 3395 5081 et

1825 5136 2009 5189 mare;
2040 5135 2220 5176 aerem
2258 5121 2475 5190 quidem
2507 5120 2701 5175 avibus
2735 5128 2980 5186 tantum;
3023 5126 3228 5173 terram
3266 5133 3396 5187 qua-

1828 5211 2160 5283 drupedibus
2181 5220 2233 5267 et
2254 5211 2503 5283 aligeris;
2540 5225 2691 5266 mare
2707 5210 2934 5266 inﬁnitis
2950 5210 3193 5281 piscibus
3223 5224 3396 5280 :quo-

1826 5319 1948 5359 rum
1980 5305 2087 5358 alia
2107 5304 2338 5372 majora,
2366 5303 2577 5357 minora
2602 5303 2707 5357 alia
2745 5309 2902 5369 sunt;
2934 5318 2999 5357 ac
3031 5302 3244 5357 minora
3278 5316 3398 5356 ma-

1823 5396 2036 5465 joribus
2058 5397 2110 5449 in
2133 5410 2315 5451 escam
2346 5397 2564 5459 dantur,
2602 5402 2656 5457 et
2692 5401 2875 5449 tamen
2902 5410 3074 5464 genus
3098 5409 3208 5448 non
3237 5393 3395 5447 absu-

1829 5489 2015 5540 mitur.
2052 5486 2226 5555 Atque
2248 5484 2381 5539 illnd
2403 5485 2600 5538 divinae
2626 5485 2982 5554 providentiae
3002 5484 3263 5539 indicium
3286 5492 3389 5545 est,

1827 5578 1973 5648 quod
2022 5592 2145 5633 cum
2200 5591 2367 5647 parva
2421 5577 2738 5633 animalium
2788 5592 2990 5650 genera
3030 5594 3153 5634 cum
3184 5578 3393 5648 magnis
