3868 6282
143 313 167 367 1
179 310 293 368 285

1210 310 1714 368 COMMENTARIA
1756 314 1822 369 IN
1861 314 2198 380 PSALMOS.

3268 339 3405 396 1286

135 429 238 483 καὶ
272 428 593 500 ὑψηλότεροι
644 426 807 483 αὑτοῦ
853 426 1025 492 ὄντες,
1066 428 1308 483 ποιοῦσιν
1349 431 1613 500 ἐργασίαν
1665 434 1690 484 ἐ

1795 486 1797 494 _
1825 433 2093 492 demersis
2120 434 2333 507 aliquos
2371 438 2673 502 lucrentur.
2708 446 3046 524 Insuperque
3083 453 3248 525 hujus
3281 458 3407 514 vitae

135 518 298 575 Crth
341 521 576 587 πολλοῖς,
624 518 1148 589 συγκαταϐαίνοντες
1192 520 1286 574 ἐπὶ
1334 519 1414 591 τῷ
1460 521 1722 591 κερδῆσαί

130 630 296 677 τινας
354 613 463 667 τῶν
529 611 955 683 βεϐυθισμένων.
1004 612 1125 664 Ἔτι
1173 612 1264 665 τὸν
1302 612 1426 683 τῇδε
1470 612 1565 665 τοῦ
1608 612 1721 683 βίου

129 706 548 779 περισπασμὸν,
576 705 670 759 καὶ
698 705 797 777 τὴν
830 705 887 756 ἐν
926 702 1074 774 αύτῷ
1103 702 1212 756 τῶν
1252 704 1592 775 πραγμάτων
1633 722 1723 758 πι-

132 799 282 867 κρὰν
313 799 573 869 ἀνάχυσιν
634 798 729 851 καὶ
760 797 851 851 τὸν
896 796 1236 868 ἀναφυρμὺν,
1276 797 1552 869 σημαίνων
1590 800 1721 868 ἡμῖν

126 891 369 953 ἀστείως
401 891 428 942 6
465 889 717 961 μελῳδὸς,
764 888 925 956 Αὕτη
958 887 996 955 ἠ
1032 888 1334 955 θάλασσα,
1370 891 1565 959 φησὶν,
1599 890 1729 944 ἐκεῖ

127 983 378 1051 ἑρπετὰ,
414 977 501 1037 ὧν
528 984 639 1035 οὐκ
690 982 861 1036 ἐστιν
892 982 1155 1052 ἀριθμὸς,
1188 980 1299 1043 ζῶα
1342 982 1525 1052 μικρὰ
1571 987 1724 1053 μετὰ

121 1074 430 1143 μεγάλων.
482 1074 684 1144 Ἰχθύσι
731 1075 841 1147 γὰρ
880 1077 1279 1147 παρεικαστέον
1313 1072 1373 1129 εὖ
1411 1076 1555 1147 μάλα
1593 1078 1721 1141 τοὺς

124 1168 222 1218 ἐπ’
271 1167 448 1220 οὐδενί
496 1167 595 1236 μὲν
629 1166 738 1220 ἔσθ’
769 1168 857 1220 ὅτε
909 1169 1019 1222 τῶν
1062 1169 1370 1237 ἀναγκαίων
1414 1172 1493 1234 εἰς
1535 1170 1721 1242 ὄνησιν

123 1260 261 1330 τῇδε
292 1260 514 1313 κάκεῖσε
550 1259 893 1330 διᾴττοντας,
937 1262 1031 1315 καὶ
1075 1262 1211 1332 μόνα
1263 1261 1617 1330 συλλέγοντας
1650 1262 1717 1316 τά

121 1354 343 1420 ὅσαπερ
372 1352 435 1406 ἂν
469 1352 742 1424 ἀποφῆναι
796 1356 1090 1425 σαρκικοὺς
1111 1395 1127 1421 ,
1178 1354 1273 1408 καὶ
1304 1355 1542 1419 εἰκαίους
1589 1356 1719 1409 ἀνα-

122 1443 321 1511 τλῆναι
358 1442 769 1512 παρασκευάζει
805 1444 1020 1507 πόνους.
1064 1444 1274 1498 υύκοῦν
1309 1445 1506 1516 ἰχθύων
1536 1444 1719 1516 διανη-

1822 526 2263 616 distractionem,
2295 537 2349 585 et
2376 546 2619 589 amaram
2649 538 2799 593 illam
2842 558 3025 598 rerum
3052 545 3175 616 ejus
3204 548 3402 603 confuo

1824 620 2031 674 sionem
2076 607 2627 698 commistionemque
2667 633 2876 689 urbane
2939 638 3101 694 nobis
3150 640 3402 699 indicans

1824 712 2145 782 Psalmista,
2184 715 2300 769 Hoc
2335 734 2503 788 mare,
2536 721 2733 792 inquit,
2769 726 2881 780 illic
2902 729 3137 797 reptilia,
3179 749 3404 803 quorum

1826 820 1931 858 non
1964 813 2043 859 est
2073 822 2345 873 numerus,
2379 816 2484 865 etc.
2520 809 2655 865 Nam
2697 815 2940 884 piscibus
2988 822 3234 891 apposite
3269 840 3401 880 con-

1825 892 2093 963 ferantur,
2123 897 2217 966 qui
2249 896 2315 951 ad
2345 901 2742 968 comparandas
2766 907 2864 961 sibi
2888 923 2976 964 res
3003 927 3178 983 neque
3208 930 3401 972 neces-

1825 987 2023 1051 sarias,
2068 1003 2245 1058 neque
2292 990 2474 1053 utiles,
2526 993 2632 1049 huc
2673 996 2803 1051 illuc
2841 1002 3178 1072 transiliunt,
3214 1013 3269 1061 et
3307 1009 3399 1062 illa

1822 1076 1937 1131 sola
1966 1076 2249 1148 colligunt,
2286 1093 2407 1149 qua:
2428 1080 2550 1137 illos
2582 1083 2830 1140 carnales
2856 1102 2977 1142 esse
3001 1087 3300 1157 declarent,
3335 1107 3399 1147 ac

1822 1168 2043 1225 labores
2088 1184 2280 1224 eorum
2316 1186 2487 1227 vanos
2522 1172 2822 1245 irritosque
2850 1176 3076 1232 faciant.
3103 1178 3271 1250 Igitur
3317 1183 3400 1252 pi-

1825 1262 2000 1317 scium
2028 1260 2200 1317 instar
2225 1261 2329 1317 hoc
2344 1278 2495 1318 mare
2523 1280 2777 1337 magnum
2802 1275 2855 1322 et
2882 1271 3181 1338 spatiosum
3215 1281 3400 1327 trana-

1824 1367 1970 1415 mus,
2007 1351 2261 1407 videlicet
2306 1355 2573 1410 mundum
2604 1375 2617 1411 :
2651 1372 2778 1411 nam
2808 1358 3076 1431 cujusque
3104 1363 3213 1416 vita
3246 1366 3399 1420 varia

1824 1442 2193 1513 diﬂ‘erensque
2220 1452 2327 1499 est.

122 1535 339 1606 χόμεθα
380 1535 534 1606 δίκην
564 1536 663 1607 τὴν
714 1536 973 1593 πλατεῖαν
1013 1538 1216 1611 ταύτην
1264 1540 1361 1592 καὶ
1404 1540 1718 1610 εὐρύχωρον
1776 1536 2074 1602 θάλασσαν,
2134 1537 2381 1592 τουτέστι
2416 1538 2509 1593 τὸν
2543 1540 2780 1613 κόσμον⁸
2833 1542 3085 1615 διάφορος
3131 1546 3238 1617 γάρ
3281 1562 3398 1610 πως

118 1632 153 1681 ὀ
179 1629 412 1682 ἑκάστου
440 1626 572 1697 βίος.

194 1790 437 1861 Δράκων
490 1785 688 1855 οὗτος,
740 1789 812 1843 ὃν
858 1789 1137 1855 ἔπλασας
1172 1788 1476 1860 ἐμπαίζειν
1529 1788 1688 1855 αὐτῷ

1888 1778 2052 1836 Vsus.
2079 1778 2270 1834 27-29.
2316 1779 2492 1836 Draco
2523 1783 2641 1849 iste,
2695 1800 2843 1854 quem
2884 1786 3130 1856 formasti
3163 1791 3231 1845 ad
3269 1793 3396 1847 illu-

117 1881 333 1937 Πάντα
353 1882 504 1952 πρὸς
533 1882 610 1936 σὲ
646 1880 1046 1952 προσδοκῶσι,
1078 1881 1287 1937 δοῦναι
1326 1882 1442 1951 τὴν
1477 1882 1707 1952 τροφὴν

113 1973 331 2040 αὐτοῖς
373 1976 670 2045 εὔκαιρον.
731 1976 952 2039 Δόντος
1000 1989 1117 2029 σου
1174 1975 1379 2042 αὐτοῖς
1404 2016 1419 2040 ,
1482 1974 1699 2028 συλλέ-

118 2066 335 2128 ξουσι·
381 2064 737 2131 ἁνοίξαντος
782 2062 849 2117 δέ
892 2078 1010 2117 σου
1051 2064 1167 2133 τὴν
1217 2064 1407 2134 χεῖρα,
1448 2064 1519 2118 τὰ
1551 2064 1705 2133 σύμ-

113 2169 319 2208 παντα
342 2154 803 2223 πλησθήσονται
823 2157 1251 2225 χρηστότητος.
1273 2156 1416 2227 Ὅρα
1432 2156 1479 2207 εἰ
1499 2155 1706 2227 δυνήσῃ

116 2245 408 2299 καθολικὸν
431 2246 540 2301 ἀπὸ
554 2247 743 2299 τούτου
774 2247 1021 2300 ἐκλαϐεῖν
1044 2247 1239 2318 δόγμα,
1258 2247 1333 2310 ὼς
1360 2247 1577 2301 πάντων
1598 2246 1708 2298 τῶν

113 2336 365 2407 γενητῶν
386 2337 729 2409 πενομένων,
746 2338 1083 2409 λειπομένων
1112 2356 1171 2391 τε
1201 2339 1296 2392 καὶ
1317 2338 1586 2409 δεομένων
1608 2341 1705 2409 τῆς

111 2428 273 2500 παρὰ
299 2429 393 2483 τοῦ
428 2429 562 2484 Θεοῦ
591 2430 876 2502 χορηγίας,
906 2426 975 2503 ἦς
1021 2430 1391 2502 μεταλαὸόντα
1434 2430 1703 2501 δυναμοῦσ

111 2539 207 2574 ται
245 2522 339 2575 καὶ
370 2522 563 2593 ἰσχύει,
595 2522 786 2594 ὥσπερ
809 2522 897 2576 διὰ
927 2523 1133 2595 τροφῆς
1169 2522 1471 2594 ζωούμενα.
1498 2522 1703 2576 Πάντα

106 2611 267 2681 πρὸς
298 2612 374 2665 σὲ
406 2611 849 2681 προσδοκῶσιν,
868 2612 1079 2667 δοῦναι
1117 2613 1230 2683 τὴν
1249 2614 1480 2684 τροφὴν
1497 2614 1701 2680 αὐτοῖς

108 2703 412 2772 εὐκαιρον.
456 2703 538 2757 Τὰ
571 2704 749 2758 πάντα
784 2704 841 2756 δὲ
876 2706 1056 2775 φήσας
1086 2708 1115 2759 ό
1157 2705 1314 2775 λόγος
1347 2707 1699 2778 περιείληφεν

106 2796 249 2868 ὁμοῦ
280 2796 379 2861 τὰς
410 2796 607 2867 νοητὰς
636 2796 733 2850 καὶ
765 2797 926 2865 ἁγίας
958 2796 1236 2867 δυνάμεις,
1278 2796 1379 2859 τάς
1412 2813 1473 2849 τε
1507 2795 1697 2866 αἰσθη-

105 2888 211 2952 τὰς
236 2890 330 2943 καὶ
360 2888 461 2953 τὰς
491 2892 548 2942 ἐν
582 2889 797 2961 θνητοῖς
838 2887 1104 2960 σώμασιν.
1152 2888 1308 2943 Οὕτω
1346 2890 1455 2961 γὰρ
1490 2888 1689 2959 μᾶλλον

1813 1872 2043 1927 dendum
2074 1872 2143 1925 ei.
2173 1871 2366 1927 Omnia
2409 1890 2441 1926 a
2471 1883 2518 1927 te
2547 1886 2849 1944 exspectant
2878 1888 2935 1931 ut
2968 1879 3057 1933 des
3088 1880 3197 1935 illis
3221 1899 3395 1937 escam

1813 1965 1869 2019 in
1902 1974 2146 2033 tempore.
2178 1963 2354 2019 Dante
2387 1974 2434 2019 te
2466 1966 2575 2020 illis
2603 1967 2871 2039 colligent,
2907 1974 3167 2040 aperiente
3190 1984 3237 2028 te
3276 1993 3393 2029 ma-

1814 2073 1939 2112 num
1980 2057 2158 2110 omnia
2213 2058 2573 2127 implebantur
2624 2060 2873 2116 bonitate.
2916 2061 3053 2119 Vide
3100 2081 3169 2120 an
3214 2070 3395 2138 possis

1814 2148 1943 2203 hinc
1975 2148 2173 2219 dogma
2214 2150 2549 2204 catholicum
2592 2152 2864 2222 excipere,
2899 2155 3047 2227 quod
3082 2172 3276 2213 omnes
3303 2176 3395 2216 res

1812 2250 2010 2296 creatae
2054 2240 2247 2310 inopes
2299 2241 2411 2295 sint
2471 2258 2535 2296 ac
2575 2242 2670 2299 Dei
2700 2246 2989 2316 largitione
3038 2258 3252 2318 egeant,
3285 2267 3392 2321 qua

1810 2342 2036 2403 accepta
2059 2335 2395 2389 roborantur
2424 2349 2489 2389 ac
2522 2336 2722 2407 vigent,
2746 2347 2933 2409 utpote
2950 2356 3074 2397 esca
3105 2343 3272 2397 vitam
3305 2360 3394 2399 ac-

1807 2425 2096 2497 cipientes.
2134 2426 2329 2481 Omnia
2365 2436 2469 2480 ate
2502 2438 2828 2498 exspectant,
2860 2442 2917 2484 ut
2947 2432 3037 2487 des
3066 2434 3176 2488 illis
3215 2452 3392 2490 escam

1805 2520 1862 2574 in
1893 2528 2142 2589 tempore.
2192 2518 2331 2575 Cum
2376 2535 2543 2591 porro
2586 2524 2766 2577 omnia
2812 2524 3032 2593 dixerit,
3078 2530 3391 2599 spirituales

1804 2619 1859 2667 et
1881 2619 2103 2667 sanctas
2126 2611 2385 2676 virtutes,
2418 2628 2635 2669 necnon
2668 2616 2979 2683 sensibiles,
3014 2635 3134 2689 qua:
3158 2623 3210 2675 in
3243 2638 3391 2677 mor-

1806 2702 2005 2758 talibus
2062 2702 2388 2772 corporibus
2437 2714 2587 2769 sunt,
2618 2721 2726 2759 una
2766 2709 3087 2779 complexus
3115 2720 3219 2766 est.
3252 2711 3391 2768 Nam

1800 2796 1876 2850 ita
1918 2795 2013 2851 Dei
2055 2795 2275 2850 bonitas
2320 2797 2494 2865 magis
2527 2797 2805 2863 elucescit,
2856 2800 3001 2870 quod
3031 2809 3140 2857 tam
3189 2804 3387 2877 dignis,

1798 2902 1960 2958 quam
1986 2886 2248 2958 indignis,
2284 2902 2441 2943 suam
2484 2887 2763 2957 impertiat
2793 2891 3206 2963 benignitatem.

110 2981 374 3052 μειζόνως
396 2984 431 3054 ἡ
462 2982 735 3053 ἀναθότης
762 2980 1076 3053 διαλάμπει,
1105 2981 1184 3054 τῷ
1212 2983 1306 3037 καὶ
1338 2983 1508 3049 ἀξίοις
1535 2984 1626 3037 καὶ
1656 2982 1730 3055 μὴ
1765 2982 1935 3046 ἀξίοις
1971 2981 2071 3053 τῆς
2102 2982 2231 3053 παρ’
2260 2981 2424 3035 αὑτοῦ
2459 2984 2825 3057 χρηστότητος
2860 2987 3200 3056 μεταδοῦναι.

192 3143 555 3211 Ἀντανελεῒς
578 3143 644 3197 τὸ
674 3144 911 3214 πνεῦμα
938 3142 1137 3198 αὐτῶν
1170 3144 1268 3197 καί
1303 3144 1683 3212 ἐκλείψουσι,

1860 3140 2029 3197 Vens.
2059 3138 2149 3196 '50.
2182 3142 2400 3210 Auferes
2432 3142 2675 3209 spiritum
2709 3158 2914 3207 eorum,
2944 3152 2993 3197 et
3023 3146 3287 3216 deﬁcient,
3334 3160 3386 3205 et

104 3236 205 3290 καί
221 3238 307 3300 εἰς
329 3235 437 3289 τὸν
466 3237 619 3305 χοῦν
642 3236 841 3291 αὐτῶν
854 3236 1314 3305 ἐπιστρέψουσι.
1334 3236 1690 3300 Ἐξαποστε-

98 3327 233 3393 ,ἱεῖς
250 3328 317 3381 τὸ
334 3327 726 3398 πνεῦμάζσου,
745 3329 845 3383 καὶ
862 3329 1314 3398 κτισθήσονται,
1340 3328 1437 3381 καὶ
1454 3329 1692 3382 ἀνακαι-

99 3419 251 3485 νιεῒς
278 3419 345 3473 τὸ
379 3421 707 3488 πρόσωπον
738 3419 850 3489 τῆς
881 3419 1013 3491 γῆς.
1052 3420 1188 3492 Περί¹
1221 3418 1524 3492 ἀνθρώπων
1574 3419 1631 3472 δέ
1661 3419 1690 3471 ό

100 3507 281 3575 λόγος,
318 3509 412 3562 καὶ
457 3504 607 3579 οἶμαί
649 3527 713 3589 γε
763 3510 849 3563 διὰ
889 3509 1095 3563 τούτων
1129 3512 1228 3581 τὴν
1280 3510 1373 3563 τοῦ
1423 3510 1689 3581 παρόντος

102 3600 299 3663 αἰῶνος
320 3599 609 3671 δηλοῦσθαι
645 3602 956 3656 συντέλειαν
980 3642 995 3667 ,
1027 3603 1123 3657 καὶ
1152 3602 1250 3674 τὴν
1275 3602 1366 3657 τοῦ
1401 3603 1687 3673 μέλλοντος

98 3689 415 3743 ἀνανέωσιν·
443 3691 517 3755 ὡς
548 3692 612 3746 ἂν
645 3694 716 3764 μή
736 3711 819 3757 τις
853 3695 1127 3767 ὑπονοήσῃ
1152 3696 1231 3757 εἰς
1259 3695 1483 3764 ἄπειρον
1516 3711 1686 3747 κατοι-

97 3783 295 3835 τείνειν
316 3784 413 3854 τὴν
442 3784 723 3856 παροῦσαν
745 3785 839 3837 τοῦ
866 3786 1073 3855 κόσμου
1105 3785 1381 3849 σύστασιν,
1406 3784 1521 3838 ἀλλ’
1544 3784 1684 3854 ἔχοι-

102 3887 202 3940 μεν
229 3870 448 3936 ἐλπίδας
476 3875 556 3935 εἰς
590 3874 795 3926 ἐκεῖνον
824 3875 912 3927 τὸν
945 3875 1061 3927 νέον
1101 3874 1272 3927 αἰῶνα
1301 3874 1393 3926 καὶ
1426 3875 1524 3945 τὴν
1550 3874 1682 3927 ἀνά-

99 3976 310 4023 στασιν,
336 3962 401 4031 ἢν
431 3964 458 4015 6
487 3962 642 4031 λόγος
674 3964 973 4034 παρίστησι
1004 3962 1140 4036 μετά
1162 3964 1221 4016 τὸ
1245 3965 1428 4033 φάναι,
1452 3967 1555 4029 Εἰς
1576 3966 1685 4017 τόν

95 4052 252 4119 χοῦν
278 4052 477 4106 αὐτῶν
524 4054 999 4123 ἐπιστρέφουσιν
1019 4096 1032 4120 ,
1070 4054 1363 4124 ἐπαγαγών
1383 4073 1396 4085 ·
1441 4056 1683 4120 Ἐξαπο-

95 4144 336 4209 στελεῖς
372 4146 439 4198 τὸ
475 4146 709 4218 πνεῦμά
739 4164 855 4201 σου
892 4148 953 4200 τὸ
988 4147 1270 4214 ζωοποιδν,
1305 4148 1402 4200 καὶ
1440 4146 1683 4214 κτισθή-

92 4252 330 4301 σονται,
364 4239 427 4289 ἐκ
480 4238 584 4308 γῆς
639 4240 1026 4310 ἀνιστάμενοι,
1074 4240 1172 4293 καὶ
1217 4240 1583 4305 ἀνακαινιεῖς
1613 4240 1679 4294 τὸ

92 4330 423 4397 πρόσωπον
447 4329 558 4399 τῆς
589 4331 718 4401 γῆς,
746 4332 804 4384 τὸ
833 4332 1025 4395 κάλλος
1057 4332 1157 4402 τῆς
1183 4333 1305 4401 γῆς,
1333 4332 1531 4403 δηλαδὴ
1556 4332 1680 4396 τοὺς

90 4424 203 4477 ἀπὸ
278 4424 382 4493 γῆς
430 4423 768 4487 πλασθέντας
833 4424 1173 4495 ἀνθρώπους.
1258 4424 1521 4478 Ἐνταῦθα
1584 4442 1679 4477 σα-

91 4517 210 4587 φῶς
262 4518 392 4588 ἡμῖν
424 4516 517 4569 καὶ
549 4515 645 4586 τὴν
684 4516 976 4570 ἀνάστασιν
1020 4515 1394 4588 προεκήρυξε,
1435 4519 1530 4569 καὶ
1580 4517 1677 4588 τὴν

88 4609 181 4663 διὰ
211 4608 309 4662 τοῦ
355 4609 619 4677 παναγίου
662 4610 980 4680 Πνεύματος
1015 4609 1335 4673 ἀναϐίωσιν,
1366 4611 1460 4662 καὶ
1492 4610 1585 4662 τὸν
1620 4612 1675 4662 ἐν

87 4702 345 4773 ἐσχάτοις
378 4702 471 4755 τοῦ
502 4702 694 4765 αἰῶνος
724 4705 936 4774 καιροῖς
958 4702 1066 4755 τῶν
1101 4701 1456 4773 ἀνθρωπίνων
1490 4702 1677 4771 σωμά-

85 4814 223 4859 των,
260 4795 647 4866 ἀναπλασμόνο
679 4796 777 4867 τήν
810 4813 867 4848 τε
896 4798 976 4859 εἰς
1019 4795 1078 4847 τὸ
1122 4791 1275 4859 αὖθις
1307 4791 1445 4848 εἶναι
1498 4811 1676 4866 παρα-

85 4888 301 4957 γωγήν.
326 4889 434 4941 Καὶ
468 4889 759 4951 δείκνυσιν,
788 4888 862 4952 ὡς
889 4890 1048 4953 αὑτός
1074 4890 1218 4942 ἐστιν
1249 4892 1277 4942 6
1314 4890 1409 4944 καὶ
1439 4889 1669 4942 θανάτου

84 4979 186 5032 καὶ
209 4978 354 5047 ζωῆς
378 4979 749 5049 δεσπότης.οὐ
778 4980 886 5051 γάρ
918 4978 1163 5050 βούλεται
1197 4984 1307 5043 τοῖς
1330 4978 1672 5050 σκυθρωποῖς

83 5070 466 5141 ἐνδιατρίϐειν,
485 5071 622 5125 ἀλλά
653 5071 907 5125 τοσοῦτον
935 5071 1102 5125 εἰπὼν
1128 5074 1251 5126 ὅσον
1282 5070 1538 5143 φοϐῆσαι,
1567 5070 1671 5124 πάν

83 5162 173 5215 λιν
201 5162 293 5215 ἐπὶ
317 5161 385 5214 τὰ
400 5161 611 5233 χρηστά
638 5161 901 5228 ἐπανάγει
916 5160 1006 5213 τὸν
1025 5161 1202 5229 λόγον,
1222 5162 1315 5214 καὶ
1344 5161 1481 5231 ὅπερ
1503 5159 1668 5213 ἀλλα-

81 5252 186 5325 χοῦ
208 5252 442 5325 εῐρηται,
465 5255 547 5307 ὅτι
576 5254 669 5308 καὶ
686 5252 915 5306 θανάτου
947 5254 1041 5306 καὶ
1065 5252 1211 5323 ζωῆς
1238 5252 1402 5316 αὐτός
1432 5254 1547 5305 ἐστι
1564 5251 1672 5305 Κύ-

84 5342 402 5417 ριος,τοῦτο
421 5343 652 5397 ἐνταῦθα
675 5343 842 5415 δηλοῖ,
877 5342 968 5396 καί
999 5359 1130 5414 φησι
1158 5343 1285 5407 τοὺς
1313 5345 1393 5406 εἰς
1424 5344 1515 5396 τὸν
1538 5342 1667 5413 χοῦν

81 5434 524 5508 ἐπιστρέψαντας
540 5436 642 5488 ὑπὸ
658 5434 750 5488 τοῦ
768 5434 907 5488 Πνεύ
916 5451 1083 5505 ματος
1114 5434 1415 5500 κτίζεσθαι,
1434 5437 1529 5490 καὶ
1544 5439 1666 5490 άνα-

80 5526 429 5592 καινίζεσθαι
461 5529 566 5580 τῶν
592 5526 892 5598 ἀνθρώπων
920 5527 981 5579 τὸ
1012 5527 1167 5594 γένος
1192 5544 1204 5556 ·
1238 5529 1269 5597 ἡ
1301 5529 1408 5599 γὰρ
1434 5531 1667 5582 ἀνάστα-

45 5608 49 5615 ’
84 5635 174 5683 σις
194 5619 276 5680 εἰς
298 5618 359 5669 τὸ
391 5618 615 5688 ἀρχαῖόν
648 5620 795 5671 ἐστιν
835 5618 1293 5680 ἀποκατάστασις.
1340 5618 1667 5689 Ἀποστολὴν

79 5710 141 5763 δὲ
182 5707 341 5762 καλεῖ
367 5708 460 5760 τοῦ
497 5707 809 5777 Πνεύματος
840 5709 939 5779 τὴν
974 5709 1110 5780 πρὸς
1136 5709 1196 5762 τὸ
1224 5710 1467 5779 ἐνεργεῖν
1501 5710 1666 5763 αὑτοῦ

76 5794 510 5874 συγκατάεασιν,
538 5802 596 5854 ού
627 5801 722 5871 τὴν
748 5803 809 5854 ἐκ
840 5802 1003 5855 τόπου
1036 5804 1111 5865 εἰς
1140 5802 1305 5856 τόπον
1333 5803 1629 5873 μετάϐασιν
1650 5822 1662 5835 ·

1794 3236 1846 3288 in
1900 3235 2165 3303 pulverem
2232 3250 2387 3288 suum
2440 3243 2784 3287 revertentur.
2837 3234 3062 3290 Emittes
3135 3242 3385 3309 spiritum

1795 3332 2031 3388 tuum,et
2052 3323 2392 3387 creabantur,
2424 3332 2474 3377 et
2505 3324 2779 3378 renovabis
2810 3325 3001 3393 faciem
3028 3330 3383 3388 terraMEsti-

1792 3431 1883 3471 mo
1903 3416 1971 3471 de
1997 3416 2315 3471 hominibus
2349 3416 2439 3470 hic
2466 3430 2775 3471 sermonem
2802 3416 3014 3481 haberi,
3050 3434 3115 3473 ac
3138 3436 3383 3490 praesen-

1790 3508 1862 3563 tis
1884 3508 2072 3564 sazculi
2104 3508 2633 3563 consummationem
2663 3508 2946 3580 futurique
2967 3514 3377 3571 renovationem

1791 3596 1877 3652 his
1904 3596 2238 3669 signiﬁcari;
2271 3604 2332 3651 ut
2367 3612 2435 3651 ne
2459 3600 2583 3668 quis
2601 3599 2979 3669 suspicaretur
2997 3600 3161 3671 hujus
3187 3604 3379 3658 mundi

1791 3696 1994 3745 statum
2035 3690 2091 3743 in
2121 3696 2388 3744 aeternum
2417 3705 2740 3745 mansurum
2776 3706 2930 3757 esse;
2967 3694 3064 3747 sed
3099 3710 3252 3763 spem
3275 3696 3375 3750 ba-

1787 3780 2044 3835 beremus
2074 3780 2131 3833 in
2165 3780 2299 3833 illud
2333 3793 2536 3833 novum
2585 3780 2869 3845 saaculum,
2904 3797 2969 3835 ac
3015 3785 3377 3841 resurrectio-

1787 3887 1913 3927 nem
1944 3887 2108 3942 quam
2138 3887 2321 3928 sermo
2347 3872 2610 3936 declarat,
2646 3888 2769 3928 cum
2803 3881 3159 3945 posteaquam
3209 3877 3371 3943 dixit,

1789 3962 1854 4018 In
1874 3963 2135 4032 pulverem
2167 3980 2321 4019 suum
2348 3972 2688 4028 revertentur,
2715 3964 2961 4033 subjicit,
2990 3964 3215 4020 Emittes
3246 3968 3363 4034 spi-

1786 4058 1947 4111 ritum
1971 4067 2119 4111 tuum
2149 4056 2447 4119 viviﬁcum,
2476 4065 2526 4111 et
2553 4055 2893 4121 creabantur,
2927 4073 2994 4112 ex
3021 4066 3167 4111 terra
3192 4075 3374 4114 resur-

1786 4157 1998 4220 gentes,
2036 4160 2085 4204 et
2129 4148 2401 4203 renouabis
2448 4149 2641 4217 faciem
2685 4158 2859 4212 terra’,
2904 4150 3371 4219 pulchritudinem

1785 4241 2034 4296 videlicet
2060 4248 2239 4305 terrae,
2267 4240 2319 4293 id
2347 4248 2453 4304 est,
2476 4240 2728 4295 homines
2755 4256 2822 4295 ex
2856 4249 3000 4296 terra
3030 4243 3365 4300 eﬂormatos.

1784 4330 1885 4386 llic
1932 4332 2081 4387 clare
2123 4331 2284 4386 nobis
2323 4331 2814 4397 resurrectionem,
2860 4347 3059 4386 novam
3108 4347 3206 4402 per
3237 4349 3368 4388 san-

1782 4424 2091 4479 ctissimum
2124 4421 2390 4492 Spiritum
2428 4422 2617 4486 vitam,
2655 4437 2719 4476 ac
2749 4423 3115 4477 humanorum
3165 4439 3365 4493 corpo-

1709 4503 1753 4557 D
1784 4533 1905 4572 rum
1935 4516 1992 4570 in
2017 4514 2321 4570 novissimo
2351 4516 2539 4570 saeculi
2572 4522 2816 4585 tempore
2842 4517 2897 4568 in
2926 4514 3217 4585 pristinam
3252 4515 3366 4571 for-

1779 4623 1925 4661 mam
1983 4606 2411 4672 restitutionem,
2460 4607 2793 4677 przenuntiat
2826 4625 2840 4660 :
2880 4607 3122 4677 itemque
3158 4608 3364 4679 produ-

1778 4697 2014 4751 ctionem
2046 4697 2195 4750 illam
2240 4705 2301 4751 ut
2344 4712 2565 4752 rursum
2604 4697 2953 4752 exsistamus.
3002 4696 3366 4768 Ostenditque

1778 4788 1960 4858 ipsum
1992 4802 2116 4843 esse
2158 4794 2212 4842 et
2245 4790 2439 4843 mortis
2465 4798 2519 4843 et
2560 4787 2683 4841 vita:
2724 4786 3037 4845 Dominum.
3081 4788 3202 4843 Non
3246 4792 3363 4845 vult

1775 4880 1921 4935 enim
1970 4895 2074 4935 nos
2110 4879 2168 4933 in
2212 4880 2467 4936 tristibus
2516 4894 2871 4949 permanere;
2921 4881 3017 4936 sed
3067 4890 3361 4952 postquam

1773 4980 2004 5029 eatenus
2028 4974 2119 5027 illa
2146 4973 2305 5038 dixit,
2339 4980 2615 5043 quatenus
2643 4989 2745 5029 nos
2774 4972 3260 5043 perterrefaceret;
3293 4976 3359 5028 ad

1760 5063 1994 5119 'mitiora
2032 5079 2251 5119 rursum
2289 5079 2600 5119 sermonem
2648 5064 2900 5120 reducit:
2934 5073 2988 5121 et
3033 5067 3182 5136 quod
3227 5067 3355 5121 alibi

1774 5154 1983 5211 dictum
2010 5164 2116 5221 est,
2145 5157 2409 5229 quoniam
2454 5157 2581 5211 vita:
2623 5164 2679 5211 et
2721 5158 2916 5213 mortis
2947 5159 3065 5229 ipse
3090 5157 3357 5215 Dominus

1773 5255 1878 5317 est,
1907 5248 2146 5319 idipsum
2174 5248 2288 5319 jam
2317 5249 2527 5304 indicat
2554 5256 2609 5305 et
2638 5250 2736 5316 ait,
2755 5265 2851 5306 eos
2874 5252 2967 5321 qui
2994 5252 3047 5305 in
3074 5249 3358 5321 pulverem

1774 5341 1977 5396 reversi
1995 5349 2124 5397 sunt
2147 5357 2175 5396 a
2204 5340 2409 5412 Spiritu
2428 5342 2716 5405 creandos,
2734 5357 2796 5397 ac
2827 5344 3202 5398 renovandum
3232 5357 3357 5397 esse

1772 5447 1945 5503 genus
1976 5433 2275 5489 humanum
2306 5448 2464 5487 :nam
2496 5435 2829 5490 resurrectio
2869 5444 2953 5491 est
2982 5437 3038 5491 in
3058 5436 3355 5507 pristinum

1771 5526 2069 5580 restitutio.
2115 5524 2479 5580 Emissionem
2533 5535 2715 5580 autem
2777 5527 3015 5597 Spiritus
3073 5537 3355 5601 nuncupat

1770 5618 1892 5687 ejus
1921 5617 1989 5671 ad
2023 5616 2359 5685 operandum
2384 5617 2734 5682 descensum,
2764 5634 2875 5673 non
2915 5634 3045 5676 vero
3092 5622 3354 5676 mutatio-

1770 5727 1895 5767 nem
1927 5726 1957 5765 a
1993 5711 2112 5765 loco
2156 5710 2211 5764 in
2244 5710 2447 5773 locum,
2482 5709 2610 5779 quia
2640 5708 2874 5780 Spiritus
2908 5711 3117 5766 Domini
3138 5714 3353 5782 replevit

1776 5802 1954 5860 orbem
1979 5812 2267 5872 terrarum,
2304 5821 2332 5859 ιι
2363 5820 2471 5878 quo
2498 5804 2664 5861 facies
2693 5813 2855 5861 teme
2914 5817 3231 5867 renovatur.
3260 5804 3354 5863 Et-
