3868 6282
514 282 653 336 19.87

1149 277 1411 332 EUSEBll
1451 275 1926 332 C/ESARIENSIS
1963 275 2082 332 OPP

2186 275 2350 332 PARS
2389 275 2475 333 Ill.
2516 307 2588 317 —
2626 272 3031 334 EXEGETICA:

3545 289 3641 348 ωδ

512 401 655 455 enim
675 398 788 450 haec
803 403 886 450 est
911 404 1068 450 terrae
1099 394 1467 464 pulchritudo,
1495 393 1754 447 animalia
1783 408 1904 463 quae
1934 394 1988 446 in
2016 406 2078 446 ea

2186 393 2262 446 ’ὁτι
2299 394 2541 463 Πνεῦμα
2573 395 2794 464 Κυρίου
2837 392 3187 463 πεπλήρωκε
3218 394 3326 463 τὴν
3351 401 3644 471 οἰκουμένην,

513 498 662 551 sunt,
707 490 928 558 plantae,
976 494 1031 540 et
1081 486 1361 541 hominum
1403 500 1596 555 genus.
1641 482 1717 558 Ut_
1753 494 1934 539 autem
1987 486 2076 538 illa

513 555 939 641 constituantur,
975 579 1282 632 necessaria
1316 587 1400 631 est
1427 577 1652 647 spiratio
1673 555 1727 630 et
1750 576 1858 628 vita
1890 576 1957 630 ab
1986 577 2079 630 illo

512 674 658 736 data,
707 687 869 742 quam
897 678 954 726 et
985 671 1116 724 dare
1158 677 1213 722 et
1241 667 1486 738 accipere
1531 667 1632 736 ipsi
1683 665 1942 735 perfacile
1973 675 2077 732 est,

513 773 675 834 atque
702 762 817 816 hinc
843 761 1026 815 omnia
1053 767 1279 830 repente
1302 773 1366 811 ac
1395 758 1546 810 nullo
1575 757 1794 827 negotio
1828 758 2038 826 peragit
2063 775 2075 811 :

514 857 567 909 id
596 856 739 910 enim
789 854 872 908 vel
925 853 1220 907 maximum
1270 859 1353 905 est
1385 849 1604 904 virtutis
1636 849 1756 917 ejus
1794 863 2080 918 argumen-

514 950 649 995 tum.
693 939 857 994 Vides
898 939 1062 994 etiam
1090 941 1145 992 in
1180 937 1430 1008 praesenti
1461 939 1570 992 vita
1601 937 2078 1002 resurrectionem,

514 1033 571 1086 in
606 1032 936 1095 seminibus,
981 1031 1035 1084 in
1075 1031 1296 1099 plantis,
1333 1036 1496 1098 atque
1534 1030 1587 1082 in
1636 1029 1754 1098 ipso
1799 1029 2079 1082 hominum

517 1142 714 1198 genere
749 1139 1061 1196 expressam
1102 1123 1170 1176 ad
1207 1121 1596 1177 meditandum.
1645 1123 1922 1198 Siquidem
1963 1122 2081 1176 ani-

517 1196 678 1273 malia
712 1227 765 1273 et
798 1219 992 1288 planta:
1023 1224 1318 1269 extremam
1358 1215 1481 1269 vita:
1511 1217 1776 1270 rationem
1808 1196 2078 1278 obtinent,

515 1325 621 1380 qua
653 1310 887 1374 sublata,
915 1316 975 1362 ut
1001 1308 1205 1361 dictum
1234 1313 1339 1371 est,
1365 1314 1478 1360 tota
1510 1309 1618 1362 vita
1647 1307 1828 1362 deficit
1853 1327 1867 1361 :
1891 1315 1944 1362 et
1959 1322 2081 1378 qua:

515 1402 731 1458 residua
760 1408 908 1464 sunt,
944 1400 1085 1469 quod
1123 1415 1232 1469 prae
1279 1400 1593 1454 inﬁrmitate
1638 1400 1801 1454 vitam
1853 1414 2078 1456 conser-

513 1511 642 1550 vare
670 1510 778 1548 non
827 1494 1058 1563 possint,
1091 1492 1158 1546 ad
1204 1507 1371 1547 unum
1409 1501 1466 1547 et
1515 1493 1655 1545 idem
1696 1499 2078 1556 revertuntur;

513 1602 576 1642 ac
621 1601 815 1639 rursus
856 1584 1114 1638 animalia
1163 1583 1318 1638 ﬁunt.
1361 1581 1626 1651 Quodque
1677 1581 2078 1637 divinissimum

511 1689 617 1743 est,
646 1694 750 1733 nos
793 1694 859 1733 ex
887 1683 1026 1741 toto,
1057 1675 1312 1730 videlicet
1345 1675 1557 1730 animas
1584 1683 1637 1730 et
1679 1675 1814 1744 ipsis
1848 1673 2081 1742 conjun-

2185 487 2274 553 ὑφ’
2311 480 2372 540 οὗ
2397 486 2458 539 τὸ
2508 487 2796 558 πρόσωπον
2828 487 2926 557 τῆς
2953 487 3056 557 γῆς
3109 487 3495 553 ὰνακαινίζεται.
3529 495 3651 550 Τοῦτο

2183 579 2292 652 γάρ
2325 580 2517 643 κάλλος
2539 621 2553 643 ,
2608 581 2706 650 τῆς
2740 579 3062 650 οἰκουμένης
3109 579 3177 633 τὰ
3226 579 3336 644 ζῶα
3361 582 3424 634 τὰ
3453 585 3501 635 ὲν
3528 587 3650 658 nisi,

2183 675 2250 728 τὰ
2281 674 2442 744 φυτὰ,
2485 673 2592 727 τῶν
2630 672 2930 744 ἀνθρώπων
2969 672 3031 725 τὸ
3082 673 3262 741 γένος’
3293 673 3422 728 ὥστε
3452 676 3502 730 δὲ
3531 681 3653 735 ταῦτα

2186 766 2476 836 συστῆναι,
2532 768 2630 836 τῆς
2679 766 2806 835 παρ’
2853 763 3019 818 αὑτοῦ
3056 765 3330 836 διδομένης
3374 767 3511 837 χρεία

2185 859 2278 910 καὶ
2311 857 2455 927 ζωῆς
2480 872 2491 886 ·
2522 858 2590 928 ἢν
2641 858 2734 911 καὶ
2761 856 2939 910 δοῦναι
2982 857 3074 910 καὶ
3108 855 3284 910 λαϐεῖν
3332 858 3464 928 αὐτῷ
3504 862 3653 931 ῥᾴδιον,

2183 949 2279 1003 καὶ
2326 949 2502 1003 πάντα
2559 949 2698 1021 μετὰ
2733 950 2928 1020 τάχους
2973 948 3069 1002 καὶ
3120 949 3377 1013 εὐκολίας.
3423 952 3516 1004 Καὶ

2187 1039 2422 1109 μάλιστα
2453 1039 2724 1092 δείκνυσιν
2747 1039 2910 1092 αὑτοῦ
2937 1039 3035 1111 τὴν
3065 1039 3236 1109 ἰσχύν.
3279 1040 3430 1111 Ὁρᾷς
3457 1043 3534 1094 καὶ
3550 1043 3592 1095 ἐν
3611 1045 3660 1113 τῷ

2185 1131 2413 1202 παρόντι
2478 1130 2578 1200 βίῳ
2633 1131 3009 1202 μελετωμένην
3041 1131 3139 1202 τὴν
3198 1131 3476 1186 ἀνάστασιν
3513 1136 3558 1186 ὲν
3590 1139 3662 1197 crit;

2186 1223 2492 1294 σπέρμασιν
2511 1262 2526 1287 ,
2580 1224 2636 1276 ὲν
2662 1227 2775 1287 τοῖς
2815 1228 3001 1293 φυτοῖς
3024 1265 3038 1288 ,
3070 1225 3162 1277 καὶ
3210 1225 3268 1277 ἐν
3313 1223 3450 1294 αὐτῷ
3475 1224 3540 1294 τῷ
3567 1226 3664 1293 γένει

2184 1314 2291 1367 τῶν
2317 1313 2636 1386 ἀνθρώπων.
2662 1317 2772 1369 Καὶ
2809 1312 2922 1379 ζῶα
2947 1315 3056 1386 γὰρ
3082 1315 3174 1368 καί
3207 1314 3347 1383 φυτὰ
3377 1317 3485 1368 κατ’
3507 1315 3665 1384 ἔσχατον

2182 1407 2452 1477 ἀτιήχημα
2480 1406 2580 1478 τῆς
2619 1407 2762 1478 ζωῆς
2785 1406 2967 1477 έχουσι
3006 1407 3068 1459 τὸ
3097 1403 3253 1465 εἶναι,
3292 1402 3359 1477 ἧς
3398 1408 3667 1478 ἀνταναιρου-

2189 1495 2355 1566 μένης
2387 1496 2529 1549 κατὰ
2557 1496 2618 1549 τὸ
2642 1496 2841 1565 λόγιον,
2887 1497 3125 1549 ἐκλείπει
3154 1499 3302 1548 πᾶσα
3327 1495 3452 1566 ζωὴ,
3476 1497 3555 1548 καὶ
3578 1498 3669 1567 πρὸς

2184 1587 2242 1640 ἓν
2269 1587 2340 1640 τὰ
2363 1588 2715 1643 ἐκλελοιπότα
2743 1591 2807 1659 τῇ
2844 1589 2978 1658 πρὸς
3001 1589 3061 1641 τὸ
3107 1590 3354 1658 μετέχειν
3386 1589 3533 1657 αὐτῆς
3563 1588 3670 1641 ἀσθε-

2185 1679 2302 1752 νείᾳ
2345 1681 2506 1734 πάλιν
2560 1681 2994 1754 ὲπιστρεφόμενα
3019 1720 3034 1744 ,
3066 1680 3226 1735 πάλιν
3258 1680 3370 1744 ζῶα
3401 1678 3592 1748 γίνεται.
3625 1681 3672 1732 Τὸ

512 1779 599 1824 cta
631 1783 882 1839 corpora,
911 1767 977 1821 ad
1013 1765 1379 1820 omnimodam
1424 1766 1588 1820 vitam
1620 1772 1672 1820 et
1705 1766 2082 1820 immortalita-

2186 1769 2243 1822 δὲ
2293 1769 2587 1833 θειότατον,
2619 1770 2701 1824 ὅτι
2739 1771 2833 1824 καὶ
2876 1771 3012 1835 ὅλως
3045 1773 3212 1842 ἡμᾶς,
3269 1770 3440 1840 ψυχάς
3467 1788 3583 1840 φημι
3613 1774 3672 1826 καὶ

511 1871 622 1917 tem
652 1858 1065 1916 transferendos
1087 1873 1210 1913 esse
1238 1857 1290 1910 in
1327 1857 1613 1927 promissis
1633 1857 1930 1912 habemus:
1961 1872 2081 1926 qua:

512 1969 602 2009 res
647 1969 778 2008 sane
822 1950 1066 2020 antiquis
1112 1958 1306 2019 praeter
1335 1958 1588 2002 naturam
1631 1965 1753 2005 esse
1789 1947 1929 2003 forte
1963 1949 2080 2004 visa

513 2043 678 2099 fuerit
707 2057 721 2094 :
752 2057 815 2095 ac
858 2055 1046 2094 revera
1080 2047 1133 2092 et
1159 2039 1398 2094 divinum
1424 2054 1562 2108 opus
1589 2046 1674 2094 est
1705 2046 1759 2093 et
1786 2053 1950 2108 supra
1981 2053 2078 2092 na-

511 2142 724 2200 turam;
754 2139 1025 2192 naturam,
1065 2130 1307 2198 inquam,
1341 2139 1605 2194 nostram,
1638 2145 1743 2184 non
1775 2144 1904 2184 vero
1937 2129 2081 2183 illam

512 2227 662 2284 omni
689 2226 890 2278 virtute
928 2223 1178 2292 plenam:
1215 2221 1344 2275 huic
1377 2222 1522 2276 enim
1570 2221 1717 2276 nulla
1750 2222 1861 2276 vita
1889 2230 2084 2290 praeter

513 2327 764 2374 naturam
811 2323 905 2370 aut
937 2329 1103 2385 supra
1146 2322 1393 2367 naturam
1438 2321 1551 2379 est;
1579 2314 1762 2383 itaque
1808 2312 1936 2368 hinc
1970 2328 2085 2368 ser-

512 2424 730 2471 mones,
758 2406 1060 2462 secundum
1081 2401 1322 2455 Simonis
1347 2401 1614 2454 insaniam
1641 2399 1926 2454 adversum
1958 2413 2085 2468 pro-

511 2501 632 2563 lati,
676 2497 1052 2566 repudientur.
1088 2493 1320 2559 Quidam
1355 2507 1485 2546 vero
1515 2493 1595 2546 sic
1634 2492 1800 2544 hosce
1839 2491 2085 2544 versicu-

511 2593 596 2648 los
627 2592 903 2661 explicant
931 2607 943 2642 :
981 2585 1200 2639 Emittes
1223 2583 1484 2652 Spiritum
1515 2593 1681 2648 tuum,
1715 2581 1808 2651 qui
1851 2595 1947 2650 per
1986 2580 2086 2634 ba-

512 2686 773 2755 ptismum
807 2678 1038 2744 accedit,
1065 2686 1120 2733 et
1161 2678 1494 2731 creabuntur
1537 2675 1594 2730 in
1622 2689 1817 2730 novam
1869 2679 2087 2727 creatu-

510 2791 652 2840 ram,
687 2775 742 2830 in
764 2788 961 2829 novum
987 2771 1281 2842 populum;
1315 2769 1388 2824 ita
1419 2777 1476 2824 ut
1494 2769 1644 2839 prior
1670 2767 1884 2840 quidem
1916 2764 2087 2819 inter—

513 2869 747 2940 pretatio
796 2866 1132 2935 intelligatur
1175 2862 1243 2917 de
1285 2861 1692 2917 resurrectione
1720 2875 1786 2915 ex
1831 2858 2082 2922 mortuis,

514 2959 734 3031 quando
772 2968 918 3013 terra
956 2959 1324 3020 renovabitur,
1391 2962 1444 3008 et
1481 2953 1798 3007 liberabitur
1831 2966 1862 3004 a
1893 2965 2086 3006 corru-

517 3055 743 3126 ptione;
779 3051 1023 3107 secunda
1051 3066 1205 3117 vero,
1239 3049 1307 3104 de
1346 3046 1755 3117 regeneratione
1783 3059 1882 3116 per
1908 3042 2086 3112 bapti-

513 3162 712 3202 smum.

589 3261 750 3315 Vens.
777 3260 968 3314 5l-55.
1001 3259 1082 3313 Sit
1108 3257 1280 3327 gloria
1303 3255 1517 3311 Domini
1543 3255 1600 3308 in
1629 3252 1902 3316 sarculum,
1937 3251 2088 3305 (tcta-

515 3354 656 3406 bitur
687 3352 944 3405 Dominus
974 3352 1028 3403 in
1057 3351 1297 3418 operibus
1323 3350 1456 3404 suis.
1481 3347 1588 3414 Qui
1621 3346 1831 3415 respicit
1865 3354 2084 3409 terram,

512 3453 562 3497 et
590 3442 720 3510 facit
755 3457 871 3495 eam
901 3447 1140 3503 tremere,
1168 3439 1257 3509 qui
1285 3439 1455 3508 tangit
1486 3445 1685 3490 montes
1720 3446 1768 3489 et
1801 3434 2083 3504 fumigant.

515 3531 756 3588 Cantabo
810 3529 1042 3585 Domino
1089 3530 1146 3583 in
1191 3529 1298 3583 vita
1346 3544 1482 3593 mea,
1535 3526 1768 3595 psallam
1815 3525 1926 3580 Deo
1973 3541 2086 3579 meo

512 3625 748 3696 quandiu
773 3637 910 3678 sum.
935 3620 1409 3691 Quandoquidem,
1435 3619 1530 3682 ait,
1573 3618 1688 3673 haec
1712 3617 1934 3681 edidici,
1962 3616 2086 3672 ideo

513 3724 682 3770 totam
722 3715 884 3769 vitam
921 3728 1095 3768 meam
1128 3713 1186 3766 in
1216 3712 1446 3781 hymnos
1466 3717 1520 3766 et
1551 3709 1769 3765 laudem
1809 3709 2086 3765 Creatoris

512 3806 788 3862 insumam
817 3822 832 3860 :
867 3811 922 3860 et
949 3802 1189 3875 quandiu
1213 3801 1472 3856 vivam.et
1501 3799 1557 3854 in
1596 3800 1698 3854 hac
1731 3801 1840 3854 vita
1867 3800 2085 3871 degant,

513 3899 757 3954 debitum
786 3897 1056 3968 psalmum
1081 3893 1305 3949 reddam
1342 3891 1453 3946 Deo
1481 3906 1623 3946 meo.
1652 3889 1765 3945 lloc
1792 3905 1958 3961 porro
1990 3890 2085 3943 ad-

511 3990 870 4044 ditamentum
903 4001 1157 4058 magnum
1190 3985 1408 4040 exhibet
1434 3983 1686 4038 affectum
1715 3990 1770 4038 et
1800 3981 2084 4035 familiari-

513 4086 680 4136 tatem
709 4094 833 4133 cum
862 4077 994 4134 Deo.
1021 4076 1142 4132 Non
1171 4077 1309 4131 dixit
1341 4076 1506 4140 enim,
1531 4075 1761 4146 psatlam
1796 4073 1930 4139 Deo,
1960 4082 2087 4127 tan-

514 4179 653 4235 tum,
688 4170 806 4234 sed,
845 4169 956 4223 Deo
983 4186 1116 4224 meo.
1151 4168 1375 4222 Videtur
1416 4181 1649 4236 namque
1675 4166 1876 4230 dicere,
1911 4166 1962 4221 ei
1987 4164 2083 4234 qui

513 4278 602 4317 me
623 4263 849 4322 creavit,
885 4275 949 4314 ac
979 4260 1260 4323 enutrivit,
1288 4259 1643 4327 omniumque
1675 4257 1943 4312 bonorum
1983 4273 2082 4311 au-

510 4361 634 4408 ctor
661 4352 794 4407 milii
833 4350 951 4406 fuit.
995 4350 1093 4404 llic
1119 4359 1298 4404 autem
1334 4350 1607 4403 canticum
1642 4349 1793 4412 dicit,
1825 4363 1934 4403 non
1965 4364 2085 4403 ver-

2186 1859 2253 1913 τά
2283 1861 2487 1932 συζυγῆ
2517 1859 2764 1932 σώματα,
2797 1863 2935 1934 πρὸς
2965 1861 3201 1933 παντελῆ
3231 1861 3375 1934 ζωὴν
3414 1863 3498 1915 καὶ
3530 1863 3673 1916 ἀθανα-

2189 1951 2308 2006 σίαν
2334 1953 2662 2024 ἐπήγγελται
2691 1955 3046 2026 μεταθήσειν
3077 1956 3310 2026 πρᾶγμα
3330 1957 3395 2024 τῇ
3430 1954 3674 2022 παλαιότητι

2187 2044 2288 2114 μὲν
2314 2044 2441 2107 ἴσως
2464 2045 2614 2114 παρὰ
2643 2044 2802 2114 φύσιν
2833 2045 3043 2108 δοκοῦν,
3077 2051 3141 2118 τῇ
3165 2048 3221 2099 δὲ
3247 2046 3466 2118 ἀληθείᾳ
3487 2047 3565 2099 καὶ
3581 2047 3675 2099 θεῖον

2186 2137 2282 2189 καὶ
2321 2136 2460 2209 ὑπὲρ
2490 2136 2650 2205 φύσιν
2675 2137 2772 2207 τὴν
2811 2137 2932 2190 καθ’
2974 2139 3140 2207 ἡμᾶς,
3183 2138 3247 2191 οὐ
3300 2137 3395 2208 τὴν
3442 2137 3674 2208 πανσθενῆ·

2188 2227 2322 2296 αὐτῇ
2355 2227 2462 2298 γὰρ
2490 2227 2611 2280 οὐδὲ
2643 2227 2743 2297 μία
2777 2226 2888 2298 ζωὴ
2929 2227 3077 2298 παρὰ
3111 2228 3352 2298 φύσιν,ἢ
3389 2228 3514 2298 ὑπὲρ
3550 2227 3675 2295 ςύσιν,

2185 2316 2327 2370 ὥστε
2357 2317 2405 2370 oi
2453 2317 2580 2388 περὶ
2611 2317 2814 2370 τούτων
2848 2317 2948 2386 τῆς
2981 2319 3270 2387 παροινίας
3301 2317 3524 2387 Σίμωνος
3550 2318 3676 2388 ἀντιρ-

2191 2411 2402 2481 ρητικοὶ
2426 2411 2574 2478 λόγοι
2613 2409 3091 2482 ὰπεληλάσθωσαν.
3137 2412 3299 2474 Τινὲς
3324 2412 3379 2464 δὲ
3407 2411 3534 2464 οὕτω
3556 2411 3677 2462 νοοῦσι

2186 2504 2314 2566 τοὺς
2341 2503 2555 2574 στίχους
2571 2520 2584 2533 ·
2627 2503 2969 2566 Ἀποστελεῖς
3000 2504 3058 2556 τὸ
3083 2502 3312 2574 Πνεῦμά
3338 2521 3446 2570 σου,
3467 2503 3518 2556 τὸ
3535 2502 3601 2555 διὰ
3618 2501 3677 2554 τοῦ

2192 2595 2343 2664 ἁγίου
2375 2596 2746 2667 βαπτίσματος
2773 2597 3093 2665 ἐπιφοιτῶν,
3122 2598 3215 2649 καὶ
3260 2597 3599 2667 κτισθήσοντιιι
3628 2597 3678 2656 είς

2191 2687 2383 2757 καινὴν
2421 2687 2617 2755 κτίσιν,
2657 2689 2736 2751 είς
2769 2688 2887 2740 νέον
2938 2687 3096 2740 λαόν·
3133 2687 3208 2751 ὡς
3250 2687 3478 2741 νοεῖσθαι
3504 2686 3583 2757 τὴν
3617 2685 3678 2755 μὲν
3770 2681 3771 2688 ‘

2192 2779 2460 2849 προτέραν
2491 2780 2783 2850 ἑρμηνείαν
2830 2781 2958 2852 περὶ
3006 2783 3105 2851 τῆς
3138 2781 3204 2833 ὲκ
3258 2779 3462 2850 νεκρῶν
3511 2779 3677 2832 ἀναπά-

2193 2887 2347 2933 σεως,
2378 2871 2466 2922 ὅτε
2513 2871 2606 2922 καὶ
2637 2873 2668 2941 ἡ
2714 2872 2783 2942 γῆ
2839 2871 3354 2942 ἁνακαινισθήσεται
3382 2871 3470 2924 καὶ
3509 2868 3680 2923 ἀπαλλα-

2191 2963 2415 3032 γήσεται
2443 2963 2542 3033 τῆς
2581 2962 2818 3032 φθορᾶς,
2866 2963 2964 3035 τὴν
2994 2964 3050 3018 δὲ
3089 2963 3354 3038 δευτέραν
3389 2964 3504 3034 περὶ
3543 2963 3616 3032 τῆς
3641 2963 3680 3012 ἐκ

2195 3053 2571 3124 βαπτίσματος
2611 3053 3048 3123 παλιγγενεσίας.

2264 3237 2417 3290 Ἦτω
2447 3237 2486 3305 ἡ
2521 3235 2672 3301 δόξα
2701 3237 2924 3305 Κυρίου
2961 3239 3046 3303 εἰς
3092 3236 3197 3291 τὸν
3250 3236 3463 3292 aliIn-cr
3501 3238 3682 3306 sigm-

2189 3327 2438 3394 θήσεται
2474 3329 2688 3396 Κύριος
2731 3328 2832 3382 ἐπὶ
2885 3329 3011 3395 τοῖς
3054 3329 3254 3398 ἔργοις
3293 3330 3491 3384 αὐτοῦ.
3527 3331 3577 3383 Ὅ
3602 3331 3680 3382 ἐπι-

2189 3417 2424 3473 ϐλέπων
2445 3420 2544 3473 ἐπὶ
2572 3419 2689 3488 τὴν
2719 3419 2837 3489 γῆν
2865 3419 2964 3474 καί
2993 3421 3180 3473 ποιῶν
3219 3421 3417 3488 αὐτὴν
3442 3420 3681 3489 τρέμειν,ὀ

2187 3514 2518 3582 ἁπτόμενος
2549 3513 2668 3568 τῶν
2706 3512 2890 3582 ὀρέων
2919 3515 3015 3568 καί
3048 3514 3448 3575 καπνίζονται.
3479 3517 3609 3583 ’ᾼσω
3634 3509 3681 3573 τῷ

2187 3603 2381 3670 Κυρίῳ
2419 3604 2490 3657 ἐν
2532 3603 2608 3672 τῇ
2651 3603 2760 3673 ζωῇ
2802 3623 2941 3674 μου,
2981 3606 3155 3673 ψαλῶ
3195 3605 3281 3670 τῷ
3322 3604 3438 3671 Θεῷ
3477 3622 3576 3674 μου
3612 3603 3680 3665 ἕως

2185 3693 2452 3763 ὑπάρχω.
2493 3695 2708 3766 Ἐπειδὴ
2742 3696 2914 3749 ταῦτα
2959 3697 3311 3767 δεδίδαγμαι,
3361 3698 3511 3768 φησι,
3553 3695 3680 3748 τοῦτο)

2187 3789 2344 3860 χάριν
2378 3790 2556 3842 πᾶσαν
2593 3787 2690 3860 τὴν
2729 3787 2873 3860 ζωήν
2917 3805 3016 3859 μου
3059 3790 3138 3852 είς
3184 3788 3355 3859 ὕμνον
3397 3785 3679 3842 καταναλὼεω

2185 3879 2262 3950 τῷ
2289 3879 2633 3952 δημιουργῷ’
2670 3880 2764 3932 καὶ
2804 3879 2908 3942 ἓως
2947 3880 3011 3933 ἃν
3049 3879 3125 3943 ζῶ
3167 3881 3267 3932 καὶ
3313 3880 3527 3950 ὑπάρχω
3559 3879 3604 3929 ἐν
3631 3871 3678 3940 τῷ

2187 3972 2287 4042 βίῳ
2318 3973 2489 4042 τούτῳ
2518 3971 2609 4025 τὸν
2634 3971 2974 4041 ὀφειλόμενον
2999 3971 3210 4042 ψαλμὸν
3247 3971 3501 4025 ἀποδώσω
3523 3965 3676 4038 τῷ

2189 4081 2309 4134 μου.
2343 4062 2547 4133 Πολλὴν
2575 4062 2629 4115 δὲ
2657 4063 2907 4132 ἐμφαίνει
2938 4060 3173 4114 διάθεσιν
3201 4063 3301 4115 καὶ
3326 4061 3567 4113 οἰκείωσιν
3588 4054 3676 4125 πρὸς

2184 4155 2275 4208 τὸν
2298 4153 2428 4206 Θεὸν
2459 4156 2492 4224 ἡ
2519 4153 2822 4225 προσθήκη.
2857 4154 2929 4206 Οὐ
2968 4152 3075 4224 γάρ
3107 4149 3226 4205 εἷπε
3250 4193 3266 4215 ,
3301 4151 3470 4221 ψαλῶ
3493 4149 3557 4215 τῷ
3582 4143 3674 4208 Θεῷ.

2183 4247 2338 4311 ἀλλὰ,
2370 4246 2448 4313 τῷ
2479 4246 2598 4311 Θεῷ
2622 4265 2759 4315 μου.
2795 4247 2975 4299 Ἔοικε
3003 4246 3111 4317 γὰρ
3137 4247 3388 4315 φάσκειν,
3409 4245 3480 4314 τῷ
3505 4237 3675 4295 minati
3770 4319 3771 4322 η

2188 4358 2254 4410 με
2283 4340 2376 4391 καὶ
2407 4339 2664 4408 θρέψαντι
2690 4339 2782 4391 καὶ
2815 4339 3028 4392 πάντων
3052 4338 3208 4409 αἰτίῳ
3246 4355 3336 4409 μοι
3368 4335 3577 4406 γεγονότι
3608 4329 3674 4382 τῶν

513 4443 602 4498 bis
656 4443 840 4508 modo,
888 4442 984 4498 sed
1029 4450 1082 4497 et
1133 4441 1391 4512 operibus
1442 4440 1876 4511 persolvendum.
1925 4440 2082 4507 Quod

2187 4427 2424 4498 ἀγαθῶν.
2464 4428 2617 4499 ’ῼδὴν
2671 4427 2726 4480 δὲ
2768 4427 2998 4481 ἐνταῦθα
3043 4428 3188 4497 λέγει
3250 4430 3314 4482 οὑ
3357 4427 3449 4498 τὴν
3501 4424 3572 4476 διὰ
3610 4421 3674 4472 τῶν

511 4535 656 4589 enim
681 4550 804 4590 sese
829 4536 940 4589 Deo
968 4533 1262 4588 multorum
1288 4533 1586 4588 debitorem
1611 4541 1954 4601 agnosceret,
1980 4548 2079 4588 ne-

511 4636 620 4694 que
646 4625 862 4695 dignam
886 4623 1121 4694 aliquam
1144 4625 1556 4680 retributionem
1584 4623 1830 4694 proferre
1854 4625 2080 4690 valeret,

511 4730 676 4786 quam
722 4715 904 4778 habet,
935 4715 1078 4770 hanc
1112 4715 1354 4785 deponit,
1389 4723 1448 4770 ut
1481 4717 1691 4771 scilicet
1723 4731 1846 4770 eum
1889 4731 2083 4786 perpe-

514 4815 611 4864 tuo
639 4807 853 4877 hymnis
876 4806 1131 4870 celebret,
1158 4821 1222 4860 ac
1243 4822 1306 4862 ea
1326 4807 1382 4860 in
1406 4822 1466 4861 re
1495 4813 1661 4863 totam
1687 4807 1856 4861 vitam
1881 4809 2084 4862 transi-

513 4905 623 4968 gat.
657 4897 893 4952 Audiant
924 4898 1016 4966 qui
1049 4904 1162 4951 tota
1186 4898 1273 4952 die
1299 4898 1352 4951 in
1378 4899 1843 4968 negotiationibus
1874 4909 1927 4954 et
1947 4913 2081 4953 cau-

515 4989 674 5059 ponis
707 4998 1118 5043 versantur:ac
1163 5003 1233 5043 ne
1272 4987 1358 5042 vel
1401 4987 1571 5042 semel
1614 4987 1680 5040 ad
1726 5003 1916 5057 preces
1961 5003 2084 5044 sese

513 5085 858 5143 convertunt,
907 5085 1236 5148 quantorum
1293 5092 1586 5131 munerum
1640 5077 1915 5132 debitores
1971 5076 2083 5132 Deo

517 5171 648 5228 sint.
681 5170 797 5225 Hoc
832 5171 956 5225 vitae
984 5170 1198 5224 lucrum
1227 5178 1332 5233 est,
1377 5169 1488 5224 Deo
1531 5164 1879 5230 benedicere.
1919 5177 2083 5239 atque

517 5263 620 5317 hac
649 5261 704 5316 in
745 5276 805 5315 re
834 5261 997 5314 vitam
1036 5274 1195 5330 agere
1224 5260 1445 5330 dignum
1475 5268 1578 5315 est.
1606 5258 1736 5314 Jure
1766 5266 1946 5313 autem
1988 5258 2083 5312 ad-

511 5353 645 5421 jecit
686 5350 840 5415 illud,
894 5349 962 5405 In
1009 5351 1116 5404 vita
1164 5366 1314 5413 mea;
1364 5358 1418 5404 et
1466 5351 1621 5414 illud,
1663 5349 1917 5418 Quandiu
1963 5365 2082 5402 sum

511 5442 740 5509 psallam
781 5443 905 5496 Deo.
935 5440 1120 5510 Neque
1163 5442 1308 5495 enim
1352 5449 1437 5496 est
1473 5441 1745 5511 quispiam
1794 5440 1850 5493 in
1885 5449 2079 5504 morte,

513 5529 607 5597 qui
632 5545 841 5586 memor
880 5532 951 5587 sit
977 5532 1119 5602 ejus,
1157 5533 1208 5586 in
1237 5531 1452 5586 inferno
1486 5541 1667 5587 autem
1698 5531 1821 5601 quis
1849 5530 2080 5585 conﬁte-

515 5617 700 5672 bitur?
730 5618 821 5673 Sic
852 5621 1016 5675 fatuis
1049 5623 1349 5693 virginibus
1371 5623 1632 5692 nuptialis
1653 5622 1888 5676 cubiculi
1911 5620 2081 5690 janua

515 5710 703 5765 clausa
730 5719 835 5771 est,
866 5711 996 5779 quia
1027 5725 1236 5782 tempus
1287 5715 1431 5776 quod
1468 5715 1523 5769 in
1561 5713 1798 5771 ferendis
1825 5713 2080 5782 lampadi-
2104 5778 2117 5790 κ

2187 4522 2465 4593 ῥημάτων,
2493 4519 2629 4574 ἀλλὰ
2656 4519 2749 4572 καὶ
2779 4519 2878 4591 τὴν
2904 4519 2990 4573 διὰ
3026 4521 3133 4572 τῶν
3169 4520 3364 4592 ἔργων.
3403 4517 3584 4588 Ἐπειδὴ
3607 4514 3673 4581 γὰρ

2183 4609 2338 4686 εὗρεν
2376 4611 2566 4667 ἑαυτὸν
2601 4611 2810 4666 πολλῶν
2849 4612 2977 4665 ὄντα
3023 4613 3322 4668 ὑπεύθυνον
3357 4616 3432 4685 τῷ
3468 4611 3580 4680 Θεῷ.
3617 4605 3673 4659 καὶ

2182 4706 2444 4760 ἀντίδοσιν
2477 4704 2729 4776 οὐδεμίαν
2777 4705 2932 4769 ἀξίαν
2963 4705 3253 4776 δυνάμενον
3302 4704 3610 4762 καταϐαλεῖν,
3633 4699 3672 4766 ἦν

2184 4798 2314 4868 ἔχει,
2351 4797 2553 4868 ταύτην
2575 4797 2917 4868 κατατίθησι,
2941 4797 3003 4850 τὸ
3041 4799 3300 4868 διηνεκῶς
3333 4800 3523 4869 ὑμνεῖν,
3543 4793 3589 4845 τὸ

2185 4907 2281 4943 σαν
2313 4893 2392 4953 εἰς
2429 4890 2587 4943 τοῦτο
2616 4891 2915 4958 δαπανῆσαι
2961 4890 3060 4960 τὴν
3106 4889 3271 4962 ζωήν.
3312 4877 3668 4943 Ἀκουέτωσανσῖ

2184 4981 2587 5052 πραγματείαις
2618 4981 2710 5034 καὶ
2748 4980 3070 5049 καπηλείαις
3103 4982 3190 5034 διὰ
3229 4981 3408 5052 πάσης
3436 4971 3665 5040 natarum"

2187 5090 2336 5144 μενοι
2362 5076 2460 5145 τῆς
2495 5074 2726 5144 ἡμέρας,
2757 5073 2851 5125 καὶ
2891 5072 3010 5126 οὐδὲ
3053 5072 3199 5137 ἅπαξ
3235 5076 3314 5136 εἰς
3357 5071 3506 5141 εὐχὴν
3533 5060 3664 5135 τρεπὼ

2186 5182 2356 5236 μενοι,
2381 5166 2504 5219 ὅσον
2538 5165 2674 5219 εἰσὶν
2699 5163 2984 5218 ὑπεύθυνοι
3022 5165 3100 5235 τῷ
3127 5165 3243 5235 Θεῷ
3262 5181 3274 5193 ·
3303 5163 3449 5217 τοῦτο
3467 5161 3549 5229 τῆς
3570 5155 3664 5221 imi;

2181 5256 2243 5309 τὸ
2270 5257 2482 5328 κέρδος,
2517 5256 2576 5308 τὸ
2614 5257 2852 5325 εὐλογεῖν
2892 5256 2984 5310 τὸν
3028 5256 3179 5319 Θεὸν,
3214 5257 3302 5311 ἐπὶ
3333 5256 3489 5325 τούτῳ
3513 5251 3584 5302 καὶ
3605 5246 3664 5310 ἣν

2183 5347 2350 5414 ἄξιον.
2385 5349 2621 5412 Εἰκότως
2659 5348 2716 5401 δὲ
2749 5348 3074 5420 προσέθηκε,
3118 5351 3190 5402 ἐν
3225 5347 3298 5415 τῇ
3336 5346 3440 5414 ζωῇ
3466 5360 3577 5413 μου,
3607 5333 3664 5388 καὶ

2181 5442 2262 5505 τὸ,
2289 5441 2399 5506 ἕως
2437 5440 2706 5509 ὑπάρχω,
2745 5440 2922 5510 ψαλῶ
2967 5440 3046 5506 τῷ
3090 5440 3228 5508 Θεῷ.
3259 5441 3331 5493 Οὐ
3363 5440 3460 5508 γάρ
3490 5439 3602 5486 ἐστιν
3630 5427 3662 5476 ἐν

2185 5533 2398 5602 θανάτῳ
2445 5534 2472 5585 ὁ
2533 5533 2883 5602 μνημονεύων
2945 5532 3107 5586 αὐτοῦ
3130 5573 3144 5594 ,
3209 5534 3263 5585 ὲν
3313 5531 3367 5584 δὲ
3409 5528 3476 5597 τῷ
3511 5525 3585 5594 ᾄδῃ
3611 5515 3662 5570 τίε

2184 5623 2666 5694 ὲξομολογήσεται;
2716 5623 2901 5686 Οὕτως
2961 5624 3286 5693 ἀπεκλείσθη
3354 5622 3461 5682 ταῖς
3518 5609 3660 5685 μωραιὲ

2185 5714 2475 5788 παρθένοις
2507 5715 2599 5770 τοῦ
2633 5715 2917 5787 νυμφῶνος
2971 5718 3004 5787 ὴ
3032 5714 3192 5789 θύρα,
3248 5715 3334 5770 τὸν
3381 5713 3482 5783 τῆς
3505 5709 3657 5774 λαμπα-
