3868 6282
183 315 304 370 1289

1313 286 1816 364 COMMENTARIA
1852 300 1919 361 av
1958 300 2296 363 nsanos.

3265 305 3399 365 1291]

169 432 417 506 δηφορίας
480 429 668 501 καιρὸν
742 432 819 493 εἰς
874 426 1170 503 ἀγορασίαν
1236 429 1413 482 ἐλαίου
1482 426 1731 481 δαπανώ-

1837 426 1936 481 bus
1960 424 2265 497 transigere
2292 423 2583 489 debebant,
2625 425 2681 479 in
2714 425 2834 480 oleo
2878 426 3108 481 emendo
3148 440 3399 480 consum-

174 542 305 588 σαις.

246 637 548 703 Ἠδυνθείη
569 634 727 700 αὐτῷ
750 636 788 704 ἡ
813 633 1061 705 διαλογὴ
1080 650 1198 703 μου
1220 649 1233 661 ·
1258 631 1374 702 ἐγὼ
1396 630 1464 685 δὲ
1485 633 1731 701 εὐφραν-

169 730 416 798 θήσομαι
440 728 537 781 ἐπὶ
566 726 645 793 τῷ
674 728 882 796 Κυρίῳ.
914 726 1035 798 Είη,
1066 727 1217 797 φησι,
1251 725 1477 780 τοιαῦτά
1510 742 1575 796 με
1602 723 1731 795 ᾆσαι

169 821 258 875 καὶ
286 818 470 888 ψάλαι,
501 818 575 882 ὡς
599 819 890 891 ἡδυνθῆναι
921 818 1067 890 αὐτῷ
1101 815 1189 871 τὸν
1217 817 1350 887 ἐμοῦ
1376 817 1608 887 καρπὸν,
1635 817 1731 888 τὴν

167 911 408 981 διαλογήν
458 926 594 980 μου·
638 911 883 965 τουτέστι
921 911 1021 983 τὴν
1053 909 1280 975 διὰλεξίν
1317 928 1438 981 μου,
1476 908 1573 979 τὴν
1606 910 1731 979 ὀμι-

168 999 277 1054 λίαν
310 1017 429 1069 μου,
462 1002 561 1070 τὴν
589 998 823 1053 αἴνεσιν·
861 1003 889 1054 6
942 1000 1046 1074 γὰρ
1088 1002 1304 1072 ψάλλων
1332 1002 1451 1073 Θεῷ
1491 1002 1731 1071 διαλέγε-

166 1106 269 1143 ται.
301 1089 363 1142 Τί
393 1089 450 1143 δέ
493 1092 662 1157 ἐστιν,
715 1091 1015 1161 Ἡδυνθειή
1051 1094 1211 1161 αὐτῷ
1238 1095 1276 1163 ἡ
1306 1093 1557 1165 διαλογή
1581 1111 1731 1163 μου;

164 1181 541 1251 εὐπρόσδεκτος
592 1184 825 1250 γένοιτο,
879 1186 1071 1257 ἀρέσαι
1120 1186 1354 1259 δεχθείη,
1399 1187 1588 1260 ἡδίστη
1640 1187 1733 1240 καὶ

163 1274 490 1343 τερπνοτάτη
550 1274 735 1345 ὀφθείη
793 1274 871 1347 τῷ
915 1275 1051 1348 Θεῷ.
1104 1278 1245 1350 Ἀρα
1293 1282 1326 1350 ἠ
1385 1272 1518 1350 εὐχὴ
1582 1276 1731 1333 οὐδὲν

163 1365 339 1432 ἔτερόν
366 1366 511 1417 ἐστιν
549 1362 581 1435 ἢ
618 1366 849 1432 διάλεξις
882 1368 1018 1441 πρὸς
1052 1369 1202 1423 Θεόν.
1243 1370 1520 1440 Ἐννόησον
1554 1368 1731 1423 τοίνυν

162 1452 252 1524 τὴν
275 1453 610 1524 ψαλμῳδίαν,
637 1459 694 1510 ἐν
717 1458 848 1529 αὐτῇ
876 1462 973 1531 τὴν
999 1452 1503 1532 ἀμοιϐὴν’ἕχουσαν.
1530 1460 1595 1513 Τί
1622 1461 1731 1531 γὰρ

163 1546 267 1607 ἴσον
310 1546 504 1614 γένοιτ’
540 1548 605 1602 ἂν
648 1547 742 1602 τοῦ
781 1549 900 1621 Θεῷ
946 1551 1325 1620 διαλέγεσθαι;
1393 1553 1455 1605 'H
1506 1552 1730 1624 τοιαύτη

161 1636 394 1708 θορύϐων
427 1639 831 1695 ἀπαλλάττεται
876 1642 1045 1712 ψυχὴ,
1088 1645 1166 1706 είς
1211 1643 1301 1696 τὸν
1335 1643 1558 1714 οὐρανὸν
1605 1642 1734 1714 μεθ-

158 1726 384 1790 ίσταται,
408 1727 521 1780 τῶν
539 1729 849 1799 συνδέσμων
870 1730 962 1783 τοῦ
990 1730 1237 1803 σώματος
1259 1733 1570 1796 ἀπολύεται,
1606 1750 1733 1785 πτε-

162 1818 355 1887 ροῦται,
396 1820 702 1891 κουφοτέρα
739 1822 1078 1886 καθίσταται,
1112 1822 1424 1878 ἀποτίθεται
1456 1825 1525 1877 τὰ
1556 1824 1727 1893 πάθη,

158 1909 434 1962 ἀποδύεται
468 1912 534 1966 τά
562 1915 859 1984 νοσήματα.
912 1917 974 1968 El
1001 1916 1108 1986 γὰρ
1129 1916 1397 1989 ἀνθρώπῳ
1418 1934 1502 1982 τις
1528 1916 1731 1987 συνετῷ

159 2003 245 2054 καὶ
289 2000 411 2055 νοῦν
466 2003 639 2073 ἔχοντι
686 2007 1096 2077 διαλεγόμενος,
1141 2011 1248 2064 ἀπὺ
1289 2006 1388 2081 τῆς
1429 2009 1642 2080 ὁμιλίας
1680 2029 1733 2065 τι

158 2093 411 2163 κερδάνας
463 2093 781 2167 ἀπέρχεται,
811 2100 839 2150 6
888 2098 1025 2169 πρὸς
1080 2098 1171 2152 τὸν
1225 2100 1358 2153 Θεὸν
1397 2100 1623 2170 ὁμιλῶν,
1651 2116 1736 2153 εν-

158 2185 336 2256 νόησον
380 2186 559 2257 πόσην
610 2188 961 2260 καρπώσεται
1002 2190 1100 2261 τὴν
1138 2192 1358 2262 ἀρετήν.
1380 2173 1531 2263 Ἀρα
1567 2191 1735 2262 ὕμνος

158 2276 301 2332 τοῦτό
343 2280 495 2332 ἐστιν
537 2281 571 2351 ὴ
617 2282 753 2351 πρὸς
793 2282 924 2335 Θεὸν
975 2282 1177 2352 ὁμιλία.
1227 2282 1353 2347 Πῶς
1387 2284 1432 2338 δ’
1483 2286 1551 2338 ἂν
1596 2283 1733 2352 αῦτη

158 2369 392 2441 ήδυνθείη
438 2370 518 2440 τῷ
560 2371 714 2441 Θεῷς
752 2374 814 2425 Εἰ
850 2373 960 2437 βίος
997 2375 1081 2443 εἴη
1105 2373 1365 2444 καθαρὸς,
1397 2378 1444 2428 εἰ
1473 2375 1618 2446 ψυχὴ
1645 2394 1734 2445 φι-

158 2460 474 2531 λοσοφοῦσα.
504 2464 672 2518 Ὅταν
706 2465 815 2537 γὰρ
858 2469 1037 2521 πᾶσαν
1073 2466 1357 2539 ἁναλώσῃς
1398 2468 1494 2541 τὴν
1525 2470 1736 2542 ἡμέραν

159 2551 470 2623 εὐχόμενος,
504 2555 605 2624 τῆς
639 2556 911 2619 πολιτείας
936 2558 1419 2630 ἀντιπραττούσης,
1448 2562 1546 2614 ούκ
1574 2563 1737 2614 ἀκου-

161 2640 320 2715 σθήσῃ
356 2644 580 2715 ῥᾳδίως,
607 2647 666 2698 οὐ
701 2648 863 2717 μόνον
889 2648 1067 2713 αὐτὸς,
1100 2650 1213 2704 ἀλλ’
1244 2652 1352 2705 οὐδ’
1382 2652 1567 2723 ἕτερος
1593 2654 1733 2724 ὑπὲρ

161 2733 245 2786 σοῦ
272 2735 428 2788 τοῦτο
461 2737 648 2791 ποιῶν.
682 2740 868 2794 Ταῦτα
888 2740 945 2793 δὲ
975 2740 1136 2809 λέγω,
1178 2743 1278 2813 οὐχ
1320 2743 1407 2797 ἵνα
1455 2744 1529 2815 μὴ
1573 2759 1739 2814 προσ·

158 2826 465 2897 ευχὼμεθα,
502 2829 611 2881 οὐδ’
642 2830 726 2883 ἴνα
762 2830 837 2902 μὴ
866 2831 1174 2903 ψάλλωμεν,
1206 2834 1323 2887 ἀλλ’
1360 2836 1446 2887 ἴνα
1474 2836 1610 2905 μετά
1641 2835 1734 2888 τοῦ

157 2914 364 2983 ψάλλειν
391 2919 494 2970 καὶ
518 2918 632 2988 βίου
661 2921 756 2973 καὶ
780 2920 1053 2984 πολιτείας
1073 2923 1479 2995 ἐπιμελώμεθα.
1504 2926 1737 2995 Νοήσεις

158 3007 210 3060 δὲ
247 3009 335 3062 τὸν
370 3010 561 3081 στίχον
603 3012 697 3065 καὶ
737 3010 938 3076 οὕτως’
965 3013 1158 3067 Πολλοὶ
1190 3017 1331 3071 κατά
1380 3018 1735 3090 συναρπαγὴν

1834 530 2083 594 pserunt.

1904 634 2069 693 Vens.
2132 630 2222 689 54.
2284 632 2589 687 Iucundum
2643 636 2711 688 sit
2761 636 2808 690 ei
2859 624 3337 707 eloquium‘meum
3382 650 3401 688 :

1833 738 1923 798 ego
1958 742 2076 781 vero
2105 724 2403 779 delectabar
2439 726 2495 779 in
2532 724 2780 780 Domino.
2816 725 3059 791 Utinam,
3094 726 3293 797 inquit,
3327 726 3401 779 ita

1834 826 2049 872 cantem
2078 826 2131 872 et
2164 817 2415 887 psallam,
2464 825 2523 871 ut
2555 814 2769 870 fructus
2815 832 2969 871 meus
3013 817 3116 887 ipsi
3157 817 3399 888 placeat;

1833 908 2109 980 eloquium
2138 908 2409 972 videlicet,
2445 888 2559 963 sive
2582 908 2912 978 colloquium
2940 923 3142 973 meum,
3176 923 3402 963 conver-

1835 999 1976 1055 satio
2001 1006 2057 1054 et
2095 998 2213 1053 laus
2239 1012 2358 1054 mea
2393 1018 2407 1053 :
2440 1012 2567 1052 nam
2594 998 2687 1070 qui
2715 999 2919 1068 psallit,
2956 998 3124 1054 Deum
3165 1000 3401 1068 alloqui-

1835 1096 1944 1145 tur.
1972 1090 2115 1156 ρυίά
2139 1096 2320 1144 autem
2343 1099 2426 1144 est
2448 1087 2604 1152 illud,
2627 1086 2932 1142 Iucundum
2955 1088 3025 1142 sit
3057 1090 3104 1143 ei
3135 1090 3402 1159 eloquium

1835 1195 2005 1233 meum
2024 1182 2050 1234 ?
2077 1178 2132 1234 id
2158 1186 2243 1235 est
2272 1179 2603 1249 acceptabile
2631 1180 2702 1234 sit
2724 1179 2850 1249 ipsi,
2874 1180 3083 1249 placeat
3109 1180 3180 1246 ei,
3203 1177 3404 1250 jucun-

1835 1267 2125 1324 dissimum
2163 1282 2228 1323 ac
2273 1268 2707 1337 placidissimum
2750 1268 2860 1323 Deo
2905 1268 3173 1323 videatur.
3216 1267 3401 1324 Oratio

1836 1357 2020 1429 itaque
2062 1357 2199 1413 nihil
2233 1358 2382 1411 aliud
2409 1365 2513 1425 est,
2545 1373 2707 1428 quam
2743 1359 3075 1428 colloquium
3108 1374 3232 1413 cum
3266 1357 3400 1414 Deo.

1834 1448 2219 1504 Animadverte
2267 1449 2433 1519 igitur
2474 1449 2836 1519 psalmodiam
2876 1449 2935 1503 in
2987 1464 3045 1504 se
3087 1450 3403 1504 retributio-

1836 1555 1960 1594 nem
1989 1542 2288 1594 continere.
2316 1539 2457 1605 Quid
2481 1541 2627 1594 enim
2656 1540 2893 1609 alloquio
2922 1539 3017 1594 Dei
3048 1541 3251 1611 azquari
3286 1556 3406 1611 pos.

1837 1632 1942 1685 sit?
1974 1630 2301 1700 Hujusmodi
2350 1632 2533 1685 anima
2569 1646 2600 1684 a
2641 1632 2971 1687 tumultibus
3018 1632 3301 1695 liberatur,
3350 1633 3406 1685 in

1836 1725 2033 1777 malum
2062 1721 2411 1789 transfertur,
2460 1723 2691 1779 vinculis
2738 1724 2984 1794 corporis
3023 1720 3274 1786 solvitur,
3304 1722 3406 1775 alis

1835 1815 2152 1884 instruitur,
2196 1814 2367 1870 levwr
2408 1816 2661 1879 efﬁcitur,
2710 1814 2937 1869 affectus
2973 1814 3215 1885 deponit,
3258 1830 3406 1868 mor-

1836 1907 1937 1962 bos
1970 1906 2142 1960 exuit.
2173 1904 2308 1959 Nam
2338 1907 2383 1959 si
2413 1921 2479 1960 ex
2515 1906 2799 1975 prudentis
2829 1906 2931 1960 viri
2974 1907 3248 1975 colloquio
3283 1904 3407 1975 quis

1834 1999 2047 2051 lucrum
2076 2004 2363 2065 reportans
2394 1995 2661 2061 abscedit,
2698 1997 2873 2066 cogita
2896 2004 3158 2065 quantum
3187 1996 3406 2049 virtutis

1834 2097 1999 2143 metet
2022 2104 2089 2143 ex
2117 2088 2211 2143 Dei
2243 2089 2537 2158 colloquio.
2569 2087 2813 2158 Hymnus
2845 2103 2981 2157 ergo,
2999 2094 3085 2142 est
3113 2088 3407 2141 collocutio

1833 2195 1959 2236 cum
1992 2181 2121 2237 Deo.
2162 2182 2450 2248 Quomodo
2482 2190 2665 2236 autem
2696 2169 2821 2235 haec
2862 2179 2972 2235 Deo
3000 2180 3244 2250 jucunda
3283 2181 3405 2235 fuco

1835 2276 1945 2328 rit?
1973 2273 2034 2328 Si
2073 2275 2183 2328 vita
2207 2275 2279 2329 sit
2317 2290 2475 2345 pura,
2509 2274 2555 2328 si
2591 2274 2770 2328 anima
2802 2273 3233 2343 philosophetur.
3269 2272 3408 2326 Nam

1835 2367 1883 2423 si
1929 2374 2098 2421 totam
2148 2366 2293 2421 diem
2334 2366 2544 2420 orando
2588 2367 2882 2435 transigas,
2932 2364 3059 2418 dum
3105 2366 3229 2419 vita:
3268 2367 3408 2418 ratio

1834 2459 2069 2513 orationi
2098 2468 2384 2530 repugnat,
2408 2474 2520 2513 non
2551 2456 2709 2513 facile
2733 2456 3076 2522 exaudiaris;
3113 2473 3222 2511 non
3245 2458 3409 2511 modo

1836 2558 1897 2603 tu
1930 2549 2068 2619 ipse,
2097 2550 2195 2605 sed
2222 2550 2388 2605 etiam
2410 2548 2590 2619 quivis
2630 2548 2769 2602 alius
2797 2548 2891 2618 qui
2920 2563 3019 2619 pro
3051 2558 3103 2603 te
3132 2556 3405 2618 precetur.

1837 2641 1963 2697 Haec
1995 2656 2160 2713 porro
2188 2641 2333 2706 dico,
2369 2656 2479 2695 non
2518 2650 2578 2694 ut
2616 2628 2695 2695 ne
2722 2656 2941 2696 oremus
2988 2656 3163 2710 neque
3206 2641 3409 2710 psalla-

1837 2750 1983 2802 mus,
2016 2733 2113 2789 sed
2146 2740 2207 2787 ut
2237 2741 2360 2802 post
2396 2734 2638 2802 psalmos
2671 2734 2739 2788 de
2771 2734 2881 2787 vita
2908 2743 2962 2787 et
2990 2733 3409 2787 conversatione

1837 2836 2024 2882 nostra
2052 2826 2276 2881 solliciti
2306 2827 2500 2880 simus.
2535 2824 2647 2879 Hac
2678 2834 2807 2880 item
2840 2827 3049 2880 ratione
3076 2825 3406 2879 versiculum

1837 2919 1985 2975 hunc
2014 2918 2254 2989 explices
2279 2935 2294 2971 :
2323 2916 2477 2971 Multi
2513 2926 2755 2987 quaestus
2782 2931 2948 2972 causa
2978 2931 3236 2986 perverse
3256 2917 3409 2985 judi~

1837 3013 1922 3067 cia
1957 3013 2163 3075 ferunt,
2188 3008 2285 3066 sed
2311 3016 2365 3064 et
2392 3015 2683 3079 antequam
2708 3023 2805 3078 per
2830 3014 3146 3062 accuratum
3178 3022 3407 3062 examen

160 3101 621 3171 παρηλλαγμένως
659 3101 757 3165 τὰς
794 3103 1003 3172 κρίσεις
1041 3106 1353 3177 ἐκφέρουσι,
1402 3109 1509 3178 πρὸ
1564 3126 1732 3161 κατα-

1837 3114 1891 3161 et
1923 3105 2397 3177 perquisitionem,
2422 3120 2529 3173 qua
2562 3103 2630 3157 de
2658 3117 2718 3157 re
2746 3109 2941 3171 agatur
2972 3100 3294 3169 intelligant,
3328 3109 3409 3154 te-

160 3191 360 3265 λήψεως
395 3194 505 3262 τῆς
543 3194 603 3257 ἐξ
650 3194 834 3248 ἱκανοῦ
874 3195 1052 3264 λόγου,
1086 3200 1178 3252 καὶ
1208 3193 1483 3252 ἐπιπλεῖον
1512 3202 1735 3271 ἐρευνη-

160 3283 351 3352 θέντος,
387 3283 772 3358 ἐγγινομένης,
801 3284 1174 3350 ἀϐασανίστως
1215 3288 1357 3341 κατὰ
1405 3289 1734 3359 προπέτειαν

158 3375 263 3440 τὰς’
288 3380 414 3449 περὶ
468 3378 698 3432 ἑκάστου
742 3379 1014 3450 δόγματος
1044 3378 1359 3449 ῥιπτοῦντες
1394 3380 1732 3449 συγκαταθέ-

160 3466 281 3531 σεις.
328 3472 392 3523 'H
417 3469 479 3522 δὲ
501 3470 601 3539 τῆς
628 3470 970 3542 διαλεκτικῆς
994 3471 1155 3541 φύσις
1183 3471 1416 3541 μάλιστα
1443 3473 1736 3524 πεπίστευ-

157 3562 241 3611 ται
273 3558 449 3612 ταῦτα
492 3559 752 3631 παρέχειν
784 3560 1063 3625 δύνασθαι,
1104 3561 1331 3633 διαιρεῖν
1362 3561 1606 3630 ἀκριϐῶς
1635 3560 1733 3625 τὰς

158 3648 259 3699 τῶν
289 3649 643 3718 πραγμάτων
671 3650 859 3719 φύσεις
896 3652 987 3705 καὶ
1017 3652 1084 3706 τὰ
1113 3653 1274 3722 ὅμοια
1306 3652 1613 3723 γνωρίζειν,
1641 3652 1737 3705 καὶ

159 3738 222 3791 τὰ
261 3742 461 3812 ἑαυτῆς
513 3741 829 3812 διακρίνειν.
878 3742 1075 3814 Διόπερ
1124 3741 1378 3806 συνειδὼς
1426 3742 1604 3813 ἐαυτῷ
1639 3743 1736 3814 τὴν

161 3826 302 3882 θείαν
328 3831 674 3903 διαλεκτικὴν
698 3831 895 3902 ἔχοντι,
926 3832 1109 3901 ἔλεγεν
1148 3835 1176 3885 6
1214 3834 1375 3886 Δαυῒδ
1404 3834 1485 3897 τὸ,
1534 3833 1737 3889 Ἠδυν-

160 3921 279 3988 θείη
312 3936 415 3977 σοι
443 3924 482 3991 ἠ
514 3922 764 3993 διαλογὴ
790 3941 929 3993 μου.
964 3925 1028 3976 Ἡ
1058 3923 1167 3995 γὰρ
1199 3925 1307 3979 τῶν
1330 3926 1617 3996 ἐριστικῶς
1642 3927 1736 3980 καὶ

161 4011 474 4079 φιλονείκως
499 4014 933 4085 ἐπεμϐαινόντων
953 4019 1065 4080 τοῖς
1089 4016 1373 4087 πράγμασι
1398 4017 1732 4088 διαλεκτικὴ,

161 4104 254 4175 οὑχ
280 4106 455 4177 ἡδεῖα,
486 4106 621 4160 ἀλλὰ
653 4109 1167 4179 παραπικραίνουσά
1186 4111 1270 4173 τίς
1294 4112 1458 4163 ἐστιν.
1487 4110 1609 4163 ’Ότι
1638 4111 1737 4181 μὲν

161 4190 250 4248 οὖν
275 4198 403 4268 ἡδὺς
436 4198 554 4269 Θεῷ
580 4198 737 4267 λόγος
772 4202 802 4253 6
829 4202 907 4264 εἰς
940 4200 1203 4271 ὀρθότητα
1231 4200 1462 4271 βλέπων,
1493 4203 1655 4264 αὐτὸς
1680 4205 1738 4255 ἐν

1838 3213 1984 3252 mete
2032 3197 2263 3266 singulis
2296 3196 2582 3252 sententiis
2623 3210 2909 3251 assensum
2940 3189 3216 3264 praebent.’
3243 3193 3312 3246 At
3342 3207 3407 3246 ea

1836 3286 2133 3340 dialecticae
2174 3295 2369 3340 natura
2426 3293 2529 3350 est,
2564 3291 2625 3339 ut
2653 3299 2833 3339 rerum
2882 3293 3107 3338 naturas
3151 3293 3408 3337 accurate

1837 3374 2230 3448 distinguendi,
2281 3376 2482 3431 similia
2538 3374 2925 3446 cognoscendi,
2984 3382 3039 3430 et
3083 3390 3205 3443 quae
3241 3373 3311 3428 ad
3348 3387 3411 3428 se

1836 3470 2141 3539 pertineant
2183 3468 2558 3534 discernendi,
2609 3467 2922 3522 facultatem
2955 3473 3216 3537 praestare
3247 3481 3410 3535 posse

1835 3569 2078 3631 putetur.
2106 3560 2470 3626 Quamobrem
2490 3559 2658 3613 David
2676 3573 2801 3613 cum
2831 3573 2890 3613 se
2919 3557 3101 3613 divina
3123 3557 3408 3610 dialectica

1837 3657 2166 3709 instructum
2182 3668 2306 3710 esse
2325 3659 2700 3723 cognosceret,
2726 3650 2939 3704 dicebat
2965 3667 2979 3702 :
3009 3646 3312 3701 Jucundum
3336 3649 3408 3699 sit

1837 3747 1931 3799 tibi
1970 3746 2234 3815 eloquium
2263 3760 2453 3805 meum,
2484 3744 2599 3798 sive
2636 3742 2922 3797 dialectica
2946 3756 3086 3797 mea.
3113 3739 3250 3794 Nam
3286 3740 3410 3794 dia-

1837 3837 2030 3891 lectica
2064 3851 2252 3891 eorum
2290 3834 2383 3904 qui
2416 3833 2710 3889 altercandi
2748 3848 2809 3887 ac
2838 3831 3199 3887 contendendi
3226 3832 3409 3885 animo

1836 3943 1925 3983 res
1963 3927 2373 3997 aggrediuntur,
2406 3941 2516 3979 non
2540 3924 2802 3996 jucunda,
2844 3923 2939 3979 sed
2972 3922 3156 3994 potius
3180 3939 3408 3993 exaspe-

1784 4000 1793 4013 ’
1836 4033 1967 4072 rans
1998 4026 2103 4072 est.
2144 4017 2300 4082 Quod
2346 4023 2526 4070 autem
2563 4029 2745 4070 sermo
2776 4014 3085 4083 aequitatem
3131 4022 3409 4084 spectans,

1831 4111 2109 4182 jucundus
2139 4110 2249 4165 Deo
2281 4110 2370 4174 sit,
2401 4111 2517 4179 ipse
2561 4109 2616 4163 in
2656 4109 2873 4163 cantico
2904 4107 3135 4162 afﬁrmat
3159 4125 3175 4161 :
3203 4106 3411 4161 Favum

1836 4204 2103 4257 distillant
2135 4202 2279 4256 labia
2300 4212 2416 4266 tua,
2443 4218 2595 4255 soror
2623 4218 2737 4255 mea
2759 4216 2949 4270 sponsa
2977 4202 3115 4254 :mel
3137 4210 3187 4255 et
3210 4202 3292 4254 lac
3315 4199 3409 4253 sub

161 4286 237 4357 τῷ
271 4288 476 4360 ᾄσματι
501 4289 679 4359 λέγει’
709 4292 931 4359 Κηρίωεο
959 4290 1367 4352 ἀποστάζουσι
1397 4295 1568 4362 χείλη
1598 4307 1733 4361 σου,

1840 4297 2021 4366 lingua
2054 4307 2146 4350 tua
2171 4297 2235 4349 “.
2270 4295 2425 4363 Quod
2453 4310 2582 4350 vero
2615 4295 2705 4364 qui
2735 4293 2931 4364 frigida
2960 4303 3013 4349 et
3044 4294 3219 4348 futilia
3247 4293 3410 4347 verba

162 4375 390 4449 ἀδελφή
407 4399 527 4450 μου
549 4383 751 4451 νύμφη
774 4400 787 4412 ·
808 4382 948 4451 μέλι
974 4384 1069 4437 καὶ
1095 4383 1247 4453 τάλα
1274 4385 1392 4439 ὑπὸ
1421 4384 1533 4454 τὴν
1554 4384 1733 4455 γλῶσ-

1841 4390 1991 4459 loqui
2022 4391 2179 4451 solet,
2214 4388 2546 4459 injucundus
2585 4388 2676 4450 sit,
2708 4387 2761 4441 id
2810 4386 3108 4457 psalmodia
3146 4385 3411 4451 declarat,

161 4465 280 4519 σάν
305 4486 446 4524 σου.
479 4471 599 4523 Ὅτι
623 4470 679 4523 δὲ
715 4472 743 4522 ὁ
786 4472 1139 4541 ψυχρολογεῖν
1187 4473 1392 4537 εἰωθὼς
1418 4474 1677 4545 ἀκαλλὴς,
1705 4477 1733 4546 ἡ

1844 4497 1967 4536 cum
1996 4482 2071 4535 ait
2109 4497 2122 4533 :
2163 4480 2475 4550 Sepulcrum
2499 4490 2681 4547 patens
2705 4488 2781 4533 est
2807 4488 2986 4548 guttur
3015 4477 3276 4530 eorum".
3304 4476 3413 4547 Ego

162 4557 449 4631 ψαλμῳδία
476 4561 804 4632 παρίστησι·
838 4561 1027 4631 Τάφος
1057 4562 1186 4635 γὰρ,
1223 4565 1407 4635 φησιν,
1446 4566 1733 4637 ἀνεῳγμέ-

1848 4590 1965 4629 vero
2010 4575 2309 4629 delectabar
2348 4577 2401 4629 in
2452 4574 2697 4629 Domino.
2728 4572 2947 4638 Precor,
2984 4572 3178 4641 inquit,
3219 4579 3279 4625 ut
3315 4572 3416 4642 hy-

163 4666 269 4715 νος
313 4655 349 4705 ό
398 4652 631 4723 λάρυγξ
677 4652 895 4708 αὐτῶν.
938 4654 1077 4723 Ἐγὼ
1133 4654 1202 4708 δὲ
1255 4658 1733 4728 εὐφρανθήσομαι

1847 4683 2009 4721 mnus
2050 4676 2104 4721 et
2150 4667 2423 4737 eloquium
2473 4665 2638 4730 istud,
2678 4663 3135 4731 jucundissimum
3174 4662 3286 4717 Deo
3329 4661 3413 4715 vlo

165 4740 262 4794 ἐπὶ
287 4738 368 4810 τῷ
387 4746 601 4813 Κυρίῳ.
622 4745 886 4819 Εύχομαι,
911 4748 1066 4819 φησὶ,
1087 4748 1291 4821 ταύτην
1314 4768 1414 4821 μου
1439 4751 1536 4823 τὴν
1563 4752 1733 4820 ὑμνῳ-

1848 4758 2057 4812 dcatur.
2095 4757 2151 4812 Id
2189 4759 2333 4812 enim
2373 4757 2417 4813 si
2461 4761 2572 4823 ﬂat,
2617 4757 2744 4810 hinc
2779 4770 2879 4826 ego
2909 4754 3236 4808 hilaritatem
3282 4767 3415 4807 con-

163 4834 280 4890 δίαν
313 4838 408 4891 καὶ
450 4838 681 4906 διάλεξιν
720 4841 940 4912 ἡδίστην
972 4841 1202 4913 ὀφθῆναι
1244 4842 1323 4913 τῷ
1359 4842 1496 4913 Θεῷ.
1541 4842 1733 4896 Τούτου

1850 4864 2070 4919 sequar,
2100 4859 2154 4904 et
2177 4848 2488 4905 delectabor
2510 4848 2564 4901 in
2591 4846 2843 4911 Domino,
2875 4845 2925 4899 id
2952 4853 3056 4905 est.
3083 4845 3136 4897 in
3159 4844 3332 4911 cultu,
3358 4844 3413 4896 in

164 4926 270 5000 γὰρ
300 4930 613 5002 γενομένου,
649 4932 759 5002 ἐγὼ
799 4933 896 5005 τὴν
938 4934 1186 4989 ἐντεῦθεν
1231 4934 1494 5006 εὐθυμίαν
1517 4933 1732 5005 καρπώ-

1843 4940 2182 5005 adoratione,
2215 4941 2268 4995 in
2312 4940 2596 5009 praeceptis
2624 4938 2764 5008 ejus,
2797 4937 2943 5008 quod
2970 4936 3094 4991 talis
3126 4934 3257 4989 mihi
3300 4933 3415 4988 Do-

164 5034 351 5090 σομαι,
384 5024 479 5077 καὶ
509 5025 949 5097 εὐφρανθήσομαι
983 5028 1075 5081 ἐπὶ
1103 5028 1181 5099 τῷ
1222 5028 1430 5100 Κυρίῳ,
1468 5028 1733 5082 τουτέστιι

1848 5032 2028 5087 minus
2055 5032 2143 5086 sit.
2174 5030 2309 5085 Nam
2341 5046 2461 5100 quae
2487 5031 2590 5085 sub
2623 5038 2900 5099 aspectum
2926 5028 3145 5093 cadunt,
3186 5026 3415 5096 pulchra

163 5111 255 5164 ἐπὶ
284 5116 353 5183 τῇ
388 5114 632 5188 λατρεία,
663 5117 756 5170 ἐπὶ
788 5120 854 5189 τῇ
897 5122 1263 5191 προσκυνήσει
1296 5121 1389 5174 καὶ
1420 5124 1533 5184 τοῖς
1559 5120 1733 5173 ἐπιτά-

1846 5124 2065 5193 quidem
2118 5131 2265 5187 sunt,
2298 5123 2497 5177 ccelum
2545 5122 2791 5185 delectat,
2834 5122 2917 5177 soi
2967 5121 3218 5185 laetiﬁcat,
3272 5129 3419 5173 terra

162 5214 335 5271 γμασι
381 5209 485 5271 τοῖς
516 5208 702 5273 αὑτοῦ,
738 5209 830 5261 ἐπὶ
874 5209 951 5280 τῷ
997 5210 1235 5266 τοιοῦτον
1274 5212 1417 5284 ἔχειν
1455 5213 1733 5283 δεσπότην.

1851 5215 2058 5269 semina
2086 5215 2406 5284 plantasque
2444 5212 2685 5283 profert;
2718 5222 2772 5266 at
2808 5228 2908 5282 ego
2944 5212 3067 5282 plus
3096 5211 3332 5265 delector
3361 5210 3417 5262 in

164 5291 319 5347 Καλά
354 5298 450 5366 μὲν
484 5298 592 5371 γὰρ
623 5301 718 5353 καὶ
758 5299 825 5354 τὰ
859 5300 1127 5371 ὁρώμενα,
1162 5304 1256 5355 καὶ
1292 5303 1481 5376 τέρπει
1517 5305 1546 5356 6
1583 5305 1733 5375 οὐρα·

1850 5306 2131 5367 Creatore.
2154 5321 2315 5376 quam
2345 5310 2398 5359 in
2429 5305 2517 5361 his
2541 5305 2816 5360 omnibus.
2840 5304 2967 5359 Haec
2989 5303 3123 5358 mihi
3146 5303 3416 5370 voluptas,

162 5382 280 5451 νὸς,
321 5390 418 5443 καὶ
458 5391 736 5463 εὐφραίνει
778 5393 807 5443 6
853 5392 1036 5463 ἥλιος,
1090 5394 1184 5449 καὶ
1226 5396 1299 5465 γῆ
1345 5396 1525 5467 ἀνίησι
1580 5396 1733 5466 σπέρ-

1853 5395 1967 5449 hmc
1991 5395 2196 5459 laetitia,
2223 5395 2305 5448 hae
2329 5396 2552 5458 delieize,
2578 5394 2692 5449 ham
2714 5394 2923 5448 inilnita
2945 5394 3086 5449 bona
3113 5392 3245 5448 mihi
3268 5401 3416 5446 sunt.

166 5498 314 5549 ματα
358 5487 455 5540 καὶ
494 5492 670 5557 φυτά·
709 5488 822 5541 ἁλλ’
871 5492 982 5557 ἐγὼ
1054 5490 1259 5545 τούτων
1305 5494 1524 5546 πάντων
1567 5493 1659 5546 ἐπὶ
1704 5491 1783 5562 τῷ
1848 5493 2130 5564 ποιήσαντι
2187 5490 2345 5545 πλέον
2394 5491 2771 5561 εύφραίνομαι.
2838 5490 3007 5544 Τοῦτό
3065 5506 3154 5559 μοι
3204 5484 3421 5559 τρυφὴ.

162 5570 323 5625 τοῦτὸ
353 5591 443 5643 μοι
480 5578 804 5649 εὐφροσύνη,
838 5580 995 5633 τοῦτο
1028 5579 1221 5653 ἡδονὴ,
1260 5582 1415 5634 τοῦτο
1451 5583 1519 5635 τὰ
1554 5583 1723 5654 μυρία
1749 5582 1947 5651 ἀγαθά.

234 5723 285 5758 δ’
323 5726 485 5784 Cant.
526 5746 601 5791 Iv,
639 5731 724 5784 1‘2.
802 5731 845 5765 "
888 5733 1031 5788 Psal.
1066 5750 1120 5799 v,
1156 5735 1244 5789 Η.

463 5820 735 5881 ΡΑτιιοι..
770 5823 886 5885 Gn.
944 5825 1183 5885 XXIII.
2456 5817 2485 5829 ”’
3034 5822 3106 5887 Μ
