3868 6282
479 284 614 341 1291

548 395 716 451 Vens.
743 397 832 452 35.
860 396 1125 468 Deﬁciant
1154 407 1452 468 peccatores
1483 414 1517 453 a
1547 408 1691 454 terra
1705 410 1753 455 et
1775 401 2062 470 iniqui,ita
2089 407 2136 466 Α

470 501 529 544 nt
562 507 663 544 non
702 493 830 544 sint.
864 489 922 545 In
949 492 1042 546 illo
1070 491 1324 546 videlicet
1349 499 1612 562 tempore,
1643 507 1755 561 quo
1782 493 2008 547 audient
2034 510 2048 546 :

470 581 736 637 Discedite
767 599 799 636 a
827 599 928 646 me.
965 583 1258 646 maledicti,
1290 583 1345 637 in
1375 583 1548 654 ignem
1579 592 1855 646 aeternum,
1885 599 2049 653 para-

469 684 580 727 tum
606 674 817 730 diabolo
848 675 1121 744 ct'angelis
1147 690 1285 743 ejus.
1315 672 1525 728 Esurivi
1550 674 1712 737 enim,
1745 683 1794 728 et
1823 691 1929 729 non
1957 676 2050 730 de-

466 767 622 820 distis
662 766 790 820 mihi
831 768 1190 830 manducare;
1229 766 1392 830 silici,
1428 775 1480 820 et
1520 781 1624 819 non
1664 766 1887 833 potastis
1929 783 2046 832 me;

465 857 649 925 hospes
678 874 846 920 erant,
894 867 943 911 et
997 873 1100 910 non
1143 856 1429 926 collegistis
1473 871 1590 919 me;
1637 855 1832 919 nudus,
1867 865 1917 910 el
1947 874 2052 912 non

464 949 814 1018 cooperuistis
851 963 965 1012 me;
997 948 1242 1017 inﬁrmus
1273 956 1322 1001 et
1348 949 1401 1001 in
1432 964 1642 1002 carcere
1661 988 1677 1013 ,
1708 958 1758 1002 et
1793 965 1897 1002 non
1927 948 2055 1003 cisi-

1154 284 1424 345 EUSEBlI
1464 287 1942 344 CESARIENSlS
1978 287 2128 345 OPP.
2169 288 2351 346 PARS
2386 289 2477 346 ῐΠ.
2515 319 2588 336 —-
2623 291 3052 350 EXEGE'I‘ICA.’

3531 305 3637 363 ηοξ

2249 402 2636 458 Ἐκλίποισαν
2665 406 2995 474 ἁμαρτωλοί
3025 407 3143 462 ἀπὸ
3179 409 3287 477 τῆς
3312 409 3415 480 τῆς
3438 416 3521 468 καί
3552 419 3654 474 dro-

2155 509 2278 561 μοι,
2313 491 2469 546 ὥστε
2493 493 2579 563 μὴ
2616 496 2911 564 ὑπάρχειν
2937 499 3178 564 αὐτούς.
3218 500 3305 552 Ἐν
3333 503 3502 576 ἐκείνῳ
3520 507 3656 576 enim.

2155 585 2240 638 ότι
2263 585 2340 654 τῷ
2363 586 2558 658 καιρῷ,
2581 587 2900 641 ἀκούσονται
2929 590 3057 660 γὰρ,
3082 593 3405 659 Πορεύεσθε
3426 596 3512 649 ἀπ’
3532 597 3658 667 ἐμοῦ,

2157 676 2212 728 οἱ
2250 676 2662 747 κατηραμένοι,
2700 680 2787 744 εἰς
2815 677 2882 731 τὸ
2924 680 3045 748 πῦρ
3087 680 3154 733 τὸ
3181 681 3432 750 αἰώνιον,
3457 687 3516 740 τὸ
3545 691 3658 756 ἡτοι-

2149 767 2464 838 μασμένον
2508 768 2589 835 τῷ
2625 769 2876 837 διαϐόλῳ
2919 773 3016 826 καὶ
3055 773 3179 840 τοῖς
3209 775 3474 844 ἀγγέλοις
3503 781 3659 836 αὐτοῦ.

2169 861 2493 916 Ἐπείνασα
2545 860 2676 930 mp,
2733 862 2833 916 καὶ
2885 865 2996 915 οὐκ
3038 864 3295 919 ἐδώκατέ
3329 884 3426 935 μοι
3473 871 3660 938 φαγεῖν·

2151 954 2439 1022 ἐδίψησα,
2457 952 2556 1008 καὶ
2587 955 2700 1007 οὐκ
2730 952 3051 1007 ἐποτίσατέ
3071 971 3182 1023 με’
3219 955 3394 1022 ξένος
3423 957 3663 1025 memmi

465 1042 618 1095 tostis
649 1057 729 1095 me
757 1041 843 1094 δεῖ
882 1047 936 1095 et
984 1055 1093 1094 non
1127 1049 1288 1094 erunt
1330 1039 1385 1094 in
1433 1039 1683 1110 portione
1729 1055 1918 1096 eorum
1955 1044 2036 1111 qui

2153 1047 2226 1099 οὺ
2263 1043 2638 1116 συνηγάγετέ
2675 1061 2782 1114 με·
2826 1045 3070 1114 γυμνὸς,
3111 1046 3209 1098 καὶ
3249 1047 3322 1099 οὐ
3359 1047 3665 1114 περιεϐάλετέ

463 1133 576 1188 Deo
604 1132 954 1187 benedicunt.
978 1130 1050 1184 At
1073 1131 1195 1202 quis
1227 1132 1367 1186 forte
1397 1132 1546 1186 dicat
1575 1151 1588 1187 :
1618 1131 1833 1203 Ergone
1859 1133 2036 1190 beatut

2146 1155 2253 1207 με·
2289 1138 2554 1205 ἀσθενὴς
2586 1137 2682 1190 καὶ
2712 1137 2782 1190 ἐν
2809 1137 3079 1205 φυλακῇ,
3113 1138 3210 1191 καὶ
3255 1140 3369 1192 οὐκ
3393 1139 3666 1208 ἐπεσκέψα-

460 1223 734 1295 Propheta
762 1225 1096 1294 imprecatur
1129 1224 1197 1278 iis
1221 1223 1316 1294 qui
1367 1224 1424 1279 in
1475 1225 1720 1295 peccatis
1751 1235 1902 1294 sunt,
1932 1241 2052 1282 om-

2150 1232 2261 1284 σθέ
2292 1246 2398 1299 με·
2446 1229 2541 1282 καὶ
2589 1230 2689 1282 οὐκ
2735 1229 2947 1308 ἔσονται
2991 1229 3049 1280 ἐν
3092 1231 3160 1302 τῇ
3208 1229 3391 1301 μερίδι
3426 1230 3525 1283 τῶν
3560 1233 3669 1286 εὐλο-

459 1331 669 1386 nesque
719 1318 837 1368 vult
891 1316 1067 1386 perire
1103 1330 1167 1370 ac
1207 1316 1452 1371 destrui?
1506 1316 1576 1370 At
1627 1317 1814 1373 decuit
1864 1317 2036 1388 potius

2148 1321 2388 1392 γούντων
2414 1321 2504 1375 τὸν
2533 1321 2684 1376 Θεόν.
2729 1321 2866 1374 Ἀλλ’
2911 1324 3026 1392 ἐρεῖ
3060 1339 3146 1386 τις
3187 1323 3352 1392 τυχόν
3370 1339 3385 1352 ο
3413 1319 3527 1392 Ἀρ*
3553 1321 3624 1377 οὖν
3649 1327 3670 1380 6

457 1407 638 1460 virum
676 1413 924 1461 sanctum
976 1419 1041 1460 ac
1093 1405 1436 1475 spiritualem
1481 1421 1581 1476 pro
1639 1406 2036 1465 inﬁrmantibus

2151 1415 2418 1486 μακάριος
2451 1415 2742 1485 Προφήτης
2768 1413 3093 1483 κατεύχεται
3119 1413 3228 1467 τῶν
3253 1414 3422 1468 ὄντων
3448 1417 3501 1468 ἐν
3533 1416 3669 1488 ἁμαρ-

457 1495 695 1566 precari.
750 1495 1022 1550 Caeterum
1063 1494 1226 1561 audi,
1283 1496 1474 1566 paucis
1525 1495 1670 1550 enim
1717 1495 2040 1551 absolvam:

455 1588 597 1644 Ante
625 1587 936 1643 Servatoris
986 1587 1282 1643 adventum
1326 1602 1518 1643 omnes
1550 1588 1606 1642 in
1637 1587 1878 1658 peccatis
1914 1602 2041 1642 era-

453 1695 600 1743 mus,
632 1687 790 1734 terrte
811 1679 1114 1749 imperabat
1138 1677 1393 1744 Satanas,
1417 1695 1524 1734 non
1549 1687 1667 1736 erat
1691 1679 1784 1750 qui
1835 1679 2041 1736 laceret

2145 1507 2308 1571 τίαις,
2351 1506 2443 1560 καὶ
2480 1506 2690 1568 πάντας
2727 1504 3020 1559 ἀπολέσθαι
3064 1507 3157 1559 καὶ
3201 1505 3548 1576 ἀφανισθῆναι
3582 1507 3672 1576 βού-

2144 1599 2326 1665 lerat;
2362 1597 2554 1653 Καίτοι
2585 1598 2783 1669 μᾶλλον
2815 1598 2980 1670 ἐχρῆν
3005 1599 3158 1666 ἅγιον
3193 1598 3329 1652 ὅντα
3363 1599 3452 1652 καὶ
3478 1616 3671 1686 mappae

2141 1685 2368 1760 τοφόρον
2402 1685 2798 1759 ὑπερεύχεσθαι
2829 1687 2938 1740 τῶν
2967 1688 3369 1759 ησθενηκὸτων.
3389 1689 3567 1741 ’Δκουε
3592 1687 3672 1741 λοιπε

454 1773 685 1838 bonum,
713 1788 822 1828 non
855 1779 973 1828 erat
1019 1787 1192 1842 usque
1225 1772 1293 1826 ad
1326 1788 1495 1826 unum
1530 1791 1544 1827 :
1574 1787 1766 1827 omnes
1793 1771 2036 1828 declina-

2136 1775 2256 1843 πὸν,
2291 1775 2400 1847 ἐρῶ
2429 1775 2538 1848 γὰρ
2568 1776 2656 1830 διὰ.
2683 1775 2954 1849 βραχέων·
2994 1777 3100 1850 πρὸ
3148 1778 3250 1848 μὲν
3298 1779 3398 1848 τῆς
3425 1777 3509 1832 τοῦ
3540 1779 3673 1848 Σωτῆ-

451 1875 664 1930 verant,
689 1865 853 1922 simul
887 1865 1108 1921 inutiles
1142 1865 1272 1918 lacti
1323 1872 1501 1920 erant.
1543 1863 1679 1918 Nam
1709 1863 1887 1920 Graeci
1914 1864 2041 1936 qui-

452 1959 579 2015 dem
617 1959 890 2016 idolorum
931 1960 1206 2020 cultores,
1236 1959 1513 2028 aequitatis
1541 1960 1761 2014 modum
1814 1960 2039 2031 ignora-

451 2051 624 2115 bant,
681 2053 835 2108 bona:
865 2053 991 2106 vita:
1040 2052 1234 2106 callem
1285 2051 1640 2118 nesciebant;
1685 2052 1796 2106 imo
1855 2052 2038 2122 potius

452 2147 698 2209 omnium
757 2160 938 2202 rerum
978 2144 1228 2214 opiﬁcem
1277 2152 1332 2199 et
1366 2141 1706 2199 Salvatorem
1751 2143 2036 2200 Christum

450 2237 767 2292 nullatenus
798 2235 1223 2306 cognoscebant.
1254 2231 1429 2289 Judzei
1455 2233 1585 2288 item
1616 2234 1786 2306 legem
1811 2235 2036 2305 quidem

451 2329 726 2386 habebant
775 2343 875 2398 pro
909 2329 1244 2398 paedagogo:
1280 2335 1335 2381 at
1392 2341 1502 2382 non
1553 2334 1766 2397 poterat
1817 2344 1886 2383 ex
1922 2328 2037 2400 lege

449 2419 617 2477 homo
639 2421 930 2491 justillcari
968 2439 981 2474 :
1011 2435 1205 2475 omnes
1238 2421 1404 2492 igitur
1431 2420 1488 2474 in
1521 2421 1762 2490 peccatis
1791 2435 2031 2486 eramus,

448 2521 598 2570 terra
625 2512 908 2584 iniquitate
953 2514 1112 2583 plena
1150 2520 1289 2568 erat.
1329 2511 1627 2583 Postquam
1651 2521 1833 2567 autem
1866 2527 2034 2584 appa-

448 2606 562 2659 ruit
587 2605 930 2676 unigenitum
960 2602 1052 2660 Dei
1076 2601 1339 2667 Verbum,
1372 2611 1427 2659 et
1470 2605 1672 2659 factum
1715 2612 1798 2659 est
1832 2604 2030 2672 homo,

447 2708 583 2755 tunc
631 2698 960 2756 defecerunt
994 2707 1334 2770 peccatores,
1369 2698 1687 2756 defecerunt
1741 2700 1778 2754 ii
1827 2701 1921 2772 qui
1973 2701 2033 2756 in

449 2793 739 2865 iniquitate
774 2794 1155 2850 versabantur.
1183 2793 1470 2861 Quomodo
1498 2802 1592 2848 aut
1631 2808 1742 2865 qua
1782 2795 2034 2851 ratione?

449 2899 640 2940 amnes
665 2883 868 2954 quippe
901 2883 1320 2954 justilicaverat,
1352 2898 1382 2937 a
1423 2883 1724 2940 sceleribus
1765 2883 2033 2940 liberave-

450 2985 558 3044 rat,
581 2993 773 3034 omnes
808 2977 1038 3044 liberos,
1063 2992 1233 3047 puros
1277 2992 1345 3033 ac
1376 2985 1554 3033 tersos
1585 2975 1858 3032 ell‘ecerat.
1891 2976 2032 3032 Hinc

448 3075 580 3139 ergo
609 3067 856 3138 sequitur
875 3082 1079 3137 paucos
1103 3068 1159 3122 in
1201 3067 1443 3137 peccatis
1473 3067 1803 3123 remansisse
1821 3106 1837 3132 ,
1887 3068 2028 3122 mul-

2141 1887 2234 1942 ρος
2282 1869 2573 1940 ἐπιδημίας
2626 1869 2865 1934 ἅπαντες
2904 1867 3044 1943 ἦμεν
3083 1873 3141 1924 ἐν
3190 1870 3512 1942 ἁμαρτίαις,
3552 1887 3672 1923 κατε-

2138 1960 2329 2032 κράτει
2371 1960 2470 2031 τῆς
2495 1959 2586 2012 ὑπ’
2615 1960 2840 2032 οὐρανὸν
2884 1962 2914 2014 ὁ
2959 1962 3222 2027 Σατανᾶς,
3252 1962 3357 2014 οὐκ
3396 1956 3461 2031 ἦν
3486 1961 3513 2013 ὁ
3543 1960 3670 2012 ποιῶν

2136 2051 2500 2122 χρηστότητα,
2562 2052 2664 2105 οὐκ
2711 2046 2780 2123 ἦν
2826 2052 2933 2116 ἕως
2977 2053 3126 2116 ἐνός·
3174 2052 3383 2114 πάντες
3427 2049 3670 2115 ἐξέκλιναν,

2137 2144 2253 2215 ἅμα
2279 2144 2675 2216 ὴχρέιώθησαν.
2700 2143 2958 2214 Ἕλληνες
2995 2143 3093 2215 μὲν
3130 2142 3242 2214 γὰρ
3275 2144 3327 2196 οἱ
3359 2141 3462 2195 τῶν
3490 2139 3673 2194 εἰδώλων

2137 2237 2660 2309 προσκυνηταὶ,τοὶ›ς
2673 2237 2774 2308 τῆς
2793 2237 3088 2300 ἐπιεικείας
3105 2237 3205 2289 οὐκ
3229 2235 3451 2306 ᾔδεισαν
3469 2234 3671 2302 τρόπιος,

2133 2331 2232 2400 τῆς
2256 2330 2489 2395 escam;
2523 2330 2622 2401 τὴν
2650 2329 2766 2383 ὁδὸν
2795 2330 2896 2382 οὐκ
2925 2328 3252 2398 ἠπίσταντοι
3293 2325 3488 2397 μᾶλλον
3512 2325 3560 2378 δὲ
3584 2324 3672 2378 οὐδὲ

2134 2421 2296 2476 αὐτὸν
2321 2421 2613 2490 ἐγίνωσκον
2643 2421 2779 2484 ὅλως
2807 2419 2896 2473 τὸν
2923 2419 3030 2473 τῶν
3057 2419 3191 2472 ὅλων
3220 2418 3582 2487 γενεσιουργὸν
3603 2415 3673 2467 καὶ

2133 2513 2362 2584 Σωτῆρα
2391 2512 2654 2585 Χριστόνο
2697 2509 2936 2565 Ἰουδαῖοι
2965 2510 3021 2562 δὲ
3051 2509 3210 2564 πάλιν
3247 2504 3396 2579 εἶχον
3432 2508 3521 2578 μὲν
3551 2507 3672 2576 νόμον

2133 2604 2224 2658 τὸν
2254 2604 2625 2674 παιδαγωγόν
2672 2603 2786 2658 ἀλλ’
2819 2604 2918 2656 οὐκ
2960 2598 3027 2674 ἦν
3072 2605 3128 2656 ἐν
3172 2602 3330 2672 νόμῳ
3372 2597 3672 2667 δικαιωθῆναι

2131 2696 2224 2752 τὸν
2251 2696 2555 2769 ἄνθρωπον.
2588 2697 2794 2752 Οὐκοῦν
2836 2695 3075 2758 ἅπαντες
3119 2690 3266 2766 ἦμεν
3301 2696 3361 2748 ἐν
3408 2689 3669 2763 ἁμαρτίαις,

2131 2789 2362 2859 ἀνομίας
2387 2785 2455 2860 ἦν
2489 2789 2700 2861 πλήρης
2725 2791 2759 2860 ἡ
2792 2789 2884 2858 γῆ.
2934 2787 3148 2858 Ἐπειδὴ
3175 2787 3238 2840 δὲ
3275 2785 3534 2854 ἐπέφανεν
3557 2785 3580 2835 ὁ
3603 2797 3672 2851 μο-

2131 2882 2355 2953 νογενὴς
2377 2881 2472 2934 τοῦ
2499 2879 2632 2935 Θεοῦ
2648 2881 2841 2950 Λόγος,
2861 2880 2954 2933 καὶ¹
2979 2880 3195 2948 γέγονεν
3226 2877 3527 2948 ἄνθρωπος,
3549 2871 3672 2939 ἐξέλι·

2132 2990 2231 3027 πον
2254 2974 2304 3026 οἱ
2324 2972 2659 3044 ἁμαρτωλοὶ,
2703 2969 3076 3025 ἐκλελοίπασιν
3105 2971 3153 3022 οἱ
3185 2969 3345 3032 ὄντες
3368 2971 3428 3022 ἐν
3449 2968 3668 3037 ἅνομίαις.

2131 3063 2255 3129 Πῶς
2285 3065 2319 3136 ἦ
2343 3063 2464 3118 τίνα
2492 3065 2726 3134 τρόπον;
2755 3061 3071 3116 δεδικαίωκε
3105 3061 3216 3134 γὰρ
3250 3062 3515 3125 ἅπαντας,
3540 3060 3671 3131 ἀπήλ-

449 3171 537 3216 tos
557 3167 737 3214 autem
769 3159 1098 3230 justiﬁeatos
1121 3175 1262 3216 esse.
1301 3160 1484 3230 Itaque
1521 3160 1609 3214 hic
1637 3176 1749 3216 non
1778 3169 2028 3215 naturam

2136 3157 2259 3224 λαξε
2308 3155 2417 3211 τῶν
2465 3154 3047 3227 πεπλημμελημένων,
3099 3153 3428 3224 ἐλευθέρους
3471 3153 3670 3222 ἀπέφηνε

447 3250 659 3307 destrui
692 3259 868 3322 rogat,
896 3267 1072 3323 neque
1094 3253 1343 3308 homines
1371 3252 1622 3309 funditus
1649 3254 1815 3309 exitio
1845 3253 1987 3308 tradi
2011 3270 2029 3322 ;

449 3343 545 3399 sed
571 3350 847 3414 precatur,
877 3351 937 3397 ut
965 3352 1224 3414 peccator
1257 3345 1520 3399 malitiam
1553 3346 1792 3412 deserat,
1825 3353 1887 3399 ut
1919 3360 2030 3400 non

450 3441 590 3491 ultra
621 3444 875 3507 peccator
901 3437 994 3502 sit,
1034 3438 1127 3492 sed
1156 3439 1506 3506 immuteturl;
1544 3454 1611 3494 ne
1666 3439 1740 3495 sit
1772 3441 2028 3510 iniquus,

450 3530 544 3584 sed
574 3529 877 3599 resipiscat.
931 3526 1257 3584 Sanctorum
1291 3530 1495 3600 quippe
1523 3530 1722 3586 anima:
1769 3547 1879 3587 non
1930 3549 2030 3604 pro

449 3621 645 3692 seipsis
675 3628 908 3688 tantum,
936 3623 1030 3677 sed
1056 3637 1156 3692 pro
1202 3621 1460 3677 universo
1482 3621 1616 3678 orbe
1645 3623 1923 3680 orationes
1949 3623 2026 3680 ef-

448 3714 632 3770 ferunt
683 3728 833 3770 suas.
885 3713 1043 3769 Nunc
1097 3715 1262 3786 igitur
1309 3713 1513 3780 David,
1551 3731 1782 3772 arcanas
1833 3716 2031 3772 divinae

446 3805 874 3878 pulchritudinis
924 3805 1182 3870 divitias,
1220 3806 1403 3878 quoad
1438 3807 1692 3863 humanae
1749 3807 2031 3867 facultatis

444 3903 585 3962 erat,
609 3898 926 3968 explorans,
954 3912 1147 3952 omnes
1176 3896 1426 3953 homines
1469 3899 1619 3968 paris
1655 3899 1863 3955 notitiae
1897 3914 2031 3955 con-

437 3994 627 4043 sortes
662 4001 784 4043 esse
809 3988 1152 4058 peroptabat,
1186 3995 1647 4060 peccatorumque
1672 4000 1874 4046 sortem
1904 4006 2031 4047 om-

443 4077 579 4134 nino
609 4076 843 4134 delicere
889 4078 1246 4148 precabatur;
1310 4094 1421 4135 non
1459 4087 1518 4135 ut
1560 4088 1787 4151 pereant
1835 4092 2029 4152 postu-

445 4173 590 4239 lans,
621 4171 717 4227 sed
740 4179 801 4225 ut
833 4172 1192 4242 resipiscam,
1231 4179 1399 4243 utque
1424 4187 1614 4227 eorum
1643 4183 1842 4238 cattus,
1874 4183 2029 4245 post-

444 4279 608 4334 quam
659 4263 948 4334 pristinam
1001 4263 1312 4319 divinorum
1353 4265 1603 4320 natitiam
1641 4279 1943 4336 posuerunt
1973 4279 2030 4324 et

445 4354 796 4425 abiecerunt,
843 4354 1108 4410 deleatur.
1147 4352 1297 4409 Vane
1323 4355 1487 4426 igitur
1511 4357 1840 4412 contentiosi
1863 4358 1940 4411 illi
1971 4359 2026 4412 in

444 4447 824 4505 obdurationis
845 4463 958 4503 suae
979 4447 1343 4517 patrocinium
1385 4447 1700 4517 hujusmodi
1733 4464 1896 4505 voces
1927 4467 2025 4521 op-

2133 3250 2228 3304 καὶ
2277 3248 2728 3320 διεσμηγμένους.
2775 3245 2983 3300 Οὐκοῦν
3025 3246 3193 3315 ὀλίγοι
3245 3247 3526 3315 γεγόνασιν
3553 3245 3594 3297 οἱ
3628 3243 3669 3295 ἐν

2131 3339 2446 3411 ἁμαρτίαις,
2497 3337 2680 3391 mila!
2725 3336 2782 3390 δὲ
2823 3336 2943 3390 λίαν
2982 3337 3030 3389 οἱ
3076 3334 3520 3405 δεδικαιωμένοι,·
3563 3332 3669 3384 ὥστε

2129 3430 2365 3486 ἐνταῦθα
2419 3431 2481 3484 οὑ
2535 3429 2633 3502 τὴν
2674 3429 2861 3482 οὐσίαν
2896 3427 3266 3498 ἀφανισθῆναι
3310 3426 3539 3497 εὔχεται,
3577 3421 3670 3476 οὔτε

2127 3526 2255 3588 τοὺς
2283 3523 2603 3595 ἀνθρώπους
2645 3521 2973 3593 πανολεθρίᾳ
3013 3519 3419 3593 παραδοθῆναι·
3454 3516 3575 3572 ἀλλὰ
3596 3515 3666 3585 τὴν

2130 3615 2393 3690 πονηρίαν
2421 3615 2630 3670 ἐκλίποι
2660 3613 3000 3686 ἁμαρτωλὸς,
3032 3612 3171 3666 ὥστε
3198 3611 3283 3683 μὴ
3303 3607 3444 3666 εἶναι
3469 3611 3668 3681 ἀμαρτω-

2129 3711 2240 3776 λὺς,
2275 3710 2413 3765 ἀλλὰ
2457 3707 2842 3780 μετατεθῆναι’
2879 3707 2954 3778 μὴ
2978 3706 3211 3778 ὑπάρχοι
3258 3708 3289 3760 ὁ
3333 3705 3541 3774 ἄνομος,
3566 3698 3668 3755 am

2133 3805 2555 3879 μεταϐληθῆναι.
2601 3803 2866 3868 Τοιαύτας
2912 3803 3025 3874 γὰρ
3075 3805 3130 3856 αἱ
3184 3802 3302 3856 τῶν
3337 3802 3504 3870 ἁγίων
3539 3795 3664 3868 ψυχαὶ

2129 3900 2227 3971 οὐχ
2257 3900 2398 3972 ὑπὲρ
2424 3898 2630 3953 ἑαυτῶν
2675 3897 2854 3970 μόνον,
2902 3895 3018 3950 ἀλλ’
3057 3895 3197 3967 ὑπὲρ
3252 3895 3359 3966 τῆς
3397 3890 3664 3962 οἰκουμένης

2131 3992 2350 4064 ἁπάσης
2397 3990 2496 4054 τὰς
2535 3990 2748 4062 δεήσεις
2791 3987 3140 4061 ἀναφέρουσι.
3193 3986 3311 4040 Καὶ
3351 3984 3447 4040 νῦν
3483 3980 3663 4036 τοίνυνί

2128 4084 2312 4153 Δαυῒδ,
2342 4083 2403 4138 τὸ
2427 4083 2568 4137 θεῖον
2593 4081 2787 4145 κάλλος
2817 4080 2959 4136 κατὰ
2999 4079 3092 4134 τὸν
3123 4078 3440 4151 ἀπόρρητον
3462 4073 3659 4134 πλοῦτον,

2128 4175 2207 4240 ὡς
2231 4175 2360 4246 ἐνῆν
2393 4172 2707 4245 ἀνθρωπεία
2737 4170 2896 4240 φύσει
2923 4167 3225 4234 διεξελθὼν,
3266 4170 3474 4232 πάντας
3500 4160 3658 4236 ἀνθρὼ-

2129 4284 2262 4330 πους
2304 4266 2542 4337 ἱμείρετο
2580 4263 2681 4335 τῆς
2718 4262 2886 4333 αὐτῆς
2935 4262 3260 4332 μεταλαχεῖν
3299 4260 3557 4329 γνώσεως,
3594 4253 3661 4307 κιί

2125 4358 2224 4430 τὴν
2265 4358 2374 4410 τῶν
2427 4353 2768 4427 ἁμαρτωλῶν
2820 4353 3053 4423 πάμπαν
3107 4351 3358 4420 ἐκλεῖψαι
3405 4345 3661 4421 συμμορίαν

2129 4450 2386 4505 ἱκετεύει·
2431 4449 2532 4503 οὐκ
2579 4447 2776 4510 αὐτοὺς
2823 4443 3117 4498 ἀπολέσθαι
3167 4442 3528 4514 παρακαλῶν,
3561 4436 3661 4492 ἀλλὰ

445 4549 687 4614 ponunt;
727 4543 872 4612 quod
905 4540 1076 4596 David
1127 4539 1382 4596 videlicet
1418 4540 1650 4596 deﬁcere
1681 4553 2024 4610 peccatorem

2136 4542 2535 4616 μεταΰληθῆναι
2577 4541 2855 4610 δεόμενος,
2907 4538 3002 4591 καὶ
3049 4535 3369 4590 παύσασθαι
3418 4533 3577 4589 αὐτῶν
3615 4528 3659 4582 τί.

443 4641 682 4705 exoptet,
709 4649 775 4689 ac
807 4633 1089 4688 infamiam
1128 4631 1616 4701 conlusionemque
1649 4633 1886 4689 inimicis
1917 4634 2023 4688 im-

443 4733 733 4799 precetur;
763 4725 908 4796 quod
936 4723 1205 4780 Jeremias
1236 4724 1500 4779 ultionem
1533 4739 1566 4778 a
1617 4723 1730 4781 Deo
1756 4728 2020 4781 adversa-

443 4818 545 4875 riis
565 4819 680 4875 suis
714 4817 974 4873 inﬂictam
1009 4816 1198 4872 videre
1247 4817 1479 4889 cupidus
1509 4817 1608 4885 sit;
1661 4818 1808 4889 quod
1856 4817 2018 4884 Osee,

443 4922 506 4967 ut
530 4911 824 4968 infecunda
853 4912 1015 4966 vulva
1040 4925 1400 4981 mammasque
1421 4911 1588 4966 aridae
1622 4911 1862 4966 inimicis
1887 4911 2024 4967 den-

2130 4636 2317 4706 στίφος
2347 4631 2660 4710 ἀντιϐολῶν,
2711 4629 3163 4701 μεταταξαμένων
3217 4627 3317 4682 καὶ
3372 4621 3658 4698 μεταμαθεῖν-

2127 4746 2234 4781 των
2274 4727 2344 4781 τὰ
2386 4725 2525 4778 θεῖα.
2559 4725 2723 4776 Ὥστε
2758 4722 2934 4794 μάτην
2973 4721 3022 4774 οἱ
3065 4721 3335 4792 ἐριστικοὶ
3372 4720 3451 4783 είς
3481 4729 3656 4785 at)qu

2131 4821 2251 4893 ρίαν
2277 4820 2375 4891 τῆς
2394 4816 2603 4872 ἑαυτῶν
2628 4815 2854 4887 πικρίας
2888 4812 2988 4877 τὰς
3029 4811 3286 4885 τοιαύτας
3317 4811 3494 4881 φωνὰς
3523 4822 3655 4877 παρα-

2125 4909 2393 4965 τίθενται·
2421 4908 2512 4961 τὺν
2539 4904 2700 4960 Δαυῒδ
2727 4904 2997 4958 ἐκλείπειν
3027 4903 3118 4956 τὸν
3139 4901 3462 4974 ἁμαρτωλὸν
3487 4895 3655 4953 ποθοῦν-

441 5011 536 5058 tur
573 5004 880 5075 supplicet:
931 5017 997 5058 ac
1056 5000 1260 5058 similia
1305 5003 1442 5058 bene
1491 5003 1664 5057 multa
1714 5003 1770 5057 in
1821 5002 2022 5060 divinis

2136 5019 2217 5067 τα,
2260 5003 2355 5056 καὶ
2387 4998 2646 5070 αἰσχύνην
2688 4999 2782 5050 καὶ
2817 4995 3082 5066 ἐντροπὴν
3120 4995 3228 5048 τῶν
3261 4993 3468 5064 ἐχθρῶν
3505 5005 3653 5044 κατευ-

443 5095 747 5168 Scripturis
790 5097 996 5166 passim
1048 5093 1225 5164 posita
1268 5094 1562 5165 colligunt,
1609 5101 1670 5148 ut
1697 5094 1826 5148 hinc
1854 5095 2014 5149 evin-

2136 5095 2383 5165 χόμενοψ
2415 5091 2505 5144 τὸν
2549 5087 2814 5161 Ἰερεμίαν
2864 5087 2989 5140 ἰδεῖν
3017 5085 3113 5157 τὴν
3146 5086 3300 5158 παρὰ
3325 5084 3417 5138 τοῦ
3447 5080 3562 5138 Θεοῦ
3588 5080 3652 5130 ἐκ·

442 5199 591 5256 cant,
625 5190 860 5245 inimicis
892 5189 1181 5260 imprecari
1226 5186 1308 5248 Cas
1339 5195 1674 5256 esse,.atque
1707 5187 1788 5242 sic
1811 5187 2022 5242 acerbi-

2136 5187 2340 5256 δίκησιν
2391 5184 2456 5236 ἐκ
2500 5181 2609 5235 τῶν
2653 5180 2911 5235 ἐναντίων
2954 5178 3354 5249 ἐπιθυμοῦντα·
3402 5177 3488 5230 τὸν
3532 5168 3650 5238 Ὠσηὲ

441 5285 571 5340 tatis
591 5299 705 5339 suae
725 5281 820 5338 Dei
855 5283 1150 5348 bonitatem
1177 5281 1446 5339 vindicem
1477 5279 1700 5334 faciant.

2136 5279 2342 5350 μήτραν
2371 5272 2701 5330 ἀτεκνοῦσαν
2731 5274 2826 5328 καὶ
2851 5270 3088 5343 μαστοὺς
3126 5270 3323 5341 ξηροὺς
3350 5268 3546 5338 δοθῆναι

442 5380 656 5452 ἐχθροῖς
695 5381 947 5449 δεόμενον
967 5397 980 5410 ·
1022 5380 1116 5434 καὶ
1157 5377 1328 5432 πολλὰ
1383 5376 1610 5430 τοιαῦτα
1662 5372 1936 5446 σποράδην
1977 5373 2274 5443 ἐγκείμενα
2334 5373 2454 5436 ταῖς
2515 5369 2688 5432 θείαις
2727 5369 2968 5440 Γραφαίς
3025 5365 3401 5456 ἀναλέγονται,
3447 5356 3645 5456 amati:

445 5489 596 5542 μενοι
665 5475 742 5546 τῷ
795 5475 904 5532 δεῖν
951 5475 1060 5532 τῶν
1111 5471 1386 5528 ἐναντίων
1433 5470 1825 5541 κατεύχεσθαι,
1862 5468 1953 5524 καὶ
1977 5469 2075 5539 τῆς
2108 5467 2314 5522 ἐαυτῶν
2367 5465 2591 5538 πικρίας
2638 5462 2902 5536 συνεργὸν
2951 5451 3221 5548 ποιεῖσθαι
3270 5459 3370 5534 τὴν
3414 5456 3500 5514 τοῦ
3544 5451 3643 5508 Θεῦῦ

441 5565 784 5637 ἁγαθότητα.Ι

516 5738 562 5771 ⁸⁸
606 5736 795 5795 Matth.
835 5753 962 5803 xxv,
995 5737 1187 5807 ,ιι-45.

3612 5734 3631 5768 \
