3868 6282
130 324 265 388 ίτὲθῧ

1246 324 1750 383 (ΖΟΜΜΕΝΤΑΒΙΑ
1787 324 1854 380 1Ν
1895 325 2234 383 PSALMOS.

3224 332 3364 391 1294
3394 357 3398 362 ’

204 444 340 498 Ἀλλ’
368 442 541 506 οὐδεὶς
564 442 671 496 τῶν
701 442 915 514 άληθῶς
943 437 1129 509 ἁγίων,
1151 433 1225 495 ὧν
1253 444 1307 497 αἱ
1340 443 1527 514 ῥήσεις
1552 439 1694 495 κατά

1862 440 2065 496 Verum
2098 454 2260 496 nemo
2286 455 2476 496 eorum
2505 442 2599 512 qui
2631 458 2756 501 vere
2799 443 2976 501 sancti
3019 453 3183 513 sunt,
3228 463 3365 517 quo--

127 541 272 593 θείαν
309 535 617 607 οἰκονομίαν
653 537 731 597 είς
773 535 1052 588 νουθεσίαν
1085 534 1192 587 τῶν
1234 532 1427 605 ἐφεξῆς
1469 533 1697 604 ἀνεγρά-

127 646 319 702 φησαν,
350 628 442 681 ἐπί
468 645 574 681 τινι
602 626 754 697 κακῷ
779 626 877 699 τὴν
905 626 1136 697 σπουδὴν
1159 625 1295 698 ἔχων
1325 625 1696 696 ἐπιδειχθήσε-

123 740 227 785 ται,
257 718 394 774 ἀλλὰ
418 720 525 782 πᾶς
555 720 734 782 αὐτοῖς
759 721 788 771 6
819 718 1016 782 σκοπὸς
1044 717 1153 771 τῶν
1192 717 1363 786 λόγων
1397 718 1532 789 πρὸς
1560 716 1697 789 διόρ-

123 813 283 867 θωσιν
311 811 414 882 τῆς
446 810 934 881 ἐμπολιτευομένης
962 813 1028 881 τῇ
1059 809 1216 878 φύσει
1260 809 1455 873 κακίας
1489 809 1692 879 βλέπει.

126 905 328 974 Ὠσπερ
376 903 553 955 τοίνυν
603 903 631 954 6
674 901 964 973 εὐχόμενος
1003 901 1077 973 μὴ
1110 896 1249 953 εἶναι
1277 901 1583 964 νοσοῦντας,
1623 901 1697 973 μὴ

125 992 257 1047 εἶναι
304 991 715 1062 πτωχεύοντας,
761 991 820 1044 ού
872 991 979 1045 τῶν
1032 989 1333 1062 ἀνθρώπων
1387 991 1696 1062 ἀναίρεσιν,

126 1084 254 1138 ἀλλά
279 1084 379 1154 τῆς
410 1080 567 1137 νόσου
606 1085 701 1137 καὶ
746 1083 844 1153 τῆς
876 1083 1144 1153 πτωχείας
1172 1078 1473 1152 ἀφανισμὸν
1514 1082 1700 1136 ἐπιθυ-

130 1178 216 1247 μεῖ
253 1176 542 1245 γενέσθαιο
583 1172 724 1228 οὕτω
771 1175 866 1229 καὶ
912 1174 1019 1227 τῶν
1058 1173 1228 1243 ἁγίων
1275 1174 1502 1238 ἕκαστος
1537 1175 1596 1228 τὸ
1630 1177 1697 1247 τῇ

128 1268 277 1340 φύσει
336 1267 637 1337 πολέμιον,
698 1267 777 1330 εἰς
839 1266 1143 1337 ἀφανισμὸν
1199 1266 1370 1320 ἐλθεῖν
1428 1264 1695 1339 εὔχονται.

128 1363 289 1414 Ὅταν
332 1360 442 1429 γὰρ
492 1361 521 1412 6
548 1358 850 1429 Ψαλμῳδὸς
899 1360 1059 1431 εἴπῃ·
1108 1359 1492 1413 Ἐκλίποισαν
1520 1360 1701 1429 ἀμαρ-

125 1449 291 1504 τωλοὶ
331 1448 453 1503 ἀπὸ
494 1447 604 1516 τῆς
638 1446 750 1517 γῆς
792 1446 890 1499 καὶ
924 1445 1154 1516 ἄνομοι,
1194 1444 1349 1499 ὥστε
1382 1445 1467 1515 μὴ
1514 1441 1703 1515 ὑπάρ-

128 1560 251 1613 χειν
278 1542 520 1607 αὐτοὺς,
548 1540 644 1611 τὴν
664 1540 936 1610 ἁμαρτίαν
961 1539 1201 1593 ἐκλιπεῖν
1227 1539 1321 1592 καὶ
1349 1540 1447 1609 τὴν
1470 1540 1700 1611 ἀνομίαν

129 1636 355 1706 εὔχεται.
389 1635 465 1687 Οὐ
496 1634 606 1705 γὰρ
646 1633 930 1705 ἄνθρωπος
964 1631 1234 1704 ἀνθρώπῳ
1276 1632 1551 1703 πολέμιος,
1586 1631 1700 1687 ἀλλ’

126 1730 155 1797 ἡ
188 1725 325 1780 κατά
358 1726 560 1780 κακίαν
591 1726 687 1796 τῆς
730 1724 1099 1797 προαιρέσεως
1128 1725 1341 1796 κίνησις
1381 1727 1461 1789 εἰς
1505 1724 1698 1797 ἐχθροῦ

1795 548 1916 588 rum
1948 531 2093 586 dicta
2118 547 2186 587 ex
2229 532 2410 586 divina
2457 533 2864 603 dispensatione
2906 538 2975 594 ad
3022 551 3364 610 posterorum

1798 624 2199 680 institutionem
2226 627 2538 695 conscripta
2590 628 2741 683 fuere
2765 668 2780 693 ,
2842 630 2910 685 ad
2943 632 3147 686 malum
3192 633 3369 703 quod-

1797 716 1941 788 piam
1966 716 2207 772 studium
2231 732 2391 773 suum
2424 718 2722 775 contulisse
2753 720 3245 793 demonstrabitur;
3272 723 3369 781 sed

1797 816 1945 864 totus
1964 824 2151 864 eorum
2186 823 2386 880 scopus
2417 809 2482 864 ad
2516 810 2877 880 improbitatis
2908 813 2962 868 in
3006 814 3245 870 humana
3269 831 3370 871 na-

1798 909 1920 957 tura
1945 903 2212 956 versantis
2253 902 2685 957 emendationem
2720 906 2964 975 respicit.
3013 907 3373 973 Quemadmo-

1798 994 1926 1049 dum
1956 995 2002 1049 i's
2024 996 2114 1065 qui
2139 1005 2391 1065 precatur
2406 1011 2512 1051 non
2528 1012 2651 1054 esse
2672 997 2940 1064 inﬁrmos,
2965 1016 3072 1055 non
3093 1016 3217 1057 esse
3234 1018 3371 1072 pau-

1801 1104 1977 1159 peres,
2010 1105 2119 1143 non
2145 1090 2426 1145 hominum
2459 1091 2905 1153 destructionem.
2951 1090 3045 1147 sed
3089 1093 3373 1149 infirmita-

1799 1187 1909 1235 tem
1962 1189 2442 1252 paupertatemque
2496 1182 2700 1238 aboleri
2752 1184 2987 1253 expetit;
3040 1184 3113 1239 ita
3169 1187 3372 1257 singuli

1802 1280 2115 1327 sanctorum
2146 1274 2291 1344 quod
2340 1282 2551 1329 natura:
2581 1276 2901 1332 adversatur
2931 1278 2999 1332 de
3043 1277 3222 1333 medio
3253 1281 3372 1335 tolli

1802 1363 2096 1433 postulant.
2122 1362 2257 1418 Nam
2295 1379 2418 1417 cum
2453 1364 2738 1421 Psalmista
2770 1367 2865 1430 ait,
2903 1366 3166 1437 Deﬁciunt
3190 1385 3375 1438 pecca-

1802 1460 1939 1507 tores
1972 1469 2005 1505 a
2038 1462 2178 1508 terra
2199 1461 2247 1507 et
2274 1454 2461 1525 iniqui,
2490 1456 2566 1509 ita
2599 1464 2656 1507 ut
2686 1473 2789 1510 non
2816 1457 2958 1526 sint,
3008 1468 3289 1528 peccatum
3319 1470 3377 1515 et

1802 1542 2143 1613 iniquitatem
2172 1544 2402 1601 deﬁcere
2431 1554 2708 1618 precatur.
2748 1547 2869 1603 Non
2899 1550 3044 1605 enim
3077 1551 3241 1607 homo
3274 1552 3377 1609 ho--

1800 1634 1936 1690 mini
1962 1636 2219 1693 inimicus
2242 1646 2359 1704 est;
2405 1639 2501 1694 sed
2532 1647 2717 1695 motus
2763 1642 3064 1698 voluntatis
3107 1644 3177 1698 ad
3216 1645 3378 1698 mali--

1800 1727 1955 1793 tiam,
1988 1729 2130 1798 quod
2160 1737 2355 1785 natura
2384 1731 2741 1799 conjunctum
2771 1741 2890 1788 erat
2917 1734 2983 1789 ad
3031 1735 3371 1790 inimicitiam

128 1819 270 1884 τάξιν
297 1817 357 1871 τὸ
386 1821 452 1889 τῇ
498 1818 654 1888 φύσει
702 1815 1042 1887 συνημμένον
1078 1815 1397 1887 κατέστησε.
1429 1816 1501 1870 Τὸ
1532 1815 1699 1870 κακὸν

1805 1820 2047 1876 deduxit.
2100 1820 2297 1876 Malum
2330 1824 2496 1894 igitur
2521 1825 2752 1881 deiicere
2796 1834 3090 1897 precatur:
3122 1835 3178 1882 at
3212 1828 3376 1885 homo

129 1912 295 1967 τοίνυν
346 1910 589 1964 ἐκλιπεῖν
628 1907 877 1979 εὔχεταιο
920 1910 947 1962 6
989 1908 1045 1960 δὲ
1082 1907 1364 1980 ἄνθρωπος
1406 1907 1573 1961 κακὸν
1599 1907 1701 1959 οὐκ

126 2003 253 2057 ἔστι.
284 2002 409 2067 Πῶς
437 2001 549 2073 γὰρ
580 2001 646 2056 ἂν
674 2000 759 2072 εἴη
786 2000 955 2054 κακὸν
984 1999 1077 2053 τοῦ
1106 1998 1310 2068 ἀγαθοῦ
1336 1999 1395 2052 τὸ
1420 1999 1698 2070 ὁμοίωμα;

128 2094 306 2159 Οὕτως
339 2094 444 2148 κᾶν
474 2092 736 2166 αἰσχύνην
766 2094 861 2146 καὶ
891 2093 1157 2165 ἐντροπὴν
1183 2092 1291 2146 τῶν
1327 2091 1536 2163 ἐχθρῶν
1569 2108 1703 2145 κατ-

131 2188 377 2259 εύχηται,
429 2187 796 2240 δείκνυσί’σοι
842 2184 903 2238 τὸ
954 2185 1137 2254 στίφος
1174 2183 1282 2237 τῶν
1328 2183 1603 2246 ἐναντίων,
1638 2183 1702 2235 ἐκ

129 2282 215 2335 τοῦ
247 2282 481 2351 ἀοράτου
534 2283 600 2352 τῇ
646 2279 959 2353 ἀνθρωπίνῃ
1010 2272 1531 2361 προσπολεμούντων
1565 2275 1698 2346 ζωῇ.

132 2374 244 2427 Ὅτι
288 2374 343 2427 δέ
384 2375 492 2427 οὐκ
533 2372 855 2444 ἀνθρώπων,
883 2372 1016 2425 ἀλλά
1047 2371 1313 2443 δαιμόνων
1356 2368 1700 2439 κατεύχεται,

126 2468 265 2539 δηλοῖ
290 2466 385 2538 τῆς
412 2467 582 2537 εὐχῆς
614 2465 673 2520 τὸ
697 2462 833 2528 εἶδος
860 2481 873 2494 ο
902 2462 1413 2533 Αἱσχυνθήτωσαν
1439 2462 1570 2533 γὰρ,
1599 2478 1705 2532 φησι

133 2561 229 2625 σιν,
258 2563 310 2613 οὶ
347 2557 668 2627 ὔιτοῦντες
697 2558 813 2627 τὴν
842 2554 1054 2625 ψυχήν
1077 2574 1218 2626 μου,
1242 2555 1348 2610 τοῦ
1373 2554 1577 2624 ἐξᾶραι
1606 2555 1705 2608 αὑ-

131 2653 251 2720 τήν.
290 2649 874 2721 Ἀποστραφήτωσαν
901 2652 987 2716 είς
1024 2651 1095 2703 τὰ
1135 2648 1326 2702 ὀπίσω
1370 2648 1467 2701 καὶ
1495 2647 1701 2713 ἐντρα-

132 2746 404 2814 πήτωσαν
452 2749 507 2800 οί
546 2742 823 2809 θέλοντές
866 2761 967 2812 μοι
1010 2741 1184 2795 κακά.
1224 2741 1703 2810 Κομισάο-θωσαν

133 2840 484 2910 παραχρῆμα
534 2836 836 2908 αἰσχύνην
887 2835 1083 2890 αὐτῶν
1122 2835 1176 2887 οἱ
1227 2826 1508 2903 λέγοντές
1557 2850 1657 2901 μοι
1686 2871 1700 2896 ,

136 2929 295 3003 Εὖγε,
338 2928 503 3003 εὖγε.
544 2929 1027 3002 Ἀγαλλιάο-αιντο
1075 2924 1170 2981 καὶ
1227 2927 1703 2997 εὐφρανθείησαν

131 3026 219 3079 ἐπὶ
243 3026 336 3080 σοὶ
362 3014 594 3091 πάντες
620 3026 673 3078 οὶ
703 3016 1013 3091 ζητοῦντές
1049 3033 1141 3085 σε,
1176 3020 1375 3089 Κύριε,
1406 3013 1505 3072 καὶ
1540 3014 1703 3072 811d-

134 3135 320 3172 τωσαν
368 3115 734 3182 διαπαντὸς,
791 3109 1236 3184 Μεγαλυνθήτω
1291 3114 1324 3166 ὁ
1379 3112 1611 3179 Κύριος,
1650 3113 1703 3165 οἱ

1801 1928 1912 1968 non
1947 1914 2148 1969 malum
2179 1916 2458 1987 quidpiam
2490 1924 2595 1973 est.
2643 1918 2925 1985 Quomodo
2968 1921 3113 1976 enim
3170 1921 3376 1977 malum

1801 2006 1929 2062 boni
1976 2007 2277 2062 similitudo
2325 2008 2522 2065 fuerit?
2574 2008 2653 2065 Ita
2683 2013 2933 2082 quamvis
2988 2011 3269 2067 infamiam
3321 2021 3380 2068 et

1802 2100 2176 2157 confusionem
2201 2102 2441 2159 inimicis
2469 2114 2738 2173 precetur,
2770 2104 2861 2159 hic
2894 2105 2991 2160 tibi
3043 2106 3379 2161 adversario-

1802 2204 1945 2255 rum,
1975 2191 2065 2261 qui
2093 2190 2144 2245 in
2176 2192 2392 2248 occulto
2414 2191 2710 2247 humanam
2739 2203 2994 2249 naturam
3018 2204 3331 2267 oppugnant
3358 2237 3375 2262 ,

1803 2289 2003 2337 emtum
2021 2282 2282 2338 declarat.
2313 2283 2469 2350 Quod
2488 2293 2670 2340 autem
2703 2284 3043 2343 daemonibus
3061 2304 3170 2343 non
3200 2290 3378 2343 homi-

1801 2372 1965 2427 nibus
1994 2372 2344 2443 imprecetur,
2371 2374 2489 2445 ipsa
2523 2375 2791 2431 orationis
2821 2375 2993 2432 forma
3032 2380 3375 2449 comprobat:

1804 2461 2235 2534 Confundantur,
2262 2466 2459 2537 inquit,
2492 2468 2584 2539 qui
2623 2479 2864 2539 quaerunt
2894 2470 3127 2523 animam
3166 2487 3335 2526 meam
3357 2509 3376 2537 ,

1802 2566 1859 2611 ut
1892 2558 2137 2625 auferant
2178 2576 2316 2613 eam.
2366 2559 2752 2616 Convertuntur
2790 2572 3083 2618 retrorsum
3116 2573 3166 2618 et
3196 2564 3381 2620 erube-

1802 2657 1953 2701 scant
1977 2651 2065 2719 qui
2094 2651 2271 2705 volunt
2301 2650 2429 2706 mihi
2454 2654 2619 2707 mala.
2660 2652 2859 2709 Ferant
2891 2655 3169 2724 confestim
3194 2657 3383 2726 confu-

1802 2739 2001 2793 sionem
2028 2757 2183 2794 suam
2209 2739 2297 2811 qui
2326 2738 2507 2797 dicunt
2536 2745 2696 2811 mihi,
2730 2744 2897 2817 Euge,
2924 2764 3069 2820 euge.
3102 2748 3382 2806 Exsultcnt

1802 2840 1851 2885 et
1872 2831 2113 2886 twtentur
2142 2834 2195 2887 in
2224 2844 2272 2888 te
2298 2852 2475 2891 omnes
2512 2838 2602 2907 qui
2642 2848 2883 2909 quaerunt
2926 2850 2993 2910 te,
3037 2838 3259 2898 Domine
3282 2884 3298 2909 ,
3330 2853 3382 2898 et

1804 2922 1981 2977 dicant
2005 2941 2237 2995 semper,
2286 2922 2662 2998 Magni/icetur
2692 2928 2976 3001 Dominus,
3016 2936 3107 3007 qui
3150 2935 3383 3007 diligunt

1805 3017 2042 3072 salutare
2072 3030 2222 3073 tuum
2244 3018 2309 3074 ‘9.
2344 3019 2456 3077 Soli
2490 3023 2689 3094 quippe
2717 3025 2992 3083 daemones
3033 3027 3227 3083 anima:
3256 3030 3382 3085 insi-

1807 3109 2029 3164 diantur
2061 3130 2073 3163 :
2110 3111 2306 3166 animae
2334 3119 2514 3168 autem
2540 3113 2751 3170 insidiae
2776 3122 2905 3170 sunt
2933 3117 3189 3173 alienatio
3218 3134 3248 3173 a
3274 3118 3384 3176 Deo

134 3208 474 3279 ἀγαπῶντες
498 3208 565 3262 τὸ
595 3200 893 3275 σωτήριόν
922 3222 1058 3260 σου.
1090 3204 1255 3259 Μόνοι
1288 3204 1396 3275 γὰρ
1436 3206 1485 3258 οἱ
1517 3204 1702 3276 δαίμο-

1805 3203 1873 3258 ob
1894 3219 2121 3273 pravum
2154 3206 2321 3260 animi
2352 3204 2624 3262 aﬂ‘ectum.
2665 3204 2734 3262 Ut
2765 3224 2895 3282 ergo
2919 3207 2973 3264 in
3006 3211 3120 3266 haec
3153 3228 3263 3267 non
3300 3213 3385 3268 in-

134 3318 213 3365 νες
258 3304 334 3365 εἰς
386 3301 575 3373 ψυχὴν
620 3296 1055 3354 ἐπιϐουλεύουσι·
1108 3299 1283 3370 ψυχῆς
1337 3296 1393 3351 δὲ
1449 3294 1704 3371 ἐπιϐουλὴ

133 3387 255 3445 Θεοῦ
299 3391 654 3463 ἀλλοτρίωσις
701 3390 787 3444 διὰ
826 3390 926 3461 τῆς
965 3389 1245 3461 ἐμπαθοῦς
1276 3390 1563 3461 γινομένης
1593 3391 1706 3443 δια-

134 3484 335 3550 θέσεως.
380 3486 478 3548 Ὠς
522 3483 587 3538 ἂν
634 3479 725 3539 οῦν
774 3483 848 3555 μὴ
890 3480 1046 3537 τοῦτο
1092 3483 1273 3548 πάθοι,
1312 3482 1572 3555 αἰσχύνην
1600 3483 1706 3539 τῶν

136 3578 588 3633 ἀντιπαλαιόντων
638 3576 875 3648 εὔχεται.
918 3575 1087 3630 Τοῦτο
1116 3575 1172 3629 δὲ
1204 3575 1354 3630 οὐδὲν
1397 3575 1523 3631 ἄλλο
1560 3574 1707 3630 ἐστὶν

135 3669 359 3743 ἢέαυτῷ
407 3672 570 3742 νίκην
618 3669 758 3725 κατὰ
803 3670 911 3725 τῶν
954 3666 1228 3741 πολεμίων
1266 3666 1623 3736 ἐπεύξασθαιο
1657 3668 1708 3722 οἱ

136 3755 187 3817 δὲ
218 3766 469 3837 πολέμιοι
518 3763 587 3818 τά
627 3764 771 3834 πάθη
816 3763 971 3817 εἰσίν.
1008 3762 1196 3827 Οὕτως
1233 3763 1501 3833 Ἱερεμίας
1547 3760 1707 3832 ζῆλον

136 3856 224 3927 τῆς
254 3854 564 3919 θεοσεϐείας
590 3856 748 3926 ἔχων,
784 3854 1289 3925 εἰδωλολατροῦντος
1321 3853 1415 3907 τοῦ
1449 3852 1709 3923 βασιλέως

138 3947 224 3999 καὶ
275 3947 366 3999 τοῦ
426 3946 577 4008 λαοῦ,
606 3945 705 3997 οὐκ
756 3939 886 3997 ἴδιόν
936 3962 987 3997 τι
1033 3939 1322 4013 θεραπεύει
1369 3937 1557 4003 πάθος,
1593 3936 1707 3993 ἀλλ’

139 4030 269 4105 ὑπὲρ
308 4036 403 4089 τοῦ
462 4033 641 4087 κοινοῦ
686 4033 793 4086 τῶν
842 4028 1142 4105 ἀνθρώπων
1186 4032 1452 4103 προσάγει
1482 4030 1561 4101 τῷ
1591 4028 1710 4101 Θεῷ

138 4125 228 4198 τὴν
262 4122 467 4199 δέησιν,
507 4129 573 4198 τῇ
626 4125 766 4180 κατά
794 4122 902 4178 τῶν
947 4120 1330 4196 ἀσεϐησάντων
1378 4118 1520 4195 ὁρμῇ
1566 4118 1711 4176 ἆπαν

140 4214 563 4291 σωφρονισθῆναι
608 4217 774 4284 ἀξιῶν
814 4217 874 4271 τὸ
924 4212 1278 4290 ἀνθρώπινον.
1316 4216 1427 4269 Καὶ
1467 4213 1623 4287 Ὠσηέ
1655 4211 1711 4268 δὲ

141 4306 531 4381 πολυγονοῦσαν
562 4311 683 4365 τότε
716 4309 812 4380 τὴν
861 4304 1060 4370 κακίαν
1105 4309 1164 4362 ἐν
1206 4309 1319 4372 τοῖς
1354 4305 1713 4378 Ἰσραηλίταις

141 4399 201 4474 τῇ
232 4399 455 4477 ἀτεκνίᾳ
496 4396 868 4468 καταδικάζει,
909 4399 1134 4466 καὶτὰς
1176 4399 1379 4471 πικρὰς
1419 4398 1589 4471 θηλὰς
1615 4398 1713 4469 τῆς

1807 3295 1973 3362 cidat,
2000 3297 2326 3354 adversariis
2385 3299 2665 3354 infamiam
2716 3309 2991 3371 precatur.
3050 3304 3189 3359 Illud
3251 3322 3384 3362 vero

1806 3389 1945 3443 nihil
1978 3390 2125 3443 aliud
2159 3398 2265 3455 est,
2298 3404 2462 3461 quam
2491 3390 2778 3447 victoriam
2813 3393 2919 3448 sibi
2953 3391 3021 3449 de
3051 3394 3388 3453 adversariis

1808 3481 2127 3551 postulare:
2178 3482 2383 3537 inimici
2433 3498 2562 3538 vero
2616 3491 2745 3540 sunt
2786 3484 2955 3539 animi
3003 3484 3251 3542 aﬂ‘cctus.
3294 3485 3388 3542 Sic

1807 3571 2073 3631 Jeremias
2119 3574 2235 3630 zelo
2266 3574 2547 3645 religionis
2588 3575 2912 3645 instructus,
2944 3593 3072 3648 rege
3102 3585 3155 3633 et
3184 3579 3388 3649 populo

1809 3662 1953 3721 idola
1983 3666 2310 3733 colentibus,
2343 3682 2453 3721 non
2508 3668 2838 3736 peculiarem
2885 3667 3173 3738 quemdam
3219 3668 3386 3722 animi

1809 3756 2058 3812 morbum
2098 3766 2275 3824 curat,
2306 3755 2399 3813 sed
2431 3774 2531 3827 pro
2556 3757 2831 3812 communi
2859 3759 3141 3813 hominum
3177 3760 3389 3829 suppli-

1810 3844 2079 3904 cationem
2110 3846 2218 3905 Deo
2243 3848 2419 3917 offert,
2446 3864 2646 3921 rogans
2671 3859 2729 3905 ut
2755 3857 2947 3906 contra
2987 3852 3183 3922 impios
3213 3851 3388 3921 impe-

1809 3946 1925 3994 tum
1961 3939 2158 4009 t‘aciat,
2204 3949 2259 3996 et
2310 3942 2391 3996 sic
2440 3956 2631 3997 omnes
2682 3942 2933 3999 homines
2984 3942 3054 3998 ad
3104 3942 3386 3999 meliorem

1812 4032 2022 4105 frugem
2051 4043 2397 4090 revocentur.
2433 4033 2499 4088 Et
2528 4030 2666 4090 Osee
2696 4035 2958 4090 malitiam
2988 4042 3121 4090 tunc
3143 4035 3283 4106 apud
3309 4034 3391 4091 ls-

1811 4124 2035 4183 raelitas
2074 4142 2194 4183 sese
2222 4126 2699 4197 multiplicantem,
2730 4126 3115 4182 infecunditati
3142 4126 3388 4193 damnat,

1812 4222 1864 4274 et
1891 4216 2117 4274 acerbas
2148 4218 2359 4289 peccati
2382 4233 2647 4273 mammas
2674 4219 2945 4274 exsiccari
2993 4220 3198 4289 expetit
3231 4219 3299 4283 '°,
3327 4224 3390 4273 ut

1812 4324 1882 4364 ne
1912 4309 2113 4363 malum
2148 4308 2294 4379 apud
2321 4309 2571 4366 homines
2624 4312 2711 4366 vel
2763 4312 3014 4383 gignatur
3044 4312 3129 4367 vel
3186 4311 3387 4367 alatur.

1815 4398 1891 4453 Ac
1921 4398 1965 4455 si
2001 4400 2125 4470 quis
2153 4401 2294 4457 alius
2329 4401 2474 4472 apud
2523 4412 2745 4459 sanctos
2771 4404 2920 4459 viros
2952 4403 3151 4461 similis
3181 4419 3386 4468 sermo,

140 4494 406 4567 ἁμαρτίας
435 4490 767 4569 ξηρανθῆναι
813 4489 1081 4564 βούλεται,
1109 4487 1184 4555 ὡς
1215 4491 1282 4545 ἂν
1315 4492 1451 4562 μήτε
1479 4486 1702 4545 τίκτοιτι

1816 4493 1911 4548 irae
1944 4495 2180 4565 speciem
2237 4495 2561 4565 praeferens,
2609 4495 3063 4568 deprehenditur,
3123 4495 3191 4551 ad
3248 4496 3393 4553 hanc

143 4587 196 4639 ἐν
218 4592 323 4652 τοῖς
351 4587 657 4660 ἀνθρώποις
679 4581 739 4640 τὸ
758 4583 949 4649 κακὸν,
978 4581 1113 4656 μήτε
1139 4582 1409 4655 τρέφοιτο.
1429 4583 1538 4637 Καὶ
1562 4582 1702 4647 εἴτις

1816 4600 2044 4655 prorsus
2078 4594 2313 4641 mentem
2357 4588 2615 4658 respicit;
2649 4588 2857 4643 scilicet
2886 4587 3087 4644 malum
3121 4587 3390 4653 eliminat,

144 4677 290 4744 ἄλλος
339 4681 576 4745 τοιοῦτος
620 4680 678 4734 ἐν
725 4681 834 4742 τοῖς
884 4674 1056 4746 ἁγίοις
1098 4675 1294 4747 εὗρεθῇ
1345 4674 1500 4744 λόγος
1536 4672 1702 4747 θυμοῦ

1817 4677 2089 4733 hominem
2119 4695 2247 4735 vero
2270 4695 2375 4735 non
2408 4684 2610 4736 atterit.

144 4772 372 4845 ἔμφασιν
414 4777 572 4849 ἔχων,
625 4776 762 4848 πρὸς
808 4774 903 4847 τὴν
939 4771 1193 4844 τοιαύτην
1226 4772 1441 4835 πάντως
1473 4770 1710 4827 διάνοιαν
1740 4772 1951 4843 βλέπει,
1985 4770 2018 4845 ἢ
2080 4775 2311 4847 ἐξορίζει
2352 4772 2415 4829 τὸ
2461 4776 2655 4830 κακόν·
2690 4776 2789 4830 οὐκ
2849 4775 3113 4848 ἐπιτρίϐει
3158 4774 3249 4830 τὸν
3302 4771 3394 4830 ἄν-

145 4870 371 4942 θρωπον.

214 4993 272 5043 Εἰ
292 4992 357 5062 δέΔ
377 5009 460 5056 τις
489 4991 689 5062 ἑτέρως
722 4991 789 5044 τά
838 4991 932 5044 τοῦ
978 4990 1141 5045 Δαυῖδ
1178 4993 1317 5044 νοεῖν
1350 4989 1616 5061 βούλεται,
1643 4990 1702 5051 ὡς

1887 4986 2041 5055 Quod
2075 4988 2121 5042 si
2164 4987 2291 5058 quis
2320 4987 2422 5040 alia
2472 4986 2685 5041 ratione
2742 4984 2965 5043 Davidis
3002 4987 3149 5042 dicta
3194 4987 3398 5054 intellif

146 5080 234 5132 τοῦ
272 5060 559 5154 Προφήτου
585 5060 724 5144 τοὺς
773 5082 1061 5153 δυσσεϐείᾳ
1096 5060 1374 5148 συζῶντας
1401 5083 1561 5153 ἀραῖς
1591 5081 1702 5134 ὑπο

1816 5092 1942 5151 gere
1980 5078 2130 5142 velit,
2160 5078 2233 5132 ita
2265 5086 2323 5131 ut
2348 5075 2617 5146 Propheta
2642 5091 2737 5132 eos
2778 5077 2872 5146 qui
2920 5076 2973 5131 in
3006 5076 3282 5147 impietate
3312 5079 3399 5132 vi-

148 5172 423 5237 6άλλοντος
446 5193 459 5206 ο
496 5175 589 5230 καὶ
619 5174 792 5237 οὕτως
830 5175 1053 5245 εὑρήσει
1093 5178 1157 5246 τῇ
1197 5174 1528 5245 ἀποστολικῇ
1574 5174 1702 5227 διδα-

1820 5178 1951 5226 vunt
2000 5168 2363 5225 exsecrationi
2417 5167 2710 5237 subjiciat:
2763 5169 2837 5223 ita
2882 5184 3101 5239 quoque
3157 5170 3399 5226 inveniet

149 5265 338 5337 σκαλίᾳ
367 5267 467 5338 τὴν
507 5267 844 5339 προφητείαν
885 5266 1308 5337 συμϐαίνουσαν.
1357 5267 1566 5332 Παῦλος
1610 5267 1702 5338 γὰρ

1816 5262 2158 5333 prophetiam
2183 5276 2307 5316 cum
2338 5262 2637 5331 apostolica
2661 5260 3219 5330 doctrinaquadrarc.
3252 5260 3396 5314 Pau—

148 5356 445 5426 Κορινθίοις
475 5359 819 5423 ἐπιστέλλων,
852 5357 1090 5411 τοιοῦτον
1119 5358 1521 5431 ἀκροτελεύτιον
1550 5358 1702 5413 τέθει⁴

1817 5358 1903 5411 lus
1939 5357 2142 5427 quippe
2179 5355 2479 5411 Corinthiis
2517 5354 2786 5421 scribens,
2813 5354 3107 5410 hoc'modo
3142 5353 3347 5408 claudit
3379 5374 3395 5410 :

149 5465 257 5502 κεν·
281 5454 355 5504 Εἴ
374 5466 463 5519 τις
488 5457 559 5509 οὐ
584 5453 749 5523 φιλεῖ
768 5453 873 5507 τὸν
897 5454 1115 5521 Κύριον
1146 5454 1398 5521 Ἰησοῦν,
1427 5452 1548 5522 ἤτω
1575 5451 1702 5507 ard-

1825 5450 1885 5505 Si
1912 5451 2027 5522 quis
2054 5466 2158 5504 non
2191 5458 2335 5503 amat
2361 5448 2645 5501 Dominum
2689 5447 2891 5512 Iesum,
2920 5448 3203 5501 anathema
3234 5447 3303 5501 sit
3329 5448 3396 5504 ".

150 5542 308 5609 θεμα.
338 5545 495 5600 Ἴδιον
534 5545 641 5616 γάρ
669 5544 775 5599 τῶν
809 5544 1026 5617 θερμῶς
1064 5544 1401 5613 ἀγαπώντων
1441 5544 1502 5597 τὸ
1540 5546 1702 5614 μισεῖι

1825 5541 1961 5595 Nam
2007 5556 2198 5596 eorum
2254 5540 2346 5611 qui
2411 5540 2661 5595 ardenter
2709 5546 2893 5593 amant
2948 5538 3225 5609 proprium
3273 5545 3399 5604 est,

149 5634 267 5695 τοὺς
321 5636 608 5704 μισοῦντας
639 5636 728 5689 τὸν
790 5635 1169 5707 ἀγαπώμενον.
1206 5636 1357 5706 Τάχα
1393 5637 1449 5690 δέ
1486 5636 1581 5689 καὶ
1619 5634 1702 5705 τὴι

1826 5632 2007 5688 odisse
2037 5646 2132 5687 eos
2163 5630 2255 5702 qui
2285 5629 2541 5687 dilectum
2571 5630 2697 5685 odio
2729 5630 2948 5685 habent.
2980 5624 3234 5684 Fortasse
3270 5628 3401 5684 item

222 5787 267 5820 ⁸⁸
300 5786 443 5848 Psat.
480 5807 679 5858 sunt,
716 5793 898 5848 H47.
974 5795 1018 5826 "
1058 5790 1182 5847 Ose.
1222 5809 1308 5857 ix,
1342 5790 1428 5848 Η.
1505 5793 1547 5826 ⁸¹
1594 5790 1702 5847 10(

1808 5806 1892 5843 xvi
1916 5829 1930 5851 ,
1974 5785 2063 5839 τε.
