3868 6282
490 311 631 370 1995

1194 310 1466 369 EUSEBII
1503 311 1979 371 CAESARIENSIS
2015 312 2166 370 OPP.
2207 313 2387 370 PARS
2425 310 2515 375 111.
2557 346 2621 359 -
2664 316 3080 376 EXEGETICA.

3561 329 3661 388 1296

489 440 692 491 statum
723 430 818 503 qui
862 438 987 502 post
1036 429 1499 488 resurrectionem
1534 429 1752 487 futurus
1804 438 1923 498 est,
1978 432 2058 488 hic

2173 432 2311 504 μετὰ
2368 433 2468 505 τὴν
2504 432 2801 488 ἀνάστασιν
2845 433 2934 488 διὰ
2975 434 3180 489 τούτων
3223 437 3254 489 δ
3289 436 3438 491 Δαυῒδ
3474 446 3666 513 σημαίνιι

488 525 657 582 David
689 522 983 597 signiﬁcat,
1016 522 1237 595 quando
1280 521 1416 578 dicit
1472 522 1642 579 laetari
1690 524 1978 580 Dominum
2012 525 2067 580 in

488 618 747 689 operibus
802 617 954 683 suis,
997 615 1379 672 deficientibus
1432 616 1811 687 peccatoribus
1838 631 1867 671 a
1901 624 2065 673 terra.

489 708 772 779 Quomodo
802 709 948 766 enim
1006 707 1132 779 quis
1188 721 1221 760 a
1281 713 1506 778 peccato
1541 705 1962 774 denominetur,
2019 706 2067 762 si

487 811 775 876 peccatum
836 816 944 856 non
1004 799 1203 855 fuerit?
1249 796 1375 853 Hac
1429 805 1489 853 tu
1534 810 1752 869 quoque
1807 813 2063 869 precare:

488 897 676 969 Aperi,
710 894 955 960 Domine,
987 893 1208 949 divitem
1248 906 1467 948 manum
1494 901 1641 945 tuam
1670 891 1738 946 ad
1766 892 2066 962 spiritualis

488 987 737 1045 beneficii
761 984 1258 1057 dispensationem;
1291 990 1352 1036 ut
1370 980 1713 1037 amarissima
1741 990 1795 1037 et
1826 981 2066 1038 crudelis

488 1081 670 1136 anima
731 1093 848 1133 mea
902 1076 1193 1148 impleatur
1251 1074 1541 1129 bonitate:
1602 1073 1757 1129 mitte
1799 1069 2063 1145 Spiritum

487 1180 740 1227 sanctum
774 1180 949 1234 tuum,
972 1176 1027 1223 et
1054 1179 1257 1224 renova
1285 1173 1597 1237 corruptam
1621 1172 1823 1220 terram
1853 1179 2062 1235 meam;

486 1271 549 1316 ut
586 1270 714 1316 tunc
741 1262 891 1315 latter
917 1260 970 1312 in
1000 1257 1258 1328 operibus
1296 1257 1425 1322 tuis,
1455 1257 1741 1315 diabolicis
1774 1258 2064 1329 praestigiis

486 1355 543 1409 in
576 1354 742 1409 corde
772 1367 892 1407 meo
919 1349 1316 1405 deficientibus.

560 1534 805 1601 Benedic,
834 1533 1013 1587 animo
1043 1540 1181 1596 mea,
1204 1530 1452 1586 Domino.
1470 1529 1737 1588 Omnibus
1756 1545 1880 1587 cum
1902 1531 2064 1589 laude

486 1625 780 1688 absolutis,
830 1625 885 1678 in
935 1622 1131 1679 eodem
1181 1622 1457 1678 versiculo
1502 1623 1773 1693 psalmum
1838 1622 2064 1678 benedi-

486 1721 667 1775 ctione
694 1716 921 1783 claudit,
951 1728 1017 1771 ac
1047 1722 1173 1786 post
1203 1715 1410 1786 iactum
1454 1713 1868 1771 fundamentum
1888 1756 1904 1783 ,
1941 1731 2061 1771 ser-

2170 527 2525 589 κατάστασιν,
2559 527 2651 580 ὅτε
2697 528 2791 581 καὶ
2840 528 3222 599 εὐφραίνεσθαι
3271 529 3361 582 τὸν
3406 531 3576 603 Κύριον
3604 539 3668 592 ἐπὶ

2167 619 2282 681 τοῖς
2314 617 2496 689 ἔργοις
2519 617 2685 672 αὐτοῦ
2712 618 2883 687 λέγει,
2920 619 3247 674 ἐκλιπόντων
3276 620 3380 675 τῶν
3404 622 3670 697 ἁμαρτωλῶν

2167 708 2275 763 ἀπὸ
2296 710 2398 781 τῆς
2429 709 2554 780 γῆςε
2587 710 2714 775 Πῶς
2737 710 2846 782 γάρ
2871 729 2954 775 τις
2993 709 3054 776 ἐξ
3081 713 3350 782 ἁμαρτίας
3375 715 3668 789 ὀνομασθήσε-

2165 816 2278 868 ται,
2336 802 2435 874 τῆς
2473 802 2748 875 ἁμαρτίας
2790 803 2892 856 οὐκ
2953 802 3159 874 οὐσηςς
3201 804 3428 858 Τοιαῦτα
3456 805 3586 877 εὐχου
3607 813 3671 864 καὶ

2170 895 2233 950 σύ
2254 912 2268 927 ⁸
2291 894 2562 963 Ἀνοιξον,
2578 895 2774 969 Κύριε,
2788 897 2889 970 τὴν
2910 897 3170 951 πλουσίαν
3195 915 3287 951 σου
3304 901 3450 970 χεῖρα
3468 902 3536 963 είς
3554 920 3671 975 χορη-

2166 988 2291 1058 γίαν
2322 989 2699 1061 πνευματικῆς
2736 989 3059 1062 εὐεργεσίας
3079 1006 3095 1021 ·
3129 990 3218 1045 ἵνα
3245 992 3281 1062 ἡ
3325 995 3589 1066 πικροτάτη
3610 998 3675 1051 καὶ

2165 1081 2381 1155 ἀπηνής
2409 1098 2509 1155 μου
2550 1081 2697 1157 ψυχὴ
2736 1083 2952 1156 πλησθῇ
2992 1084 3376 1157 χρηστότητος.
3408 1086 3677 1143 Ἀπόστειλον

2165 1172 2227 1226 τὸ
2258 1172 2485 1245 Πνεῦμά
2508 1188 2602 1227 σου
2638 1174 2701 1229 τὸ
2728 1174 2906 1245 ἅγιον,
2938 1174 3035 1228 καὶ
3073 1174 3416 1229 ἁνακαίνισον
3449 1174 3536 1248 τὴν
3564 1194 3675 1232 κατε-

2166 1264 2485 1337 φθαρμένην
2514 1282 2616 1337 μου
2644 1269 2770 1338 γῆν,
2800 1268 2889 1321 ῖνα
2928 1267 3051 1321 τότε
3093 1266 3378 1337 εὐφρανθῶ
3404 1267 3595 1332 irritet;
3615 1270 3677 1340 ἔρ-

2164 1371 2283 1423 γοις
2308 1373 2422 1423 σου,
2456 1358 2565 1412 τῶν
2606 1358 2940 1431 δαιμονικῶν
2987 1359 3457 1430 μαγγανευμάτων
3495 1361 3680 1416 ἐκλιπόν-

2163 1465 2272 1503 των
2301 1444 2409 1503 ἀπὸ
2433 1450 2532 1521 τῆς
2562 1451 2788 1523 καρδίας
2818 1469 2940 1523 μου.

2232 1541 2501 1612 Εὐλόγει,
2526 1540 2564 1611 ἡ
2592 1542 2767 1613 ψυχή,
2787 1560 2927 1612 μου,
2958 1540 3067 1597 τὸν
3090 1542 3334 1611 Κύριον.
3362 1542 3593 1595 Ἐνταῦθα
3613 1561 3680 1596 κι-

2163 1630 2404 1696 ταλύσας
2432 1632 2494 1687 τὺ
2525 1634 2633 1687 πᾶν
2666 1634 2747 1698 είς
2778 1633 3105 1703 δοξολογίαν,
3136 1635 3215 1698 είς
3243 1634 3509 1704 εὐφημίαν
3530 1632 3591 1703 τῷ
3616 1635 3681 1687 αὐ-

2163 1721 2243 1793 τῷ
2273 1722 2442 1797 στίχῳ
2477 1723 2752 1794 συγκλείει
2784 1725 2875 1779 τὸν
2899 1725 3136 1797 ψαλμὸν,
3192 1725 3409 1795 ἀσφαλῆ
3459 1723 3577 1796 μετὰ
3619 1724 3686 1777 τοῦ

486 1811 636 1868 ιιιοοί
667 1817 873 1866 tectum
905 1785 1215 1879 imposuit,
1238 1821 1304 1863 ac
1347 1806 1617 1878 prooemio
1668 1814 2058 1878 congruentem

2166 1785 2425 1886 θεμελίου
2442 1813 2537 1869 τὸν
2556 1785 2766 1889 ’ὄροφον
2789 1785 2999 1881 ἐπιθεὶς
3015 1785 3101 1888 ’τῷ
3124 1785 3303 1889 λόγῳ,
3332 1785 3426 1870 καλ
3549 1834 3684 1888 προοι-

485 1903 650 1960 ﬂncm
681 1900 920 1956 induxit.
952 1896 1036 1954 'l‘u
1064 1899 1235 1962 enim,
1272 1897 1476 1969 inquit,
1510 1913 1545 1952 ο
1577 1899 1760 1952 anima
1813 1897 2063 1969 cpiticem

486 2007 552 2048 ac
573 1991 916 2048 Salvatorem
940 1997 1096 2046 tuum
1125 1989 1349 2046 assidue
1377 1989 1595 2061 hymnis
1624 1989 1920 2045 celebrato.
1946 1986 2067 2059 Ipse

486 2101 724 2157 namque
757 2093 812 2140 te
851 2099 881 2138 a
915 2091 1064 2139 sorte
1108 2082 1482 2154 improborum
1511 2082 1803 2144 amovebit,
1849 2092 1902 2136 et
1933 2097 2063 2135 san-

485 2190 704 2236 ctorum
733 2178 1017 2236 consortio
1046 2176 1266 2251 dignam
1296 2177 1513 2233 elliciet.
1544 2175 1684 2233 Tum
1716 2177 1774 2231 in
1808 2176 2061 2241 exordio,

487 2286 602 2333 tun
647 2278 702 2333 in
759 2275 865 2333 line
912 2275 1183 2333 sermonis
1220 2276 1326 2346 ipsi
1361 2273 1797 2331 benedictionem
1845 2274 2065 2329 emittas

484 2370 620 2426 Nam
646 2369 870 2427 assidua
919 2367 1015 2424 Dei
1043 2366 1353 2424 benedictio
1386 2365 1456 2422 ad
1499 2372 1714 2422 rectum
1751 2364 2064 2420 institutum

485 2463 652 2519 vitam
679 2461 975 2517 concinnat
1010 2465 1281 2515 nostram.
1590 2478 1597 2481 -

1017 2569 1388 2629 ALLELUIA.
1428 2567 1567 2628 CW.

554 2665 722 2723 Vens.
760 2667 813 2729 l,
844 2666 900 2722 2.
940 2663 1281 2737 Con/itemini
1334 2665 1577 2727 Domino,
1605 2672 1656 2719 et
1686 2664 1925 2720 invocate
1967 2679 2066 2719 no-

484 2775 602 2813 men
626 2757 762 2829 ejus,
780 2759 1094 2812 annuntiate
1124 2757 1263 2812 inter
1291 2766 1467 2828 gentes
1492 2771 1651 2826 opera
1679 2755 1811 2825 ejus.
1836 2754 2064 2811 Cantate

436 2860 443 2865 '
483 2852 532 2908 el
566 2860 615 2907 et
662 2850 879 2920 psallite
924 2849 994 2915 ei,
1014 2858 1233 2903 narrate
1276 2850 1454 2903 omnia
1480 2846 1754 2902 mirabilia
1781 2847 1916 2917 ejus.
1962 2847 2062 2904 Hic

484 2942 731 3012 psalmus
762 2942 976 3012 primus
1004 2956 1194 2996 eorum
1235 2947 1319 2996 est
1350 2939 1443 3012 qui
1487 2939 1721 2993 Alleluia
1751 2940 2061 2995 inscribun-

484 3045 594 3090 tur.
638 3034 734 3091 Est
796 3042 979 3090 autem
1038 3033 1270 3089 Alleluia
1338 3034 1651 3088 adhortatio
1705 3035 1958 3106 mystica,
1991 3035 2060 3090 ad

485 3136 653 3186 neum
696 3126 1031 3184 laudandum
1062 3143 1250 3183 aurem
1288 3126 1573 3191 excitans,
1616 3126 1692 3180 ita
1726 3135 1785 3185 ut
1822 3126 1937 3181 haec
1987 3127 2059 3181 sit

480 3224 603 3293 ejus
630 3222 980 3293 significatio,
1008 3219 1253 3274 Laudale
1276 3218 1584 3277 Dominum.
1608 3218 1743 3273 Nam
1774 3218 1826 3273 in
1858 3219 2058 3290 quibus

483 3322 689 3372 sancta:
744 3313 1043 3384 Scriptura:
1099 3312 1349 3383 partibus
1395 3312 1510 3366 haec
1565 3328 1668 3366 vox
1728 3312 2055 3382 apponitur,

484 3405 727 3462 Laudale
770 3404 1087 3469 Dominum,
1134 3401 1420 3457 Hebraicis
1459 3403 1643 3457 verbis
1685 3418 1781 3474 per
1824 3401 2060 3455 Alleluia

482 3495 830 3566 exprimitur.
859 3491 963 3548 Per
989 3492 1123 3548 illud
1155 3492 1300 3549 enim
1335 3492 1528 3559 Allelu,
1558 3494 1678 3547 laus
1708 3491 2057 3565 intelligitur,

481 3603 604 3660 qua:
632 3585 700 3643 ad
741 3586 910 3642 Deum
935 3584 1207 3653 refertur;
1255 3585 1388 3639 illud
1421 3593 1604 3640 autem
1637 3585 1725 3650 fa,
1761 3602 1932 3641 unum
1975 3595 2060 3642 cst

481 3697 549 3735 ex
603 3680 922 3735 nominibus
974 3679 1133 3751 queis
1192 3678 1379 3734 divina
1439 3685 1636 3733 natura
1694 3680 2056 3751 signiﬁcatur.

480 3767 680 3826 Totum
736 3784 864 3826 vero
911 3769 1144 3824 Alleluia
1203 3771 1510 3841 explicatur
1570 3770 1688 3825 laus
1751 3770 1867 3825 Dei.
1917 3771 2056 3826 Cum

480 3862 667 3934 itaque
712 3863 815 3919 hoc
864 3878 1066 3918 nomen
1116 3863 1443 3935 inscriptum
1472 3864 1528 3919 in
1568 3863 1874 3937 psalmodia
1902 3879 2059 3936 repe-

478 3955 653 4022 ritur,
685 3960 819 4010 tunc
856 3955 1267 4028 intelligendum
1290 3966 1375 4013 est
1407 3956 1462 4013 id
1507 3957 1654 4029 quod
1707 3957 2059 4029 subjungitur

480 4045 547 4101 ad
578 4047 793 4108 laudem
825 4046 918 4103 Dei
953 4064 1267 4119 provocare.
1295 4049 1387 4104 Sic
1421 4051 1473 4105 in
1507 4052 1800 4120 postremis
1823 4052 2058 4107 maxime

480 4137 607 4193 libri
646 4139 894 4211 psalmis,
925 4141 1080 4195 multi
1129 4141 1447 4211 liujusmodi
1491 4142 1635 4196 tituli
1671 4144 2055 4214 reperiuntur:

476 4227 638 4299 queis
671 4228 975 4301 intelligere
997 4230 1125 4286 licet
1148 4232 1252 4294 eis,
1291 4232 1383 4301 qui
1418 4231 1486 4287 ad
1518 4232 1740 4287 virtutis
1772 4233 2059 4302 perfectio-

478 4338 604 4377 nem
635 4322 750 4393 jam
788 4322 1129 4378 devenerunt
1156 4331 1210 4378 et
1234 4324 1327 4394 qui
1359 4340 1390 4378 a
1424 4324 1859 4395 pmccdentibus
1907 4324 2058 4397 psal-

477 4416 674 4472 modiae
735 4418 1021 4488 partibus,
1076 4419 1377 4472 secundum
1443 4420 1769 4474 sententiam
1840 4416 2055 4489 purgati

478 4516 630 4575 sunt,
665 4507 763 4564 Dei
811 4508 1001 4565 laudes
1036 4510 1377 4565 convenire:
1426 4519 1590 4581 atque
1631 4526 1695 4565 ea
1740 4510 2056 4563 conditione

2168 1908 2276 1980 μίῳ
2300 1908 2475 1973 ὲοικδς
2493 1909 2555 1962 τὸ
2575 1909 2725 1973 τέλος
2753 1909 3068 1977 ἐπαγαγών.
3094 1910 3164 1962 Σὺ
3198 1908 3333 1981 γὰρ,
3366 1908 3535 1978 φησιν,
3562 1901 3598 1960 ὦ
3617 1908 3687 1977 ψυ-

2163 2000 2255 2071 χὴ,
2291 2000 2582 2072 ἐνδελεχῶς
2614 2002 2703 2055 τὸν
2732 2002 2823 2055 σὸν
2842 2001 3000 2073 ὕμνει
3021 2002 3362 2073 δημιουργὸν
3382 2002 3471 2054 καὶ
3494 1999 3683 2070 Σωτῆρα.

2162 2091 2335 2154 Αὐτὸς
2363 2092 2475 2162 γὰρ
2493 2092 2588 2145 καὶ
2622 2093 2716 2145 τοῦ
2742 2092 2850 2146 τῶν
2893 2091 3148 2163 πονηρῶν
3178 2092 3478 2162 ἀποστήσει
3515 2090 3685 2161 κλήρου,

2163 2186 2260 2239 καὶ
2289 2184 2397 2237 τῶν
2415 2185 2585 2253 ἁγίων
2615 2183 2897 2250 ἀξιοῦσθαι
2924 2187 3160 2256 ποιήσει.
3192 2186 3310 2239 Καὶ
3343 2184 3508 2256 ἀρχὴν
3531 2184 3606 2237 τοῦ
3626 2184 3687 2236 λό-

2162 2294 2261 2347 γου
2297 2277 2391 2331 καὶ
2419 2276 2571 2342 τέλος
2601 2277 2701 2348 τὴν
2727 2280 2808 2343 είς
2841 2277 3005 2332 αὐτὸν
3037 2270 3290 2347 εὐλογίαν
3319 2277 3488 2331 ποιοῦ.
3510 2277 3687 2346 Εὐλογίιι

2162 2364 2269 2438 γὰρ
2293 2364 2429 2420 Θεοῦ
2454 2366 2708 2439 διηνεκὴς
2738 2369 2821 2432 είς
2846 2365 3080 2433 εὐζωῖαν
3104 2367 3362 2439 ῥυθμίζει
3384 2367 3472 2423 τὸν
3484 2368 3688 2439 ἡμέτερε-ι

2165 2457 2305 2529 βίον.

2622 2572 3066 2628 ’ΔΛΛΗΛΟΥῙΑ.
3102 2573 3222 2628 PA'.
3632 2622 3637 2627 .

2243 2662 2734 2735 Ἐξομολογεῒσθε
2766 2663 2849 2731 τῷ
2876 2667 3092 2734 Κυρίῳ,
3120 2665 3219 2720 καί
3261 2664 3615 2721 ἐπικαλεῖσθε
3642 2662 3685 2718 τὸ

2163 2755 2352 2826 ὄνομα
2378 2755 2588 2810 αὐτοῦ·
2617 2756 3017 2827 ἀπαγγείλατε
3034 2758 3104 2811 ἐν
3133 2756 3262 2823 τοῖς
3289 2756 3489 2813 ἔθνεσι
3512 2757 3572 2810 τὰ
3586 2755 3686 2823 ἔργα

2162 2847 2365 2904 αὐταῦ.
2426 2849 2647 2919 ’ᾼσατε
2703 2849 2864 2915 αὑτῷ
2919 2849 3013 2904 καί
3040 2849 3282 2919 grauate
3313 2848 3490 2916 αὐτῷ,
3538 2846 3684 2917 διηγή-

2160 2943 2354 2993 σασθε
2379 2938 2574 2993 πάντα
2592 2942 2664 2994 τὰ
2699 2940 3001 3011 θαυμάσια
3027 2942 3236 2996 αὐτοῦ.
3258 2942 3382 2995 Τῶν
3412 2942 3685 3011 ἐπιγεγραμ-

2164 3031 2344 3101 μένων
2376 3032 2741 3100 Ἀλληλούτα
2758 3032 2972 3105 πρῶτος
2985 3035 3012 3087 ό
3025 3033 3215 3104 παρὼν
3236 3033 3494 3106 τυγχάνει
3510 3032 3682 3104 Mli/1;-

2164 3123 2320 3177 Ἔστι
2343 3122 2399 3177 δὲ
2416 3123 2476 3177 τὸ
2494 3123 2809 3196 Ἀλληλοιπα
2829 3124 3227 3199 παρακέλευσις
3246 3127 3481 3199 μυστικὴ
3496 3126 3608 3197 πρὸς
3617 3126 3683 3194 τὴν

2160 3215 2253 3270 τοῦ
2286 3215 2421 3270 Θεοῦ
2456 3216 2727 3288 ὑμνῳδίαν
2756 3217 2853 3289 τὴν
2875 3219 3041 3289 ἀκοὴν
3058 3218 3444 3292 ἐπεγείρουσα·
3470 3219 3547 3271 ἵνα
3564 3213 3684 3270 sowi-

2160 3305 2307 3382 τονῇ
2351 3306 2541 3361 τούτου
2582 3308 2642 3362 τὸ
2670 3309 3083 3381 σημαινόμενον,
3115 3310 3353 3365 Αἰνεῖτε
3374 3310 3475 3364 τὸν
3506 3310 3682 3376 Κύριιτ.

2173 3398 2262 3452 Ἕν
2279 3393 2361 3463 οἷς
2391 3399 2502 3472 γὰρ
2534 3399 2722 3471 μέρεσι
2748 3399 2849 3470 τῆς
2873 3401 3034 3470 ἁγίας
3066 3402 3292 3476 Γραφῆς
3318 3401 3459 3473 αὐτη
3483 3401 3679 3473 πρόσκει-

2160 3506 2250 3543 ται
2308 3492 2341 3562 ἡ
2388 3492 2565 3563 φωνὴ,
2586 3493 2620 3561 ἡ
2662 3490 2919 3561 λέγουσα,
2962 3492 3190 3546 Αἰνεῖτε
3223 3495 3337 3547 τὸν
3378 3494 3591 3562 Κύριον,
3622 3489 3683 3542 διὰ

2159 3585 2254 3639 τοῦ
2281 3587 2645 3655 Ἀλληλοιπα
2677 3587 2734 3641 ὲν
2758 3590 2880 3651 ταῖς
2921 3586 3237 3660 Ἑϐραϊκαῖς
3262 3591 3467 3658 φωναῖς
3485 3588 3539 3640 τὸ
3560 3582 3678 3639 τοιοῦ-

2158 3692 2251 3731 τον
2272 3678 2613 3751 σημαίνεται.
2636 3678 2708 3732 Τὸ
2726 3679 2825 3749 μὲν
2860 3679 3160 3749 Ἁλληλοὺ
3183 3676 3337 3744 αἶνος
3357 3684 3559 3744 νοεῖται,
3576 3677 3681 3741 δςεῐς

2158 3769 2292 3823 Θεὸν
2321 3771 2419 3843 τὴν
2452 3771 2731 3843 ἀναφορὰν
2746 3771 2876 3843 ἔχει’
2906 3773 2967 3825 τὺ
2981 3773 3038 3826 δὲ
3072 3770 3163 3829 Ἴα
3195 3773 3254 3827 ἒν
3286 3773 3397 3827 τῶν
3427 3775 3680 3846 ἑρμηνευτι-

2158 3861 2272 3916 κῶν
2319 3864 2421 3935 τῆς
2458 3864 2673 3934 φύσεως
2720 3865 2822 3935 τῆς
2878 3865 3029 3929 θείας
3062 3867 3209 3919 ἐστὶν
3253 3867 3446 3937 ὄνομα.
3487 3864 3615 3917 ὀλον
3642 3861 3680 3913 δὲ

2159 3956 2313 4026 κοινῇ
2329 3954 2410 4019 τὸ,
2429 3956 2803 4024 Ἀλληλούῖα,
2823 3952 3002 4023 Αἶνος
3019 3957 3166 4012 Θεοῦ
3184 3958 3548 4031 ἑρμηνεύεται.
3562 3957 3679 4008 ὀταν

2157 4047 2336 4100 τοίνυν
2356 4047 2514 4103 τοῦτο
2536 4047 2597 4102 τὸ
2627 4049 2777 4121 ῥῆμα
2809 4050 3309 4122 προγεγραμμένον
3335 4047 3370 4124 ᾗ
3393 4052 3488 4122 τῆς
3506 4048 3677 4119 ψαλμῳα

2157 4138 2294 4203 δίας,
2324 4140 2542 4210 νοητέον
2569 4139 2634 4194 ἂν
2682 4141 2765 4212 εἴη
2798 4140 2859 4194 τὸ
2895 4142 3005 4195 δεῖν
3038 4142 3258 4206 πάντως
3285 4142 3347 4195 τὸ
3385 4140 3677 4211 ὑποκείμεναι

2158 4232 2239 4296 είς
2267 4231 2573 4301 δοξολογίαν
2596 4231 2748 4301 ἄγειν
2780 4231 2938 4286 Θεοῦ.
2968 4230 3122 4287 Οὕτω
3153 4234 3247 4287 καὶ
3279 4237 3394 4298 τοῖς
3419 4230 3676 4288 τελευταίοις

2161 4323 2395 4395 μάλιστα
2411 4328 2509 4397 τῆς
2542 4324 2724 4397 βίϐλου
2743 4326 2848 4380 τῶν
2873 4326 3102 4397 ψαλμῶν
3132 4329 3190 4381 αἱ
3220 4327 3413 4381 πολλαὶ
3442 4326 3538 4379 τῶν
3553 4318 3674 4376 τοιού·

2158 4434 2263 4471 των
2286 4417 2593 4492 ἐπιγραφαὶ
2634 4420 3073 4491 ὲφευρίσκονται,
3108 4420 3176 4474 δι’
3207 4412 3284 4476 ὧν
3328 4421 3472 4473 ἔστιν
3512 4415 3675 4473 ὲννοεῖνι

2158 4518 2241 4571 ὅτι
2255 4519 2368 4581 τοῖς
2396 4514 2498 4588 ἥδη
2531 4512 2668 4586 πρὸς
2691 4513 2752 4566 τὸ
2770 4512 2976 4566 τέλειον
2993 4510 3232 4581 φθάσασι
3255 4512 3359 4583 τῆς
3391 4512 3502 4566 κατ’
3528 4504 3673 4578 ἀρετὴ-ι

478 4598 604 4653 illos
634 4614 759 4654 esse
780 4615 888 4670 qua
916 4600 1232 4670 angelorum
1264 4610 1458 4655 natura
1482 4617 1605 4656 esse
1630 4601 1893 4655 creditur.
1916 4598 2052 4654 Nul-

2160 4576 2452 4673 πολιτείας,
2624 4576 2713 4659 διὰ
2743 4604 2851 4659 τῶν
2891 4576 3271 4677 προλαϐόντων
3305 4576 3402 4677 σῆς

477 4692 585 4745 lam
639 4692 786 4747 enim
833 4693 996 4746 aliam
1056 4708 1247 4747 eorum
1300 4694 1716 4764 occupationem
1761 4694 2055 4750 didicimus

476 4797 622 4848 esse,
647 4798 810 4854 quam
833 4782 1004 4841 Deum
1027 4785 1287 4854 laudare;
1318 4802 1496 4857 neque
1529 4787 1597 4843 iis
1632 4788 1728 4857 qui
1762 4787 1819 4842 in
1850 4788 2055 4843 virtute

474 4874 702 4945 perfecti
753 4884 881 4931 sunt
908 4872 1013 4931 alia
1054 4893 1184 4933 cura
1218 4888 1273 4933 et
1319 4879 1562 4934 studium
1620 4887 1743 4945 est,
1778 4895 1943 4951 quam
1994 4889 2054 4934 ut

473 4967 711 5024 elllciant
729 4977 897 5024 totam
927 4968 1095 5023 vitam
1143 4985 1299 5025 suam
1330 4969 1425 5026 Dei
1464 4971 1680 5027 laudem
1729 4987 1874 5028 esse.
1899 4972 2051 5039 Quo-

474 5061 627 5116 niam
670 5061 838 5133 igitur
884 5061 923 5116 ii
967 5063 1164 5133 psalmi
1212 5064 1306 5134 qui
1356 5063 1769 5135 inscriptionem
1821 5064 2047 5131 habent,

473 5155 731 5222 Alleluia,
764 5171 956 5212 omnes
991 5154 1107 5212 fere
1136 5158 1192 5212 in
1238 5166 1517 5228 postrema
1548 5158 1866 5229 psalmodiaa
1894 5170 2050 5230 parte

472 5248 983 5319 deprehenduntur,
1022 5249 1151 5304 hinc
1190 5250 1495 5320 intelligere
1524 5249 1673 5314 licet,
1706 5250 1934 5307 sublimi
1967 5251 2050 5305 illi

473 5340 749 5406 ascensui,
809 5340 905 5412 qui
952 5340 1009 5395 in
1061 5341 1290 5414 psalmis
1339 5343 1638 5412 reperitur,
1692 5341 2053 5413 praeminere

471 5442 805 5502 postremam
853 5435 1170 5504 psalmodia:
1215 5443 1458 5507 partem,
1509 5435 1563 5490 in
1609 5449 1752 5505 qua,
1786 5442 1848 5489 ut
1876 5433 2051 5505 plurio

473 5538 645 5589 mum,
681 5526 803 5581 laus
832 5525 949 5591 Dei,
986 5527 1102 5584 sive
1129 5525 1443 5582 adhortatio
1491 5527 1558 5582 ad
1598 5526 1770 5582 Deum
1816 5525 2050 5581 laudan-

472 5614 625 5680 dum,
662 5617 1061 5688 frequentatur.
1108 5619 1167 5674 ιιι
1213 5620 1319 5674 hoc
1367 5635 1498 5690 ergo
1539 5621 1748 5690 psalmo
1780 5618 2047 5690 apostolis

474 5707 716 5775 praecipit
742 5706 981 5775 Spiritus
1010 5720 1259 5775 sanctus,
1292 5718 1351 5765 ut
1380 5712 1563 5766 omnia
1597 5712 1894 5776 mirabilia,
1924 5726 2048 5782 qua:

472 5796 529 5851 in
557 5810 663 5853 suo
692 5798 928 5854 adventu
962 5801 1089 5857 fecit
1123 5800 1408 5869 Dominus,
1453 5804 1652 5869 populo
1689 5819 1755 5860 ex
1789 5805 2045 5871 gentibus

2157 4699 2459 4772 τμημάτων
2513 4696 2655 4752 κατὰ
2708 4696 2807 4769 τὴν
2856 4696 3135 4770 νοηθεῖσαν
3168 4697 3256 4749 ἐπ’
3288 4695 3464 4751 αὐτῶν
3499 4693 3670 4760 θεωρίαν

2157 4790 2601 4862 ὲκκαθαρθεῖσιν,
2648 4787 2880 4861 ἁρμόζει
2919 4789 2981 4842 τὸ
3026 4789 3195 4843 αἰνεῖν
3232 4787 3325 4843 τὸν
3356 4786 3500 4849 Θεὸν,
3538 4781 3611 4837 καὶ
3633 4780 3667 4830 ἓν

2154 4880 2365 4944 τούτοις
2389 4875 2550 4945 εἶναι,
2581 4881 2638 4933 ὲν
2672 4873 2755 4942 οἷς
2792 4878 2895 4933 καὶ
2918 4879 2954 4950 ἡ
2976 4876 3085 4931 τῶν
3107 4876 3356 4947 ἀγγέλων
3379 4877 3528 4947 φύσις
3572 4863 3665 4922 εἶναι

2157 4971 2531 5027 πεπίστευται.
2578 4971 2717 5027 Οὔτε
2748 4971 2859 5043 γὰρ
2896 4970 3118 5025 ἐκείνων
3150 4968 3532 5041 μεμαθήκαμεν
3552 4964 3665 5029 ἀσκιν
3764 5034 3765 5043 χ

2155 5061 2275 5117 λίαν
2305 5063 2472 5137 ἄλλην
2503 5064 2624 5120 τινὰ
2662 5063 2801 5136 πλὴν
2834 5062 2934 5118 τοῦ
2958 5064 3128 5117 αἰνεῖν
3160 5062 3253 5115 τὸν
3282 5058 3432 5123 Θεδν,
3462 5056 3568 5111 οὐτε

2155 5157 2276 5210 κατ’
2300 5157 2500 5230 ἀρετὴν
2544 5157 2766 5222 τελείοις
2796 5156 2984 5229 ἕτερόν
3006 5174 3059 5211 τι
3098 5152 3449 5217 σπουδάζεται
3474 5151 3503 5221 ῆ
3527 5146 3578 5200 τὸ
3597 5141 3663 5210 di"

2154 5250 2301 5322 ζωὴν
2341 5248 2533 5305 ἑαυτοῦ
2572 5247 2721 5304 αἶνον
2761 5246 2900 5303 εῖναι
2924 5249 3061 5303 Θεοῦ
3098 5246 3517 5321 παρασκευάσαι.
3555 5232 3660 5291 Ἐπεὶ

2151 5342 2330 5395 τοίνυν
2375 5343 2431 5396 ot
2473 5343 2574 5414 τὴν
2616 5341 2927 5414 ἐπιγραφὴν
2970 5341 3187 5412 ἔχοντες
3218 5340 3312 5394 τοῦ
3348 5330 3657 5429 manu?“
3762 5414 3763 5429 χ

2154 5435 2356 5499 πάντες
2387 5436 2572 5505 σχεδὸν
2602 5435 2681 5505 τῷ
2712 5434 3005 5504 τελευταίῳ
3032 5434 3279 5505 τμήματι
3294 5431 3394 5501 τῆς
3409 5417 3657 5498 ψαλμῳδίας

2152 5527 2515 5599 εὑρίσκονται,
2558 5527 2746 5597 σαφῶς
2776 5526 2891 5580 ἔστι
2916 5526 3267 5597 κατανοῆσαι,
3299 5523 3391 5577 καὶ
3426 5522 3499 5573 ὅτι
3526 5513 3652 5577 τ’ιάηὲ

2152 5619 2474 5692 ὑπέρκειται
2501 5620 2600 5691 τῆς
2630 5618 2837 5690 ὑψηλῆς
2883 5617 2972 5673 διὰ
2998 5617 3106 5671 τῶν
3151 5614 3379 5687 ψαλμῶν
3407 5606 3651 5666 ἀναϐάσεως

2149 5711 2212 5765 τὸ
2239 5709 2546 5765 τελευταῖον
2577 5711 2773 5785 τμῆμα
2790 5711 2893 5782 τῆς
2918 5710 3253 5784 ψαλμῳδίας,
3271 5711 3326 5761 ὲν
3341 5700 3451 5776 ayss
3470 5699 3647 5753 πλεῖστον

2151 5806 2285 5862 θεοῦ
2314 5802 2469 5872 αῖνός
2495 5808 2663 5874 ὲστιν,
2710 5807 2830 5874 ἦτοι
2860 5807 2941 5871 είς
2972 5804 3035 5860 τὸ
3055 5806 3226 5859 αἰνεῖν
3254 5801 3341 5857 τὸν
3382 5794 3497 5853 Θεὸν
3520 5800 3642 5856 παρα·
