  <div class='ocr_page' id='page_1' title='image "/cluster/home/n/w/nwhite01/storage/ocr_20150623/23/mdp.39015078384396/676.png"; bbox 0 0 3868 6282; ppageno 0'>
   <div class='ocr_carea' id='block_1_1' title="bbox 119 360 3378 438">
    <p class='ocr_par' dir='ltr' id='par_1_1' title="bbox 119 360 3378 438">
     <span class='ocr_line' id='line_1_1' title="bbox 119 360 3378 438; baseline 0.003 -13"><span class='ocrx_word' id='word_1_1' title='bbox 119 373 258 426; x_wconf 65' lang='lat'><strong>1297</strong></span> <span class='ocrx_word' id='word_1_2' title='bbox 1241 360 1744 433; x_wconf 64' lang='lat' dir='ltr'><strong>communia</strong></span> <span class='ocrx_word' id='word_1_3' title='bbox 1782 377 1848 432; x_wconf 85' lang='lat' dir='ltr'><strong>lN</strong></span> <span class='ocrx_word' id='word_1_4' title='bbox 1887 377 2222 434; x_wconf 79' lang='lat' dir='ltr'><strong>PSALMOS.</strong></span> <span class='ocrx_word' id='word_1_5' title='bbox 3241 383 3378 438; x_wconf 71' lang='lat'><strong>1298</strong></span> 
     </span>
    </p>
   </div>
   <div class='ocr_carea' id='block_1_2' title="bbox 121 492 1706 570">
    <p class='ocr_par' dir='ltr' id='par_1_2' title="bbox 121 492 1701 568">
     <span class='ocr_line' id='line_1_2' title="bbox 121 492 1701 568; baseline 0.004 -24"><span class='ocrx_word' id='word_1_6' title='bbox 121 492 389 556; x_wconf 82' lang='grc' dir='ltr'><strong>κέλευσις.</strong></span> <span class='ocrx_word' id='word_1_7' title='bbox 418 493 746 565; x_wconf 84' lang='grc' dir='ltr'>Προστάττει</span> <span class='ocrx_word' id='word_1_8' title='bbox 774 495 955 563; x_wconf 87' lang='grc' dir='ltr'>μέντοι</span> <span class='ocrx_word' id='word_1_9' title='bbox 980 496 1038 549; x_wconf 89' lang='grc' dir='ltr'><strong>ἐν</strong></span> <span class='ocrx_word' id='word_1_10' title='bbox 1070 496 1147 566; x_wconf 83' lang='grc' dir='ltr'>τῷ</span> <span class='ocrx_word' id='word_1_11' title='bbox 1177 496 1312 567; x_wconf 75' lang='grc' dir='ltr'>μετὰ</span> <span class='ocrx_word' id='word_1_12' title='bbox 1346 499 1534 568; x_wconf 88' lang='grc' dir='ltr'>χεῖρας</span> <span class='ocrx_word' id='word_1_13' title='bbox 1562 496 1701 566; x_wconf 80' lang='grc' dir='ltr'>ψαλ-</span> 
     </span>
    </p>
   </div>
   <div class='ocr_carea' id='block_1_3' title="bbox 1813 492 3380 570">
    <p class='ocr_par' dir='ltr' id='par_1_3' title="bbox 1813 498 3380 570">
     <span class='ocr_line' id='line_1_3' title="bbox 1813 498 3380 570; baseline 0.004 -20"><span class='ocrx_word' id='word_1_14' title='bbox 1813 498 2171 568; x_wconf 80' lang='lat' dir='ltr'><strong>patel‘aeiant:</strong></span> <span class='ocrx_word' id='word_1_15' title='bbox 2202 502 2442 568; x_wconf 89' lang='lat' dir='ltr'><strong>itemque</strong></span> <span class='ocrx_word' id='word_1_16' title='bbox 2472 505 2697 554; x_wconf 93' lang='lat' dir='ltr'><strong>narrent</strong></span> <span class='ocrx_word' id='word_1_17' title='bbox 2733 516 2854 570; x_wconf 79' lang='lat' dir='ltr'><strong>qua:</strong></span> <span class='ocrx_word' id='word_1_18' title='bbox 2900 499 3165 556; x_wconf 88' lang='lat' dir='ltr'><strong>beneﬁcia</strong></span> <span class='ocrx_word' id='word_1_19' title='bbox 3193 502 3380 570; x_wconf 79' lang='lat' dir='ltr'><strong>prisco</strong></span> 
     </span>
    </p>
   </div>
   <div class='ocr_carea' id='block_1_4' title="bbox 125 585 1706 665">
    <p class='ocr_par' dir='ltr' id='par_1_4' title="bbox 125 585 1700 659">
     <span class='ocr_line' id='line_1_4' title="bbox 125 585 1700 659; baseline 0.003 -23"><span class='ocrx_word' id='word_1_20' title='bbox 125 585 216 656; x_wconf 82' lang='grc' dir='ltr'>μῴ</span> <span class='ocrx_word' id='word_1_21' title='bbox 236 587 349 648; x_wconf 83' lang='grc' dir='ltr'>τοῖς</span> <span class='ocrx_word' id='word_1_22' title='bbox 373 586 548 654; x_wconf 82' lang='grc' dir='ltr'><strong>ἁγίοις</strong></span> <span class='ocrx_word' id='word_1_23' title='bbox 580 587 896 651; x_wconf 84' lang='grc' dir='ltr'><strong>ἀποστόλοις</strong></span> <span class='ocrx_word' id='word_1_24' title='bbox 921 587 982 640; x_wconf 82' lang='grc' dir='ltr'><strong>τὸ</strong></span> <span class='ocrx_word' id='word_1_25' title='bbox 1008 588 1231 658; x_wconf 79' lang='grc' dir='ltr'><strong>Πνεῦμα</strong></span> <span class='ocrx_word' id='word_1_26' title='bbox 1253 589 1314 642; x_wconf 83' lang='grc' dir='ltr'><strong>τὸ</strong></span> <span class='ocrx_word' id='word_1_27' title='bbox 1355 589 1509 658; x_wconf 76' lang='grc' dir='ltr'>ἅγιον</span> <span class='ocrx_word' id='word_1_28' title='bbox 1538 589 1616 659; x_wconf 84' lang='grc' dir='ltr'>τῷ</span> <span class='ocrx_word' id='word_1_29' title='bbox 1642 589 1700 655; x_wconf 81' lang='grc' dir='ltr'><strong>ἐξ</strong></span> 
     </span>
    </p>
   </div>
   <div class='ocr_carea' id='block_1_5' title="bbox 1813 585 3379 665">
    <p class='ocr_par' dir='ltr' id='par_1_5' title="bbox 1813 589 3379 665">
     <span class='ocr_line' id='line_1_5' title="bbox 1813 589 3379 665; baseline 0.004 -21"><span class='ocrx_word' id='word_1_30' title='bbox 1813 589 1884 644; x_wconf 86' lang='lat' dir='ltr'><strong>illi</strong></span> <span class='ocrx_word' id='word_1_31' title='bbox 1936 592 2135 661; x_wconf 85' lang='lat' dir='ltr'><strong>populo</strong></span> <span class='ocrx_word' id='word_1_32' title='bbox 2180 589 2523 653; x_wconf 77' lang='lat' dir='ltr'><strong>exhibuerit,</strong></span> <span class='ocrx_word' id='word_1_33' title='bbox 2574 599 2628 646; x_wconf 91' lang='lat' dir='ltr'><strong>et</strong></span> <span class='ocrx_word' id='word_1_34' title='bbox 2695 609 2858 661; x_wconf 89' lang='lat' dir='ltr'><strong>quam</strong></span> <span class='ocrx_word' id='word_1_35' title='bbox 2919 594 3091 649; x_wconf 86' lang='lat' dir='ltr'><strong>vicem</strong></span> <span class='ocrx_word' id='word_1_36' title='bbox 3147 595 3379 665; x_wconf 77' lang='lat' dir='ltr'><strong>singulis</strong></span> 
     </span>
    </p>
   </div>
   <div class='ocr_carea' id='block_1_6' title="bbox 122 674 1706 752">
    <p class='ocr_par' dir='ltr' id='par_1_6' title="bbox 122 674 1700 752">
     <span class='ocr_line' id='line_1_6' title="bbox 122 674 1700 752; baseline 0.002 -23"><span class='ocrx_word' id='word_1_37' title='bbox 122 674 294 729; x_wconf 83' lang='grc' dir='ltr'>ἐθνῶν</span> <span class='ocrx_word' id='word_1_38' title='bbox 341 675 454 746; x_wconf 83' lang='grc' dir='ltr'>λαῷ</span> <span class='ocrx_word' id='word_1_39' title='bbox 490 679 727 749; x_wconf 82' lang='grc' dir='ltr'>φανερὰς</span> <span class='ocrx_word' id='word_1_40' title='bbox 758 680 980 749; x_wconf 82' lang='grc' dir='ltr'>ποιῆσαι</span> <span class='ocrx_word' id='word_1_41' title='bbox 1010 681 1189 742; x_wconf 87' lang='grc' dir='ltr'>πάσας</span> <span class='ocrx_word' id='word_1_42' title='bbox 1215 680 1314 743; x_wconf 88' lang='grc' dir='ltr'><strong>τάς</strong></span> <span class='ocrx_word' id='word_1_43' title='bbox 1357 681 1700 752; x_wconf 77' lang='grc' dir='ltr'>θαυματουρ·</span> 
     </span>
    </p>
   </div>
   <div class='ocr_carea' id='block_1_7' title="bbox 1813 674 3378 752">
    <p class='ocr_par' dir='ltr' id='par_1_7' title="bbox 1813 678 3378 752">
     <span class='ocr_line' id='line_1_7' title="bbox 1813 678 3378 752; baseline 0.001 -17"><span class='ocrx_word' id='word_1_44' title='bbox 1813 694 1995 737; x_wconf 82' lang='lat' dir='ltr'><strong>eorum</strong></span> <span class='ocrx_word' id='word_1_45' title='bbox 2029 681 2196 750; x_wconf 87' lang='lat' dir='ltr'><strong>gestis</strong></span> <span class='ocrx_word' id='word_1_46' title='bbox 2224 678 2542 733; x_wconf 74' lang='lat' dir='ltr'><strong>reddiderit.</strong></span> <span class='ocrx_word' id='word_1_47' title='bbox 2573 678 2800 749; x_wconf 88' lang='lat' dir='ltr'><strong>Insuper</strong></span> <span class='ocrx_word' id='word_1_48' title='bbox 2834 681 2922 736; x_wconf 92' lang='lat' dir='ltr'><strong>hic</strong></span> <span class='ocrx_word' id='word_1_49' title='bbox 2950 683 3378 752; x_wconf 80' lang='lat' dir='ltr'><strong>promissionum</strong></span> 
     </span>
    </p>
   </div>
   <div class='ocr_carea' id='block_1_8' title="bbox 119 767 1706 842">
    <p class='ocr_par' dir='ltr' id='par_1_8' title="bbox 119 767 1700 842">
     <span class='ocr_line' id='line_1_8' title="bbox 119 767 1700 842; baseline 0.003 -22"><span class='ocrx_word' id='word_1_50' title='bbox 119 768 276 836; x_wconf 85' lang='grc' dir='ltr'>γίας,</span> <span class='ocrx_word' id='word_1_51' title='bbox 312 767 686 840; x_wconf 70' lang='grc' dir='ltr'>ἂςπεποίηται</span> <span class='ocrx_word' id='word_1_52' title='bbox 721 771 814 822; x_wconf 75' lang='grc' dir='ltr'><strong>ἐπὶ</strong></span> <span class='ocrx_word' id='word_1_53' title='bbox 843 771 943 840; x_wconf 79' lang='grc' dir='ltr'>τῆς</span> <span class='ocrx_word' id='word_1_54' title='bbox 976 771 1141 825; x_wconf 90' lang='grc' dir='ltr'>αὐτοῦ</span> <span class='ocrx_word' id='word_1_55' title='bbox 1176 773 1479 842; x_wconf 77' lang='grc' dir='ltr'><strong>παρουσίας</strong></span> <span class='ocrx_word' id='word_1_56' title='bbox 1511 775 1538 825; x_wconf 92' lang='grc' dir='ltr'><strong>ό</strong></span> <span class='ocrx_word' id='word_1_57' title='bbox 1584 772 1700 826; x_wconf 86' lang='grc' dir='ltr'><strong>Κύ-</strong></span> 
     </span>
    </p>
   </div>
   <div class='ocr_carea' id='block_1_9' title="bbox 1813 767 3380 842">
    <p class='ocr_par' dir='ltr' id='par_1_9' title="bbox 1813 767 3380 839">
     <span class='ocr_line' id='line_1_9' title="bbox 1813 767 3380 839; baseline 0.002 -16"><span class='ocrx_word' id='word_1_58' title='bbox 1813 784 1838 823; x_wconf 88' lang='lat' dir='ltr'><strong>a</strong></span> <span class='ocrx_word' id='word_1_59' title='bbox 1877 769 1988 824; x_wconf 90' lang='lat' dir='ltr'><strong>Deo</strong></span> <span class='ocrx_word' id='word_1_60' title='bbox 2023 768 2355 839; x_wconf 88' lang='lat' dir='ltr'><strong>patriarchis</strong></span> <span class='ocrx_word' id='word_1_61' title='bbox 2421 767 2692 825; x_wconf 80' lang='lat' dir='ltr'><strong>factarum</strong></span> <span class='ocrx_word' id='word_1_62' title='bbox 2753 772 2956 826; x_wconf 89' lang='lat' dir='ltr'><strong>mentio</strong></span> <span class='ocrx_word' id='word_1_63' title='bbox 3017 773 3280 838; x_wconf 87' lang='lat' dir='ltr'><strong>habetur,</strong></span> <span class='ocrx_word' id='word_1_64' title='bbox 3324 779 3380 826; x_wconf 91' lang='lat' dir='ltr'><strong>et</strong></span> 
     </span>
    </p>
   </div>
   <div class='ocr_carea' id='block_1_10' title="bbox 126 859 1706 934">
    <p class='ocr_par' dir='ltr' id='par_1_10' title="bbox 126 860 1704 934">
     <span class='ocr_line' id='line_1_10' title="bbox 126 860 1704 934; baseline 0.002 -21"><span class='ocrx_word' id='word_1_65' title='bbox 126 876 262 932; x_wconf 72' lang='grc' dir='ltr'>ριοςε</span> <span class='ocrx_word' id='word_1_66' title='bbox 287 861 375 914; x_wconf 75' lang='grc' dir='ltr'><strong>ναὶ</strong></span> <span class='ocrx_word' id='word_1_67' title='bbox 407 860 513 931; x_wconf 83' lang='grc' dir='ltr'>μὴν</span> <span class='ocrx_word' id='word_1_68' title='bbox 544 863 636 915; x_wconf 83' lang='grc' dir='ltr'><strong>καὶ</strong></span> <span class='ocrx_word' id='word_1_69' title='bbox 657 864 755 916; x_wconf 82' lang='grc' dir='ltr'>ὅσα</span> <span class='ocrx_word' id='word_1_70' title='bbox 777 862 1111 934; x_wconf 78' lang='grc' dir='ltr'><strong>εὐηργέτησε</strong></span> <span class='ocrx_word' id='word_1_71' title='bbox 1133 863 1225 916; x_wconf 84' lang='grc' dir='ltr'><strong>τὸν</strong></span> <span class='ocrx_word' id='word_1_72' title='bbox 1244 863 1409 923; x_wconf 81' lang='grc' dir='ltr'>πάλαι</span> <span class='ocrx_word' id='word_1_73' title='bbox 1429 863 1576 928; x_wconf 78' lang='grc' dir='ltr'>λαὸν,</span> <span class='ocrx_word' id='word_1_74' title='bbox 1610 863 1704 918; x_wconf 74' lang='grc' dir='ltr'><strong>καὶ</strong></span> 
     </span>
    </p>
   </div>
   <div class='ocr_carea' id='block_1_11' title="bbox 1813 859 3378 934">
    <p class='ocr_par' dir='ltr' id='par_1_11' title="bbox 1813 859 3378 931">
     <span class='ocr_line' id='line_1_11' title="bbox 1813 859 3378 931; baseline 0.002 -17"><span class='ocrx_word' id='word_1_75' title='bbox 1813 867 2010 930; x_wconf 83' lang='lat' dir='ltr'><strong>quanta</strong></span> <span class='ocrx_word' id='word_1_76' title='bbox 2048 861 2290 931; x_wconf 87' lang='lat' dir='ltr'><strong>ipsorum</strong></span> <span class='ocrx_word' id='word_1_77' title='bbox 2323 859 2500 930; x_wconf 88' lang='lat' dir='ltr'><strong>gratia</strong></span> <span class='ocrx_word' id='word_1_78' title='bbox 2526 860 2814 930; x_wconf 73' lang='lat' dir='ltr'><strong>nepotibus</strong></span> <span class='ocrx_word' id='word_1_79' title='bbox 2850 876 3037 916; x_wconf 88' lang='lat' dir='ltr'><strong>eorum</strong></span> <span class='ocrx_word' id='word_1_80' title='bbox 3072 865 3211 917; x_wconf 84' lang='lat' dir='ltr'><strong>bona</strong></span> <span class='ocrx_word' id='word_1_81' title='bbox 3242 879 3378 917; x_wconf 86' lang='lat' dir='ltr'><strong>eon-</strong></span> 
     </span>
    </p>
   </div>
   <div class='ocr_carea' id='block_1_12' title="bbox 120 945 1706 1024">
    <p class='ocr_par' dir='ltr' id='par_1_12' title="bbox 120 945 1699 1024">
     <span class='ocr_line' id='line_1_12' title="bbox 120 945 1699 1024; baseline 0.001 -22"><span class='ocrx_word' id='word_1_82' title='bbox 120 945 239 1003; x_wconf 76' lang='grc' dir='ltr'>οἷον</span> <span class='ocrx_word' id='word_1_83' title='bbox 271 950 384 1012; x_wconf 75' lang='grc' dir='ltr'>ἀνθ’</span> <span class='ocrx_word' id='word_1_84' title='bbox 414 951 528 1003; x_wconf 84' lang='grc' dir='ltr'>οἵου</span> <span class='ocrx_word' id='word_1_85' title='bbox 561 953 832 1022; x_wconf 80' lang='grc' dir='ltr'>ἐποίησεν.</span> <span class='ocrx_word' id='word_1_86' title='bbox 869 955 990 1006; x_wconf 86' lang='grc' dir='ltr'><strong>Ἔτι</strong></span> <span class='ocrx_word' id='word_1_87' title='bbox 1010 953 1066 1005; x_wconf 83' lang='grc' dir='ltr'><strong>δὲ</strong></span> <span class='ocrx_word' id='word_1_88' title='bbox 1088 955 1145 1005; x_wconf 81' lang='grc' dir='ltr'><strong>ἐν</strong></span> <span class='ocrx_word' id='word_1_89' title='bbox 1177 951 1352 1022; x_wconf 80' lang='grc' dir='ltr'>τούτῳ</span> <span class='ocrx_word' id='word_1_90' title='bbox 1383 953 1477 1006; x_wconf 71' lang='grc' dir='ltr'><strong>καὶ</strong></span> <span class='ocrx_word' id='word_1_91' title='bbox 1511 955 1699 1024; x_wconf 80' lang='grc' dir='ltr'>μνήμη</span> 
     </span>
    </p>
   </div>
   <div class='ocr_carea' id='block_1_13' title="bbox 1813 945 3380 1024">
    <p class='ocr_par' dir='ltr' id='par_1_13' title="bbox 1813 949 3380 1022">
     <span class='ocr_line' id='line_1_13' title="bbox 1813 949 3380 1022; baseline 0.001 -14"><span class='ocrx_word' id='word_1_92' title='bbox 1813 966 1960 1008; x_wconf 75' lang='lat' dir='ltr'><strong>cessa</strong></span> <span class='ocrx_word' id='word_1_93' title='bbox 1992 950 2216 1008; x_wconf 78' lang='lat' dir='ltr'><strong>fuerint.</strong></span> <span class='ocrx_word' id='word_1_94' title='bbox 2249 949 2459 1007; x_wconf 85' lang='lat' dir='ltr'><strong>Horum</strong></span> <span class='ocrx_word' id='word_1_95' title='bbox 2487 953 2690 1022; x_wconf 80' lang='lat' dir='ltr'><strong>quippe</strong></span> <span class='ocrx_word' id='word_1_96' title='bbox 2722 957 3172 1008; x_wconf 82' lang='lat' dir='ltr'><strong>commemoratio</strong></span> <span class='ocrx_word' id='word_1_97' title='bbox 3193 963 3280 1010; x_wconf 88' lang='lat' dir='ltr'><strong>est</strong></span> <span class='ocrx_word' id='word_1_98' title='bbox 3310 955 3380 1010; x_wconf 88' lang='lat' dir='ltr'><strong>ad</strong></span> 
     </span>
    </p>
   </div>
   <div class='ocr_carea' id='block_1_14' title="bbox 122 1040 1706 1115">
    <p class='ocr_par' dir='ltr' id='par_1_14' title="bbox 122 1040 1702 1115">
     <span class='ocr_line' id='line_1_14' title="bbox 122 1040 1702 1115; baseline 0.002 -22"><span class='ocrx_word' id='word_1_99' title='bbox 122 1040 237 1094; x_wconf 80' lang='grc' dir='ltr'><strong>τῶν</strong></span> <span class='ocrx_word' id='word_1_100' title='bbox 265 1041 401 1112; x_wconf 84' lang='grc' dir='ltr'>πρὸς</span> <span class='ocrx_word' id='word_1_101' title='bbox 432 1042 556 1107; x_wconf 77' lang='grc' dir='ltr'>τοὺς</span> <span class='ocrx_word' id='word_1_102' title='bbox 599 1045 938 1115; x_wconf 78' lang='grc' dir='ltr'>πατριάρχας</span> <span class='ocrx_word' id='word_1_103' title='bbox 966 1045 1070 1098; x_wconf 84' lang='grc' dir='ltr'><strong>ὐπὸ</strong></span> <span class='ocrx_word' id='word_1_104' title='bbox 1097 1044 1191 1097; x_wconf 89' lang='grc' dir='ltr'><strong>τοῦ</strong></span> <span class='ocrx_word' id='word_1_105' title='bbox 1229 1044 1364 1098; x_wconf 84' lang='grc' dir='ltr'>Θεοῦ</span> <span class='ocrx_word' id='word_1_106' title='bbox 1399 1044 1702 1114; x_wconf 80' lang='grc' dir='ltr'>γεγενημέ-</span> 
     </span>
    </p>
   </div>
   <div class='ocr_carea' id='block_1_15' title="bbox 1813 1040 3380 1115">
    <p class='ocr_par' dir='ltr' id='par_1_15' title="bbox 1813 1044 3380 1104">
     <span class='ocr_line' id='line_1_15' title="bbox 1813 1044 3380 1104; baseline 0.003 -4"><span class='ocrx_word' id='word_1_107' title='bbox 1813 1044 2067 1100; x_wconf 85' lang='lat' dir='ltr'><strong>beneﬁcio</strong></span> <span class='ocrx_word' id='word_1_108' title='bbox 2083 1045 2315 1101; x_wconf 91' lang='lat' dir='ltr'><strong>donatos</strong></span> <span class='ocrx_word' id='word_1_109' title='bbox 2333 1045 2492 1102; x_wconf 74' lang='lat' dir='ltr'><strong>avitae</strong></span> <span class='ocrx_word' id='word_1_110' title='bbox 2514 1047 2734 1102; x_wconf 74' lang='lat' dir='ltr'><strong>virtutis</strong></span> <span class='ocrx_word' id='word_1_111' title='bbox 2755 1047 2939 1102; x_wconf 88' lang='lat' dir='ltr'><strong>studio</strong></span> <span class='ocrx_word' id='word_1_112' title='bbox 2962 1047 3380 1104; x_wconf 82' lang='lat' dir='ltr'><strong>inﬂammandos</strong></span> 
     </span>
    </p>
   </div>
   <div class='ocr_carea' id='block_1_16' title="bbox 122 1134 1706 1208">
    <p class='ocr_par' dir='ltr' id='par_1_16' title="bbox 122 1135 1701 1206">
     <span class='ocr_line' id='line_1_16' title="bbox 122 1135 1701 1206; baseline 0.002 -19"><span class='ocrx_word' id='word_1_113' title='bbox 122 1152 235 1188; x_wconf 88' lang='grc' dir='ltr'><strong>νων</strong></span> <span class='ocrx_word' id='word_1_114' title='bbox 257 1135 616 1206; x_wconf 79' lang='grc' dir='ltr'><strong>ὑποσχέσεων,</strong></span> <span class='ocrx_word' id='word_1_115' title='bbox 665 1138 758 1190; x_wconf 71' lang='grc' dir='ltr'><strong>καὶ</strong></span> <span class='ocrx_word' id='word_1_116' title='bbox 791 1137 897 1190; x_wconf 91' lang='grc' dir='ltr'><strong>τῶν</strong></span> <span class='ocrx_word' id='word_1_117' title='bbox 922 1136 988 1190; x_wconf 84' lang='grc' dir='ltr'>δι’</span> <span class='ocrx_word' id='word_1_118' title='bbox 1024 1137 1262 1200; x_wconf 76' lang='grc' dir='ltr'>ἐκείνους</span> <span class='ocrx_word' id='word_1_119' title='bbox 1290 1138 1379 1188; x_wconf 84' lang='grc' dir='ltr'>ὑπ’</span> <span class='ocrx_word' id='word_1_120' title='bbox 1403 1135 1566 1192; x_wconf 85' lang='grc' dir='ltr'>αὐτοῦ</span> <span class='ocrx_word' id='word_1_121' title='bbox 1596 1155 1701 1196; x_wconf 84' lang='grc' dir='ltr'>πα-</span> 
     </span>
    </p>
   </div>
   <div class='ocr_carea' id='block_1_17' title="bbox 1813 1134 3380 1208">
    <p class='ocr_par' dir='ltr' id='par_1_17' title="bbox 1813 1134 3380 1208">
     <span class='ocr_line' id='line_1_17' title="bbox 1813 1134 3380 1208; baseline 0 -16"><span class='ocrx_word' id='word_1_122' title='bbox 1813 1137 1958 1192; x_wconf 75' lang='lat' dir='ltr'><strong>satis.</strong></span> <span class='ocrx_word' id='word_1_123' title='bbox 1989 1134 2189 1192; x_wconf 85' lang='lat' dir='ltr'><strong>Postea</strong></span> <span class='ocrx_word' id='word_1_124' title='bbox 2227 1151 2357 1192; x_wconf 86' lang='lat' dir='ltr'><strong>vero</strong></span> <span class='ocrx_word' id='word_1_125' title='bbox 2406 1138 2569 1193; x_wconf 89' lang='lat' dir='ltr'><strong>docet</strong></span> <span class='ocrx_word' id='word_1_126' title='bbox 2600 1154 2802 1194; x_wconf 88' lang='lat' dir='ltr'><strong>novum</strong></span> <span class='ocrx_word' id='word_1_127' title='bbox 2847 1139 3130 1208; x_wconf 89' lang='lat' dir='ltr'><strong>populum,</strong></span> <span class='ocrx_word' id='word_1_128' title='bbox 3165 1139 3380 1194; x_wconf 86' lang='lat' dir='ltr'><strong>scilicet</strong></span> 
     </span>
    </p>
   </div>
   <div class='ocr_carea' id='block_1_18' title="bbox 127 1227 1706 1301">
    <p class='ocr_par' dir='ltr' id='par_1_18' title="bbox 127 1227 1699 1300">
     <span class='ocr_line' id='line_1_18' title="bbox 127 1227 1699 1300; baseline 0.003 -22"><span class='ocrx_word' id='word_1_129' title='bbox 127 1227 498 1296; x_wconf 81' lang='grc' dir='ltr'>ρασχεθέντων</span> <span class='ocrx_word' id='word_1_130' title='bbox 545 1227 763 1296; x_wconf 84' lang='grc' dir='ltr'>ἀγαθῶν</span> <span class='ocrx_word' id='word_1_131' title='bbox 795 1231 905 1292; x_wconf 80' lang='grc' dir='ltr'>τοῖς</span> <span class='ocrx_word' id='word_1_132' title='bbox 954 1229 1176 1282; x_wconf 79' lang='grc' dir='ltr'>ἐκείνων</span> <span class='ocrx_word' id='word_1_133' title='bbox 1208 1229 1470 1297; x_wconf 74' lang='grc' dir='ltr'><strong>ἐκγόνοις.</strong></span> <span class='ocrx_word' id='word_1_134' title='bbox 1520 1229 1699 1300; x_wconf 85' lang='grc' dir='ltr'>Ἱκανὴ</span> 
     </span>
    </p>
   </div>
   <div class='ocr_carea' id='block_1_19' title="bbox 1813 1227 3380 1301">
    <p class='ocr_par' dir='ltr' id='par_1_19' title="bbox 1813 1228 3380 1301">
     <span class='ocr_line' id='line_1_19' title="bbox 1813 1228 3380 1301; baseline 0 -18"><span class='ocrx_word' id='word_1_135' title='bbox 1813 1244 1872 1283; x_wconf 79' lang='lat' dir='ltr'><strong>ex</strong></span> <span class='ocrx_word' id='word_1_136' title='bbox 1901 1228 2261 1298; x_wconf 86' lang='lat' dir='ltr'><strong>gentibus,se</strong></span> <span class='ocrx_word' id='word_1_137' title='bbox 2309 1229 2576 1300; x_wconf 76' lang='lat' dir='ltr'><strong>ingratam</strong></span> <span class='ocrx_word' id='word_1_138' title='bbox 2617 1231 2760 1284; x_wconf 82' lang='lat' dir='ltr'><strong>illam</strong></span> <span class='ocrx_word' id='word_1_139' title='bbox 2805 1238 3019 1301; x_wconf 88' lang='lat' dir='ltr'><strong>gentem</strong></span> <span class='ocrx_word' id='word_1_140' title='bbox 3043 1231 3223 1285; x_wconf 85' lang='lat' dir='ltr'><strong>divina</strong></span> <span class='ocrx_word' id='word_1_141' title='bbox 3253 1245 3380 1300; x_wconf 86' lang='lat' dir='ltr'><strong>pro-</strong></span> 
     </span>
    </p>
   </div>
   <div class='ocr_carea' id='block_1_20' title="bbox 123 1318 1706 1393">
    <p class='ocr_par' dir='ltr' id='par_1_20' title="bbox 123 1318 1706 1392">
     <span class='ocr_line' id='line_1_20' title="bbox 123 1318 1706 1392; baseline 0.001 -20"><span class='ocrx_word' id='word_1_142' title='bbox 123 1318 238 1390; x_wconf 77' lang='grc' dir='ltr'>γὰρ</span> <span class='ocrx_word' id='word_1_143' title='bbox 266 1319 466 1372; x_wconf 82' lang='grc' dir='ltr'>τούτων</span> <span class='ocrx_word' id='word_1_144' title='bbox 495 1321 528 1389; x_wconf 78' lang='grc' dir='ltr'><strong>ἡ</strong></span> <span class='ocrx_word' id='word_1_145' title='bbox 559 1322 747 1391; x_wconf 83' lang='grc' dir='ltr'>μνήμη</span> <span class='ocrx_word' id='word_1_146' title='bbox 767 1321 893 1383; x_wconf 79' lang='grc' dir='ltr'>τοὺς</span> <span class='ocrx_word' id='word_1_147' title='bbox 924 1320 1194 1376; x_wconf 81' lang='grc' dir='ltr'>τοσούτων</span> <span class='ocrx_word' id='word_1_148' title='bbox 1227 1322 1555 1392; x_wconf 79' lang='grc' dir='ltr'>εὐεργεσιῶν</span> <span class='ocrx_word' id='word_1_149' title='bbox 1579 1323 1706 1374; x_wconf 85' lang='grc' dir='ltr'>ἀπο·-</span> 
     </span>
    </p>
   </div>
   <div class='ocr_carea' id='block_1_21' title="bbox 1813 1318 3381 1393">
    <p class='ocr_par' dir='ltr' id='par_1_21' title="bbox 1813 1321 3381 1393">
     <span class='ocr_line' id='line_1_21' title="bbox 1813 1321 3381 1393; baseline 0.001 -18"><span class='ocrx_word' id='word_1_150' title='bbox 1813 1321 2048 1375; x_wconf 88' lang='lat' dir='ltr'><strong>videntia</strong></span> <span class='ocrx_word' id='word_1_151' title='bbox 2079 1337 2188 1376; x_wconf 90' lang='lat' dir='ltr'><strong>non</strong></span> <span class='ocrx_word' id='word_1_152' title='bbox 2218 1322 2420 1392; x_wconf 87' lang='lat' dir='ltr'><strong>injuste</strong></span> <span class='ocrx_word' id='word_1_153' title='bbox 2443 1324 2730 1393; x_wconf 87' lang='lat' dir='ltr'><strong>spoliasse,</strong></span> <span class='ocrx_word' id='word_1_154' title='bbox 2752 1332 2810 1378; x_wconf 90' lang='lat' dir='ltr'><strong>ut</strong></span> <span class='ocrx_word' id='word_1_155' title='bbox 2843 1324 3046 1393; x_wconf 83' lang='lat' dir='ltr'><strong>pariter</strong></span> <span class='ocrx_word' id='word_1_156' title='bbox 3075 1341 3139 1378; x_wconf 80' lang='lat' dir='ltr'><strong>ex</strong></span> <span class='ocrx_word' id='word_1_157' title='bbox 3165 1323 3381 1392; x_wconf 88' lang='lat' dir='ltr'><strong>justitia</strong></span> 
     </span>
    </p>
   </div>
   <div class='ocr_carea' id='block_1_22' title="bbox 123 1410 1705 1486">
    <p class='ocr_par' dir='ltr' id='par_1_22' title="bbox 123 1410 1705 1486">
     <span class='ocr_line' id='line_1_22' title="bbox 123 1410 1705 1486; baseline 0.001 -23"><span class='ocrx_word' id='word_1_158' title='bbox 123 1411 427 1474; x_wconf 88' lang='grc' dir='ltr'>λαύσαντας</span> <span class='ocrx_word' id='word_1_159' title='bbox 472 1414 550 1475; x_wconf 88' lang='grc' dir='ltr'><strong>είς</strong></span> <span class='ocrx_word' id='word_1_160' title='bbox 572 1410 730 1482; x_wconf 80' lang='grc' dir='ltr'>ζῆλον</span> <span class='ocrx_word' id='word_1_161' title='bbox 759 1414 858 1483; x_wconf 82' lang='grc' dir='ltr'>τῆς</span> <span class='ocrx_word' id='word_1_162' title='bbox 884 1413 990 1466; x_wconf 85' lang='grc' dir='ltr'><strong>τῶν</strong></span> <span class='ocrx_word' id='word_1_163' title='bbox 1009 1414 1288 1484; x_wconf 87' lang='grc' dir='ltr'>προγόνων</span> <span class='ocrx_word' id='word_1_164' title='bbox 1311 1415 1509 1486; x_wconf 80' lang='grc' dir='ltr'>ἀρετῆς</span> <span class='ocrx_word' id='word_1_165' title='bbox 1539 1413 1705 1484; x_wconf 87' lang='grc' dir='ltr'>ἐρεθί-</span> 
     </span>
    </p>
   </div>
   <div class='ocr_carea' id='block_1_23' title="bbox 124 1502 1706 1574">
    <p class='ocr_par' dir='ltr' id='par_1_23' title="bbox 124 1502 1706 1574">
     <span class='ocr_line' id='line_1_23' title="bbox 124 1502 1706 1574; baseline 0.002 -21"><span class='ocrx_word' id='word_1_166' title='bbox 124 1518 239 1556; x_wconf 89' lang='grc' dir='ltr'><strong>σαι.</strong></span> <span class='ocrx_word' id='word_1_167' title='bbox 272 1502 520 1556; x_wconf 75' lang='grc' dir='ltr'><strong>Διδάσκει</strong></span> <span class='ocrx_word' id='word_1_168' title='bbox 543 1502 600 1555; x_wconf 84' lang='grc' dir='ltr'><strong>δέ</strong></span> <span class='ocrx_word' id='word_1_169' title='bbox 638 1503 776 1556; x_wconf 79' lang='grc' dir='ltr'>κατὰ</span> <span class='ocrx_word' id='word_1_170' title='bbox 803 1504 966 1557; x_wconf 80' lang='grc' dir='ltr'><strong>ταύτὸ</strong></span> <span class='ocrx_word' id='word_1_171' title='bbox 993 1505 1084 1556; x_wconf 76' lang='grc' dir='ltr'>καὶ</span> <span class='ocrx_word' id='word_1_172' title='bbox 1106 1504 1196 1556; x_wconf 88' lang='grc' dir='ltr'><strong>τὸν</strong></span> <span class='ocrx_word' id='word_1_173' title='bbox 1223 1504 1342 1557; x_wconf 82' lang='grc' dir='ltr'>νέον</span> <span class='ocrx_word' id='word_1_174' title='bbox 1373 1503 1521 1568; x_wconf 80' lang='grc' dir='ltr'>λαὸν,</span> <span class='ocrx_word' id='word_1_175' title='bbox 1541 1504 1706 1574; x_wconf 75' lang='grc' dir='ltr'>ἤγουν</span> 
     </span>
    </p>
   </div>
   <div class='ocr_carea' id='block_1_24' title="bbox 122 1593 1706 1666">
    <p class='ocr_par' dir='ltr' id='par_1_24' title="bbox 122 1593 1706 1666">
     <span class='ocr_line' id='line_1_24' title="bbox 122 1593 1706 1666; baseline 0.001 -22"><span class='ocrx_word' id='word_1_176' title='bbox 122 1593 253 1656; x_wconf 81' lang='grc' dir='ltr'><strong>τούς</strong></span> <span class='ocrx_word' id='word_1_177' title='bbox 283 1593 340 1660; x_wconf 77' lang='grc' dir='ltr'><strong>ἐξ</strong></span> <span class='ocrx_word' id='word_1_178' title='bbox 368 1594 536 1648; x_wconf 91' lang='grc' dir='ltr'>ἐθνῶν</span> <span class='ocrx_word' id='word_1_179' title='bbox 565 1594 638 1657; x_wconf 87' lang='grc' dir='ltr'>ὡς</span> <span class='ocrx_word' id='word_1_180' title='bbox 667 1595 766 1648; x_wconf 90' lang='grc' dir='ltr'><strong>οὐκ</strong></span> <span class='ocrx_word' id='word_1_181' title='bbox 792 1595 992 1658; x_wconf 80' lang='grc' dir='ltr'>ἀδίκως</span> <span class='ocrx_word' id='word_1_182' title='bbox 1024 1595 1113 1648; x_wconf 81' lang='grc' dir='ltr'><strong>τὸν</strong></span> <span class='ocrx_word' id='word_1_183' title='bbox 1160 1595 1455 1666; x_wconf 85' lang='grc' dir='ltr'>ἀχάριστον</span> <span class='ocrx_word' id='word_1_184' title='bbox 1502 1597 1706 1647; x_wconf 82' lang='grc' dir='ltr'>ἐκεῖνον</span> 
     </span>
    </p>
   </div>
   <div class='ocr_carea' id='block_1_25' title="bbox 1812 1414 3383 1486">
    <p class='ocr_par' dir='ltr' id='par_1_25' title="bbox 1812 1414 3383 1486">
     <span class='ocr_line' id='line_1_25' title="bbox 1812 1414 3383 1486; baseline 0.002 -20"><span class='ocrx_word' id='word_1_185' title='bbox 1812 1414 2094 1468; x_wconf 69' lang='lat' dir='ltr'><strong>sententiae</strong></span> <span class='ocrx_word' id='word_1_186' title='bbox 2126 1422 2319 1468; x_wconf 90' lang='lat' dir='ltr'><strong>contra</strong></span> <span class='ocrx_word' id='word_1_187' title='bbox 2353 1415 2475 1472; x_wconf 91' lang='lat' dir='ltr'><strong>illos</strong></span> <span class='ocrx_word' id='word_1_188' title='bbox 2507 1416 2650 1479; x_wconf 82' lang='lat' dir='ltr'><strong>latae,</strong></span> <span class='ocrx_word' id='word_1_189' title='bbox 2680 1417 2797 1472; x_wconf 87' lang='lat' dir='ltr'><strong>viso</strong></span> <span class='ocrx_word' id='word_1_190' title='bbox 2823 1417 3022 1486; x_wconf 82' lang='lat' dir='ltr'><strong>ingrati</strong></span> <span class='ocrx_word' id='word_1_191' title='bbox 3052 1416 3216 1470; x_wconf 85' lang='lat' dir='ltr'><strong>animi</strong></span> <span class='ocrx_word' id='word_1_192' title='bbox 3246 1431 3383 1486; x_wconf 84' lang='lat' dir='ltr'><strong>pra:-</strong></span> 
     </span>
    </p>
   </div>
   <div class='ocr_carea' id='block_1_26' title="bbox 1816 1503 3383 1575">
    <p class='ocr_par' dir='ltr' id='par_1_26' title="bbox 1816 1503 3383 1575">
     <span class='ocr_line' id='line_1_26' title="bbox 1816 1503 3383 1575; baseline 0.003 -20"><span class='ocrx_word' id='word_1_193' title='bbox 1816 1503 1947 1564; x_wconf 91' lang='lat' dir='ltr'><strong>mio,</strong></span> <span class='ocrx_word' id='word_1_194' title='bbox 1980 1511 2308 1559; x_wconf 86' lang='lat' dir='ltr'><strong>moneantur</strong></span> <span class='ocrx_word' id='word_1_195' title='bbox 2337 1520 2405 1559; x_wconf 90' lang='lat' dir='ltr'><strong>ne</strong></span> <span class='ocrx_word' id='word_1_196' title='bbox 2438 1506 2493 1560; x_wconf 90' lang='lat' dir='ltr'><strong>in</strong></span> <span class='ocrx_word' id='word_1_197' title='bbox 2527 1504 2716 1560; x_wconf 89' lang='lat' dir='ltr'><strong>eadem</strong></span> <span class='ocrx_word' id='word_1_198' title='bbox 2751 1521 2857 1575; x_wconf 91' lang='lat' dir='ltr'><strong>qua</strong></span> <span class='ocrx_word' id='word_1_199' title='bbox 2889 1505 3059 1561; x_wconf 74' lang='lat' dir='ltr'><strong>Judzei</strong></span> <span class='ocrx_word' id='word_1_200' title='bbox 3109 1506 3194 1560; x_wconf 87' lang='lat' dir='ltr'><strong>via</strong></span> <span class='ocrx_word' id='word_1_201' title='bbox 3231 1506 3383 1560; x_wconf 86' lang='lat' dir='ltr'><strong>ince-</strong></span> 
     </span>
    </p>
   </div>
   <div class='ocr_carea' id='block_1_27' title="bbox 1813 1593 2855 1658">
    <p class='ocr_par' dir='ltr' id='par_1_27' title="bbox 1813 1593 2855 1658">
     <span class='ocr_line' id='line_1_27' title="bbox 1813 1593 2855 1658; baseline 0.008 -12"><span class='ocrx_word' id='word_1_202' title='bbox 1813 1593 1973 1658; x_wconf 84' lang='lat' dir='ltr'><strong>dant,</strong></span> <span class='ocrx_word' id='word_1_203' title='bbox 2019 1595 2111 1650; x_wconf 91' lang='lat' dir='ltr'><strong>sed</strong></span> <span class='ocrx_word' id='word_1_204' title='bbox 2145 1597 2199 1650; x_wconf 87' lang='lat' dir='ltr'><strong>in</strong></span> <span class='ocrx_word' id='word_1_205' title='bbox 2233 1605 2384 1652; x_wconf 90' lang='lat' dir='ltr'><strong>recto</strong></span> <span class='ocrx_word' id='word_1_206' title='bbox 2410 1599 2546 1652; x_wconf 89' lang='lat' dir='ltr'><strong>calle</strong></span> <span class='ocrx_word' id='word_1_207' title='bbox 2579 1599 2855 1654; x_wconf 83' lang='lat' dir='ltr'><strong>insistant.</strong></span> 
     </span>
    </p>
   </div>
   <div class='ocr_carea' id='block_1_28' title="bbox 124 1684 3387 1762">
    <p class='ocr_par' dir='ltr' id='par_1_28' title="bbox 124 1684 3387 1762">
     <span class='ocr_line' id='line_1_28' title="bbox 124 1684 3387 1762; baseline 0.001 -24"><span class='ocrx_word' id='word_1_208' title='bbox 124 1684 256 1738; x_wconf 81' lang='grc' dir='ltr'>λαὸν</span> <span class='ocrx_word' id='word_1_209' title='bbox 279 1688 377 1757; x_wconf 84' lang='grc' dir='ltr'>τῆς</span> <span class='ocrx_word' id='word_1_210' title='bbox 401 1687 603 1752; x_wconf 70' lang='grc' dir='ltr'>οἰκείας</span> <span class='ocrx_word' id='word_1_211' title='bbox 631 1689 952 1759; x_wconf 85' lang='grc' dir='ltr'>κηδεμονίας</span> <span class='ocrx_word' id='word_1_212' title='bbox 977 1688 1310 1759; x_wconf 83' lang='grc' dir='ltr'>ἐγύμνωσεν,</span> <span class='ocrx_word' id='word_1_213' title='bbox 1341 1688 1415 1752; x_wconf 83' lang='grc' dir='ltr'>ὡς</span> <span class='ocrx_word' id='word_1_214' title='bbox 1455 1687 1587 1758; x_wconf 86' lang='grc' dir='ltr'>ὁμοῦ</span> <span class='ocrx_word' id='word_1_215' title='bbox 1637 1688 1703 1740; x_wconf 80' lang='grc' dir='ltr'><strong>ἐκ</strong></span> <span class='ocrx_word' id='word_1_216' title='bbox 1731 1687 1829 1757; x_wconf 84' lang='grc' dir='ltr'>τῆς</span> <span class='ocrx_word' id='word_1_217' title='bbox 1855 1689 1974 1740; x_wconf 84' lang='grc' dir='ltr'>κατ’</span> <span class='ocrx_word' id='word_1_218' title='bbox 2002 1688 2226 1748; x_wconf 81' lang='grc' dir='ltr'>ἐκείνων</span> <span class='ocrx_word' id='word_1_219' title='bbox 2248 1689 2622 1762; x_wconf 76' lang='grc' dir='ltr'>ἐξενεχθείσης</span> <span class='ocrx_word' id='word_1_220' title='bbox 2643 1692 2825 1761; x_wconf 79' lang='grc' dir='ltr'>ψήφου</span> <span class='ocrx_word' id='word_1_221' title='bbox 2863 1691 2925 1744; x_wconf 84' lang='grc' dir='ltr'><strong>τὸ</strong></span> <span class='ocrx_word' id='word_1_222' title='bbox 2957 1689 3162 1743; x_wconf 87' lang='grc' dir='ltr'>δίκαιον</span> <span class='ocrx_word' id='word_1_223' title='bbox 3219 1703 3387 1742; x_wconf 74' lang='grc' dir='ltr'>κατα-</span> 
     </span>
    </p>
   </div>
   <div class='ocr_carea' id='block_1_29' title="bbox 126 1781 3386 1857">
    <p class='ocr_par' dir='ltr' id='par_1_29' title="bbox 126 1781 3386 1857">
     <span class='ocr_line' id='line_1_29' title="bbox 126 1781 3386 1857; baseline 0.002 -23"><span class='ocrx_word' id='word_1_224' title='bbox 126 1781 371 1852; x_wconf 85' lang='grc' dir='ltr'>μάθοιεν,</span> <span class='ocrx_word' id='word_1_225' title='bbox 409 1784 626 1853; x_wconf 76' lang='grc' dir='ltr'>καὶτῆς</span> <span class='ocrx_word' id='word_1_226' title='bbox 663 1783 986 1854; x_wconf 82' lang='grc' dir='ltr'><strong>ἀχαριστίας</strong></span> <span class='ocrx_word' id='word_1_227' title='bbox 1041 1782 1275 1854; x_wconf 87' lang='grc' dir='ltr'>ὁρῶντες</span> <span class='ocrx_word' id='word_1_228' title='bbox 1302 1783 1372 1840; x_wconf 71' lang='grc' dir='ltr'><strong>τὰ</strong></span> <span class='ocrx_word' id='word_1_229' title='bbox 1421 1782 1693 1854; x_wconf 79' lang='grc' dir='ltr'>ἐπίχειρα,</span> <span class='ocrx_word' id='word_1_230' title='bbox 1730 1781 1806 1856; x_wconf 84' lang='grc' dir='ltr'>μὴ</span> <span class='ocrx_word' id='word_1_231' title='bbox 1835 1783 1935 1854; x_wconf 81' lang='grc' dir='ltr'>τὴν</span> <span class='ocrx_word' id='word_1_232' title='bbox 1986 1784 2154 1856; x_wconf 77' lang='grc' dir='ltr'>αὐτὴν</span> <span class='ocrx_word' id='word_1_233' title='bbox 2197 1785 2468 1850; x_wconf 86' lang='grc' dir='ltr'>Ἰουδαίοις</span> <span class='ocrx_word' id='word_1_234' title='bbox 2517 1785 2804 1857; x_wconf 78' lang='grc' dir='ltr'>βαδίζοιεν,</span> <span class='ocrx_word' id='word_1_235' title='bbox 2839 1787 2976 1844; x_wconf 77' lang='grc' dir='ltr'>ἀλλὰ</span> <span class='ocrx_word' id='word_1_236' title='bbox 3032 1787 3132 1856; x_wconf 84' lang='grc' dir='ltr'><strong>τὴν</strong></span> <span class='ocrx_word' id='word_1_237' title='bbox 3172 1784 3386 1838; x_wconf 78' lang='grc' dir='ltr'>εὐθεῖαν</span> 
     </span>
    </p>
   </div>
   <div class='ocr_carea' id='block_1_30' title="bbox 123 1874 528 1928">
    <p class='ocr_par' dir='ltr' id='par_1_30' title="bbox 123 1874 528 1928">
     <span class='ocr_line' id='line_1_30' title="bbox 123 1874 528 1928; baseline 0 -1"><span class='ocrx_word' id='word_1_238' title='bbox 123 1874 247 1927; x_wconf 76' lang='grc' dir='ltr'>ὁδὸν</span> <span class='ocrx_word' id='word_1_239' title='bbox 273 1874 528 1928; x_wconf 87' lang='grc' dir='ltr'>όδεύοιεν.</span> 
     </span>
    </p>
   </div>
   <div class='ocr_carea' id='block_1_31' title="bbox 211 2020 1706 2094">
    <p class='ocr_par' dir='ltr' id='par_1_31' title="bbox 211 2021 1706 2094">
     <span class='ocr_line' id='line_1_31' title="bbox 211 2021 1706 2094; baseline -0.001 -18"><span class='ocrx_word' id='word_1_240' title='bbox 211 2021 692 2094; x_wconf 78' lang='grc' dir='ltr'>Ἐξομολογεῒσθε</span> <span class='ocrx_word' id='word_1_241' title='bbox 717 2021 797 2088; x_wconf 82' lang='grc' dir='ltr'>τῷ</span> <span class='ocrx_word' id='word_1_242' title='bbox 834 2023 1047 2090; x_wconf 81' lang='grc' dir='ltr'>Κυρίῳ,</span> <span class='ocrx_word' id='word_1_243' title='bbox 1077 2025 1174 2078; x_wconf 76' lang='grc' dir='ltr'>καὶ</span> <span class='ocrx_word' id='word_1_244' title='bbox 1211 2023 1594 2078; x_wconf 75' lang='grc' dir='ltr'>ἐπικαλεῖσθε</span> <span class='ocrx_word' id='word_1_245' title='bbox 1643 2023 1706 2076; x_wconf 80' lang='grc' dir='ltr'>τὸ</span> 
     </span>
    </p>
   </div>
   <div class='ocr_carea' id='block_1_32' title="bbox 1813 2020 3385 2094">
    <p class='ocr_par' dir='ltr' id='par_1_32' title="bbox 1880 2020 3385 2090">
     <span class='ocr_line' id='line_1_32' title="bbox 1880 2020 3385 2090; baseline 0.005 -15"><span class='ocrx_word' id='word_1_246' title='bbox 1880 2020 2216 2090; x_wconf 74' lang='lat' dir='ltr'><strong>Con/ilemini</strong></span> <span class='ocrx_word' id='word_1_247' title='bbox 2255 2022 2498 2084; x_wconf 84' lang='lat' dir='ltr'><strong>Domino,</strong></span> <span class='ocrx_word' id='word_1_248' title='bbox 2532 2032 2580 2076; x_wconf 80' lang='lat' dir='ltr'><strong>et</strong></span> <span class='ocrx_word' id='word_1_249' title='bbox 2611 2021 2846 2078; x_wconf 77' lang='lat' dir='ltr'><strong>invecale</strong></span> <span class='ocrx_word' id='word_1_250' title='bbox 2877 2042 3064 2083; x_wconf 83' lang='lat' dir='ltr'><strong>nomen</strong></span> <span class='ocrx_word' id='word_1_251' title='bbox 3096 2027 3385 2087; x_wconf 71' lang='lat' dir='ltr'><strong>eius.Cum</strong></span> 
     </span>
    </p>
   </div>
   <div class='ocr_carea' id='block_1_33' title="bbox 124 2113 1704 2188">
    <p class='ocr_par' dir='ltr' id='par_1_33' title="bbox 124 2113 1704 2188">
     <span class='ocr_line' id='line_1_33' title="bbox 124 2113 1704 2188; baseline -0.001 -19"><span class='ocrx_word' id='word_1_252' title='bbox 124 2119 313 2186; x_wconf 77' lang='grc' dir='ltr'>ὄνομα</span> <span class='ocrx_word' id='word_1_253' title='bbox 341 2117 548 2171; x_wconf 84' lang='grc' dir='ltr'>αὐτοῦ.</span> <span class='ocrx_word' id='word_1_254' title='bbox 574 2114 778 2184; x_wconf 79' lang='grc' dir='ltr'>Διπλῆς</span> <span class='ocrx_word' id='word_1_255' title='bbox 806 2113 971 2185; x_wconf 80' lang='grc' dir='ltr'>οὔσης</span> <span class='ocrx_word' id='word_1_256' title='bbox 999 2117 1056 2168; x_wconf 88' lang='grc' dir='ltr'><strong>ἐν</strong></span> <span class='ocrx_word' id='word_1_257' title='bbox 1081 2120 1145 2188; x_wconf 84' lang='grc' dir='ltr'>τῇ</span> <span class='ocrx_word' id='word_1_258' title='bbox 1173 2120 1413 2188; x_wconf 79' lang='grc' dir='ltr'>γραφικῇ</span> <span class='ocrx_word' id='word_1_259' title='bbox 1448 2117 1704 2188; x_wconf 65' lang='grc' dir='ltr'>συνηθείᾳ</span> 
     </span>
    </p>
   </div>
   <div class='ocr_carea' id='block_1_34' title="bbox 122 2207 1705 2282">
    <p class='ocr_par' dir='ltr' id='par_1_34' title="bbox 122 2207 1705 2282">
     <span class='ocr_line' id='line_1_34' title="bbox 122 2207 1705 2282; baseline -0.008 -10"><span class='ocrx_word' id='word_1_260' title='bbox 122 2209 226 2278; x_wconf 78' lang='grc' dir='ltr'>τῆς</span> <span class='ocrx_word' id='word_1_261' title='bbox 270 2207 388 2261; x_wconf 80' lang='grc' dir='ltr'>κατ’</span> <span class='ocrx_word' id='word_1_262' title='bbox 432 2207 819 2282; x_wconf 76' lang='grc' dir='ltr'>ἐξομολόγησιν</span> <span class='ocrx_word' id='word_1_263' title='bbox 868 2209 1162 2280; x_wconf 78' lang='grc' dir='ltr'>σημασίας,</span> <span class='ocrx_word' id='word_1_264' title='bbox 1209 2210 1303 2262; x_wconf 78' lang='grc' dir='ltr'><strong>καὶ</strong></span> <span class='ocrx_word' id='word_1_265' title='bbox 1343 2207 1436 2260; x_wconf 93' lang='grc' dir='ltr'><strong>νῦν</strong></span> <span class='ocrx_word' id='word_1_266' title='bbox 1477 2210 1572 2278; x_wconf 78' lang='grc' dir='ltr'><strong>μὲν</strong></span> <span class='ocrx_word' id='word_1_267' title='bbox 1606 2208 1705 2278; x_wconf 82' lang='grc' dir='ltr'>τὴν</span> 
     </span>
    </p>
   </div>
   <div class='ocr_carea' id='block_1_35' title="bbox 123 2296 1704 2374">
    <p class='ocr_par' dir='ltr' id='par_1_35' title="bbox 123 2296 1704 2374">
     <span class='ocr_line' id='line_1_35' title="bbox 123 2296 1704 2374; baseline 0.001 -23"><span class='ocrx_word' id='word_1_268' title='bbox 123 2299 494 2371; x_wconf 80' lang='grc' dir='ltr'>ἐξαγόρευσιν,</span> <span class='ocrx_word' id='word_1_269' title='bbox 516 2296 672 2365; x_wconf 77' lang='grc' dir='ltr'>αὖθις</span> <span class='ocrx_word' id='word_1_270' title='bbox 692 2302 750 2356; x_wconf 87' lang='grc' dir='ltr'><strong>δέ</strong></span> <span class='ocrx_word' id='word_1_271' title='bbox 770 2301 868 2374; x_wconf 84' lang='grc' dir='ltr'>τὴν</span> <span class='ocrx_word' id='word_1_272' title='bbox 892 2301 1239 2372; x_wconf 83' lang='grc' dir='ltr'>εὐχαριστίαν</span> <span class='ocrx_word' id='word_1_273' title='bbox 1271 2298 1704 2369; x_wconf 77' lang='grc' dir='ltr'>ἐνδεικνυμένης,</span> 
     </span>
    </p>
   </div>
   <div class='ocr_carea' id='block_1_36' title="bbox 123 2393 1705 2467">
    <p class='ocr_par' dir='ltr' id='par_1_36' title="bbox 123 2393 1705 2467">
     <span class='ocr_line' id='line_1_36' title="bbox 123 2393 1705 2467; baseline 0 -23"><span class='ocrx_word' id='word_1_274' title='bbox 123 2393 358 2448; x_wconf 80' lang='grc' dir='ltr'>ἐνταῦθα</span> <span class='ocrx_word' id='word_1_275' title='bbox 405 2396 523 2447; x_wconf 83' lang='grc' dir='ltr'>κατ’</span> <span class='ocrx_word' id='word_1_276' title='bbox 557 2395 873 2467; x_wconf 83' lang='grc' dir='ltr'>ἀμφοτέρας</span> <span class='ocrx_word' id='word_1_277' title='bbox 908 2394 1005 2457; x_wconf 76' lang='grc' dir='ltr'><strong>τὰς</strong></span> <span class='ocrx_word' id='word_1_278' title='bbox 1036 2394 1241 2457; x_wconf 83' lang='grc' dir='ltr'>ἐννοίας</span> <span class='ocrx_word' id='word_1_279' title='bbox 1276 2394 1411 2464; x_wconf 78' lang='grc' dir='ltr'>πρὸς</span> <span class='ocrx_word' id='word_1_280' title='bbox 1445 2394 1534 2445; x_wconf 77' lang='grc' dir='ltr'><strong>τὸν</strong></span> <span class='ocrx_word' id='word_1_281' title='bbox 1585 2394 1705 2445; x_wconf 86' lang='grc' dir='ltr'>κατ’</span> 
     </span>
    </p>
   </div>
   <div class='ocr_carea' id='block_1_37' title="bbox 123 2484 1707 2558">
    <p class='ocr_par' dir='ltr' id='par_1_37' title="bbox 123 2484 1707 2558">
     <span class='ocr_line' id='line_1_37' title="bbox 123 2484 1707 2558; baseline 0 -22"><span class='ocrx_word' id='word_1_282' title='bbox 123 2485 328 2557; x_wconf 80' lang='grc' dir='ltr'>ἀρετὴν</span> <span class='ocrx_word' id='word_1_283' title='bbox 372 2486 484 2556; x_wconf 85' lang='grc' dir='ltr'>βίον</span> <span class='ocrx_word' id='word_1_284' title='bbox 513 2486 1018 2558; x_wconf 80' lang='grc' dir='ltr'>χειραγωγούμεθα·</span> <span class='ocrx_word' id='word_1_285' title='bbox 1049 2488 1083 2557; x_wconf 75' lang='grc' dir='ltr'>ἦ</span> <span class='ocrx_word' id='word_1_286' title='bbox 1135 2504 1193 2538; x_wconf 90' lang='grc' dir='ltr'><strong>τε</strong></span> <span class='ocrx_word' id='word_1_287' title='bbox 1220 2484 1328 2558; x_wconf 81' lang='grc' dir='ltr'><strong>γὰρ</strong></span> <span class='ocrx_word' id='word_1_288' title='bbox 1358 2485 1707 2556; x_wconf 82' lang='grc' dir='ltr'>ἐξαγόρευσις</span> 
     </span>
    </p>
   </div>
   <div class='ocr_carea' id='block_1_38' title="bbox 126 2573 1709 2651">
    <p class='ocr_par' dir='ltr' id='par_1_38' title="bbox 126 2573 1709 2651">
     <span class='ocr_line' id='line_1_38' title="bbox 126 2573 1709 2651; baseline 0 -23"><span class='ocrx_word' id='word_1_289' title='bbox 126 2577 403 2648; x_wconf 84' lang='grc' dir='ltr'>χωρισμόν</span> <span class='ocrx_word' id='word_1_290' title='bbox 430 2595 552 2631; x_wconf 86' lang='grc' dir='ltr'>τινα</span> <span class='ocrx_word' id='word_1_291' title='bbox 581 2578 674 2632; x_wconf 72' lang='grc' dir='ltr'><strong>καὶ</strong></span> <span class='ocrx_word' id='word_1_292' title='bbox 689 2578 1039 2651; x_wconf 81' lang='grc' dir='ltr'>ἀλλοτρίωσιν</span> <span class='ocrx_word' id='word_1_293' title='bbox 1063 2577 1170 2631; x_wconf 89' lang='grc' dir='ltr'><strong>τῶν</strong></span> <span class='ocrx_word' id='word_1_294' title='bbox 1199 2576 1384 2630; x_wconf 87' lang='grc' dir='ltr'>κακῶν</span> <span class='ocrx_word' id='word_1_295' title='bbox 1400 2573 1709 2647; x_wconf 80' lang='grc' dir='ltr'>ἀπεργάζε-</span> 
     </span>
    </p>
   </div>
   <div class='ocr_carea' id='block_1_39' title="bbox 128 2667 1704 2742">
    <p class='ocr_par' dir='ltr' id='par_1_39' title="bbox 128 2667 1704 2742">
     <span class='ocr_line' id='line_1_39' title="bbox 128 2667 1704 2742; baseline 0 -22"><span class='ocrx_word' id='word_1_296' title='bbox 128 2687 241 2732; x_wconf 82' lang='grc' dir='ltr'>ται,</span> <span class='ocrx_word' id='word_1_297' title='bbox 275 2670 334 2722; x_wconf 91' lang='grc' dir='ltr'><strong>τό</strong></span> <span class='ocrx_word' id='word_1_298' title='bbox 355 2687 412 2722; x_wconf 87' lang='grc' dir='ltr'><strong>τε</strong></span> <span class='ocrx_word' id='word_1_299' title='bbox 444 2670 580 2740; x_wconf 85' lang='grc' dir='ltr'>πρὸς</span> <span class='ocrx_word' id='word_1_300' title='bbox 613 2671 710 2742; x_wconf 85' lang='grc' dir='ltr'>τὴν</span> <span class='ocrx_word' id='word_1_301' title='bbox 730 2669 1080 2742; x_wconf 81' lang='grc' dir='ltr'>εὐχαριστίαν</span> <span class='ocrx_word' id='word_1_302' title='bbox 1103 2668 1379 2742; x_wconf 83' lang='grc' dir='ltr'>πρόθυμον</span> <span class='ocrx_word' id='word_1_303' title='bbox 1402 2667 1704 2732; x_wconf 80' lang='grc' dir='ltr'>πλεονάζει,</span> 
     </span>
    </p>
   </div>
   <div class='ocr_carea' id='block_1_40' title="bbox 128 2759 1706 2833">
    <p class='ocr_par' dir='ltr' id='par_1_40' title="bbox 128 2759 1706 2833">
     <span class='ocr_line' id='line_1_40' title="bbox 128 2759 1706 2833; baseline -0.001 -18"><span class='ocrx_word' id='word_1_304' title='bbox 128 2762 224 2815; x_wconf 72' lang='grc' dir='ltr'><strong>καὶ</strong></span> <span class='ocrx_word' id='word_1_305' title='bbox 238 2760 334 2832; x_wconf 77' lang='grc' dir='ltr'>τὴν</span> <span class='ocrx_word' id='word_1_306' title='bbox 361 2762 489 2832; x_wconf 72' lang='grc' dir='ltr'>περὶ</span> <span class='ocrx_word' id='word_1_307' title='bbox 515 2761 610 2815; x_wconf 89' lang='grc' dir='ltr'><strong>τοῦ</strong></span> <span class='ocrx_word' id='word_1_308' title='bbox 627 2764 915 2833; x_wconf 85' lang='grc' dir='ltr'>εὐεργέτου</span> <span class='ocrx_word' id='word_1_309' title='bbox 938 2761 1096 2832; x_wconf 86' lang='grc' dir='ltr'>χάριν</span> <span class='ocrx_word' id='word_1_310' title='bbox 1115 2762 1206 2813; x_wconf 79' lang='grc' dir='ltr'><strong>ἐπὶ</strong></span> <span class='ocrx_word' id='word_1_311' title='bbox 1230 2759 1337 2814; x_wconf 88' lang='grc' dir='ltr'><strong>τῶν</strong></span> <span class='ocrx_word' id='word_1_312' title='bbox 1371 2760 1706 2831; x_wconf 76' lang='grc' dir='ltr'>εὐαισθήτως</span> 
     </span>
    </p>
   </div>
   <div class='ocr_carea' id='block_1_41' title="bbox 124 2852 1708 2927">
    <p class='ocr_par' dir='ltr' id='par_1_41' title="bbox 124 2852 1708 2927">
     <span class='ocr_line' id='line_1_41' title="bbox 124 2852 1708 2927; baseline -0.004 -17"><span class='ocrx_word' id='word_1_313' title='bbox 124 2855 424 2926; x_wconf 84' lang='grc' dir='ltr'>δεχομένων</span> <span class='ocrx_word' id='word_1_314' title='bbox 440 2855 537 2919; x_wconf 82' lang='grc' dir='ltr'>τὰς</span> <span class='ocrx_word' id='word_1_315' title='bbox 553 2857 816 2920; x_wconf 79' lang='grc' dir='ltr'>εὐποιίας,</span> <span class='ocrx_word' id='word_1_316' title='bbox 847 2853 1287 2927; x_wconf 79' lang='grc' dir='ltr'>Παρακελεύεται</span> <span class='ocrx_word' id='word_1_317' title='bbox 1303 2853 1480 2905; x_wconf 86' lang='grc' dir='ltr'>τοίνυν</span> <span class='ocrx_word' id='word_1_318' title='bbox 1507 2853 1535 2904; x_wconf 87' lang='grc' dir='ltr'><strong>ό</strong></span> <span class='ocrx_word' id='word_1_319' title='bbox 1551 2852 1708 2920; x_wconf 85' lang='grc' dir='ltr'>λόγος</span> 
     </span>
    </p>
   </div>
   <div class='ocr_carea' id='block_1_42' title="bbox 123 2942 1708 3020">
    <p class='ocr_par' dir='ltr' id='par_1_42' title="bbox 123 2942 1708 3020">
     <span class='ocr_line' id='line_1_42' title="bbox 123 2942 1708 3020; baseline -0.003 -20"><span class='ocrx_word' id='word_1_320' title='bbox 123 2948 228 3020; x_wconf 78' lang='grc' dir='ltr'><strong>τὴν</strong></span> <span class='ocrx_word' id='word_1_321' title='bbox 262 2948 676 3020; x_wconf 83' lang='grc' dir='ltr'>εὐχαριστήριον</span> <span class='ocrx_word' id='word_1_322' title='bbox 704 2947 976 3019; x_wconf 81' lang='grc' dir='ltr'>ὑμνῳδίαν</span> <span class='ocrx_word' id='word_1_323' title='bbox 1001 2945 1350 3016; x_wconf 75' lang='grc' dir='ltr'>προσφέρειν,</span> <span class='ocrx_word' id='word_1_324' title='bbox 1379 2944 1472 2997; x_wconf 77' lang='grc' dir='ltr'>καὶ</span> <span class='ocrx_word' id='word_1_325' title='bbox 1504 2942 1708 3013; x_wconf 85' lang='grc' dir='ltr'>διηγεῖ-</span> 
     </span>
    </p>
   </div>
   <div class='ocr_carea' id='block_1_43' title="bbox 129 3035 1705 3109">
    <p class='ocr_par' dir='ltr' id='par_1_43' title="bbox 129 3035 1705 3109">
     <span class='ocr_line' id='line_1_43' title="bbox 129 3035 1705 3109; baseline -0.005 -14"><span class='ocrx_word' id='word_1_326' title='bbox 129 3042 253 3095; x_wconf 87' lang='grc' dir='ltr'>σθαι</span> <span class='ocrx_word' id='word_1_327' title='bbox 303 3041 404 3106; x_wconf 84' lang='grc' dir='ltr'><strong>τάς</strong></span> <span class='ocrx_word' id='word_1_328' title='bbox 447 3041 594 3106; x_wconf 85' lang='grc' dir='ltr'>θείας</span> <span class='ocrx_word' id='word_1_329' title='bbox 645 3039 984 3108; x_wconf 89' lang='grc' dir='ltr'>εὐεργεσίας.</span> <span class='ocrx_word' id='word_1_330' title='bbox 1042 3039 1115 3091; x_wconf 69' lang='lat' dir='ltr'><strong>To</strong></span> <span class='ocrx_word' id='word_1_331' title='bbox 1148 3038 1256 3109; x_wconf 86' lang='grc' dir='ltr'>γὰρ</span> <span class='ocrx_word' id='word_1_332' title='bbox 1304 3035 1705 3099; x_wconf 75' lang='grc' dir='ltr'>ἐπικαλεῖσθε,</span> 
     </span>
    </p>
   </div>
   <div class='ocr_carea' id='block_1_44' title="bbox 128 3127 1710 3203">
    <p class='ocr_par' dir='ltr' id='par_1_44' title="bbox 128 3127 1710 3203">
     <span class='ocr_line' id='line_1_44' title="bbox 128 3127 1710 3203; baseline -0.006 -15"><span class='ocrx_word' id='word_1_333' title='bbox 128 3135 466 3202; x_wconf 82' lang='grc' dir='ltr'>κηρύσσετε</span> <span class='ocrx_word' id='word_1_334' title='bbox 509 3135 538 3186; x_wconf 89' lang='grc' dir='ltr'><strong>ό</strong></span> <span class='ocrx_word' id='word_1_335' title='bbox 569 3132 866 3203; x_wconf 83' lang='grc' dir='ltr'>Σύμμαχος</span> <span class='ocrx_word' id='word_1_336' title='bbox 907 3131 1272 3201; x_wconf 72' lang='grc' dir='ltr'>ἡρμήνευσενο</span> <span class='ocrx_word' id='word_1_337' title='bbox 1319 3128 1505 3198; x_wconf 75' lang='grc' dir='ltr'>ἕτερος</span> <span class='ocrx_word' id='word_1_338' title='bbox 1535 3127 1591 3180; x_wconf 83' lang='grc' dir='ltr'><strong>δὲ</strong></span> <span class='ocrx_word' id='word_1_339' title='bbox 1619 3129 1710 3198; x_wconf 90' lang='grc' dir='ltr'>ἐρ-</span> 
     </span>
    </p>
   </div>
   <div class='ocr_carea' id='block_1_45' title="bbox 131 3221 1704 3296">
    <p class='ocr_par' dir='ltr' id='par_1_45' title="bbox 131 3221 1704 3296">
     <span class='ocr_line' id='line_1_45' title="bbox 131 3221 1704 3296; baseline -0.002 -19"><span class='ocrx_word' id='word_1_340' title='bbox 131 3225 402 3296; x_wconf 85' lang='grc' dir='ltr'>μηνευτὴς</span> <span class='ocrx_word' id='word_1_341' title='bbox 433 3242 584 3295; x_wconf 79' lang='grc' dir='ltr'>φησι,</span> <span class='ocrx_word' id='word_1_342' title='bbox 612 3224 721 3278; x_wconf 77' lang='grc' dir='ltr'><strong>Καὶ</strong></span> <span class='ocrx_word' id='word_1_343' title='bbox 750 3222 1126 3278; x_wconf 70' lang='grc' dir='ltr'>ἐπικαλεῖσθε</span> <span class='ocrx_word' id='word_1_344' title='bbox 1150 3222 1215 3276; x_wconf 78' lang='grc' dir='ltr'>ἐν</span> <span class='ocrx_word' id='word_1_345' title='bbox 1229 3222 1471 3290; x_wconf 78' lang='grc' dir='ltr'>ὀνόματι</span> <span class='ocrx_word' id='word_1_346' title='bbox 1498 3221 1704 3275; x_wconf 85' lang='grc' dir='ltr'>αὐτοῦ·</span> 
     </span>
    </p>
   </div>
   <div class='ocr_carea' id='block_1_46' title="bbox 131 3309 1706 3389">
    <p class='ocr_par' dir='ltr' id='par_1_46' title="bbox 131 3309 1706 3389">
     <span class='ocr_line' id='line_1_46' title="bbox 131 3309 1706 3389; baseline -0.004 -18"><span class='ocrx_word' id='word_1_347' title='bbox 131 3318 275 3389; x_wconf 89' lang='grc' dir='ltr'>μέγα</span> <span class='ocrx_word' id='word_1_348' title='bbox 304 3335 354 3370; x_wconf 84' lang='grc' dir='ltr'><strong>τι</strong></span> <span class='ocrx_word' id='word_1_349' title='bbox 385 3309 770 3387; x_wconf 79' lang='grc' dir='ltr'>αἰνιττόμενος.</span> <span class='ocrx_word' id='word_1_350' title='bbox 805 3316 902 3367; x_wconf 78' lang='grc' dir='ltr'>Ἂν</span> <span class='ocrx_word' id='word_1_351' title='bbox 953 3313 1060 3386; x_wconf 85' lang='grc' dir='ltr'>γὰρ</span> <span class='ocrx_word' id='word_1_352' title='bbox 1101 3313 1494 3385; x_wconf 79' lang='grc' dir='ltr'>ἐξομολογήσῃ,</span> <span class='ocrx_word' id='word_1_353' title='bbox 1551 3313 1706 3383; x_wconf 62' lang='grc' dir='ltr'>φησι,</span> 
     </span>
    </p>
   </div>
   <div class='ocr_carea' id='block_1_47' title="bbox 126 3403 1706 3481">
    <p class='ocr_par' dir='ltr' id='par_1_47' title="bbox 126 3403 1706 3481">
     <span class='ocr_line' id='line_1_47' title="bbox 126 3403 1706 3481; baseline -0.006 -16"><span class='ocrx_word' id='word_1_354' title='bbox 126 3411 224 3466; x_wconf 75' lang='grc' dir='ltr'><strong>καὶ</strong></span> <span class='ocrx_word' id='word_1_355' title='bbox 245 3408 451 3481; x_wconf 81' lang='grc' dir='ltr'>άποθῇς</span> <span class='ocrx_word' id='word_1_356' title='bbox 476 3409 543 3462; x_wconf 77' lang='grc' dir='ltr'>τὰ</span> <span class='ocrx_word' id='word_1_357' title='bbox 569 3408 956 3479; x_wconf 88' lang='grc' dir='ltr'>ἁμαρτήματα,</span> <span class='ocrx_word' id='word_1_358' title='bbox 979 3406 1202 3479; x_wconf 78' lang='grc' dir='ltr'>δυνήσῃ,</span> <span class='ocrx_word' id='word_1_359' title='bbox 1239 3405 1375 3476; x_wconf 87' lang='grc' dir='ltr'><strong>μετά</strong></span> <span class='ocrx_word' id='word_1_360' title='bbox 1396 3403 1706 3474; x_wconf 75' lang='grc' dir='ltr'>παρρησίας</span> 
     </span>
    </p>
   </div>
   <div class='ocr_carea' id='block_1_48' title="bbox 122 3494 1702 3573">
    <p class='ocr_par' dir='ltr' id='par_1_48' title="bbox 122 3494 1702 3573">
     <span class='ocr_line' id='line_1_48' title="bbox 122 3494 1702 3573; baseline -0.005 -16"><span class='ocrx_word' id='word_1_361' title='bbox 122 3505 186 3557; x_wconf 71' lang='grc' dir='ltr'>τὸ</span> <span class='ocrx_word' id='word_1_362' title='bbox 201 3503 370 3573; x_wconf 80' lang='grc' dir='ltr'>ὄνομα</span> <span class='ocrx_word' id='word_1_363' title='bbox 402 3501 563 3556; x_wconf 89' lang='grc' dir='ltr'>αὐτοῦ</span> <span class='ocrx_word' id='word_1_364' title='bbox 595 3499 853 3563; x_wconf 82' lang='grc' dir='ltr'>καλέσας,</span> <span class='ocrx_word' id='word_1_365' title='bbox 895 3498 1106 3570; x_wconf 88' lang='grc' dir='ltr'>μεγάλα</span> <span class='ocrx_word' id='word_1_366' title='bbox 1143 3497 1479 3569; x_wconf 83' lang='grc' dir='ltr'>ἐργάσασθαι</span> <span class='ocrx_word' id='word_1_367' title='bbox 1504 3494 1702 3563; x_wconf 86' lang='grc' dir='ltr'>ἀγαθά.</span> 
     </span>
    </p>
   </div>
   <div class='ocr_carea' id='block_1_49' title="bbox 124 3588 1706 3666">
    <p class='ocr_par' dir='ltr' id='par_1_49' title="bbox 124 3588 1706 3666">
     <span class='ocr_line' id='line_1_49' title="bbox 124 3588 1706 3666; baseline -0.005 -18"><span class='ocrx_word' id='word_1_368' title='bbox 124 3597 203 3648; x_wconf 82' lang='grc' dir='ltr'>Οὐ</span> <span class='ocrx_word' id='word_1_369' title='bbox 234 3595 407 3666; x_wconf 78' lang='grc' dir='ltr'>μάτην</span> <span class='ocrx_word' id='word_1_370' title='bbox 434 3593 489 3646; x_wconf 80' lang='grc' dir='ltr'>δὲ</span> <span class='ocrx_word' id='word_1_371' title='bbox 517 3591 950 3663; x_wconf 83' lang='grc' dir='ltr'>ἐξομολογεῖσθαι</span> <span class='ocrx_word' id='word_1_372' title='bbox 999 3591 1282 3662; x_wconf 88' lang='grc' dir='ltr'>πρότερον,</span> <span class='ocrx_word' id='word_1_373' title='bbox 1319 3590 1415 3642; x_wconf 75' lang='grc' dir='ltr'>καὶ</span> <span class='ocrx_word' id='word_1_374' title='bbox 1455 3588 1706 3658; x_wconf 86' lang='grc' dir='ltr'>δεύτερον</span> 
     </span>
    </p>
   </div>
   <div class='ocr_carea' id='block_1_50' title="bbox 125 3678 1707 3756">
    <p class='ocr_par' dir='ltr' id='par_1_50' title="bbox 125 3678 1707 3756">
     <span class='ocr_line' id='line_1_50' title="bbox 125 3678 1707 3756; baseline -0.009 -15"><span class='ocrx_word' id='word_1_375' title='bbox 125 3685 781 3756; x_wconf 78' lang='grc' dir='ltr'>ἐπικαλεῖσθαιβούλεται·</span> <span class='ocrx_word' id='word_1_376' title='bbox 819 3682 932 3735; x_wconf 85' lang='grc' dir='ltr'>ἀλλ’</span> <span class='ocrx_word' id='word_1_377' title='bbox 963 3681 1071 3745; x_wconf 79' lang='grc' dir='ltr'>ἵνα,</span> <span class='ocrx_word' id='word_1_378' title='bbox 1110 3679 1341 3750; x_wconf 75' lang='grc' dir='ltr'>καθαροὶ</span> <span class='ocrx_word' id='word_1_379' title='bbox 1375 3678 1463 3731; x_wconf 76' lang='grc' dir='ltr'><strong>διὰ</strong></span> <span class='ocrx_word' id='word_1_380' title='bbox 1493 3678 1591 3748; x_wconf 85' lang='grc' dir='ltr'>τῆς</span> <span class='ocrx_word' id='word_1_381' title='bbox 1623 3678 1707 3744; x_wconf 77' lang='grc' dir='ltr'>ἐξ-</span> 
     </span>
    </p>
   </div>
   <div class='ocr_carea' id='block_1_51' title="bbox 125 3768 1708 3851">
    <p class='ocr_par' dir='ltr' id='par_1_51' title="bbox 125 3768 1708 3851">
     <span class='ocr_line' id='line_1_51' title="bbox 125 3768 1708 3851; baseline -0.007 -18"><span class='ocrx_word' id='word_1_382' title='bbox 125 3777 470 3851; x_wconf 86' lang='grc' dir='ltr'>αγορεύσεως</span> <span class='ocrx_word' id='word_1_383' title='bbox 493 3776 795 3845; x_wconf 83' lang='grc' dir='ltr'>γενόμενοι,</span> <span class='ocrx_word' id='word_1_384' title='bbox 825 3775 888 3826; x_wconf 79' lang='grc' dir='ltr'><strong>ἐκ</strong></span> <span class='ocrx_word' id='word_1_385' title='bbox 906 3770 1146 3843; x_wconf 80' lang='grc' dir='ltr'>καθαροῦ</span> <span class='ocrx_word' id='word_1_386' title='bbox 1170 3772 1401 3842; x_wconf 81' lang='grc' dir='ltr'>ὀργάνου</span> <span class='ocrx_word' id='word_1_387' title='bbox 1424 3768 1517 3822; x_wconf 82' lang='grc' dir='ltr'><strong>τὸν</strong></span> <span class='ocrx_word' id='word_1_388' title='bbox 1541 3769 1570 3821; x_wconf 84' lang='grc' dir='ltr'><strong>ὐ</strong></span> <span class='ocrx_word' id='word_1_389' title='bbox 1579 3786 1708 3840; x_wconf 86' lang='grc' dir='ltr'>μνον</span> 
     </span>
    </p>
   </div>
   <div class='ocr_carea' id='block_1_52' title="bbox 209 3908 1708 3985">
    <p class='ocr_par' dir='ltr' id='par_1_52' title="bbox 209 3908 1708 3985">
     <span class='ocr_line' id='line_1_52' title="bbox 209 3908 1708 3985; baseline -0.006 -15"><span class='ocrx_word' id='word_1_390' title='bbox 209 3915 625 3985; x_wconf 58' lang='lat' dir='ltr'><strong>Euam-suate</strong></span> <span class='ocrx_word' id='word_1_391' title='bbox 653 3915 722 3967; x_wconf 76' lang='grc' dir='ltr'>ἐν</span> <span class='ocrx_word' id='word_1_392' title='bbox 748 3911 873 3979; x_wconf 82' lang='grc' dir='ltr'>τοῖς</span> <span class='ocrx_word' id='word_1_393' title='bbox 900 3912 1102 3964; x_wconf 70' lang='grc' dir='ltr'>ἔθνεσι</span> <span class='ocrx_word' id='word_1_394' title='bbox 1129 3910 1199 3963; x_wconf 85' lang='grc' dir='ltr'>τὰ</span> <span class='ocrx_word' id='word_1_395' title='bbox 1225 3909 1369 3978; x_wconf 79' lang='grc' dir='ltr'>ἔργα</span> <span class='ocrx_word' id='word_1_396' title='bbox 1401 3908 1606 3962; x_wconf 77' lang='grc' dir='ltr'>αὐτοῦ.</span> <span class='ocrx_word' id='word_1_397' title='bbox 1651 3908 1708 3961; x_wconf 91' lang='lat'><strong>&#39;0</strong></span> 
     </span>
    </p>
   </div>
   <div class='ocr_carea' id='block_1_53' title="bbox 127 3999 1708 4081">
    <p class='ocr_par' dir='ltr' id='par_1_53' title="bbox 127 3999 1708 4081">
     <span class='ocr_line' id='line_1_53' title="bbox 127 3999 1708 4081; baseline -0.006 -21"><span class='ocrx_word' id='word_1_398' title='bbox 127 4007 268 4081; x_wconf 85' lang='grc' dir='ltr'><strong>μετά</strong></span> <span class='ocrx_word' id='word_1_399' title='bbox 288 4009 476 4078; x_wconf 84' lang='grc' dir='ltr'>χεῖρας</span> <span class='ocrx_word' id='word_1_400' title='bbox 507 4001 655 4068; x_wconf 75' lang='grc' dir='ltr'>αἶνος</span> <span class='ocrx_word' id='word_1_401' title='bbox 691 4005 788 4074; x_wconf 85' lang='grc' dir='ltr'>τὴν</span> <span class='ocrx_word' id='word_1_402' title='bbox 828 4002 1068 4074; x_wconf 86' lang='grc' dir='ltr'>ἱστορίαν</span> <span class='ocrx_word' id='word_1_403' title='bbox 1097 4000 1446 4070; x_wconf 82' lang='grc' dir='ltr'>ἐπιτέμνεται</span> <span class='ocrx_word' id='word_1_404' title='bbox 1467 3999 1565 4069; x_wconf 84' lang='grc' dir='ltr'><strong>τὴν</strong></span> <span class='ocrx_word' id='word_1_405' title='bbox 1599 3999 1708 4051; x_wconf 85' lang='grc' dir='ltr'><strong>ἀπὸ</strong></span> 
     </span>
    </p>
   </div>
   <div class='ocr_carea' id='block_1_54' title="bbox 136 4089 1709 4173">
    <p class='ocr_par' dir='ltr' id='par_1_54' title="bbox 136 4089 1709 4173">
     <span class='ocr_line' id='line_1_54' title="bbox 136 4089 1709 4173; baseline -0.008 -18"><span class='ocrx_word' id='word_1_406' title='bbox 136 4099 392 4173; x_wconf 73' lang='grc' dir='ltr'>Ἀϐραὰμ</span> <span class='ocrx_word' id='word_1_407' title='bbox 419 4099 513 4151; x_wconf 68' lang='grc' dir='ltr'><strong>κα)⁴</strong></span> <span class='ocrx_word' id='word_1_408' title='bbox 565 4099 658 4150; x_wconf 71' lang='grc' dir='ltr'><strong>ἐπὶ</strong></span> <span class='ocrx_word' id='word_1_409' title='bbox 695 4096 870 4162; x_wconf 76' lang='grc' dir='ltr'>ἔξοδον</span> <span class='ocrx_word' id='word_1_410' title='bbox 915 4094 1022 4148; x_wconf 88' lang='grc' dir='ltr'><strong>τῶν</strong></span> <span class='ocrx_word' id='word_1_411' title='bbox 1065 4093 1194 4146; x_wconf 82' lang='grc' dir='ltr'>υἱῶν</span> <span class='ocrx_word' id='word_1_412' title='bbox 1236 4092 1452 4162; x_wconf 81' lang='grc' dir='ltr'>Ἰσραὴλ</span> <span class='ocrx_word' id='word_1_413' title='bbox 1476 4092 1574 4162; x_wconf 84' lang='grc' dir='ltr'>τὴν</span> <span class='ocrx_word' id='word_1_414' title='bbox 1601 4089 1709 4143; x_wconf 80' lang='grc' dir='ltr'><strong>ἀπὸ</strong></span> 
     </span>
    </p>
   </div>
   <div class='ocr_carea' id='block_1_55' title="bbox 121 4181 1706 4262">
    <p class='ocr_par' dir='ltr' id='par_1_55' title="bbox 121 4181 1706 4262">
     <span class='ocr_line' id='line_1_55' title="bbox 121 4181 1706 4262; baseline -0.007 -16"><span class='ocrx_word' id='word_1_415' title='bbox 121 4193 422 4262; x_wconf 71' lang='grc' dir='ltr'>Αἰγύπτουο</span> <span class='ocrx_word' id='word_1_416' title='bbox 454 4190 521 4260; x_wconf 85' lang='grc' dir='ltr'>ἢν</span> <span class='ocrx_word' id='word_1_417' title='bbox 569 4189 664 4242; x_wconf 72' lang='grc' dir='ltr'><strong>καὶ</strong></span> <span class='ocrx_word' id='word_1_418' title='bbox 710 4186 1062 4255; x_wconf 80' lang='grc' dir='ltr'>ἐπαγγέλλειν</span> <span class='ocrx_word' id='word_1_419' title='bbox 1113 4187 1226 4247; x_wconf 87' lang='grc' dir='ltr'>τοῖς</span> <span class='ocrx_word' id='word_1_420' title='bbox 1266 4182 1442 4236; x_wconf 75' lang='grc' dir='ltr'>ἔθνεσι</span> <span class='ocrx_word' id='word_1_421' title='bbox 1465 4183 1526 4235; x_wconf 84' lang='grc' dir='ltr'><strong>τὸ</strong></span> <span class='ocrx_word' id='word_1_422' title='bbox 1567 4181 1706 4235; x_wconf 84' lang='grc' dir='ltr'>θεῖον</span> 
     </span>
    </p>
   </div>
   <div class='ocr_carea' id='block_1_56' title="bbox 123 4274 1706 4356">
    <p class='ocr_par' dir='ltr' id='par_1_56' title="bbox 123 4274 1706 4356">
     <span class='ocr_line' id='line_1_56' title="bbox 123 4274 1706 4356; baseline -0.006 -17"><span class='ocrx_word' id='word_1_423' title='bbox 123 4283 354 4356; x_wconf 79' lang='grc' dir='ltr'>Πνεῦμα</span> <span class='ocrx_word' id='word_1_424' title='bbox 382 4281 833 4353; x_wconf 85' lang='grc' dir='ltr'>παρακελεύεται,</span> <span class='ocrx_word' id='word_1_425' title='bbox 852 4279 992 4332; x_wconf 77' lang='grc' dir='ltr'>ὥστε</span> <span class='ocrx_word' id='word_1_426' title='bbox 1008 4276 1095 4330; x_wconf 84' lang='grc' dir='ltr'><strong>διὰ</strong></span> <span class='ocrx_word' id='word_1_427' title='bbox 1120 4275 1321 4330; x_wconf 91' lang='grc' dir='ltr'>τούτων</span> <span class='ocrx_word' id='word_1_428' title='bbox 1346 4274 1518 4343; x_wconf 89' lang='grc' dir='ltr'>δηλῶν</span> <span class='ocrx_word' id='word_1_429' title='bbox 1539 4275 1706 4339; x_wconf 82' lang='grc' dir='ltr'>ἐστιν,</span> 
     </span>
    </p>
   </div>
   <div class='ocr_carea' id='block_1_57' title="bbox 121 4366 1708 4448">
    <p class='ocr_par' dir='ltr' id='par_1_57' title="bbox 121 4366 1708 4448">
     <span class='ocr_line' id='line_1_57' title="bbox 121 4366 1708 4448; baseline -0.009 -16"><span class='ocrx_word' id='word_1_430' title='bbox 121 4381 200 4443; x_wconf 87' lang='grc' dir='ltr'><strong>ὡς</strong></span> <span class='ocrx_word' id='word_1_431' title='bbox 217 4379 405 4448; x_wconf 75' lang='grc' dir='ltr'>ὄνησιν</span> <span class='ocrx_word' id='word_1_432' title='bbox 433 4377 534 4429; x_wconf 83' lang='grc' dir='ltr'><strong>οὐκ</strong></span> <span class='ocrx_word' id='word_1_433' title='bbox 563 4372 837 4434; x_wconf 82' lang='grc' dir='ltr'>Ἰουδαίοις</span> <span class='ocrx_word' id='word_1_434' title='bbox 867 4370 1047 4440; x_wconf 88' lang='grc' dir='ltr'>μόνον,</span> <span class='ocrx_word' id='word_1_435' title='bbox 1063 4367 1200 4421; x_wconf 86' lang='grc' dir='ltr'><strong>ἀλλά</strong></span> <span class='ocrx_word' id='word_1_436' title='bbox 1226 4377 1323 4428; x_wconf 72' lang='grc' dir='ltr'><strong>καί</strong></span> <span class='ocrx_word' id='word_1_437' title='bbox 1339 4369 1450 4429; x_wconf 85' lang='grc' dir='ltr'>τοῖς</span> <span class='ocrx_word' id='word_1_438' title='bbox 1467 4366 1523 4432; x_wconf 77' lang='grc' dir='ltr'><strong>ἐξ</strong></span> <span class='ocrx_word' id='word_1_439' title='bbox 1539 4366 1708 4419; x_wconf 84' lang='grc' dir='ltr'>ἐθνῶν</span> 
     </span>
    </p>
   </div>
   <div class='ocr_carea' id='block_1_58' title="bbox 123 4455 1709 4540">
    <p class='ocr_par' dir='ltr' id='par_1_58' title="bbox 123 4455 1709 4540">
     <span class='ocr_line' id='line_1_58' title="bbox 123 4455 1709 4540; baseline -0.01 -16"><span class='ocrx_word' id='word_1_440' title='bbox 123 4467 606 4540; x_wconf 84' lang='grc' dir='ltr'>πραγματεύεται,</span> <span class='ocrx_word' id='word_1_441' title='bbox 635 4462 730 4516; x_wconf 90' lang='grc' dir='ltr'><strong>τοῦ</strong></span> <span class='ocrx_word' id='word_1_442' title='bbox 760 4461 1072 4531; x_wconf 85' lang='grc' dir='ltr'>Πνεύματος</span> <span class='ocrx_word' id='word_1_443' title='bbox 1104 4459 1230 4520; x_wconf 78' lang='grc' dir='ltr'>τοὺς</span> <span class='ocrx_word' id='word_1_444' title='bbox 1275 4456 1381 4511; x_wconf 89' lang='grc' dir='ltr'><strong>τῶν</strong></span> <span class='ocrx_word' id='word_1_445' title='bbox 1402 4455 1569 4509; x_wconf 81' lang='grc' dir='ltr'>ἐθνῶν</span> <span class='ocrx_word' id='word_1_446' title='bbox 1602 4455 1709 4508; x_wconf 84' lang='grc' dir='ltr'>διε-</span> 
     </span>
    </p>
   </div>
   <div class='ocr_carea' id='block_1_59' title="bbox 120 4548 1709 4634">
    <p class='ocr_par' dir='ltr' id='par_1_59' title="bbox 120 4548 1709 4634">
     <span class='ocr_line' id='line_1_59' title="bbox 120 4548 1709 4634; baseline -0.011 -18"><span class='ocrx_word' id='word_1_447' title='bbox 120 4563 405 4634; x_wconf 87' lang='grc' dir='ltr'>γείροντος</span> <span class='ocrx_word' id='word_1_448' title='bbox 444 4560 691 4630; x_wconf 80' lang='grc' dir='ltr'>κήρυκας</span> <span class='ocrx_word' id='word_1_449' title='bbox 725 4555 804 4617; x_wconf 87' lang='grc' dir='ltr'><strong>είς</strong></span> <span class='ocrx_word' id='word_1_450' title='bbox 829 4553 890 4605; x_wconf 83' lang='grc' dir='ltr'><strong>τὸ</strong></span> <span class='ocrx_word' id='word_1_451' title='bbox 921 4552 1100 4621; x_wconf 81' lang='grc' dir='ltr'>ζητεῖν</span> <span class='ocrx_word' id='word_1_452' title='bbox 1122 4549 1213 4606; x_wconf 81' lang='grc' dir='ltr'><strong>τὸν</strong></span> <span class='ocrx_word' id='word_1_453' title='bbox 1242 4549 1447 4619; x_wconf 85' lang='grc' dir='ltr'>Κύριον</span> <span class='ocrx_word' id='word_1_454' title='bbox 1486 4548 1580 4600; x_wconf 77' lang='grc' dir='ltr'>καὶ</span> <span class='ocrx_word' id='word_1_455' title='bbox 1608 4564 1709 4618; x_wconf 90' lang='grc' dir='ltr'>κη-</span> 
     </span>
    </p>
   </div>
   <div class='ocr_carea' id='block_1_60' title="bbox 123 4637 1705 4726">
    <p class='ocr_par' dir='ltr' id='par_1_60' title="bbox 123 4637 1705 4726">
     <span class='ocr_line' id='line_1_60' title="bbox 123 4637 1705 4726; baseline -0.011 -19"><span class='ocrx_word' id='word_1_456' title='bbox 123 4655 350 4726; x_wconf 85' lang='grc' dir='ltr'>ρύσσειν</span> <span class='ocrx_word' id='word_1_457' title='bbox 380 4651 449 4704; x_wconf 82' lang='grc' dir='ltr'>τὰ</span> <span class='ocrx_word' id='word_1_458' title='bbox 475 4649 605 4720; x_wconf 72' lang='grc' dir='ltr'>περὶ</span> <span class='ocrx_word' id='word_1_459' title='bbox 643 4644 806 4701; x_wconf 86' lang='grc' dir='ltr'>αὐτοῦ</span> <span class='ocrx_word' id='word_1_460' title='bbox 851 4643 1182 4713; x_wconf 86' lang='grc' dir='ltr'>διηγήματα.</span> <span class='ocrx_word' id='word_1_461' title='bbox 1227 4639 1336 4692; x_wconf 73' lang='grc' dir='ltr'><strong>Καὶ</strong></span> <span class='ocrx_word' id='word_1_462' title='bbox 1365 4637 1538 4691; x_wconf 87' lang='grc' dir='ltr'>ταῦτα</span> <span class='ocrx_word' id='word_1_463' title='bbox 1584 4637 1705 4708; x_wconf 57' lang='grc' dir='ltr'>μεθῗ</span> 
     </span>
    </p>
   </div>
   <div class='ocr_carea' id='block_1_61' title="bbox 120 4727 1702 4817">
    <p class='ocr_par' dir='ltr' id='par_1_61' title="bbox 120 4727 1702 4817">
     <span class='ocr_line' id='line_1_61' title="bbox 120 4727 1702 4817; baseline -0.013 -17"><span class='ocrx_word' id='word_1_464' title='bbox 120 4746 335 4817; x_wconf 75' lang='grc' dir='ltr'>ὕμνων·</span> <span class='ocrx_word' id='word_1_465' title='bbox 355 4741 488 4814; x_wconf 79' lang='grc' dir='ltr'>φησὶ</span> <span class='ocrx_word' id='word_1_466' title='bbox 501 4737 648 4808; x_wconf 84' lang='grc' dir='ltr'>γοῦν·</span> <span class='ocrx_word' id='word_1_467' title='bbox 682 4739 902 4806; x_wconf 77' lang='grc' dir='ltr'>’ᾼσατε</span> <span class='ocrx_word' id='word_1_468' title='bbox 939 4731 1099 4797; x_wconf 81' lang='grc' dir='ltr'>αὐτῷ</span> <span class='ocrx_word' id='word_1_469' title='bbox 1124 4730 1224 4784; x_wconf 74' lang='grc' dir='ltr'><strong>καί</strong></span> <span class='ocrx_word' id='word_1_470' title='bbox 1255 4729 1488 4798; x_wconf 64' lang='lat' dir='ltr'><strong>Wars</strong></span> <span class='ocrx_word' id='word_1_471' title='bbox 1523 4727 1702 4794; x_wconf 71' lang='grc' dir='ltr'>αὐτῷ’</span> 
     </span>
    </p>
   </div>
   <div class='ocr_carea' id='block_1_62' title="bbox 118 4820 1706 4907">
    <p class='ocr_par' dir='ltr' id='par_1_62' title="bbox 118 4820 1706 4907">
     <span class='ocr_line' id='line_1_62' title="bbox 118 4820 1706 4907; baseline -0.012 -14"><span class='ocrx_word' id='word_1_472' title='bbox 118 4839 250 4907; x_wconf 64' lang='grc' dir='ltr'>διηπ</span> <span class='ocrx_word' id='word_1_473' title='bbox 265 4836 500 4903; x_wconf 79' lang='grc' dir='ltr'>ήσασθε</span> <span class='ocrx_word' id='word_1_474' title='bbox 521 4829 716 4885; x_wconf 77' lang='grc' dir='ltr'>πάντα</span> <span class='ocrx_word' id='word_1_475' title='bbox 747 4827 820 4881; x_wconf 86' lang='grc' dir='ltr'>τὰ</span> <span class='ocrx_word' id='word_1_476' title='bbox 865 4822 1166 4894; x_wconf 76' lang='grc' dir='ltr'>θαυμάσια</span> <span class='ocrx_word' id='word_1_477' title='bbox 1205 4821 1414 4877; x_wconf 76' lang='grc' dir='ltr'>αὐτοῦ.</span> <span class='ocrx_word' id='word_1_478' title='bbox 1449 4820 1706 4875; x_wconf 88' lang='grc' dir='ltr'>Βούλεται</span> 
     </span>
    </p>
   </div>
   <div class='ocr_carea' id='block_1_63' title="bbox 116 4912 1706 4996">
    <p class='ocr_par' dir='ltr' id='par_1_63' title="bbox 116 4912 1706 4996">
     <span class='ocr_line' id='line_1_63' title="bbox 116 4912 1706 4996; baseline -0.011 -14"><span class='ocrx_word' id='word_1_479' title='bbox 116 4924 541 4996; x_wconf 81' lang='grc' dir='ltr'>ἀπαγγελθῆναι</span> <span class='ocrx_word' id='word_1_480' title='bbox 580 4923 692 4984; x_wconf 83' lang='grc' dir='ltr'>τοῖς</span> <span class='ocrx_word' id='word_1_481' title='bbox 719 4919 945 4980; x_wconf 84' lang='grc' dir='ltr'>ἐθνεσιν,</span> <span class='ocrx_word' id='word_1_482' title='bbox 973 4916 1048 4978; x_wconf 84' lang='grc' dir='ltr'>ὡς</span> <span class='ocrx_word' id='word_1_483' title='bbox 1072 4913 1324 4984; x_wconf 87' lang='grc' dir='ltr'>ἀγνοοῦσι</span> <span class='ocrx_word' id='word_1_484' title='bbox 1355 4914 1449 4966; x_wconf 71' lang='grc' dir='ltr'><strong>καὶ</strong></span> <span class='ocrx_word' id='word_1_485' title='bbox 1481 4912 1706 4984; x_wconf 84' lang='grc' dir='ltr'>μηδέπω</span> 
     </span>
    </p>
   </div>
   <div class='ocr_carea' id='block_1_64' title="bbox 123 5003 1705 5093">
    <p class='ocr_par' dir='ltr' id='par_1_64' title="bbox 123 5003 1705 5093">
     <span class='ocr_line' id='line_1_64' title="bbox 123 5003 1705 5093; baseline -0.013 -18"><span class='ocrx_word' id='word_1_486' title='bbox 123 5017 526 5093; x_wconf 84' lang='grc' dir='ltr'>μεμαθηκόσιν,</span> <span class='ocrx_word' id='word_1_487' title='bbox 574 5012 760 5070; x_wconf 86' lang='grc' dir='ltr'>ὁποίας</span> <span class='ocrx_word' id='word_1_488' title='bbox 802 5009 969 5064; x_wconf 59' lang='grc' dir='ltr'>πάλαι</span> <span class='ocrx_word' id='word_1_489' title='bbox 1016 5007 1284 5079; x_wconf 83' lang='grc' dir='ltr'>πρότερον.</span> <span class='ocrx_word' id='word_1_490' title='bbox 1327 5003 1644 5075; x_wconf 85' lang='grc' dir='ltr'>εὐεργεσίας</span> <span class='ocrx_word' id='word_1_491' title='bbox 1676 5003 1705 5054; x_wconf 89' lang='grc' dir='ltr'>ὁ</span> 
     </span>
    </p>
   </div>
   <div class='ocr_carea' id='block_1_65' title="bbox 117 5095 1705 5180">
    <p class='ocr_par' dir='ltr' id='par_1_65' title="bbox 117 5095 1705 5180">
     <span class='ocr_line' id='line_1_65' title="bbox 117 5095 1705 5180; baseline -0.012 -14"><span class='ocrx_word' id='word_1_492' title='bbox 117 5111 264 5174; x_wconf 82' lang='grc' dir='ltr'>Θεὸς</span> <span class='ocrx_word' id='word_1_493' title='bbox 290 5107 368 5180; x_wconf 79' lang='grc' dir='ltr'>τῷ</span> <span class='ocrx_word' id='word_1_494' title='bbox 400 5108 648 5177; x_wconf 64' lang='grc' dir='ltr'>προτέρςο</span> <span class='ocrx_word' id='word_1_495' title='bbox 672 5101 798 5171; x_wconf 82' lang='grc' dir='ltr'>λαῷ.</span> <span class='ocrx_word' id='word_1_496' title='bbox 815 5099 1134 5171; x_wconf 73' lang='grc' dir='ltr'>παρέσχετοο</span> <span class='ocrx_word' id='word_1_497' title='bbox 1169 5099 1266 5152; x_wconf 67' lang='grc' dir='ltr'>οιαὶ</span> <span class='ocrx_word' id='word_1_498' title='bbox 1293 5098 1460 5161; x_wconf 83' lang='grc' dir='ltr'>ὅπως,</span> <span class='ocrx_word' id='word_1_499' title='bbox 1496 5095 1705 5166; x_wconf 87' lang='grc' dir='ltr'>μυρίων</span> 
     </span>
    </p>
   </div>
   <div class='ocr_carea' id='block_1_66' title="bbox 117 5189 1706 5272">
    <p class='ocr_par' dir='ltr' id='par_1_66' title="bbox 117 5189 1706 5272">
     <span class='ocr_line' id='line_1_66' title="bbox 117 5189 1706 5272; baseline -0.014 -13"><span class='ocrx_word' id='word_1_500' title='bbox 117 5202 354 5272; x_wconf 84' lang='grc' dir='ltr'>ἀγαθῶν</span> <span class='ocrx_word' id='word_1_501' title='bbox 380 5197 531 5269; x_wconf 87' lang='grc' dir='ltr'><strong>παρά</strong></span> <span class='ocrx_word' id='word_1_502' title='bbox 550 5196 644 5250; x_wconf 89' lang='grc' dir='ltr'><strong>τοῦ</strong></span> <span class='ocrx_word' id='word_1_503' title='bbox 666 5193 800 5248; x_wconf 87' lang='grc' dir='ltr'>Θεοῦ</span> <span class='ocrx_word' id='word_1_504' title='bbox 820 5193 1198 5263; x_wconf 77' lang='grc' dir='ltr'>τετυχηκότες,</span> <span class='ocrx_word' id='word_1_505' title='bbox 1237 5189 1560 5262; x_wconf 81' lang='grc' dir='ltr'>παρέϐησαν</span> <span class='ocrx_word' id='word_1_506' title='bbox 1580 5190 1706 5242; x_wconf 59' lang='lat' dir='ltr'><strong>ace.</strong></span> 
     </span>
    </p>
   </div>
   <div class='ocr_carea' id='block_1_67' title="bbox 119 5281 1704 5366">
    <p class='ocr_par' dir='ltr' id='par_1_67' title="bbox 119 5281 1704 5366">
     <span class='ocr_line' id='line_1_67' title="bbox 119 5281 1704 5366; baseline -0.016 -9"><span class='ocrx_word' id='word_1_507' title='bbox 119 5295 418 5366; x_wconf 63' lang='grc' dir='ltr'>ϐήσαντες</span> <span class='ocrx_word' id='word_1_508' title='bbox 460 5288 554 5341; x_wconf 70' lang='grc' dir='ltr'><strong>καὶ</strong></span> <span class='ocrx_word' id='word_1_509' title='bbox 597 5287 673 5349; x_wconf 82' lang='grc' dir='ltr'>ὡς</span> <span class='ocrx_word' id='word_1_510' title='bbox 713 5284 804 5338; x_wconf 79' lang='grc' dir='ltr'><strong>διὰ</strong></span> <span class='ocrx_word' id='word_1_511' title='bbox 842 5283 943 5347; x_wconf 76' lang='grc' dir='ltr'>τὰς</span> <span class='ocrx_word' id='word_1_512' title='bbox 993 5283 1337 5354; x_wconf 83' lang='grc' dir='ltr'>παρανομίας</span> <span class='ocrx_word' id='word_1_513' title='bbox 1383 5281 1563 5336; x_wconf 88' lang='grc' dir='ltr'>αὐτῶν</span> <span class='ocrx_word' id='word_1_514' title='bbox 1604 5281 1704 5351; x_wconf 83' lang='grc' dir='ltr'>τῆς</span> 
     </span>
    </p>
   </div>
   <div class='ocr_carea' id='block_1_68' title="bbox 119 5374 1706 5449">
    <p class='ocr_par' dir='ltr' id='par_1_68' title="bbox 119 5374 1706 5449">
     <span class='ocr_line' id='line_1_68' title="bbox 119 5374 1706 5449; baseline -0.009 -9"><span class='ocrx_word' id='word_1_515' title='bbox 119 5386 286 5448; x_wconf 83' lang='grc' dir='ltr'>θείας</span> <span class='ocrx_word' id='word_1_516' title='bbox 343 5379 644 5449; x_wconf 82' lang='grc' dir='ltr'>ἐπισκοπῆς</span> <span class='ocrx_word' id='word_1_517' title='bbox 701 5375 1106 5431; x_wconf 82' lang='grc' dir='ltr'>ἐκπεπτώκασι.</span> <span class='ocrx_word' id='word_1_518' title='bbox 1144 5374 1370 5428; x_wconf 83' lang='grc' dir='ltr'>Κελεύει</span> <span class='ocrx_word' id='word_1_519' title='bbox 1402 5375 1462 5428; x_wconf 84' lang='grc' dir='ltr'>δὲ</span> <span class='ocrx_word' id='word_1_520' title='bbox 1491 5374 1584 5428; x_wconf 78' lang='grc' dir='ltr'><strong>καὶ</strong></span> <span class='ocrx_word' id='word_1_521' title='bbox 1621 5375 1706 5444; x_wconf 82' lang='grc' dir='ltr'>ἐρ-</span> 
     </span>
    </p>
   </div>
   <div class='ocr_carea' id='block_1_69' title="bbox 123 5465 1707 5548">
    <p class='ocr_par' dir='ltr' id='par_1_69' title="bbox 123 5465 1707 5548">
     <span class='ocr_line' id='line_1_69' title="bbox 123 5465 1707 5548; baseline -0.006 -20"><span class='ocrx_word' id='word_1_522' title='bbox 123 5475 340 5548; x_wconf 87' lang='grc' dir='ltr'>μηνέας</span> <span class='ocrx_word' id='word_1_523' title='bbox 375 5469 624 5540; x_wconf 85' lang='grc' dir='ltr'>γίνεσθαι</span> <span class='ocrx_word' id='word_1_524' title='bbox 661 5467 754 5522; x_wconf 69' lang='grc' dir='ltr'>καὶ</span> <span class='ocrx_word' id='word_1_525' title='bbox 795 5467 1132 5539; x_wconf 52' lang='grc' dir='ltr'>σαφηνιστάςμ</span> <span class='ocrx_word' id='word_1_526' title='bbox 1161 5467 1274 5526; x_wconf 70' lang='grc' dir='ltr'><strong>τῶν</strong></span> <span class='ocrx_word' id='word_1_527' title='bbox 1307 5469 1365 5522; x_wconf 90' lang='grc' dir='ltr'><strong>ἐν</strong></span> <span class='ocrx_word' id='word_1_528' title='bbox 1388 5470 1502 5532; x_wconf 85' lang='grc' dir='ltr'>τοῖς</span> <span class='ocrx_word' id='word_1_529' title='bbox 1539 5465 1707 5529; x_wconf 86' lang='grc' dir='ltr'>θείοις</span> 
     </span>
    </p>
   </div>
   <div class='ocr_carea' id='block_1_70' title="bbox 117 5557 1706 5634">
    <p class='ocr_par' dir='ltr' id='par_1_70' title="bbox 117 5557 1706 5634">
     <span class='ocr_line' id='line_1_70' title="bbox 117 5557 1706 5634; baseline -0.007 -14"><span class='ocrx_word' id='word_1_530' title='bbox 117 5564 336 5634; x_wconf 84' lang='grc' dir='ltr'>λογίοις</span> <span class='ocrx_word' id='word_1_531' title='bbox 369 5561 714 5632; x_wconf 70' lang='grc' dir='ltr'>ἀπορρήτων·</span> <span class='ocrx_word' id='word_1_532' title='bbox 765 5559 908 5630; x_wconf 72' lang='grc' dir='ltr'>ἅπερ</span> <span class='ocrx_word' id='word_1_533' title='bbox 952 5557 1018 5611; x_wconf 81' lang='grc' dir='ltr'><strong>ἂν</strong></span> <span class='ocrx_word' id='word_1_534' title='bbox 1047 5558 1131 5628; x_wconf 88' lang='grc' dir='ltr'><strong>εῐη</strong></span> <span class='ocrx_word' id='word_1_535' title='bbox 1175 5559 1246 5612; x_wconf 85' lang='grc' dir='ltr'>τὰ</span> <span class='ocrx_word' id='word_1_536' title='bbox 1290 5557 1569 5629; x_wconf 85' lang='grc' dir='ltr'>θαυμάσια</span> <span class='ocrx_word' id='word_1_537' title='bbox 1607 5557 1706 5610; x_wconf 90' lang='grc' dir='ltr'>αὐ-</span> 
     </span>
    </p>
   </div>
   <div class='ocr_carea' id='block_1_71' title="bbox 119 5649 1710 5722">
    <p class='ocr_par' dir='ltr' id='par_1_71' title="bbox 119 5649 1710 5722">
     <span class='ocr_line' id='line_1_71' title="bbox 119 5649 1710 5722; baseline -0.006 -10"><span class='ocrx_word' id='word_1_538' title='bbox 119 5657 246 5712; x_wconf 79' lang='grc' dir='ltr'>τοῦ’</span> <span class='ocrx_word' id='word_1_539' title='bbox 286 5653 382 5709; x_wconf 79' lang='grc' dir='ltr'>καὶ</span> <span class='ocrx_word' id='word_1_540' title='bbox 413 5650 600 5713; x_wconf 82' lang='grc' dir='ltr'>ἁπλῶς</span> <span class='ocrx_word' id='word_1_541' title='bbox 635 5651 928 5722; x_wconf 82' lang='grc' dir='ltr'>ὑμνῳδίαις</span> <span class='ocrx_word' id='word_1_542' title='bbox 969 5649 1128 5704; x_wconf 81' lang='grc' dir='ltr'>αὐτὸν</span> <span class='ocrx_word' id='word_1_543' title='bbox 1153 5649 1476 5720; x_wconf 78' lang='grc' dir='ltr'>ἀμείϐεσθαι</span> <span class='ocrx_word' id='word_1_544' title='bbox 1510 5651 1602 5703; x_wconf 78' lang='grc' dir='ltr'>καὶ</span> <span class='ocrx_word' id='word_1_545' title='bbox 1642 5649 1710 5703; x_wconf 89' lang='grc' dir='ltr'><strong>τά</strong></span> 
     </span>
    </p>
   </div>
   <div class='ocr_carea' id='block_1_72' title="bbox 121 5740 1711 5820">
    <p class='ocr_par' dir='ltr' id='par_1_72' title="bbox 121 5740 1711 5820">
     <span class='ocr_line' id='line_1_72' title="bbox 121 5740 1711 5820; baseline -0.012 -5"><span class='ocrx_word' id='word_1_546' title='bbox 121 5751 266 5820; x_wconf 80' lang='grc' dir='ltr'>παρ’</span> <span class='ocrx_word' id='word_1_547' title='bbox 295 5743 462 5802; x_wconf 67' lang='grc' dir='ltr'><strong>(³ιῦτοὖ</strong></span> <span class='ocrx_word' id='word_1_548' title='bbox 497 5741 762 5811; x_wconf 68' lang='grc' dir='ltr'>γενόμενα</span> <span class='ocrx_word' id='word_1_549' title='bbox 804 5744 929 5806; x_wconf 81' lang='grc' dir='ltr'><strong>τοὺς</strong></span> <span class='ocrx_word' id='word_1_550' title='bbox 969 5740 1290 5810; x_wconf 85' lang='grc' dir='ltr'>ἀγνοοῦντας</span> <span class='ocrx_word' id='word_1_551' title='bbox 1323 5742 1530 5810; x_wconf 77' lang='grc' dir='ltr'>διδάξαι</span> <span class='ocrx_word' id='word_1_552' title='bbox 1579 5743 1711 5797; x_wconf 76' lang='grc' dir='ltr'>θαυο</span> 
     </span>
    </p>
   </div>
   <div class='ocr_carea' id='block_1_73' title="bbox 130 5842 330 5924">
    <p class='ocr_par' dir='ltr' id='par_1_73' title="bbox 130 5842 330 5924">
     <span class='ocr_line' id='line_1_73' title="bbox 130 5842 330 5924; baseline -0.015 -27"><span class='ocrx_word' id='word_1_553' title='bbox 130 5842 330 5924; x_wconf 81' lang='grc' dir='ltr'>μάσια.</span> 
     </span>
    </p>
   </div>
   <div class='ocr_carea' id='block_1_74' title="bbox 1813 2110 3386 2188">
    <p class='ocr_par' dir='ltr' id='par_1_74' title="bbox 1813 2110 3386 2188">
     <span class='ocr_line' id='line_1_74' title="bbox 1813 2110 3386 2188; baseline 0.004 -24"><span class='ocrx_word' id='word_1_554' title='bbox 1813 2110 2094 2181; x_wconf 81' lang='lat' dir='ltr'><strong>Scriptura</strong></span> <span class='ocrx_word' id='word_1_555' title='bbox 2149 2114 2321 2166; x_wconf 86' lang='lat' dir='ltr'><strong>soleat</strong></span> <span class='ocrx_word' id='word_1_556' title='bbox 2372 2113 2573 2181; x_wconf 85' lang='lat' dir='ltr'><strong>duplici</strong></span> <span class='ocrx_word' id='word_1_557' title='bbox 2608 2131 2773 2168; x_wconf 90' lang='lat' dir='ltr'><strong>sensu</strong></span> <span class='ocrx_word' id='word_1_558' title='bbox 2817 2113 3218 2170; x_wconf 80' lang='lat' dir='ltr'><strong>confessionem</strong></span> <span class='ocrx_word' id='word_1_559' title='bbox 3257 2131 3386 2188; x_wconf 73' lang='lat' dir='ltr'><strong>pro-</strong></span> 
     </span>
    </p>
   </div>
   <div class='ocr_carea' id='block_1_75' title="bbox 1811 2203 3386 2276">
    <p class='ocr_par' dir='ltr' id='par_1_75' title="bbox 1811 2203 3386 2276">
     <span class='ocr_line' id='line_1_75' title="bbox 1811 2203 3386 2276; baseline 0.006 -20"><span class='ocrx_word' id='word_1_560' title='bbox 1811 2203 1974 2272; x_wconf 83' lang='lat' dir='ltr'><strong>ferre,</strong></span> <span class='ocrx_word' id='word_1_561' title='bbox 2021 2219 2084 2259; x_wconf 91' lang='lat' dir='ltr'><strong>ae</strong></span> <span class='ocrx_word' id='word_1_562' title='bbox 2136 2205 2300 2259; x_wconf 91' lang='lat' dir='ltr'><strong>modo</strong></span> <span class='ocrx_word' id='word_1_563' title='bbox 2333 2206 2434 2262; x_wconf 89' lang='lat' dir='ltr'><strong>hac</strong></span> <span class='ocrx_word' id='word_1_564' title='bbox 2472 2223 2606 2263; x_wconf 87' lang='lat' dir='ltr'><strong>voce</strong></span> <span class='ocrx_word' id='word_1_565' title='bbox 2637 2216 2986 2276; x_wconf 84' lang='lat' dir='ltr'><strong>peccatorum</strong></span> <span class='ocrx_word' id='word_1_566' title='bbox 3019 2208 3386 2265; x_wconf 88' lang='lat' dir='ltr'><strong>denuntiatio-</strong></span> 
     </span>
    </p>
   </div>
   <div class='ocr_carea' id='block_1_76' title="bbox 1811 2295 3386 2372">
    <p class='ocr_par' dir='ltr' id='par_1_76' title="bbox 1811 2295 3386 2372">
     <span class='ocr_line' id='line_1_76' title="bbox 1811 2295 3386 2372; baseline 0.007 -23"><span class='ocrx_word' id='word_1_567' title='bbox 1811 2311 1955 2362; x_wconf 89' lang='lat' dir='ltr'><strong>nem,</strong></span> <span class='ocrx_word' id='word_1_568' title='bbox 1993 2295 2155 2353; x_wconf 89' lang='lat' dir='ltr'><strong>modo</strong></span> <span class='ocrx_word' id='word_1_569' title='bbox 2187 2299 2484 2367; x_wconf 80' lang='lat' dir='ltr'><strong>gratiarum</strong></span> <span class='ocrx_word' id='word_1_570' title='bbox 2521 2301 2789 2356; x_wconf 86' lang='lat' dir='ltr'><strong>actionem</strong></span> <span class='ocrx_word' id='word_1_571' title='bbox 2834 2302 3101 2372; x_wconf 83' lang='lat' dir='ltr'><strong>signiticet</strong></span> <span class='ocrx_word' id='word_1_572' title='bbox 3122 2303 3257 2370; x_wconf 86' lang='lat' dir='ltr'><strong>;_hic</strong></span> <span class='ocrx_word' id='word_1_573' title='bbox 3289 2320 3386 2360; x_wconf 85' lang='lat' dir='ltr'><strong>se-</strong></span> 
     </span>
    </p>
   </div>
   <div class='ocr_carea' id='block_1_77' title="bbox 1810 2387 3386 2458">
    <p class='ocr_par' dir='ltr' id='par_1_77' title="bbox 1810 2387 3386 2458">
     <span class='ocr_line' id='line_1_77' title="bbox 1810 2387 3386 2458; baseline 0.007 -18"><span class='ocrx_word' id='word_1_574' title='bbox 1810 2387 2046 2441; x_wconf 91' lang='lat' dir='ltr'><strong>cundum</strong></span> <span class='ocrx_word' id='word_1_575' title='bbox 2074 2397 2362 2458; x_wconf 90' lang='lat' dir='ltr'><strong>utramque</strong></span> <span class='ocrx_word' id='word_1_576' title='bbox 2392 2393 2682 2458; x_wconf 85' lang='lat' dir='ltr'><strong>rationem,</strong></span> <span class='ocrx_word' id='word_1_577' title='bbox 2717 2393 2783 2446; x_wconf 90' lang='lat' dir='ltr'><strong>ad</strong></span> <span class='ocrx_word' id='word_1_578' title='bbox 2822 2393 2989 2448; x_wconf 84' lang='lat' dir='ltr'><strong>vitam</strong></span> <span class='ocrx_word' id='word_1_579' title='bbox 3022 2410 3147 2448; x_wconf 91' lang='lat' dir='ltr'><strong>cum</strong></span> <span class='ocrx_word' id='word_1_580' title='bbox 3182 2396 3386 2451; x_wconf 90' lang='lat' dir='ltr'><strong>virtute</strong></span> 
     </span>
    </p>
   </div>
   <div class='ocr_carea' id='block_1_78' title="bbox 1811 2478 3387 2549">
    <p class='ocr_par' dir='ltr' id='par_1_78' title="bbox 1811 2478 3387 2549">
     <span class='ocr_line' id='line_1_78' title="bbox 1811 2478 3387 2549; baseline 0.006 -18"><span class='ocrx_word' id='word_1_581' title='bbox 1811 2479 2072 2549; x_wconf 80' lang='lat' dir='ltr'><strong>agendam</strong></span> <span class='ocrx_word' id='word_1_582' title='bbox 2104 2478 2459 2534; x_wconf 88' lang='lat' dir='ltr'><strong>instituimur.</strong></span> <span class='ocrx_word' id='word_1_583' title='bbox 2492 2479 2627 2535; x_wconf 86' lang='lat' dir='ltr'><strong>Nam</strong></span> <span class='ocrx_word' id='word_1_584' title='bbox 2671 2482 2998 2538; x_wconf 82' lang='lat' dir='ltr'><strong>confessio&#39;a</strong></span> <span class='ocrx_word' id='word_1_585' title='bbox 3027 2483 3193 2539; x_wconf 92' lang='lat' dir='ltr'><strong>malis.</strong></span> <span class='ocrx_word' id='word_1_586' title='bbox 3208 2484 3387 2540; x_wconf 87' lang='lat' dir='ltr'><strong>homi-</strong></span> 
     </span>
    </p>
   </div>
   <div class='ocr_carea' id='block_1_79' title="bbox 1810 2573 3386 2648">
    <p class='ocr_par' dir='ltr' id='par_1_79' title="bbox 1810 2573 3386 2648">
     <span class='ocr_line' id='line_1_79' title="bbox 1810 2573 3386 2648; baseline 0.005 -25"><span class='ocrx_word' id='word_1_587' title='bbox 1810 2585 1935 2624; x_wconf 91' lang='lat' dir='ltr'><strong>nem</strong></span> <span class='ocrx_word' id='word_1_588' title='bbox 1967 2579 2208 2626; x_wconf 86' lang='lat' dir='ltr'><strong>semovet</strong></span> <span class='ocrx_word' id='word_1_589' title='bbox 2260 2581 2314 2627; x_wconf 81' lang='lat' dir='ltr'><strong>ct</strong></span> <span class='ocrx_word' id='word_1_590' title='bbox 2345 2573 2412 2628; x_wconf 92' lang='lat' dir='ltr'><strong>iis</strong></span> <span class='ocrx_word' id='word_1_591' title='bbox 2444 2573 2680 2630; x_wconf 91' lang='lat' dir='ltr'><strong>alienum</strong></span> <span class='ocrx_word' id='word_1_592' title='bbox 2710 2573 2871 2630; x_wconf 79' lang='lat' dir='ltr'><strong>cﬁicit</strong></span> <span class='ocrx_word' id='word_1_593' title='bbox 2899 2595 2911 2630; x_wconf 94' lang='lat'><strong>:</strong></span> <span class='ocrx_word' id='word_1_594' title='bbox 2959 2577 3257 2648; x_wconf 83' lang='lat' dir='ltr'><strong>gratiarum</strong></span> <span class='ocrx_word' id='word_1_595' title='bbox 3289 2593 3386 2631; x_wconf 91' lang='lat' dir='ltr'><strong>au-</strong></span> 
     </span>
    </p>
   </div>
   <div class='ocr_carea' id='block_1_80' title="bbox 1813 2663 3384 2740">
    <p class='ocr_par' dir='ltr' id='par_1_80' title="bbox 1813 2663 3384 2740">
     <span class='ocr_line' id='line_1_80' title="bbox 1813 2663 3384 2740; baseline 0.005 -26"><span class='ocrx_word' id='word_1_596' title='bbox 1813 2668 1920 2716; x_wconf 90' lang='lat' dir='ltr'><strong>tem</strong></span> <span class='ocrx_word' id='word_1_597' title='bbox 1963 2663 2194 2717; x_wconf 87' lang='lat' dir='ltr'><strong>actionis</strong></span> <span class='ocrx_word' id='word_1_598' title='bbox 2254 2663 2493 2718; x_wconf 91' lang='lat' dir='ltr'><strong>studium</strong></span> <span class='ocrx_word' id='word_1_599' title='bbox 2535 2667 2677 2736; x_wconf 86' lang='lat' dir='ltr'><strong>apud</strong></span> <span class='ocrx_word' id='word_1_600' title='bbox 2722 2665 3021 2722; x_wconf 88' lang='lat' dir='ltr'><strong>beneﬁcum</strong></span> <span class='ocrx_word' id='word_1_601' title='bbox 3065 2677 3223 2740; x_wconf 78' lang='lat' dir='ltr'><strong>auget</strong></span> <span class='ocrx_word' id='word_1_602' title='bbox 3257 2684 3384 2739; x_wconf 85' lang='lat' dir='ltr'><strong>gra-</strong></span> 
     </span>
    </p>
   </div>
   <div class='ocr_carea' id='block_1_81' title="bbox 1812 2753 3379 2828">
    <p class='ocr_par' dir='ltr' id='par_1_81' title="bbox 1812 2753 3379 2828">
     <span class='ocr_line' id='line_1_81' title="bbox 1812 2753 3379 2828; baseline 0.008 -23"><span class='ocrx_word' id='word_1_603' title='bbox 1812 2753 1942 2808; x_wconf 89' lang='lat' dir='ltr'><strong>tiam</strong></span> <span class='ocrx_word' id='word_1_604' title='bbox 1974 2771 2100 2825; x_wconf 81' lang='lat' dir='ltr'><strong>erga</strong></span> <span class='ocrx_word' id='word_1_605' title='bbox 2131 2771 2226 2810; x_wconf 88' lang='lat' dir='ltr'><strong>eos</strong></span> <span class='ocrx_word' id='word_1_606' title='bbox 2257 2757 2348 2826; x_wconf 88' lang='lat' dir='ltr'><strong>qui</strong></span> <span class='ocrx_word' id='word_1_607' title='bbox 2377 2766 2532 2828; x_wconf 82' lang='lat' dir='ltr'><strong>grato</strong></span> <span class='ocrx_word' id='word_1_608' title='bbox 2563 2759 2744 2812; x_wconf 90' lang='lat' dir='ltr'><strong>animo</strong></span> <span class='ocrx_word' id='word_1_609' title='bbox 2765 2760 3027 2817; x_wconf 88' lang='lat' dir='ltr'><strong>beneﬁcia</strong></span> <span class='ocrx_word' id='word_1_610' title='bbox 3057 2763 3200 2816; x_wconf 87' lang='lat' dir='ltr'><strong>nacti</strong></span> <span class='ocrx_word' id='word_1_611' title='bbox 3233 2769 3379 2818; x_wconf 88' lang='lat' dir='ltr'><strong>sunt.</strong></span> 
     </span>
    </p>
   </div>
   <div class='ocr_carea' id='block_1_82' title="bbox 1813 2842 3384 2922">
    <p class='ocr_par' dir='ltr' id='par_1_82' title="bbox 1813 2842 3384 2922">
     <span class='ocr_line' id='line_1_82' title="bbox 1813 2842 3384 2922; baseline 0.006 -25"><span class='ocrx_word' id='word_1_612' title='bbox 1813 2842 2073 2899; x_wconf 83' lang='lat' dir='ltr'><strong>Hortatur</strong></span> <span class='ocrx_word' id='word_1_613' title='bbox 2106 2848 2287 2917; x_wconf 88' lang='lat' dir='ltr'><strong>itaque</strong></span> <span class='ocrx_word' id='word_1_614' title='bbox 2310 2865 2490 2904; x_wconf 85' lang='lat' dir='ltr'><strong>sermo</strong></span> <span class='ocrx_word' id='word_1_615' title='bbox 2523 2850 2589 2904; x_wconf 91' lang='lat' dir='ltr'><strong>ad</strong></span> <span class='ocrx_word' id='word_1_616' title='bbox 2625 2851 2854 2922; x_wconf 87' lang='lat' dir='ltr'><strong>hymnos</strong></span> <span class='ocrx_word' id='word_1_617' title='bbox 2883 2853 3180 2922; x_wconf 83' lang='lat' dir='ltr'><strong>gratiarum</strong></span> <span class='ocrx_word' id='word_1_618' title='bbox 3213 2854 3384 2907; x_wconf 60' lang='lat' dir='ltr'><strong>actio.</strong></span> 
     </span>
    </p>
   </div>
   <div class='ocr_carea' id='block_1_83' title="bbox 1814 2938 3386 3003">
    <p class='ocr_par' dir='ltr' id='par_1_83' title="bbox 1814 2938 3386 3003">
     <span class='ocr_line' id='line_1_83' title="bbox 1814 2938 3386 3003; baseline 0.006 -11"><span class='ocrx_word' id='word_1_619' title='bbox 1814 2939 1898 2993; x_wconf 90' lang='lat' dir='ltr'><strong>nis</strong></span> <span class='ocrx_word' id='word_1_620' title='bbox 1921 2938 2245 3003; x_wconf 83' lang='lat' dir='ltr'><strong>ell&#39;erendos,</strong></span> <span class='ocrx_word' id='word_1_621' title='bbox 2271 2951 2325 2996; x_wconf 91' lang='lat' dir='ltr'><strong>et</strong></span> <span class='ocrx_word' id='word_1_622' title='bbox 2347 2943 2413 2996; x_wconf 91' lang='lat' dir='ltr'><strong>ad</strong></span> <span class='ocrx_word' id='word_1_623' title='bbox 2437 2942 2620 2996; x_wconf 88' lang='lat' dir='ltr'><strong>divina</strong></span> <span class='ocrx_word' id='word_1_624' title='bbox 2646 2945 2903 2999; x_wconf 81' lang='lat' dir='ltr'><strong>beneﬁcia</strong></span> <span class='ocrx_word' id='word_1_625' title='bbox 2937 2947 3227 3001; x_wconf 88' lang='lat' dir='ltr'><strong>narranda.</strong></span> <span class='ocrx_word' id='word_1_626' title='bbox 3248 2945 3386 3001; x_wconf 86' lang='lat' dir='ltr'><strong>Nam</strong></span> 
     </span>
    </p>
   </div>
   <div class='ocr_carea' id='block_1_84' title="bbox 1814 3027 3386 3102">
    <p class='ocr_par' dir='ltr' id='par_1_84' title="bbox 1814 3027 3386 3102">
     <span class='ocr_line' id='line_1_84' title="bbox 1814 3027 3386 3102; baseline 0.005 -21"><span class='ocrx_word' id='word_1_627' title='bbox 1814 3027 1968 3090; x_wconf 88' lang='lat' dir='ltr'><strong>illud,</strong></span> <span class='ocrx_word' id='word_1_628' title='bbox 1997 3030 2252 3094; x_wconf 78' lang='lat' dir='ltr'><strong>invocale,</strong></span> <span class='ocrx_word' id='word_1_629' title='bbox 2284 3029 2667 3102; x_wconf 88' lang='lat' dir='ltr'><strong>Symmachus,</strong></span> <span class='ocrx_word' id='word_1_630' title='bbox 2700 3034 2984 3101; x_wconf 76' lang='lat' dir='ltr'><strong>prwdicale</strong></span> <span class='ocrx_word' id='word_1_631' title='bbox 3017 3035 3177 3088; x_wconf 79' lang='lat' dir='ltr'><strong>vertit</strong></span> <span class='ocrx_word' id='word_1_632' title='bbox 3203 3054 3216 3088; x_wconf 92' lang='lat'><strong>:</strong></span> <span class='ocrx_word' id='word_1_633' title='bbox 3245 3034 3386 3089; x_wconf 89' lang='lat' dir='ltr'><strong>alius</strong></span> 
     </span>
    </p>
   </div>
   <div class='ocr_carea' id='block_1_85' title="bbox 1815 3122 3383 3195">
    <p class='ocr_par' dir='ltr' id='par_1_85' title="bbox 1815 3122 3383 3195">
     <span class='ocr_line' id='line_1_85' title="bbox 1815 3122 3383 3195; baseline 0.004 -22"><span class='ocrx_word' id='word_1_634' title='bbox 1815 3131 1990 3176; x_wconf 88' lang='lat' dir='ltr'><strong>autem</strong></span> <span class='ocrx_word' id='word_1_635' title='bbox 2030 3122 2298 3191; x_wconf 80' lang='lat' dir='ltr'><strong>interpres</strong></span> <span class='ocrx_word' id='word_1_636' title='bbox 2349 3125 2443 3185; x_wconf 92' lang='lat' dir='ltr'><strong>ait,</strong></span> <span class='ocrx_word' id='word_1_637' title='bbox 2497 3123 2562 3183; x_wconf 81' lang='lat' dir='ltr'><strong>Et</strong></span> <span class='ocrx_word' id='word_1_638' title='bbox 2609 3123 2840 3178; x_wconf 79' lang='lat' dir='ltr'><strong>invocate</strong></span> <span class='ocrx_word' id='word_1_639' title='bbox 2887 3126 2940 3179; x_wconf 82' lang='lat' dir='ltr'><strong>in</strong></span> <span class='ocrx_word' id='word_1_640' title='bbox 2982 3127 3191 3181; x_wconf 85' lang='lat' dir='ltr'><strong>nomine</strong></span> <span class='ocrx_word' id='word_1_641' title='bbox 3233 3126 3383 3195; x_wconf 84' lang='lat' dir='ltr'><strong>ejus;</strong></span> 
     </span>
    </p>
   </div>
   <div class='ocr_carea' id='block_1_86' title="bbox 1815 3216 3386 3286">
    <p class='ocr_par' dir='ltr' id='par_1_86' title="bbox 1815 3216 3386 3286">
     <span class='ocr_line' id='line_1_86' title="bbox 1815 3216 3386 3286; baseline 0.004 -20"><span class='ocrx_word' id='word_1_642' title='bbox 1815 3228 2068 3284; x_wconf 83' lang='lat' dir='ltr'><strong>magnum</strong></span> <span class='ocrx_word' id='word_1_643' title='bbox 2103 3216 2378 3286; x_wconf 88' lang='lat' dir='ltr'><strong>quidpiam</strong></span> <span class='ocrx_word' id='word_1_644' title='bbox 2431 3216 2810 3272; x_wconf 85' lang='lat' dir='ltr'><strong>subindicans.</strong></span> <span class='ocrx_word' id='word_1_645' title='bbox 2851 3219 2916 3270; x_wconf 87' lang='lat' dir='ltr'><strong>At</strong></span> <span class='ocrx_word' id='word_1_646' title='bbox 2955 3220 3099 3274; x_wconf 91' lang='lat' dir='ltr'><strong>enim</strong></span> <span class='ocrx_word' id='word_1_647' title='bbox 3149 3221 3195 3275; x_wconf 93' lang='lat' dir='ltr'><strong>si</strong></span> <span class='ocrx_word' id='word_1_648' title='bbox 3253 3235 3386 3274; x_wconf 89' lang='lat' dir='ltr'><strong>con-</strong></span> 
     </span>
    </p>
   </div>
   <div class='ocr_carea' id='block_1_87' title="bbox 1817 3305 3386 3382">
    <p class='ocr_par' dir='ltr' id='par_1_87' title="bbox 1817 3305 3386 3382">
     <span class='ocr_line' id='line_1_87' title="bbox 1817 3305 3386 3382; baseline 0.006 -23"><span class='ocrx_word' id='word_1_649' title='bbox 1817 3305 1996 3363; x_wconf 83' lang='lat' dir='ltr'><strong>fessus</strong></span> <span class='ocrx_word' id='word_1_650' title='bbox 2030 3306 2230 3371; x_wconf 83' lang='lat' dir='ltr'><strong>fueris,</strong></span> <span class='ocrx_word' id='word_1_651' title='bbox 2289 3309 2400 3374; x_wconf 84' lang='lat' dir='ltr'><strong>ait,</strong></span> <span class='ocrx_word' id='word_1_652' title='bbox 2443 3315 2498 3372; x_wconf 83' lang='lat' dir='ltr'><strong>et</strong></span> <span class='ocrx_word' id='word_1_653' title='bbox 2533 3320 2754 3378; x_wconf 89' lang='lat' dir='ltr'><strong>peccata</strong></span> <span class='ocrx_word' id='word_1_654' title='bbox 2784 3310 3137 3382; x_wconf 89' lang='lat' dir='ltr'><strong>deposueris,</strong></span> <span class='ocrx_word' id='word_1_655' title='bbox 3183 3327 3386 3368; x_wconf 89' lang='lat' dir='ltr'><strong>nomen</strong></span> 
     </span>
    </p>
   </div>
   <div class='ocr_carea' id='block_1_88' title="bbox 1811 3398 3386 3473">
    <p class='ocr_par' dir='ltr' id='par_1_88' title="bbox 1811 3398 3386 3473">
     <span class='ocr_line' id='line_1_88' title="bbox 1811 3398 3386 3473; baseline 0.003 -20"><span class='ocrx_word' id='word_1_656' title='bbox 1811 3398 1929 3468; x_wconf 90' lang='lat' dir='ltr'><strong>ejus</strong></span> <span class='ocrx_word' id='word_1_657' title='bbox 1987 3414 2110 3454; x_wconf 91' lang='lat' dir='ltr'><strong>cum</strong></span> <span class='ocrx_word' id='word_1_658' title='bbox 2172 3399 2370 3455; x_wconf 88' lang='lat' dir='ltr'><strong>ﬁducia</strong></span> <span class='ocrx_word' id='word_1_659' title='bbox 2415 3399 2721 3455; x_wconf 76' lang='lat' dir='ltr'><strong>invocanda</strong></span> <span class='ocrx_word' id='word_1_660' title='bbox 2763 3417 2960 3473; x_wconf 80' lang='lat' dir='ltr'><strong>magna</strong></span> <span class='ocrx_word' id='word_1_661' title='bbox 3011 3403 3173 3459; x_wconf 92' lang='lat' dir='ltr'><strong>edere</strong></span> <span class='ocrx_word' id='word_1_662' title='bbox 3221 3418 3386 3473; x_wconf 89' lang='lat' dir='ltr'><strong>opera</strong></span> 
     </span>
    </p>
   </div>
   <div class='ocr_carea' id='block_1_89' title="bbox 1811 3490 3384 3565">
    <p class='ocr_par' dir='ltr' id='par_1_89' title="bbox 1811 3490 3384 3565">
     <span class='ocr_line' id='line_1_89' title="bbox 1811 3490 3384 3565; baseline 0.004 -21"><span class='ocrx_word' id='word_1_663' title='bbox 1811 3490 2039 3545; x_wconf 85' lang='lat' dir='ltr'><strong>valebis.</strong></span> <span class='ocrx_word' id='word_1_664' title='bbox 2077 3490 2262 3560; x_wconf 84' lang='lat' dir='ltr'><strong>Neque</strong></span> <span class='ocrx_word' id='word_1_665' title='bbox 2293 3491 2411 3547; x_wconf 90' lang='lat' dir='ltr'><strong>sine</strong></span> <span class='ocrx_word' id='word_1_666' title='bbox 2442 3506 2605 3547; x_wconf 84' lang='lat' dir='ltr'><strong>causa</strong></span> <span class='ocrx_word' id='word_1_667' title='bbox 2653 3495 2829 3562; x_wconf 89' lang='lat' dir='ltr'><strong>primo</strong></span> <span class='ocrx_word' id='word_1_668' title='bbox 2875 3495 3158 3562; x_wconf 87' lang='lat' dir='ltr'><strong>conﬁteri,</strong></span> <span class='ocrx_word' id='word_1_669' title='bbox 3197 3503 3384 3565; x_wconf 89' lang='lat' dir='ltr'><strong>postea</strong></span> 
     </span>
    </p>
   </div>
   <div class='ocr_carea' id='block_1_90' title="bbox 1813 3581 3381 3657">
    <p class='ocr_par' dir='ltr' id='par_1_90' title="bbox 1813 3581 3381 3657">
     <span class='ocr_line' id='line_1_90' title="bbox 1813 3581 3381 3657; baseline 0.003 -23"><span class='ocrx_word' id='word_1_670' title='bbox 1813 3583 2070 3638; x_wconf 82' lang='lat' dir='ltr'><strong>invocare</strong></span> <span class='ocrx_word' id='word_1_671' title='bbox 2097 3591 2349 3652; x_wconf 84' lang='lat' dir='ltr'><strong>exoptat;</strong></span> <span class='ocrx_word' id='word_1_672' title='bbox 2376 3581 2472 3638; x_wconf 89' lang='lat' dir='ltr'><strong>sed</strong></span> <span class='ocrx_word' id='word_1_673' title='bbox 2505 3594 2562 3638; x_wconf 89' lang='lat' dir='ltr'><strong>ut</strong></span> <span class='ocrx_word' id='word_1_674' title='bbox 2591 3601 2688 3654; x_wconf 85' lang='lat' dir='ltr'><strong>per</strong></span> <span class='ocrx_word' id='word_1_675' title='bbox 2711 3585 3111 3640; x_wconf 82' lang='lat' dir='ltr'><strong>confessionem</strong></span> <span class='ocrx_word' id='word_1_676' title='bbox 3143 3587 3381 3657; x_wconf 82' lang='lat' dir='ltr'><strong>purgati,</strong></span> 
     </span>
    </p>
   </div>
   <div class='ocr_carea' id='block_1_91' title="bbox 1812 3675 3064 3744">
    <p class='ocr_par' dir='ltr' id='par_1_91' title="bbox 1812 3675 3064 3744">
     <span class='ocr_line' id='line_1_91' title="bbox 1812 3675 3064 3744; baseline 0.004 -17"><span class='ocrx_word' id='word_1_677' title='bbox 1812 3689 1876 3728; x_wconf 86' lang='lat' dir='ltr'><strong>ex</strong></span> <span class='ocrx_word' id='word_1_678' title='bbox 1909 3689 2044 3741; x_wconf 90' lang='lat' dir='ltr'><strong>puro</strong></span> <span class='ocrx_word' id='word_1_679' title='bbox 2078 3675 2442 3730; x_wconf 87' lang='lat' dir='ltr'><strong>instrumento</strong></span> <span class='ocrx_word' id='word_1_680' title='bbox 2470 3677 2731 3744; x_wconf 82' lang='lat' dir='ltr'><strong>hymnum</strong></span> <span class='ocrx_word' id='word_1_681' title='bbox 2753 3677 3064 3732; x_wconf 81' lang='lat' dir='ltr'><strong>oﬁ‘eramus.</strong></span> 
     </span>
    </p>
   </div>
   <div class='ocr_carea' id='block_1_92' title="bbox 1739 3767 2216 3839">
    <p class='ocr_par' dir='ltr' id='par_1_92' title="bbox 1739 3767 2216 3839">
     <span class='ocr_line' id='line_1_92' title="bbox 1739 3767 2216 3839; baseline -0.006 -18"><span class='ocrx_word' id='word_1_682' title='bbox 1739 3767 2216 3839; x_wconf 85' lang='grc' dir='ltr'>προσενέγκωμεν.</span> 
     </span>
    </p>
   </div>
   <div class='ocr_carea' id='block_1_93' title="bbox 1880 3903 3382 3975">
    <p class='ocr_par' dir='ltr' id='par_1_93' title="bbox 1880 3903 3382 3975">
     <span class='ocr_line' id='line_1_93' title="bbox 1880 3903 3382 3975; baseline 0.001 -17"><span class='ocrx_word' id='word_1_683' title='bbox 1880 3903 2205 3961; x_wconf 78' lang='grc' dir='ltr'>Αηηιιηείαεε</span> <span class='ocrx_word' id='word_1_684' title='bbox 2252 3907 2389 3960; x_wconf 80' lang='lat' dir='ltr'><strong>inter</strong></span> <span class='ocrx_word' id='word_1_685' title='bbox 2432 3914 2606 3975; x_wconf 75' lang='lat' dir='ltr'><strong>gentes</strong></span> <span class='ocrx_word' id='word_1_686' title='bbox 2655 3920 2812 3973; x_wconf 82' lang='lat' dir='ltr'><strong>opera</strong></span> <span class='ocrx_word' id='word_1_687' title='bbox 2868 3905 3003 3974; x_wconf 57' lang='lat' dir='ltr'><strong>ejgts.</strong></span> <span class='ocrx_word' id='word_1_688' title='bbox 3064 3904 3188 3960; x_wconf 64' lang='lat' dir='ltr'><strong>Haec</strong></span> <span class='ocrx_word' id='word_1_689' title='bbox 3239 3906 3382 3971; x_wconf 82' lang='lat' dir='ltr'><strong>laus,</strong></span> 
     </span>
    </p>
   </div>
   <div class='ocr_carea' id='block_1_94' title="bbox 1811 3997 3386 4066">
    <p class='ocr_par' dir='ltr' id='par_1_94' title="bbox 1811 3997 3386 4066">
     <span class='ocr_line' id='line_1_94' title="bbox 1811 3997 3386 4066; baseline 0.003 -18"><span class='ocrx_word' id='word_1_690' title='bbox 1811 4012 1971 4066; x_wconf 88' lang='lat' dir='ltr'><strong>quam</strong></span> <span class='ocrx_word' id='word_1_691' title='bbox 2021 4005 2359 4062; x_wconf 89' lang='lat' dir='ltr'><strong>tractamus,</strong></span> <span class='ocrx_word' id='word_1_692' title='bbox 2409 3998 2692 4052; x_wconf 90' lang='lat' dir='ltr'><strong>historiam</strong></span> <span class='ocrx_word' id='word_1_693' title='bbox 2742 3997 3069 4066; x_wconf 89' lang='lat' dir='ltr'><strong>compendio</strong></span> <span class='ocrx_word' id='word_1_694' title='bbox 3115 4007 3302 4052; x_wconf 85' lang='lat' dir='ltr'><strong>narrat</strong></span> <span class='ocrx_word' id='word_1_695' title='bbox 3351 4013 3386 4053; x_wconf 86' lang='lat' dir='ltr'><strong>a</strong></span> 
     </span>
    </p>
   </div>
   <div class='ocr_carea' id='block_1_95' title="bbox 1811 4087 3383 4157">
    <p class='ocr_par' dir='ltr' id='par_1_95' title="bbox 1811 4087 3383 4157">
     <span class='ocr_line' id='line_1_95' title="bbox 1811 4087 3383 4157; baseline 0.002 -14"><span class='ocrx_word' id='word_1_696' title='bbox 1811 4095 2054 4157; x_wconf 81' lang='lat' dir='ltr'><strong>tempore</strong></span> <span class='ocrx_word' id='word_1_697' title='bbox 2110 4087 2408 4142; x_wconf 87' lang='lat' dir='ltr'><strong>Abrahami</strong></span> <span class='ocrx_word' id='word_1_698' title='bbox 2455 4089 2524 4146; x_wconf 87' lang='lat' dir='ltr'><strong>ad</strong></span> <span class='ocrx_word' id='word_1_699' title='bbox 2569 4089 2774 4145; x_wconf 84' lang='lat' dir='ltr'><strong>exitum</strong></span> <span class='ocrx_word' id='word_1_700' title='bbox 2809 4089 3046 4151; x_wconf 84' lang='lat' dir='ltr'><strong>ﬁliorum</strong></span> <span class='ocrx_word' id='word_1_701' title='bbox 3094 4091 3263 4145; x_wconf 89' lang='lat' dir='ltr'><strong>lsrael</strong></span> <span class='ocrx_word' id='word_1_702' title='bbox 3314 4105 3383 4146; x_wconf 82' lang='lat' dir='ltr'><strong>ex</strong></span> 
     </span>
    </p>
   </div>
   <div class='ocr_carea' id='block_1_96' title="bbox 1809 4178 3384 4252">
    <p class='ocr_par' dir='ltr' id='par_1_96' title="bbox 1809 4178 3384 4252">
     <span class='ocr_line' id='line_1_96' title="bbox 1809 4178 3384 4252; baseline 0.004 -19"><span class='ocrx_word' id='word_1_703' title='bbox 1809 4178 2072 4250; x_wconf 67' lang='lat' dir='ltr'><strong>Aﬂgypto;</strong></span> <span class='ocrx_word' id='word_1_704' title='bbox 2103 4194 2266 4250; x_wconf 90' lang='lat' dir='ltr'><strong>quam</strong></span> <span class='ocrx_word' id='word_1_705' title='bbox 2299 4180 2552 4250; x_wconf 85' lang='lat' dir='ltr'><strong>gentibus</strong></span> <span class='ocrx_word' id='word_1_706' title='bbox 2595 4181 2923 4237; x_wconf 89' lang='lat' dir='ltr'><strong>annuntiare</strong></span> <span class='ocrx_word' id='word_1_707' title='bbox 2959 4183 3114 4250; x_wconf 89' lang='lat' dir='ltr'><strong>jubet</strong></span> <span class='ocrx_word' id='word_1_708' title='bbox 3145 4181 3384 4252; x_wconf 83' lang='lat' dir='ltr'><strong>Spiritus</strong></span> 
     </span>
    </p>
   </div>
   <div class='ocr_carea' id='block_1_97' title="bbox 1812 4270 3380 4340">
    <p class='ocr_par' dir='ltr' id='par_1_97' title="bbox 1812 4270 3380 4340">
     <span class='ocr_line' id='line_1_97' title="bbox 1812 4270 3380 4340; baseline 0.001 -14"><span class='ocrx_word' id='word_1_709' title='bbox 1812 4270 2065 4337; x_wconf 87' lang='lat' dir='ltr'><strong>divinus;</strong></span> <span class='ocrx_word' id='word_1_710' title='bbox 2095 4273 2169 4326; x_wconf 84' lang='lat' dir='ltr'><strong>ita</strong></span> <span class='ocrx_word' id='word_1_711' title='bbox 2208 4280 2265 4326; x_wconf 90' lang='lat' dir='ltr'><strong>ut</strong></span> <span class='ocrx_word' id='word_1_712' title='bbox 2300 4272 2384 4328; x_wconf 90' lang='lat' dir='ltr'><strong>his</strong></span> <span class='ocrx_word' id='word_1_713' title='bbox 2421 4272 2660 4328; x_wconf 87' lang='lat' dir='ltr'><strong>declaret</strong></span> <span class='ocrx_word' id='word_1_714' title='bbox 2704 4289 2814 4328; x_wconf 89' lang='lat' dir='ltr'><strong>non</strong></span> <span class='ocrx_word' id='word_1_715' title='bbox 2848 4273 3160 4330; x_wconf 71' lang='lat' dir='ltr'><strong>Judazorum</strong></span> <span class='ocrx_word' id='word_1_716' title='bbox 3193 4273 3380 4340; x_wconf 90' lang='lat' dir='ltr'><strong>modo,</strong></span> 
     </span>
    </p>
   </div>
   <div class='ocr_carea' id='block_1_98' title="bbox 1812 4369 3384 4441">
    <p class='ocr_par' dir='ltr' id='par_1_98' title="bbox 1812 4369 3384 4441">
     <span class='ocr_line' id='line_1_98' title="bbox 1812 4369 3384 4441; baseline -0.003 -15"><span class='ocrx_word' id='word_1_717' title='bbox 1812 4370 1909 4426; x_wconf 90' lang='lat' dir='ltr'><strong>sed</strong></span> <span class='ocrx_word' id='word_1_718' title='bbox 1934 4371 2098 4426; x_wconf 88' lang='lat' dir='ltr'><strong>etiam</strong></span> <span class='ocrx_word' id='word_1_719' title='bbox 2133 4372 2371 4441; x_wconf 90' lang='lat' dir='ltr'><strong>gentium</strong></span> <span class='ocrx_word' id='word_1_720' title='bbox 2407 4371 2696 4428; x_wconf 87' lang='lat' dir='ltr'><strong>utilitatem</strong></span> <span class='ocrx_word' id='word_1_721' title='bbox 2731 4372 2914 4426; x_wconf 88' lang='lat' dir='ltr'><strong>curari</strong></span> <span class='ocrx_word' id='word_1_722' title='bbox 2943 4390 2954 4426; x_wconf 90' lang='lat'>:</span> <span class='ocrx_word' id='word_1_723' title='bbox 2989 4370 3194 4439; x_wconf 86' lang='lat' dir='ltr'><strong>Spiritu</strong></span> <span class='ocrx_word' id='word_1_724' title='bbox 3231 4369 3384 4425; x_wconf 91' lang='lat' dir='ltr'><strong>scili-</strong></span> 
     </span>
    </p>
   </div>
   <div class='ocr_carea' id='block_1_99' title="bbox 1809 4462 3383 4534">
    <p class='ocr_par' dir='ltr' id='par_1_99' title="bbox 1809 4462 3383 4534">
     <span class='ocr_line' id='line_1_99' title="bbox 1809 4462 3383 4534; baseline -0.001 -16"><span class='ocrx_word' id='word_1_725' title='bbox 1809 4470 1898 4518; x_wconf 88' lang='lat' dir='ltr'><strong>cet</strong></span> <span class='ocrx_word' id='word_1_726' title='bbox 1955 4478 2234 4533; x_wconf 73' lang='lat' dir='ltr'><strong>praecones</strong></span> <span class='ocrx_word' id='word_1_727' title='bbox 2285 4464 2528 4534; x_wconf 88' lang='lat' dir='ltr'><strong>gentium</strong></span> <span class='ocrx_word' id='word_1_728' title='bbox 2579 4464 2854 4520; x_wconf 82' lang='lat' dir='ltr'><strong>excitante</strong></span> <span class='ocrx_word' id='word_1_729' title='bbox 2906 4464 2973 4518; x_wconf 91' lang='lat' dir='ltr'><strong>ad</strong></span> <span class='ocrx_word' id='word_1_730' title='bbox 3025 4462 3383 4534; x_wconf 69' lang='lat' dir='ltr'><strong>quaerendum</strong></span> 
     </span>
    </p>
   </div>
   <div class='ocr_carea' id='block_1_100' title="bbox 1810 4541 3383 4628">
    <p class='ocr_par' dir='ltr' id='par_1_100' title="bbox 1810 4541 3383 4628">
     <span class='ocr_line' id='line_1_100' title="bbox 1810 4541 3383 4628; baseline -0.001 -19"><span class='ocrx_word' id='word_1_731' title='bbox 1810 4541 2098 4610; x_wconf 81' lang='lat' dir='ltr'><strong>Dominum</strong></span> <span class='ocrx_word' id='word_1_732' title='bbox 2144 4564 2199 4611; x_wconf 88' lang='lat' dir='ltr'><strong>et</strong></span> <span class='ocrx_word' id='word_1_733' title='bbox 2223 4559 2290 4611; x_wconf 88' lang='lat' dir='ltr'><strong>ad</strong></span> <span class='ocrx_word' id='word_1_734' title='bbox 2319 4555 2662 4628; x_wconf 64' lang='lat' dir='ltr'><strong>praedicanda</strong></span> <span class='ocrx_word' id='word_1_735' title='bbox 2695 4557 2816 4628; x_wconf 87' lang='lat' dir='ltr'><strong>ejus</strong></span> <span class='ocrx_word' id='word_1_736' title='bbox 2843 4570 3027 4626; x_wconf 81' lang='lat' dir='ltr'><strong>Opera.</strong></span> <span class='ocrx_word' id='word_1_737' title='bbox 3059 4553 3224 4625; x_wconf 77' lang='lat' dir='ltr'><strong>quue</strong></span> <span class='ocrx_word' id='word_1_738' title='bbox 3256 4570 3383 4609; x_wconf 90' lang='lat' dir='ltr'><strong>cum</strong></span> 
     </span>
    </p>
   </div>
   <div class='ocr_carea' id='block_1_101' title="bbox 1811 4645 3396 4720">
    <p class='ocr_par' dir='ltr' id='par_1_101' title="bbox 1811 4645 3396 4720">
     <span class='ocr_line' id='line_1_101' title="bbox 1811 4645 3396 4720; baseline -0.001 -18"><span class='ocrx_word' id='word_1_739' title='bbox 1811 4647 2028 4720; x_wconf 82' lang='lat' dir='ltr'><strong>hymnis</strong></span> <span class='ocrx_word' id='word_1_740' title='bbox 2058 4648 2327 4718; x_wconf 81' lang='lat' dir='ltr'><strong>agendum</strong></span> <span class='ocrx_word' id='word_1_741' title='bbox 2376 4649 2572 4713; x_wconf 87' lang='lat' dir='ltr'><strong>docet,</strong></span> <span class='ocrx_word' id='word_1_742' title='bbox 2627 4650 2704 4703; x_wconf 87' lang='lat' dir='ltr'><strong>ait</strong></span> <span class='ocrx_word' id='word_1_743' title='bbox 2751 4649 2894 4704; x_wconf 89' lang='lat' dir='ltr'><strong>enim</strong></span> <span class='ocrx_word' id='word_1_744' title='bbox 2929 4667 2944 4703; x_wconf 88' lang='lat'><strong>:</strong></span> <span class='ocrx_word' id='word_1_745' title='bbox 2999 4645 3224 4702; x_wconf 85' lang='lat' dir='ltr'><strong>Cantale</strong></span> <span class='ocrx_word' id='word_1_746' title='bbox 3253 4647 3300 4700; x_wconf 80' lang='lat' dir='ltr'><strong>ei</strong></span> <span class='ocrx_word' id='word_1_747' title='bbox 3330 4654 3396 4700; x_wconf 81' lang='lat' dir='ltr'><strong>et-</strong></span> 
     </span>
    </p>
   </div>
   <div class='ocr_carea' id='block_1_102' title="bbox 1810 4738 3412 4811">
    <p class='ocr_par' dir='ltr' id='par_1_102' title="bbox 1810 4738 3412 4811">
     <span class='ocr_line' id='line_1_102' title="bbox 1810 4738 3412 4811; baseline 0 -17"><span class='ocrx_word' id='word_1_748' title='bbox 1810 4741 2022 4809; x_wconf 74' lang='lat' dir='ltr'><strong>psallite</strong></span> <span class='ocrx_word' id='word_1_749' title='bbox 2049 4741 2118 4805; x_wconf 80' lang='lat' dir='ltr'><strong>ei,</strong></span> <span class='ocrx_word' id='word_1_750' title='bbox 2156 4749 2374 4796; x_wconf 79' lang='lat' dir='ltr'><strong>narrate</strong></span> <span class='ocrx_word' id='word_1_751' title='bbox 2399 4744 2578 4802; x_wconf 71' lang='lat' dir='ltr'><strong>omnia</strong></span> <span class='ocrx_word' id='word_1_752' title='bbox 2626 4741 2897 4798; x_wconf 79' lang='lat' dir='ltr'><strong>mirabilia</strong></span> <span class='ocrx_word' id='word_1_753' title='bbox 2924 4740 3059 4810; x_wconf 76' lang='lat' dir='ltr'><strong>ejus.</strong></span> <span class='ocrx_word' id='word_1_754' title='bbox 3092 4738 3219 4794; x_wconf 80' lang='lat' dir='ltr'><strong>Vult</strong></span> <span class='ocrx_word' id='word_1_755' title='bbox 3251 4750 3412 4811; x_wconf 76' lang='lat' dir='ltr'><strong>gen-‘</strong></span> 
     </span>
    </p>
   </div>
   <div class='ocr_carea' id='block_1_103' title="bbox 1810 4831 3378 4904">
    <p class='ocr_par' dir='ltr' id='par_1_103' title="bbox 1810 4831 3378 4904">
     <span class='ocr_line' id='line_1_103' title="bbox 1810 4831 3378 4904; baseline 0 -18"><span class='ocrx_word' id='word_1_756' title='bbox 1810 4832 1992 4898; x_wconf 88' lang='lat' dir='ltr'><strong>tibus,</strong></span> <span class='ocrx_word' id='word_1_757' title='bbox 2048 4841 2236 4903; x_wconf 88' lang='lat' dir='ltr'><strong>utpote</strong></span> <span class='ocrx_word' id='word_1_758' title='bbox 2283 4833 2664 4904; x_wconf 84' lang='lat' dir='ltr'><strong>ignorantibus</strong></span> <span class='ocrx_word' id='word_1_759' title='bbox 2711 4849 2777 4886; x_wconf 90' lang='lat' dir='ltr'><strong>ac</strong></span> <span class='ocrx_word' id='word_1_760' title='bbox 2829 4832 3072 4894; x_wconf 84' lang='lat' dir='ltr'><strong>nondum</strong></span> <span class='ocrx_word' id='word_1_761' title='bbox 3124 4831 3378 4898; x_wconf 85' lang='lat' dir='ltr'><strong>edoctis,</strong></span> 
     </span>
    </p>
   </div>
   <div class='ocr_carea' id='block_1_104' title="bbox 1811 4925 3380 4995">
    <p class='ocr_par' dir='ltr' id='par_1_104' title="bbox 1811 4925 3380 4995">
     <span class='ocr_line' id='line_1_104' title="bbox 1811 4925 3380 4995; baseline 0 -17"><span class='ocrx_word' id='word_1_762' title='bbox 1811 4925 2124 4985; x_wconf 80' lang='lat' dir='ltr'><strong>annuntiari</strong></span> <span class='ocrx_word' id='word_1_763' title='bbox 2154 4933 2356 4995; x_wconf 86' lang='lat' dir='ltr'><strong>quanta</strong></span> <span class='ocrx_word' id='word_1_764' title='bbox 2410 4927 2539 4984; x_wconf 83' lang='lat' dir='ltr'><strong>olim</strong></span> <span class='ocrx_word' id='word_1_765' title='bbox 2586 4926 2852 4981; x_wconf 86' lang='lat' dir='ltr'><strong>beneﬁcia</strong></span> <span class='ocrx_word' id='word_1_766' title='bbox 2895 4926 3035 4980; x_wconf 89' lang='lat' dir='ltr'><strong>Deus</strong></span> <span class='ocrx_word' id='word_1_767' title='bbox 3067 4925 3249 4995; x_wconf 81' lang='lat' dir='ltr'><strong>prisco</strong></span> <span class='ocrx_word' id='word_1_768' title='bbox 3278 4939 3380 4994; x_wconf 84' lang='lat' dir='ltr'><strong>po-</strong></span> 
     </span>
    </p>
   </div>
   <div class='ocr_carea' id='block_1_105' title="bbox 1809 5015 3397 5089">
    <p class='ocr_par' dir='ltr' id='par_1_105' title="bbox 1809 5015 3397 5089">
     <span class='ocr_line' id='line_1_105' title="bbox 1809 5015 3397 5089; baseline 0.001 -17"><span class='ocrx_word' id='word_1_769' title='bbox 1809 5019 1938 5089; x_wconf 89' lang='lat' dir='ltr'><strong>pulo</strong></span> <span class='ocrx_word' id='word_1_770' title='bbox 1985 5019 2343 5088; x_wconf 88' lang='lat' dir='ltr'><strong>impertierit;</strong></span> <span class='ocrx_word' id='word_1_771' title='bbox 2387 5033 2452 5072; x_wconf 90' lang='lat' dir='ltr'><strong>ac</strong></span> <span class='ocrx_word' id='word_1_772' title='bbox 2503 5020 2778 5088; x_wconf 86' lang='lat' dir='ltr'><strong>quomodo</strong></span> <span class='ocrx_word' id='word_1_773' title='bbox 2809 5019 2887 5071; x_wconf 87' lang='lat' dir='ltr'><strong>illi</strong></span> <span class='ocrx_word' id='word_1_774' title='bbox 2933 5017 3142 5072; x_wconf 89' lang='lat' dir='ltr'><strong>inﬁnita</strong></span> <span class='ocrx_word' id='word_1_775' title='bbox 3186 5031 3216 5068; x_wconf 92' lang='lat' dir='ltr'><strong>a</strong></span> <span class='ocrx_word' id='word_1_776' title='bbox 3272 5015 3397 5074; x_wconf 51' lang='lat' dir='ltr'><strong>Deo,</strong></span> 
     </span>
    </p>
   </div>
   <div class='ocr_carea' id='block_1_106' title="bbox 1812 5110 3381 5180">
    <p class='ocr_par' dir='ltr' id='par_1_106' title="bbox 1812 5110 3381 5180">
     <span class='ocr_line' id='line_1_106' title="bbox 1812 5110 3381 5180; baseline -0.001 -16"><span class='ocrx_word' id='word_1_777' title='bbox 1812 5127 2034 5165; x_wconf 85' lang='lat' dir='ltr'><strong>munera</strong></span> <span class='ocrx_word' id='word_1_778' title='bbox 2061 5112 2361 5174; x_wconf 90' lang='lat' dir='ltr'><strong>consecuti,</strong></span> <span class='ocrx_word' id='word_1_779' title='bbox 2399 5111 2560 5180; x_wconf 88' lang='lat' dir='ltr'><strong>impie</strong></span> <span class='ocrx_word' id='word_1_780' title='bbox 2589 5111 2918 5180; x_wconf 86' lang='lat' dir='ltr'><strong>transgressi</strong></span> <span class='ocrx_word' id='word_1_781' title='bbox 2949 5110 3094 5175; x_wconf 87' lang='lat' dir='ltr'><strong>sint;</strong></span> <span class='ocrx_word' id='word_1_782' title='bbox 3121 5125 3227 5179; x_wconf 84' lang='lat' dir='ltr'><strong>qua</strong></span> <span class='ocrx_word' id='word_1_783' title='bbox 3251 5110 3381 5162; x_wconf 88' lang='lat' dir='ltr'><strong>item</strong></span> 
     </span>
    </p>
   </div>
   <div class='ocr_carea' id='block_1_107' title="bbox 1810 5199 3389 5271">
    <p class='ocr_par' dir='ltr' id='par_1_107' title="bbox 1810 5199 3389 5271">
     <span class='ocr_line' id='line_1_107' title="bbox 1810 5199 3389 5271; baseline -0.004 -15"><span class='ocrx_word' id='word_1_784' title='bbox 1810 5202 2021 5256; x_wconf 79' lang='lat' dir='ltr'><strong>ratione</strong></span> <span class='ocrx_word' id='word_1_785' title='bbox 2052 5204 2123 5257; x_wconf 92' lang='lat' dir='ltr'><strong>ob</strong></span> <span class='ocrx_word' id='word_1_786' title='bbox 2155 5202 2472 5271; x_wconf 87' lang='lat' dir='ltr'><strong>iniquitates</strong></span> <span class='ocrx_word' id='word_1_787' title='bbox 2504 5216 2632 5257; x_wconf 88' lang='lat' dir='ltr'><strong>suas</strong></span> <span class='ocrx_word' id='word_1_788' title='bbox 2659 5218 2690 5255; x_wconf 91' lang='lat' dir='ltr'><strong>a</strong></span> <span class='ocrx_word' id='word_1_789' title='bbox 2727 5201 2820 5255; x_wconf 88' lang='lat' dir='ltr'><strong>Dei</strong></span> <span class='ocrx_word' id='word_1_790' title='bbox 2863 5200 3202 5271; x_wconf 83' lang='lat' dir='ltr'><strong>providentia</strong></span> <span class='ocrx_word' id='word_1_791' title='bbox 3243 5199 3389 5267; x_wconf 68' lang='lat' dir='ltr'><strong>lapsi</strong></span> 
     </span>
    </p>
   </div>
   <div class='ocr_carea' id='block_1_108' title="bbox 1811 5288 3383 5359">
    <p class='ocr_par' dir='ltr' id='par_1_108' title="bbox 1811 5288 3383 5359">
     <span class='ocr_line' id='line_1_108' title="bbox 1811 5288 3383 5359; baseline -0.006 -11"><span class='ocrx_word' id='word_1_792' title='bbox 1811 5291 1939 5348; x_wconf 74' lang='lat' dir='ltr'><strong>sint.</strong></span> <span class='ocrx_word' id='word_1_793' title='bbox 1971 5290 2327 5350; x_wconf 74' lang='lat' dir='ltr'><strong>Jubet&#39;autem</strong></span> <span class='ocrx_word' id='word_1_794' title='bbox 2354 5307 2448 5346; x_wconf 90' lang='lat' dir='ltr'><strong>eos</strong></span> <span class='ocrx_word' id='word_1_795' title='bbox 2475 5298 2532 5346; x_wconf 80' lang='lat' dir='ltr'><strong>et</strong></span> <span class='ocrx_word' id='word_1_796' title='bbox 2550 5292 2879 5359; x_wconf 77' lang='lat' dir='ltr'><strong>interpretes</strong></span> <span class='ocrx_word' id='word_1_797' title='bbox 2901 5300 2954 5344; x_wconf 89' lang='lat' dir='ltr'><strong>et</strong></span> <span class='ocrx_word' id='word_1_798' title='bbox 2999 5288 3383 5358; x_wconf 82' lang='lat' dir='ltr'><strong>explanatores</strong></span> 
     </span>
    </p>
   </div>
   <div class='ocr_carea' id='block_1_109' title="bbox 1809 5379 3378 5449">
    <p class='ocr_par' dir='ltr' id='par_1_109' title="bbox 1809 5379 3378 5449">
     <span class='ocr_line' id='line_1_109' title="bbox 1809 5379 3378 5449; baseline -0.006 -12"><span class='ocrx_word' id='word_1_799' title='bbox 1809 5397 1932 5438; x_wconf 85' lang='lat' dir='ltr'><strong>esse</strong></span> <span class='ocrx_word' id='word_1_800' title='bbox 1952 5396 2280 5443; x_wconf 88' lang='lat' dir='ltr'><strong>arcanorum</strong></span> <span class='ocrx_word' id='word_1_801' title='bbox 2310 5395 2432 5449; x_wconf 81' lang='lat' dir='ltr'><strong>quae</strong></span> <span class='ocrx_word' id='word_1_802' title='bbox 2453 5379 2636 5436; x_wconf 86' lang='lat' dir='ltr'><strong>divina</strong></span> <span class='ocrx_word' id='word_1_803' title='bbox 2657 5379 2871 5449; x_wconf 90' lang='lat' dir='ltr'><strong>eloquia</strong></span> <span class='ocrx_word' id='word_1_804' title='bbox 2899 5379 3338 5447; x_wconf 82' lang='lat' dir='ltr'><strong>complectuntur</strong></span> <span class='ocrx_word' id='word_1_805' title='bbox 3361 5394 3378 5429; x_wconf 85' lang='lat'><strong>:</strong></span> 
     </span>
    </p>
   </div>
   <div class='ocr_carea' id='block_1_110' title="bbox 1808 5468 3386 5543">
    <p class='ocr_par' dir='ltr' id='par_1_110' title="bbox 1808 5468 3386 5543">
     <span class='ocr_line' id='line_1_110' title="bbox 1808 5468 3386 5543; baseline -0.005 -17"><span class='ocrx_word' id='word_1_806' title='bbox 1808 5489 1931 5543; x_wconf 71' lang='lat' dir='ltr'><strong>quae</strong></span> <span class='ocrx_word' id='word_1_807' title='bbox 1982 5489 2114 5528; x_wconf 90' lang='lat' dir='ltr'><strong>sane</strong></span> <span class='ocrx_word' id='word_1_808' title='bbox 2163 5471 2434 5526; x_wconf 88' lang='lat' dir='ltr'><strong>mirabilia</strong></span> <span class='ocrx_word' id='word_1_809' title='bbox 2465 5472 2585 5540; x_wconf 88' lang='lat' dir='ltr'><strong>ejus</strong></span> <span class='ocrx_word' id='word_1_810' title='bbox 2624 5471 2865 5525; x_wconf 79' lang='lat' dir='ltr'><strong>fuerint:</strong></span> <span class='ocrx_word' id='word_1_811' title='bbox 2903 5486 2968 5526; x_wconf 88' lang='lat' dir='ltr'><strong>ac</strong></span> <span class='ocrx_word' id='word_1_812' title='bbox 3003 5468 3280 5539; x_wconf 69' lang='lat' dir='ltr'><strong>praecipit,</strong></span> <span class='ocrx_word' id='word_1_813' title='bbox 3325 5475 3386 5532; x_wconf 66' lang='lat' dir='ltr'><strong>ut,</strong></span> 
     </span>
    </p>
   </div>
   <div class='ocr_carea' id='block_1_111' title="bbox 1811 5563 3396 5636">
    <p class='ocr_par' dir='ltr' id='par_1_111' title="bbox 1811 5563 3396 5636">
     <span class='ocr_line' id='line_1_111' title="bbox 1811 5563 3396 5636; baseline -0.004 -18"><span class='ocrx_word' id='word_1_814' title='bbox 1811 5565 2029 5636; x_wconf 83' lang='lat' dir='ltr'><strong>hymnis</strong></span> <span class='ocrx_word' id='word_1_815' title='bbox 2087 5564 2192 5634; x_wconf 88' lang='lat' dir='ltr'><strong>ipsi</strong></span> <span class='ocrx_word' id='word_1_816' title='bbox 2248 5563 2420 5618; x_wconf 84' lang='lat' dir='ltr'><strong>vicem</strong></span> <span class='ocrx_word' id='word_1_817' title='bbox 2468 5563 2803 5634; x_wconf 88' lang='lat' dir='ltr'><strong>rependant,</strong></span> <span class='ocrx_word' id='word_1_818' title='bbox 2834 5572 2888 5629; x_wconf 81' lang='lat' dir='ltr'><strong>et</strong></span> <span class='ocrx_word' id='word_1_819' title='bbox 2921 5563 3020 5619; x_wconf 89' lang='lat' dir='ltr'><strong>abs</strong></span> <span class='ocrx_word' id='word_1_820' title='bbox 3053 5576 3113 5618; x_wconf 86' lang='lat' dir='ltr'><strong>se</strong></span> <span class='ocrx_word' id='word_1_821' title='bbox 3168 5566 3396 5632; x_wconf 59' lang='lat' dir='ltr'><strong>patrata.</strong></span> 
     </span>
    </p>
   </div>
   <div class='ocr_carea' id='block_1_112' title="bbox 1813 5654 2804 5726">
    <p class='ocr_par' dir='ltr' id='par_1_112' title="bbox 1813 5654 2804 5726">
     <span class='ocr_line' id='line_1_112' title="bbox 1813 5654 2804 5726; baseline -0.002 -14"><span class='ocrx_word' id='word_1_822' title='bbox 1813 5656 2084 5714; x_wconf 89' lang='lat' dir='ltr'><strong>mirabilia</strong></span> <span class='ocrx_word' id='word_1_823' title='bbox 2116 5654 2498 5726; x_wconf 83' lang='lat' dir='ltr'><strong>ignorantibus</strong></span> <span class='ocrx_word' id='word_1_824' title='bbox 2531 5655 2804 5725; x_wconf 70' lang='lat' dir='ltr'><strong>aperient.</strong></span> 
     </span>
    </p>
   </div>
  </div>
