3868 6282
562 362 700 417 ιεοο

637 477 796 533 Vens.
830 479 864 533 5
913 479 966 532 4.
1014 479 1336 536 Laudamini
1387 483 1441 536 in
1497 485 1704 536 nomine
1749 491 1932 535 sancto
1965 481 2077 546 eius
2117 497 2135 534 :
2165 495 2212 550 Α

561 571 771 626 lwtetur
801 589 892 627 cor
929 574 1277 642 querentium
1324 573 1634 629 Dominum.
1686 574 1920 641 Quwrite
1957 574 2139 628 Domi-

561 680 708 732 num,
742 675 792 719 et
826 666 1240 736 conﬁrmamini,
1275 668 1497 737 quwrite
1547 667 1736 736 faciem
1769 667 1884 736 ejus
1917 682 2134 733 semper.

560 755 705 814 Laus
772 762 918 815 enim
961 769 1015 815 et
1062 760 1233 832 gloria
1288 761 1354 816 iis
1418 767 1502 816 est
1554 759 1646 831 qui
1715 759 1809 814 Dei
1881 761 2138 816 virtutem

559 860 837 908 euarrant.
870 853 1066 925 Aquila
1108 869 1238 910 vero
1282 855 1404 908 loco
1450 854 1616 917 illius,
1674 853 1994 917 laudamini,
2054 854 2139 908 in-

559 952 911 1016 terpretatur,
946 946 1273 1017 gloriamini.
1307 945 1560 1018 Praecipit
1589 955 1771 1002 autem
1801 962 1982 1002 sermo
2009 961 2138 1018 apo-

558 1033 716 1089 stolis
738 1049 1038 1104 eorumque
1066 1036 1503 1101 successoribus,
1535 1043 1594 1090 ut
1624 1053 1692 1092 ne
1741 1037 1795 1092 in
1823 1037 2052 1101 divitiis,
2080 1036 2136 1090 in

557 1124 780 1190 robore,
814 1126 870 1180 in
895 1130 1160 1196 potentia,
1193 1130 1363 1183 altu-nt
1395 1130 1608 1200 sapiant
1634 1148 1651 1186 ξ
1682 1129 1778 1186 sed
1806 1131 1862 1186 in
1895 1131 2009 1185 veri
2039 1129 2135 1186 Dei

555 1219 870 1292 cognitione
898 1229 952 1275 et
981 1221 1344 1292 providentia,
1381 1237 1444 1277 ac
1480 1226 1534 1276 in
1568 1239 1633 1278 eo
1665 1223 1809 1292 quod
1835 1221 2136 1279 Christiani

557 1290 844 1367 vocentur.
877 1290 997 1366 Hoc
1042 1317 1174 1366 item
1199 1313 1355 1382 jubet
1387 1313 1608 1369 divinus
1638 1290 1952 1384 Apostolus,
2005 1313 2134 1368 dum

557 1402 635 1456 ait
667 1423 680 1458 :
710 1403 814 1470 Qui
851 1405 1132 1474 gloriatur,
1163 1407 1218 1460 in
1251 1406 1475 1460 Domino
1514 1407 1770 1476 glorietur
1799 1422 1818 1460 :
1855 1424 1958 1460 non
1996 1407 2136 1460 enim

554 1495 646 1564 qui
673 1495 900 1564 seipsum
945 1499 1276 1552 commendat
1319 1498 1408 1554 ille
1435 1500 1688 1568 probatus
1715 1509 1824 1565 est,
1863 1499 1954 1554 sed
1983 1516 2134 1570 quem

553 1584 813 1642 Dominus
835 1589 1163 1644 commendat
1183 1593 1248 1646 ".
1275 1591 1511 1663 ldipsutn
1531 1591 1816 1657 Jeremias,
1841 1594 1892 1648 id
1916 1594 2135 1664 sapien-

553 1681 763 1736 tissima
787 1681 943 1737 Anna
970 1685 1330 1754 pronuntiant
1362 1704 1374 1739 :
1404 1683 1528 1740 Non
1559 1686 1816 1756 glorietur
1841 1687 2050 1756 sapiens
2079 1688 2135 1741 in

550 1774 814 1841 sapientia
847 1791 966 1841 sua,
1001 1784 1051 1829 et
1090 1793 1192 1829 non
1239 1776 1497 1846 glorietur
1541 1777 1697 1846 fortis
1733 1778 1788 1831 in
1819 1776 2135 1846 fortitudine

1200 363 1495 430 (EUSEBII
1547 364 2031 424 CESARIENSIS
2061 364 2210 425 OPP.
2256 363 2436 422 PARS
2461 363 2549 421 Ill.
2572 362 3067 422 —EXEGETICA.

3598 375 3691 432 i300

2324 479 2690 536 Ἐπαινεῒσθε
2720 480 2791 533 ἐν
2812 478 2892 544 τῷ
2919 481 3163 550 ὀνόματι
3189 477 3264 544 τῷ
3300 478 3430 548 ἁγίῳ
3451 482 3610 538 αὐτοῦ’
3632 493 3694 544 εὐ-

2242 573 2554 644 φρανθήτω
2601 571 2812 640 καρδία
2861 570 3193 640 ζητούντων
3228 570 3329 624 τὸν
3350 573 3546 640 Κύριον.
3569 579 3693 648 Ζητή.

2240 680 2388 719 σατε
2434 664 2542 718 τὸν
2578 664 2816 732 Κύριον,
2847 663 2948 716 καὶ
2980 660 3378 731 κραταιὼθητε·
3397 662 3623 732 ζητήσητε
3653 672 3694 724 τὸ

2240 758 2564 826 πρόσωπον
2585 755 2770 810 αὑτοῦ
2786 755 3130 820 διαπαντός.
3158 755 3401 818 Ἐπαινος
3426 755 3516 826 γὰρ
3536 759 3694 822 καὶδόξα

2239 851 2350 912 τοῖς
2369 848 2467 920 τὴν
2485 847 2684 920 ἀρετὴν
2711 847 2806 900 τοῦ
2826 846 2960 900 Θεοῦ
2989 846 3375 918 διηγουμένοις.
3403 847 3454 900 Ὀ
3465 848 3514 901 δέ
3543 850 3695 917 Ἀκύλας

2239 941 2360 995 ἀντὶ
2397 939 2490 993 τοῦ
2545 938 2904 1004 ἐπαινεῖσθε,
2949 935 3258 1006 καυχᾶσθε
3298 937 3506 993 τέθεικε.
3529 943 3697 1014 Παρακε-

2238 1032 2453 1086 λεύεται
2477 1030 2534 1084 δὲ
2559 1031 2588 1082 ὁ
2619 1031 2774 1100 λόγος
2792 1032 2904 1094 τοῖς
2943 1030 3259 1092 ἀποστόλοις
3292 1031 3382 1083 καὶ
3405 1036 3502 1096 τοῖς
3521 1034 3698 1107 διαδόχοις

2239 1124 2439 1189 αὐτῶν,
2478 1125 2552 1196 μὴ
2597 1125 2690 1177 ἐπὶ
2719 1121 2955 1194 πλούτῳ,
3001 1123 3075 1194 μὴ
3099 1123 3190 1176 ἐπὶ
3225 1122 3397 1197 ῥώμη,
3421 1124 3486 1195 μὴ
3501 1125 3573 1178 ἐπὶ
3599 1127 3698 1179 6-m-

2239 1220 2412 1290 στείᾳ,
2463 1219 2604 1290 μέγα
2629 1218 2864 1288 φρονεῖν’
2897 1215 3012 1269 ἀλλ’
3055 1219 3113 1270 ἐν
3156 1218 3220 1288 τῇ
3259 1215 3350 1269 τοῦ
3391 1216 3600 1287 ἀληθινοῦ
3619 1219 3703 1273 Θεεὶ

2238 1311 2434 1382 γνώσει
2462 1311 2557 1365 καὶ
2581 1309 2892 1382 προμηθείᾳ
2916 1307 3011 1362 καὶ
3033 1306 3111 1378 τῷ
3128 1307 3403 1363 καλεῐσθαι
3426 1309 3703 1381 Χριστιανούς.

2237 1404 2412 1459 Τοῦτο
2437 1401 2794 1475 παρηγγύησε
2815 1401 2908 1455 καὶ
2923 1402 2952 1454 ὁ
2973 1401 3116 1465 θεῖος
3151 1399 3472 1462 Ἀπόστολοςο
3497 1400 3541 1454 Ὁ
3553 1401 3706 1470 καυχώ-

2231 1515 2417 1568 μενος
2447 1496 2574 1566 γάρ,
2616 1495 2799 1564 φησὶν,
2826 1493 2897 1547 ἐν
2915 1493 3108 1562 Κυρίῳ
3148 1491 3476 1561 καυχάσθω⁸
3501 1494 3560 1546 οὐ
3593 1494 3666 1563 γὰρ
3689 1498 3708 1549 ό

2236 1589 2454 1646 ἑαυτὸν
2479 1587 2786 1644 συνιστῶν
2809 1587 3038 1653 ἐκεῖνος
3065 1587 3326 1656 δόκιμος,
3364 1587 3490 1640 ἀλλ’
3519 1585 3577 1639 ὃν
3596 1589 3620 1640 ό
3640 1589 3711 1640 Κύ-

2229 1699 2360 1751 ριος
2394 1679 2743 1747 συνίστησι.
2795 1677 2978 1732 Ταῦτα
3006 1677 3100 1730 καὶ
3133 1675 3400 1746 Ἱερεμίας
3433 1674 3516 1728 καὶ
3544 1677 3571 1746 ἡ
3599 1691 3711 1744 σοφω-

2235 1774 2371 1845 τάτη
2409 1775 2576 1826 ’Ἄννα
2605 1770 2842 1838 διέξεισι·
2875 1769 2971 1839 Μὴ
3018 1767 3345 1837 καυχάσθω
3372 1770 3402 1823 ό
3429 1769 3590 1836 σοφὸς
3611 1766 3711 1835 ἐντῇ

551 1880 674 1930 sua,
705 1874 754 1919 et
783 1883 886 1920 non
936 1867 1192 1937 glorietur
1240 1865 1384 1922 dives
1427 1869 1482 1921 in
1535 1867 1737 1922 divitiis
1773 1868 1882 1922 suis
1909 1882 1929 1920 :
1959 1866 2048 1922 sed
2076 1868 2131 1922 in

2234 1867 2421 1936 σοφίᾳ
2443 1863 2650 1932 αὑτοῦ,
2686 1863 2782 1918 καὶ
2802 1862 2888 1932 μὴ
2919 1861 3244 1930 καυχάσθω
3281 1863 3315 1915 ὀ
3344 1862 3570 1928 ἰσχυρὸς
3593 1861 3643 1913 ἐν
3667 1859 3710 1925 τῇ

549 1955 648 2035 liae
675 1957 932 2028 glorietur
959 1960 1050 2031 qui
1071 1959 1356 2032 gloriatur,
1382 1959 1720 2032 intelligendo
1745 1970 1794 2015 et
1818 1977 2132 2032 cognoscen-

549 2049 638 2114 do,
662 2052 787 2121 quia
809 2068 902 2122 ego
930 2068 1047 2106 sum
1079 2052 1360 2118 Dominus,
1394 2053 1484 2123 qui
1523 2053 1664 2123 facio
1711 2053 2130 2109 misericordiam

549 2151 601 2197 et
622 2143 892 2211 justitiam
921 2146 975 2199 in
1005 2155 1149 2200 terra
1189 2146 1257 2200 ⁵³.
1282 2145 1516 2207 Lwtetnr
1538 2165 1630 2203 cor
1648 2150 1997 2219 quwrentium
2016 2147 2130 2204 Do.-

549 2236 779 2301 minum,
815 2235 868 2290 id
897 2244 1001 2302 est,
1035 2239 1406 2297 invocantium
1427 2257 1552 2302 eum
1579 2241 1646 2296 ad
1678 2241 1988 2311 opem,sive
2019 2243 2131 2295 vir-

549 2335 666 2382 tute
703 2327 772 2382 ad
807 2344 931 2384 eum
970 2331 1330 2398 tendentium,
1356 2349 1386 2387 a
1412 2335 1612 2405 quibus
1641 2334 1808 2389 etiam
1834 2332 2126 2390 invenitur.

549 2421 714 2479 Docet
757 2431 936 2479 autent
965 2434 1168 2496 quanta
1203 2428 1411 2486 utilitas
1435 2444 1503 2484 ex
1542 2425 1889 2483 confessione
1931 2441 2126 2496 prove-

549 2513 679 2568 niet.
716 2513 852 2570 Nam
876 2517 1022 2586 quod
1063 2519 1413 2588 qumsivistis,
1449 2519 1548 2583 ait.
1594 2519 1648 2576 id
1686 2518 1898 2574 accidet
1940 2519 2128 2585 vobis;

548 2605 801 2661 videlicet
831 2609 999 2663 animi
1044 2610 1229 2665 laetitia
1262 2629 1275 2665 :
1311 2611 1402 2666 illa
1444 2613 1645 2683 quippe
1678 2611 1794 2682 spei
1825 2611 1936 2667 Deo
1971 2627 2129 2682 repo-

547 2697 668 2753 sita:
711 2697 925 2757 fructus
975 2709 1080 2757 est.
1127 2702 1511 2760 Animadverte
1555 2713 1734 2761 autem
1782 2706 2057 2776 quomodo
2095 2721 2128 2761 a

550 2789 902 2855 confessione
954 2793 1240 2866 inceperit,
1281 2804 1334 2850 et
1361 2795 1416 2850 in
1449 2796 1692 2852 laetitiam
1727 2796 1960 2855 desinat.
1989 2793 2126 2850 Nam

547 2883 825 2956 profectus
866 2887 1167 2941 secundum
1216 2886 1385 2942 Deum
1432 2888 1651 2949 initium
1692 2888 1968 2944 confessio
2000 2895 2125 2954 est;

547 2973 674 3026 linis
701 2980 882 3029 autem
920 2974 1104 3030 laetitia
1149 2976 1448 3033 secundum
1501 2977 1668 3033 Deum
1697 2997 1710 3036 :
1735 2979 1966 3049 plurima
1997 2993 2128 3034 vero

548 3071 678 3121 sunt
696 3065 752 3124 in
772 3067 951 3124 medio
975 3069 1170 3124 horum
1203 3070 1402 3140 posita.
1430 3068 1660 3141 Oportet
1683 3071 1847 3141 igitur
1879 3069 2126 3126 homines

547 3157 729 3228 primo
758 3158 1004 3213 conﬁteri
1036 3158 1266 3215 Domino
1296 3176 1393 3230 per
1421 3163 1690 3218 sinceram
1725 3161 2121 3230 paenitentiam,

548 3263 614 3302 ac
665 3265 760 3323 per
801 3250 1013 3306 fructus
1062 3250 1392 3306 confessioni
1453 3261 1817 3322 congruentes
1867 3268 1881 3307 :
1931 3251 2127 3307 deinde

547 3355 680 3394 vero
717 3341 782 3394 ad
818 3341 1042 3395 meliora
1069 3342 1342 3413 profectos
1372 3343 1645 3402 conlidere
1670 3352 1723 3400 et
1748 3347 2002 3403 invocare
2029 3361 2129 3399 no-

546 3448 672 3488 men
699 3432 820 3502 ejus
852 3452 866 3487 :
895 3433 1084 3505 sicque
1110 3435 1201 3490 ubi
1230 3445 1355 3505 post
1383 3435 1790 3493 confessionem
1831 3437 2127 3494 invocave-

545 3525 657 3582 rint
683 3541 834 3590 eum,
882 3526 1084 3584 divinis
1136 3527 1560 3585 charismatibus
1600 3527 1833 3597 donari;
1879 3529 1982 3586 sub
2013 3529 2129 3586 haec

545 3619 635 3675 his
658 3620 918 3691 acceptis,
951 3635 1117 3693 opera
1139 3637 1261 3692 qua:
1290 3619 1599 3676 didicerunt
1626 3623 1883 3682 omnibus
1913 3638 2129 3677 annun-

544 3711 756 3777 tiando,
777 3713 900 3769 aliis
930 3727 1146 3783 quoque
1175 3712 1336 3767 utiles
1359 3727 1480 3767 esse
1513 3730 1526 3766 :
1555 3727 1620 3765 ac
1651 3723 1844 3781 praeter
1865 3712 1979 3766 haec
2009 3728 2129 3768 out--

545 3805 660 3868 nia,
694 3812 882 3876 utpote
930 3806 1118 3859 laetitia
1156 3806 1269 3868 illa,
1311 3821 1435 3876 qua:
1481 3806 1788 3860 secundum
1820 3805 1986 3860 Deum
2019 3814 2125 3874 est,

545 3898 820 3968 dignatos,
850 3909 1074 3953 cantare
1115 3898 1166 3953 el
1193 3907 1247 3953 et
1269 3899 1501 3969 psallere
1524 3901 1572 3954 ei
1607 3918 1621 3954 :
1653 3899 1952 3954 secundum
1989 3898 2124 3963 haec,

543 3991 928 4060 explanatores
949 4007 1072 4047 esse
1099 4007 1446 4060 arcanorum,
1477 4009 1596 4064 qua:
1626 3995 1678 4046 in
1701 3993 1902 4047 divinis
1925 4006 2128 4047 sermo-

543 4082 709 4135 nibus
736 4084 1122 4151 continentur;
1151 4085 1300 4149 hinc,
1335 4093 1520 4155 utpote
1552 4086 1646 4155 qui
1675 4085 1790 4138 haec
1826 4085 2008 4138 omnia
2040 4099 2128 4138 re-

543 4181 633 4228 cte
656 4174 989 4244 peregerint,
1018 4175 1228 4231 laudari
1260 4178 1313 4231 in
1340 4177 1562 4233 nomine
1583 4178 1736 4247 ejus;
1762 4177 1979 4231 demum
2005 4185 2127 4246 post

542 4266 661 4321 haec
717 4269 903 4322 omnia
967 4269 1148 4323 anima
1207 4270 1399 4335 laetari,
1444 4286 1566 4342 quae
1614 4287 1710 4326 cor
1742 4270 1964 4325 dicitur.
2002 4268 2127 4324 Haec

542 4375 708 4431 porro
735 4375 857 4431 quae
886 4360 1174 4416 Dominum
1207 4363 1479 4433 quaesivit,
1508 4371 1626 4418 tum
1655 4379 1722 4418 ex
1755 4364 1872 4434 ipsa
1903 4362 2127 4433 perqui-

542 4450 766 4513 sitione,
792 4457 909 4504 tum
942 4451 1089 4521 quod
1117 4453 1412 4521 quaerendo
1461 4453 1722 4523 reperiat.
1776 4469 1840 4509 ea
1883 4469 2004 4524 qua:
2037 4469 2127 4509 se-

541 4541 782 4596 cundum
809 4539 980 4597 Deutn
1013 4549 1097 4597 est
1129 4543 1315 4598 laatitia
1351 4544 1586 4598 fruatur.

612 4725 804 4781 isthrec
835 4741 968 4781 vero
992 4726 1176 4780 omnia
1207 4725 1421 4782 aestimo
1449 4727 1518 4782 ad
1567 4742 1858 4798 personam
1892 4740 2120 4802 aposto.

541 4819 719 4875 lorum
751 4833 781 4871 a
805 4817 1013 4890 Spiritu
1046 4827 1239 4874 sancto
1268 4819 1484 4876 referri.
1511 4819 1647 4876 Nam
1681 4823 1814 4879 illud
1848 4841 1862 4879 :
1893 4827 2119 4880 Annuu-

540 4912 671 4964 tiate
696 4914 750 4965 in
777 4911 1016 4982 gentibus
1047 4929 1206 4982 opera
1233 4912 1369 4982 ejus,
1394 4928 1505 4968 non
1541 4915 1664 4969 aliis
1697 4915 1880 4972 dicere
1920 4934 2122 4976 conve-

2233 1960 2405 2027 ἰσχύϊ
2423 1955 2630 2024 αὐτοῦ,
2663 1956 2760 2010 καί
2791 1953 2876 2026 μὴ
2903 1954 3224 2024 καυχάσθω
3257 1956 3290 2009 ὁ
3322 1954 3584 2019 πλούσιος
3605 1952 3714 2017 ἐντῷ

2230 2052 2471 2122 πλούτῳ
2500 2048 2709 2108 αὐτοῦ’
2735 2049 2870 2105 ἀλλ’
2901 2049 2938 2116 ἢ
2955 2049 3026 2102 ἐν
3044 2049 3233 2114 τούτῳ
3265 2045 3560 2114 καυχάσθω
3583 2047 3712 2098 drav-

2230 2146 2516 2214 χώμενος,
2554 2143 2790 2198 συνιεῖν
2837 2142 2935 2200 καὶ
2984 2140 3322 2217 γινώσκειν,
3368 2138 3452 2193 ὅτι
3491 2136 3584 2208 ἐγώ
3605 2139 3714 2206 ειμιό

2230 2238 2445 2306 Κύριος
2474 2239 2508 2292 ὁ
2535 2235 2721 2290 ποιῶν
2751 2235 2926 2302 ἔλεος
2967 2234 3067 2288 καὶ
3119 2233 3506 2301 δικαιοσύνην
3535 2231 3612 2284 ἐπὶ
3652 2228 3715 2294 τῆς

2229 2329 2362 2401 γῆς.
2395 2328 2798 2399 Εὐφρανθήτω
2827 2327 3041 2397 καρδία
3071 2325 3404 2394 ζητούντων
3437 2324 3532 2380 τὸν
3554 2326 3713 2392 Κύριοι-

2228 2423 2504 2477 τουτέστιν
2543 2421 2986 2493 ἐπικαλουμένων
3034 2419 3197 2473 αὑτὸν
3248 2420 3330 2482 εἰς
3373 2415 3715 2488 βοήθειαν,ἢὸι“

2229 2517 2431 2589 ἀρετῆς
2466 2515 2602 2589 πρὸς
2631 2512 2790 2576 αὐτὸν
2808 2512 3124 2578 ὁδευόντων,
3148 2504 3232 2576 οἷς
3252 2511 3348 2570 καὶ
3363 2507 3631 2581 εὑρίσκεται
3662 2510 3714 2558 Δι-

2227 2609 2416 2671 δάσκει
2441 2608 2497 2660 δὲ
2515 2607 2679 2660 πόσον
2711 2605 2899 2675 ὄφελος
2926 2603 3092 2658 ἐκτοῦ
3111 2601 3537 2674 ἐξομολογεῖσθαι
3565 2601 3714 2669 γενήα-

2227 2719 2338 2756 ται.
2380 2702 2444 2754 Ὀ
2463 2700 2571 2771 γὰρ
2591 2699 2912 2770 ἐζητήσατε,
2932 2698 3085 2768 φησὶ,
3109 2695 3275 2749 τοῦτο
3289 2691 3714 2766 ’συμϐήσεταιὸμξν,

2225 2799 2260 2868 ἡ
2293 2795 2418 2866 περὶ
2449 2792 2540 2848 τὸν
2567 2792 2689 2846 νοῦν
2718 2789 3044 2862 εὐφροσύνηο
3074 2789 3177 2867 τῆς
3201 2788 3316 2862 γὰρ
3342 2791 3421 2852 εἰς
3442 2786 3558 2840 Θεὸν
3577 2782 3717 2844 iit-sim

2229 2888 2367 2960 αῦτη
2396 2888 2624 2958 καρπός.
2655 2885 2764 2939 Θέα
2787 2885 2843 2938 δέ
2865 2885 3011 2950 ὅπως
3043 2882 3151 2936 ἀπὸ
3183 2881 3598 2954 ἐξομολογήσεως
3611 2875 3716 2948 ἧρξα-

2225 3000 2307 3047 το,
2352 2981 2446 3040 καὶ
2483 2979 2778 3053 κατέληξεν
2805 2978 2884 3041 είς
2932 2975 3295 3047 εὐφροσύνην.
3320 2973 3499 3045 ,Ἀρχὴ
3543 2971 3620 3042 μὲν
3654 2969 3718 3036 γὰρ

2226 3075 2328 3146 τῆς
2378 3071 2518 3131 κατὰ
2557 3070 2689 3132 Θεὸν
2731 3067 3014 3141 προκοπῆς
3053 3065 3460 3136 ἐξομολόγησις
3498 3056 3717 3122 τέλοςδὲὴ

2229 3164 2372 3221 κατὰ
2395 3165 2528 3218 Θεὸν
2547 3161 2871 3234 εὐφροσύνηο
2893 3160 3118 3213 πλεῖστα
3149 3159 3206 3212 δὲ
3241 3157 3313 3216 τὰ
3349 3155 3538 3229 μεταξὺ
3567 3155 3716 3205 τοῦτον.

2229 3259 2422 3328 Δεήσει
2451 3255 2632 3310 τοίνυν
2671 3251 2887 3324 πρῶτον
2919 3248 3361 3322 ἐξομολογεῖσθαι
3394 3246 3467 3317 τῷ
3495 3242 3646 3315 Κυρίῳ
3669 3239 3718 3294 διὰ

2229 3349 2457 3422 γνησίας
2484 3345 2789 3418 μετανοίας,
2821 3343 2917 3398 καὶ
2945 3341 3171 3415 καρπῶν
3191 3340 3507 3418 πρεπόντων
3525 3340 3579 3407 τῇ
3600 3333 3718 3402 ἕξομεν

2228 3443 2466 3512 λογήσει·
2503 3439 2689 3493 ἔπειτα
2724 3436 3110 3509 βελτιωθέντας
3136 3433 3366 3512 θαρρεῖν
3403 3432 3492 3486 καὶ
3526 3425 3718 3482 ἐπικαλεῖ-

2231 3532 2354 3592 σθαι
2383 3531 2444 3584 τὸ
2470 3530 2642 3601 ὄνομα
2675 3525 2860 3592 αὐτοῦ,
2877 3525 2973 3579 καὶ
2998 3522 3170 3588 οὕτως
3207 3522 3353 3595 μετὰ
3373 3521 3466 3592 τὴν
3494 3517 3721 3588 ἐξομολόγη-

2231 3643 2313 3683 σιν
2345 3620 2800 3692 ἐπικαλουμένους
2828 3615 3219 3684 καταξιοῦσθαι
3255 3615 3366 3673 τῶν
3399 3612 3538 3685 παρὰ
3554 3604 3722 3664 τοῦθεῡῦ

2228 3717 2600 3788 χαρισμάτων·
2631 3709 2749 3766 εἶτα
2780 3710 2985 3765 τούτων
3028 3708 3307 3781 τυχόντες,
3341 3705 3546 3778 ἐτέρους
3568 3699 3721 3770 ὠφελῶ

2227 3808 2315 3862 διὰ
2341 3806 2434 3860 τοῦ
2461 3804 2824 3874 ἀπαγγέλλειν
2845 3804 2926 3867 εἰς
2951 3801 3217 3864 ἅπαντας,
3249 3798 3396 3871 ἅπερ
3429 3792 3719 3869 μεμαθήκασιν

2227 3901 2365 3972 ἔργα
2414 3899 2596 3954 αὑτοῦ·
2631 3899 2726 3952 καὶ
2773 3897 2865 3950 ἐπὶ
2917 3894 3124 3958 τούτοις
3154 3893 3231 3956 ὡς
3267 3893 3336 3947 ἂν
3383 3885 3718 3954 καταξιωθέντες

2225 3994 2328 4065 τῆς
2353 3992 2495 4048 κατὰ
2509 3992 2640 4046 Θεὸν
2665 3989 2949 4062 θυμηδίας,
2973 3988 3121 4060 ᾄδειν
3151 3985 3302 4057 αὐτῷ
3339 3984 3433 4038 καὶ
3458 3980 3651 4052 ψάλλειν
3663 3972 3719 4024 11':

2230 4085 2370 4156 μετὰ
2421 4082 2597 4137 ταῦτα
2628 4079 2962 4152 σαφηνιστὰς
2991 4076 3237 4148 γίνεσθαι
3278 4075 3388 4128 τῶν
3414 4076 3469 4126 ἐν
3497 4072 3590 4132 τοῖς
3614 4065 3718 4162 Gaia;

2226 4176 2424 4246 λογίοις
2452 4175 2800 4248 ἀπορῥήτωνο
2818 4168 2915 4226 εἶτ’
2942 4171 3042 4243 ἤδη
3064 4167 3493 4241 κατωρθωκὸτας
3520 4163 3576 4260 τὰ
3591 4174 3718 4260 20:19:

2224 4285 2293 4320 τα
2322 4266 2662 4322 ἐπαινεῖσθαι
2693 4266 2750 4318 ἐν
2773 4262 2851 4334 τῷ
2879 4263 3101 4333 ὀνόματι
3128 4259 3316 4314 αὐτοῦ’
3362 4259 3452 4313 καὶ
3481 4256 3608 4315 τέλος
3632 4256 3718 4320 μετά

2228 4359 2424 4422 πάντα,
2455 4355 2838 4429 εὐφραίνεσθαι
2857 4353 2998 4408 κατὰ
3015 4351 3276 4412 διάνοιαν,
3294 4348 3513 4421 καρδίαν
3539 4339 3717 4412 ὀνομαξίν

2229 4453 2416 4524 μένην.
2467 4449 2626 4522 Αὕτη,
2655 4449 2746 4501 τὸν
2795 4446 2999 4517 Κύριον
3057 4441 3387 4511 ἐκζητοῦσα,
3422 4439 3476 4506 ἐξ
3509 4433 3717 4504 αὒτῆςτῆς

2152 4563 2196 4618 ι)
2227 4545 2506 4616 ζητήσεως
2538 4542 2631 4596 καὶ
2657 4541 2754 4612 τῆς
2770 4537 3232 4610 ὲπιγινομένηςτῇ
3255 4534 3478 4606 ζητήσει
3506 4527 3716 4600 εὑρέσεωςι

2227 4635 2546 4692 ἅπολαυέτω
2563 4634 2663 4704 τῆς
2687 4632 2829 4686 κατὰ
2854 4631 2987 4685 Θεὸν
3011 4627 3372 4702 εὐφροσύνης.

2297 4729 2482 4782 Ταῦτα
2525 4727 2582 4780 δὲ
2614 4727 2792 4782 πάντα
2821 4723 3064 4796 ἡγοῦμαι
3096 4724 3176 4788 εις
3215 4721 3502 4792 πρόσωτων
3520 4706 3713 4796 τῶνάτῗ

2227 4821 2429 4876 στόλων
2456 4820 2561 4873 ὑπὸ
2603 4818 2698 4873 τοῦ
2749 4793 2905 4889 ἁγίου
2947 4793 3264 4887 Πνεύματος
3311 4793 3713 4896 ἀναφέρεσθαιλξδ

2225 4914 2353 4986 γὰρ,
2378 4913 2791 4982 Ἀπαγγείλατε
2829 4911 2900 4965 ἐν
2937 4908 3062 4976 τοῖς
3091 4908 3295 4963 ἔθνεσι
3333 4904 3407 4959 τὰ
3433 4903 3560 4972 ἔργα
3574 4895 3710 4986 αὑξσξξ

538 5004 622 5060 nit
643 5018 805 5074 quam
828 5003 957 5058 illis.
983 5002 1265 5060 Sermonis
1295 5021 1458 5076 porro
1479 5007 1762 5061 veritatem
1786 5009 1902 5080 ipse
1933 5026 2117 5066 rerum

2229 4975 2326 5058 οὐκ
2344 4975 2537 5068 ἄλλοις.
2563 4975 2791 5074 αρμόζει
2820 4975 3074 5070 λέγεσθαι
3117 4999 3152 5070 ἢ
3185 4998 3390 5062 αὐτοῖς.
3428 4975 3710 5080 Μαρτυρεῐδξ

536 5103 770 5153 eventus
799 5097 1149 5151 testiﬁcatur.
1178 5096 1392 5153 Etenim
1430 5099 1468 5156 ii
1503 5099 1606 5155 soli
1630 5100 1685 5154 in
1709 5077 1966 5170 gentibus
1995 5121 2117 5174 quas

2229 5093 2301 5164 τῷ
2333 5093 2479 5164 λόγῳ
2508 5093 2570 5146 τὸ
2604 5092 2972 5163 ἀποτέλεσμα·
3011 5090 3162 5162 μόνοι
3201 5087 3311 5159 γὰρ
3344 5077 3639 5174 ἀπήγγειλαν
3653 5085 3708 5171 τξ²¹

538 5207 638 5248 sua
670 5205 836 5261 opera
882 5191 1262 5268 universorum
1314 5191 1483 5248 Deum
1518 5204 1912 5266 cognoverunt,
1946 5213 2112 5268 opera

2229 5183 2355 5238 Θεοῦ
2400 5185 2470 5238 τὰ
2497 5185 2636 5258 ἔργα
2661 5187 2719 5239 ἐν
2761 5187 2873 5248 τοῖς
2909 5183 3086 5238 έθνεσι
3110 5184 3223 5246 τοῖς
3264 5181 3330 5233 δι’
3355 5176 3524 5268 αὐτῶν
3543 5172 3614 5225 τὸν

535 5282 636 5339 Dei
675 5282 1163 5346 annuntiaverunt,
1196 5264 1334 5353 quas
1381 5291 1572 5353 gentes
1624 5286 1878 5354 superius
1921 5302 2116 5342 novam

2229 5277 2355 5332 ὅλων
2387 5277 2519 5331 Θεὸν
2553 5276 2939 5346 ἐπεγνωκόσιν,
2973 5274 3067 5338 οὓς
3096 5273 3351 5343 ἀνωτέρω
3377 5266 3552 5336 καινὴν
3578 5264 3705 5354 γεπξν

536 5373 942 5444 generationem
988 5379 1044 5427 et
1092 5343 1349 5443 pOpqum
1380 5375 1473 5444 qui
1512 5382 1732 5429 creatur
1761 5378 2116 5447 nuncupavit.

2229 5370 2317 5423 καὶ
2343 5369 2469 5422 λαὸν
2500 5343 2816 5440 κτιζόμενον
2871 5367 3299 5440 προσηγόρευσε,
3353 5364 3442 5415 Δεῖ
3479 5355 3622 5447 miscui;
3650 5343 3705 5394 τὸν

537 5443 676 5520 tum
710 5465 895 5536 itaque
929 5464 1023 5535 qui
1056 5464 1343 5520 Dominum
1373 5443 1704 5536 quaesiturus
1733 5476 1838 5533 est,
1871 5443 2010 5538 opus
2036 5480 2121 5525 est

2229 5463 2482 5534 μέλλοντα
2516 5462 2700 5536 ζητεῖν
2729 5463 2820 5517 τὸν
2846 5463 3051 5535 Κύριον
3073 5454 3495 5530 ἐξομολογεῖσθαι
3519 5443 3703 5543 πράτξρογ

537 5556 716 5626 primo
736 5571 831 5625 per
853 5556 1124 5611 sinceram
1147 5555 1524 5624 pmnitentiam
1548 5561 1602 5610 et
1622 5571 1719 5625 per
1740 5554 1951 5611 fructus
1970 5555 2120 5625 ejus-

2229 5555 2286 5609 δι’
2313 5556 2637 5627 εἰλικρινοῦς
2689 5556 2977 5627 μετανοίας
3024 5555 3117 5609 καὶ
3142 5552 3248 5607 τῶν
3275 5549 3473 5616 ταύτης
3492 5538 3699 5638 fagi”;

537 5617 664 5704 dem
711 5645 959 5700 conﬁteri
1004 5663 1020 5702 :
1062 5659 1190 5700 nam
1227 5645 1322 5714 qui
1356 5644 1481 5699 talis
1509 5652 1615 5707 est,
1651 5644 1817 5700 Deum
1851 5661 2115 5716 quatere,

2229 5648 2385 5722 δγὰρ
2436 5617 2806 5713 ’έοιοῖὶτθςνκαὶ
2839 5617 3025 5722 ζητεῖν
3074 5644 3314 5709 δύναται,
3368 5637 3456 5695 καὶ
3486 5617 3698 5708 ζητῶνεῶ

611 5799 658 5835 ³³
696 5797 743 5857 ll
773 5798 904 5858 Cor.
939 5816 1007 5869 ι,
1043 5800 1131 5867 t7,
1170 5800 1255 5856 18.
1333 5802 1379 5832 "
1419 5799 1525 5856 Jer.
1566 5817 1640 5868 Ix,
1673 5801 1776 5870 25,
1814 5803 1902 5860 24·
