  <div class='ocr_page' id='page_1' title='image "/cluster/home/n/w/nwhite01/storage/ocr_20150623/23/mdp.39015078384396/678.png"; bbox 0 0 3868 6282; ppageno 0'>
   <div class='ocr_carea' id='block_1_1' title="bbox 270 364 406 421">
    <p class='ocr_par' dir='ltr' id='par_1_1' title="bbox 270 364 406 421">
     <span class='ocr_line' id='line_1_1' title="bbox 270 364 406 421; baseline 0.015 -3"><span class='ocrx_word' id='word_1_1' title='bbox 270 364 406 421; x_wconf 70' lang='grc' dir='ltr'>ιδοι</span> 
     </span>
    </p>
   </div>
   <div class='ocr_carea' id='block_1_2' title="bbox 1376 364 2354 438">
    <p class='ocr_par' dir='ltr' id='par_1_2' title="bbox 1376 364 2354 438">
     <span class='ocr_line' id='line_1_2' title="bbox 1376 364 2354 438; baseline -0.008 -11"><span class='ocrx_word' id='word_1_2' title='bbox 1376 365 1979 438; x_wconf 62' lang='grc' dir='ltr'><strong>(ΖΟΜΜΕΝΤΑΒΙΑἏΝ</strong></span> <span class='ocrx_word' id='word_1_3' title='bbox 2020 364 2354 423; x_wconf 83' lang='lat' dir='ltr'><strong>PSALMOS.</strong></span> 
     </span>
    </p>
   </div>
   <div class='ocr_carea' id='block_1_3' title="bbox 3376 368 3513 425">
    <p class='ocr_par' dir='ltr' id='par_1_3' title="bbox 3376 368 3513 425">
     <span class='ocr_line' id='line_1_3' title="bbox 3376 368 3513 425; baseline -0.015 0"><span class='ocrx_word' id='word_1_4' title='bbox 3376 368 3513 425; x_wconf 70' lang='lat' dir='ltr'><strong>i502</strong></span> 
     </span>
    </p>
   </div>
   <div class='ocr_carea' id='block_1_4' title="bbox 269 482 1828 559">
    <p class='ocr_par' dir='ltr' id='par_1_4' title="bbox 269 482 1828 559">
     <span class='ocr_line' id='line_1_4' title="bbox 269 482 1828 559; baseline 0.003 -24"><span class='ocrx_word' id='word_1_5' title='bbox 269 484 406 541; x_wconf 84' lang='grc' dir='ltr'><strong>ρεῖν.</strong></span> <span class='ocrx_word' id='word_1_6' title='bbox 440 482 507 536; x_wconf 83' lang='grc' dir='ltr'>Εί</span> <span class='ocrx_word' id='word_1_7' title='bbox 536 483 643 556; x_wconf 80' lang='grc' dir='ltr'>γὰρ</span> <span class='ocrx_word' id='word_1_8' title='bbox 699 485 791 538; x_wconf 79' lang='grc' dir='ltr'>ἐπὶ</span> <span class='ocrx_word' id='word_1_9' title='bbox 840 485 1000 540; x_wconf 87' lang='grc' dir='ltr'>λίθων</span> <span class='ocrx_word' id='word_1_10' title='bbox 1029 504 1226 558; x_wconf 88' lang='grc' dir='ltr'>τιμιων</span> <span class='ocrx_word' id='word_1_11' title='bbox 1255 490 1364 541; x_wconf 89' lang='grc' dir='ltr'><strong>τῶν</strong></span> <span class='ocrx_word' id='word_1_12' title='bbox 1411 489 1627 542; x_wconf 76' lang='grc' dir='ltr'>είδότων</span> <span class='ocrx_word' id='word_1_13' title='bbox 1664 488 1828 559; x_wconf 81' lang='grc' dir='ltr'>χρεία</span> 
     </span>
    </p>
   </div>
   <div class='ocr_carea' id='block_1_5' title="bbox 1932 482 3512 559">
    <p class='ocr_par' dir='ltr' id='par_1_5' title="bbox 1945 484 3512 558">
     <span class='ocr_line' id='line_1_5' title="bbox 1945 484 3512 558; baseline 0.001 -17"><span class='ocrx_word' id='word_1_14' title='bbox 1945 493 2001 541; x_wconf 77' lang='lat' dir='ltr'><strong>et</strong></span> <span class='ocrx_word' id='word_1_15' title='bbox 2024 484 2320 555; x_wconf 58' lang='lat' dir='ltr'><strong>quarendo</strong></span> <span class='ocrx_word' id='word_1_16' title='bbox 2344 485 2591 541; x_wconf 86' lang='lat' dir='ltr'><strong>invenire</strong></span> <span class='ocrx_word' id='word_1_17' title='bbox 2615 495 2817 557; x_wconf 88' lang='lat' dir='ltr'><strong>potest.</strong></span> <span class='ocrx_word' id='word_1_18' title='bbox 2841 486 2972 541; x_wconf 89' lang='lat' dir='ltr'><strong>Nam</strong></span> <span class='ocrx_word' id='word_1_19' title='bbox 2999 488 3045 542; x_wconf 90' lang='lat' dir='ltr'><strong>si</strong></span> <span class='ocrx_word' id='word_1_20' title='bbox 3079 502 3201 542; x_wconf 91' lang='lat' dir='ltr'><strong>cum</strong></span> <span class='ocrx_word' id='word_1_21' title='bbox 3223 488 3289 542; x_wconf 83' lang='lat' dir='ltr'><strong>de</strong></span> <span class='ocrx_word' id='word_1_22' title='bbox 3316 488 3512 558; x_wconf 86' lang='lat' dir='ltr'><strong>lapidi-</strong></span> 
     </span>
    </p>
   </div>
   <div class='ocr_carea' id='block_1_6' title="bbox 266 576 1844 653">
    <p class='ocr_par' dir='ltr' id='par_1_6' title="bbox 266 576 1844 653">
     <span class='ocr_line' id='line_1_6' title="bbox 266 576 1844 653; baseline 0.003 -25"><span class='ocrx_word' id='word_1_23' title='bbox 266 578 363 629; x_wconf 80' lang='grc' dir='ltr'>καὶ</span> <span class='ocrx_word' id='word_1_24' title='bbox 382 578 473 630; x_wconf 80' lang='grc' dir='ltr'>ἐπὶ</span> <span class='ocrx_word' id='word_1_25' title='bbox 497 576 851 649; x_wconf 77' lang='grc' dir='ltr'>κολυμϐητῶν</span> <span class='ocrx_word' id='word_1_26' title='bbox 876 580 1073 651; x_wconf 80' lang='grc' dir='ltr'>πολλῆς</span> <span class='ocrx_word' id='word_1_27' title='bbox 1099 582 1197 652; x_wconf 83' lang='grc' dir='ltr'>τῆς</span> <span class='ocrx_word' id='word_1_28' title='bbox 1221 583 1528 653; x_wconf 81' lang='grc' dir='ltr'>ἐπιστήμης</span> <span class='ocrx_word' id='word_1_29' title='bbox 1548 582 1648 645; x_wconf 82' lang='grc' dir='ltr'>δεῖ,</span> <span class='ocrx_word' id='word_1_30' title='bbox 1668 580 1844 650; x_wconf 87' lang='grc' dir='ltr'>πολλῷ</span> 
     </span>
    </p>
   </div>
   <div class='ocr_carea' id='block_1_7' title="bbox 266 668 1844 746">
    <p class='ocr_par' dir='ltr' id='par_1_7' title="bbox 266 668 1844 746">
     <span class='ocr_line' id='line_1_7' title="bbox 266 668 1844 746; baseline 0.004 -26"><span class='ocrx_word' id='word_1_31' title='bbox 266 668 471 736; x_wconf 71' lang='grc' dir='ltr'>μᾶλλον</span> <span class='ocrx_word' id='word_1_32' title='bbox 498 670 589 722; x_wconf 84' lang='grc' dir='ltr'><strong>ἐπὶ</strong></span> <span class='ocrx_word' id='word_1_33' title='bbox 620 671 775 725; x_wconf 89' lang='grc' dir='ltr'>Θεοῦ.</span> <span class='ocrx_word' id='word_1_34' title='bbox 802 674 978 727; x_wconf 75' lang='grc' dir='ltr'>Πολλὰ</span> <span class='ocrx_word' id='word_1_35' title='bbox 1002 676 1111 746; x_wconf 81' lang='grc' dir='ltr'><strong>γάρ</strong></span> <span class='ocrx_word' id='word_1_36' title='bbox 1148 677 1264 728; x_wconf 84' lang='grc' dir='ltr'>ἐστι</span> <span class='ocrx_word' id='word_1_37' title='bbox 1288 674 1356 728; x_wconf 84' lang='grc' dir='ltr'><strong>τά</strong></span> <span class='ocrx_word' id='word_1_38' title='bbox 1380 676 1655 728; x_wconf 87' lang='grc' dir='ltr'>κωλύοντα</span> <span class='ocrx_word' id='word_1_39' title='bbox 1684 674 1844 728; x_wconf 82' lang='grc' dir='ltr'>αὑτὸν</span> 
     </span>
    </p>
   </div>
   <div class='ocr_carea' id='block_1_8' title="bbox 261 758 1844 839">
    <p class='ocr_par' dir='ltr' id='par_1_8' title="bbox 261 758 1844 839">
     <span class='ocr_line' id='line_1_8' title="bbox 261 758 1844 839; baseline 0.008 -30"><span class='ocrx_word' id='word_1_40' title='bbox 261 758 469 830; x_wconf 75' lang='grc' dir='ltr'>εὑρεῖν,</span> <span class='ocrx_word' id='word_1_41' title='bbox 499 762 594 814; x_wconf 72' lang='grc' dir='ltr'>καὶ</span> <span class='ocrx_word' id='word_1_42' title='bbox 628 764 969 834; x_wconf 82' lang='grc' dir='ltr'><strong>πραγμάτων</strong></span> <span class='ocrx_word' id='word_1_43' title='bbox 988 766 1163 837; x_wconf 80' lang='grc' dir='ltr'>ὄχλος,</span> <span class='ocrx_word' id='word_1_44' title='bbox 1196 767 1290 821; x_wconf 79' lang='grc' dir='ltr'><strong>καὶ</strong></span> <span class='ocrx_word' id='word_1_45' title='bbox 1323 767 1524 839; x_wconf 68' lang='grc' dir='ltr'>σαρκὸς</span> <span class='ocrx_word' id='word_1_46' title='bbox 1541 768 1844 821; x_wconf 84' lang='grc' dir='ltr'>ἐπαναστά-</span> 
     </span>
    </p>
   </div>
   <div class='ocr_carea' id='block_1_9' title="bbox 264 853 1840 928">
    <p class='ocr_par' dir='ltr' id='par_1_9' title="bbox 264 853 1840 928">
     <span class='ocr_line' id='line_1_9' title="bbox 264 853 1840 928; baseline 0.004 -26"><span class='ocrx_word' id='word_1_47' title='bbox 264 867 403 915; x_wconf 76' lang='grc' dir='ltr'>σεις,</span> <span class='ocrx_word' id='word_1_48' title='bbox 448 853 542 906; x_wconf 74' lang='grc' dir='ltr'>καὶ</span> <span class='ocrx_word' id='word_1_49' title='bbox 572 855 851 925; x_wconf 80' lang='grc' dir='ltr'>νοσήματα</span> <span class='ocrx_word' id='word_1_50' title='bbox 870 857 1077 927; x_wconf 78' lang='grc' dir='ltr'>ψυχῶν,</span> <span class='ocrx_word' id='word_1_51' title='bbox 1110 857 1205 911; x_wconf 74' lang='grc' dir='ltr'><strong>καὶ</strong></span> <span class='ocrx_word' id='word_1_52' title='bbox 1237 858 1505 928; x_wconf 80' lang='grc' dir='ltr'><strong>δαιμόνων</strong></span> <span class='ocrx_word' id='word_1_53' title='bbox 1537 856 1840 920; x_wconf 78' lang='grc' dir='ltr'>ἐπιϐουλαὶ,</span> 
     </span>
    </p>
   </div>
   <div class='ocr_carea' id='block_1_10' title="bbox 262 941 1842 1019">
    <p class='ocr_par' dir='ltr' id='par_1_10' title="bbox 262 941 1842 1019">
     <span class='ocr_line' id='line_1_10' title="bbox 262 941 1842 1019; baseline 0.006 -27"><span class='ocrx_word' id='word_1_54' title='bbox 262 941 363 993; x_wconf 72' lang='grc' dir='ltr'><strong>καὶ</strong></span> <span class='ocrx_word' id='word_1_55' title='bbox 413 942 654 1014; x_wconf 67' lang='grc' dir='ltr'>ῥᾳθυμία</span> <span class='ocrx_word' id='word_1_56' title='bbox 713 946 957 1017; x_wconf 83' lang='grc' dir='ltr'>γνώμης.</span> <span class='ocrx_word' id='word_1_57' title='bbox 1024 948 1140 1002; x_wconf 81' lang='grc' dir='ltr'><strong>Κᾶν</strong></span> <span class='ocrx_word' id='word_1_58' title='bbox 1174 949 1576 1019; x_wconf 72' lang='grc' dir='ltr'><strong>ἀπαλλαγῶμεν</strong></span> <span class='ocrx_word' id='word_1_59' title='bbox 1637 949 1842 1002; x_wconf 88' lang='grc' dir='ltr'>τούτων</span> 
     </span>
    </p>
   </div>
   <div class='ocr_carea' id='block_1_11' title="bbox 257 1032 1840 1114">
    <p class='ocr_par' dir='ltr' id='par_1_11' title="bbox 257 1032 1840 1114">
     <span class='ocr_line' id='line_1_11' title="bbox 257 1032 1840 1114; baseline 0.008 -31"><span class='ocrx_word' id='word_1_60' title='bbox 257 1032 543 1100; x_wconf 84' lang='grc' dir='ltr'>ἁπάντων,</span> <span class='ocrx_word' id='word_1_61' title='bbox 581 1040 789 1108; x_wconf 83' lang='grc' dir='ltr'>ταχέως</span> <span class='ocrx_word' id='word_1_62' title='bbox 823 1040 984 1095; x_wconf 76' lang='grc' dir='ltr'>αὐτὸν</span> <span class='ocrx_word' id='word_1_63' title='bbox 1024 1042 1349 1113; x_wconf 84' lang='grc' dir='ltr'>εὑρήσομεν,</span> <span class='ocrx_word' id='word_1_64' title='bbox 1386 1044 1481 1097; x_wconf 78' lang='grc' dir='ltr'><strong>καὶ</strong></span> <span class='ocrx_word' id='word_1_65' title='bbox 1513 1042 1611 1114; x_wconf 80' lang='grc' dir='ltr'>τὴν</span> <span class='ocrx_word' id='word_1_66' title='bbox 1642 1043 1840 1097; x_wconf 79' lang='grc' dir='ltr'><strong>κακίαν</strong></span> 
     </span>
    </p>
   </div>
   <div class='ocr_carea' id='block_1_12' title="bbox 259 1124 1838 1205">
    <p class='ocr_par' dir='ltr' id='par_1_12' title="bbox 259 1124 1838 1205">
     <span class='ocr_line' id='line_1_12' title="bbox 259 1124 1838 1205; baseline 0.009 -30"><span class='ocrx_word' id='word_1_67' title='bbox 259 1124 664 1197; x_wconf 84' lang='grc' dir='ltr'>ἁποδυσόμεθα,</span> <span class='ocrx_word' id='word_1_68' title='bbox 717 1133 811 1185; x_wconf 83' lang='grc' dir='ltr'>καὶ</span> <span class='ocrx_word' id='word_1_69' title='bbox 864 1132 961 1203; x_wconf 82' lang='grc' dir='ltr'>τὴν</span> <span class='ocrx_word' id='word_1_70' title='bbox 1005 1135 1205 1205; x_wconf 84' lang='grc' dir='ltr'>ἀρετὴν</span> <span class='ocrx_word' id='word_1_71' title='bbox 1235 1134 1498 1205; x_wconf 76' lang='grc' dir='ltr'>ἑλώμεθα.</span> <span class='ocrx_word' id='word_1_72' title='bbox 1549 1133 1696 1205; x_wconf 76' lang='grc' dir='ltr'>Αὕτη</span> <span class='ocrx_word' id='word_1_73' title='bbox 1731 1133 1838 1205; x_wconf 89' lang='grc' dir='ltr'><strong>γάρ</strong></span> 
     </span>
    </p>
   </div>
   <div class='ocr_carea' id='block_1_13' title="bbox 256 1217 1840 1298">
    <p class='ocr_par' dir='ltr' id='par_1_13' title="bbox 256 1217 1840 1298">
     <span class='ocr_line' id='line_1_13' title="bbox 256 1217 1840 1298; baseline 0.006 -29"><span class='ocrx_word' id='word_1_74' title='bbox 256 1217 413 1271; x_wconf 82' lang='grc' dir='ltr'>ἐστιν</span> <span class='ocrx_word' id='word_1_75' title='bbox 441 1219 476 1290; x_wconf 78' lang='grc' dir='ltr'><strong>ἡ</strong></span> <span class='ocrx_word' id='word_1_76' title='bbox 520 1222 637 1274; x_wconf 83' lang='grc' dir='ltr'>ἐκεί</span> <span class='ocrx_word' id='word_1_77' title='bbox 660 1222 896 1294; x_wconf 80' lang='grc' dir='ltr'>φέρουσα</span> <span class='ocrx_word' id='word_1_78' title='bbox 933 1225 1070 1290; x_wconf 86' lang='grc' dir='ltr'>ὁδός.</span> <span class='ocrx_word' id='word_1_79' title='bbox 1107 1226 1171 1279; x_wconf 87' lang='grc' dir='ltr'><strong>Τί</strong></span> <span class='ocrx_word' id='word_1_80' title='bbox 1199 1222 1290 1281; x_wconf 75' lang='grc' dir='ltr'><strong>οὖν</strong></span> <span class='ocrx_word' id='word_1_81' title='bbox 1316 1229 1429 1281; x_wconf 87' lang='grc' dir='ltr'>ἐστι</span> <span class='ocrx_word' id='word_1_82' title='bbox 1464 1227 1725 1298; x_wconf 77' lang='grc' dir='ltr'>ζήτησιςς</span> <span class='ocrx_word' id='word_1_83' title='bbox 1779 1226 1840 1279; x_wconf 84' lang='grc' dir='ltr'><strong>τδ</strong></span> 
     </span>
    </p>
   </div>
   <div class='ocr_carea' id='block_1_14' title="bbox 258 1312 1836 1392">
    <p class='ocr_par' dir='ltr' id='par_1_14' title="bbox 258 1312 1836 1392">
     <span class='ocr_line' id='line_1_14' title="bbox 258 1312 1836 1392; baseline 0.008 -31"><span class='ocrx_word' id='word_1_84' title='bbox 258 1312 503 1381; x_wconf 85' lang='grc' dir='ltr'>συνεχῶς</span> <span class='ocrx_word' id='word_1_85' title='bbox 519 1314 723 1370; x_wconf 83' lang='grc' dir='ltr'>ἐκεῖνον</span> <span class='ocrx_word' id='word_1_86' title='bbox 744 1319 941 1371; x_wconf 79' lang='grc' dir='ltr'>ἐννοεῖν</span> <span class='ocrx_word' id='word_1_87' title='bbox 970 1320 1063 1373; x_wconf 79' lang='grc' dir='ltr'><strong>καὶ</strong></span> <span class='ocrx_word' id='word_1_88' title='bbox 1096 1318 1420 1389; x_wconf 78' lang='grc' dir='ltr'>λογίζεσθαι·</span> <span class='ocrx_word' id='word_1_89' title='bbox 1459 1322 1488 1374; x_wconf 83' lang='grc' dir='ltr'>ὁ</span> <span class='ocrx_word' id='word_1_90' title='bbox 1519 1320 1627 1392; x_wconf 78' lang='grc' dir='ltr'>γὰρ</span> <span class='ocrx_word' id='word_1_91' title='bbox 1661 1319 1836 1391; x_wconf 80' lang='grc' dir='ltr'>ζητῶν</span> 
     </span>
    </p>
   </div>
   <div class='ocr_carea' id='block_1_15' title="bbox 254 1402 1240 1473">
    <p class='ocr_par' dir='ltr' id='par_1_15' title="bbox 254 1402 1240 1473">
     <span class='ocr_line' id='line_1_15' title="bbox 254 1402 1240 1473; baseline 0.013 -20"><span class='ocrx_word' id='word_1_92' title='bbox 254 1402 356 1456; x_wconf 78' lang='grc' dir='ltr'>ἐπὶ</span> <span class='ocrx_word' id='word_1_93' title='bbox 377 1402 610 1471; x_wconf 81' lang='grc' dir='ltr'>διανοίας</span> <span class='ocrx_word' id='word_1_94' title='bbox 634 1406 743 1466; x_wconf 74' lang='grc' dir='ltr'>ἐγει</span> <span class='ocrx_word' id='word_1_95' title='bbox 769 1409 829 1462; x_wconf 83' lang='grc' dir='ltr'>τὸ</span> <span class='ocrx_word' id='word_1_96' title='bbox 854 1410 1199 1473; x_wconf 71' lang='grc' dir='ltr'>ζττούιιενον.</span> <span class='ocrx_word' id='word_1_97' title='bbox 1232 1457 1240 1466; x_wconf 98' lang='grc'>.</span> 
     </span>
    </p>
   </div>
   <div class='ocr_carea' id='block_1_16' title="bbox 331 1578 1833 1660">
    <p class='ocr_par' dir='ltr' id='par_1_16' title="bbox 331 1578 1833 1660">
     <span class='ocr_line' id='line_1_16' title="bbox 331 1578 1833 1660; baseline 0.019 -31"><span class='ocrx_word' id='word_1_98' title='bbox 331 1578 641 1649; x_wconf 79' lang='grc' dir='ltr'>Ζητήσατε</span> <span class='ocrx_word' id='word_1_99' title='bbox 680 1584 787 1639; x_wconf 77' lang='grc' dir='ltr'><strong>τὸν</strong></span> <span class='ocrx_word' id='word_1_100' title='bbox 822 1588 1039 1656; x_wconf 75' lang='grc' dir='ltr'>Κύριον</span> <span class='ocrx_word' id='word_1_101' title='bbox 1080 1590 1178 1644; x_wconf 82' lang='grc' dir='ltr'><strong>καί</strong></span> <span class='ocrx_word' id='word_1_102' title='bbox 1212 1589 1624 1659; x_wconf 67' lang='grc' dir='ltr'>κραταιώθητεο</span> <span class='ocrx_word' id='word_1_103' title='bbox 1664 1588 1833 1660; x_wconf 77' lang='grc' dir='ltr'><strong>ζητή-</strong></span> 
     </span>
    </p>
   </div>
   <div class='ocr_carea' id='block_1_17' title="bbox 249 1671 1834 1749">
    <p class='ocr_par' dir='ltr' id='par_1_17' title="bbox 249 1671 1834 1749">
     <span class='ocr_line' id='line_1_17' title="bbox 249 1671 1834 1749; baseline 0.009 -26"><span class='ocrx_word' id='word_1_104' title='bbox 249 1681 410 1724; x_wconf 75' lang='grc' dir='ltr'>σατε</span> <span class='ocrx_word' id='word_1_105' title='bbox 436 1671 501 1727; x_wconf 88' lang='grc' dir='ltr'><strong>τὸ</strong></span> <span class='ocrx_word' id='word_1_106' title='bbox 526 1677 852 1743; x_wconf 73' lang='grc' dir='ltr'>πρόσωπον</span> <span class='ocrx_word' id='word_1_107' title='bbox 892 1680 1079 1735; x_wconf 88' lang='grc' dir='ltr'>αὐτοῦ</span> <span class='ocrx_word' id='word_1_108' title='bbox 1124 1682 1468 1749; x_wconf 77' lang='grc' dir='ltr'>διαπαντός.</span> <span class='ocrx_word' id='word_1_109' title='bbox 1505 1684 1570 1736; x_wconf 91' lang='grc' dir='ltr'>Τί</span> <span class='ocrx_word' id='word_1_110' title='bbox 1596 1684 1713 1737; x_wconf 85' lang='grc' dir='ltr'>ἐστι</span> <span class='ocrx_word' id='word_1_111' title='bbox 1772 1683 1834 1737; x_wconf 85' lang='grc' dir='ltr'>τὸ</span> 
     </span>
    </p>
   </div>
   <div class='ocr_carea' id='block_1_18' title="bbox 250 1765 1831 1843">
    <p class='ocr_par' dir='ltr' id='par_1_18' title="bbox 250 1765 1831 1843">
     <span class='ocr_line' id='line_1_18' title="bbox 250 1765 1831 1843; baseline 0.007 -27"><span class='ocrx_word' id='word_1_112' title='bbox 250 1765 444 1836; x_wconf 75' lang='grc' dir='ltr'>ζητεῖν</span> <span class='ocrx_word' id='word_1_113' title='bbox 468 1770 561 1819; x_wconf 87' lang='grc' dir='ltr'><strong>τὸν</strong></span> <span class='ocrx_word' id='word_1_114' title='bbox 592 1766 795 1839; x_wconf 82' lang='grc' dir='ltr'>Κύριον</span> <span class='ocrx_word' id='word_1_115' title='bbox 815 1785 830 1833; x_wconf 86' lang='grc'><strong>;</strong></span> <span class='ocrx_word' id='word_1_116' title='bbox 854 1769 913 1823; x_wconf 82' lang='grc' dir='ltr'>τὸ</span> <span class='ocrx_word' id='word_1_117' title='bbox 947 1769 1015 1825; x_wconf 78' lang='grc' dir='ltr'>τὰ</span> <span class='ocrx_word' id='word_1_118' title='bbox 1036 1771 1244 1826; x_wconf 84' lang='grc' dir='ltr'>ἐκείνου</span> <span class='ocrx_word' id='word_1_119' title='bbox 1273 1776 1509 1843; x_wconf 84' lang='grc' dir='ltr'>φρονεῖν,</span> <span class='ocrx_word' id='word_1_120' title='bbox 1534 1774 1593 1827; x_wconf 84' lang='grc' dir='ltr'><strong>τὸ</strong></span> <span class='ocrx_word' id='word_1_121' title='bbox 1619 1774 1705 1827; x_wconf 79' lang='grc' dir='ltr'><strong>ἀεὶ</strong></span> <span class='ocrx_word' id='word_1_122' title='bbox 1733 1775 1831 1827; x_wconf 83' lang='grc' dir='ltr'><strong>αὐ-</strong></span> 
     </span>
    </p>
   </div>
   <div class='ocr_carea' id='block_1_19' title="bbox 248 1858 1833 1936">
    <p class='ocr_par' dir='ltr' id='par_1_19' title="bbox 248 1858 1833 1936">
     <span class='ocr_line' id='line_1_19' title="bbox 248 1858 1833 1936; baseline 0.007 -27"><span class='ocrx_word' id='word_1_123' title='bbox 248 1858 353 1911; x_wconf 85' lang='grc' dir='ltr'>τὸν</span> <span class='ocrx_word' id='word_1_124' title='bbox 384 1858 710 1927; x_wconf 76' lang='grc' dir='ltr'>λογίζεσθαι,</span> <span class='ocrx_word' id='word_1_125' title='bbox 755 1860 818 1914; x_wconf 81' lang='grc' dir='ltr'><strong>τὸ</strong></span> <span class='ocrx_word' id='word_1_126' title='bbox 840 1862 925 1915; x_wconf 78' lang='grc' dir='ltr'><strong>ἀεὶ</strong></span> <span class='ocrx_word' id='word_1_127' title='bbox 955 1864 1014 1916; x_wconf 86' lang='grc' dir='ltr'><strong>ἐν</strong></span> <span class='ocrx_word' id='word_1_128' title='bbox 1056 1863 1262 1936; x_wconf 79' lang='grc' dir='ltr'>διανοίᾳ</span> <span class='ocrx_word' id='word_1_129' title='bbox 1289 1864 1451 1936; x_wconf 77' lang='grc' dir='ltr'>ἔχειν,</span> <span class='ocrx_word' id='word_1_130' title='bbox 1475 1865 1535 1918; x_wconf 79' lang='grc' dir='ltr'>τὸ</span> <span class='ocrx_word' id='word_1_131' title='bbox 1568 1866 1833 1936; x_wconf 81' lang='grc' dir='ltr'>μηδέποτε</span> 
     </span>
    </p>
   </div>
   <div class='ocr_carea' id='block_1_20' title="bbox 251 1946 1834 2024">
    <p class='ocr_par' dir='ltr' id='par_1_20' title="bbox 251 1946 1834 2024">
     <span class='ocr_line' id='line_1_20' title="bbox 251 1946 1834 2024; baseline 0.004 -26"><span class='ocrx_word' id='word_1_132' title='bbox 251 1946 529 2001; x_wconf 70' lang='grc' dir='ltr'><strong>⁶ι’διιύεσθαι</strong></span> <span class='ocrx_word' id='word_1_133' title='bbox 562 1948 850 2019; x_wconf 79' lang='grc' dir='ltr'>ὁμιλοῦντα</span> <span class='ocrx_word' id='word_1_134' title='bbox 875 1950 1021 2021; x_wconf 81' lang='grc' dir='ltr'>αὐτῷ</span> <span class='ocrx_word' id='word_1_135' title='bbox 1047 1951 1135 2005; x_wconf 82' lang='grc' dir='ltr'>διὰ</span> <span class='ocrx_word' id='word_1_136' title='bbox 1160 1952 1258 2023; x_wconf 81' lang='grc' dir='ltr'>τῆς</span> <span class='ocrx_word' id='word_1_137' title='bbox 1282 1952 1587 2024; x_wconf 74' lang='grc' dir='ltr'>προσευχῆς</span> <span class='ocrx_word' id='word_1_138' title='bbox 1606 1953 1701 2006; x_wconf 78' lang='grc' dir='ltr'><strong>καὶ</strong></span> <span class='ocrx_word' id='word_1_139' title='bbox 1726 1951 1834 2005; x_wconf 90' lang='grc' dir='ltr'><strong>τῶν</strong></span> 
     </span>
    </p>
   </div>
   <div class='ocr_carea' id='block_1_21' title="bbox 251 2038 1834 2115">
    <p class='ocr_par' dir='ltr' id='par_1_21' title="bbox 251 2038 1834 2115">
     <span class='ocr_line' id='line_1_21' title="bbox 251 2038 1834 2115; baseline 0.003 -23"><span class='ocrx_word' id='word_1_140' title='bbox 251 2038 481 2106; x_wconf 82' lang='grc' dir='ltr'>ἀγαθῶν</span> <span class='ocrx_word' id='word_1_141' title='bbox 512 2040 781 2111; x_wconf 78' lang='grc' dir='ltr'>πράξεων.</span> <span class='ocrx_word' id='word_1_142' title='bbox 830 2043 1064 2114; x_wconf 80' lang='grc' dir='ltr'>Ἀμαχοι</span> <span class='ocrx_word' id='word_1_143' title='bbox 1094 2043 1152 2098; x_wconf 88' lang='grc' dir='ltr'><strong>δέ</strong></span> <span class='ocrx_word' id='word_1_144' title='bbox 1185 2046 1235 2097; x_wconf 86' lang='grc' dir='ltr'>οί</span> <span class='ocrx_word' id='word_1_145' title='bbox 1294 2042 1580 2115; x_wconf 80' lang='grc' dir='ltr'>ζητοῦντες</span> <span class='ocrx_word' id='word_1_146' title='bbox 1624 2042 1834 2098; x_wconf 78' lang='grc' dir='ltr'>ἔσονται</span> 
     </span>
    </p>
   </div>
   <div class='ocr_carea' id='block_1_22' title="bbox 254 2130 1832 2205">
    <p class='ocr_par' dir='ltr' id='par_1_22' title="bbox 254 2130 1832 2205">
     <span class='ocr_line' id='line_1_22' title="bbox 254 2130 1832 2205; baseline 0.002 -20"><span class='ocrx_word' id='word_1_147' title='bbox 254 2131 357 2185; x_wconf 77' lang='grc' dir='ltr'><strong>καὶ</strong></span> <span class='ocrx_word' id='word_1_148' title='bbox 385 2130 661 2202; x_wconf 82' lang='grc' dir='ltr'><strong>ἀήττητοι.</strong></span> <span class='ocrx_word' id='word_1_149' title='bbox 695 2133 1066 2205; x_wconf 80' lang='grc' dir='ltr'><strong>Παρορμήσας</strong></span> <span class='ocrx_word' id='word_1_150' title='bbox 1099 2134 1280 2205; x_wconf 86' lang='grc' dir='ltr'>μέντοι</span> <span class='ocrx_word' id='word_1_151' title='bbox 1323 2134 1538 2202; x_wconf 86' lang='grc' dir='ltr'>ὀ,λόγος</span> <span class='ocrx_word' id='word_1_152' title='bbox 1572 2135 1698 2196; x_wconf 82' lang='grc' dir='ltr'>τοὺς</span> <span class='ocrx_word' id='word_1_153' title='bbox 1725 2133 1832 2188; x_wconf 86' lang='grc' dir='ltr'><strong>τῶν</strong></span> 
     </span>
    </p>
   </div>
   <div class='ocr_carea' id='block_1_23' title="bbox 252 2223 1832 2299">
    <p class='ocr_par' dir='ltr' id='par_1_23' title="bbox 252 2223 1832 2299">
     <span class='ocr_line' id='line_1_23' title="bbox 252 2223 1832 2299; baseline 0.003 -25"><span class='ocrx_word' id='word_1_154' title='bbox 252 2223 431 2276; x_wconf 78' lang='grc' dir='ltr'>ἐθνῶν</span> <span class='ocrx_word' id='word_1_155' title='bbox 465 2225 710 2295; x_wconf 88' lang='grc' dir='ltr'>κήρυκας</span> <span class='ocrx_word' id='word_1_156' title='bbox 744 2227 836 2280; x_wconf 80' lang='grc' dir='ltr'>ἐπὶ</span> <span class='ocrx_word' id='word_1_157' title='bbox 862 2228 922 2280; x_wconf 87' lang='grc' dir='ltr'>τὸ</span> <span class='ocrx_word' id='word_1_158' title='bbox 956 2226 1249 2299; x_wconf 82' lang='grc' dir='ltr'>προθύμως</span> <span class='ocrx_word' id='word_1_159' title='bbox 1274 2228 1570 2298; x_wconf 79' lang='grc' dir='ltr'>ἐκζητῆσαι</span> <span class='ocrx_word' id='word_1_160' title='bbox 1606 2228 1695 2279; x_wconf 70' lang='grc' dir='ltr'>τὸν</span> <span class='ocrx_word' id='word_1_161' title='bbox 1715 2226 1832 2280; x_wconf 84' lang='grc' dir='ltr'><strong>Κύ-</strong></span> 
     </span>
    </p>
   </div>
   <div class='ocr_carea' id='block_1_24' title="bbox 253 2314 1834 2391">
    <p class='ocr_par' dir='ltr' id='par_1_24' title="bbox 253 2314 1834 2391">
     <span class='ocr_line' id='line_1_24' title="bbox 253 2314 1834 2391; baseline 0.003 -24"><span class='ocrx_word' id='word_1_162' title='bbox 253 2332 396 2385; x_wconf 78' lang='grc' dir='ltr'>ριον,</span> <span class='ocrx_word' id='word_1_163' title='bbox 421 2314 501 2369; x_wconf 73' lang='grc' dir='ltr'>ἔτι</span> <span class='ocrx_word' id='word_1_164' title='bbox 520 2316 717 2387; x_wconf 81' lang='grc' dir='ltr'>μᾶλλον</span> <span class='ocrx_word' id='word_1_165' title='bbox 739 2318 1308 2391; x_wconf 72' lang='grc' dir='ltr'>αὑτοῦςέπιρῤὡννυσι</span> <span class='ocrx_word' id='word_1_166' title='bbox 1336 2318 1529 2387; x_wconf 81' lang='grc' dir='ltr'>λέγων,</span> <span class='ocrx_word' id='word_1_167' title='bbox 1549 2317 1834 2387; x_wconf 75' lang='grc' dir='ltr'>Κραταιὼ-</span> 
     </span>
    </p>
   </div>
   <div class='ocr_carea' id='block_1_25' title="bbox 253 2406 1828 2478">
    <p class='ocr_par' dir='ltr' id='par_1_25' title="bbox 253 2406 1828 2478">
     <span class='ocr_line' id='line_1_25' title="bbox 253 2406 1828 2478; baseline 0.003 -21"><span class='ocrx_word' id='word_1_168' title='bbox 253 2407 422 2471; x_wconf 82' lang='grc' dir='ltr'>θητε,</span> <span class='ocrx_word' id='word_1_169' title='bbox 451 2407 717 2471; x_wconf 84' lang='grc' dir='ltr'>τουτέστι,</span> <span class='ocrx_word' id='word_1_170' title='bbox 764 2406 855 2477; x_wconf 86' lang='grc' dir='ltr'><strong>Μὴ</strong></span> <span class='ocrx_word' id='word_1_171' title='bbox 884 2406 1176 2477; x_wconf 85' lang='grc' dir='ltr'>χαυνοῦσθε</span> <span class='ocrx_word' id='word_1_172' title='bbox 1216 2408 1296 2470; x_wconf 86' lang='grc' dir='ltr'><strong>είς</strong></span> <span class='ocrx_word' id='word_1_173' title='bbox 1328 2407 1387 2461; x_wconf 85' lang='grc' dir='ltr'><strong>τὸ</strong></span> <span class='ocrx_word' id='word_1_174' title='bbox 1439 2408 1622 2478; x_wconf 77' lang='grc' dir='ltr'>ζητεῖν</span> <span class='ocrx_word' id='word_1_175' title='bbox 1648 2408 1828 2462; x_wconf 77' lang='grc' dir='ltr'><strong>αὐτόν.</strong></span> 
     </span>
    </p>
   </div>
   <div class='ocr_carea' id='block_1_26' title="bbox 252 2495 1829 2571">
    <p class='ocr_par' dir='ltr' id='par_1_26' title="bbox 252 2495 1829 2571">
     <span class='ocr_line' id='line_1_26' title="bbox 252 2495 1829 2571; baseline 0.002 -22"><span class='ocrx_word' id='word_1_176' title='bbox 252 2495 431 2549; x_wconf 85' lang='grc' dir='ltr'>Τοῦτο</span> <span class='ocrx_word' id='word_1_177' title='bbox 480 2496 537 2550; x_wconf 89' lang='grc' dir='ltr'><strong>δέ</strong></span> <span class='ocrx_word' id='word_1_178' title='bbox 576 2502 887 2569; x_wconf 80' lang='grc' dir='ltr'>προσφωνεῖ</span> <span class='ocrx_word' id='word_1_179' title='bbox 933 2500 1135 2563; x_wconf 82' lang='grc' dir='ltr'>αὐτοῖς,</span> <span class='ocrx_word' id='word_1_180' title='bbox 1186 2500 1262 2564; x_wconf 86' lang='grc' dir='ltr'>ὡς</span> <span class='ocrx_word' id='word_1_181' title='bbox 1297 2500 1570 2571; x_wconf 84' lang='grc' dir='ltr'>δεομένοις</span> <span class='ocrx_word' id='word_1_182' title='bbox 1599 2499 1829 2571; x_wconf 82' lang='grc' dir='ltr'>κράτους</span> 
     </span>
    </p>
   </div>
   <div class='ocr_carea' id='block_1_27' title="bbox 251 2587 1831 2660">
    <p class='ocr_par' dir='ltr' id='par_1_27' title="bbox 251 2587 1831 2660">
     <span class='ocr_line' id='line_1_27' title="bbox 251 2587 1831 2660; baseline 0.001 -19"><span class='ocrx_word' id='word_1_183' title='bbox 251 2587 356 2641; x_wconf 77' lang='grc' dir='ltr'>καὶ</span> <span class='ocrx_word' id='word_1_184' title='bbox 408 2588 689 2660; x_wconf 84' lang='grc' dir='ltr'>δυνάμεως</span> <span class='ocrx_word' id='word_1_185' title='bbox 738 2591 817 2654; x_wconf 90' lang='grc' dir='ltr'><strong>είς</strong></span> <span class='ocrx_word' id='word_1_186' title='bbox 869 2589 929 2643; x_wconf 84' lang='grc' dir='ltr'>τὸ</span> <span class='ocrx_word' id='word_1_187' title='bbox 980 2590 1195 2660; x_wconf 74' lang='grc' dir='ltr'>ἰσχῦσαι</span> <span class='ocrx_word' id='word_1_188' title='bbox 1245 2588 1307 2643; x_wconf 84' lang='grc' dir='ltr'>τὸ</span> <span class='ocrx_word' id='word_1_189' title='bbox 1362 2587 1831 2660; x_wconf 79' lang='grc' dir='ltr'>προστεταγμένον</span> 
     </span>
    </p>
   </div>
   <div class='ocr_carea' id='block_1_28' title="bbox 252 2676 1829 2751">
    <p class='ocr_par' dir='ltr' id='par_1_28' title="bbox 252 2676 1829 2751">
     <span class='ocr_line' id='line_1_28' title="bbox 252 2676 1829 2751; baseline 0.001 -22"><span class='ocrx_word' id='word_1_190' title='bbox 252 2677 501 2748; x_wconf 82' lang='grc' dir='ltr'>ποιῆσαι·</span> <span class='ocrx_word' id='word_1_191' title='bbox 531 2680 671 2751; x_wconf 84' lang='grc' dir='ltr'>ὅπερ</span> <span class='ocrx_word' id='word_1_192' title='bbox 701 2676 768 2751; x_wconf 80' lang='grc' dir='ltr'>ἦν</span> <span class='ocrx_word' id='word_1_193' title='bbox 794 2680 854 2734; x_wconf 80' lang='grc' dir='ltr'><strong>τὸ</strong></span> <span class='ocrx_word' id='word_1_194' title='bbox 888 2679 1066 2735; x_wconf 72' lang='grc' dir='ltr'>ἔθνεσι</span> <span class='ocrx_word' id='word_1_195' title='bbox 1093 2678 1347 2749; x_wconf 71' lang='grc' dir='ltr'>κηρύξαι,</span> <span class='ocrx_word' id='word_1_196' title='bbox 1384 2677 1607 2748; x_wconf 82' lang='grc' dir='ltr'>Ἕλλησί</span> <span class='ocrx_word' id='word_1_197' title='bbox 1639 2694 1700 2730; x_wconf 89' lang='grc' dir='ltr'><strong>τε</strong></span> <span class='ocrx_word' id='word_1_198' title='bbox 1732 2678 1829 2730; x_wconf 79' lang='grc' dir='ltr'>καὶ</span> 
     </span>
    </p>
   </div>
   <div class='ocr_carea' id='block_1_29' title="bbox 248 2767 1831 2842">
    <p class='ocr_par' dir='ltr' id='par_1_29' title="bbox 248 2767 1831 2842">
     <span class='ocr_line' id='line_1_29' title="bbox 248 2767 1831 2842; baseline 0 -21"><span class='ocrx_word' id='word_1_199' title='bbox 248 2768 573 2842; x_wconf 80' lang='grc' dir='ltr'>βαρϐάροις,</span> <span class='ocrx_word' id='word_1_200' title='bbox 602 2772 744 2825; x_wconf 81' lang='grc' dir='ltr'>κατὰ</span> <span class='ocrx_word' id='word_1_201' title='bbox 774 2772 854 2831; x_wconf 80' lang='grc' dir='ltr'><strong>τὸ.</strong></span> <span class='ocrx_word' id='word_1_202' title='bbox 891 2773 1105 2837; x_wconf 83' lang='grc' dir='ltr'>Κύριος</span> <span class='ocrx_word' id='word_1_203' title='bbox 1118 2770 1295 2823; x_wconf 83' lang='grc' dir='ltr'>δώσει</span> <span class='ocrx_word' id='word_1_204' title='bbox 1323 2767 1489 2837; x_wconf 79' lang='grc' dir='ltr'>ῥῆμα</span> <span class='ocrx_word' id='word_1_205' title='bbox 1512 2768 1635 2834; x_wconf 83' lang='grc' dir='ltr'><strong>τοῖς</strong></span> <span class='ocrx_word' id='word_1_206' title='bbox 1664 2770 1831 2835; x_wconf 63' lang='grc' dir='ltr'>εὐαν-</span> 
     </span>
    </p>
   </div>
   <div class='ocr_carea' id='block_1_30' title="bbox 245 2857 1830 2930">
    <p class='ocr_par' dir='ltr' id='par_1_30' title="bbox 245 2857 1830 2930">
     <span class='ocr_line' id='line_1_30' title="bbox 245 2857 1830 2930; baseline -0.001 -18"><span class='ocrx_word' id='word_1_207' title='bbox 245 2860 649 2930; x_wconf 76' lang='grc' dir='ltr'><strong>τελιζομένοις</strong></span> <span class='ocrx_word' id='word_1_208' title='bbox 680 2860 924 2930; x_wconf 80' lang='grc' dir='ltr'>δυνάμει</span> <span class='ocrx_word' id='word_1_209' title='bbox 954 2859 1176 2929; x_wconf 74' lang='grc' dir='ltr'><strong>πολλῇ.</strong></span> <span class='ocrx_word' id='word_1_210' title='bbox 1216 2860 1489 2914; x_wconf 89' lang='grc' dir='ltr'>Διδάσκων</span> <span class='ocrx_word' id='word_1_211' title='bbox 1516 2859 1571 2912; x_wconf 86' lang='grc' dir='ltr'>δὲ</span> <span class='ocrx_word' id='word_1_212' title='bbox 1599 2858 1713 2923; x_wconf 89' lang='grc' dir='ltr'><strong>πῶς</strong></span> <span class='ocrx_word' id='word_1_213' title='bbox 1749 2857 1830 2910; x_wconf 85' lang='grc' dir='ltr'><strong>δεῖ</strong></span> 
     </span>
    </p>
   </div>
   <div class='ocr_carea' id='block_1_31' title="bbox 244 2949 1828 3025">
    <p class='ocr_par' dir='ltr' id='par_1_31' title="bbox 244 2949 1828 3025">
     <span class='ocr_line' id='line_1_31' title="bbox 244 2949 1828 3025; baseline -0.002 -19"><span class='ocrx_word' id='word_1_214' title='bbox 244 2953 318 3006; x_wconf 78' lang='grc' dir='ltr'><strong>τὸ</strong></span> <span class='ocrx_word' id='word_1_215' title='bbox 340 2952 517 3025; x_wconf 81' lang='grc' dir='ltr'>ζητεῖν</span> <span class='ocrx_word' id='word_1_216' title='bbox 547 2958 738 3020; x_wconf 82' lang='grc' dir='ltr'>ποιεῖν,</span> <span class='ocrx_word' id='word_1_217' title='bbox 762 2955 854 3008; x_wconf 77' lang='grc' dir='ltr'><strong>καὶ</strong></span> <span class='ocrx_word' id='word_1_218' title='bbox 891 2955 970 3008; x_wconf 84' lang='grc' dir='ltr'><strong>ὃτι</strong></span> <span class='ocrx_word' id='word_1_219' title='bbox 992 2954 1091 3025; x_wconf 82' lang='grc' dir='ltr'><strong>οὐχ</strong></span> <span class='ocrx_word' id='word_1_220' title='bbox 1122 2953 1271 3018; x_wconf 72' lang='grc' dir='ltr'>ἅπαξ</span> <span class='ocrx_word' id='word_1_221' title='bbox 1304 2952 1337 3023; x_wconf 82' lang='grc' dir='ltr'>ἢ</span> <span class='ocrx_word' id='word_1_222' title='bbox 1365 2953 1466 3015; x_wconf 86' lang='grc' dir='ltr'><strong>δίς,</strong></span> <span class='ocrx_word' id='word_1_223' title='bbox 1510 2951 1644 3006; x_wconf 81' lang='grc' dir='ltr'>ἀλλὰ</span> <span class='ocrx_word' id='word_1_224' title='bbox 1676 2949 1828 3022; x_wconf 73' lang='grc' dir='ltr'>παρὰ</span> 
     </span>
    </p>
   </div>
   <div class='ocr_carea' id='block_1_32' title="bbox 245 3042 1825 3117">
    <p class='ocr_par' dir='ltr' id='par_1_32' title="bbox 245 3042 1825 3117">
     <span class='ocr_line' id='line_1_32' title="bbox 245 3042 1825 3117; baseline 0 -20"><span class='ocrx_word' id='word_1_225' title='bbox 245 3045 433 3103; x_wconf 80' lang='grc' dir='ltr'>πάντα</span> <span class='ocrx_word' id='word_1_226' title='bbox 455 3045 547 3099; x_wconf 84' lang='grc' dir='ltr'>τὸν</span> <span class='ocrx_word' id='word_1_227' title='bbox 570 3046 684 3116; x_wconf 85' lang='grc' dir='ltr'>βίον</span> <span class='ocrx_word' id='word_1_228' title='bbox 708 3046 808 3117; x_wconf 81' lang='grc' dir='ltr'>τὴν</span> <span class='ocrx_word' id='word_1_229' title='bbox 833 3045 1037 3101; x_wconf 78' lang='grc' dir='ltr'>ἄνωθεν</span> <span class='ocrx_word' id='word_1_230' title='bbox 1075 3044 1391 3115; x_wconf 78' lang='grc' dir='ltr'>ἐπικουρίαν</span> <span class='ocrx_word' id='word_1_231' title='bbox 1429 3044 1694 3115; x_wconf 84' lang='grc' dir='ltr'>προσήκει</span> <span class='ocrx_word' id='word_1_232' title='bbox 1727 3042 1825 3113; x_wconf 77' lang='grc' dir='ltr'><strong>ζη-</strong></span> 
     </span>
    </p>
   </div>
   <div class='ocr_carea' id='block_1_33' title="bbox 244 3135 1824 3198">
    <p class='ocr_par' dir='ltr' id='par_1_33' title="bbox 244 3135 1824 3198">
     <span class='ocr_line' id='line_1_33' title="bbox 244 3135 1824 3198; baseline -0.002 -9"><span class='ocrx_word' id='word_1_233' title='bbox 244 3138 366 3189; x_wconf 82' lang='grc' dir='ltr'>τεῖν</span> <span class='ocrx_word' id='word_1_234' title='bbox 393 3137 485 3190; x_wconf 71' lang='grc' dir='ltr'><strong>καὶ</strong></span> <span class='ocrx_word' id='word_1_235' title='bbox 514 3137 611 3198; x_wconf 83' lang='grc' dir='ltr'>τὴν</span> <span class='ocrx_word' id='word_1_236' title='bbox 647 3136 908 3198; x_wconf 83' lang='grc' dir='ltr'><strong>ὠφέλειαν</strong></span> <span class='ocrx_word' id='word_1_237' title='bbox 954 3135 1317 3198; x_wconf 81' lang='grc' dir='ltr'>καρποῦσθαι,</span> <span class='ocrx_word' id='word_1_238' title='bbox 1345 3136 1611 3198; x_wconf 81' lang='grc' dir='ltr'>ἐπήγαγε·</span> <span class='ocrx_word' id='word_1_239' title='bbox 1636 3135 1824 3198; x_wconf 77' lang='grc' dir='ltr'><strong>Ζητή-</strong></span> 
     </span>
    </p>
   </div>
   <div class='ocr_carea' id='block_1_34' title="bbox 545 3135 3495 3299">
    <p class='ocr_par' dir='ltr' id='par_1_34' title="bbox 545 3135 3495 3299">
     <span class='ocr_line' id='line_1_34' title="bbox 545 3135 3494 3223; baseline 0 -34"><span class='ocrx_word' id='word_1_240' title='bbox 545 3137 611 3208; x_wconf 84' lang='grc' dir='ltr'><strong>ὴν</strong></span> <span class='ocrx_word' id='word_1_241' title='bbox 647 3136 908 3207; x_wconf 82' lang='grc' dir='ltr'><strong>ὠφέλειαν</strong></span> <span class='ocrx_word' id='word_1_242' title='bbox 954 3135 1317 3207; x_wconf 80' lang='grc' dir='ltr'>καρποῦσθαι,</span> <span class='ocrx_word' id='word_1_243' title='bbox 1345 3136 1611 3206; x_wconf 80' lang='grc' dir='ltr'>ἐπήγαγε·</span> <span class='ocrx_word' id='word_1_244' title='bbox 1636 3135 1824 3203; x_wconf 77' lang='grc' dir='ltr'><strong>Ζητή-</strong></span> <span class='ocrx_word' id='word_1_245' title='bbox 1850 3163 1894 3223; x_wconf 75' lang='lat' dir='ltr'><strong>c</strong></span> <span class='ocrx_word' id='word_1_246' title='bbox 1926 3153 2064 3213; x_wconf 89' lang='lat' dir='ltr'><strong>opus</strong></span> <span class='ocrx_word' id='word_1_247' title='bbox 2096 3138 2188 3205; x_wconf 97' lang='lat' dir='ltr'><strong>sit,</strong></span> <span class='ocrx_word' id='word_1_248' title='bbox 2248 3147 2410 3208; x_wconf 86' lang='lat' dir='ltr'><strong>atque</strong></span> <span class='ocrx_word' id='word_1_249' title='bbox 2452 3138 2580 3199; x_wconf 90' lang='lat' dir='ltr'><strong>hinc</strong></span> <span class='ocrx_word' id='word_1_250' title='bbox 2627 3140 2914 3195; x_wconf 73' lang='lat' dir='ltr'><strong>utilitatem</strong></span> <span class='ocrx_word' id='word_1_251' title='bbox 2952 3152 3166 3208; x_wconf 83' lang='lat' dir='ltr'><strong>capere.</strong></span> <span class='ocrx_word' id='word_1_252' title='bbox 3207 3135 3494 3191; x_wconf 82' lang='lat' dir='ltr'><strong>Subsumit</strong></span> 
     </span>
     <span class='ocr_line' id='line_1_35' title="bbox 549 3226 3495 3299; baseline -0 -18"><span class='ocrx_word' id='word_1_253' title='bbox 549 3228 872 3297; x_wconf 64' lang='grc' dir='ltr'><strong>πρόσωπον⁵</strong></span> <span class='ocrx_word' id='word_1_254' title='bbox 919 3227 1104 3283; x_wconf 84' lang='grc' dir='ltr'>αὐτοῦ</span> <span class='ocrx_word' id='word_1_255' title='bbox 1146 3226 1490 3298; x_wconf 79' lang='grc' dir='ltr'>διαπαντός·</span> <span class='ocrx_word' id='word_1_256' title='bbox 1524 3226 1585 3283; x_wconf 82' lang='grc' dir='ltr'>οὐ</span> <span class='ocrx_word' id='word_1_257' title='bbox 1643 3226 1823 3299; x_wconf 78' lang='grc' dir='ltr'>τρίτον</span> <span class='ocrx_word' id='word_1_258' title='bbox 1882 3226 1885 3227; x_wconf 57' lang='grc'><strong><em>⁷</em></strong></span> <span class='ocrx_word' id='word_1_259' title='bbox 1925 3228 2119 3285; x_wconf 88' lang='lat' dir='ltr'><strong>deinde</strong></span> <span class='ocrx_word' id='word_1_260' title='bbox 2145 3247 2159 3284; x_wconf 91' lang='lat'><strong>:</strong></span> <span class='ocrx_word' id='word_1_261' title='bbox 2185 3228 2419 3297; x_wconf 81' lang='lat' dir='ltr'><strong>Quwrite</strong></span> <span class='ocrx_word' id='word_1_262' title='bbox 2452 3230 2640 3299; x_wconf 78' lang='lat' dir='ltr'><strong>faciem</strong></span> <span class='ocrx_word' id='word_1_263' title='bbox 2670 3231 2782 3297; x_wconf 79' lang='lat' dir='ltr'><strong>ejus</strong></span> <span class='ocrx_word' id='word_1_264' title='bbox 2811 3245 3027 3297; x_wconf 80' lang='lat' dir='ltr'><strong>semper.</strong></span> <span class='ocrx_word' id='word_1_265' title='bbox 3048 3227 3167 3284; x_wconf 84' lang='lat' dir='ltr'><strong>Non</strong></span> <span class='ocrx_word' id='word_1_266' title='bbox 3201 3238 3284 3282; x_wconf 87' lang='lat' dir='ltr'><strong>ter</strong></span> <span class='ocrx_word' id='word_1_267' title='bbox 3313 3227 3369 3281; x_wconf 91' lang='lat' dir='ltr'><strong>in</strong></span> <span class='ocrx_word' id='word_1_268' title='bbox 3395 3240 3495 3281; x_wconf 87' lang='lat' dir='ltr'><strong>an-</strong></span> 
     </span>
    </p>
   </div>
   <div class='ocr_carea' id='block_1_35' title="bbox 244 3226 1823 3299">
    <p class='ocr_par' dir='ltr' id='par_1_35' title="bbox 244 3226 1823 3299">
     <span class='ocr_line' id='line_1_36' title="bbox 244 3226 1823 3299; baseline 0.001 -20"><span class='ocrx_word' id='word_1_269' title='bbox 244 3241 401 3284; x_wconf 83' lang='grc' dir='ltr'>σατε</span> <span class='ocrx_word' id='word_1_270' title='bbox 448 3226 516 3281; x_wconf 86' lang='grc' dir='ltr'><strong>τὸ</strong></span> <span class='ocrx_word' id='word_1_271' title='bbox 549 3228 872 3297; x_wconf 63' lang='grc' dir='ltr'><strong>πρόσωπον⁵</strong></span> <span class='ocrx_word' id='word_1_272' title='bbox 919 3227 1104 3283; x_wconf 83' lang='grc' dir='ltr'>αὑτοῦ</span> <span class='ocrx_word' id='word_1_273' title='bbox 1146 3226 1490 3298; x_wconf 78' lang='grc' dir='ltr'>διαπαντός·</span> <span class='ocrx_word' id='word_1_274' title='bbox 1524 3226 1585 3283; x_wconf 83' lang='grc' dir='ltr'>οὐ</span> <span class='ocrx_word' id='word_1_275' title='bbox 1643 3226 1823 3299; x_wconf 83' lang='grc' dir='ltr'>τρίτον</span> 
     </span>
    </p>
   </div>
   <div class='ocr_carea' id='block_1_36' title="bbox 243 3316 1825 3389">
    <p class='ocr_par' dir='ltr' id='par_1_36' title="bbox 243 3316 1825 3389">
     <span class='ocr_line' id='line_1_37' title="bbox 243 3316 1825 3389; baseline 0.001 -19"><span class='ocrx_word' id='word_1_276' title='bbox 243 3316 346 3370; x_wconf 89' lang='grc' dir='ltr'>τοῦ</span> <span class='ocrx_word' id='word_1_277' title='bbox 373 3319 639 3385; x_wconf 77' lang='grc' dir='ltr'>ἐνιαυτοῦ,</span> <span class='ocrx_word' id='word_1_278' title='bbox 667 3320 807 3372; x_wconf 78' lang='grc' dir='ltr'>κατά</span> <span class='ocrx_word' id='word_1_279' title='bbox 842 3319 932 3372; x_wconf 82' lang='grc' dir='ltr'>τὸν</span> <span class='ocrx_word' id='word_1_280' title='bbox 961 3318 1066 3373; x_wconf 78' lang='grc' dir='ltr'><strong>ὑπὸ</strong></span> <span class='ocrx_word' id='word_1_281' title='bbox 1096 3319 1373 3383; x_wconf 83' lang='grc' dir='ltr'>Μωῦσέως</span> <span class='ocrx_word' id='word_1_282' title='bbox 1404 3318 1622 3377; x_wconf 81' lang='grc' dir='ltr'>δοθέντα</span> <span class='ocrx_word' id='word_1_283' title='bbox 1661 3318 1825 3389; x_wconf 85' lang='grc' dir='ltr'>νόμον</span> 
     </span>
    </p>
   </div>
   <div class='ocr_carea' id='block_1_37' title="bbox 244 3409 1820 3482">
    <p class='ocr_par' dir='ltr' id='par_1_37' title="bbox 244 3409 1820 3482">
     <span class='ocr_line' id='line_1_38' title="bbox 244 3409 1820 3482; baseline -0.001 -19"><span class='ocrx_word' id='word_1_284' title='bbox 244 3409 483 3473; x_wconf 76' lang='grc' dir='ltr'>ἐνώπιον</span> <span class='ocrx_word' id='word_1_285' title='bbox 510 3409 674 3465; x_wconf 83' lang='grc' dir='ltr'>αὐτοῦ</span> <span class='ocrx_word' id='word_1_286' title='bbox 700 3411 1030 3481; x_wconf 85' lang='grc' dir='ltr'>φαινόμενοι,</span> <span class='ocrx_word' id='word_1_287' title='bbox 1052 3409 1184 3464; x_wconf 78' lang='grc' dir='ltr'>ἀλλὰ</span> <span class='ocrx_word' id='word_1_288' title='bbox 1210 3409 1364 3482; x_wconf 65' lang='grc' dir='ltr'>παρέι</span> <span class='ocrx_word' id='word_1_289' title='bbox 1382 3410 1557 3464; x_wconf 89' lang='grc' dir='ltr'>πάντα</span> <span class='ocrx_word' id='word_1_290' title='bbox 1570 3410 1660 3463; x_wconf 81' lang='grc' dir='ltr'>τὸν</span> <span class='ocrx_word' id='word_1_291' title='bbox 1689 3409 1820 3480; x_wconf 86' lang='grc' dir='ltr'>βίον.</span> 
     </span>
    </p>
   </div>
   <div class='ocr_carea' id='block_1_38' title="bbox 245 3500 1824 3577">
    <p class='ocr_par' dir='ltr' id='par_1_38' title="bbox 245 3500 1824 3577">
     <span class='ocr_line' id='line_1_39' title="bbox 245 3500 1824 3577; baseline -0.001 -21"><span class='ocrx_word' id='word_1_292' title='bbox 245 3503 547 3573; x_wconf 85' lang='grc' dir='ltr'>Πρόσωπον</span> <span class='ocrx_word' id='word_1_293' title='bbox 574 3503 629 3556; x_wconf 83' lang='grc' dir='ltr'><strong>δέ</strong></span> <span class='ocrx_word' id='word_1_294' title='bbox 647 3502 878 3556; x_wconf 86' lang='grc' dir='ltr'>ἐνταῦθα</span> <span class='ocrx_word' id='word_1_295' title='bbox 906 3503 1006 3574; x_wconf 81' lang='grc' dir='ltr'>τὴν</span> <span class='ocrx_word' id='word_1_296' title='bbox 1026 3503 1344 3571; x_wconf 79' lang='grc' dir='ltr'>ἐπιφάνειαν</span> <span class='ocrx_word' id='word_1_297' title='bbox 1371 3500 1533 3555; x_wconf 78' lang='grc' dir='ltr'>αὐτοῦ</span> <span class='ocrx_word' id='word_1_298' title='bbox 1555 3502 1707 3577; x_wconf 74' lang='grc' dir='ltr'>φησὶ,</span> <span class='ocrx_word' id='word_1_299' title='bbox 1726 3500 1824 3572; x_wconf 82' lang='grc' dir='ltr'>τὴν</span> 
     </span>
    </p>
   </div>
   <div class='ocr_carea' id='block_1_39' title="bbox 243 3588 1824 3663">
    <p class='ocr_par' dir='ltr' id='par_1_39' title="bbox 243 3588 1824 3663">
     <span class='ocr_line' id='line_1_40' title="bbox 243 3588 1824 3663; baseline 0.001 -22"><span class='ocrx_word' id='word_1_300' title='bbox 243 3589 571 3660; x_wconf 74' lang='grc' dir='ltr'>ἐπισκοπὴν,</span> <span class='ocrx_word' id='word_1_301' title='bbox 602 3588 700 3661; x_wconf 87' lang='grc' dir='ltr'><strong>τὴν</strong></span> <span class='ocrx_word' id='word_1_302' title='bbox 732 3589 1006 3661; x_wconf 71' lang='grc' dir='ltr'>πρόνοιαν,</span> <span class='ocrx_word' id='word_1_303' title='bbox 1048 3589 1146 3663; x_wconf 80' lang='grc' dir='ltr'>τὴν</span> <span class='ocrx_word' id='word_1_304' title='bbox 1176 3590 1520 3663; x_wconf 88' lang='grc' dir='ltr'>κηδεμονίαν,</span> <span class='ocrx_word' id='word_1_305' title='bbox 1553 3590 1650 3661; x_wconf 84' lang='grc' dir='ltr'>τὴν</span> <span class='ocrx_word' id='word_1_306' title='bbox 1697 3589 1824 3661; x_wconf 73' lang='grc' dir='ltr'><strong>βοή-</strong></span> 
     </span>
    </p>
   </div>
   <div class='ocr_carea' id='block_1_40' title="bbox 247 3678 1824 3753">
    <p class='ocr_par' dir='ltr' id='par_1_40' title="bbox 247 3678 1824 3753">
     <span class='ocr_line' id='line_1_41' title="bbox 247 3678 1824 3753; baseline 0.002 -23"><span class='ocrx_word' id='word_1_307' title='bbox 247 3678 423 3742; x_wconf 76' lang='grc' dir='ltr'>θειαν,</span> <span class='ocrx_word' id='word_1_308' title='bbox 450 3678 547 3749; x_wconf 80' lang='grc' dir='ltr'><strong>τὴν</strong></span> <span class='ocrx_word' id='word_1_309' title='bbox 571 3680 905 3749; x_wconf 87' lang='grc' dir='ltr'>συμμαχίαν,</span> <span class='ocrx_word' id='word_1_310' title='bbox 929 3680 1029 3750; x_wconf 82' lang='grc' dir='ltr'><strong>τὴν</strong></span> <span class='ocrx_word' id='word_1_311' title='bbox 1048 3680 1263 3737; x_wconf 76' lang='grc' dir='ltr'>ἔννοιαν</span> <span class='ocrx_word' id='word_1_312' title='bbox 1280 3680 1379 3753; x_wconf 82' lang='grc' dir='ltr'>τὴν</span> <span class='ocrx_word' id='word_1_313' title='bbox 1401 3683 1528 3752; x_wconf 78' lang='grc' dir='ltr'>περὶ</span> <span class='ocrx_word' id='word_1_314' title='bbox 1547 3681 1729 3741; x_wconf 63' lang='grc' dir='ltr'>αὐτόν,</span> <span class='ocrx_word' id='word_1_315' title='bbox 1752 3680 1824 3735; x_wconf 81' lang='grc' dir='ltr'><strong>Τὸ</strong></span> 
     </span>
    </p>
   </div>
   <div class='ocr_carea' id='block_1_41' title="bbox 246 3770 1822 3843">
    <p class='ocr_par' dir='ltr' id='par_1_41' title="bbox 246 3770 1822 3843">
     <span class='ocr_line' id='line_1_42' title="bbox 246 3770 1822 3843; baseline 0.003 -21"><span class='ocrx_word' id='word_1_316' title='bbox 246 3770 360 3841; x_wconf 76' lang='grc' dir='ltr'><strong>γὰρ</strong></span> <span class='ocrx_word' id='word_1_317' title='bbox 390 3770 487 3841; x_wconf 83' lang='grc' dir='ltr'>τῆς</span> <span class='ocrx_word' id='word_1_318' title='bbox 507 3770 696 3835; x_wconf 81' lang='grc' dir='ltr'>οὐσίας</span> <span class='ocrx_word' id='word_1_319' title='bbox 734 3772 1021 3842; x_wconf 80' lang='grc' dir='ltr'>πρόσωπον</span> <span class='ocrx_word' id='word_1_320' title='bbox 1040 3771 1211 3833; x_wconf 73' lang='grc' dir='ltr'>οὐδεὶς</span> <span class='ocrx_word' id='word_1_321' title='bbox 1234 3770 1422 3841; x_wconf 75' lang='grc' dir='ltr'>ὄψεται</span> <span class='ocrx_word' id='word_1_322' title='bbox 1448 3773 1540 3825; x_wconf 59' lang='grc' dir='ltr'><strong>καὶ⁵</strong></span> <span class='ocrx_word' id='word_1_323' title='bbox 1581 3771 1822 3843; x_wconf 72' lang='grc' dir='ltr'>ζήσεται.</span> 
     </span>
    </p>
   </div>
   <div class='ocr_carea' id='block_1_42' title="bbox 246 3860 1189 3933">
    <p class='ocr_par' dir='ltr' id='par_1_42' title="bbox 246 3860 1189 3933">
     <span class='ocr_line' id='line_1_43' title="bbox 246 3860 1189 3933; baseline -0.003 -14"><span class='ocrx_word' id='word_1_324' title='bbox 246 3861 549 3933; x_wconf 80' lang='grc' dir='ltr'>Πρόσωπον</span> <span class='ocrx_word' id='word_1_325' title='bbox 578 3861 636 3915; x_wconf 86' lang='grc' dir='ltr'>δὲ</span> <span class='ocrx_word' id='word_1_326' title='bbox 663 3860 827 3916; x_wconf 81' lang='grc' dir='ltr'>αὑτοῦ</span> <span class='ocrx_word' id='word_1_327' title='bbox 860 3862 956 3916; x_wconf 74' lang='grc' dir='ltr'>καὶ</span> <span class='ocrx_word' id='word_1_328' title='bbox 982 3863 1012 3916; x_wconf 83' lang='grc' dir='ltr'><strong>δ</strong></span> <span class='ocrx_word' id='word_1_329' title='bbox 1040 3861 1189 3926; x_wconf 81' lang='grc' dir='ltr'><strong>Υίὸς.</strong></span> 
     </span>
    </p>
   </div>
   <div class='ocr_carea' id='block_1_43' title="bbox 321 3946 1820 4022">
    <p class='ocr_par' dir='ltr' id='par_1_43' title="bbox 321 3946 1820 4022">
     <span class='ocr_line' id='line_1_44' title="bbox 321 3946 1820 4022; baseline 0.001 -17"><span class='ocrx_word' id='word_1_330' title='bbox 321 3949 639 4019; x_wconf 75' lang='grc' dir='ltr'>Μνήσθητε</span> <span class='ocrx_word' id='word_1_331' title='bbox 678 3951 795 4006; x_wconf 81' lang='grc' dir='ltr'><strong>τῶν</strong></span> <span class='ocrx_word' id='word_1_332' title='bbox 825 3952 1172 4022; x_wconf 75' lang='grc' dir='ltr'>θαυμασίων</span> <span class='ocrx_word' id='word_1_333' title='bbox 1213 3952 1401 4011; x_wconf 83' lang='grc' dir='ltr'>αὐτοῦ</span> <span class='ocrx_word' id='word_1_334' title='bbox 1437 3946 1525 4011; x_wconf 84' lang='grc' dir='ltr'><strong>ὧν</strong></span> <span class='ocrx_word' id='word_1_335' title='bbox 1551 3951 1820 4021; x_wconf 80' lang='grc' dir='ltr'>ἐποίησε,</span> 
     </span>
    </p>
   </div>
   <div class='ocr_carea' id='block_1_44' title="bbox 247 4042 1824 4117">
    <p class='ocr_par' dir='ltr' id='par_1_44' title="bbox 247 4042 1824 4117">
     <span class='ocr_line' id='line_1_45' title="bbox 247 4042 1824 4117; baseline -0.002 -17"><span class='ocrx_word' id='word_1_336' title='bbox 247 4042 326 4100; x_wconf 80' lang='grc' dir='ltr'><strong>τὰ</strong></span> <span class='ocrx_word' id='word_1_337' title='bbox 355 4042 567 4110; x_wconf 83' lang='grc' dir='ltr'>τέρατα</span> <span class='ocrx_word' id='word_1_338' title='bbox 593 4043 781 4099; x_wconf 86' lang='grc' dir='ltr'>αὑτοῦ</span> <span class='ocrx_word' id='word_1_339' title='bbox 821 4044 919 4099; x_wconf 78' lang='grc' dir='ltr'>καὶ</span> <span class='ocrx_word' id='word_1_340' title='bbox 966 4043 1039 4099; x_wconf 84' lang='grc' dir='ltr'><strong>τὰ</strong></span> <span class='ocrx_word' id='word_1_341' title='bbox 1080 4045 1332 4115; x_wconf 84' lang='grc' dir='ltr'>κρίματα</span> <span class='ocrx_word' id='word_1_342' title='bbox 1373 4044 1481 4099; x_wconf 84' lang='grc' dir='ltr'>τοῦ</span> <span class='ocrx_word' id='word_1_343' title='bbox 1528 4045 1824 4117; x_wconf 81' lang='grc' dir='ltr'><strong>στόματος</strong></span> 
     </span>
    </p>
   </div>
   <div class='ocr_carea' id='block_1_45' title="bbox 248 4135 1823 4215">
    <p class='ocr_par' dir='ltr' id='par_1_45' title="bbox 248 4135 1823 4215">
     <span class='ocr_line' id='line_1_46' title="bbox 248 4135 1823 4215; baseline 0.001 -27"><span class='ocrx_word' id='word_1_344' title='bbox 248 4135 470 4195; x_wconf 72' lang='grc' dir='ltr'>αὐτοῦ’</span> <span class='ocrx_word' id='word_1_345' title='bbox 505 4136 613 4189; x_wconf 75' lang='grc' dir='ltr'>εἴτε</span> <span class='ocrx_word' id='word_1_346' title='bbox 652 4135 763 4190; x_wconf 88' lang='grc' dir='ltr'>τῶν</span> <span class='ocrx_word' id='word_1_347' title='bbox 793 4135 853 4190; x_wconf 86' lang='grc' dir='ltr'><strong>ἐν</strong></span> <span class='ocrx_word' id='word_1_348' title='bbox 986 4136 1209 4208; x_wconf 67' lang='grc' dir='ltr'>Παλαιᾷ,</span> <span class='ocrx_word' id='word_1_349' title='bbox 1230 4137 1443 4213; x_wconf 75' lang='grc' dir='ltr'>Γραφῇ,</span> <span class='ocrx_word' id='word_1_350' title='bbox 1474 4136 1582 4189; x_wconf 83' lang='grc' dir='ltr'>εἴτε</span> <span class='ocrx_word' id='word_1_351' title='bbox 1618 4135 1726 4189; x_wconf 87' lang='grc' dir='ltr'><strong>τῶν</strong></span> <span class='ocrx_word' id='word_1_352' title='bbox 1765 4137 1823 4190; x_wconf 88' lang='grc' dir='ltr'><strong>ἐν</strong></span> 
     </span>
    </p>
   </div>
   <div class='ocr_carea' id='block_1_46' title="bbox 248 4226 1823 4300">
    <p class='ocr_par' dir='ltr' id='par_1_46' title="bbox 248 4226 1823 4300">
     <span class='ocr_line' id='line_1_47' title="bbox 248 4226 1823 4300; baseline 0 -20"><span class='ocrx_word' id='word_1_353' title='bbox 248 4228 365 4290; x_wconf 82' lang='grc' dir='ltr'>τοῖς</span> <span class='ocrx_word' id='word_1_354' title='bbox 404 4227 777 4297; x_wconf 85' lang='grc' dir='ltr'>Εὐαγγελίοις.</span> <span class='ocrx_word' id='word_1_355' title='bbox 810 4226 995 4281; x_wconf 88' lang='grc' dir='ltr'>Ταῦτα</span> <span class='ocrx_word' id='word_1_356' title='bbox 1024 4228 1130 4299; x_wconf 83' lang='grc' dir='ltr'>γὰρ</span> <span class='ocrx_word' id='word_1_357' title='bbox 1159 4228 1341 4300; x_wconf 76' lang='grc' dir='ltr'>δεήσει</span> <span class='ocrx_word' id='word_1_358' title='bbox 1376 4229 1519 4297; x_wconf 75' lang='grc' dir='ltr'>ὑμᾶς</span> <span class='ocrx_word' id='word_1_359' title='bbox 1553 4228 1679 4291; x_wconf 83' lang='grc' dir='ltr'>τοὺς</span> <span class='ocrx_word' id='word_1_360' title='bbox 1715 4227 1823 4281; x_wconf 88' lang='grc' dir='ltr'><strong>τῶν</strong></span> 
     </span>
    </p>
   </div>
   <div class='ocr_carea' id='block_1_47' title="bbox 251 4318 1824 4391">
    <p class='ocr_par' dir='ltr' id='par_1_47' title="bbox 251 4318 1824 4391">
     <span class='ocr_line' id='line_1_48' title="bbox 251 4318 1824 4391; baseline 0 -20"><span class='ocrx_word' id='word_1_361' title='bbox 251 4318 422 4372; x_wconf 84' lang='grc' dir='ltr'>ἐθνῶν</span> <span class='ocrx_word' id='word_1_362' title='bbox 450 4320 696 4391; x_wconf 82' lang='grc' dir='ltr'>κήρυκας</span> <span class='ocrx_word' id='word_1_363' title='bbox 734 4321 815 4385; x_wconf 86' lang='grc' dir='ltr'><strong>είς</strong></span> <span class='ocrx_word' id='word_1_364' title='bbox 855 4321 1034 4379; x_wconf 84' lang='grc' dir='ltr'>πάντα</span> <span class='ocrx_word' id='word_1_365' title='bbox 1075 4318 1143 4373; x_wconf 83' lang='grc' dir='ltr'><strong>τά</strong></span> <span class='ocrx_word' id='word_1_366' title='bbox 1183 4319 1311 4390; x_wconf 75' lang='grc' dir='ltr'>ἔθνη</span> <span class='ocrx_word' id='word_1_367' title='bbox 1351 4318 1656 4378; x_wconf 82' lang='grc' dir='ltr'>διαδοῦναι’</span> <span class='ocrx_word' id='word_1_368' title='bbox 1703 4319 1824 4372; x_wconf 75' lang='grc' dir='ltr'>ἐπεὶ</span> 
     </span>
    </p>
   </div>
   <div class='ocr_carea' id='block_1_48' title="bbox 254 4409 1817 4487">
    <p class='ocr_par' dir='ltr' id='par_1_48' title="bbox 254 4409 1817 4487">
     <span class='ocr_line' id='line_1_49' title="bbox 254 4409 1817 4487; baseline 0.001 -26"><span class='ocrx_word' id='word_1_369' title='bbox 254 4409 331 4487; x_wconf 82' lang='grc' dir='ltr'><strong>μὴ</strong></span> <span class='ocrx_word' id='word_1_370' title='bbox 372 4409 634 4481; x_wconf 85' lang='grc' dir='ltr'>πρότερον</span> <span class='ocrx_word' id='word_1_371' title='bbox 674 4410 812 4465; x_wconf 82' lang='grc' dir='ltr'>αὐτά</span> <span class='ocrx_word' id='word_1_372' title='bbox 852 4410 1004 4482; x_wconf 87' lang='grc' dir='ltr'>παρά</span> <span class='ocrx_word' id='word_1_373' title='bbox 1040 4427 1184 4475; x_wconf 86' lang='grc' dir='ltr'>τινος</span> <span class='ocrx_word' id='word_1_374' title='bbox 1228 4410 1387 4466; x_wconf 82' lang='grc' dir='ltr'>ἄλλου</span> <span class='ocrx_word' id='word_1_375' title='bbox 1421 4410 1817 4481; x_wconf 77' lang='grc' dir='ltr'>μεμαθήκασιν.</span> 
     </span>
    </p>
   </div>
   <div class='ocr_carea' id='block_1_49' title="bbox 1945 576 3511 649">
    <p class='ocr_par' dir='ltr' id='par_1_49' title="bbox 1945 576 3511 649">
     <span class='ocr_line' id='line_1_50' title="bbox 1945 576 3511 649; baseline 0.002 -16"><span class='ocrx_word' id='word_1_376' title='bbox 1945 580 2047 634; x_wconf 91' lang='lat' dir='ltr'><strong>bus</strong></span> <span class='ocrx_word' id='word_1_377' title='bbox 2077 579 2333 648; x_wconf 87' lang='lat' dir='ltr'><strong>pretiosis</strong></span> <span class='ocrx_word' id='word_1_378' title='bbox 2358 576 2557 648; x_wconf 84' lang='lat' dir='ltr'><strong>agitur,</strong></span> <span class='ocrx_word' id='word_1_379' title='bbox 2594 578 2780 646; x_wconf 88' lang='lat' dir='ltr'><strong>peritis</strong></span> <span class='ocrx_word' id='word_1_380' title='bbox 2808 588 2893 634; x_wconf 91' lang='lat' dir='ltr'><strong>est</strong></span> <span class='ocrx_word' id='word_1_381' title='bbox 2916 594 3076 649; x_wconf 90' lang='lat' dir='ltr'><strong>opus,</strong></span> <span class='ocrx_word' id='word_1_382' title='bbox 3107 589 3161 635; x_wconf 90' lang='lat' dir='ltr'><strong>ct</strong></span> <span class='ocrx_word' id='word_1_383' title='bbox 3186 580 3233 635; x_wconf 91' lang='lat' dir='ltr'><strong>si</strong></span> <span class='ocrx_word' id='word_1_384' title='bbox 3266 581 3511 636; x_wconf 83' lang='lat' dir='ltr'><strong>urinato-</strong></span> 
     </span>
    </p>
   </div>
   <div class='ocr_carea' id='block_1_50' title="bbox 1944 670 3509 743">
    <p class='ocr_par' dir='ltr' id='par_1_50' title="bbox 1944 670 3509 743">
     <span class='ocr_line' id='line_1_51' title="bbox 1944 670 3509 743; baseline 0.001 -16"><span class='ocrx_word' id='word_1_385' title='bbox 1944 686 2033 727; x_wconf 86' lang='lat' dir='ltr'><strong>res</strong></span> <span class='ocrx_word' id='word_1_386' title='bbox 2064 671 2236 725; x_wconf 91' lang='lat' dir='ltr'><strong>multa</strong></span> <span class='ocrx_word' id='word_1_387' title='bbox 2268 670 2497 725; x_wconf 87' lang='lat' dir='ltr'><strong>scientia</strong></span> <span class='ocrx_word' id='word_1_388' title='bbox 2529 678 2725 740; x_wconf 82' lang='lat' dir='ltr'><strong>egent,</strong></span> <span class='ocrx_word' id='word_1_389' title='bbox 2754 672 2926 726; x_wconf 87' lang='lat' dir='ltr'><strong>multo</strong></span> <span class='ocrx_word' id='word_1_390' title='bbox 2950 672 3122 743; x_wconf 89' lang='lat' dir='ltr'><strong>magis</strong></span> <span class='ocrx_word' id='word_1_391' title='bbox 3148 688 3272 727; x_wconf 89' lang='lat' dir='ltr'><strong>cum</strong></span> <span class='ocrx_word' id='word_1_392' title='bbox 3302 673 3369 727; x_wconf 90' lang='lat' dir='ltr'><strong>de</strong></span> <span class='ocrx_word' id='word_1_393' title='bbox 3398 672 3509 728; x_wconf 90' lang='lat' dir='ltr'><strong>Deo</strong></span> 
     </span>
    </p>
   </div>
   <div class='ocr_carea' id='block_1_51' title="bbox 1942 761 3507 834">
    <p class='ocr_par' dir='ltr' id='par_1_51' title="bbox 1942 761 3507 834">
     <span class='ocr_line' id='line_1_52' title="bbox 1942 761 3507 834; baseline 0 -17"><span class='ocrx_word' id='word_1_394' title='bbox 1942 764 2140 834; x_wconf 87' lang='lat' dir='ltr'><strong>agitur.</strong></span> <span class='ocrx_word' id='word_1_395' title='bbox 2182 761 2347 815; x_wconf 89' lang='lat' dir='ltr'><strong>Multa</strong></span> <span class='ocrx_word' id='word_1_396' title='bbox 2373 761 2517 815; x_wconf 86' lang='lat' dir='ltr'><strong>enim</strong></span> <span class='ocrx_word' id='word_1_397' title='bbox 2544 761 2929 831; x_wconf 77' lang='lat' dir='ltr'><strong>impedimento</strong></span> <span class='ocrx_word' id='word_1_398' title='bbox 2949 772 3077 819; x_wconf 87' lang='lat' dir='ltr'><strong>sunt</strong></span> <span class='ocrx_word' id='word_1_399' title='bbox 3100 763 3393 833; x_wconf 88' lang='lat' dir='ltr'><strong>quominus</strong></span> <span class='ocrx_word' id='word_1_400' title='bbox 3420 764 3507 817; x_wconf 84' lang='lat' dir='ltr'><strong>in-</strong></span> 
     </span>
    </p>
   </div>
   <div class='ocr_carea' id='block_1_52' title="bbox 1942 847 3515 923">
    <p class='ocr_par' dir='ltr' id='par_1_52' title="bbox 1942 847 3515 923">
     <span class='ocr_line' id='line_1_53' title="bbox 1942 847 3515 923; baseline 0.002 -16"><span class='ocrx_word' id='word_1_401' title='bbox 1942 853 2215 918; x_wconf 83' lang='lat' dir='ltr'><strong>veniatur,</strong></span> <span class='ocrx_word' id='word_1_402' title='bbox 2274 854 2614 923; x_wconf 81' lang='lat' dir='ltr'><strong>negotiorum</strong></span> <span class='ocrx_word' id='word_1_403' title='bbox 2672 853 2963 917; x_wconf 89' lang='lat' dir='ltr'><strong>t-umultus,</strong></span> <span class='ocrx_word' id='word_1_404' title='bbox 3012 856 3196 909; x_wconf 88' lang='lat' dir='ltr'><strong>carnis</strong></span> <span class='ocrx_word' id='word_1_405' title='bbox 3244 847 3515 917; x_wconf 39' lang='lat' dir='ltr'><strong>insultus,’</strong></span> 
     </span>
    </p>
   </div>
   <div class='ocr_carea' id='block_1_53' title="bbox 1941 945 3508 1018">
    <p class='ocr_par' dir='ltr' id='par_1_53' title="bbox 1941 945 3508 1018">
     <span class='ocr_line' id='line_1_54' title="bbox 1941 945 3508 1018; baseline 0.001 -18"><span class='ocrx_word' id='word_1_406' title='bbox 1941 948 2246 1001; x_wconf 87' lang='lat' dir='ltr'><strong>animarum</strong></span> <span class='ocrx_word' id='word_1_407' title='bbox 2288 946 2485 1011; x_wconf 88' lang='lat' dir='ltr'><strong>morbi,</strong></span> <span class='ocrx_word' id='word_1_408' title='bbox 2532 946 2838 1000; x_wconf 76' lang='lat' dir='ltr'><strong>daemonum</strong></span> <span class='ocrx_word' id='word_1_409' title='bbox 2867 945 3100 1011; x_wconf 56' lang='lat' dir='ltr'><strong>insidiae,</strong></span> <span class='ocrx_word' id='word_1_410' title='bbox 3131 948 3298 1003; x_wconf 90' lang='lat' dir='ltr'><strong>animi</strong></span> <span class='ocrx_word' id='word_1_411' title='bbox 3328 949 3508 1018; x_wconf 87' lang='lat' dir='ltr'><strong>segni-</strong></span> 
     </span>
    </p>
   </div>
   <div class='ocr_carea' id='block_1_54' title="bbox 1941 1037 3506 1111">
    <p class='ocr_par' dir='ltr' id='par_1_54' title="bbox 1941 1037 3506 1111">
     <span class='ocr_line' id='line_1_55' title="bbox 1941 1037 3506 1111; baseline 0.002 -20"><span class='ocrx_word' id='word_1_412' title='bbox 1941 1038 2078 1105; x_wconf 83' lang='lat' dir='ltr'><strong>tics;</strong></span> <span class='ocrx_word' id='word_1_413' title='bbox 2105 1039 2151 1094; x_wconf 87' lang='lat' dir='ltr'><strong>si</strong></span> <span class='ocrx_word' id='word_1_414' title='bbox 2177 1038 2263 1094; x_wconf 89' lang='lat' dir='ltr'><strong>bis</strong></span> <span class='ocrx_word' id='word_1_415' title='bbox 2283 1037 2538 1093; x_wconf 88' lang='lat' dir='ltr'><strong>omnibus</strong></span> <span class='ocrx_word' id='word_1_416' title='bbox 2565 1037 2883 1101; x_wconf 84' lang='lat' dir='ltr'><strong>liberemur,</strong></span> <span class='ocrx_word' id='word_1_417' title='bbox 2900 1039 3303 1108; x_wconf 83' lang='lat' dir='ltr'><strong>quamprimum</strong></span> <span class='ocrx_word' id='word_1_418' title='bbox 3326 1042 3506 1111; x_wconf 89' lang='lat' dir='ltr'><strong>ipsum</strong></span> 
     </span>
    </p>
   </div>
   <div class='ocr_carea' id='block_1_55' title="bbox 1940 1128 3507 1198">
    <p class='ocr_par' dir='ltr' id='par_1_55' title="bbox 1940 1128 3507 1198">
     <span class='ocr_line' id='line_1_56' title="bbox 1940 1128 3507 1198; baseline 0.001 -14"><span class='ocrx_word' id='word_1_419' title='bbox 1940 1128 2300 1195; x_wconf 81' lang='lat' dir='ltr'><strong>inveniemus,</strong></span> <span class='ocrx_word' id='word_1_420' title='bbox 2358 1128 2621 1183; x_wconf 80' lang='lat' dir='ltr'><strong>malitiam</strong></span> <span class='ocrx_word' id='word_1_421' title='bbox 2658 1144 2945 1198; x_wconf 85' lang='lat' dir='ltr'><strong>ponemus,</strong></span> <span class='ocrx_word' id='word_1_422' title='bbox 2986 1136 3041 1183; x_wconf 91' lang='lat' dir='ltr'><strong>et</strong></span> <span class='ocrx_word' id='word_1_423' title='bbox 3088 1131 3344 1185; x_wconf 81' lang='lat' dir='ltr'><strong>virtutem</strong></span> <span class='ocrx_word' id='word_1_424' title='bbox 3388 1147 3507 1186; x_wconf 86' lang='lat' dir='ltr'><strong>am-</strong></span> 
     </span>
    </p>
   </div>
   <div class='ocr_carea' id='block_1_56' title="bbox 1938 1219 3506 1291">
    <p class='ocr_par' dir='ltr' id='par_1_56' title="bbox 1938 1219 3506 1291">
     <span class='ocr_line' id='line_1_57' title="bbox 1938 1219 3506 1291; baseline 0.001 -17"><span class='ocrx_word' id='word_1_425' title='bbox 1938 1221 2298 1291; x_wconf 80' lang='lat' dir='ltr'><strong>plcxabimur.</strong></span> <span class='ocrx_word' id='word_1_426' title='bbox 2335 1219 2459 1275; x_wconf 68' lang='lat' dir='ltr'><strong>Haec</strong></span> <span class='ocrx_word' id='word_1_427' title='bbox 2491 1221 2691 1290; x_wconf 89' lang='lat' dir='ltr'><strong>quippe</strong></span> <span class='ocrx_word' id='word_1_428' title='bbox 2718 1219 2808 1274; x_wconf 90' lang='lat' dir='ltr'><strong>via</strong></span> <span class='ocrx_word' id='word_1_429' title='bbox 2835 1226 2919 1275; x_wconf 88' lang='lat' dir='ltr'><strong>est</strong></span> <span class='ocrx_word' id='word_1_430' title='bbox 2949 1220 3042 1275; x_wconf 92' lang='lat' dir='ltr'><strong>illo</strong></span> <span class='ocrx_word' id='word_1_431' title='bbox 3084 1222 3332 1277; x_wconf 88' lang='lat' dir='ltr'><strong>tendens.</strong></span> <span class='ocrx_word' id='word_1_432' title='bbox 3364 1220 3506 1287; x_wconf 85' lang='lat' dir='ltr'><strong>Quid</strong></span> 
     </span>
    </p>
   </div>
   <div class='ocr_carea' id='block_1_57' title="bbox 1936 1309 3505 1382">
    <p class='ocr_par' dir='ltr' id='par_1_57' title="bbox 1936 1309 3505 1382">
     <span class='ocr_line' id='line_1_58' title="bbox 1936 1309 3505 1382; baseline -0.001 -15"><span class='ocrx_word' id='word_1_433' title='bbox 1936 1327 2068 1382; x_wconf 86' lang='lat' dir='ltr'><strong>ergo</strong></span> <span class='ocrx_word' id='word_1_434' title='bbox 2089 1320 2173 1367; x_wconf 90' lang='lat' dir='ltr'><strong>est</strong></span> <span class='ocrx_word' id='word_1_435' title='bbox 2230 1311 2321 1366; x_wconf 89' lang='lat' dir='ltr'><strong>illa</strong></span> <span class='ocrx_word' id='word_1_436' title='bbox 2374 1310 2692 1381; x_wconf 86' lang='lat' dir='ltr'><strong>inquisitio?</strong></span> <span class='ocrx_word' id='word_1_437' title='bbox 2732 1309 3047 1380; x_wconf 81' lang='lat' dir='ltr'><strong>frequenter</strong></span> <span class='ocrx_word' id='word_1_438' title='bbox 3084 1311 3236 1365; x_wconf 89' lang='lat' dir='ltr'><strong>illum</strong></span> <span class='ocrx_word' id='word_1_439' title='bbox 3263 1310 3505 1381; x_wconf 84' lang='lat' dir='ltr'><strong>cogitare</strong></span> 
     </span>
    </p>
   </div>
   <div class='ocr_carea' id='block_1_58' title="bbox 1934 1402 3505 1474">
    <p class='ocr_par' dir='ltr' id='par_1_58' title="bbox 1934 1402 3505 1474">
     <span class='ocr_line' id='line_1_59' title="bbox 1934 1402 3505 1474; baseline -0.003 -13"><span class='ocrx_word' id='word_1_440' title='bbox 1934 1411 1990 1461; x_wconf 85' lang='lat' dir='ltr'><strong>et</strong></span> <span class='ocrx_word' id='word_1_441' title='bbox 2011 1404 2194 1459; x_wconf 90' lang='lat' dir='ltr'><strong>animo</strong></span> <span class='ocrx_word' id='word_1_442' title='bbox 2220 1418 2443 1460; x_wconf 87' lang='lat' dir='ltr'><strong>versare</strong></span> <span class='ocrx_word' id='word_1_443' title='bbox 2477 1422 2491 1459; x_wconf 91' lang='lat'><strong>:</strong></span> <span class='ocrx_word' id='word_1_444' title='bbox 2525 1418 2651 1458; x_wconf 91' lang='lat' dir='ltr'><strong>nam</strong></span> <span class='ocrx_word' id='word_1_445' title='bbox 2697 1402 2789 1472; x_wconf 83' lang='lat' dir='ltr'><strong>qui</strong></span> <span class='ocrx_word' id='word_1_446' title='bbox 2823 1402 3037 1473; x_wconf 69' lang='lat' dir='ltr'><strong>quaerit,</strong></span> <span class='ocrx_word' id='word_1_447' title='bbox 3088 1403 3144 1457; x_wconf 90' lang='lat' dir='ltr'><strong>in</strong></span> <span class='ocrx_word' id='word_1_448' title='bbox 3179 1403 3295 1474; x_wconf 89' lang='lat' dir='ltr'><strong>ipsa</strong></span> <span class='ocrx_word' id='word_1_449' title='bbox 3324 1409 3505 1457; x_wconf 90' lang='lat' dir='ltr'><strong>mente</strong></span> 
     </span>
    </p>
   </div>
   <div class='ocr_carea' id='block_1_59' title="bbox 1933 1494 2525 1566">
    <p class='ocr_par' dir='ltr' id='par_1_59' title="bbox 1933 1494 2525 1566">
     <span class='ocr_line' id='line_1_60' title="bbox 1933 1494 2525 1566; baseline 0.002 -17"><span class='ocrx_word' id='word_1_450' title='bbox 1933 1494 2080 1566; x_wconf 86' lang='lat' dir='ltr'><strong>quod</strong></span> <span class='ocrx_word' id='word_1_451' title='bbox 2110 1495 2303 1565; x_wconf 62' lang='lat' dir='ltr'><strong>quaerit</strong></span> <span class='ocrx_word' id='word_1_452' title='bbox 2344 1495 2525 1551; x_wconf 78' lang='lat' dir='ltr'><strong>habet.</strong></span> 
     </span>
    </p>
   </div>
   <div class='ocr_carea' id='block_1_60' title="bbox 2006 1584 3505 1656">
    <p class='ocr_par' dir='ltr' id='par_1_60' title="bbox 2006 1584 3505 1656">
     <span class='ocr_line' id='line_1_61' title="bbox 2006 1584 3505 1656; baseline -0.004 -13"><span class='ocrx_word' id='word_1_453' title='bbox 2006 1587 2240 1654; x_wconf 63' lang='lat' dir='ltr'><strong>Quaerite</strong></span> <span class='ocrx_word' id='word_1_454' title='bbox 2261 1586 2546 1641; x_wconf 78' lang='lat' dir='ltr'><strong>Dominum</strong></span> <span class='ocrx_word' id='word_1_455' title='bbox 2560 1597 2609 1640; x_wconf 86' lang='lat' dir='ltr'><strong>et</strong></span> <span class='ocrx_word' id='word_1_456' title='bbox 2625 1584 3013 1656; x_wconf 78' lang='lat' dir='ltr'><strong>conﬁrmamini</strong></span> <span class='ocrx_word' id='word_1_457' title='bbox 3034 1598 3055 1637; x_wconf 88' lang='lat'><strong><em>:</em></strong></span> <span class='ocrx_word' id='word_1_458' title='bbox 3073 1584 3288 1654; x_wconf 73' lang='lat' dir='ltr'><strong>quazrite</strong></span> <span class='ocrx_word' id='word_1_459' title='bbox 3312 1584 3505 1652; x_wconf 81' lang='lat' dir='ltr'><strong>faciem</strong></span> 
     </span>
    </p>
   </div>
   <div class='ocr_carea' id='block_1_61' title="bbox 1932 1675 3502 1749">
    <p class='ocr_par' dir='ltr' id='par_1_61' title="bbox 1932 1675 3502 1749">
     <span class='ocr_line' id='line_1_62' title="bbox 1932 1675 3502 1749; baseline -0.004 -14"><span class='ocrx_word' id='word_1_460' title='bbox 1932 1679 2047 1749; x_wconf 78' lang='lat' dir='ltr'><strong>ejus</strong></span> <span class='ocrx_word' id='word_1_461' title='bbox 2075 1694 2294 1747; x_wconf 80' lang='lat' dir='ltr'><strong>semper.</strong></span> <span class='ocrx_word' id='word_1_462' title='bbox 2327 1675 2470 1743; x_wconf 85' lang='lat' dir='ltr'><strong>Quid</strong></span> <span class='ocrx_word' id='word_1_463' title='bbox 2497 1684 2583 1733; x_wconf 90' lang='lat' dir='ltr'><strong>est</strong></span> <span class='ocrx_word' id='word_1_464' title='bbox 2622 1676 2908 1733; x_wconf 89' lang='lat' dir='ltr'><strong>Dominum</strong></span> <span class='ocrx_word' id='word_1_465' title='bbox 2960 1675 3247 1747; x_wconf 66' lang='lat' dir='ltr'><strong>quaerere?</strong></span> <span class='ocrx_word' id='word_1_466' title='bbox 3278 1691 3400 1745; x_wconf 71' lang='lat' dir='ltr'><strong>qua:</strong></span> <span class='ocrx_word' id='word_1_467' title='bbox 3433 1676 3502 1730; x_wconf 85' lang='lat' dir='ltr'><strong>ad</strong></span> 
     </span>
    </p>
   </div>
   <div class='ocr_carea' id='block_1_62' title="bbox 1935 1765 3500 1839">
    <p class='ocr_par' dir='ltr' id='par_1_62' title="bbox 1935 1765 3500 1839">
     <span class='ocr_line' id='line_1_63' title="bbox 1935 1765 3500 1839; baseline -0.004 -15"><span class='ocrx_word' id='word_1_468' title='bbox 1935 1770 2086 1824; x_wconf 92' lang='lat' dir='ltr'><strong>illum</strong></span> <span class='ocrx_word' id='word_1_469' title='bbox 2108 1768 2377 1839; x_wconf 88' lang='lat' dir='ltr'><strong>pertinent</strong></span> <span class='ocrx_word' id='word_1_470' title='bbox 2403 1782 2615 1837; x_wconf 89' lang='lat' dir='ltr'><strong>sapere,</strong></span> <span class='ocrx_word' id='word_1_471' title='bbox 2634 1766 2700 1823; x_wconf 91' lang='lat' dir='ltr'><strong>de</strong></span> <span class='ocrx_word' id='word_1_472' title='bbox 2722 1766 2814 1821; x_wconf 86' lang='lat' dir='ltr'><strong>illo</strong></span> <span class='ocrx_word' id='word_1_473' title='bbox 2837 1780 3054 1837; x_wconf 87' lang='lat' dir='ltr'><strong>semper</strong></span> <span class='ocrx_word' id='word_1_474' title='bbox 3082 1765 3344 1837; x_wconf 89' lang='lat' dir='ltr'><strong>cogitare,</strong></span> <span class='ocrx_word' id='word_1_475' title='bbox 3375 1780 3500 1819; x_wconf 87' lang='lat' dir='ltr'><strong>eum</strong></span> 
     </span>
    </p>
   </div>
   <div class='ocr_carea' id='block_1_63' title="bbox 1934 1860 3547 1930">
    <p class='ocr_par' dir='ltr' id='par_1_63' title="bbox 1934 1860 3547 1930">
     <span class='ocr_line' id='line_1_64' title="bbox 1934 1860 3547 1930; baseline -0.004 -14"><span class='ocrx_word' id='word_1_476' title='bbox 1934 1861 1989 1916; x_wconf 93' lang='lat' dir='ltr'><strong>in</strong></span> <span class='ocrx_word' id='word_1_477' title='bbox 2015 1868 2196 1916; x_wconf 88' lang='lat' dir='ltr'><strong>mente</strong></span> <span class='ocrx_word' id='word_1_478' title='bbox 2218 1874 2433 1930; x_wconf 87' lang='lat' dir='ltr'><strong>semper</strong></span> <span class='ocrx_word' id='word_1_479' title='bbox 2453 1874 2693 1923; x_wconf 88' lang='lat' dir='ltr'><strong>versare,</strong></span> <span class='ocrx_word' id='word_1_480' title='bbox 2724 1874 3002 1929; x_wconf 88' lang='lat' dir='ltr'><strong>nunquam</strong></span> <span class='ocrx_word' id='word_1_481' title='bbox 3026 1872 3151 1913; x_wconf 89' lang='lat' dir='ltr'><strong>cum</strong></span> <span class='ocrx_word' id='word_1_482' title='bbox 3173 1873 3240 1913; x_wconf 92' lang='lat' dir='ltr'><strong>eo</strong></span> <span class='ocrx_word' id='word_1_483' title='bbox 3260 1872 3355 1926; x_wconf 89' lang='lat' dir='ltr'><strong>per</strong></span> <span class='ocrx_word' id='word_1_484' title='bbox 3377 1872 3503 1910; x_wconf 89' lang='lat' dir='ltr'><strong>ora-</strong></span> <span class='ocrx_word' id='word_1_485' title='bbox 3540 1860 3547 1865; x_wconf 84' lang='lat'>&#39;</span> 
     </span>
    </p>
   </div>
   <div class='ocr_carea' id='block_1_64' title="bbox 1934 1946 3501 2020">
    <p class='ocr_par' dir='ltr' id='par_1_64' title="bbox 1934 1946 3501 2020">
     <span class='ocr_line' id='line_1_65' title="bbox 1934 1946 3501 2020; baseline -0.001 -16"><span class='ocrx_word' id='word_1_486' title='bbox 1934 1950 2135 2006; x_wconf 87' lang='lat' dir='ltr'><strong>tionem</strong></span> <span class='ocrx_word' id='word_1_487' title='bbox 2156 1958 2212 2005; x_wconf 90' lang='lat' dir='ltr'><strong>et</strong></span> <span class='ocrx_word' id='word_1_488' title='bbox 2228 1950 2370 2005; x_wconf 91' lang='lat' dir='ltr'><strong>bona</strong></span> <span class='ocrx_word' id='word_1_489' title='bbox 2397 1964 2561 2020; x_wconf 88' lang='lat' dir='ltr'><strong>opera</strong></span> <span class='ocrx_word' id='word_1_490' title='bbox 2592 1949 2955 2006; x_wconf 89' lang='lat' dir='ltr'><strong>conversandi</strong></span> <span class='ocrx_word' id='word_1_491' title='bbox 2982 1949 3143 2004; x_wconf 78' lang='lat' dir='ltr'><strong>linem</strong></span> <span class='ocrx_word' id='word_1_492' title='bbox 3172 1947 3370 2003; x_wconf 83' lang='lat' dir='ltr'><strong>facere.</strong></span> <span class='ocrx_word' id='word_1_493' title='bbox 3395 1946 3501 2015; x_wconf 90' lang='lat' dir='ltr'><strong>Qui</strong></span> 
     </span>
    </p>
   </div>
   <div class='ocr_carea' id='block_1_65' title="bbox 1932 2037 3501 2111">
    <p class='ocr_par' dir='ltr' id='par_1_65' title="bbox 1932 2037 3501 2111">
     <span class='ocr_line' id='line_1_66' title="bbox 1932 2037 3501 2111; baseline -0.001 -16"><span class='ocrx_word' id='word_1_494' title='bbox 1932 2049 2114 2097; x_wconf 89' lang='lat' dir='ltr'><strong>autem</strong></span> <span class='ocrx_word' id='word_1_495' title='bbox 2168 2041 2347 2110; x_wconf 89' lang='lat' dir='ltr'><strong>ipsum</strong></span> <span class='ocrx_word' id='word_1_496' title='bbox 2394 2040 2699 2111; x_wconf 85' lang='lat' dir='ltr'><strong>inquirunt,</strong></span> <span class='ocrx_word' id='word_1_497' title='bbox 2741 2039 2927 2094; x_wconf 87' lang='lat' dir='ltr'><strong>invicti</strong></span> <span class='ocrx_word' id='word_1_498' title='bbox 2992 2045 3047 2092; x_wconf 88' lang='lat' dir='ltr'><strong>et</strong></span> <span class='ocrx_word' id='word_1_499' title='bbox 3100 2037 3501 2107; x_wconf 87' lang='lat' dir='ltr'><strong>insuperabiles</strong></span> 
     </span>
    </p>
   </div>
   <div class='ocr_carea' id='block_1_66' title="bbox 1930 2128 3501 2200">
    <p class='ocr_par' dir='ltr' id='par_1_66' title="bbox 1930 2128 3501 2200">
     <span class='ocr_line' id='line_1_67' title="bbox 1930 2128 3501 2200; baseline -0.003 -13"><span class='ocrx_word' id='word_1_500' title='bbox 1930 2136 2111 2187; x_wconf 90' lang='lat' dir='ltr'><strong>erunt.</strong></span> <span class='ocrx_word' id='word_1_501' title='bbox 2146 2130 2283 2185; x_wconf 78' lang='lat' dir='ltr'><strong>Cum</strong></span> <span class='ocrx_word' id='word_1_502' title='bbox 2334 2129 2498 2200; x_wconf 79' lang='lat' dir='ltr'><strong>igitur</strong></span> <span class='ocrx_word' id='word_1_503' title='bbox 2542 2144 2724 2184; x_wconf 86' lang='lat' dir='ltr'><strong>sermo</strong></span> <span class='ocrx_word' id='word_1_504' title='bbox 2774 2130 3015 2199; x_wconf 82' lang='lat' dir='ltr'><strong>gentium</strong></span> <span class='ocrx_word' id='word_1_505' title='bbox 3054 2142 3332 2199; x_wconf 74' lang='lat' dir='ltr'><strong>pmcones</strong></span> <span class='ocrx_word' id='word_1_506' title='bbox 3364 2128 3501 2183; x_wconf 89' lang='lat' dir='ltr'><strong>inci-</strong></span> 
     </span>
    </p>
   </div>
   <div class='ocr_carea' id='block_1_67' title="bbox 1932 2219 3502 2292">
    <p class='ocr_par' dir='ltr' id='par_1_67' title="bbox 1932 2219 3502 2292">
     <span class='ocr_line' id='line_1_68' title="bbox 1932 2219 3502 2292; baseline -0.002 -17"><span class='ocrx_word' id='word_1_507' title='bbox 1932 2228 2102 2276; x_wconf 86' lang='lat' dir='ltr'><strong>tasset</strong></span> <span class='ocrx_word' id='word_1_508' title='bbox 2132 2231 2193 2276; x_wconf 87' lang='lat' dir='ltr'><strong>ut</strong></span> <span class='ocrx_word' id='word_1_509' title='bbox 2218 2219 2505 2276; x_wconf 90' lang='lat' dir='ltr'><strong>Dominum</strong></span> <span class='ocrx_word' id='word_1_510' title='bbox 2544 2221 2801 2276; x_wconf 85' lang='lat' dir='ltr'><strong>alacriter</strong></span> <span class='ocrx_word' id='word_1_511' title='bbox 2822 2221 3191 2292; x_wconf 71' lang='lat' dir='ltr'><strong>exquirerent,</strong></span> <span class='ocrx_word' id='word_1_512' title='bbox 3218 2233 3367 2273; x_wconf 90' lang='lat' dir='ltr'><strong>nunc</strong></span> <span class='ocrx_word' id='word_1_513' title='bbox 3392 2233 3502 2272; x_wconf 87' lang='lat' dir='ltr'><strong>ma-</strong></span> 
     </span>
    </p>
   </div>
   <div class='ocr_carea' id='block_1_68' title="bbox 1928 2310 3497 2383">
    <p class='ocr_par' dir='ltr' id='par_1_68' title="bbox 1928 2310 3497 2383">
     <span class='ocr_line' id='line_1_69' title="bbox 1928 2310 3497 2383; baseline -0.002 -17"><span class='ocrx_word' id='word_1_514' title='bbox 1928 2313 2014 2383; x_wconf 88' lang='lat' dir='ltr'><strong>gis</strong></span> <span class='ocrx_word' id='word_1_515' title='bbox 2054 2313 2332 2383; x_wconf 78' lang='lat' dir='ltr'><strong>magisque</strong></span> <span class='ocrx_word' id='word_1_516' title='bbox 2361 2312 2644 2366; x_wconf 82' lang='lat' dir='ltr'><strong>conﬁrmat</strong></span> <span class='ocrx_word' id='word_1_517' title='bbox 2672 2313 2793 2368; x_wconf 92' lang='lat' dir='ltr'><strong>illos</strong></span> <span class='ocrx_word' id='word_1_518' title='bbox 2815 2311 3003 2367; x_wconf 89' lang='lat' dir='ltr'><strong>dicens</strong></span> <span class='ocrx_word' id='word_1_519' title='bbox 3028 2331 3041 2366; x_wconf 89' lang='lat'><strong>:</strong></span> <span class='ocrx_word' id='word_1_520' title='bbox 3072 2310 3497 2380; x_wconf 83' lang='lat' dir='ltr'><strong>Conﬁrmamini,</strong></span> 
     </span>
    </p>
   </div>
   <div class='ocr_carea' id='block_1_69' title="bbox 1930 2400 3497 2473">
    <p class='ocr_par' dir='ltr' id='par_1_69' title="bbox 1930 2400 3497 2473">
     <span class='ocr_line' id='line_1_70' title="bbox 1930 2400 3497 2473; baseline -0.003 -15"><span class='ocrx_word' id='word_1_521' title='bbox 1930 2404 1987 2458; x_wconf 89' lang='lat' dir='ltr'><strong>id</strong></span> <span class='ocrx_word' id='word_1_522' title='bbox 2018 2412 2123 2467; x_wconf 89' lang='lat' dir='ltr'><strong>est,</strong></span> <span class='ocrx_word' id='word_1_523' title='bbox 2146 2402 2225 2458; x_wconf 88' lang='lat' dir='ltr'><strong>Ne</strong></span> <span class='ocrx_word' id='word_1_524' title='bbox 2251 2404 2487 2459; x_wconf 90' lang='lat' dir='ltr'><strong>molliter</strong></span> <span class='ocrx_word' id='word_1_525' title='bbox 2516 2403 2569 2457; x_wconf 91' lang='lat' dir='ltr'><strong>in</strong></span> <span class='ocrx_word' id='word_1_526' title='bbox 2600 2403 2691 2458; x_wconf 92' lang='lat' dir='ltr'><strong>illo</strong></span> <span class='ocrx_word' id='word_1_527' title='bbox 2721 2404 3013 2473; x_wconf 62' lang='lat' dir='ltr'><strong>quaerendo</strong></span> <span class='ocrx_word' id='word_1_528' title='bbox 3041 2402 3239 2473; x_wconf 84' lang='lat' dir='ltr'><strong>agatis.</strong></span> <span class='ocrx_word' id='word_1_529' title='bbox 3278 2400 3367 2455; x_wconf 89' lang='lat' dir='ltr'><strong>Sic</strong></span> <span class='ocrx_word' id='word_1_530' title='bbox 3396 2415 3497 2453; x_wconf 90' lang='lat' dir='ltr'><strong>au-</strong></span> 
     </span>
    </p>
   </div>
   <div class='ocr_carea' id='block_1_70' title="bbox 1930 2490 3500 2566">
    <p class='ocr_par' dir='ltr' id='par_1_70' title="bbox 1930 2490 3500 2566">
     <span class='ocr_line' id='line_1_71' title="bbox 1930 2490 3500 2566; baseline -0.003 -16"><span class='ocrx_word' id='word_1_531' title='bbox 1930 2502 2038 2550; x_wconf 89' lang='lat' dir='ltr'><strong>tem</strong></span> <span class='ocrx_word' id='word_1_532' title='bbox 2072 2494 2221 2566; x_wconf 91' lang='lat' dir='ltr'><strong>ipsos</strong></span> <span class='ocrx_word' id='word_1_533' title='bbox 2251 2494 2567 2565; x_wconf 84' lang='lat' dir='ltr'><strong>alloquitur,</strong></span> <span class='ocrx_word' id='word_1_534' title='bbox 2599 2501 2661 2549; x_wconf 89' lang='lat' dir='ltr'><strong>ut</strong></span> <span class='ocrx_word' id='word_1_535' title='bbox 2689 2494 2887 2550; x_wconf 87' lang='lat' dir='ltr'><strong>robore</strong></span> <span class='ocrx_word' id='word_1_536' title='bbox 2909 2509 2974 2549; x_wconf 88' lang='lat' dir='ltr'><strong>ac</strong></span> <span class='ocrx_word' id='word_1_537' title='bbox 3015 2493 3216 2548; x_wconf 86' lang='lat' dir='ltr'><strong>virtute</strong></span> <span class='ocrx_word' id='word_1_538' title='bbox 3249 2490 3500 2562; x_wconf 80' lang='lat' dir='ltr'><strong>indigen-</strong></span> 
     </span>
    </p>
   </div>
   <div class='ocr_carea' id='block_1_71' title="bbox 1930 2584 3495 2657">
    <p class='ocr_par' dir='ltr' id='par_1_71' title="bbox 1930 2584 3495 2657">
     <span class='ocr_line' id='line_1_72' title="bbox 1930 2584 3495 2657; baseline -0.003 -17"><span class='ocrx_word' id='word_1_539' title='bbox 1930 2593 2035 2652; x_wconf 87' lang='lat' dir='ltr'><strong>tes,</strong></span> <span class='ocrx_word' id='word_1_540' title='bbox 2067 2602 2175 2657; x_wconf 90' lang='lat' dir='ltr'><strong>quo</strong></span> <span class='ocrx_word' id='word_1_541' title='bbox 2206 2586 2329 2642; x_wconf 92' lang='lat' dir='ltr'><strong>illos</strong></span> <span class='ocrx_word' id='word_1_542' title='bbox 2368 2586 2434 2641; x_wconf 90' lang='lat' dir='ltr'><strong>ad</strong></span> <span class='ocrx_word' id='word_1_543' title='bbox 2475 2585 2689 2657; x_wconf 83' lang='lat' dir='ltr'><strong>jussum</strong></span> <span class='ocrx_word' id='word_1_544' title='bbox 2745 2585 3112 2657; x_wconf 88' lang='lat' dir='ltr'><strong>peragendum</strong></span> <span class='ocrx_word' id='word_1_545' title='bbox 3156 2584 3441 2640; x_wconf 80' lang='lat' dir='ltr'><strong>conﬁrmet</strong></span> <span class='ocrx_word' id='word_1_546' title='bbox 3481 2599 3495 2634; x_wconf 90' lang='lat'><strong>:</strong></span> 
     </span>
    </p>
   </div>
   <div class='ocr_carea' id='block_1_72' title="bbox 1926 2674 3501 2750">
    <p class='ocr_par' dir='ltr' id='par_1_72' title="bbox 1926 2674 3501 2750">
     <span class='ocr_line' id='line_1_73' title="bbox 1926 2674 3501 2750; baseline -0.002 -16"><span class='ocrx_word' id='word_1_547' title='bbox 1926 2687 2045 2734; x_wconf 91' lang='lat' dir='ltr'><strong>erat</strong></span> <span class='ocrx_word' id='word_1_548' title='bbox 2071 2693 2234 2750; x_wconf 82' lang='lat' dir='ltr'><strong>porro</strong></span> <span class='ocrx_word' id='word_1_549' title='bbox 2261 2677 2419 2743; x_wconf 84' lang='lat' dir='ltr'><strong>illud,</strong></span> <span class='ocrx_word' id='word_1_550' title='bbox 2448 2686 2504 2735; x_wconf 90' lang='lat' dir='ltr'><strong>ut</strong></span> <span class='ocrx_word' id='word_1_551' title='bbox 2533 2678 2786 2749; x_wconf 75' lang='lat' dir='ltr'><strong>gentibus</strong></span> <span class='ocrx_word' id='word_1_552' title='bbox 2810 2679 3188 2748; x_wconf 70' lang='lat' dir='ltr'><strong>praedicarent,</strong></span> <span class='ocrx_word' id='word_1_553' title='bbox 3216 2674 3421 2731; x_wconf 83' lang='lat' dir='ltr'><strong>Graecis</strong></span> <span class='ocrx_word' id='word_1_554' title='bbox 3443 2683 3501 2731; x_wconf 90' lang='lat' dir='ltr'><strong>et</strong></span> 
     </span>
    </p>
   </div>
   <div class='ocr_carea' id='block_1_73' title="bbox 1926 2766 3495 2833">
    <p class='ocr_par' dir='ltr' id='par_1_73' title="bbox 1926 2766 3495 2833">
     <span class='ocr_line' id='line_1_74' title="bbox 1926 2766 3495 2833; baseline -0.003 -9"><span class='ocrx_word' id='word_1_555' title='bbox 1926 2769 2197 2833; x_wconf 89' lang='lat' dir='ltr'><strong>barbaris,</strong></span> <span class='ocrx_word' id='word_1_556' title='bbox 2243 2769 2544 2825; x_wconf 89' lang='lat' dir='ltr'><strong>secundum</strong></span> <span class='ocrx_word' id='word_1_557' title='bbox 2582 2768 2715 2824; x_wconf 90' lang='lat' dir='ltr'><strong>illud</strong></span> <span class='ocrx_word' id='word_1_558' title='bbox 2751 2785 2765 2821; x_wconf 92' lang='lat'><strong>:</strong></span> <span class='ocrx_word' id='word_1_559' title='bbox 2809 2768 3065 2823; x_wconf 76' lang='lat' dir='ltr'><strong>Dominus</strong></span> <span class='ocrx_word' id='word_1_560' title='bbox 3109 2766 3255 2822; x_wconf 82' lang='lat' dir='ltr'><strong>dabit</strong></span> <span class='ocrx_word' id='word_1_561' title='bbox 3282 2766 3495 2822; x_wconf 79' lang='lat' dir='ltr'><strong>verbum</strong></span> 
     </span>
    </p>
   </div>
   <div class='ocr_carea' id='block_1_74' title="bbox 1924 2861 3496 2932">
    <p class='ocr_par' dir='ltr' id='par_1_74' title="bbox 1924 2861 3496 2932">
     <span class='ocr_line' id='line_1_75' title="bbox 1924 2861 3496 2932; baseline -0.002 -16"><span class='ocrx_word' id='word_1_562' title='bbox 1924 2861 2399 2932; x_wconf 67' lang='lat' dir='ltr'><strong>euangelizantibus</strong></span> <span class='ocrx_word' id='word_1_563' title='bbox 2417 2862 2607 2916; x_wconf 77' lang='lat' dir='ltr'><strong>virtute</strong></span> <span class='ocrx_word' id='word_1_564' title='bbox 2636 2862 2805 2916; x_wconf 81' lang='lat' dir='ltr'><strong>multa</strong></span> <span class='ocrx_word' id='word_1_565' title='bbox 2824 2862 2891 2917; x_wconf 54' lang='lat'><strong>5‘».</strong></span> <span class='ocrx_word' id='word_1_566' title='bbox 2909 2861 3182 2932; x_wconf 87' lang='lat' dir='ltr'><strong>Docetque</strong></span> <span class='ocrx_word' id='word_1_567' title='bbox 3205 2875 3314 2931; x_wconf 92' lang='lat' dir='ltr'><strong>quo</strong></span> <span class='ocrx_word' id='word_1_568' title='bbox 3331 2868 3496 2930; x_wconf 90' lang='lat' dir='ltr'><strong>pacto</strong></span> 
     </span>
    </p>
   </div>
   <div class='ocr_carea' id='block_1_75' title="bbox 1925 2950 3492 3025">
    <p class='ocr_par' dir='ltr' id='par_1_75' title="bbox 1925 2950 3492 3025">
     <span class='ocr_line' id='line_1_76' title="bbox 1925 2950 3492 3025; baseline -0.001 -18"><span class='ocrx_word' id='word_1_569' title='bbox 1925 2968 2168 3025; x_wconf 68' lang='lat' dir='ltr'><strong>quaerere</strong></span> <span class='ocrx_word' id='word_1_570' title='bbox 2198 2954 2349 3007; x_wconf 87' lang='lat' dir='ltr'><strong>illum</strong></span> <span class='ocrx_word' id='word_1_571' title='bbox 2385 2962 2655 3024; x_wconf 82' lang='lat' dir='ltr'><strong>Oporteat,</strong></span> <span class='ocrx_word' id='word_1_572' title='bbox 2702 2963 2755 3010; x_wconf 91' lang='lat' dir='ltr'><strong>et</strong></span> <span class='ocrx_word' id='word_1_573' title='bbox 2780 2953 2927 3025; x_wconf 87' lang='lat' dir='ltr'><strong>quod</strong></span> <span class='ocrx_word' id='word_1_574' title='bbox 2954 2967 3063 3009; x_wconf 89' lang='lat' dir='ltr'><strong>non</strong></span> <span class='ocrx_word' id='word_1_575' title='bbox 3076 2952 3244 3008; x_wconf 89' lang='lat' dir='ltr'><strong>semel</strong></span> <span class='ocrx_word' id='word_1_576' title='bbox 3265 2960 3357 3006; x_wconf 89' lang='lat' dir='ltr'><strong>aut</strong></span> <span class='ocrx_word' id='word_1_577' title='bbox 3385 2950 3492 3015; x_wconf 89' lang='lat' dir='ltr'><strong>bis,</strong></span> 
     </span>
    </p>
   </div>
   <div class='ocr_carea' id='block_1_76' title="bbox 1926 3042 3494 3123">
    <p class='ocr_par' dir='ltr' id='par_1_76' title="bbox 1926 3042 3494 3123">
     <span class='ocr_line' id='line_1_77' title="bbox 1926 3042 3494 3123; baseline -0.005 -19"><span class='ocrx_word' id='word_1_578' title='bbox 1926 3045 2021 3104; x_wconf 86' lang='lat' dir='ltr'><strong>sed</strong></span> <span class='ocrx_word' id='word_1_579' title='bbox 2047 3062 2144 3117; x_wconf 89' lang='lat' dir='ltr'><strong>per</strong></span> <span class='ocrx_word' id='word_1_580' title='bbox 2174 3055 2342 3104; x_wconf 84' lang='lat' dir='ltr'><strong>totam</strong></span> <span class='ocrx_word' id='word_1_581' title='bbox 2366 3047 2554 3111; x_wconf 89' lang='lat' dir='ltr'><strong>vitam,</strong></span> <span class='ocrx_word' id='word_1_582' title='bbox 2584 3062 2883 3123; x_wconf 84' lang='lat' dir='ltr'><strong>supernum</strong></span> <span class='ocrx_word' id='word_1_583' title='bbox 2917 3045 3179 3100; x_wconf 84' lang='lat' dir='ltr'><strong>auxilium</strong></span> <span class='ocrx_word' id='word_1_584' title='bbox 3204 3042 3494 3114; x_wconf 81' lang='lat' dir='ltr'><strong>exquirere</strong></span> 
     </span>
    </p>
   </div>
   <div class='ocr_carea' id='block_1_77' title="bbox 1926 3134 3494 3213">
    <p class='ocr_par' dir='ltr' id='par_1_77' title="bbox 1926 3134 3494 3213">
     <span class='ocr_line' id='line_1_78' title="bbox 1926 3134 3494 3213; baseline -0.003 -20"><span class='ocrx_word' id='word_1_585' title='bbox 1926 3153 2064 3213; x_wconf 91' lang='lat' dir='ltr'><strong>opus</strong></span> <span class='ocrx_word' id='word_1_586' title='bbox 2096 3138 2188 3205; x_wconf 94' lang='lat' dir='ltr'><strong>sit,</strong></span> <span class='ocrx_word' id='word_1_587' title='bbox 2248 3147 2410 3208; x_wconf 86' lang='lat' dir='ltr'><strong>atque</strong></span> <span class='ocrx_word' id='word_1_588' title='bbox 2452 3138 2580 3199; x_wconf 90' lang='lat' dir='ltr'><strong>hinc</strong></span> <span class='ocrx_word' id='word_1_589' title='bbox 2627 3140 2914 3195; x_wconf 90' lang='lat' dir='ltr'><strong>utilitatem</strong></span> <span class='ocrx_word' id='word_1_590' title='bbox 2952 3152 3166 3208; x_wconf 83' lang='lat' dir='ltr'><strong>capere.</strong></span> <span class='ocrx_word' id='word_1_591' title='bbox 3207 3134 3494 3191; x_wconf 82' lang='lat' dir='ltr'><strong>Subsumit</strong></span> 
     </span>
    </p>
   </div>
   <div class='ocr_carea' id='block_1_78' title="bbox 1924 3316 3493 3392">
    <p class='ocr_par' dir='ltr' id='par_1_78' title="bbox 1924 3316 3493 3392">
     <span class='ocr_line' id='line_1_79' title="bbox 1924 3316 3493 3392; baseline -0.002 -18"><span class='ocrx_word' id='word_1_592' title='bbox 1924 3334 2017 3385; x_wconf 88' lang='lat' dir='ltr'><strong>no,</strong></span> <span class='ocrx_word' id='word_1_593' title='bbox 2041 3326 2102 3377; x_wconf 88' lang='lat' dir='ltr'><strong>ut</strong></span> <span class='ocrx_word' id='word_1_594' title='bbox 2131 3320 2186 3374; x_wconf 93' lang='lat' dir='ltr'><strong>in</strong></span> <span class='ocrx_word' id='word_1_595' title='bbox 2218 3320 2333 3391; x_wconf 87' lang='lat' dir='ltr'><strong>lege</strong></span> <span class='ocrx_word' id='word_1_596' title='bbox 2352 3319 2552 3392; x_wconf 83' lang='lat' dir='ltr'><strong>Moysis</strong></span> <span class='ocrx_word' id='word_1_597' title='bbox 2583 3319 2878 3387; x_wconf 80' lang='lat' dir='ltr'><strong>ferebatur,</strong></span> <span class='ocrx_word' id='word_1_598' title='bbox 2906 3320 2959 3375; x_wconf 89' lang='lat' dir='ltr'><strong>in</strong></span> <span class='ocrx_word' id='word_1_599' title='bbox 2990 3326 3347 3388; x_wconf 80' lang='lat' dir='ltr'><strong>conSpectum</strong></span> <span class='ocrx_word' id='word_1_600' title='bbox 3371 3316 3493 3386; x_wconf 86' lang='lat' dir='ltr'><strong>ejus</strong></span> 
     </span>
    </p>
   </div>
   <div class='ocr_carea' id='block_1_79' title="bbox 1926 3407 3495 3483">
    <p class='ocr_par' dir='ltr' id='par_1_79' title="bbox 1926 3407 3495 3483">
     <span class='ocr_line' id='line_1_80' title="bbox 1926 3407 3495 3483; baseline -0.004 -15"><span class='ocrx_word' id='word_1_601' title='bbox 1926 3412 2234 3479; x_wconf 85' lang='lat' dir='ltr'><strong>venientes,</strong></span> <span class='ocrx_word' id='word_1_602' title='bbox 2277 3412 2373 3473; x_wconf 87' lang='lat' dir='ltr'><strong>sed</strong></span> <span class='ocrx_word' id='word_1_603' title='bbox 2400 3428 2495 3483; x_wconf 89' lang='lat' dir='ltr'><strong>per</strong></span> <span class='ocrx_word' id='word_1_604' title='bbox 2532 3420 2700 3467; x_wconf 89' lang='lat' dir='ltr'><strong>totam</strong></span> <span class='ocrx_word' id='word_1_605' title='bbox 2729 3413 2914 3466; x_wconf 90' lang='lat' dir='ltr'><strong>vitam.</strong></span> <span class='ocrx_word' id='word_1_606' title='bbox 2966 3409 3182 3465; x_wconf 88' lang='lat' dir='ltr'><strong>Faciem</strong></span> <span class='ocrx_word' id='word_1_607' title='bbox 3228 3424 3361 3464; x_wconf 92' lang='lat' dir='ltr'><strong>vero</strong></span> <span class='ocrx_word' id='word_1_608' title='bbox 3405 3407 3495 3462; x_wconf 81' lang='lat' dir='ltr'><strong>hic</strong></span> 
     </span>
    </p>
   </div>
   <div class='ocr_carea' id='block_1_80' title="bbox 1923 3500 3491 3574">
    <p class='ocr_par' dir='ltr' id='par_1_80' title="bbox 1923 3500 3491 3574">
     <span class='ocr_line' id='line_1_81' title="bbox 1923 3500 3491 3574; baseline -0.004 -17"><span class='ocrx_word' id='word_1_609' title='bbox 1923 3512 2081 3565; x_wconf 79' lang='lat' dir='ltr'><strong>vocat</strong></span> <span class='ocrx_word' id='word_1_610' title='bbox 2109 3503 2229 3574; x_wconf 89' lang='lat' dir='ltr'><strong>ejus</strong></span> <span class='ocrx_word' id='word_1_611' title='bbox 2285 3504 2599 3569; x_wconf 73' lang='lat' dir='ltr'><strong>adventum,</strong></span> <span class='ocrx_word' id='word_1_612' title='bbox 2644 3503 3032 3568; x_wconf 88' lang='lat' dir='ltr'><strong>visitationem,</strong></span> <span class='ocrx_word' id='word_1_613' title='bbox 3070 3500 3491 3572; x_wconf 64' lang='lat' dir='ltr'><strong>providentiam,</strong></span> 
     </span>
    </p>
   </div>
   <div class='ocr_carea' id='block_1_81' title="bbox 1923 3589 3492 3663">
    <p class='ocr_par' dir='ltr' id='par_1_81' title="bbox 1923 3589 3492 3663">
     <span class='ocr_line' id='line_1_82' title="bbox 1923 3589 3492 3663; baseline -0.004 -13"><span class='ocrx_word' id='word_1_614' title='bbox 1923 3610 2133 3663; x_wconf 88' lang='lat' dir='ltr'><strong>curam,</strong></span> <span class='ocrx_word' id='word_1_615' title='bbox 2161 3595 2443 3660; x_wconf 80' lang='lat' dir='ltr'><strong>auxilium,</strong></span> <span class='ocrx_word' id='word_1_616' title='bbox 2462 3596 2861 3663; x_wconf 86' lang='lat' dir='ltr'><strong>commilitium,</strong></span> <span class='ocrx_word' id='word_1_617' title='bbox 2886 3593 3335 3650; x_wconf 88' lang='lat' dir='ltr'><strong>benevolentiam.</strong></span> <span class='ocrx_word' id='word_1_618' title='bbox 3358 3589 3492 3643; x_wconf 87' lang='lat' dir='ltr'><strong>Nam</strong></span> 
     </span>
    </p>
   </div>
   <div class='ocr_carea' id='block_1_82' title="bbox 1924 3680 3493 3758">
    <p class='ocr_par' dir='ltr' id='par_1_82' title="bbox 1924 3680 3493 3758">
     <span class='ocr_line' id='line_1_83' title="bbox 1924 3680 3493 3758; baseline -0.003 -17"><span class='ocrx_word' id='word_1_619' title='bbox 1924 3688 2242 3743; x_wconf 64' lang='lat' dir='ltr'><strong>substantia:</strong></span> <span class='ocrx_word' id='word_1_620' title='bbox 2264 3688 2383 3758; x_wconf 91' lang='lat' dir='ltr'><strong>ejus</strong></span> <span class='ocrx_word' id='word_1_621' title='bbox 2413 3687 2604 3745; x_wconf 79' lang='lat' dir='ltr'><strong>faciem</strong></span> <span class='ocrx_word' id='word_1_622' title='bbox 2632 3702 2795 3745; x_wconf 86' lang='lat' dir='ltr'><strong>nemo</strong></span> <span class='ocrx_word' id='word_1_623' title='bbox 2818 3685 3024 3741; x_wconf 71' lang='lat' dir='ltr'><strong>videbit</strong></span> <span class='ocrx_word' id='word_1_624' title='bbox 3045 3691 3099 3742; x_wconf 89' lang='lat' dir='ltr'><strong>et</strong></span> <span class='ocrx_word' id='word_1_625' title='bbox 3122 3683 3283 3739; x_wconf 89' lang='lat' dir='ltr'><strong>vivet.</strong></span> <span class='ocrx_word' id='word_1_626' title='bbox 3302 3680 3493 3737; x_wconf 85' lang='lat' dir='ltr'><strong>Facies</strong></span> 
     </span>
    </p>
   </div>
   <div class='ocr_carea' id='block_1_83' title="bbox 1924 3778 2539 3851">
    <p class='ocr_par' dir='ltr' id='par_1_83' title="bbox 1924 3778 2539 3851">
     <span class='ocr_line' id='line_1_84' title="bbox 1924 3778 2539 3851; baseline -0.002 -15"><span class='ocrx_word' id='word_1_627' title='bbox 1924 3780 2053 3836; x_wconf 84' lang='lat' dir='ltr'><strong>item</strong></span> <span class='ocrx_word' id='word_1_628' title='bbox 2081 3781 2201 3851; x_wconf 86' lang='lat' dir='ltr'><strong>ejus</strong></span> <span class='ocrx_word' id='word_1_629' title='bbox 2227 3788 2309 3837; x_wconf 91' lang='lat' dir='ltr'><strong>est</strong></span> <span class='ocrx_word' id='word_1_630' title='bbox 2347 3778 2539 3835; x_wconf 90' lang='lat' dir='ltr'><strong>Filius.</strong></span> 
     </span>
    </p>
   </div>
   <div class='ocr_carea' id='block_1_84' title="bbox 2003 3952 3491 4025">
    <p class='ocr_par' dir='ltr' id='par_1_84' title="bbox 2003 3952 3491 4025">
     <span class='ocr_line' id='line_1_85' title="bbox 2003 3952 3491 4025; baseline -0.003 -16"><span class='ocrx_word' id='word_1_631' title='bbox 2003 3954 2169 4015; x_wconf 73' lang='lat' dir='ltr'><strong>Vens.</strong></span> <span class='ocrx_word' id='word_1_632' title='bbox 2224 3956 2277 4013; x_wconf 88' lang='lat'><strong>5.</strong></span> <span class='ocrx_word' id='word_1_633' title='bbox 2316 3955 2627 4017; x_wconf 76' lang='lat' dir='ltr'><strong>Mementote</strong></span> <span class='ocrx_word' id='word_1_634' title='bbox 2664 3953 2989 4009; x_wconf 84' lang='lat' dir='ltr'><strong>mirabilium</strong></span> <span class='ocrx_word' id='word_1_635' title='bbox 3033 3955 3146 4025; x_wconf 69' lang='lat' dir='ltr'><strong>ejus</strong></span> <span class='ocrx_word' id='word_1_636' title='bbox 3193 3968 3309 4024; x_wconf 72' lang='lat' dir='ltr'><strong>qua:</strong></span> <span class='ocrx_word' id='word_1_637' title='bbox 3349 3952 3491 4022; x_wconf 77' lang='lat' dir='ltr'><strong>fecit,</strong></span> 
     </span>
    </p>
   </div>
   <div class='ocr_carea' id='block_1_85' title="bbox 1921 4042 3492 4121">
    <p class='ocr_par' dir='ltr' id='par_1_85' title="bbox 1921 4042 3492 4121">
     <span class='ocr_line' id='line_1_86' title="bbox 1921 4042 3492 4121; baseline -0.004 -19"><span class='ocrx_word' id='word_1_638' title='bbox 1921 4048 2163 4121; x_wconf 83' lang='lat' dir='ltr'><strong>prodigia</strong></span> <span class='ocrx_word' id='word_1_639' title='bbox 2206 4048 2318 4118; x_wconf 78' lang='lat' dir='ltr'><strong>ejus</strong></span> <span class='ocrx_word' id='word_1_640' title='bbox 2361 4057 2411 4103; x_wconf 85' lang='lat' dir='ltr'><strong>et</strong></span> <span class='ocrx_word' id='word_1_641' title='bbox 2449 4046 2659 4117; x_wconf 73' lang='lat' dir='ltr'><strong>judicia</strong></span> <span class='ocrx_word' id='word_1_642' title='bbox 2688 4048 2797 4101; x_wconf 75' lang='lat' dir='ltr'><strong>oris</strong></span> <span class='ocrx_word' id='word_1_643' title='bbox 2844 4044 3248 4110; x_wconf 81' lang='lat' dir='ltr'><strong>eius;siveilia</strong></span> <span class='ocrx_word' id='word_1_644' title='bbox 3282 4056 3403 4113; x_wconf 61' lang='lat' dir='ltr'><strong>quae</strong></span> <span class='ocrx_word' id='word_1_645' title='bbox 3435 4042 3492 4096; x_wconf 88' lang='lat' dir='ltr'><strong>in</strong></span> 
     </span>
    </p>
   </div>
   <div class='ocr_carea' id='block_1_86' title="bbox 1924 4136 3495 4219">
    <p class='ocr_par' dir='ltr' id='par_1_86' title="bbox 1924 4136 3495 4219">
     <span class='ocr_line' id='line_1_87' title="bbox 1924 4136 3495 4219; baseline -0.003 -26"><span class='ocrx_word' id='word_1_646' title='bbox 1924 4139 2104 4197; x_wconf 81' lang='lat' dir='ltr'><strong>Veteri</strong></span> <span class='ocrx_word' id='word_1_647' title='bbox 2142 4140 2448 4213; x_wconf 88' lang='lat' dir='ltr'><strong>Scriptura,</strong></span> <span class='ocrx_word' id='word_1_648' title='bbox 2473 4139 2587 4195; x_wconf 87' lang='lat' dir='ltr'><strong>sive</strong></span> <span class='ocrx_word' id='word_1_649' title='bbox 2614 4140 2705 4195; x_wconf 90' lang='lat' dir='ltr'><strong>illa</strong></span> <span class='ocrx_word' id='word_1_650' title='bbox 2722 4154 2843 4219; x_wconf 72' lang='lat' dir='ltr'><strong>quae</strong></span> <span class='ocrx_word' id='word_1_651' title='bbox 2862 4140 2918 4194; x_wconf 91' lang='lat' dir='ltr'><strong>in</strong></span> <span class='ocrx_word' id='word_1_652' title='bbox 2948 4136 3258 4210; x_wconf 79' lang='lat' dir='ltr'><strong>Evangeliis</strong></span> <span class='ocrx_word' id='word_1_653' title='bbox 3288 4150 3495 4197; x_wconf 83' lang='lat' dir='ltr'><strong>memo—</strong></span> 
     </span>
    </p>
   </div>
   <div class='ocr_carea' id='block_1_87' title="bbox 1872 4229 3497 4309">
    <p class='ocr_par' dir='ltr' id='par_1_87' title="bbox 1872 4229 3497 4309">
     <span class='ocr_line' id='line_1_88' title="bbox 1872 4229 3497 4309; baseline -0.001 -26"><span class='ocrx_word' id='word_1_654' title='bbox 1872 4271 1880 4283; x_wconf 94' lang='lat'><strong>.</strong></span> <span class='ocrx_word' id='word_1_655' title='bbox 1923 4241 2134 4287; x_wconf 88' lang='lat' dir='ltr'><strong>rantur.</strong></span> <span class='ocrx_word' id='word_1_656' title='bbox 2176 4230 2301 4293; x_wconf 68' lang='lat' dir='ltr'><strong>Hzec</strong></span> <span class='ocrx_word' id='word_1_657' title='bbox 2318 4232 2627 4309; x_wconf 84' lang='lat' dir='ltr'><strong>enimopus</strong></span> <span class='ocrx_word' id='word_1_658' title='bbox 2656 4232 2760 4288; x_wconf 87' lang='lat' dir='ltr'><strong>erit</strong></span> <span class='ocrx_word' id='word_1_659' title='bbox 2801 4246 2901 4287; x_wconf 88' lang='lat' dir='ltr'><strong>vos</strong></span> <span class='ocrx_word' id='word_1_660' title='bbox 2939 4229 3497 4303; x_wconf 66' lang='lat' dir='ltr'><strong>gentiumpraacones</strong></span> 
     </span>
    </p>
   </div>
   <div class='ocr_carea' id='block_1_88' title="bbox 1924 4320 3496 4395">
    <p class='ocr_par' dir='ltr' id='par_1_88' title="bbox 1924 4320 3496 4395">
     <span class='ocr_line' id='line_1_89' title="bbox 1924 4320 3496 4395; baseline -0.004 -18"><span class='ocrx_word' id='word_1_661' title='bbox 1924 4323 2181 4383; x_wconf 86' lang='lat' dir='ltr'><strong>omnibus</strong></span> <span class='ocrx_word' id='word_1_662' title='bbox 2228 4324 2479 4395; x_wconf 91' lang='lat' dir='ltr'><strong>gentibus</strong></span> <span class='ocrx_word' id='word_1_663' title='bbox 2523 4323 2773 4392; x_wconf 90' lang='lat' dir='ltr'><strong>tradere;</strong></span> <span class='ocrx_word' id='word_1_664' title='bbox 2807 4321 3027 4393; x_wconf 88' lang='lat' dir='ltr'><strong>quando</strong></span> <span class='ocrx_word' id='word_1_665' title='bbox 3077 4320 3182 4376; x_wconf 62' lang='lat' dir='ltr'><strong>illae</strong></span> <span class='ocrx_word' id='word_1_666' title='bbox 3227 4334 3292 4374; x_wconf 92' lang='lat' dir='ltr'><strong>ea</strong></span> <span class='ocrx_word' id='word_1_667' title='bbox 3329 4332 3365 4372; x_wconf 89' lang='lat' dir='ltr'><strong>a</strong></span> <span class='ocrx_word' id='word_1_668' title='bbox 3397 4332 3496 4371; x_wconf 88' lang='lat' dir='ltr'><strong>ne-</strong></span> 
     </span>
    </p>
   </div>
   <div class='ocr_carea' id='block_1_89' title="bbox 1925 4408 3509 4493">
    <p class='ocr_par' dir='ltr' id='par_1_89' title="bbox 1925 4408 3509 4493">
     <span class='ocr_line' id='line_1_90' title="bbox 1925 4408 3509 4493; baseline -0.004 -22"><span class='ocrx_word' id='word_1_669' title='bbox 1925 4418 2071 4474; x_wconf 89' lang='lat' dir='ltr'><strong>mine</strong></span> <span class='ocrx_word' id='word_1_670' title='bbox 2117 4418 2347 4475; x_wconf 87' lang='lat' dir='ltr'><strong>antehac</strong></span> <span class='ocrx_word' id='word_1_671' title='bbox 2382 4418 2744 4477; x_wconf 86' lang='lat' dir='ltr'><strong>edidicerunt.</strong></span> <span class='ocrx_word' id='word_1_672' title='bbox 2800 4416 3146 4493; x_wconf 58' lang='lat' dir='ltr'><strong>Quaecunque</strong></span> <span class='ocrx_word' id='word_1_673' title='bbox 3196 4412 3361 4483; x_wconf 90' lang='lat' dir='ltr'><strong>igitur</strong></span> <span class='ocrx_word' id='word_1_674' title='bbox 3398 4408 3509 4465; x_wconf 89' lang='lat' dir='ltr'><strong>Dei</strong></span> 
     </span>
    </p>
   </div>
   <div class='ocr_carea' id='block_1_90' title="bbox 252 4500 1828 4589">
    <p class='ocr_par' dir='ltr' id='par_1_90' title="bbox 252 4500 1823 4589">
     <span class='ocr_line' id='line_1_91' title="bbox 252 4500 1823 4589; baseline 0.001 -36"><span class='ocrx_word' id='word_1_675' title='bbox 252 4500 395 4554; x_wconf 85' lang='grc' dir='ltr'>Ὅσα</span> <span class='ocrx_word' id='word_1_676' title='bbox 424 4501 603 4555; x_wconf 85' lang='grc' dir='ltr'>τοίνυν</span> <span class='ocrx_word' id='word_1_677' title='bbox 645 4501 1071 4589; x_wconf 75' lang='grc' dir='ltr'>ἐνανθρωπήσας</span> <span class='ocrx_word' id='word_1_678' title='bbox 1094 4503 1123 4555; x_wconf 80' lang='grc' dir='ltr'><strong>ὁ</strong></span> <span class='ocrx_word' id='word_1_679' title='bbox 1154 4502 1323 4571; x_wconf 83' lang='grc' dir='ltr'>Λόγος</span> <span class='ocrx_word' id='word_1_680' title='bbox 1357 4501 1682 4574; x_wconf 80' lang='grc' dir='ltr'>διεπράξατο</span> <span class='ocrx_word' id='word_1_681' title='bbox 1712 4504 1823 4566; x_wconf 84' lang='grc' dir='ltr'>τοῖς</span> 
     </span>
    </p>
   </div>
   <div class='ocr_carea' id='block_1_91' title="bbox 1932 4500 3513 4589">
    <p class='ocr_par' dir='ltr' id='par_1_91' title="bbox 1932 4500 3513 4583">
     <span class='ocr_line' id='line_1_92' title="bbox 1932 4500 3513 4583; baseline -0.005 -23"><span class='ocrx_word' id='word_1_682' title='bbox 1932 4504 2163 4567; x_wconf 79' lang='lat' dir='ltr'><strong>Verbum</strong></span> <span class='ocrx_word' id='word_1_683' title='bbox 2180 4506 2522 4561; x_wconf 89' lang='lat' dir='ltr'><strong>incarnatum</strong></span> <span class='ocrx_word' id='word_1_684' title='bbox 2540 4506 2766 4583; x_wconf 88' lang='lat' dir='ltr'><strong>peregit,</strong></span> <span class='ocrx_word' id='word_1_685' title='bbox 2783 4521 2907 4563; x_wconf 90' lang='lat' dir='ltr'><strong>cum</strong></span> <span class='ocrx_word' id='word_1_686' title='bbox 2920 4503 3158 4574; x_wconf 85' lang='lat' dir='ltr'><strong>antiquis</strong></span> <span class='ocrx_word' id='word_1_687' title='bbox 3177 4500 3513 4571; x_wconf 72' lang='lat' dir='ltr'><strong>conjuncta,</strong></span> 
     </span>
    </p>
   </div>
   <div class='ocr_carea' id='block_1_92' title="bbox 251 4592 1823 4665">
    <p class='ocr_par' dir='ltr' id='par_1_92' title="bbox 251 4592 1823 4665">
     <span class='ocr_line' id='line_1_93' title="bbox 251 4592 1823 4665; baseline 0.002 -21"><span class='ocrx_word' id='word_1_688' title='bbox 251 4592 505 4655; x_wconf 82' lang='grc' dir='ltr'>παλαιοῖς</span> <span class='ocrx_word' id='word_1_689' title='bbox 554 4592 688 4663; x_wconf 88' lang='grc' dir='ltr'>ὁμοῦ</span> <span class='ocrx_word' id='word_1_690' title='bbox 743 4592 1108 4662; x_wconf 72' lang='grc' dir='ltr'>συνάψαντες,</span> <span class='ocrx_word' id='word_1_691' title='bbox 1165 4593 1438 4665; x_wconf 87' lang='grc' dir='ltr'>μνήσθητε</span> <span class='ocrx_word' id='word_1_692' title='bbox 1488 4592 1823 4664; x_wconf 78' lang='grc' dir='ltr'>παραδοῦναι</span> 
     </span>
    </p>
   </div>
   <div class='ocr_carea' id='block_1_93' title="bbox 248 4683 1823 4757">
    <p class='ocr_par' dir='ltr' id='par_1_93' title="bbox 248 4683 1823 4757">
     <span class='ocr_line' id='line_1_94' title="bbox 248 4683 1823 4757; baseline 0.001 -20"><span class='ocrx_word' id='word_1_693' title='bbox 248 4686 365 4748; x_wconf 85' lang='grc' dir='ltr'>τοῖς</span> <span class='ocrx_word' id='word_1_694' title='bbox 409 4683 637 4739; x_wconf 76' lang='grc' dir='ltr'>ἔθνεσιν.</span> <span class='ocrx_word' id='word_1_695' title='bbox 682 4684 947 4741; x_wconf 84' lang='grc' dir='ltr'>Ἑνταῦθά</span> <span class='ocrx_word' id='word_1_696' title='bbox 992 4702 1081 4757; x_wconf 90' lang='grc' dir='ltr'><strong>μοι</strong></span> <span class='ocrx_word' id='word_1_697' title='bbox 1106 4685 1253 4738; x_wconf 85' lang='grc' dir='ltr'>δοκεῖ</span> <span class='ocrx_word' id='word_1_698' title='bbox 1276 4684 1372 4757; x_wconf 81' lang='grc' dir='ltr'><strong>τὴν</strong></span> <span class='ocrx_word' id='word_1_699' title='bbox 1401 4685 1517 4739; x_wconf 79' lang='grc' dir='ltr'>ὁδὸν</span> <span class='ocrx_word' id='word_1_700' title='bbox 1553 4685 1823 4741; x_wconf 84' lang='grc' dir='ltr'>δεικνύναι</span> 
     </span>
    </p>
   </div>
   <div class='ocr_carea' id='block_1_94' title="bbox 249 4770 1824 4850">
    <p class='ocr_par' dir='ltr' id='par_1_94' title="bbox 249 4770 1824 4850">
     <span class='ocr_line' id='line_1_95' title="bbox 249 4770 1824 4850; baseline -0.002 -18"><span class='ocrx_word' id='word_1_701' title='bbox 249 4776 320 4833; x_wconf 85' lang='grc' dir='ltr'>δι’</span> <span class='ocrx_word' id='word_1_702' title='bbox 351 4770 421 4849; x_wconf 82' lang='grc' dir='ltr'>ἦς</span> <span class='ocrx_word' id='word_1_703' title='bbox 449 4776 669 4831; x_wconf 85' lang='grc' dir='ltr'>δυνατὸν</span> <span class='ocrx_word' id='word_1_704' title='bbox 694 4776 790 4831; x_wconf 77' lang='grc' dir='ltr'>καὶ</span> <span class='ocrx_word' id='word_1_705' title='bbox 821 4776 1002 4849; x_wconf 80' lang='grc' dir='ltr'>ζητεῖν</span> <span class='ocrx_word' id='word_1_706' title='bbox 1026 4778 1119 4831; x_wconf 77' lang='grc' dir='ltr'><strong>καὶ</strong></span> <span class='ocrx_word' id='word_1_707' title='bbox 1150 4778 1327 4850; x_wconf 79' lang='grc' dir='ltr'>εὑρεῖν</span> <span class='ocrx_word' id='word_1_708' title='bbox 1358 4777 1448 4832; x_wconf 77' lang='grc' dir='ltr'>τὸν</span> <span class='ocrx_word' id='word_1_709' title='bbox 1477 4776 1628 4833; x_wconf 85' lang='grc' dir='ltr'>Θεόν.</span> <span class='ocrx_word' id='word_1_710' title='bbox 1653 4777 1749 4839; x_wconf 87' lang='grc' dir='ltr'><strong>Τίς</strong></span> <span class='ocrx_word' id='word_1_711' title='bbox 1766 4776 1824 4830; x_wconf 87' lang='grc' dir='ltr'><strong>δὲ</strong></span> 
     </span>
    </p>
   </div>
   <div class='ocr_carea' id='block_1_95' title="bbox 250 4868 1824 4943">
    <p class='ocr_par' dir='ltr' id='par_1_95' title="bbox 250 4868 1824 4943">
     <span class='ocr_line' id='line_1_96' title="bbox 250 4868 1824 4943; baseline 0.001 -21"><span class='ocrx_word' id='word_1_712' title='bbox 250 4872 285 4941; x_wconf 89' lang='grc' dir='ltr'>ὴ</span> <span class='ocrx_word' id='word_1_713' title='bbox 316 4868 461 4934; x_wconf 79' lang='grc' dir='ltr'>ὁδόςς</span> <span class='ocrx_word' id='word_1_714' title='bbox 484 4870 546 4922; x_wconf 79' lang='grc' dir='ltr'><strong>τὸ</strong></span> <span class='ocrx_word' id='word_1_715' title='bbox 571 4869 831 4940; x_wconf 84' lang='grc' dir='ltr'>διηνεκῶς</span> <span class='ocrx_word' id='word_1_716' title='bbox 862 4871 954 4924; x_wconf 79' lang='grc' dir='ltr'><strong>ἐπὶ</strong></span> <span class='ocrx_word' id='word_1_717' title='bbox 981 4872 1200 4943; x_wconf 75' lang='grc' dir='ltr'>μνήμης</span> <span class='ocrx_word' id='word_1_718' title='bbox 1227 4870 1409 4942; x_wconf 81' lang='grc' dir='ltr'>φέρειν</span> <span class='ocrx_word' id='word_1_719' title='bbox 1435 4869 1505 4924; x_wconf 80' lang='grc' dir='ltr'>τὰ</span> <span class='ocrx_word' id='word_1_720' title='bbox 1545 4869 1824 4943; x_wconf 79' lang='grc' dir='ltr'>παράδοξα</span> 
     </span>
    </p>
   </div>
   <div class='ocr_carea' id='block_1_96' title="bbox 254 4959 1824 5033">
    <p class='ocr_par' dir='ltr' id='par_1_96' title="bbox 254 4959 1824 5033">
     <span class='ocr_line' id='line_1_97' title="bbox 254 4959 1824 5033; baseline 0 -18"><span class='ocrx_word' id='word_1_721' title='bbox 254 4959 417 5015; x_wconf 82' lang='grc' dir='ltr'>αὐτοῦ</span> <span class='ocrx_word' id='word_1_722' title='bbox 462 4960 618 5032; x_wconf 80' lang='grc' dir='ltr'>ἔργα,</span> <span class='ocrx_word' id='word_1_723' title='bbox 660 4962 754 5015; x_wconf 78' lang='grc' dir='ltr'><strong>καὶ</strong></span> <span class='ocrx_word' id='word_1_724' title='bbox 800 4962 925 5025; x_wconf 82' lang='grc' dir='ltr'>τοὺς</span> <span class='ocrx_word' id='word_1_725' title='bbox 958 4962 1154 5033; x_wconf 86' lang='grc' dir='ltr'>νόμους</span> <span class='ocrx_word' id='word_1_726' title='bbox 1199 4964 1292 5016; x_wconf 71' lang='grc' dir='ltr'><strong>καὶ</strong></span> <span class='ocrx_word' id='word_1_727' title='bbox 1341 4963 1437 5026; x_wconf 87' lang='grc' dir='ltr'>τὰς</span> <span class='ocrx_word' id='word_1_728' title='bbox 1465 4962 1710 5027; x_wconf 85' lang='grc' dir='ltr'>ἐντολάς·</span> <span class='ocrx_word' id='word_1_729' title='bbox 1745 4962 1824 5015; x_wconf 84' lang='grc' dir='ltr'>διὸ</span> 
     </span>
    </p>
   </div>
   <div class='ocr_carea' id='block_1_97' title="bbox 250 5052 1825 5127">
    <p class='ocr_par' dir='ltr' id='par_1_97' title="bbox 250 5052 1825 5127">
     <span class='ocr_line' id='line_1_98' title="bbox 250 5052 1825 5127; baseline 0.001 -20"><span class='ocrx_word' id='word_1_730' title='bbox 250 5053 468 5121; x_wconf 84' lang='grc' dir='ltr'>ἐπάγει,</span> <span class='ocrx_word' id='word_1_731' title='bbox 504 5053 581 5106; x_wconf 86' lang='grc' dir='ltr'><em>Τὰ</em></span> <span class='ocrx_word' id='word_1_732' title='bbox 604 5052 816 5123; x_wconf 82' lang='grc' dir='ltr'>τέρατα</span> <span class='ocrx_word' id='word_1_733' title='bbox 846 5054 1031 5107; x_wconf 85' lang='grc' dir='ltr'>αὐτοῦ</span> <span class='ocrx_word' id='word_1_734' title='bbox 1059 5054 1158 5108; x_wconf 80' lang='grc' dir='ltr'><strong>καὶ</strong></span> <span class='ocrx_word' id='word_1_735' title='bbox 1182 5054 1254 5109; x_wconf 85' lang='grc' dir='ltr'><strong>τὰ</strong></span> <span class='ocrx_word' id='word_1_736' title='bbox 1281 5054 1534 5127; x_wconf 75' lang='grc' dir='ltr'>κρίματα</span> <span class='ocrx_word' id='word_1_737' title='bbox 1557 5054 1662 5109; x_wconf 83' lang='grc' dir='ltr'><strong>τοῦ</strong></span> <span class='ocrx_word' id='word_1_738' title='bbox 1685 5055 1825 5109; x_wconf 81' lang='grc' dir='ltr'><strong>στό-</strong></span> 
     </span>
    </p>
   </div>
   <div class='ocr_carea' id='block_1_98' title="bbox 252 5144 1822 5219">
    <p class='ocr_par' dir='ltr' id='par_1_98' title="bbox 252 5144 1822 5219">
     <span class='ocr_line' id='line_1_99' title="bbox 252 5144 1822 5219; baseline 0 -21"><span class='ocrx_word' id='word_1_739' title='bbox 252 5160 436 5212; x_wconf 83' lang='grc' dir='ltr'>ματος</span> <span class='ocrx_word' id='word_1_740' title='bbox 478 5144 695 5199; x_wconf 86' lang='grc' dir='ltr'>αὑτοῦ·</span> <span class='ocrx_word' id='word_1_741' title='bbox 742 5145 942 5217; x_wconf 86' lang='grc' dir='ltr'>τέρατα</span> <span class='ocrx_word' id='word_1_742' title='bbox 989 5145 1087 5215; x_wconf 84' lang='grc' dir='ltr'>μὲν</span> <span class='ocrx_word' id='word_1_743' title='bbox 1130 5145 1229 5211; x_wconf 85' lang='grc' dir='ltr'>τὰς</span> <span class='ocrx_word' id='word_1_744' title='bbox 1273 5146 1597 5219; x_wconf 86' lang='grc' dir='ltr'>θεοσημείας</span> <span class='ocrx_word' id='word_1_745' title='bbox 1629 5147 1822 5215; x_wconf 83' lang='grc' dir='ltr'>λέγων,</span> 
     </span>
    </p>
   </div>
   <div class='ocr_carea' id='block_1_99' title="bbox 253 5235 1825 5310">
    <p class='ocr_par' dir='ltr' id='par_1_99' title="bbox 253 5235 1825 5310">
     <span class='ocr_line' id='line_1_100' title="bbox 253 5235 1825 5310; baseline 0.001 -21"><span class='ocrx_word' id='word_1_746' title='bbox 253 5235 494 5308; x_wconf 87' lang='grc' dir='ltr'>κρίματα</span> <span class='ocrx_word' id='word_1_747' title='bbox 517 5236 574 5289; x_wconf 88' lang='grc' dir='ltr'><strong>δέ</strong></span> <span class='ocrx_word' id='word_1_748' title='bbox 613 5235 713 5300; x_wconf 78' lang='grc' dir='ltr'>τὰς</span> <span class='ocrx_word' id='word_1_749' title='bbox 751 5236 1075 5306; x_wconf 84' lang='grc' dir='ltr'>ἀποφάσεις,</span> <span class='ocrx_word' id='word_1_750' title='bbox 1107 5237 1206 5300; x_wconf 82' lang='grc' dir='ltr'><strong>τὰς</strong></span> <span class='ocrx_word' id='word_1_751' title='bbox 1258 5237 1497 5302; x_wconf 83' lang='grc' dir='ltr'>ἐντολὰς,</span> <span class='ocrx_word' id='word_1_752' title='bbox 1526 5238 1559 5310; x_wconf 80' lang='grc' dir='ltr'><strong>ἢ</strong></span> <span class='ocrx_word' id='word_1_753' title='bbox 1593 5236 1661 5291; x_wconf 86' lang='grc' dir='ltr'><strong>τά</strong></span> <span class='ocrx_word' id='word_1_754' title='bbox 1690 5237 1825 5291; x_wconf 86' lang='grc' dir='ltr'>ἐνδί-</span> 
     </span>
    </p>
   </div>
   <div class='ocr_carea' id='block_1_100' title="bbox 254 5325 1823 5400">
    <p class='ocr_par' dir='ltr' id='par_1_100' title="bbox 254 5325 1823 5400">
     <span class='ocr_line' id='line_1_101' title="bbox 254 5325 1823 5400; baseline -0.001 -17"><span class='ocrx_word' id='word_1_755' title='bbox 254 5342 366 5389; x_wconf 77' lang='grc' dir='ltr'>κως</span> <span class='ocrx_word' id='word_1_756' title='bbox 402 5326 498 5379; x_wconf 81' lang='grc' dir='ltr'>καὶ</span> <span class='ocrx_word' id='word_1_757' title='bbox 536 5325 714 5398; x_wconf 82' lang='grc' dir='ltr'>κρίσει</span> <span class='ocrx_word' id='word_1_758' title='bbox 757 5326 939 5398; x_wconf 78' lang='grc' dir='ltr'>δικαίᾳ</span> <span class='ocrx_word' id='word_1_759' title='bbox 994 5326 1101 5379; x_wconf 82' lang='grc' dir='ltr'>ὑπὸ</span> <span class='ocrx_word' id='word_1_760' title='bbox 1152 5325 1247 5381; x_wconf 86' lang='grc' dir='ltr'><strong>τοῦ</strong></span> <span class='ocrx_word' id='word_1_761' title='bbox 1296 5326 1431 5382; x_wconf 87' lang='grc' dir='ltr'>Θεοῦ</span> <span class='ocrx_word' id='word_1_762' title='bbox 1484 5326 1823 5400; x_wconf 82' lang='grc' dir='ltr'>γεγενημένα</span> 
     </span>
    </p>
   </div>
   <div class='ocr_carea' id='block_1_101' title="bbox 254 5413 1819 5489">
    <p class='ocr_par' dir='ltr' id='par_1_101' title="bbox 254 5413 1819 5489">
     <span class='ocr_line' id='line_1_102' title="bbox 254 5413 1819 5489; baseline 0.003 -21"><span class='ocrx_word' id='word_1_763' title='bbox 254 5413 530 5486; x_wconf 87' lang='grc' dir='ltr'>θαύματα.</span> <span class='ocrx_word' id='word_1_764' title='bbox 560 5417 695 5470; x_wconf 86' lang='grc' dir='ltr'>Ποῖα</span> <span class='ocrx_word' id='word_1_765' title='bbox 715 5415 773 5470; x_wconf 82' lang='grc' dir='ltr'>δὲ</span> <span class='ocrx_word' id='word_1_766' title='bbox 801 5416 1024 5488; x_wconf 78' lang='grc' dir='ltr'>τέρατα,</span> <span class='ocrx_word' id='word_1_767' title='bbox 1055 5416 1176 5471; x_wconf 86' lang='grc' dir='ltr'><strong>είπέ</strong></span> <span class='ocrx_word' id='word_1_768' title='bbox 1202 5434 1320 5489; x_wconf 88' lang='grc' dir='ltr'>μοι;</span> <span class='ocrx_word' id='word_1_769' title='bbox 1345 5418 1425 5472; x_wconf 84' lang='grc' dir='ltr'><strong>Τὰ</strong></span> <span class='ocrx_word' id='word_1_770' title='bbox 1444 5420 1503 5472; x_wconf 86' lang='grc' dir='ltr'>ἐν</span> <span class='ocrx_word' id='word_1_771' title='bbox 1542 5416 1819 5489; x_wconf 76' lang='grc' dir='ltr'>Αἰγύπτῳ,</span> 
     </span>
    </p>
   </div>
   <div class='ocr_carea' id='block_1_102' title="bbox 258 5505 1824 5581">
    <p class='ocr_par' dir='ltr' id='par_1_102' title="bbox 258 5505 1824 5581">
     <span class='ocr_line' id='line_1_103' title="bbox 258 5505 1824 5581; baseline 0.003 -22"><span class='ocrx_word' id='word_1_772' title='bbox 258 5505 325 5560; x_wconf 81' lang='grc' dir='ltr'>τὰ</span> <span class='ocrx_word' id='word_1_773' title='bbox 373 5506 512 5576; x_wconf 81' lang='grc' dir='ltr'>μετὰ</span> <span class='ocrx_word' id='word_1_774' title='bbox 546 5508 644 5579; x_wconf 79' lang='grc' dir='ltr'><strong>τὴν</strong></span> <span class='ocrx_word' id='word_1_775' title='bbox 694 5508 986 5577; x_wconf 74' lang='grc' dir='ltr'>Αἴγυπτον,</span> <span class='ocrx_word' id='word_1_776' title='bbox 1026 5508 1096 5563; x_wconf 78' lang='grc' dir='ltr'>τὰ</span> <span class='ocrx_word' id='word_1_777' title='bbox 1144 5510 1251 5581; x_wconf 82' lang='grc' dir='ltr'><strong>πρὸ</strong></span> <span class='ocrx_word' id='word_1_778' title='bbox 1292 5511 1391 5581; x_wconf 83' lang='grc' dir='ltr'>τῆς</span> <span class='ocrx_word' id='word_1_779' title='bbox 1434 5510 1728 5579; x_wconf 74' lang='grc' dir='ltr'>Αἰγύπτου,</span> <span class='ocrx_word' id='word_1_780' title='bbox 1754 5510 1824 5564; x_wconf 83' lang='grc' dir='ltr'><strong>τά</strong></span> 
     </span>
    </p>
   </div>
   <div class='ocr_carea' id='block_1_103' title="bbox 258 5596 1820 5675">
    <p class='ocr_par' dir='ltr' id='par_1_103' title="bbox 258 5596 1820 5675">
     <span class='ocr_line' id='line_1_104' title="bbox 258 5596 1820 5675; baseline 0.008 -25"><span class='ocrx_word' id='word_1_781' title='bbox 258 5596 400 5667; x_wconf 83' lang='grc' dir='ltr'>μετά</span> <span class='ocrx_word' id='word_1_782' title='bbox 430 5598 529 5670; x_wconf 74' lang='grc' dir='ltr'><strong>τὴν</strong></span> <span class='ocrx_word' id='word_1_783' title='bbox 570 5600 871 5671; x_wconf 80' lang='grc' dir='ltr'>παρουσίαν</span> <span class='ocrx_word' id='word_1_784' title='bbox 910 5600 1005 5673; x_wconf 77' lang='grc' dir='ltr'>τὴν</span> <span class='ocrx_word' id='word_1_785' title='bbox 1053 5601 1234 5658; x_wconf 82' lang='grc' dir='ltr'>αὐτοῦ.</span> <span class='ocrx_word' id='word_1_786' title='bbox 1274 5603 1464 5659; x_wconf 81' lang='grc' dir='ltr'>Πάντα</span> <span class='ocrx_word' id='word_1_787' title='bbox 1500 5604 1609 5675; x_wconf 86' lang='grc' dir='ltr'>γὰρ</span> <span class='ocrx_word' id='word_1_788' title='bbox 1650 5602 1820 5663; x_wconf 76' lang='grc' dir='ltr'>ταῦτα</span> 
     </span>
    </p>
   </div>
   <div class='ocr_carea' id='block_1_104' title="bbox 329 5778 889 5847">
    <p class='ocr_par' dir='ltr' id='par_1_104' title="bbox 329 5778 889 5847">
     <span class='ocr_line' id='line_1_105' title="bbox 329 5778 889 5847; baseline 0.005 -9"><span class='ocrx_word' id='word_1_789' title='bbox 329 5779 378 5819; x_wconf 67' lang='grc'><strong>⁸⁵</strong></span> <span class='ocrx_word' id='word_1_790' title='bbox 416 5778 556 5843; x_wconf 82' lang='lat' dir='ltr'><strong>Psal.</strong></span> <span class='ocrx_word' id='word_1_791' title='bbox 594 5797 766 5847; x_wconf 79' lang='lat' dir='ltr'><strong>uvu,</strong></span> <span class='ocrx_word' id='word_1_792' title='bbox 802 5782 889 5841; x_wconf 70' lang='lat'><strong>12.</strong></span> 
     </span>
    </p>
   </div>
   <div class='ocr_carea' id='block_1_105' title="bbox 1924 4592 3512 4671">
    <p class='ocr_par' dir='ltr' id='par_1_105' title="bbox 1924 4592 3512 4671">
     <span class='ocr_line' id='line_1_106' title="bbox 1924 4592 3512 4671; baseline -0.004 -18"><span class='ocrx_word' id='word_1_793' title='bbox 1924 4599 2177 4671; x_wconf 85' lang='lat' dir='ltr'><strong>gentibus</strong></span> <span class='ocrx_word' id='word_1_794' title='bbox 2195 4598 2411 4654; x_wconf 90' lang='lat' dir='ltr'><strong>tradere</strong></span> <span class='ocrx_word' id='word_1_795' title='bbox 2434 4598 2808 4658; x_wconf 85' lang='lat' dir='ltr'><strong>memineritis.</strong></span> <span class='ocrx_word' id='word_1_796' title='bbox 2828 4597 2928 4653; x_wconf 85' lang='lat' dir='ltr'><strong>Hic</strong></span> <span class='ocrx_word' id='word_1_797' title='bbox 2947 4595 3160 4651; x_wconf 90' lang='lat' dir='ltr'><strong>videtur</strong></span> <span class='ocrx_word' id='word_1_798' title='bbox 3186 4592 3319 4647; x_wconf 89' lang='lat' dir='ltr'><strong>mihi</strong></span> <span class='ocrx_word' id='word_1_799' title='bbox 3347 4592 3512 4647; x_wconf 86' lang='lat' dir='ltr'><strong>viam.</strong></span> 
     </span>
    </p>
   </div>
   <div class='ocr_carea' id='block_1_106' title="bbox 1923 4682 3489 4763">
    <p class='ocr_par' dir='ltr' id='par_1_106' title="bbox 1923 4682 3489 4763">
     <span class='ocr_line' id='line_1_107' title="bbox 1923 4682 3489 4763; baseline -0.003 -22"><span class='ocrx_word' id='word_1_800' title='bbox 1923 4687 2211 4745; x_wconf 87' lang='lat' dir='ltr'><strong>ostendere</strong></span> <span class='ocrx_word' id='word_1_801' title='bbox 2241 4702 2346 4759; x_wconf 89' lang='lat' dir='ltr'><strong>qua</strong></span> <span class='ocrx_word' id='word_1_802' title='bbox 2379 4688 2653 4758; x_wconf 88' lang='lat' dir='ltr'><strong>possimus</strong></span> <span class='ocrx_word' id='word_1_803' title='bbox 2687 4686 2857 4743; x_wconf 89' lang='lat' dir='ltr'><strong>Deum</strong></span> <span class='ocrx_word' id='word_1_804' title='bbox 2887 4699 3130 4763; x_wconf 77' lang='lat' dir='ltr'><strong>quaerere</strong></span> <span class='ocrx_word' id='word_1_805' title='bbox 3150 4692 3204 4739; x_wconf 84' lang='lat' dir='ltr'><strong>et</strong></span> <span class='ocrx_word' id='word_1_806' title='bbox 3227 4682 3489 4737; x_wconf 89' lang='lat' dir='ltr'><strong>invenire.</strong></span> 
     </span>
    </p>
   </div>
   <div class='ocr_carea' id='block_1_107' title="bbox 1924 4772 3492 4852">
    <p class='ocr_par' dir='ltr' id='par_1_107' title="bbox 1924 4772 3492 4852">
     <span class='ocr_line' id='line_1_108' title="bbox 1924 4772 3492 4852; baseline -0.005 -19"><span class='ocrx_word' id='word_1_807' title='bbox 1924 4778 2180 4846; x_wconf 83' lang='lat' dir='ltr'><strong>Quaenam</strong></span> <span class='ocrx_word' id='word_1_808' title='bbox 2200 4779 2289 4833; x_wconf 91' lang='lat' dir='ltr'><strong>illa</strong></span> <span class='ocrx_word' id='word_1_809' title='bbox 2316 4780 2440 4833; x_wconf 87' lang='lat' dir='ltr'><strong>via?</strong></span> <span class='ocrx_word' id='word_1_810' title='bbox 2463 4778 2733 4852; x_wconf 88' lang='lat' dir='ltr'><strong>Perpetuo</strong></span> <span class='ocrx_word' id='word_1_811' title='bbox 2757 4778 2813 4834; x_wconf 91' lang='lat' dir='ltr'><strong>in</strong></span> <span class='ocrx_word' id='word_1_812' title='bbox 2842 4776 3119 4837; x_wconf 88' lang='lat' dir='ltr'><strong>memoria</strong></span> <span class='ocrx_word' id='word_1_813' title='bbox 3143 4774 3361 4831; x_wconf 91' lang='lat' dir='ltr'><strong>volvere</strong></span> <span class='ocrx_word' id='word_1_814' title='bbox 3384 4772 3492 4825; x_wconf 85' lang='lat' dir='ltr'><strong>mi-</strong></span> 
     </span>
    </p>
   </div>
   <div class='ocr_carea' id='block_1_108' title="bbox 1925 4865 3495 4949">
    <p class='ocr_par' dir='ltr' id='par_1_108' title="bbox 1925 4865 3495 4949">
     <span class='ocr_line' id='line_1_109' title="bbox 1925 4865 3495 4949; baseline -0.006 -20"><span class='ocrx_word' id='word_1_815' title='bbox 1925 4873 2116 4931; x_wconf 86' lang='lat' dir='ltr'><strong>rabilia</strong></span> <span class='ocrx_word' id='word_1_816' title='bbox 2164 4872 2284 4943; x_wconf 88' lang='lat' dir='ltr'><strong>ejus</strong></span> <span class='ocrx_word' id='word_1_817' title='bbox 2330 4887 2495 4949; x_wconf 88' lang='lat' dir='ltr'><strong>opera</strong></span> <span class='ocrx_word' id='word_1_818' title='bbox 2521 4912 2537 4939; x_wconf 93' lang='lat'><strong>,</strong></span> <span class='ocrx_word' id='word_1_819' title='bbox 2571 4873 2717 4949; x_wconf 86' lang='lat' dir='ltr'><strong>leges</strong></span> <span class='ocrx_word' id='word_1_820' title='bbox 2741 4879 2805 4929; x_wconf 83' lang='lat' dir='ltr'><strong>&#39;et</strong></span> <span class='ocrx_word' id='word_1_821' title='bbox 2828 4878 3093 4943; x_wconf 61' lang='lat' dir='ltr'><strong>praecepta</strong></span> <span class='ocrx_word' id='word_1_822' title='bbox 3120 4886 3133 4921; x_wconf 87' lang='lat'><strong>:</strong></span> <span class='ocrx_word' id='word_1_823' title='bbox 3164 4882 3333 4940; x_wconf 88' lang='lat' dir='ltr'><strong>quare</strong></span> <span class='ocrx_word' id='word_1_824' title='bbox 3359 4865 3495 4923; x_wconf 89' lang='lat' dir='ltr'><strong>sub-</strong></span> 
     </span>
    </p>
   </div>
   <div class='ocr_carea' id='block_1_109' title="bbox 1924 4957 3494 5034">
    <p class='ocr_par' dir='ltr' id='par_1_109' title="bbox 1924 4957 3494 5034">
     <span class='ocr_line' id='line_1_110' title="bbox 1924 4957 3494 5034; baseline -0.004 -16"><span class='ocrx_word' id='word_1_825' title='bbox 1924 4963 2035 5027; x_wconf 77' lang='lat' dir='ltr'><strong>dit,</strong></span> <span class='ocrx_word' id='word_1_826' title='bbox 2057 4962 2311 5034; x_wconf 81' lang='lat' dir='ltr'><strong>Prodigia</strong></span> <span class='ocrx_word' id='word_1_827' title='bbox 2333 4963 2447 5032; x_wconf 76' lang='lat' dir='ltr'><strong>ejus</strong></span> <span class='ocrx_word' id='word_1_828' title='bbox 2478 4973 2524 5019; x_wconf 76' lang='lat' dir='ltr'><strong>et</strong></span> <span class='ocrx_word' id='word_1_829' title='bbox 2548 4964 2745 5027; x_wconf 83' lang='lat' dir='ltr'><strong>iudicia</strong></span> <span class='ocrx_word' id='word_1_830' title='bbox 2775 4964 2882 5023; x_wconf 77' lang='lat' dir='ltr'><strong>oris</strong></span> <span class='ocrx_word' id='word_1_831' title='bbox 2921 4962 3057 5032; x_wconf 83' lang='lat' dir='ltr'><strong>ejus.</strong></span> <span class='ocrx_word' id='word_1_832' title='bbox 3091 4958 3345 5030; x_wconf 76' lang='lat' dir='ltr'><strong>Prodigia</strong></span> <span class='ocrx_word' id='word_1_833' title='bbox 3378 4957 3494 5029; x_wconf 83' lang='lat' dir='ltr'><strong>qui-</strong></span> 
     </span>
    </p>
   </div>
   <div class='ocr_carea' id='block_1_110' title="bbox 1924 5051 3495 5126">
    <p class='ocr_par' dir='ltr' id='par_1_110' title="bbox 1924 5051 3495 5126">
     <span class='ocr_line' id='line_1_111' title="bbox 1924 5051 3495 5126; baseline -0.004 -16"><span class='ocrx_word' id='word_1_834' title='bbox 1924 5054 2047 5116; x_wconf 88' lang='lat' dir='ltr'><strong>dem</strong></span> <span class='ocrx_word' id='word_1_835' title='bbox 2086 5054 2271 5114; x_wconf 84' lang='lat' dir='ltr'><strong>divina</strong></span> <span class='ocrx_word' id='word_1_836' title='bbox 2323 5055 2479 5126; x_wconf 87' lang='lat' dir='ltr'><strong>signa</strong></span> <span class='ocrx_word' id='word_1_837' title='bbox 2530 5055 2749 5123; x_wconf 91' lang='lat' dir='ltr'><strong>dicens;</strong></span> <span class='ocrx_word' id='word_1_838' title='bbox 2777 5054 2982 5126; x_wconf 87' lang='lat' dir='ltr'><strong>judicia</strong></span> <span class='ocrx_word' id='word_1_839' title='bbox 3011 5068 3162 5117; x_wconf 92' lang='lat' dir='ltr'><strong>vero,</strong></span> <span class='ocrx_word' id='word_1_840' title='bbox 3189 5051 3407 5107; x_wconf 90' lang='lat' dir='ltr'><strong>decreta</strong></span> <span class='ocrx_word' id='word_1_841' title='bbox 3440 5058 3495 5105; x_wconf 89' lang='lat' dir='ltr'><strong>et</strong></span> 
     </span>
    </p>
   </div>
   <div class='ocr_carea' id='block_1_111' title="bbox 1924 5142 3494 5224">
    <p class='ocr_par' dir='ltr' id='par_1_111' title="bbox 1924 5142 3494 5224">
     <span class='ocr_line' id='line_1_112' title="bbox 1924 5142 3494 5224; baseline -0.01 -13"><span class='ocrx_word' id='word_1_842' title='bbox 1924 5160 2213 5217; x_wconf 67' lang='lat' dir='ltr'><strong>pmcepta,</strong></span> <span class='ocrx_word' id='word_1_843' title='bbox 2237 5147 2351 5203; x_wconf 82' lang='lat' dir='ltr'><strong>sive</strong></span> <span class='ocrx_word' id='word_1_844' title='bbox 2380 5162 2467 5213; x_wconf 84' lang='lat' dir='ltr'><strong>ea,</strong></span> <span class='ocrx_word' id='word_1_845' title='bbox 2508 5163 2629 5224; x_wconf 67' lang='lat' dir='ltr'><strong>qua:</strong></span> <span class='ocrx_word' id='word_1_846' title='bbox 2656 5146 2735 5207; x_wconf 67' lang='lat' dir='ltr'><strong>ad.</strong></span> <span class='ocrx_word' id='word_1_847' title='bbox 2756 5148 3016 5207; x_wconf 86' lang='lat' dir='ltr'><strong>ultionem</strong></span> <span class='ocrx_word' id='word_1_848' title='bbox 3045 5146 3196 5216; x_wconf 87' lang='lat' dir='ltr'><strong>justo</strong></span> <span class='ocrx_word' id='word_1_849' title='bbox 3232 5142 3439 5215; x_wconf 87' lang='lat' dir='ltr'><strong>judicio</strong></span> <span class='ocrx_word' id='word_1_850' title='bbox 3461 5156 3494 5195; x_wconf 79' lang='grc' dir='ltr'><strong>ιι</strong></span> 
     </span>
    </p>
   </div>
   <div class='ocr_carea' id='block_1_112' title="bbox 1925 5232 3495 5309">
    <p class='ocr_par' dir='ltr' id='par_1_112' title="bbox 1925 5232 3495 5309">
     <span class='ocr_line' id='line_1_113' title="bbox 1925 5232 3495 5309; baseline -0.006 -16"><span class='ocrx_word' id='word_1_851' title='bbox 1925 5239 2034 5293; x_wconf 90' lang='lat' dir='ltr'><strong>Deo</strong></span> <span class='ocrx_word' id='word_1_852' title='bbox 2060 5247 2269 5308; x_wconf 86' lang='lat' dir='ltr'><strong>patrata</strong></span> <span class='ocrx_word' id='word_1_853' title='bbox 2293 5245 2442 5301; x_wconf 87' lang='lat' dir='ltr'><strong>sunt,</strong></span> <span class='ocrx_word' id='word_1_854' title='bbox 2468 5238 2755 5295; x_wconf 75' lang='lat' dir='ltr'><strong>mirabilia.</strong></span> <span class='ocrx_word' id='word_1_855' title='bbox 2777 5240 2907 5305; x_wconf 66' lang='lat' dir='ltr'><strong>Quae</strong></span> <span class='ocrx_word' id='word_1_856' title='bbox 2924 5235 3191 5309; x_wconf 88' lang='lat' dir='ltr'><strong>prodigia,</strong></span> <span class='ocrx_word' id='word_1_857' title='bbox 3216 5234 3305 5289; x_wconf 91' lang='lat' dir='ltr'><strong>dic</strong></span> <span class='ocrx_word' id='word_1_858' title='bbox 3324 5232 3495 5286; x_wconf 76' lang='lat' dir='ltr'><strong>mihi?</strong></span> 
     </span>
    </p>
   </div>
   <div class='ocr_carea' id='block_1_113' title="bbox 1924 5323 3491 5402">
    <p class='ocr_par' dir='ltr' id='par_1_113' title="bbox 1924 5323 3491 5402">
     <span class='ocr_line' id='line_1_114' title="bbox 1924 5323 3491 5402; baseline -0.005 -17"><span class='ocrx_word' id='word_1_859' title='bbox 1924 5330 2053 5397; x_wconf 77' lang='lat' dir='ltr'><strong>Quae</strong></span> <span class='ocrx_word' id='word_1_860' title='bbox 2104 5331 2155 5385; x_wconf 92' lang='lat' dir='ltr'><strong>in</strong></span> <span class='ocrx_word' id='word_1_861' title='bbox 2190 5330 2442 5402; x_wconf 62' lang='lat' dir='ltr'><strong>Egypto,</strong></span> <span class='ocrx_word' id='word_1_862' title='bbox 2480 5345 2603 5401; x_wconf 74' lang='lat' dir='ltr'><strong>qua:</strong></span> <span class='ocrx_word' id='word_1_863' title='bbox 2655 5338 2783 5386; x_wconf 89' lang='lat' dir='ltr'><strong>ante</strong></span> <span class='ocrx_word' id='word_1_864' title='bbox 2828 5337 3041 5400; x_wconf 88' lang='lat' dir='ltr'><strong>etpost</strong></span> <span class='ocrx_word' id='word_1_865' title='bbox 3085 5326 3385 5397; x_wconf 82' lang='lat' dir='ltr'><strong>profectum</strong></span> <span class='ocrx_word' id='word_1_866' title='bbox 3437 5323 3491 5377; x_wconf 94' lang='lat' dir='ltr'><strong>in</strong></span> 
     </span>
    </p>
   </div>
   <div class='ocr_carea' id='block_1_114' title="bbox 1925 5418 3502 5494">
    <p class='ocr_par' dir='ltr' id='par_1_114' title="bbox 1925 5418 3502 5494">
     <span class='ocr_line' id='line_1_115' title="bbox 1925 5418 3502 5494; baseline -0.004 -16"><span class='ocrx_word' id='word_1_867' title='bbox 1925 5423 2239 5494; x_wconf 62' lang='lat' dir='ltr'><strong>Egyptum,</strong></span> <span class='ocrx_word' id='word_1_868' title='bbox 2274 5438 2394 5493; x_wconf 77' lang='lat' dir='ltr'><strong>qua:</strong></span> <span class='ocrx_word' id='word_1_869' title='bbox 2444 5430 2568 5494; x_wconf 90' lang='lat' dir='ltr'><strong>post</strong></span> <span class='ocrx_word' id='word_1_870' title='bbox 2618 5423 2909 5477; x_wconf 89' lang='lat' dir='ltr'><strong>adventum</strong></span> <span class='ocrx_word' id='word_1_871' title='bbox 2951 5422 3091 5491; x_wconf 86' lang='lat' dir='ltr'><strong>ejus.</strong></span> <span class='ocrx_word' id='word_1_872' title='bbox 3127 5419 3252 5474; x_wconf 65' lang='lat' dir='ltr'><strong>Haec</strong></span> <span class='ocrx_word' id='word_1_873' title='bbox 3292 5418 3502 5488; x_wconf 87' lang='lat' dir='ltr'><strong>quippe-</strong></span> 
     </span>
    </p>
   </div>
   <div class='ocr_carea' id='block_1_115' title="bbox 1924 5510 3490 5585">
    <p class='ocr_par' dir='ltr' id='par_1_115' title="bbox 1924 5510 3490 5585">
     <span class='ocr_line' id='line_1_116' title="bbox 1924 5510 3490 5585; baseline -0.006 -14"><span class='ocrx_word' id='word_1_874' title='bbox 1924 5517 2106 5571; x_wconf 89' lang='lat' dir='ltr'><strong>omnia</strong></span> <span class='ocrx_word' id='word_1_875' title='bbox 2134 5515 2452 5571; x_wconf 89' lang='lat' dir='ltr'><strong>admiranda</strong></span> <span class='ocrx_word' id='word_1_876' title='bbox 2484 5523 2537 5573; x_wconf 92' lang='lat' dir='ltr'><strong>et</strong></span> <span class='ocrx_word' id='word_1_877' title='bbox 2570 5518 2835 5585; x_wconf 89' lang='lat' dir='ltr'><strong>stupenda</strong></span> <span class='ocrx_word' id='word_1_878' title='bbox 2863 5528 3027 5583; x_wconf 91' lang='lat' dir='ltr'><strong>opera</strong></span> <span class='ocrx_word' id='word_1_879' title='bbox 3059 5518 3208 5575; x_wconf 87' lang='lat' dir='ltr'><strong>sunt,</strong></span> <span class='ocrx_word' id='word_1_880' title='bbox 3233 5524 3354 5582; x_wconf 71' lang='lat' dir='ltr'><strong>qua:</strong></span> <span class='ocrx_word' id='word_1_881' title='bbox 3394 5510 3490 5562; x_wconf 76' lang='lat' dir='ltr'><strong>liu-</strong></span> 
     </span>
    </p>
   </div>
   <div class='ocr_carea' id='block_1_116' title="bbox 1923 5600 3511 5685">
    <p class='ocr_par' dir='ltr' id='par_1_116' title="bbox 1923 5600 3511 5685">
     <span class='ocr_line' id='line_1_117' title="bbox 1923 5600 3511 5685; baseline -0.007 -21"><span class='ocrx_word' id='word_1_882' title='bbox 1923 5622 2145 5665; x_wconf 85' lang='lat' dir='ltr'><strong>manum</strong></span> <span class='ocrx_word' id='word_1_883' title='bbox 2207 5613 2423 5685; x_wconf 87' lang='lat' dir='ltr'><strong>captum</strong></span> <span class='ocrx_word' id='word_1_884' title='bbox 2480 5614 2760 5680; x_wconf 88' lang='lat' dir='ltr'><strong>superant.</strong></span> <span class='ocrx_word' id='word_1_885' title='bbox 2822 5605 2947 5663; x_wconf 88' lang='lat' dir='ltr'><strong>Sive</strong></span> <span class='ocrx_word' id='word_1_886' title='bbox 2969 5603 3215 5679; x_wconf 85' lang='lat' dir='ltr'><strong>prodigia</strong></span> <span class='ocrx_word' id='word_1_887' title='bbox 3247 5600 3511 5679; x_wconf 27' lang='lat' dir='ltr'><strong>quidem,”</strong></span> 
     </span>
    </p>
   </div>
  </div>
