  <div class='ocr_page' id='page_1' title='image "/cluster/home/n/w/nwhite01/storage/ocr_20150623/23/mdp.39015078384396/680.png"; bbox 0 0 3868 6282; ppageno 0'>
   <div class='ocr_carea' id='block_1_1' title="bbox 142 386 296 442">
    <p class='ocr_par' dir='ltr' id='par_1_1' title="bbox 142 386 296 442">
     <span class='ocr_line' id='line_1_1' title="bbox 142 386 296 442; baseline -0.006 0"><span class='ocrx_word' id='word_1_1' title='bbox 142 386 174 442; x_wconf 62' lang='lat' dir='ltr'><strong>ﬁ</strong></span> <span class='ocrx_word' id='word_1_2' title='bbox 184 386 296 442; x_wconf 76' lang='lat'><strong><em>505</em></strong></span> 
     </span>
    </p>
   </div>
   <div class='ocr_carea' id='block_1_2' title="bbox 1292 372 2258 449">
    <p class='ocr_par' dir='ltr' id='par_1_2' title="bbox 1292 372 2258 449">
     <span class='ocr_line' id='line_1_2' title="bbox 1292 372 2258 449; baseline 0.004 -5"><span class='ocrx_word' id='word_1_3' title='bbox 1292 386 1798 445; x_wconf 74' lang='lat' dir='ltr'><strong><em>COMMENTARIA</em></strong></span> <span class='ocrx_word' id='word_1_4' title='bbox 1828 388 1897 447; x_wconf 85' lang='lat' dir='ltr'><strong><em>IN</em></strong></span> <span class='ocrx_word' id='word_1_5' title='bbox 1920 372 2258 449; x_wconf 68' lang='lat' dir='ltr'><strong><em>pSiLuos.</em></strong></span> 
     </span>
    </p>
   </div>
   <div class='ocr_carea' id='block_1_3' title="bbox 3257 397 3395 455">
    <p class='ocr_par' dir='ltr' id='par_1_3' title="bbox 3257 397 3395 455">
     <span class='ocr_line' id='line_1_3' title="bbox 3257 397 3395 455; baseline -0.007 -2"><span class='ocrx_word' id='word_1_6' title='bbox 3257 398 3281 453; x_wconf 77' lang='grc'><strong>1</strong></span> <span class='ocrx_word' id='word_1_7' title='bbox 3293 397 3395 455; x_wconf 81' lang='lat'><strong><em>506</em></strong></span> 
     </span>
    </p>
   </div>
   <div class='ocr_carea' id='block_1_4' title="bbox 138 505 1737 580">
    <p class='ocr_par' dir='ltr' id='par_1_4' title="bbox 138 505 1723 576">
     <span class='ocr_line' id='line_1_4' title="bbox 138 505 1723 576; baseline 0.001 -16"><span class='ocrx_word' id='word_1_8' title='bbox 138 507 233 572; x_wconf 83' lang='grc' dir='ltr'><em>τῷ</em></span> <span class='ocrx_word' id='word_1_9' title='bbox 266 505 531 575; x_wconf 80' lang='grc' dir='ltr'><em>Ἀϐραὰμ,</em></span> <span class='ocrx_word' id='word_1_10' title='bbox 564 506 659 560; x_wconf 74' lang='grc' dir='ltr'><strong><em>καί</em></strong></span> <span class='ocrx_word' id='word_1_11' title='bbox 687 506 793 560; x_wconf 85' lang='grc' dir='ltr'><strong><em>τοῦ</em></strong></span> <span class='ocrx_word' id='word_1_12' title='bbox 828 505 1008 576; x_wconf 82' lang='grc' dir='ltr'><strong><em>ὅρκου</em></strong></span> <span class='ocrx_word' id='word_1_13' title='bbox 1027 505 1214 561; x_wconf 84' lang='grc' dir='ltr'><em>αυτοῦ</em></span> <span class='ocrx_word' id='word_1_14' title='bbox 1244 505 1325 572; x_wconf 87' lang='grc' dir='ltr'><em>τῷ</em></span> <span class='ocrx_word' id='word_1_15' title='bbox 1355 507 1553 562; x_wconf 78' lang='grc' dir='ltr'><em>Ἰσαάκ</em></span> <span class='ocrx_word' id='word_1_16' title='bbox 1575 526 1590 539; x_wconf 73' lang='grc' dir='ltr'><strong>ο</strong></span> <span class='ocrx_word' id='word_1_17' title='bbox 1623 509 1723 562; x_wconf 74' lang='grc' dir='ltr'><em>καὶ</em></span> 
     </span>
    </p>
   </div>
   <div class='ocr_carea' id='block_1_5' title="bbox 1836 505 3395 580">
    <p class='ocr_par' dir='ltr' id='par_1_5' title="bbox 1836 509 3395 580">
     <span class='ocr_line' id='line_1_5' title="bbox 1836 509 3395 580; baseline 0.003 -19"><span class='ocrx_word' id='word_1_18' title='bbox 1836 510 2083 578; x_wconf 71' lang='lat' dir='ltr'><strong><em>disposuit</em></strong></span> <span class='ocrx_word' id='word_1_19' title='bbox 2112 510 2182 565; x_wconf 86' lang='lat' dir='ltr'><strong><em>ad</em></strong></span> <span class='ocrx_word' id='word_1_20' title='bbox 2211 509 2501 576; x_wconf 79' lang='lat' dir='ltr'><strong><em>Abraham,</em></strong></span> <span class='ocrx_word' id='word_1_21' title='bbox 2528 520 2578 565; x_wconf 85' lang='lat' dir='ltr'><strong><em>et</em></strong></span> <span class='ocrx_word' id='word_1_22' title='bbox 2598 513 2894 580; x_wconf 83' lang='lat' dir='ltr'><strong><em>juramenti</em></strong></span> <span class='ocrx_word' id='word_1_23' title='bbox 2929 513 3014 567; x_wconf 82' lang='lat' dir='ltr'><strong><em>sui</em></strong></span> <span class='ocrx_word' id='word_1_24' title='bbox 3044 511 3111 565; x_wconf 85' lang='lat' dir='ltr'><strong><em>ad</em></strong></span> <span class='ocrx_word' id='word_1_25' title='bbox 3140 510 3319 575; x_wconf 75' lang='lat' dir='ltr'><strong><em>Isaac,</em></strong></span> <span class='ocrx_word' id='word_1_26' title='bbox 3345 522 3395 566; x_wconf 90' lang='lat' dir='ltr'><strong><em>et</em></strong></span> 
     </span>
    </p>
   </div>
   <div class='ocr_carea' id='block_1_6' title="bbox 142 596 1730 670">
    <p class='ocr_par' dir='ltr' id='par_1_6' title="bbox 142 596 1730 670">
     <span class='ocr_line' id='line_1_6' title="bbox 142 596 1730 670; baseline 0.002 -19"><span class='ocrx_word' id='word_1_27' title='bbox 142 599 423 667; x_wconf 72' lang='grc' dir='ltr'><em>ἔστησεν</em></span> <span class='ocrx_word' id='word_1_28' title='bbox 445 597 630 651; x_wconf 83' lang='grc' dir='ltr'><em>αὐτὸν</em></span> <span class='ocrx_word' id='word_1_29' title='bbox 654 596 734 662; x_wconf 84' lang='grc' dir='ltr'><em>τῷ</em></span> <span class='ocrx_word' id='word_1_30' title='bbox 771 597 970 651; x_wconf 83' lang='grc' dir='ltr'><em>Ἰακὼϐ</em></span> <span class='ocrx_word' id='word_1_31' title='bbox 998 598 1086 664; x_wconf 85' lang='grc' dir='ltr'><em>εὶς</em></span> <span class='ocrx_word' id='word_1_32' title='bbox 1118 599 1487 670; x_wconf 79' lang='grc' dir='ltr'><strong><em>πρόσταγμα,</em></strong></span> <span class='ocrx_word' id='word_1_33' title='bbox 1522 600 1619 654; x_wconf 79' lang='grc' dir='ltr'><em>καὶ</em></span> <span class='ocrx_word' id='word_1_34' title='bbox 1648 600 1730 667; x_wconf 80' lang='grc' dir='ltr'><em>τῷ</em></span> 
     </span>
    </p>
   </div>
   <div class='ocr_carea' id='block_1_7' title="bbox 162 687 1729 759">
    <p class='ocr_par' dir='ltr' id='par_1_7' title="bbox 162 687 1729 759">
     <span class='ocr_line' id='line_1_7' title="bbox 162 687 1729 759; baseline 0.001 -16"><span class='ocrx_word' id='word_1_35' title='bbox 162 688 408 757; x_wconf 77' lang='grc' dir='ltr'><em>Ἰσραὴλ</em></span> <span class='ocrx_word' id='word_1_36' title='bbox 436 691 523 753; x_wconf 83' lang='grc' dir='ltr'><em>εις</em></span> <span class='ocrx_word' id='word_1_37' title='bbox 548 688 839 755; x_wconf 80' lang='grc' dir='ltr'><strong><em>διαθήκην</em></strong></span> <span class='ocrx_word' id='word_1_38' title='bbox 864 687 1102 742; x_wconf 69' lang='grc' dir='ltr'><em>αἰώνιον</em></span> <span class='ocrx_word' id='word_1_39' title='bbox 1119 728 1137 755; x_wconf 90' lang='grc'><strong><em>,</em></strong></span> <span class='ocrx_word' id='word_1_40' title='bbox 1170 691 1363 759; x_wconf 75' lang='grc' dir='ltr'><em>λέγων</em></span> <span class='ocrx_word' id='word_1_41' title='bbox 1380 706 1397 722; x_wconf 93' lang='grc'><strong>·</strong></span> <span class='ocrx_word' id='word_1_42' title='bbox 1425 691 1529 745; x_wconf 72' lang='grc' dir='ltr'><strong><em>Σοὶ</em></strong></span> <span class='ocrx_word' id='word_1_43' title='bbox 1557 690 1729 745; x_wconf 83' lang='grc' dir='ltr'><em>δώσω</em></span> 
     </span>
    </p>
   </div>
   <div class='ocr_carea' id='block_1_8' title="bbox 146 780 1727 853">
    <p class='ocr_par' dir='ltr' id='par_1_8' title="bbox 146 780 1727 853">
     <span class='ocr_line' id='line_1_8' title="bbox 146 780 1727 853; baseline -0.001 -17"><span class='ocrx_word' id='word_1_44' title='bbox 146 783 276 851; x_wconf 81' lang='grc' dir='ltr'><em>τὴν</em></span> <span class='ocrx_word' id='word_1_45' title='bbox 301 781 421 853; x_wconf 75' lang='grc' dir='ltr'><strong><em>τῆν</em></strong></span> <span class='ocrx_word' id='word_1_46' title='bbox 450 780 713 845; x_wconf 87' lang='grc' dir='ltr'><em>Χαναὰν,</em></span> <span class='ocrx_word' id='word_1_47' title='bbox 750 782 1079 851; x_wconf 86' lang='grc' dir='ltr'><em>σχοίνισμα</em></span> <span class='ocrx_word' id='word_1_48' title='bbox 1109 783 1512 852; x_wconf 73' lang='grc' dir='ltr'><strong><em>κληρονομίας</em></strong></span> <span class='ocrx_word' id='word_1_49' title='bbox 1539 780 1727 853; x_wconf 85' lang='grc' dir='ltr'><em>ὑμῶν.</em></span> 
     </span>
    </p>
   </div>
   <div class='ocr_carea' id='block_1_9' title="bbox 166 870 1732 944">
    <p class='ocr_par' dir='ltr' id='par_1_9' title="bbox 166 870 1732 944">
     <span class='ocr_line' id='line_1_9' title="bbox 166 870 1732 944; baseline -0.001 -15"><span class='ocrx_word' id='word_1_50' title='bbox 166 876 274 929; x_wconf 85' lang='grc' dir='ltr'><em>Ἐν</em></span> <span class='ocrx_word' id='word_1_51' title='bbox 296 874 377 939; x_wconf 85' lang='grc' dir='ltr'><em>τῷ</em></span> <span class='ocrx_word' id='word_1_52' title='bbox 404 870 557 928; x_wconf 75' lang='grc' dir='ltr'><em>εἶναι</em></span> <span class='ocrx_word' id='word_1_53' title='bbox 579 874 799 940; x_wconf 77' lang='grc' dir='ltr'><em>αὐτοὺς</em></span> <span class='ocrx_word' id='word_1_54' title='bbox 825 873 1047 943; x_wconf 82' lang='grc' dir='ltr'><em>ἀριθμῷ</em></span> <span class='ocrx_word' id='word_1_55' title='bbox 1083 874 1355 943; x_wconf 77' lang='grc' dir='ltr'><strong><em>βραχεῖς,</em></strong></span> <span class='ocrx_word' id='word_1_56' title='bbox 1377 874 1732 944; x_wconf 76' lang='grc' dir='ltr'><em>όλιγοστοὺς</em></span> 
     </span>
    </p>
   </div>
   <div class='ocr_carea' id='block_1_10' title="bbox 150 965 1731 1036">
    <p class='ocr_par' dir='ltr' id='par_1_10' title="bbox 150 965 1731 1036">
     <span class='ocr_line' id='line_1_10' title="bbox 150 965 1731 1036; baseline 0.003 -17"><span class='ocrx_word' id='word_1_57' title='bbox 150 966 258 1020; x_wconf 79' lang='grc' dir='ltr'><strong><em>καὶ</em></strong></span> <span class='ocrx_word' id='word_1_58' title='bbox 304 968 628 1035; x_wconf 80' lang='grc' dir='ltr'><em>παροίκους</em></span> <span class='ocrx_word' id='word_1_59' title='bbox 660 967 730 1019; x_wconf 78' lang='grc' dir='ltr'><em>ἐν</em></span> <span class='ocrx_word' id='word_1_60' title='bbox 770 965 941 1035; x_wconf 73' lang='grc' dir='ltr'><em>αὐτῇ.</em></span> <span class='ocrx_word' id='word_1_61' title='bbox 986 965 1097 1020; x_wconf 80' lang='grc' dir='ltr'><em>Καὶ</em></span> <span class='ocrx_word' id='word_1_62' title='bbox 1124 965 1374 1035; x_wconf 76' lang='grc' dir='ltr'><strong><em>διῆλθον</em></strong></span> <span class='ocrx_word' id='word_1_63' title='bbox 1411 966 1480 1031; x_wconf 84' lang='grc' dir='ltr'><strong><em>ἐξ</em></strong></span> <span class='ocrx_word' id='word_1_64' title='bbox 1517 969 1731 1036; x_wconf 77' lang='grc' dir='ltr'><em>ἔθνους</em></span> 
     </span>
    </p>
   </div>
   <div class='ocr_carea' id='block_1_11' title="bbox 152 1056 1728 1125">
    <p class='ocr_par' dir='ltr' id='par_1_11' title="bbox 152 1056 1728 1125">
     <span class='ocr_line' id='line_1_11' title="bbox 152 1056 1728 1125; baseline 0 -14"><span class='ocrx_word' id='word_1_65' title='bbox 152 1060 249 1123; x_wconf 81' lang='grc' dir='ltr'><strong><em>είς</em></strong></span> <span class='ocrx_word' id='word_1_66' title='bbox 289 1059 496 1124; x_wconf 66' lang='grc' dir='ltr'><em>ἔθνος,</em></span> <span class='ocrx_word' id='word_1_67' title='bbox 537 1057 637 1111; x_wconf 81' lang='grc' dir='ltr'><strong><em>καὶ</em></strong></span> <span class='ocrx_word' id='word_1_68' title='bbox 684 1058 754 1110; x_wconf 84' lang='grc' dir='ltr'><em>ἑκ</em></span> <span class='ocrx_word' id='word_1_69' title='bbox 795 1057 1120 1123; x_wconf 76' lang='grc' dir='ltr'><em>βασιλείας</em></span> <span class='ocrx_word' id='word_1_70' title='bbox 1171 1059 1259 1121; x_wconf 84' lang='grc' dir='ltr'><em>εὶς</em></span> <span class='ocrx_word' id='word_1_71' title='bbox 1305 1057 1460 1113; x_wconf 83' lang='grc' dir='ltr'><em>λαὸν</em></span> <span class='ocrx_word' id='word_1_72' title='bbox 1503 1056 1728 1125; x_wconf 76' lang='grc' dir='ltr'><em>ἕτερον.</em></span> 
     </span>
    </p>
   </div>
   <div class='ocr_carea' id='block_1_12' title="bbox 144 1147 1733 1221">
    <p class='ocr_par' dir='ltr' id='par_1_12' title="bbox 144 1147 1733 1221">
     <span class='ocr_line' id='line_1_12' title="bbox 144 1147 1733 1221; baseline 0.001 -19"><span class='ocrx_word' id='word_1_73' title='bbox 144 1152 279 1203; x_wconf 82' lang='grc' dir='ltr'><strong><em>οὐκ</em></strong></span> <span class='ocrx_word' id='word_1_74' title='bbox 301 1149 535 1219; x_wconf 61' lang='grc' dir='ltr'><em>ἀφῆκεν</em></span> <span class='ocrx_word' id='word_1_75' title='bbox 556 1147 867 1217; x_wconf 79' lang='grc' dir='ltr'><em>ἄνθρωπον</em></span> <span class='ocrx_word' id='word_1_76' title='bbox 887 1148 1169 1216; x_wconf 80' lang='grc' dir='ltr'><em>ἀδικῆσαι</em></span> <span class='ocrx_word' id='word_1_77' title='bbox 1188 1149 1429 1216; x_wconf 83' lang='grc' dir='ltr'><em>αὐτοὺς,</em></span> <span class='ocrx_word' id='word_1_78' title='bbox 1445 1150 1544 1203; x_wconf 79' lang='grc' dir='ltr'><strong><em>καὶ</em></strong></span> <span class='ocrx_word' id='word_1_79' title='bbox 1562 1150 1733 1221; x_wconf 68' lang='grc' dir='ltr'><em>ἤλεγ-</em></span> 
     </span>
    </p>
   </div>
   <div class='ocr_carea' id='block_1_13' title="bbox 154 1241 1736 1311">
    <p class='ocr_par' dir='ltr' id='par_1_13' title="bbox 154 1241 1736 1311">
     <span class='ocr_line' id='line_1_13' title="bbox 154 1241 1736 1311; baseline -0.001 -15"><span class='ocrx_word' id='word_1_80' title='bbox 154 1243 270 1309; x_wconf 78' lang='grc' dir='ltr'><em>ξεν</em></span> <span class='ocrx_word' id='word_1_81' title='bbox 294 1242 445 1311; x_wconf 82' lang='grc' dir='ltr'><em>ὑπὲρ</em></span> <span class='ocrx_word' id='word_1_82' title='bbox 473 1244 672 1297; x_wconf 84' lang='grc' dir='ltr'><em>αὐτῶν</em></span> <span class='ocrx_word' id='word_1_83' title='bbox 705 1241 1009 1308; x_wconf 79' lang='grc' dir='ltr'><em>βασιλεῖς.</em></span> <span class='ocrx_word' id='word_1_84' title='bbox 1038 1242 1135 1311; x_wconf 82' lang='grc' dir='ltr'><strong><em>Μὴ</em></strong></span> <span class='ocrx_word' id='word_1_85' title='bbox 1182 1241 1443 1297; x_wconf 78' lang='grc' dir='ltr'><strong><em>ἅπτεσθε</em></strong></span> <span class='ocrx_word' id='word_1_86' title='bbox 1471 1241 1591 1295; x_wconf 86' lang='grc' dir='ltr'><strong><em>τῶν</em></strong></span> <span class='ocrx_word' id='word_1_87' title='bbox 1616 1259 1736 1311; x_wconf 84' lang='grc' dir='ltr'><em>χρι-</em></span> 
     </span>
    </p>
   </div>
   <div class='ocr_carea' id='block_1_14' title="bbox 156 1333 1735 1404">
    <p class='ocr_par' dir='ltr' id='par_1_14' title="bbox 156 1333 1735 1404">
     <span class='ocr_line' id='line_1_14' title="bbox 156 1333 1735 1404; baseline -0.001 -16"><span class='ocrx_word' id='word_1_88' title='bbox 156 1336 326 1388; x_wconf 85' lang='grc' dir='ltr'><em>στῶν</em></span> <span class='ocrx_word' id='word_1_89' title='bbox 348 1352 491 1404; x_wconf 84' lang='grc' dir='ltr'><em>μου,</em></span> <span class='ocrx_word' id='word_1_90' title='bbox 527 1335 625 1388; x_wconf 79' lang='grc' dir='ltr'><strong><em>καὶ</em></strong></span> <span class='ocrx_word' id='word_1_91' title='bbox 660 1335 730 1387; x_wconf 84' lang='grc' dir='ltr'><em>ὲν</em></span> <span class='ocrx_word' id='word_1_92' title='bbox 761 1333 885 1400; x_wconf 87' lang='grc' dir='ltr'><em>τοῖς</em></span> <span class='ocrx_word' id='word_1_93' title='bbox 913 1333 1246 1402; x_wconf 68' lang='grc' dir='ltr'><em>προφήταις</em></span> <span class='ocrx_word' id='word_1_94' title='bbox 1283 1351 1401 1403; x_wconf 81' lang='grc' dir='ltr'><strong><em>μου</em></strong></span> <span class='ocrx_word' id='word_1_95' title='bbox 1428 1333 1514 1402; x_wconf 81' lang='grc' dir='ltr'><em>μὴ</em></span> <span class='ocrx_word' id='word_1_96' title='bbox 1549 1346 1735 1402; x_wconf 82' lang='grc' dir='ltr'><em>πονη-</em></span> 
     </span>
    </p>
   </div>
   <div class='ocr_carea' id='block_1_15' title="bbox 151 1421 1735 1497">
    <p class='ocr_par' dir='ltr' id='par_1_15' title="bbox 151 1421 1735 1497">
     <span class='ocr_line' id='line_1_15' title="bbox 151 1421 1735 1497; baseline -0.002 -16"><span class='ocrx_word' id='word_1_97' title='bbox 151 1428 432 1495; x_wconf 80' lang='grc' dir='ltr'><em>ρεύεσθε.</em></span> <span class='ocrx_word' id='word_1_98' title='bbox 478 1427 810 1496; x_wconf 83' lang='grc' dir='ltr'><em>Ἐπιστήσας</em></span> <span class='ocrx_word' id='word_1_99' title='bbox 857 1424 1099 1497; x_wconf 78' lang='grc' dir='ltr'><em>ἀκριϐῶς</em></span> <span class='ocrx_word' id='word_1_100' title='bbox 1144 1424 1228 1489; x_wconf 88' lang='grc' dir='ltr'><strong><em>τίς</em></strong></span> <span class='ocrx_word' id='word_1_101' title='bbox 1279 1421 1350 1495; x_wconf 82' lang='grc' dir='ltr'><em>ἦν</em></span> <span class='ocrx_word' id='word_1_102' title='bbox 1405 1428 1433 1479; x_wconf 90' lang='grc' dir='ltr'>ὁ</span> <span class='ocrx_word' id='word_1_103' title='bbox 1476 1425 1632 1493; x_wconf 81' lang='grc' dir='ltr'><em>λόγος</em></span> <span class='ocrx_word' id='word_1_104' title='bbox 1675 1425 1735 1478; x_wconf 81' lang='grc' dir='ltr'><em>ὃν</em></span> 
     </span>
    </p>
   </div>
   <div class='ocr_carea' id='block_1_16' title="bbox 157 1513 1736 1585">
    <p class='ocr_par' dir='ltr' id='par_1_16' title="bbox 157 1513 1736 1585">
     <span class='ocr_line' id='line_1_16' title="bbox 157 1513 1736 1585; baseline -0.003 -14"><span class='ocrx_word' id='word_1_105' title='bbox 157 1518 463 1571; x_wconf 75' lang='grc' dir='ltr'><em>ὲνετείολατο</em></span> <span class='ocrx_word' id='word_1_106' title='bbox 505 1518 585 1581; x_wconf 82' lang='grc' dir='ltr'><strong><em>είς</em></strong></span> <span class='ocrx_word' id='word_1_107' title='bbox 625 1516 826 1578; x_wconf 84' lang='grc' dir='ltr'><em>πολλὰς</em></span> <span class='ocrx_word' id='word_1_108' title='bbox 868 1516 1059 1584; x_wconf 84' lang='grc' dir='ltr'><em>γενεὰς</em></span> <span class='ocrx_word' id='word_1_109' title='bbox 1090 1513 1489 1585; x_wconf 72' lang='grc' dir='ltr'><em>ἐξικνούμενον,</em></span> <span class='ocrx_word' id='word_1_110' title='bbox 1532 1514 1593 1567; x_wconf 87' lang='grc' dir='ltr'><strong><em>ού</em></strong></span> <span class='ocrx_word' id='word_1_111' title='bbox 1627 1513 1736 1585; x_wconf 86' lang='grc' dir='ltr'><em>γὰρ</em></span> 
     </span>
    </p>
   </div>
   <div class='ocr_carea' id='block_1_17' title="bbox 158 1605 1738 1681">
    <p class='ocr_par' dir='ltr' id='par_1_17' title="bbox 158 1605 1738 1681">
     <span class='ocr_line' id='line_1_17' title="bbox 158 1605 1738 1681; baseline -0.004 -18"><span class='ocrx_word' id='word_1_112' title='bbox 158 1611 301 1663; x_wconf 70' lang='grc' dir='ltr'><em>ἐτῶν</em></span> <span class='ocrx_word' id='word_1_113' title='bbox 355 1609 607 1681; x_wconf 84' lang='grc' dir='ltr'><em>ἀριθμὸν,</em></span> <span class='ocrx_word' id='word_1_114' title='bbox 660 1608 795 1662; x_wconf 85' lang='grc' dir='ltr'><em>ἀλλὰ</em></span> <span class='ocrx_word' id='word_1_115' title='bbox 826 1606 887 1660; x_wconf 83' lang='grc' dir='ltr'><em>τὺ</em></span> <span class='ocrx_word' id='word_1_116' title='bbox 917 1606 1161 1677; x_wconf 85' lang='grc' dir='ltr'><em>διηνεκὲς</em></span> <span class='ocrx_word' id='word_1_117' title='bbox 1199 1606 1493 1660; x_wconf 74' lang='grc' dir='ltr'><strong><em>αἰνίττεται</em></strong></span> <span class='ocrx_word' id='word_1_118' title='bbox 1544 1605 1637 1659; x_wconf 75' lang='grc' dir='ltr'><strong><em>καὶ</em></strong></span> <span class='ocrx_word' id='word_1_119' title='bbox 1675 1605 1738 1657; x_wconf 81' lang='grc' dir='ltr'><em>τὸ</em></span> 
     </span>
    </p>
   </div>
   <div class='ocr_carea' id='block_1_18' title="bbox 157 1697 1737 1772">
    <p class='ocr_par' dir='ltr' id='par_1_18' title="bbox 157 1697 1737 1772">
     <span class='ocr_line' id='line_1_18' title="bbox 157 1697 1737 1772; baseline -0.001 -18"><span class='ocrx_word' id='word_1_120' title='bbox 157 1701 386 1772; x_wconf 78' lang='grc' dir='ltr'><em>πλῆθος,</em></span> <span class='ocrx_word' id='word_1_121' title='bbox 421 1701 496 1763; x_wconf 85' lang='grc' dir='ltr'><em>ὡς</em></span> <span class='ocrx_word' id='word_1_122' title='bbox 522 1699 583 1752; x_wconf 83' lang='grc' dir='ltr'><em>τὸ</em></span> <span class='ocrx_word' id='word_1_123' title='bbox 624 1699 871 1765; x_wconf 78' lang='grc' dir='ltr'><strong><em>ἑπτάκις,</em></strong></span> <span class='ocrx_word' id='word_1_124' title='bbox 906 1698 1110 1766; x_wconf 85' lang='grc' dir='ltr'><em>Στεῖρα</em></span> <span class='ocrx_word' id='word_1_125' title='bbox 1143 1698 1353 1752; x_wconf 76' lang='grc' dir='ltr'><em>ἔτεκεν</em></span> <span class='ocrx_word' id='word_1_126' title='bbox 1376 1697 1548 1761; x_wconf 77' lang='grc' dir='ltr'><em>ἑπτὰ,</em></span> <span class='ocrx_word' id='word_1_127' title='bbox 1582 1713 1737 1752; x_wconf 81' lang='grc' dir='ltr'><em>τουτ-</em></span> 
     </span>
    </p>
   </div>
   <div class='ocr_carea' id='block_1_19' title="bbox 159 1790 1737 1858">
    <p class='ocr_par' dir='ltr' id='par_1_19' title="bbox 159 1790 1737 1858">
     <span class='ocr_line' id='line_1_19' title="bbox 159 1790 1737 1858; baseline -0.003 -10"><span class='ocrx_word' id='word_1_128' title='bbox 159 1794 282 1848; x_wconf 76' lang='grc' dir='ltr'><em>έστι</em></span> <span class='ocrx_word' id='word_1_129' title='bbox 328 1791 518 1855; x_wconf 87' lang='grc' dir='ltr'><em>πολλὰ,</em></span> <span class='ocrx_word' id='word_1_130' title='bbox 552 1793 668 1858; x_wconf 78' lang='grc' dir='ltr'><em>καὶ,</em></span> <span class='ocrx_word' id='word_1_131' title='bbox 703 1790 974 1857; x_wconf 79' lang='grc' dir='ltr'><em>Ἑπτάκις</em></span> <span class='ocrx_word' id='word_1_132' title='bbox 1011 1790 1278 1847; x_wconf 83' lang='grc' dir='ltr'><em>πεσεῖται</em></span> <span class='ocrx_word' id='word_1_133' title='bbox 1303 1793 1337 1845; x_wconf 83' lang='lat' dir='ltr'><strong><em>d</em></strong></span> <span class='ocrx_word' id='word_1_134' title='bbox 1363 1791 1608 1856; x_wconf 81' lang='grc' dir='ltr'><em>δίκαιος,</em></span> <span class='ocrx_word' id='word_1_135' title='bbox 1638 1790 1737 1844; x_wconf 82' lang='grc' dir='ltr'><em>καὶ</em></span> 
     </span>
    </p>
   </div>
   <div class='ocr_carea' id='block_1_20' title="bbox 157 1882 1740 1957">
    <p class='ocr_par' dir='ltr' id='par_1_20' title="bbox 157 1882 1740 1957">
     <span class='ocr_line' id='line_1_20' title="bbox 157 1882 1740 1957; baseline -0.003 -17"><span class='ocrx_word' id='word_1_136' title='bbox 157 1883 600 1950; x_wconf 72' lang='grc' dir='ltr'><em>ἀναστήσεται·</em></span> <span class='ocrx_word' id='word_1_137' title='bbox 628 1884 881 1954; x_wconf 80' lang='grc' dir='ltr'><em>εὑρήσεις</em></span> <span class='ocrx_word' id='word_1_138' title='bbox 907 1883 1066 1937; x_wconf 81' lang='grc' dir='ltr'><em>αὑτὸν</em></span> <span class='ocrx_word' id='word_1_139' title='bbox 1095 1883 1381 1957; x_wconf 78' lang='grc' dir='ltr'><strong><em>εἰρημένον</em></strong></span> <span class='ocrx_word' id='word_1_140' title='bbox 1412 1882 1582 1945; x_wconf 75' lang='grc' dir='ltr'><em>οὕτως</em></span> <span class='ocrx_word' id='word_1_141' title='bbox 1603 1883 1740 1953; x_wconf 81' lang='grc' dir='ltr'><em>πρὸς</em></span> 
     </span>
    </p>
   </div>
   <div class='ocr_carea' id='block_1_21' title="bbox 171 1973 1741 2048">
    <p class='ocr_par' dir='ltr' id='par_1_21' title="bbox 171 1973 1741 2048">
     <span class='ocr_line' id='line_1_21' title="bbox 171 1973 1741 2048; baseline -0.001 -18"><span class='ocrx_word' id='word_1_142' title='bbox 171 1977 447 2048; x_wconf 77' lang='grc' dir='ltr'><em>Ἀϐραὰμ,</em></span> <span class='ocrx_word' id='word_1_143' title='bbox 470 1976 581 2030; x_wconf 76' lang='grc' dir='ltr'><strong><em>Καὶ</em></strong></span> <span class='ocrx_word' id='word_1_144' title='bbox 605 1974 1190 2045; x_wconf 75' lang='grc' dir='ltr'><em>ἐνευλογηθήσονται</em></span> <span class='ocrx_word' id='word_1_145' title='bbox 1216 1975 1286 2027; x_wconf 85' lang='grc' dir='ltr'><em>ἐν</em></span> <span class='ocrx_word' id='word_1_146' title='bbox 1320 1974 1420 2028; x_wconf 77' lang='grc' dir='ltr'><em>σοὶ</em></span> <span class='ocrx_word' id='word_1_147' title='bbox 1445 1973 1639 2028; x_wconf 80' lang='grc' dir='ltr'><em>πάντα</em></span> <span class='ocrx_word' id='word_1_148' title='bbox 1665 1976 1741 2029; x_wconf 86' lang='grc' dir='ltr'><em>τὰ</em></span> 
     </span>
    </p>
   </div>
   <div class='ocr_carea' id='block_1_22' title="bbox 158 2065 1742 2138">
    <p class='ocr_par' dir='ltr' id='par_1_22' title="bbox 158 2065 1742 2138">
     <span class='ocr_line' id='line_1_22' title="bbox 158 2065 1742 2138; baseline -0.003 -15"><span class='ocrx_word' id='word_1_149' title='bbox 158 2070 310 2137; x_wconf 71' lang='grc' dir='ltr'><em>ἔθνη</em></span> <span class='ocrx_word' id='word_1_150' title='bbox 363 2068 475 2137; x_wconf 83' lang='grc' dir='ltr'><em>τῆς</em></span> <span class='ocrx_word' id='word_1_151' title='bbox 518 2067 649 2138; x_wconf 77' lang='grc' dir='ltr'><em>γῆς.</em></span> <span class='ocrx_word' id='word_1_152' title='bbox 705 2067 833 2129; x_wconf 74' lang='grc' dir='ltr'><em>Καὶ,</em></span> <span class='ocrx_word' id='word_1_153' title='bbox 885 2065 1496 2135; x_wconf 68' lang='grc' dir='ltr'><em>Ἐνευλογηθήσονται</em></span> <span class='ocrx_word' id='word_1_154' title='bbox 1543 2065 1613 2119; x_wconf 88' lang='grc' dir='ltr'><em>ἐν</em></span> <span class='ocrx_word' id='word_1_155' title='bbox 1659 2065 1742 2132; x_wconf 83' lang='grc' dir='ltr'><em>τῷ</em></span> 
     </span>
    </p>
   </div>
   <div class='ocr_carea' id='block_1_23' title="bbox 161 2156 1740 2229">
    <p class='ocr_par' dir='ltr' id='par_1_23' title="bbox 161 2156 1740 2229">
     <span class='ocr_line' id='line_1_23' title="bbox 161 2156 1740 2229; baseline -0.003 -14"><span class='ocrx_word' id='word_1_156' title='bbox 161 2159 463 2229; x_wconf 78' lang='grc' dir='ltr'><em>σπέρματί</em></span> <span class='ocrx_word' id='word_1_157' title='bbox 496 2174 612 2213; x_wconf 90' lang='grc' dir='ltr'><strong><em>σου</em></strong></span> <span class='ocrx_word' id='word_1_158' title='bbox 644 2158 833 2213; x_wconf 82' lang='grc' dir='ltr'><em>πᾶσαι</em></span> <span class='ocrx_word' id='word_1_159' title='bbox 871 2160 930 2211; x_wconf 86' lang='lat' dir='ltr'><strong><em>al</em></strong></span> <span class='ocrx_word' id='word_1_160' title='bbox 951 2159 1135 2227; x_wconf 70' lang='grc' dir='ltr'><em>φυλαὶ</em></span> <span class='ocrx_word' id='word_1_161' title='bbox 1164 2156 1275 2225; x_wconf 83' lang='grc' dir='ltr'><em>τῆς</em></span> <span class='ocrx_word' id='word_1_162' title='bbox 1304 2157 1436 2227; x_wconf 76' lang='grc' dir='ltr'><em>γῆς,</em></span> <span class='ocrx_word' id='word_1_163' title='bbox 1459 2157 1557 2211; x_wconf 78' lang='grc' dir='ltr'><em>καὶ</em></span> <span class='ocrx_word' id='word_1_164' title='bbox 1585 2160 1740 2225; x_wconf 81' lang='grc' dir='ltr'><em>πλη-</em></span> 
     </span>
    </p>
   </div>
   <div class='ocr_carea' id='block_1_24' title="bbox 163 2248 1742 2321">
    <p class='ocr_par' dir='ltr' id='par_1_24' title="bbox 163 2248 1742 2321">
     <span class='ocr_line' id='line_1_24' title="bbox 163 2248 1742 2321; baseline -0.003 -15"><span class='ocrx_word' id='word_1_165' title='bbox 163 2254 364 2307; x_wconf 84' lang='grc' dir='ltr'><em>θύνων</em></span> <span class='ocrx_word' id='word_1_166' title='bbox 391 2252 678 2320; x_wconf 81' lang='grc' dir='ltr'><em>πληθυνῶ</em></span> <span class='ocrx_word' id='word_1_167' title='bbox 708 2252 773 2305; x_wconf 86' lang='grc' dir='ltr'><em>τὸ</em></span> <span class='ocrx_word' id='word_1_168' title='bbox 808 2253 1045 2320; x_wconf 81' lang='grc' dir='ltr'><em>σπέρμα</em></span> <span class='ocrx_word' id='word_1_169' title='bbox 1081 2267 1217 2305; x_wconf 88' lang='grc' dir='ltr'><em>σου.</em></span> <span class='ocrx_word' id='word_1_170' title='bbox 1256 2250 1454 2321; x_wconf 82' lang='grc' dir='ltr'><em>Εὖροις</em></span> <span class='ocrx_word' id='word_1_171' title='bbox 1487 2250 1532 2303; x_wconf 87' lang='grc' dir='ltr'><em>δ’</em></span> <span class='ocrx_word' id='word_1_172' title='bbox 1571 2250 1638 2304; x_wconf 84' lang='grc' dir='ltr'><em>ἂν</em></span> <span class='ocrx_word' id='word_1_173' title='bbox 1673 2248 1742 2302; x_wconf 78' lang='grc' dir='ltr'><em>τὰ</em></span> 
     </span>
    </p>
   </div>
   <div class='ocr_carea' id='block_1_25' title="bbox 162 2337 1742 2411">
    <p class='ocr_par' dir='ltr' id='par_1_25' title="bbox 162 2337 1742 2411">
     <span class='ocr_line' id='line_1_25' title="bbox 162 2337 1742 2411; baseline -0.003 -17"><span class='ocrx_word' id='word_1_174' title='bbox 162 2340 525 2411; x_wconf 80' lang='grc' dir='ltr'><em>παραπλήσια</em></span> <span class='ocrx_word' id='word_1_175' title='bbox 571 2340 665 2393; x_wconf 72' lang='grc' dir='ltr'><strong><em>καὶ</em></strong></span> <span class='ocrx_word' id='word_1_176' title='bbox 694 2340 772 2409; x_wconf 87' lang='grc' dir='ltr'><em>τῷ</em></span> <span class='ocrx_word' id='word_1_177' title='bbox 820 2340 1001 2393; x_wconf 79' lang='grc' dir='ltr'><em>Ἰσαάκ</em></span> <span class='ocrx_word' id='word_1_178' title='bbox 1042 2339 1431 2410; x_wconf 73' lang='grc' dir='ltr'><strong><em>ἐπηγγελμένα</em></strong></span> <span class='ocrx_word' id='word_1_179' title='bbox 1476 2337 1573 2391; x_wconf 74' lang='grc' dir='ltr'><strong><em>καὶ</em></strong></span> <span class='ocrx_word' id='word_1_180' title='bbox 1614 2339 1742 2408; x_wconf 84' lang='grc' dir='ltr'><em>ὀμο-</em></span> 
     </span>
    </p>
   </div>
   <div class='ocr_carea' id='block_1_26' title="bbox 159 2428 1741 2504">
    <p class='ocr_par' dir='ltr' id='par_1_26' title="bbox 159 2428 1741 2504">
     <span class='ocr_line' id='line_1_26' title="bbox 159 2428 1741 2504; baseline -0.003 -18"><span class='ocrx_word' id='word_1_181' title='bbox 159 2433 365 2487; x_wconf 78' lang='grc' dir='ltr'><em>σθέντα</em></span> <span class='ocrx_word' id='word_1_182' title='bbox 408 2431 534 2504; x_wconf 66' lang='lat' dir='ltr'><strong><em>mp!</em></strong></span> <span class='ocrx_word' id='word_1_183' title='bbox 578 2449 639 2485; x_wconf 82' lang='grc' dir='ltr'><strong><em>τε</em></strong></span> <span class='ocrx_word' id='word_1_184' title='bbox 687 2433 788 2503; x_wconf 82' lang='grc' dir='ltr'><em>τῆς</em></span> <span class='ocrx_word' id='word_1_185' title='bbox 838 2433 942 2503; x_wconf 81' lang='grc' dir='ltr'><em>γῆς</em></span> <span class='ocrx_word' id='word_1_186' title='bbox 1000 2433 1094 2484; x_wconf 78' lang='grc' dir='ltr'><strong><em>καὶ</em></strong></span> <span class='ocrx_word' id='word_1_187' title='bbox 1137 2431 1227 2484; x_wconf 85' lang='grc' dir='ltr'><strong><em>τοῦ</em></strong></span> <span class='ocrx_word' id='word_1_188' title='bbox 1283 2428 1599 2501; x_wconf 88' lang='grc' dir='ltr'><em>πληθυσμοῦ</em></span> <span class='ocrx_word' id='word_1_189' title='bbox 1648 2429 1741 2483; x_wconf 90' lang='grc' dir='ltr'><strong><em>τοῦ</em></strong></span> 
     </span>
    </p>
   </div>
   <div class='ocr_carea' id='block_1_27' title="bbox 158 2521 1742 2596">
    <p class='ocr_par' dir='ltr' id='par_1_27' title="bbox 158 2521 1742 2596">
     <span class='ocr_line' id='line_1_27' title="bbox 158 2521 1742 2596; baseline -0.002 -19"><span class='ocrx_word' id='word_1_190' title='bbox 158 2524 501 2596; x_wconf 81' lang='grc' dir='ltr'><em>σπέρματος.</em></span> <span class='ocrx_word' id='word_1_191' title='bbox 553 2522 741 2578; x_wconf 87' lang='grc' dir='ltr'><em>Ταῦτα</em></span> <span class='ocrx_word' id='word_1_192' title='bbox 779 2523 835 2576; x_wconf 81' lang='grc' dir='ltr'><em>δὲ</em></span> <span class='ocrx_word' id='word_1_193' title='bbox 877 2522 1017 2594; x_wconf 82' lang='grc' dir='ltr'><em>μετὰ</em></span> <span class='ocrx_word' id='word_1_194' title='bbox 1072 2522 1329 2584; x_wconf 86' lang='grc' dir='ltr'><em>πλείστας</em></span> <span class='ocrx_word' id='word_1_195' title='bbox 1375 2522 1504 2585; x_wconf 79' lang='grc' dir='ltr'><em>ὅσας</em></span> <span class='ocrx_word' id='word_1_196' title='bbox 1550 2521 1742 2589; x_wconf 82' lang='grc' dir='ltr'><em>γενεὰς</em></span> 
     </span>
    </p>
   </div>
   <div class='ocr_carea' id='block_1_28' title="bbox 156 2614 1745 2689">
    <p class='ocr_par' dir='ltr' id='par_1_28' title="bbox 156 2614 1745 2689">
     <span class='ocr_line' id='line_1_28' title="bbox 156 2614 1745 2689; baseline -0.002 -19"><span class='ocrx_word' id='word_1_197' title='bbox 156 2616 469 2689; x_wconf 74' lang='grc' dir='ltr'><em>ἐπληροῦτο</em></span> <span class='ocrx_word' id='word_1_198' title='bbox 492 2616 579 2669; x_wconf 88' lang='grc' dir='ltr'><em>διὰ</em></span> <span class='ocrx_word' id='word_1_199' title='bbox 613 2616 712 2687; x_wconf 80' lang='grc' dir='ltr'><em>τῆς</em></span> <span class='ocrx_word' id='word_1_200' title='bbox 743 2615 1064 2686; x_wconf 74' lang='grc' dir='ltr'><em>ἐπιφανείας</em></span> <span class='ocrx_word' id='word_1_201' title='bbox 1096 2614 1332 2685; x_wconf 83' lang='grc' dir='ltr'><em>Χριστοῦ</em></span> <span class='ocrx_word' id='word_1_202' title='bbox 1359 2614 1453 2668; x_wconf 91' lang='grc' dir='ltr'><strong><em>τοῦ</em></strong></span> <span class='ocrx_word' id='word_1_203' title='bbox 1478 2615 1542 2667; x_wconf 86' lang='grc' dir='ltr'>ὲκ</span> <span class='ocrx_word' id='word_1_204' title='bbox 1577 2614 1745 2684; x_wconf 86' lang='grc' dir='ltr'><em>σπέρ-</em></span> 
     </span>
    </p>
   </div>
   <div class='ocr_carea' id='block_1_29' title="bbox 164 2706 1742 2779">
    <p class='ocr_par' dir='ltr' id='par_1_29' title="bbox 164 2706 1742 2779">
     <span class='ocr_line' id='line_1_29' title="bbox 164 2706 1742 2779; baseline -0.002 -19"><span class='ocrx_word' id='word_1_205' title='bbox 164 2725 338 2779; x_wconf 82' lang='grc' dir='ltr'><em>ματος</em></span> <span class='ocrx_word' id='word_1_206' title='bbox 380 2707 648 2778; x_wconf 78' lang='grc' dir='ltr'><em>Ἀϐραὰμ,</em></span> <span class='ocrx_word' id='word_1_207' title='bbox 677 2707 968 2778; x_wconf 78' lang='grc' dir='ltr'><em>γενομένου</em></span> <span class='ocrx_word' id='word_1_208' title='bbox 992 2707 1243 2777; x_wconf 82' lang='grc' dir='ltr'><em>Σωτῆρος</em></span> <span class='ocrx_word' id='word_1_209' title='bbox 1274 2706 1449 2777; x_wconf 83' lang='grc' dir='ltr'><em>ήμῶν.</em></span> <span class='ocrx_word' id='word_1_210' title='bbox 1479 2706 1662 2760; x_wconf 82' lang='grc' dir='ltr'><em>Εἰσέτι</em></span> <span class='ocrx_word' id='word_1_211' title='bbox 1684 2722 1742 2758; x_wconf 89' lang='grc' dir='ltr'><strong><em>τε</em></strong></span> 
     </span>
    </p>
   </div>
   <div class='ocr_carea' id='block_1_30' title="bbox 160 2793 1744 2872">
    <p class='ocr_par' dir='ltr' id='par_1_30' title="bbox 160 2793 1744 2872">
     <span class='ocr_line' id='line_1_30' title="bbox 160 2793 1744 2872; baseline -0.003 -18"><span class='ocrx_word' id='word_1_212' title='bbox 160 2799 267 2856; x_wconf 87' lang='grc' dir='ltr'><strong><em>νῦν</em></strong></span> <span class='ocrx_word' id='word_1_213' title='bbox 293 2801 504 2872; x_wconf 82' lang='grc' dir='ltr'><em>ἐνεργεῖ</em></span> <span class='ocrx_word' id='word_1_214' title='bbox 534 2801 626 2853; x_wconf 78' lang='grc' dir='ltr'><strong><em>καὶ</em></strong></span> <span class='ocrx_word' id='word_1_215' title='bbox 658 2799 900 2870; x_wconf 83' lang='grc' dir='ltr'><em>διαμένει</em></span> <span class='ocrx_word' id='word_1_216' title='bbox 940 2801 973 2869; x_wconf 86' lang='grc' dir='ltr'><strong><em>ή</em></strong></span> <span class='ocrx_word' id='word_1_217' title='bbox 1005 2798 1325 2866; x_wconf 71' lang='grc' dir='ltr'><em>ἐπαγγελία,</em></span> <span class='ocrx_word' id='word_1_218' title='bbox 1366 2799 1556 2869; x_wconf 83' lang='grc' dir='ltr'><em>μέχρις</em></span> <span class='ocrx_word' id='word_1_219' title='bbox 1584 2793 1645 2850; x_wconf 81' lang='grc' dir='ltr'><strong><em>οῦ</em></strong></span> <span class='ocrx_word' id='word_1_220' title='bbox 1683 2796 1744 2850; x_wconf 82' lang='grc' dir='ltr'><em>τὸ</em></span> 
     </span>
    </p>
   </div>
   <div class='ocr_carea' id='block_1_31' title="bbox 160 2884 1743 2963">
    <p class='ocr_par' dir='ltr' id='par_1_31' title="bbox 160 2884 1743 2963">
     <span class='ocr_line' id='line_1_31' title="bbox 160 2884 1743 2963; baseline -0.001 -20"><span class='ocrx_word' id='word_1_221' title='bbox 160 2891 446 2962; x_wconf 81' lang='grc' dir='ltr'><em>πλήρωμα</em></span> <span class='ocrx_word' id='word_1_222' title='bbox 472 2891 578 2944; x_wconf 82' lang='grc' dir='ltr'><em>τῶν</em></span> <span class='ocrx_word' id='word_1_223' title='bbox 605 2890 771 2945; x_wconf 74' lang='grc' dir='ltr'><em>ἐθνῶν</em></span> <span class='ocrx_word' id='word_1_224' title='bbox 793 2889 1027 2963; x_wconf 79' lang='grc' dir='ltr'><em>εἰσέλθῃ.</em></span> <span class='ocrx_word' id='word_1_225' title='bbox 1056 2885 1222 2953; x_wconf 78' lang='grc' dir='ltr'><em>Οὗτος</em></span> <span class='ocrx_word' id='word_1_226' title='bbox 1248 2884 1341 2944; x_wconf 80' lang='grc' dir='ltr'><em>οὖν</em></span> <span class='ocrx_word' id='word_1_227' title='bbox 1370 2889 1505 2961; x_wconf 83' lang='grc' dir='ltr'><em>μετά</em></span> <span class='ocrx_word' id='word_1_228' title='bbox 1534 2888 1743 2959; x_wconf 80' lang='grc' dir='ltr'><em>μακρὸν</em></span> 
     </span>
    </p>
   </div>
   <div class='ocr_carea' id='block_1_32' title="bbox 162 2979 1742 3053">
    <p class='ocr_par' dir='ltr' id='par_1_32' title="bbox 162 2979 1742 3053">
     <span class='ocr_line' id='line_1_32' title="bbox 162 2979 1742 3053; baseline -0.001 -18"><span class='ocrx_word' id='word_1_229' title='bbox 162 2982 360 3045; x_wconf 80' lang='grc' dir='ltr'><em>αίῶνα,</em></span> <span class='ocrx_word' id='word_1_230' title='bbox 392 2984 487 3037; x_wconf 73' lang='grc' dir='ltr'><strong><em>καὶ</em></strong></span> <span class='ocrx_word' id='word_1_231' title='bbox 520 2983 657 3053; x_wconf 76' lang='grc' dir='ltr'><em>μετὰ</em></span> <span class='ocrx_word' id='word_1_232' title='bbox 701 2981 957 3044; x_wconf 85' lang='grc' dir='ltr'><em>πλείστας</em></span> <span class='ocrx_word' id='word_1_233' title='bbox 1002 2981 1206 3053; x_wconf 86' lang='grc' dir='ltr'><em>σφόδρα</em></span> <span class='ocrx_word' id='word_1_234' title='bbox 1242 2980 1457 3049; x_wconf 86' lang='grc' dir='ltr'><em>γενεὰς,</em></span> <span class='ocrx_word' id='word_1_235' title='bbox 1492 2979 1591 3044; x_wconf 84' lang='grc' dir='ltr'><em>τὰς</em></span> <span class='ocrx_word' id='word_1_236' title='bbox 1634 2981 1742 3052; x_wconf 81' lang='grc' dir='ltr'><em>γὰρ</em></span> 
     </span>
    </p>
   </div>
   <div class='ocr_carea' id='block_1_33' title="bbox 161 3072 1745 3144">
    <p class='ocr_par' dir='ltr' id='par_1_33' title="bbox 161 3072 1745 3144">
     <span class='ocr_line' id='line_1_33' title="bbox 161 3072 1745 3144; baseline 0.001 -18"><span class='ocrx_word' id='word_1_237' title='bbox 161 3074 410 3144; x_wconf 84' lang='grc' dir='ltr'><em>χιλιάδας</em></span> <span class='ocrx_word' id='word_1_238' title='bbox 451 3074 572 3127; x_wconf 80' lang='grc' dir='ltr'><em>ἀντὶ</em></span> <span class='ocrx_word' id='word_1_239' title='bbox 610 3073 719 3127; x_wconf 85' lang='grc' dir='ltr'><em>τῶν</em></span> <span class='ocrx_word' id='word_1_240' title='bbox 772 3073 982 3127; x_wconf 83' lang='grc' dir='ltr'><em>πολλῶν</em></span> <span class='ocrx_word' id='word_1_241' title='bbox 1029 3073 1353 3144; x_wconf 83' lang='grc' dir='ltr'><em>παρείληφε,</em></span> <span class='ocrx_word' id='word_1_242' title='bbox 1407 3073 1501 3127; x_wconf 79' lang='grc' dir='ltr'><strong><em>καὶ</em></strong></span> <span class='ocrx_word' id='word_1_243' title='bbox 1539 3072 1745 3136; x_wconf 88' lang='grc' dir='ltr'><em>ταύτας</em></span> 
     </span>
    </p>
   </div>
   <div class='ocr_carea' id='block_1_34' title="bbox 162 3166 1741 3240">
    <p class='ocr_par' dir='ltr' id='par_1_34' title="bbox 162 3166 1741 3240">
     <span class='ocr_line' id='line_1_34' title="bbox 162 3166 1741 3240; baseline 0 -20"><span class='ocrx_word' id='word_1_244' title='bbox 162 3168 409 3240; x_wconf 76' lang='grc' dir='ltr'><em>ἐπλήρου</em></span> <span class='ocrx_word' id='word_1_245' title='bbox 462 3169 560 3233; x_wconf 81' lang='grc' dir='ltr'><em>τὰς</em></span> <span class='ocrx_word' id='word_1_246' title='bbox 615 3168 751 3240; x_wconf 83' lang='grc' dir='ltr'><em>πρὸς</em></span> <span class='ocrx_word' id='word_1_247' title='bbox 806 3168 931 3231; x_wconf 84' lang='grc' dir='ltr'><em>τοὺς</em></span> <span class='ocrx_word' id='word_1_248' title='bbox 980 3168 1325 3239; x_wconf 83' lang='grc' dir='ltr'><em>πατριάρχας</em></span> <span class='ocrx_word' id='word_1_249' title='bbox 1387 3166 1741 3237; x_wconf 81' lang='grc' dir='ltr'><em>ἐπαγγελίας,</em></span> 
     </span>
    </p>
   </div>
   <div class='ocr_carea' id='block_1_35' title="bbox 1827 602 3396 673">
    <p class='ocr_par' dir='ltr' id='par_1_35' title="bbox 1827 602 3396 673">
     <span class='ocr_line' id='line_1_35' title="bbox 1827 602 3396 673; baseline -0.001 -15"><span class='ocrx_word' id='word_1_250' title='bbox 1827 606 2014 658; x_wconf 81' lang='lat' dir='ltr'><strong><em>statuit</em></strong></span> <span class='ocrx_word' id='word_1_251' title='bbox 2052 603 2187 658; x_wconf 86' lang='lat' dir='ltr'><strong><em>ill‘ud</em></strong></span> <span class='ocrx_word' id='word_1_252' title='bbox 2215 602 2380 658; x_wconf 81' lang='lat' dir='ltr'><strong><em>Jacob</em></strong></span> <span class='ocrx_word' id='word_1_253' title='bbox 2407 604 2463 657; x_wconf 85' lang='lat' dir='ltr'><strong><em>in</em></strong></span> <span class='ocrx_word' id='word_1_254' title='bbox 2500 613 2837 673; x_wconf 70' lang='lat' dir='ltr'><strong><em>praeceptum,</em></strong></span> <span class='ocrx_word' id='word_1_255' title='bbox 2864 611 2914 660; x_wconf 94' lang='lat' dir='ltr'><strong><em>et</em></strong></span> <span class='ocrx_word' id='word_1_256' title='bbox 2944 603 3118 659; x_wconf 79' lang='lat' dir='ltr'><strong><em>Israel</em></strong></span> <span class='ocrx_word' id='word_1_257' title='bbox 3151 605 3206 657; x_wconf 92' lang='lat' dir='ltr'><strong><em>in</em></strong></span> <span class='ocrx_word' id='word_1_258' title='bbox 3235 612 3396 658; x_wconf 89' lang='lat' dir='ltr'><strong><em>testa-</em></strong></span> 
     </span>
    </p>
   </div>
   <div class='ocr_carea' id='block_1_36' title="bbox 1827 694 3395 761">
    <p class='ocr_par' dir='ltr' id='par_1_36' title="bbox 1827 694 3395 761">
     <span class='ocr_line' id='line_1_36' title="bbox 1827 694 3395 761; baseline -0.001 -11"><span class='ocrx_word' id='word_1_259' title='bbox 1827 704 2059 751; x_wconf 86' lang='lat' dir='ltr'><strong><em>mentum</em></strong></span> <span class='ocrx_word' id='word_1_260' title='bbox 2098 704 2371 761; x_wconf 70' lang='lat' dir='ltr'><strong><em>internum,</em></strong></span> <span class='ocrx_word' id='word_1_261' title='bbox 2418 694 2595 761; x_wconf 83' lang='lat' dir='ltr'><strong><em>dicens</em></strong></span> <span class='ocrx_word' id='word_1_262' title='bbox 2634 709 2652 748; x_wconf 90' lang='lat'><strong><em>:</em></strong></span> <span class='ocrx_word' id='word_1_263' title='bbox 2686 695 2805 749; x_wconf 85' lang='lat' dir='ltr'><strong><em>Tibi</em></strong></span> <span class='ocrx_word' id='word_1_264' title='bbox 2851 695 2986 750; x_wconf 84' lang='lat' dir='ltr'><strong><em>dabo</em></strong></span> <span class='ocrx_word' id='word_1_265' title='bbox 3017 705 3211 757; x_wconf 83' lang='lat' dir='ltr'><strong><em>terram</em></strong></span> <span class='ocrx_word' id='word_1_266' title='bbox 3250 695 3395 750; x_wconf 84' lang='lat' dir='ltr'><strong><em>Cha-</em></strong></span> 
     </span>
    </p>
   </div>
   <div class='ocr_carea' id='block_1_37' title="bbox 1826 786 3397 857">
    <p class='ocr_par' dir='ltr' id='par_1_37' title="bbox 1826 786 3397 857">
     <span class='ocr_line' id='line_1_37' title="bbox 1826 786 3397 857; baseline 0 -16"><span class='ocrx_word' id='word_1_267' title='bbox 1826 804 1993 853; x_wconf 80' lang='lat' dir='ltr'><strong><em>naan,</em></strong></span> <span class='ocrx_word' id='word_1_268' title='bbox 2024 788 2321 857; x_wconf 79' lang='lat' dir='ltr'><strong><em>funiculum</em></strong></span> <span class='ocrx_word' id='word_1_269' title='bbox 2353 786 2672 849; x_wconf 70' lang='lat' dir='ltr'><strong><em>hwreditatis</em></strong></span> <span class='ocrx_word' id='word_1_270' title='bbox 2694 797 2903 843; x_wconf 60' lang='lat' dir='ltr'><strong><em>&quot;vestrm.</em></strong></span> <span class='ocrx_word' id='word_1_271' title='bbox 2938 787 3071 853; x_wconf 87' lang='lat' dir='ltr'><strong><em>Cum</em></strong></span> <span class='ocrx_word' id='word_1_272' title='bbox 3100 797 3270 842; x_wconf 77' lang='lat' dir='ltr'><strong><em>essent</em></strong></span> <span class='ocrx_word' id='word_1_273' title='bbox 3298 804 3397 841; x_wconf 91' lang='lat' dir='ltr'><strong><em>nu-</em></strong></span> 
     </span>
    </p>
   </div>
   <div class='ocr_carea' id='block_1_38' title="bbox 1830 879 3396 950">
    <p class='ocr_par' dir='ltr' id='par_1_38' title="bbox 1830 879 3396 950">
     <span class='ocr_line' id='line_1_38' title="bbox 1830 879 3396 950; baseline -0.002 -14"><span class='ocrx_word' id='word_1_274' title='bbox 1830 898 1973 936; x_wconf 87' lang='lat' dir='ltr'><strong><em>mero</em></strong></span> <span class='ocrx_word' id='word_1_275' title='bbox 2002 880 2162 944; x_wconf 76' lang='lat' dir='ltr'><strong><em>breui,</em></strong></span> <span class='ocrx_word' id='word_1_276' title='bbox 2202 880 2509 950; x_wconf 73' lang='lat' dir='ltr'><strong><em>paucissimi</em></strong></span> <span class='ocrx_word' id='word_1_277' title='bbox 2530 888 2580 934; x_wconf 94' lang='lat' dir='ltr'><strong><em>et</em></strong></span> <span class='ocrx_word' id='word_1_278' title='bbox 2605 880 2794 934; x_wconf 77' lang='lat' dir='ltr'><strong><em>incola:</em></strong></span> <span class='ocrx_word' id='word_1_279' title='bbox 2820 881 2875 933; x_wconf 90' lang='lat' dir='ltr'><strong><em>in</em></strong></span> <span class='ocrx_word' id='word_1_280' title='bbox 2911 897 2995 937; x_wconf 92' lang='lat' dir='ltr'><strong><em>ea.</em></strong></span> <span class='ocrx_word' id='word_1_281' title='bbox 3024 879 3090 932; x_wconf 90' lang='lat' dir='ltr'><strong><em>Et</em></strong></span> <span class='ocrx_word' id='word_1_282' title='bbox 3118 889 3396 948; x_wconf 88' lang='lat' dir='ltr'><strong><em>pertrans-</em></strong></span> 
     </span>
    </p>
   </div>
   <div class='ocr_carea' id='block_1_39' title="bbox 1829 970 3398 1043">
    <p class='ocr_par' dir='ltr' id='par_1_39' title="bbox 1829 970 3398 1043">
     <span class='ocr_line' id='line_1_39' title="bbox 1829 970 3398 1043; baseline -0.003 -15"><span class='ocrx_word' id='word_1_283' title='bbox 1829 975 2004 1028; x_wconf 88' lang='lat' dir='ltr'><strong><em>ierunt</em></strong></span> <span class='ocrx_word' id='word_1_284' title='bbox 2036 972 2101 1028; x_wconf 87' lang='lat' dir='ltr'><strong><em>de</em></strong></span> <span class='ocrx_word' id='word_1_285' title='bbox 2131 982 2277 1043; x_wconf 90' lang='lat' dir='ltr'><strong><em>gente</em></strong></span> <span class='ocrx_word' id='word_1_286' title='bbox 2304 974 2359 1025; x_wconf 87' lang='lat' dir='ltr'><strong><em>in</em></strong></span> <span class='ocrx_word' id='word_1_287' title='bbox 2400 981 2620 1042; x_wconf 86' lang='lat' dir='ltr'><strong><em>gentem,</em></strong></span> <span class='ocrx_word' id='word_1_288' title='bbox 2667 980 2716 1027; x_wconf 93' lang='lat' dir='ltr'><strong><em>et</em></strong></span> <span class='ocrx_word' id='word_1_289' title='bbox 2744 971 2807 1025; x_wconf 88' lang='lat' dir='ltr'><strong><em>de</em></strong></span> <span class='ocrx_word' id='word_1_290' title='bbox 2841 987 2997 1041; x_wconf 84' lang='lat' dir='ltr'><strong><em>regno</em></strong></span> <span class='ocrx_word' id='word_1_291' title='bbox 3036 970 3104 1024; x_wconf 89' lang='lat' dir='ltr'><strong><em>ad</em></strong></span> <span class='ocrx_word' id='word_1_292' title='bbox 3149 972 3398 1039; x_wconf 81' lang='lat' dir='ltr'><strong><em>populum</em></strong></span> 
     </span>
    </p>
   </div>
   <div class='ocr_carea' id='block_1_40' title="bbox 1833 1063 3401 1134">
    <p class='ocr_par' dir='ltr' id='par_1_40' title="bbox 1833 1063 3401 1134">
     <span class='ocr_line' id='line_1_40' title="bbox 1833 1063 3401 1134; baseline -0.003 -14"><span class='ocrx_word' id='word_1_293' title='bbox 1833 1066 2078 1121; x_wconf 87' lang='lat' dir='ltr'><strong><em>alterum.</em></strong></span> <span class='ocrx_word' id='word_1_294' title='bbox 2113 1063 2236 1118; x_wconf 90' lang='lat' dir='ltr'><strong><em>Non</em></strong></span> <span class='ocrx_word' id='word_1_295' title='bbox 2266 1064 2476 1134; x_wconf 76' lang='lat' dir='ltr'><strong><em>reliquit</em></strong></span> <span class='ocrx_word' id='word_1_296' title='bbox 2509 1063 2768 1118; x_wconf 79' lang='lat' dir='ltr'><strong><em>hominem</em></strong></span> <span class='ocrx_word' id='word_1_297' title='bbox 2806 1079 2989 1117; x_wconf 84' lang='lat' dir='ltr'><strong><em>nocere</em></strong></span> <span class='ocrx_word' id='word_1_298' title='bbox 3022 1064 3117 1129; x_wconf 88' lang='lat' dir='ltr'><strong><em>eis,</em></strong></span> <span class='ocrx_word' id='word_1_299' title='bbox 3157 1073 3205 1118; x_wconf 94' lang='lat' dir='ltr'><strong><em>et</em></strong></span> <span class='ocrx_word' id='word_1_300' title='bbox 3236 1065 3401 1117; x_wconf 85' lang='lat' dir='ltr'><strong><em>corri-</em></strong></span> 
     </span>
    </p>
   </div>
   <div class='ocr_carea' id='block_1_41' title="bbox 1830 1154 3403 1227">
    <p class='ocr_par' dir='ltr' id='par_1_41' title="bbox 1830 1154 3403 1227">
     <span class='ocr_line' id='line_1_41' title="bbox 1830 1154 3403 1227; baseline -0.003 -18"><span class='ocrx_word' id='word_1_301' title='bbox 1830 1158 1942 1226; x_wconf 90' lang='lat' dir='ltr'><strong><em>puit</em></strong></span> <span class='ocrx_word' id='word_1_302' title='bbox 1972 1173 2067 1226; x_wconf 89' lang='lat' dir='ltr'><strong><em>pro</em></strong></span> <span class='ocrx_word' id='word_1_303' title='bbox 2103 1159 2178 1212; x_wconf 86' lang='lat' dir='ltr'><strong><em>eis</em></strong></span> <span class='ocrx_word' id='word_1_304' title='bbox 2233 1174 2396 1227; x_wconf 89' lang='lat' dir='ltr'><strong><em>reges.</em></strong></span> <span class='ocrx_word' id='word_1_305' title='bbox 2443 1156 2625 1211; x_wconf 78' lang='lat' dir='ltr'><strong><em>Nolite</em></strong></span> <span class='ocrx_word' id='word_1_306' title='bbox 2664 1164 2870 1225; x_wconf 87' lang='lat' dir='ltr'><strong><em>tangere</em></strong></span> <span class='ocrx_word' id='word_1_307' title='bbox 2908 1154 3130 1209; x_wconf 73' lang='lat' dir='ltr'><strong><em>cltristos</em></strong></span> <span class='ocrx_word' id='word_1_308' title='bbox 3160 1172 3322 1219; x_wconf 77' lang='lat' dir='ltr'><strong><em>meos,</em></strong></span> <span class='ocrx_word' id='word_1_309' title='bbox 3353 1164 3403 1207; x_wconf 89' lang='lat' dir='ltr'><strong><em>et</em></strong></span> 
     </span>
    </p>
   </div>
   <div class='ocr_carea' id='block_1_42' title="bbox 1820 1247 3405 1319">
    <p class='ocr_par' dir='ltr' id='par_1_42' title="bbox 1820 1247 3405 1319">
     <span class='ocr_line' id='line_1_42' title="bbox 1820 1247 3405 1319; baseline -0.004 -14"><span class='ocrx_word' id='word_1_310' title='bbox 1820 1252 1888 1305; x_wconf 81' lang='lat' dir='ltr'><strong><em>in</em></strong></span> <span class='ocrx_word' id='word_1_311' title='bbox 1917 1250 2179 1319; x_wconf 83' lang='lat' dir='ltr'><strong><em>prophetis</em></strong></span> <span class='ocrx_word' id='word_1_312' title='bbox 2202 1250 2330 1303; x_wconf 89' lang='lat' dir='ltr'><strong><em>meis</em></strong></span> <span class='ocrx_word' id='word_1_313' title='bbox 2366 1249 2526 1303; x_wconf 80' lang='lat' dir='ltr'><strong><em>nolite</em></strong></span> <span class='ocrx_word' id='word_1_314' title='bbox 2560 1249 2865 1318; x_wconf 88' lang='lat' dir='ltr'><strong><em>malignari.</em></strong></span> <span class='ocrx_word' id='word_1_315' title='bbox 2906 1247 2961 1301; x_wconf 85' lang='lat' dir='ltr'><strong><em>Si</em></strong></span> <span class='ocrx_word' id='word_1_316' title='bbox 2992 1256 3245 1302; x_wconf 75' lang='lat' dir='ltr'><strong><em>accurate</em></strong></span> <span class='ocrx_word' id='word_1_317' title='bbox 3284 1263 3405 1317; x_wconf 81' lang='lat' dir='ltr'><strong><em>per-</em></strong></span> 
     </span>
    </p>
   </div>
   <div class='ocr_carea' id='block_1_43' title="bbox 1833 1338 3403 1413">
    <p class='ocr_par' dir='ltr' id='par_1_43' title="bbox 1833 1338 3403 1413">
     <span class='ocr_line' id='line_1_43' title="bbox 1833 1338 3403 1413; baseline -0.003 -16"><span class='ocrx_word' id='word_1_318' title='bbox 1833 1344 2041 1413; x_wconf 89' lang='lat' dir='ltr'><strong><em>pendas</em></strong></span> <span class='ocrx_word' id='word_1_319' title='bbox 2081 1340 2227 1411; x_wconf 90' lang='lat' dir='ltr'><strong><em>quod</em></strong></span> <span class='ocrx_word' id='word_1_320' title='bbox 2280 1340 2413 1395; x_wconf 89' lang='lat' dir='ltr'><strong><em>illud</em></strong></span> <span class='ocrx_word' id='word_1_321' title='bbox 2446 1341 2667 1396; x_wconf 81' lang='lat' dir='ltr'><strong><em>verbum</em></strong></span> <span class='ocrx_word' id='word_1_322' title='bbox 2699 1338 2878 1405; x_wconf 80' lang='lat' dir='ltr'><strong><em>fuerit,</em></strong></span> <span class='ocrx_word' id='word_1_323' title='bbox 2916 1339 3063 1409; x_wconf 89' lang='lat' dir='ltr'><strong><em>quod</em></strong></span> <span class='ocrx_word' id='word_1_324' title='bbox 3102 1339 3403 1402; x_wconf 86' lang='lat' dir='ltr'><strong><em>mandavit,</em></strong></span> 
     </span>
    </p>
   </div>
   <div class='ocr_carea' id='block_1_44' title="bbox 1836 1428 3406 1503">
    <p class='ocr_par' dir='ltr' id='par_1_44' title="bbox 1836 1428 3406 1503">
     <span class='ocr_line' id='line_1_44' title="bbox 1836 1428 3406 1503; baseline -0.003 -16"><span class='ocrx_word' id='word_1_325' title='bbox 1836 1434 1892 1488; x_wconf 91' lang='lat' dir='ltr'><strong><em>in</em></strong></span> <span class='ocrx_word' id='word_1_326' title='bbox 1944 1433 2148 1489; x_wconf 89' lang='lat' dir='ltr'><strong><em>multas</em></strong></span> <span class='ocrx_word' id='word_1_327' title='bbox 2177 1433 2556 1502; x_wconf 75' lang='lat' dir='ltr'><strong><em>generationes</em></strong></span> <span class='ocrx_word' id='word_1_328' title='bbox 2589 1432 2894 1503; x_wconf 82' lang='lat' dir='ltr'><strong><em>pervadens</em></strong></span> <span class='ocrx_word' id='word_1_329' title='bbox 2932 1450 2945 1485; x_wconf 88' lang='lat'><strong>:</strong></span> <span class='ocrx_word' id='word_1_330' title='bbox 2978 1446 3087 1485; x_wconf 92' lang='lat' dir='ltr'><strong><em>non</em></strong></span> <span class='ocrx_word' id='word_1_331' title='bbox 3118 1428 3264 1485; x_wconf 89' lang='lat' dir='ltr'><strong><em>enim</em></strong></span> <span class='ocrx_word' id='word_1_332' title='bbox 3298 1442 3406 1484; x_wconf 56' lang='lat' dir='ltr'><strong><em>nuc</em></strong></span> 
     </span>
    </p>
   </div>
   <div class='ocr_carea' id='block_1_45' title="bbox 1835 1521 3410 1595">
    <p class='ocr_par' dir='ltr' id='par_1_45' title="bbox 1835 1521 3410 1595">
     <span class='ocr_line' id='line_1_45' title="bbox 1835 1521 3410 1595; baseline -0.003 -15"><span class='ocrx_word' id='word_1_333' title='bbox 1835 1541 2047 1582; x_wconf 92' lang='lat' dir='ltr'><strong><em>merum</em></strong></span> <span class='ocrx_word' id='word_1_334' title='bbox 2102 1540 2391 1590; x_wconf 89' lang='lat' dir='ltr'><strong><em>annorum,</em></strong></span> <span class='ocrx_word' id='word_1_335' title='bbox 2440 1526 2536 1581; x_wconf 88' lang='lat' dir='ltr'><strong><em>sed</em></strong></span> <span class='ocrx_word' id='word_1_336' title='bbox 2583 1534 2904 1595; x_wconf 88' lang='lat' dir='ltr'><strong><em>perpetuum</em></strong></span> <span class='ocrx_word' id='word_1_337' title='bbox 2949 1521 3261 1579; x_wconf 87' lang='lat' dir='ltr'><strong><em>subindicat</em></strong></span> <span class='ocrx_word' id='word_1_338' title='bbox 3308 1536 3410 1575; x_wconf 81' lang='lat' dir='ltr'><strong><em>nu-</em></strong></span> 
     </span>
    </p>
   </div>
   <div class='ocr_carea' id='block_1_46' title="bbox 1836 1612 3411 1690">
    <p class='ocr_par' dir='ltr' id='par_1_46' title="bbox 1836 1612 3411 1690">
     <span class='ocr_line' id='line_1_46' title="bbox 1836 1612 3411 1690; baseline -0.004 -17"><span class='ocrx_word' id='word_1_339' title='bbox 1836 1635 2020 1675; x_wconf 89' lang='lat' dir='ltr'><strong><em>merus</em></strong></span> <span class='ocrx_word' id='word_1_340' title='bbox 2050 1619 2387 1690; x_wconf 89' lang='lat' dir='ltr'><strong><em>hujusmodi,</em></strong></span> <span class='ocrx_word' id='word_1_341' title='bbox 2422 1626 2483 1672; x_wconf 88' lang='lat' dir='ltr'><strong><em>ut</em></strong></span> <span class='ocrx_word' id='word_1_342' title='bbox 2509 1634 2560 1672; x_wconf 91' lang='lat' dir='ltr'><strong><em>v.</em></strong></span> <span class='ocrx_word' id='word_1_343' title='bbox 2587 1631 2640 1688; x_wconf 90' lang='lat' dir='ltr'><strong><em>g.</em></strong></span> <span class='ocrx_word' id='word_1_344' title='bbox 2684 1617 2886 1686; x_wconf 92' lang='lat' dir='ltr'><strong><em>septies</em></strong></span> <span class='ocrx_word' id='word_1_345' title='bbox 2907 1655 2922 1679; x_wconf 97' lang='lat'><strong><em>,</em></strong></span> <span class='ocrx_word' id='word_1_346' title='bbox 2968 1612 3177 1669; x_wconf 86' lang='lat' dir='ltr'><strong><em>Sterilis</em></strong></span> <span class='ocrx_word' id='word_1_347' title='bbox 3212 1614 3411 1683; x_wconf 85' lang='lat' dir='ltr'><strong><em>peperit</em></strong></span> 
     </span>
    </p>
   </div>
   <div class='ocr_carea' id='block_1_47' title="bbox 1838 1704 3412 1779">
    <p class='ocr_par' dir='ltr' id='par_1_47' title="bbox 1838 1704 3412 1779">
     <span class='ocr_line' id='line_1_47' title="bbox 1838 1704 3412 1779; baseline -0.006 -14"><span class='ocrx_word' id='word_1_348' title='bbox 1838 1720 2028 1779; x_wconf 80' lang='lat' dir='ltr'><strong><em>septem</em></strong></span> <span class='ocrx_word' id='word_1_349' title='bbox 2053 1709 2121 1773; x_wconf 80' lang='grc'><strong><em>⁶¹,</em></strong></span> <span class='ocrx_word' id='word_1_350' title='bbox 2148 1710 2200 1765; x_wconf 89' lang='lat' dir='ltr'><strong><em>id</em></strong></span> <span class='ocrx_word' id='word_1_351' title='bbox 2240 1717 2325 1765; x_wconf 89' lang='lat' dir='ltr'><strong><em>est</em></strong></span> <span class='ocrx_word' id='word_1_352' title='bbox 2354 1709 2590 1774; x_wconf 89' lang='lat' dir='ltr'><strong><em>multos;</em></strong></span> <span class='ocrx_word' id='word_1_353' title='bbox 2617 1715 2694 1771; x_wconf 89' lang='lat' dir='ltr'><strong><em>et,</em></strong></span> <span class='ocrx_word' id='word_1_354' title='bbox 2731 1707 2933 1775; x_wconf 82' lang='lat' dir='ltr'><strong><em>Septies</em></strong></span> <span class='ocrx_word' id='word_1_355' title='bbox 2962 1704 3114 1759; x_wconf 86' lang='lat' dir='ltr'><strong><em>cadet</em></strong></span> <span class='ocrx_word' id='word_1_356' title='bbox 3128 1704 3309 1772; x_wconf 86' lang='lat' dir='ltr'><strong><em>justus</em></strong></span> <span class='ocrx_word' id='word_1_357' title='bbox 3360 1710 3412 1757; x_wconf 87' lang='lat' dir='ltr'><strong><em>et</em></strong></span> 
     </span>
    </p>
   </div>
   <div class='ocr_carea' id='block_1_48' title="bbox 1840 1795 3408 1874">
    <p class='ocr_par' dir='ltr' id='par_1_48' title="bbox 1840 1795 3408 1874">
     <span class='ocr_line' id='line_1_48' title="bbox 1840 1795 3408 1874; baseline -0.003 -21"><span class='ocrx_word' id='word_1_358' title='bbox 1840 1810 2073 1874; x_wconf 80' lang='lat' dir='ltr'><strong><em>resurget</em></strong></span> <span class='ocrx_word' id='word_1_359' title='bbox 2101 1803 2175 1869; x_wconf 83' lang='grc'><strong><em>⁶²;</em></strong></span> <span class='ocrx_word' id='word_1_360' title='bbox 2205 1801 2309 1856; x_wconf 86' lang='lat' dir='ltr'><strong><em>bac</em></strong></span> <span class='ocrx_word' id='word_1_361' title='bbox 2334 1802 2543 1855; x_wconf 78' lang='lat' dir='ltr'><strong><em>ratione</em></strong></span> <span class='ocrx_word' id='word_1_362' title='bbox 2570 1798 2702 1854; x_wconf 88' lang='lat' dir='ltr'><strong><em>illud</em></strong></span> <span class='ocrx_word' id='word_1_363' title='bbox 2734 1799 2965 1853; x_wconf 73' lang='lat' dir='ltr'><strong><em>Abrahze</em></strong></span> <span class='ocrx_word' id='word_1_364' title='bbox 3018 1795 3225 1851; x_wconf 87' lang='lat' dir='ltr'><strong><em>dictum</em></strong></span> <span class='ocrx_word' id='word_1_365' title='bbox 3254 1808 3408 1849; x_wconf 91' lang='lat' dir='ltr'><strong><em>com-</em></strong></span> 
     </span>
    </p>
   </div>
   <div class='ocr_carea' id='block_1_49' title="bbox 1840 1883 3410 1963">
    <p class='ocr_par' dir='ltr' id='par_1_49' title="bbox 1840 1883 3410 1963">
     <span class='ocr_line' id='line_1_49' title="bbox 1840 1883 3410 1963; baseline -0.008 -14"><span class='ocrx_word' id='word_1_366' title='bbox 1840 1894 2041 1963; x_wconf 87' lang='lat' dir='ltr'><strong><em>peries,</em></strong></span> <span class='ocrx_word' id='word_1_367' title='bbox 2074 1891 2142 1946; x_wconf 86' lang='lat' dir='ltr'><strong><em>Et</em></strong></span> <span class='ocrx_word' id='word_1_368' title='bbox 2168 1891 2533 1947; x_wconf 85' lang='lat' dir='ltr'><strong><em>benedicentur</em></strong></span> <span class='ocrx_word' id='word_1_369' title='bbox 2548 1892 2601 1944; x_wconf 89' lang='lat' dir='ltr'><strong><em>in</em></strong></span> <span class='ocrx_word' id='word_1_370' title='bbox 2637 1900 2684 1944; x_wconf 89' lang='lat' dir='ltr'><strong><em>te</em></strong></span> <span class='ocrx_word' id='word_1_371' title='bbox 2721 1905 2898 1945; x_wconf 90' lang='lat' dir='ltr'><strong><em>omnes</em></strong></span> <span class='ocrx_word' id='word_1_372' title='bbox 2942 1897 3114 1959; x_wconf 85' lang='lat' dir='ltr'><strong><em>gentes</em></strong></span> <span class='ocrx_word' id='word_1_373' title='bbox 3155 1895 3310 1939; x_wconf 64' lang='lat' dir='ltr'><strong><em>terra:</em></strong></span> <span class='ocrx_word' id='word_1_374' title='bbox 3343 1883 3410 1937; x_wconf 80' lang='grc'><strong><em>⁸³.</em></strong></span> 
     </span>
    </p>
   </div>
   <div class='ocr_carea' id='block_1_50' title="bbox 1840 1968 3410 2051">
    <p class='ocr_par' dir='ltr' id='par_1_50' title="bbox 1840 1968 3410 2051">
     <span class='ocr_line' id='line_1_50' title="bbox 1840 1968 3410 2051; baseline -0.007 -13"><span class='ocrx_word' id='word_1_375' title='bbox 1840 1983 1929 2051; x_wconf 85' lang='grc' dir='ltr'><em>Ει,</em></span> <span class='ocrx_word' id='word_1_376' title='bbox 1959 1984 2342 2038; x_wconf 84' lang='lat' dir='ltr'><strong><em>Benedicentur</em></strong></span> <span class='ocrx_word' id='word_1_377' title='bbox 2377 1984 2429 2037; x_wconf 88' lang='lat' dir='ltr'><strong><em>in</em></strong></span> <span class='ocrx_word' id='word_1_378' title='bbox 2462 1983 2656 2036; x_wconf 86' lang='lat' dir='ltr'><strong><em>semine</em></strong></span> <span class='ocrx_word' id='word_1_379' title='bbox 2703 1990 2792 2035; x_wconf 90' lang='lat' dir='ltr'><strong><em>tuo</em></strong></span> <span class='ocrx_word' id='word_1_380' title='bbox 2819 1996 2994 2034; x_wconf 89' lang='lat' dir='ltr'><strong><em>omnes</em></strong></span> <span class='ocrx_word' id='word_1_381' title='bbox 3026 1968 3190 2031; x_wconf 83' lang='lat' dir='ltr'><strong><em>tribus</em></strong></span> <span class='ocrx_word' id='word_1_382' title='bbox 3237 1985 3410 2030; x_wconf 80' lang='lat' dir='ltr'><strong><em>terra&#39;.</em></strong></span> 
     </span>
    </p>
   </div>
   <div class='ocr_carea' id='block_1_51' title="bbox 1842 2062 3413 2144">
    <p class='ocr_par' dir='ltr' id='par_1_51' title="bbox 1842 2062 3413 2144">
     <span class='ocr_line' id='line_1_51' title="bbox 1842 2062 3413 2144; baseline -0.009 -15"><span class='ocrx_word' id='word_1_383' title='bbox 1842 2075 1913 2129; x_wconf 88' lang='lat' dir='ltr'><strong><em>Et</em></strong></span> <span class='ocrx_word' id='word_1_384' title='bbox 1937 2075 2295 2144; x_wconf 83' lang='lat' dir='ltr'><strong><em>multiplicans</em></strong></span> <span class='ocrx_word' id='word_1_385' title='bbox 2325 2071 2687 2142; x_wconf 84' lang='lat' dir='ltr'><strong><em>multiplicabo</em></strong></span> <span class='ocrx_word' id='word_1_386' title='bbox 2718 2087 2891 2126; x_wconf 82' lang='lat' dir='ltr'><strong><em>semen</em></strong></span> <span class='ocrx_word' id='word_1_387' title='bbox 2923 2078 3069 2123; x_wconf 87' lang='lat' dir='ltr'><strong><em>tuum</em></strong></span> <span class='ocrx_word' id='word_1_388' title='bbox 3103 2067 3168 2120; x_wconf 76' lang='grc'><strong><em>⁸⁸⁵.</em></strong></span> <span class='ocrx_word' id='word_1_389' title='bbox 3201 2062 3413 2119; x_wconf 83' lang='lat' dir='ltr'><strong><em>Similia</em></strong></span> 
     </span>
    </p>
   </div>
   <div class='ocr_carea' id='block_1_52' title="bbox 1841 2154 3414 2235">
    <p class='ocr_par' dir='ltr' id='par_1_52' title="bbox 1841 2154 3414 2235">
     <span class='ocr_line' id='line_1_52' title="bbox 1841 2154 3414 2235; baseline -0.01 -14"><span class='ocrx_word' id='word_1_390' title='bbox 1841 2168 1971 2222; x_wconf 88' lang='lat' dir='ltr'><strong><em>item</em></strong></span> <span class='ocrx_word' id='word_1_391' title='bbox 2002 2165 2191 2222; x_wconf 88' lang='lat' dir='ltr'><strong><em>lsaaco</em></strong></span> <span class='ocrx_word' id='word_1_392' title='bbox 2222 2163 2494 2235; x_wconf 88' lang='lat' dir='ltr'><strong><em>promissa</em></strong></span> <span class='ocrx_word' id='word_1_393' title='bbox 2539 2162 2786 2233; x_wconf 81' lang='lat' dir='ltr'><strong><em>reperias</em></strong></span> <span class='ocrx_word' id='word_1_394' title='bbox 2822 2156 3179 2231; x_wconf 84' lang='lat' dir='ltr'><strong><em>jurejurando</em></strong></span> <span class='ocrx_word' id='word_1_395' title='bbox 3211 2154 3414 2210; x_wconf 87' lang='lat' dir='ltr'><strong><em>conﬁr-</em></strong></span> 
     </span>
    </p>
   </div>
   <div class='ocr_carea' id='block_1_53' title="bbox 1841 2246 3416 2324">
    <p class='ocr_par' dir='ltr' id='par_1_53' title="bbox 1841 2246 3416 2324">
     <span class='ocr_line' id='line_1_53' title="bbox 1841 2246 3416 2324; baseline -0.01 -10"><span class='ocrx_word' id='word_1_396' title='bbox 1841 2269 2006 2323; x_wconf 88' lang='lat' dir='ltr'><strong><em>mata,</em></strong></span> <span class='ocrx_word' id='word_1_397' title='bbox 2035 2266 2144 2313; x_wconf 88' lang='lat' dir='ltr'><strong><em>tam</em></strong></span> <span class='ocrx_word' id='word_1_398' title='bbox 2177 2258 2243 2312; x_wconf 90' lang='lat' dir='ltr'><strong><em>de</em></strong></span> <span class='ocrx_word' id='word_1_399' title='bbox 2272 2264 2441 2320; x_wconf 88' lang='lat' dir='ltr'><strong><em>terra,</em></strong></span> <span class='ocrx_word' id='word_1_400' title='bbox 2465 2270 2628 2324; x_wconf 89' lang='lat' dir='ltr'><strong><em>quam</em></strong></span> <span class='ocrx_word' id='word_1_401' title='bbox 2660 2255 2727 2309; x_wconf 91' lang='lat' dir='ltr'><strong><em>de</em></strong></span> <span class='ocrx_word' id='word_1_402' title='bbox 2762 2252 3214 2320; x_wconf 86' lang='lat' dir='ltr'><strong><em>multiplicatione</em></strong></span> <span class='ocrx_word' id='word_1_403' title='bbox 3249 2246 3416 2302; x_wconf 89' lang='lat' dir='ltr'><strong><em>semi-</em></strong></span> 
     </span>
    </p>
   </div>
   <div class='ocr_carea' id='block_1_54' title="bbox 1842 2338 3414 2419">
    <p class='ocr_par' dir='ltr' id='par_1_54' title="bbox 1842 2338 3414 2419">
     <span class='ocr_line' id='line_1_54' title="bbox 1842 2338 3414 2419; baseline -0.01 -14"><span class='ocrx_word' id='word_1_404' title='bbox 1842 2351 1951 2407; x_wconf 87' lang='lat' dir='ltr'><strong><em>nis.</em></strong></span> <span class='ocrx_word' id='word_1_405' title='bbox 1985 2348 2101 2405; x_wconf 85' lang='lat' dir='ltr'><strong><em>Hoc</em></strong></span> <span class='ocrx_word' id='word_1_406' title='bbox 2128 2344 2293 2419; x_wconf 77' lang='lat' dir='ltr'><strong><em>porro</em></strong></span> <span class='ocrx_word' id='word_1_407' title='bbox 2338 2355 2462 2418; x_wconf 89' lang='lat' dir='ltr'><strong><em>post</em></strong></span> <span class='ocrx_word' id='word_1_408' title='bbox 2501 2347 2766 2416; x_wconf 90' lang='lat' dir='ltr'><strong><em>plurimas</em></strong></span> <span class='ocrx_word' id='word_1_409' title='bbox 2815 2342 3193 2415; x_wconf 79' lang='lat' dir='ltr'><strong><em>generationes</em></strong></span> <span class='ocrx_word' id='word_1_410' title='bbox 3223 2338 3414 2408; x_wconf 83' lang='lat' dir='ltr'><strong><em>imple-</em></strong></span> 
     </span>
    </p>
   </div>
   <div class='ocr_carea' id='block_1_55' title="bbox 1842 2430 3412 2497">
    <p class='ocr_par' dir='ltr' id='par_1_55' title="bbox 1842 2430 3412 2497">
     <span class='ocr_line' id='line_1_55' title="bbox 1842 2430 3412 2497; baseline -0.009 1"><span class='ocrx_word' id='word_1_411' title='bbox 1842 2451 1959 2497; x_wconf 90' lang='lat' dir='ltr'><strong><em>tum</em></strong></span> <span class='ocrx_word' id='word_1_412' title='bbox 1979 2449 2065 2497; x_wconf 91' lang='lat' dir='ltr'><strong><em>est</em></strong></span> <span class='ocrx_word' id='word_1_413' title='bbox 2083 2442 2137 2495; x_wconf 91' lang='lat' dir='ltr'><strong><em>in</em></strong></span> <span class='ocrx_word' id='word_1_414' title='bbox 2162 2440 2396 2495; x_wconf 87' lang='lat' dir='ltr'><strong><em>adventu</em></strong></span> <span class='ocrx_word' id='word_1_415' title='bbox 2408 2439 2614 2495; x_wconf 88' lang='lat' dir='ltr'><strong><em>Christi</em></strong></span> <span class='ocrx_word' id='word_1_416' title='bbox 2630 2454 2693 2492; x_wconf 81' lang='lat' dir='ltr'><strong><em>ex</em></strong></span> <span class='ocrx_word' id='word_1_417' title='bbox 2706 2438 2915 2493; x_wconf 82' lang='lat' dir='ltr'><strong><em>semine</em></strong></span> <span class='ocrx_word' id='word_1_418' title='bbox 2932 2436 3163 2489; x_wconf 70' lang='lat' dir='ltr'><strong><em>Abrahae</em></strong></span> <span class='ocrx_word' id='word_1_419' title='bbox 3174 2430 3412 2488; x_wconf 90' lang='lat' dir='ltr'><strong><em>oriundi.</em></strong></span> 
     </span>
    </p>
   </div>
   <div class='ocr_carea' id='block_1_56' title="bbox 1843 2520 3415 2601">
    <p class='ocr_par' dir='ltr' id='par_1_56' title="bbox 1843 2520 3415 2601">
     <span class='ocr_line' id='line_1_56' title="bbox 1843 2520 3415 2601; baseline -0.008 -13"><span class='ocrx_word' id='word_1_420' title='bbox 1843 2535 1909 2588; x_wconf 86' lang='lat' dir='ltr'><strong><em>Et</em></strong></span> <span class='ocrx_word' id='word_1_421' title='bbox 1929 2534 1996 2589; x_wconf 86' lang='lat' dir='ltr'><strong><em>ad</em></strong></span> <span class='ocrx_word' id='word_1_422' title='bbox 2034 2534 2139 2588; x_wconf 88' lang='lat' dir='ltr'><strong><em>hoc</em></strong></span> <span class='ocrx_word' id='word_1_423' title='bbox 2159 2547 2333 2601; x_wconf 88' lang='lat' dir='ltr'><strong><em>usque</em></strong></span> <span class='ocrx_word' id='word_1_424' title='bbox 2369 2539 2584 2600; x_wconf 90' lang='lat' dir='ltr'><strong><em>tempus</em></strong></span> <span class='ocrx_word' id='word_1_425' title='bbox 2608 2529 2754 2600; x_wconf 85' lang='lat' dir='ltr'><strong><em>viget</em></strong></span> <span class='ocrx_word' id='word_1_426' title='bbox 2774 2520 2839 2583; x_wconf 78' lang='grc' dir='ltr'><strong><em>ἐι</em></strong></span> <span class='ocrx_word' id='word_1_427' title='bbox 2873 2531 3154 2597; x_wconf 86' lang='lat' dir='ltr'><strong><em>permanet</em></strong></span> <span class='ocrx_word' id='word_1_428' title='bbox 3180 2521 3415 2593; x_wconf 84' lang='lat' dir='ltr'><strong><em>promis-</em></strong></span> 
     </span>
    </p>
   </div>
   <div class='ocr_carea' id='block_1_57' title="bbox 1842 2610 3417 2692">
    <p class='ocr_par' dir='ltr' id='par_1_57' title="bbox 1842 2610 3417 2692">
     <span class='ocr_line' id='line_1_57' title="bbox 1842 2610 3417 2692; baseline -0.011 -11"><span class='ocrx_word' id='word_1_429' title='bbox 1842 2626 1945 2688; x_wconf 90' lang='lat' dir='ltr'><strong><em>sio,</em></strong></span> <span class='ocrx_word' id='word_1_430' title='bbox 1982 2624 2157 2679; x_wconf 91' lang='lat' dir='ltr'><strong><em>donec</em></strong></span> <span class='ocrx_word' id='word_1_431' title='bbox 2198 2620 2481 2692; x_wconf 87' lang='lat' dir='ltr'><strong><em>plenitudo</em></strong></span> <span class='ocrx_word' id='word_1_432' title='bbox 2522 2624 2763 2691; x_wconf 87' lang='lat' dir='ltr'><strong><em>gentium</em></strong></span> <span class='ocrx_word' id='word_1_433' title='bbox 2805 2618 3053 2688; x_wconf 86' lang='lat' dir='ltr'><strong><em>ingressa</em></strong></span> <span class='ocrx_word' id='word_1_434' title='bbox 3099 2614 3281 2669; x_wconf 82' lang='lat' dir='ltr'><strong><em>fuerit.</em></strong></span> <span class='ocrx_word' id='word_1_435' title='bbox 3316 2610 3417 2665; x_wconf 83' lang='lat' dir='ltr'><strong><em>Hie.</em></strong></span> 
     </span>
    </p>
   </div>
   <div class='ocr_carea' id='block_1_58' title="bbox 1845 2708 3415 2786">
    <p class='ocr_par' dir='ltr' id='par_1_58' title="bbox 1845 2708 3415 2786">
     <span class='ocr_line' id='line_1_58' title="bbox 1845 2708 3415 2786; baseline -0.008 -16"><span class='ocrx_word' id='word_1_436' title='bbox 1845 2718 2028 2786; x_wconf 83' lang='lat' dir='ltr'><strong><em>itaque</em></strong></span> <span class='ocrx_word' id='word_1_437' title='bbox 2054 2716 2374 2769; x_wconf 88' lang='lat' dir='ltr'><strong><em>diuturnum</em></strong></span> <span class='ocrx_word' id='word_1_438' title='bbox 2403 2720 2525 2784; x_wconf 85' lang='lat' dir='ltr'><strong><em>post</em></strong></span> <span class='ocrx_word' id='word_1_439' title='bbox 2572 2727 2771 2775; x_wconf 63' lang='lat' dir='ltr'><strong><em>aevum,</em></strong></span> <span class='ocrx_word' id='word_1_440' title='bbox 2831 2718 2884 2765; x_wconf 89' lang='lat' dir='ltr'><strong><em>et</em></strong></span> <span class='ocrx_word' id='word_1_441' title='bbox 2918 2718 3039 2780; x_wconf 92' lang='lat' dir='ltr'><strong><em>post</em></strong></span> <span class='ocrx_word' id='word_1_442' title='bbox 3083 2708 3283 2761; x_wconf 84' lang='lat' dir='ltr'><strong><em>multas</em></strong></span> <span class='ocrx_word' id='word_1_443' title='bbox 3315 2721 3415 2759; x_wconf 83' lang='lat' dir='ltr'><strong><em>ex-</em></strong></span> 
     </span>
    </p>
   </div>
   <div class='ocr_carea' id='block_1_59' title="bbox 1844 2793 3415 2876">
    <p class='ocr_par' dir='ltr' id='par_1_59' title="bbox 1844 2793 3415 2876">
     <span class='ocr_line' id='line_1_59' title="bbox 1844 2793 3415 2876; baseline -0.007 -16"><span class='ocrx_word' id='word_1_444' title='bbox 1844 2813 1998 2863; x_wconf 85' lang='lat' dir='ltr'><strong><em>actas</em></strong></span> <span class='ocrx_word' id='word_1_445' title='bbox 2026 2803 2429 2876; x_wconf 78' lang='lat' dir='ltr'><strong><em>generationes,</em></strong></span> <span class='ocrx_word' id='word_1_446' title='bbox 2458 2817 2587 2858; x_wconf 88' lang='lat' dir='ltr'><strong><em>nam</em></strong></span> <span class='ocrx_word' id='word_1_447' title='bbox 2622 2802 2712 2858; x_wconf 92' lang='lat' dir='ltr'><strong><em>bie</em></strong></span> <span class='ocrx_word' id='word_1_448' title='bbox 2737 2800 2990 2856; x_wconf 88' lang='lat' dir='ltr'><strong><em>millenas</em></strong></span> <span class='ocrx_word' id='word_1_449' title='bbox 3030 2813 3129 2868; x_wconf 88' lang='lat' dir='ltr'><strong><em>pro</em></strong></span> <span class='ocrx_word' id='word_1_450' title='bbox 3164 2793 3415 2867; x_wconf 87' lang='lat' dir='ltr'><strong><em>plurimis</em></strong></span> 
     </span>
    </p>
   </div>
   <div class='ocr_carea' id='block_1_60' title="bbox 1842 2891 3417 2968">
    <p class='ocr_par' dir='ltr' id='par_1_60' title="bbox 1842 2891 3417 2968">
     <span class='ocr_line' id='line_1_60' title="bbox 1842 2891 3417 2968; baseline -0.006 -16"><span class='ocrx_word' id='word_1_451' title='bbox 1842 2897 2073 2968; x_wconf 89' lang='lat' dir='ltr'><strong><em>accepit,</em></strong></span> <span class='ocrx_word' id='word_1_452' title='bbox 2122 2897 2243 2953; x_wconf 88' lang='lat' dir='ltr'><strong><em>illas</em></strong></span> <span class='ocrx_word' id='word_1_453' title='bbox 2296 2896 2621 2966; x_wconf 84' lang='lat' dir='ltr'><strong><em>patriarchis</em></strong></span> <span class='ocrx_word' id='word_1_454' title='bbox 2674 2895 2831 2951; x_wconf 87' lang='lat' dir='ltr'><strong><em>datas</em></strong></span> <span class='ocrx_word' id='word_1_455' title='bbox 2876 2891 3270 2965; x_wconf 88' lang='lat' dir='ltr'><strong><em>promissiones</em></strong></span> <span class='ocrx_word' id='word_1_456' title='bbox 3319 2902 3417 2958; x_wconf 89' lang='lat' dir='ltr'><strong><em>per</em></strong></span> 
     </span>
    </p>
   </div>
   <div class='ocr_carea' id='block_1_61' title="bbox 1846 2978 3414 3054">
    <p class='ocr_par' dir='ltr' id='par_1_61' title="bbox 1846 2978 3414 3054">
     <span class='ocr_line' id='line_1_61' title="bbox 1846 2978 3414 3054; baseline -0.008 -13"><span class='ocrx_word' id='word_1_457' title='bbox 1846 2985 2180 3041; x_wconf 86' lang='lat' dir='ltr'><strong><em>Salvatorem</em></strong></span> <span class='ocrx_word' id='word_1_458' title='bbox 2212 2992 2462 3045; x_wconf 88' lang='lat' dir='ltr'><strong><em>nostrum</em></strong></span> <span class='ocrx_word' id='word_1_459' title='bbox 2490 2982 2699 3053; x_wconf 71' lang='lat' dir='ltr'><strong><em>Jesum,</em></strong></span> <span class='ocrx_word' id='word_1_460' title='bbox 2730 2998 2794 3038; x_wconf 87' lang='lat' dir='ltr'><strong><em>ac</em></strong></span> <span class='ocrx_word' id='word_1_461' title='bbox 2830 2999 2926 3054; x_wconf 91' lang='lat' dir='ltr'><strong><em>per</em></strong></span> <span class='ocrx_word' id='word_1_462' title='bbox 2958 2982 3078 3052; x_wconf 85' lang='lat' dir='ltr'><strong><em>ejus</em></strong></span> <span class='ocrx_word' id='word_1_463' title='bbox 3107 2978 3414 3035; x_wconf 87' lang='lat' dir='ltr'><strong><em>doctrinam</em></strong></span> 
     </span>
    </p>
   </div>
   <div class='ocr_carea' id='block_1_62' title="bbox 1844 3069 3416 3146">
    <p class='ocr_par' dir='ltr' id='par_1_62' title="bbox 1844 3069 3416 3146">
     <span class='ocr_line' id='line_1_62' title="bbox 1844 3069 3416 3146; baseline -0.008 -15"><span class='ocrx_word' id='word_1_464' title='bbox 1844 3076 2105 3146; x_wconf 84' lang='lat' dir='ltr'><strong><em>implevit,</em></strong></span> <span class='ocrx_word' id='word_1_465' title='bbox 2138 3074 2394 3131; x_wconf 88' lang='lat' dir='ltr'><strong><em>omnibus</em></strong></span> <span class='ocrx_word' id='word_1_466' title='bbox 2432 3074 2686 3146; x_wconf 79' lang='lat' dir='ltr'><strong><em>gentibus</em></strong></span> <span class='ocrx_word' id='word_1_467' title='bbox 2723 3074 2957 3129; x_wconf 62' lang='lat' dir='ltr'><strong><em>Abrahae</em></strong></span> <span class='ocrx_word' id='word_1_468' title='bbox 3001 3069 3416 3143; x_wconf 88' lang='lat' dir='ltr'><strong><em>promissionem</em></strong></span> 
     </span>
    </p>
   </div>
   <div class='ocr_carea' id='block_1_63' title="bbox 1845 3169 2180 3238">
    <p class='ocr_par' dir='ltr' id='par_1_63' title="bbox 1845 3169 2180 3238">
     <span class='ocr_line' id='line_1_63' title="bbox 1845 3169 2180 3238; baseline -0.009 -15"><span class='ocrx_word' id='word_1_469' title='bbox 1845 3169 2180 3238; x_wconf 89' lang='lat' dir='ltr'><strong><em>impertiens.</em></strong></span> 
     </span>
    </p>
   </div>
   <div class='ocr_carea' id='block_1_64' title="bbox 160 3252 3419 3332">
    <p class='ocr_par' dir='ltr' id='par_1_64' title="bbox 160 3252 3419 3332">
     <span class='ocr_line' id='line_1_64' title="bbox 160 3252 3419 3332; baseline -0.005 -13"><span class='ocrx_word' id='word_1_470' title='bbox 160 3259 258 3319; x_wconf 83' lang='grc' dir='ltr'><em>διὰ</em></span> <span class='ocrx_word' id='word_1_471' title='bbox 289 3260 384 3314; x_wconf 88' lang='grc' dir='ltr'><strong><em>τοῦ</em></strong></span> <span class='ocrx_word' id='word_1_472' title='bbox 416 3260 670 3331; x_wconf 82' lang='grc' dir='ltr'><em>Σωτῆρος</em></span> <span class='ocrx_word' id='word_1_473' title='bbox 706 3260 863 3331; x_wconf 79' lang='grc' dir='ltr'><em>ἡμῶν</em></span> <span class='ocrx_word' id='word_1_474' title='bbox 915 3259 1089 3331; x_wconf 87' lang='grc' dir='ltr'><em>Ἰησοῦ</em></span> <span class='ocrx_word' id='word_1_475' title='bbox 1131 3261 1226 3313; x_wconf 76' lang='grc' dir='ltr'><strong><em>καὶ</em></strong></span> <span class='ocrx_word' id='word_1_476' title='bbox 1274 3259 1363 3314; x_wconf 81' lang='grc' dir='ltr'><em>διὰ</em></span> <span class='ocrx_word' id='word_1_477' title='bbox 1417 3261 1514 3332; x_wconf 79' lang='grc' dir='ltr'><em>τῆς</em></span> <span class='ocrx_word' id='word_1_478' title='bbox 1566 3259 1731 3313; x_wconf 78' lang='grc' dir='ltr'><em>αὐτοῦ</em></span> <span class='ocrx_word' id='word_1_479' title='bbox 1781 3260 2127 3327; x_wconf 83' lang='grc' dir='ltr'><em>διδασκαλίας</em></span> <span class='ocrx_word' id='word_1_480' title='bbox 2171 3260 2306 3314; x_wconf 80' lang='grc' dir='ltr'><em>πᾶσι</em></span> <span class='ocrx_word' id='word_1_481' title='bbox 2346 3260 2459 3325; x_wconf 80' lang='grc' dir='ltr'><em>τοῖς</em></span> <span class='ocrx_word' id='word_1_482' title='bbox 2492 3258 2668 3311; x_wconf 69' lang='grc' dir='ltr'><em>ἔθνεσι</em></span> <span class='ocrx_word' id='word_1_483' title='bbox 2699 3256 2798 3328; x_wconf 85' lang='grc' dir='ltr'><em>τὴν</em></span> <span class='ocrx_word' id='word_1_484' title='bbox 2838 3255 2930 3312; x_wconf 88' lang='grc' dir='ltr'><strong><em>τοῦ</em></strong></span> <span class='ocrx_word' id='word_1_485' title='bbox 2982 3255 3227 3325; x_wconf 82' lang='grc' dir='ltr'><em>Ἀϐραὰμ</em></span> <span class='ocrx_word' id='word_1_486' title='bbox 3271 3252 3419 3306; x_wconf 83' lang='grc' dir='ltr'><em>εὐλο-</em></span> 
     </span>
    </p>
   </div>
   <div class='ocr_carea' id='block_1_65' title="bbox 163 3350 711 3421">
    <p class='ocr_par' dir='ltr' id='par_1_65' title="bbox 163 3350 711 3421">
     <span class='ocr_line' id='line_1_65' title="bbox 163 3350 711 3421; baseline -0.002 -16"><span class='ocrx_word' id='word_1_487' title='bbox 163 3350 295 3421; x_wconf 81' lang='grc' dir='ltr'><em>γίαν</em></span> <span class='ocrx_word' id='word_1_488' title='bbox 318 3351 525 3421; x_wconf 88' lang='grc' dir='ltr'><em>δεδωρη</em></span> <span class='ocrx_word' id='word_1_489' title='bbox 535 3352 711 3421; x_wconf 86' lang='grc' dir='ltr'><em>μένος.</em></span> 
     </span>
    </p>
   </div>
   <div class='ocr_carea' id='block_1_66' title="bbox 243 3456 1737 3538">
    <p class='ocr_par' dir='ltr' id='par_1_66' title="bbox 243 3464 1737 3538">
     <span class='ocr_line' id='line_1_66' title="bbox 243 3464 1737 3538; baseline -0.006 -11"><span class='ocrx_word' id='word_1_490' title='bbox 243 3472 355 3527; x_wconf 72' lang='grc' dir='ltr'><strong><em>Καὶ</em></strong></span> <span class='ocrx_word' id='word_1_491' title='bbox 381 3472 634 3526; x_wconf 79' lang='grc' dir='ltr'><em>ἐκάλεσε</em></span> <span class='ocrx_word' id='word_1_492' title='bbox 664 3467 842 3538; x_wconf 79' lang='grc' dir='ltr'><em>λιμὸν</em></span> <span class='ocrx_word' id='word_1_493' title='bbox 864 3468 962 3521; x_wconf 80' lang='grc' dir='ltr'><em>ἐπὶ</em></span> <span class='ocrx_word' id='word_1_494' title='bbox 994 3467 1108 3536; x_wconf 83' lang='grc' dir='ltr'><em>τὴν</em></span> <span class='ocrx_word' id='word_1_495' title='bbox 1131 3466 1268 3537; x_wconf 76' lang='grc' dir='ltr'><em>γῆν,</em></span> <span class='ocrx_word' id='word_1_496' title='bbox 1303 3464 1425 3522; x_wconf 85' lang='grc' dir='ltr'><strong><em>πᾶν</em></strong></span> <span class='ocrx_word' id='word_1_497' title='bbox 1451 3466 1737 3536; x_wconf 76' lang='grc' dir='ltr'><em>στήριγμα</em></span> 
     </span>
    </p>
   </div>
   <div class='ocr_carea' id='block_1_67' title="bbox 1836 3456 3422 3538">
    <p class='ocr_par' dir='ltr' id='par_1_67' title="bbox 1916 3456 3422 3524">
     <span class='ocr_line' id='line_1_67' title="bbox 1916 3456 3422 3524; baseline -0.001 -9"><span class='ocrx_word' id='word_1_498' title='bbox 1916 3458 2083 3515; x_wconf 75' lang='lat' dir='ltr'><strong><em>Vens.</em></strong></span> <span class='ocrx_word' id='word_1_499' title='bbox 2121 3458 2209 3512; x_wconf 84' lang='grc'><strong><em>16.</em></strong></span> <span class='ocrx_word' id='word_1_500' title='bbox 2247 3457 2316 3511; x_wconf 89' lang='lat' dir='ltr'><strong><em>Et</em></strong></span> <span class='ocrx_word' id='word_1_501' title='bbox 2352 3457 2552 3512; x_wconf 80' lang='lat' dir='ltr'><strong><em>vocavit</em></strong></span> <span class='ocrx_word' id='word_1_502' title='bbox 2586 3456 2779 3524; x_wconf 76' lang='lat' dir='ltr'><strong><em>famem</em></strong></span> <span class='ocrx_word' id='word_1_503' title='bbox 2821 3470 2977 3523; x_wconf 88' lang='lat' dir='ltr'><strong><em>super</em></strong></span> <span class='ocrx_word' id='word_1_504' title='bbox 3008 3466 3226 3522; x_wconf 90' lang='lat' dir='ltr'><strong><em>terram,</em></strong></span> <span class='ocrx_word' id='word_1_505' title='bbox 3268 3472 3422 3513; x_wconf 69' lang='lat' dir='ltr'><strong><em>omne</em></strong></span> 
     </span>
    </p>
   </div>
   <div class='ocr_carea' id='block_1_68' title="bbox 164 3550 1737 3634">
    <p class='ocr_par' dir='ltr' id='par_1_68' title="bbox 164 3556 1737 3634">
     <span class='ocr_line' id='line_1_68' title="bbox 164 3556 1737 3634; baseline -0.007 -14"><span class='ocrx_word' id='word_1_506' title='bbox 164 3566 354 3634; x_wconf 78' lang='grc' dir='ltr'><em>ἄρτου</em></span> <span class='ocrx_word' id='word_1_507' title='bbox 389 3562 769 3630; x_wconf 67' lang='grc' dir='ltr'><em>συνέτριψεν.</em></span> <span class='ocrx_word' id='word_1_508' title='bbox 810 3560 899 3613; x_wconf 86' lang='grc' dir='ltr'><em>Ἐν</em></span> <span class='ocrx_word' id='word_1_509' title='bbox 935 3559 1143 3622; x_wconf 81' lang='grc' dir='ltr'><em>τούτοις</em></span> <span class='ocrx_word' id='word_1_510' title='bbox 1176 3561 1204 3611; x_wconf 87' lang='grc' dir='ltr'><strong>ὁ</strong></span> <span class='ocrx_word' id='word_1_511' title='bbox 1230 3558 1385 3627; x_wconf 85' lang='grc' dir='ltr'><em>λόγος</em></span> <span class='ocrx_word' id='word_1_512' title='bbox 1410 3557 1506 3611; x_wconf 68' lang='grc' dir='ltr'><strong><em>καὶ</em></strong></span> <span class='ocrx_word' id='word_1_513' title='bbox 1539 3556 1664 3612; x_wconf 81' lang='grc' dir='ltr'><em>ἄλλο</em></span> <span class='ocrx_word' id='word_1_514' title='bbox 1693 3575 1737 3610; x_wconf 87' lang='grc' dir='ltr'><strong><em>τι</em></strong></span> 
     </span>
    </p>
   </div>
   <div class='ocr_carea' id='block_1_69' title="bbox 1836 3550 3419 3634">
    <p class='ocr_par' dir='ltr' id='par_1_69' title="bbox 1848 3550 3419 3627">
     <span class='ocr_line' id='line_1_69' title="bbox 1848 3550 3419 3627; baseline -0.004 -15"><span class='ocrx_word' id='word_1_515' title='bbox 1848 3559 2238 3627; x_wconf 82' lang='lat' dir='ltr'><strong><em>ﬁrmamentum</em></strong></span> <span class='ocrx_word' id='word_1_516' title='bbox 2253 3555 2407 3623; x_wconf 82' lang='lat' dir='ltr'><strong><em>panis</em></strong></span> <span class='ocrx_word' id='word_1_517' title='bbox 2424 3553 2688 3607; x_wconf 83' lang='lat' dir='ltr'><strong><em>contrivit.</em></strong></span> <span class='ocrx_word' id='word_1_518' title='bbox 2710 3550 2768 3605; x_wconf 84' lang='lat' dir='ltr'><strong><em>In</em></strong></span> <span class='ocrx_word' id='word_1_519' title='bbox 2788 3550 2875 3608; x_wconf 87' lang='lat' dir='ltr'><strong><em>his</em></strong></span> <span class='ocrx_word' id='word_1_520' title='bbox 2896 3566 3076 3606; x_wconf 87' lang='lat' dir='ltr'><strong><em>sermo</em></strong></span> <span class='ocrx_word' id='word_1_521' title='bbox 3090 3551 3234 3606; x_wconf 86' lang='lat' dir='ltr'><strong><em>aliud</em></strong></span> <span class='ocrx_word' id='word_1_522' title='bbox 3257 3555 3419 3622; x_wconf 89' lang='lat' dir='ltr'><strong><em>quid-</em></strong></span> 
     </span>
    </p>
   </div>
   <div class='ocr_carea' id='block_1_70' title="bbox 164 3642 1737 3728">
    <p class='ocr_par' dir='ltr' id='par_1_70' title="bbox 164 3648 1737 3728">
     <span class='ocr_line' id='line_1_70' title="bbox 164 3648 1737 3728; baseline -0.008 -16"><span class='ocrx_word' id='word_1_523' title='bbox 164 3657 394 3728; x_wconf 80' lang='grc' dir='ltr'><em>λεληθὸς</em></span> <span class='ocrx_word' id='word_1_524' title='bbox 434 3657 560 3719; x_wconf 78' lang='grc' dir='ltr'><em>τοὺς</em></span> <span class='ocrx_word' id='word_1_525' title='bbox 605 3653 831 3715; x_wconf 78' lang='grc' dir='ltr'><em>πολλοὺς</em></span> <span class='ocrx_word' id='word_1_526' title='bbox 857 3652 1116 3721; x_wconf 79' lang='grc' dir='ltr'><em>διδάσκει,</em></span> <span class='ocrx_word' id='word_1_527' title='bbox 1152 3650 1261 3722; x_wconf 78' lang='grc' dir='ltr'><strong><em>Τὴν</em></strong></span> <span class='ocrx_word' id='word_1_528' title='bbox 1305 3651 1410 3722; x_wconf 86' lang='grc' dir='ltr'><em>γὰρ</em></span> <span class='ocrx_word' id='word_1_529' title='bbox 1450 3650 1627 3703; x_wconf 79' lang='grc' dir='ltr'><em>αἰτίαν</em></span> <span class='ocrx_word' id='word_1_530' title='bbox 1650 3648 1737 3700; x_wconf 83' lang='grc' dir='ltr'><strong><em>τοῦ</em></strong></span> 
     </span>
    </p>
   </div>
   <div class='ocr_carea' id='block_1_71' title="bbox 1836 3642 3423 3728">
    <p class='ocr_par' dir='ltr' id='par_1_71' title="bbox 1847 3642 3423 3721">
     <span class='ocr_line' id='line_1_71' title="bbox 1847 3642 3423 3721; baseline -0.004 -17"><span class='ocrx_word' id='word_1_531' title='bbox 1847 3648 2223 3721; x_wconf 83' lang='lat' dir='ltr'><strong><em>piam,&#39;multis</em></strong></span> <span class='ocrx_word' id='word_1_532' title='bbox 2248 3647 2546 3710; x_wconf 90' lang='lat' dir='ltr'><strong><em>occultum,</em></strong></span> <span class='ocrx_word' id='word_1_533' title='bbox 2564 3644 2774 3699; x_wconf 86' lang='lat' dir='ltr'><strong><em>edocet.</em></strong></span> <span class='ocrx_word' id='word_1_534' title='bbox 2804 3642 3037 3697; x_wconf 85' lang='lat' dir='ltr'><strong><em>Causam</em></strong></span> <span class='ocrx_word' id='word_1_535' title='bbox 3063 3643 3206 3697; x_wconf 84' lang='lat' dir='ltr'><strong><em>enim</em></strong></span> <span class='ocrx_word' id='word_1_536' title='bbox 3229 3658 3329 3697; x_wconf 89' lang='lat' dir='ltr'><strong><em>cur</em></strong></span> <span class='ocrx_word' id='word_1_537' title='bbox 3348 3644 3423 3697; x_wconf 78' lang='lat' dir='ltr'><strong><em>fa—</em></strong></span> 
     </span>
    </p>
   </div>
   <div class='ocr_carea' id='block_1_72' title="bbox 167 3734 1737 3821">
    <p class='ocr_par' dir='ltr' id='par_1_72' title="bbox 167 3739 1737 3821">
     <span class='ocr_line' id='line_1_72' title="bbox 167 3739 1737 3821; baseline -0.007 -18"><span class='ocrx_word' id='word_1_538' title='bbox 167 3748 439 3821; x_wconf 79' lang='grc' dir='ltr'><em>κληθῆναι</em></span> <span class='ocrx_word' id='word_1_539' title='bbox 472 3746 626 3815; x_wconf 82' lang='grc' dir='ltr'><em>δίκην</em></span> <span class='ocrx_word' id='word_1_540' title='bbox 653 3743 895 3814; x_wconf 74' lang='grc' dir='ltr'><em>ἐμψύχου</em></span> <span class='ocrx_word' id='word_1_541' title='bbox 927 3742 1065 3807; x_wconf 83' lang='grc' dir='ltr'><em>ζώου</em></span> <span class='ocrx_word' id='word_1_542' title='bbox 1090 3743 1180 3795; x_wconf 84' lang='grc' dir='ltr'><em>τὸν</em></span> <span class='ocrx_word' id='word_1_543' title='bbox 1203 3740 1361 3811; x_wconf 86' lang='grc' dir='ltr'><em>λιμὸν</em></span> <span class='ocrx_word' id='word_1_544' title='bbox 1384 3741 1477 3793; x_wconf 72' lang='grc' dir='ltr'><strong><em>ἐπὶ</em></strong></span> <span class='ocrx_word' id='word_1_545' title='bbox 1494 3739 1591 3810; x_wconf 84' lang='grc' dir='ltr'><em>τὴν</em></span> <span class='ocrx_word' id='word_1_546' title='bbox 1620 3741 1737 3810; x_wconf 80' lang='grc' dir='ltr'><em>γῆν,</em></span> 
     </span>
    </p>
   </div>
   <div class='ocr_carea' id='block_1_73' title="bbox 1836 3734 3423 3821">
    <p class='ocr_par' dir='ltr' id='par_1_73' title="bbox 1846 3734 3423 3805">
     <span class='ocr_line' id='line_1_73' title="bbox 1846 3734 3423 3805; baseline -0.005 -8"><span class='ocrx_word' id='word_1_547' title='bbox 1846 3757 2010 3805; x_wconf 88' lang='lat' dir='ltr'><strong><em>mem,</em></strong></span> <span class='ocrx_word' id='word_1_548' title='bbox 2029 3741 2200 3795; x_wconf 88' lang='lat' dir='ltr'><strong><em>instar</em></strong></span> <span class='ocrx_word' id='word_1_549' title='bbox 2232 3738 2486 3792; x_wconf 89' lang='lat' dir='ltr'><strong><em>animalis</em></strong></span> <span class='ocrx_word' id='word_1_550' title='bbox 2519 3734 3115 3804; x_wconf 87' lang='lat' dir='ltr'><strong><em>cujusdam,vocaverit</em></strong></span> <span class='ocrx_word' id='word_1_551' title='bbox 3142 3744 3423 3802; x_wconf 87' lang='lat' dir='ltr'><strong><em>superler-</em></strong></span> 
     </span>
    </p>
   </div>
   <div class='ocr_carea' id='block_1_74' title="bbox 165 3824 1737 3908">
    <p class='ocr_par' dir='ltr' id='par_1_74' title="bbox 165 3826 1737 3908">
     <span class='ocr_line' id='line_1_74' title="bbox 165 3826 1737 3908; baseline -0.009 -16"><span class='ocrx_word' id='word_1_552' title='bbox 165 3840 315 3908; x_wconf 81' lang='grc' dir='ltr'><em>λέγω</em></span> <span class='ocrx_word' id='word_1_553' title='bbox 337 3838 401 3907; x_wconf 85' lang='grc' dir='ltr'><em>δὴ</em></span> <span class='ocrx_word' id='word_1_554' title='bbox 432 3835 529 3906; x_wconf 82' lang='grc' dir='ltr'><em>τὴν</em></span> <span class='ocrx_word' id='word_1_555' title='bbox 552 3832 905 3903; x_wconf 68' lang='grc' dir='ltr'><em>ἐνεργητικὴν</em></span> <span class='ocrx_word' id='word_1_556' title='bbox 933 3830 1159 3900; x_wconf 82' lang='grc' dir='ltr'><em>δύναμιν</em></span> <span class='ocrx_word' id='word_1_557' title='bbox 1188 3826 1281 3882; x_wconf 89' lang='grc' dir='ltr'><strong><em>τοῦ</em></strong></span> <span class='ocrx_word' id='word_1_558' title='bbox 1313 3827 1493 3897; x_wconf 81' lang='grc' dir='ltr'><em>λιμοῦ,</em></span> <span class='ocrx_word' id='word_1_559' title='bbox 1533 3826 1737 3880; x_wconf 79' lang='grc' dir='ltr'><em>καὶτοῦ</em></span> 
     </span>
    </p>
   </div>
   <div class='ocr_carea' id='block_1_75' title="bbox 1836 3824 3422 3908">
    <p class='ocr_par' dir='ltr' id='par_1_75' title="bbox 1848 3824 3422 3898">
     <span class='ocr_line' id='line_1_75' title="bbox 1848 3824 3422 3898; baseline -0.003 -12"><span class='ocrx_word' id='word_1_560' title='bbox 1848 3848 1985 3898; x_wconf 86' lang='lat' dir='ltr'><strong><em>ram,</em></strong></span> <span class='ocrx_word' id='word_1_561' title='bbox 2017 3832 2068 3885; x_wconf 89' lang='lat' dir='ltr'><strong><em>id</em></strong></span> <span class='ocrx_word' id='word_1_562' title='bbox 2104 3840 2187 3885; x_wconf 87' lang='lat' dir='ltr'><strong><em>est</em></strong></span> <span class='ocrx_word' id='word_1_563' title='bbox 2219 3831 2475 3883; x_wconf 87' lang='lat' dir='ltr'><strong><em>virtutem</em></strong></span> <span class='ocrx_word' id='word_1_564' title='bbox 2501 3827 2661 3881; x_wconf 80' lang='lat' dir='ltr'><strong><em>famis</em></strong></span> <span class='ocrx_word' id='word_1_565' title='bbox 2688 3824 3035 3890; x_wconf 83' lang='lat' dir='ltr'><strong><em>eﬂ‘ectricem,</em></strong></span> <span class='ocrx_word' id='word_1_566' title='bbox 3065 3833 3118 3881; x_wconf 90' lang='lat' dir='ltr'><strong><em>et</em></strong></span> <span class='ocrx_word' id='word_1_567' title='bbox 3141 3840 3239 3879; x_wconf 89' lang='lat' dir='ltr'><strong><em>cur</em></strong></span> <span class='ocrx_word' id='word_1_568' title='bbox 3260 3841 3422 3882; x_wconf 90' lang='lat' dir='ltr'><strong><em>omne</em></strong></span> 
     </span>
    </p>
   </div>
   <div class='ocr_carea' id='block_1_76' title="bbox 172 3916 1737 4000">
    <p class='ocr_par' dir='ltr' id='par_1_76' title="bbox 172 3918 1737 4000">
     <span class='ocr_line' id='line_1_76' title="bbox 172 3918 1737 4000; baseline -0.01 -17"><span class='ocrx_word' id='word_1_569' title='bbox 172 3928 525 4000; x_wconf 82' lang='grc' dir='ltr'><em>συντριϐῆναι</em></span> <span class='ocrx_word' id='word_1_570' title='bbox 569 3926 677 3977; x_wconf 76' lang='grc' dir='ltr'><em>πᾶν</em></span> <span class='ocrx_word' id='word_1_571' title='bbox 720 3924 998 3994; x_wconf 81' lang='grc' dir='ltr'><em>στήριγμα</em></span> <span class='ocrx_word' id='word_1_572' title='bbox 1040 3920 1228 3991; x_wconf 75' lang='grc' dir='ltr'><em>ἄρτου,</em></span> <span class='ocrx_word' id='word_1_573' title='bbox 1260 3919 1606 3991; x_wconf 85' lang='grc' dir='ltr'><em>παρίστησιν,</em></span> <span class='ocrx_word' id='word_1_574' title='bbox 1660 3918 1737 3969; x_wconf 78' lang='grc' dir='ltr'><em>ἵνα</em></span> 
     </span>
    </p>
   </div>
   <div class='ocr_carea' id='block_1_77' title="bbox 1836 3916 3422 4000">
    <p class='ocr_par' dir='ltr' id='par_1_77' title="bbox 1847 3916 3422 3991">
     <span class='ocr_line' id='line_1_77' title="bbox 1847 3916 3422 3991; baseline -0.005 -13"><span class='ocrx_word' id='word_1_575' title='bbox 1847 3925 2245 3979; x_wconf 87' lang='lat' dir='ltr'><strong><em>ﬁrmamentum</em></strong></span> <span class='ocrx_word' id='word_1_576' title='bbox 2294 3921 2450 3991; x_wconf 86' lang='lat' dir='ltr'><strong><em>panis</em></strong></span> <span class='ocrx_word' id='word_1_577' title='bbox 2500 3918 2851 3980; x_wconf 87' lang='lat' dir='ltr'><strong><em>contriverit,</em></strong></span> <span class='ocrx_word' id='word_1_578' title='bbox 2888 3917 2978 3969; x_wconf 83' lang='lat' dir='ltr'><strong><em>hic</em></strong></span> <span class='ocrx_word' id='word_1_579' title='bbox 3039 3916 3313 3981; x_wconf 86' lang='lat' dir='ltr'><strong><em>declarat,</em></strong></span> <span class='ocrx_word' id='word_1_580' title='bbox 3360 3924 3422 3970; x_wconf 85' lang='lat' dir='ltr'><strong><em>ut</em></strong></span> 
     </span>
    </p>
   </div>
   <div class='ocr_carea' id='block_1_78' title="bbox 168 4006 1737 4087">
    <p class='ocr_par' dir='ltr' id='par_1_78' title="bbox 168 4006 1737 4087">
     <span class='ocr_line' id='line_1_78' title="bbox 168 4006 1737 4087; baseline -0.011 -12"><span class='ocrx_word' id='word_1_581' title='bbox 168 4021 272 4076; x_wconf 75' lang='grc' dir='ltr'><strong><em>καὶ</em></strong></span> <span class='ocrx_word' id='word_1_582' title='bbox 302 4019 478 4087; x_wconf 82' lang='grc' dir='ltr'><em>φανιεῖ</em></span> <span class='ocrx_word' id='word_1_583' title='bbox 514 4032 617 4068; x_wconf 85' lang='grc' dir='ltr'><strong><em>που</em></strong></span> <span class='ocrx_word' id='word_1_584' title='bbox 652 4014 812 4084; x_wconf 85' lang='grc' dir='ltr'><em>ἄρτος</em></span> <span class='ocrx_word' id='word_1_585' title='bbox 844 4012 918 4083; x_wconf 84' lang='grc' dir='ltr'><em>μὴ</em></span> <span class='ocrx_word' id='word_1_586' title='bbox 954 4009 1194 4080; x_wconf 82' lang='grc' dir='ltr'><em>στηρίζοι</em></span> <span class='ocrx_word' id='word_1_587' title='bbox 1227 4010 1353 4071; x_wconf 81' lang='grc' dir='ltr'><em>τοὺς</em></span> <span class='ocrx_word' id='word_1_588' title='bbox 1392 4006 1737 4077; x_wconf 72' lang='grc' dir='ltr'><em>ἐμπιπλαμέ-</em></span> 
     </span>
    </p>
   </div>
   <div class='ocr_carea' id='block_1_79' title="bbox 1836 4006 3422 4087">
    <p class='ocr_par' dir='ltr' id='par_1_79' title="bbox 1847 4007 3422 4087">
     <span class='ocr_line' id='line_1_79' title="bbox 1847 4007 3422 4087; baseline -0.005 -18"><span class='ocrx_word' id='word_1_589' title='bbox 1847 4014 2137 4087; x_wconf 82' lang='lat' dir='ltr'><strong><em>patefaciat</em></strong></span> <span class='ocrx_word' id='word_1_590' title='bbox 2167 4029 2276 4084; x_wconf 90' lang='lat' dir='ltr'><strong><em>quo</em></strong></span> <span class='ocrx_word' id='word_1_591' title='bbox 2302 4014 2357 4067; x_wconf 89' lang='lat' dir='ltr'><strong><em>in</em></strong></span> <span class='ocrx_word' id='word_1_592' title='bbox 2392 4027 2522 4067; x_wconf 88' lang='lat' dir='ltr'><strong><em>casu</em></strong></span> <span class='ocrx_word' id='word_1_593' title='bbox 2560 4009 2714 4081; x_wconf 90' lang='lat' dir='ltr'><strong><em>panis</em></strong></span> <span class='ocrx_word' id='word_1_594' title='bbox 2746 4024 2855 4063; x_wconf 92' lang='lat' dir='ltr'><strong><em>non</em></strong></span> <span class='ocrx_word' id='word_1_595' title='bbox 2881 4007 3057 4061; x_wconf 83' lang='lat' dir='ltr'><strong><em>ﬁrmet</em></strong></span> <span class='ocrx_word' id='word_1_596' title='bbox 3088 4022 3182 4063; x_wconf 89' lang='lat' dir='ltr'><strong><em>eos</em></strong></span> <span class='ocrx_word' id='word_1_597' title='bbox 3204 4008 3293 4077; x_wconf 84' lang='lat' dir='ltr'><strong><em>qui</em></strong></span> <span class='ocrx_word' id='word_1_598' title='bbox 3328 4007 3422 4062; x_wconf 86' lang='lat' dir='ltr'><strong><em>illo</em></strong></span> 
     </span>
    </p>
   </div>
   <div class='ocr_carea' id='block_1_80' title="bbox 168 4098 1737 4177">
    <p class='ocr_par' dir='ltr' id='par_1_80' title="bbox 168 4098 1737 4175">
     <span class='ocr_line' id='line_1_80' title="bbox 168 4098 1737 4175; baseline -0.01 -10"><span class='ocrx_word' id='word_1_599' title='bbox 168 4128 299 4173; x_wconf 87' lang='grc' dir='ltr'><em>νους</em></span> <span class='ocrx_word' id='word_1_600' title='bbox 333 4110 390 4175; x_wconf 78' lang='grc' dir='ltr'><strong><em>ἐξ</em></strong></span> <span class='ocrx_word' id='word_1_601' title='bbox 438 4106 624 4171; x_wconf 80' lang='grc' dir='ltr'><em>αὐτοῦ,</em></span> <span class='ocrx_word' id='word_1_602' title='bbox 661 4105 803 4167; x_wconf 75' lang='grc' dir='ltr'><em>κατὰ</em></span> <span class='ocrx_word' id='word_1_603' title='bbox 839 4104 919 4167; x_wconf 84' lang='grc' dir='ltr'><em>τὸ,</em></span> <span class='ocrx_word' id='word_1_604' title='bbox 961 4104 1164 4171; x_wconf 65' lang='lat' dir='ltr'><strong><em>&quot;Apto;-</em></strong></span> <span class='ocrx_word' id='word_1_605' title='bbox 1195 4098 1454 4168; x_wconf 72' lang='grc' dir='ltr'><em>στηρίξει</em></span> <span class='ocrx_word' id='word_1_606' title='bbox 1495 4098 1737 4166; x_wconf 74' lang='grc' dir='ltr'><em>καρδίαν</em></span> 
     </span>
    </p>
   </div>
   <div class='ocr_carea' id='block_1_81' title="bbox 1836 4098 3421 4177">
    <p class='ocr_par' dir='ltr' id='par_1_81' title="bbox 1846 4099 3421 4177">
     <span class='ocr_line' id='line_1_81' title="bbox 1846 4099 3421 4177; baseline -0.005 -16"><span class='ocrx_word' id='word_1_607' title='bbox 1846 4107 2144 4177; x_wconf 87' lang='lat' dir='ltr'><strong><em>replentur,</em></strong></span> <span class='ocrx_word' id='word_1_608' title='bbox 2173 4104 2477 4161; x_wconf 87' lang='lat' dir='ltr'><strong><em>secundum</em></strong></span> <span class='ocrx_word' id='word_1_609' title='bbox 2516 4100 2674 4166; x_wconf 91' lang='lat' dir='ltr'><strong><em>illud,</em></strong></span> <span class='ocrx_word' id='word_1_610' title='bbox 2710 4099 2874 4154; x_wconf 88' lang='lat' dir='ltr'><strong><em>Panis</em></strong></span> <span class='ocrx_word' id='word_1_611' title='bbox 2909 4115 2999 4154; x_wconf 88' lang='lat' dir='ltr'><strong><em>cor</em></strong></span> <span class='ocrx_word' id='word_1_612' title='bbox 3043 4099 3266 4154; x_wconf 81' lang='lat' dir='ltr'><strong><em>hominis</em></strong></span> <span class='ocrx_word' id='word_1_613' title='bbox 3296 4115 3421 4153; x_wconf 87' lang='lat' dir='ltr'><strong><em>con-</em></strong></span> 
     </span>
    </p>
   </div>
   <div class='ocr_carea' id='block_1_82' title="bbox 169 4188 1737 4269">
    <p class='ocr_par' dir='ltr' id='par_1_82' title="bbox 169 4188 1737 4269">
     <span class='ocr_line' id='line_1_82' title="bbox 169 4188 1737 4269; baseline -0.01 -12"><span class='ocrx_word' id='word_1_614' title='bbox 169 4201 508 4268; x_wconf 81' lang='grc' dir='ltr'><em>ἁνθρώπου.</em></span> <span class='ocrx_word' id='word_1_615' title='bbox 536 4196 706 4252; x_wconf 86' lang='grc' dir='ltr'><em>Τοῦτο</em></span> <span class='ocrx_word' id='word_1_616' title='bbox 741 4196 849 4269; x_wconf 81' lang='grc' dir='ltr'><strong><em>γάρ</em></strong></span> <span class='ocrx_word' id='word_1_617' title='bbox 880 4196 1026 4248; x_wconf 76' lang='grc' dir='ltr'><em>ἐστιν</em></span> <span class='ocrx_word' id='word_1_618' title='bbox 1054 4194 1082 4246; x_wconf 86' lang='grc' dir='ltr'><strong>ὂ</strong></span> <span class='ocrx_word' id='word_1_619' title='bbox 1115 4191 1346 4263; x_wconf 78' lang='grc' dir='ltr'><em>μάλιστα</em></span> <span class='ocrx_word' id='word_1_620' title='bbox 1373 4190 1660 4261; x_wconf 84' lang='grc' dir='ltr'><em>συμϐαίνει</em></span> <span class='ocrx_word' id='word_1_621' title='bbox 1685 4188 1737 4242; x_wconf 66' lang='grc' dir='ltr'><em>ὲν</em></span> 
     </span>
    </p>
   </div>
   <div class='ocr_carea' id='block_1_83' title="bbox 1836 4188 3419 4269">
    <p class='ocr_par' dir='ltr' id='par_1_83' title="bbox 1847 4190 3419 4269">
     <span class='ocr_line' id='line_1_83' title="bbox 1847 4190 3419 4269; baseline -0.005 -17"><span class='ocrx_word' id='word_1_622' title='bbox 1847 4199 2029 4269; x_wconf 76' lang='lat' dir='ltr'><strong><em>ﬁrmat</em></strong></span> <span class='ocrx_word' id='word_1_623' title='bbox 2062 4198 2127 4249; x_wconf 73' lang='grc'><strong><em>⁸⁸.</em></strong></span> <span class='ocrx_word' id='word_1_624' title='bbox 2164 4195 2224 4252; x_wconf 76' lang='grc' dir='ltr'><strong><em>ιιι</em></strong></span> <span class='ocrx_word' id='word_1_625' title='bbox 2265 4196 2409 4252; x_wconf 89' lang='lat' dir='ltr'><strong><em>enim</em></strong></span> <span class='ocrx_word' id='word_1_626' title='bbox 2447 4193 2686 4250; x_wconf 79' lang='lat' dir='ltr'><strong><em>maxime</em></strong></span> <span class='ocrx_word' id='word_1_627' title='bbox 2719 4200 2967 4264; x_wconf 87' lang='lat' dir='ltr'><strong><em>tempore</em></strong></span> <span class='ocrx_word' id='word_1_628' title='bbox 3020 4190 3181 4247; x_wconf 84' lang='lat' dir='ltr'><strong><em>famis</em></strong></span> <span class='ocrx_word' id='word_1_629' title='bbox 3217 4192 3419 4258; x_wconf 80' lang='lat' dir='ltr'><strong><em>evenit,</em></strong></span> 
     </span>
    </p>
   </div>
   <div class='ocr_carea' id='block_1_84' title="bbox 166 4282 1737 4363">
    <p class='ocr_par' dir='ltr' id='par_1_84' title="bbox 166 4282 1737 4363">
     <span class='ocr_line' id='line_1_84' title="bbox 166 4282 1737 4363; baseline -0.009 -15"><span class='ocrx_word' id='word_1_630' title='bbox 166 4297 287 4358; x_wconf 84' lang='grc' dir='ltr'><em>τοῖς</em></span> <span class='ocrx_word' id='word_1_631' title='bbox 317 4294 512 4363; x_wconf 75' lang='grc' dir='ltr'><em>λιμοῖς,</em></span> <span class='ocrx_word' id='word_1_632' title='bbox 544 4291 665 4344; x_wconf 83' lang='grc' dir='ltr'><em>κατ’</em></span> <span class='ocrx_word' id='word_1_633' title='bbox 698 4288 866 4361; x_wconf 81' lang='grc' dir='ltr'><em>ὀργὴν</em></span> <span class='ocrx_word' id='word_1_634' title='bbox 891 4286 1025 4341; x_wconf 88' lang='grc' dir='ltr'><em>Θεοῦ</em></span> <span class='ocrx_word' id='word_1_635' title='bbox 1048 4286 1388 4357; x_wconf 85' lang='grc' dir='ltr'><em>γιγνόμενον,</em></span> <span class='ocrx_word' id='word_1_636' title='bbox 1412 4283 1471 4336; x_wconf 87' lang='grc' dir='ltr'><em>τὺ</em></span> <span class='ocrx_word' id='word_1_637' title='bbox 1496 4282 1590 4335; x_wconf 71' lang='grc' dir='ltr'><strong><em>καὶ</em></strong></span> <span class='ocrx_word' id='word_1_638' title='bbox 1621 4283 1737 4346; x_wconf 82' lang='grc' dir='ltr'><em>τοὺς</em></span> 
     </span>
    </p>
   </div>
   <div class='ocr_carea' id='block_1_85' title="bbox 1836 4282 3420 4363">
    <p class='ocr_par' dir='ltr' id='par_1_85' title="bbox 1847 4282 3420 4355">
     <span class='ocr_line' id='line_1_85' title="bbox 1847 4282 3420 4355; baseline -0.005 -8"><span class='ocrx_word' id='word_1_639' title='bbox 1847 4307 1913 4347; x_wconf 82' lang='lat' dir='ltr'><strong><em>ex</em></strong></span> <span class='ocrx_word' id='word_1_640' title='bbox 1945 4290 2022 4344; x_wconf 90' lang='lat' dir='ltr'><strong><em>ira</em></strong></span> <span class='ocrx_word' id='word_1_641' title='bbox 2052 4289 2145 4345; x_wconf 88' lang='lat' dir='ltr'><strong><em>Dei</em></strong></span> <span class='ocrx_word' id='word_1_642' title='bbox 2175 4288 2507 4351; x_wconf 88' lang='lat' dir='ltr'><strong><em>immissum,</em></strong></span> <span class='ocrx_word' id='word_1_643' title='bbox 2531 4294 2592 4341; x_wconf 90' lang='lat' dir='ltr'><strong><em>ut</em></strong></span> <span class='ocrx_word' id='word_1_644' title='bbox 2625 4285 2833 4343; x_wconf 87' lang='lat' dir='ltr'><strong><em>scilicet</em></strong></span> <span class='ocrx_word' id='word_1_645' title='bbox 2860 4285 2955 4355; x_wconf 88' lang='lat' dir='ltr'><strong><em>qui</em></strong></span> <span class='ocrx_word' id='word_1_646' title='bbox 2986 4282 3279 4339; x_wconf 89' lang='lat' dir='ltr'><strong><em>comedunt</em></strong></span> <span class='ocrx_word' id='word_1_647' title='bbox 3310 4298 3420 4339; x_wconf 88' lang='lat' dir='ltr'><strong><em>non</em></strong></span> 
     </span>
    </p>
   </div>
   <div class='ocr_carea' id='block_1_86' title="bbox 170 4380 1737 4454">
    <p class='ocr_par' dir='ltr' id='par_1_86' title="bbox 170 4380 950 4454">
     <span class='ocr_line' id='line_1_86' title="bbox 170 4380 950 4454; baseline -0.012 -13"><span class='ocrx_word' id='word_1_648' title='bbox 170 4386 453 4447; x_wconf 72' lang='grc' dir='ltr'><em>ἐσθίοντας</em></span> <span class='ocrx_word' id='word_1_649' title='bbox 482 4383 555 4454; x_wconf 82' lang='grc' dir='ltr'><em>μὴ</em></span> <span class='ocrx_word' id='word_1_650' title='bbox 584 4380 950 4453; x_wconf 80' lang='grc' dir='ltr'><em>στηρίζεσθαι.</em></span> 
     </span>
    </p>
   </div>
   <div class='ocr_carea' id='block_1_87' title="bbox 1836 4380 3215 4454">
    <p class='ocr_par' dir='ltr' id='par_1_87' title="bbox 1849 4382 3215 4437">
     <span class='ocr_line' id='line_1_87' title="bbox 1849 4382 3215 4437; baseline -0.004 -2"><span class='ocrx_word' id='word_1_651' title='bbox 1849 4382 2261 4437; x_wconf 85' lang='lat' dir='ltr'><strong><em>conﬁrmentur.</em></strong></span> <span class='ocrx_word' id='word_1_652' title='bbox 3210 4395 3215 4401; x_wconf 85' lang='grc'><strong>·</strong></span> 
     </span>
    </p>
   </div>
   <div class='ocr_carea' id='block_1_88' title="bbox 258 4466 1737 4543">
    <p class='ocr_par' dir='ltr' id='par_1_88' title="bbox 258 4466 1737 4543">
     <span class='ocr_line' id='line_1_88' title="bbox 258 4466 1737 4543; baseline -0.007 -13"><span class='ocrx_word' id='word_1_653' title='bbox 258 4474 631 4530; x_wconf 84' lang='grc' dir='ltr'><em>Ἀπέστειλεν</em></span> <span class='ocrx_word' id='word_1_654' title='bbox 676 4472 1015 4543; x_wconf 76' lang='grc' dir='ltr'><em>ἔμπροσθεν</em></span> <span class='ocrx_word' id='word_1_655' title='bbox 1057 4467 1256 4523; x_wconf 80' lang='grc' dir='ltr'><em>αὐτῶν</em></span> <span class='ocrx_word' id='word_1_656' title='bbox 1297 4466 1628 4535; x_wconf 76' lang='grc' dir='ltr'><em>ἄνθρωπον,</em></span> <span class='ocrx_word' id='word_1_657' title='bbox 1660 4468 1737 4533; x_wconf 77' lang='grc' dir='ltr'><em>εἰς</em></span> 
     </span>
    </p>
   </div>
   <div class='ocr_carea' id='block_1_89' title="bbox 1836 4466 3420 4543">
    <p class='ocr_par' dir='ltr' id='par_1_89' title="bbox 1918 4468 3420 4531">
     <span class='ocr_line' id='line_1_89' title="bbox 1918 4468 3420 4531; baseline -0.007 -3"><span class='ocrx_word' id='word_1_658' title='bbox 1918 4472 2087 4531; x_wconf 71' lang='lat' dir='ltr'><strong><em>Vsus.</em></strong></span> <span class='ocrx_word' id='word_1_659' title='bbox 2136 4470 2324 4526; x_wconf 69' lang='lat'><strong><em>17-22.</em></strong></span> <span class='ocrx_word' id='word_1_660' title='bbox 2355 4470 2505 4527; x_wconf 80' lang='lat' dir='ltr'><strong><em>Misit</em></strong></span> <span class='ocrx_word' id='word_1_661' title='bbox 2532 4479 2653 4523; x_wconf 88' lang='lat' dir='ltr'><strong><em>ante</em></strong></span> <span class='ocrx_word' id='word_1_662' title='bbox 2682 4485 2769 4524; x_wconf 93' lang='lat' dir='ltr'><strong><em>eos</em></strong></span> <span class='ocrx_word' id='word_1_663' title='bbox 2805 4468 3086 4529; x_wconf 82' lang='lat' dir='ltr'><strong><em>hominem,</em></strong></span> <span class='ocrx_word' id='word_1_664' title='bbox 3124 4468 3176 4518; x_wconf 86' lang='lat' dir='ltr'><strong><em>in</em></strong></span> <span class='ocrx_word' id='word_1_665' title='bbox 3217 4481 3420 4519; x_wconf 76' lang='lat' dir='ltr'><strong><em>servum</em></strong></span> 
     </span>
    </p>
   </div>
   <div class='ocr_carea' id='block_1_90' title="bbox 167 4554 1737 4637">
    <p class='ocr_par' dir='ltr' id='par_1_90' title="bbox 167 4558 1737 4637">
     <span class='ocr_line' id='line_1_90' title="bbox 167 4558 1737 4637; baseline -0.008 -13"><span class='ocrx_word' id='word_1_666' title='bbox 167 4569 399 4633; x_wconf 78' lang='grc' dir='ltr'><em>δοῦλον</em></span> <span class='ocrx_word' id='word_1_667' title='bbox 437 4566 661 4637; x_wconf 82' lang='grc' dir='ltr'><em>ἐπράθη</em></span> <span class='ocrx_word' id='word_1_668' title='bbox 700 4563 930 4633; x_wconf 73' lang='grc' dir='ltr'><em>Ἰωσήφ.</em></span> <span class='ocrx_word' id='word_1_669' title='bbox 966 4562 1410 4629; x_wconf 71' lang='grc' dir='ltr'><em>Ἐταπείνωσαν</em></span> <span class='ocrx_word' id='word_1_670' title='bbox 1446 4560 1514 4613; x_wconf 81' lang='grc' dir='ltr'><em>ἐν</em></span> <span class='ocrx_word' id='word_1_671' title='bbox 1541 4558 1737 4626; x_wconf 81' lang='grc' dir='ltr'><em>πέδαις</em></span> 
     </span>
    </p>
   </div>
   <div class='ocr_carea' id='block_1_91' title="bbox 1836 4554 3419 4637">
    <p class='ocr_par' dir='ltr' id='par_1_91' title="bbox 1848 4554 3419 4629">
     <span class='ocr_line' id='line_1_91' title="bbox 1848 4554 3419 4629; baseline -0.006 -13"><span class='ocrx_word' id='word_1_672' title='bbox 1848 4562 2191 4624; x_wconf 76' lang='lat' dir='ltr'><strong><em>venumdatus</em></strong></span> <span class='ocrx_word' id='word_1_673' title='bbox 2210 4571 2289 4615; x_wconf 87' lang='lat' dir='ltr'><strong><em>est</em></strong></span> <span class='ocrx_word' id='word_1_674' title='bbox 2309 4559 2525 4629; x_wconf 81' lang='lat' dir='ltr'><strong><em>Joseph.</em></strong></span> <span class='ocrx_word' id='word_1_675' title='bbox 2559 4558 2984 4613; x_wconf 69' lang='lat' dir='ltr'><strong><em>Humiliat&#39;erunt</em></strong></span> <span class='ocrx_word' id='word_1_676' title='bbox 3008 4557 3062 4609; x_wconf 88' lang='lat' dir='ltr'><strong><em>in</em></strong></span> <span class='ocrx_word' id='word_1_677' title='bbox 3088 4554 3419 4623; x_wconf 79' lang='lat' dir='ltr'><strong><em>compedibus</em></strong></span> 
     </span>
    </p>
   </div>
   <div class='ocr_carea' id='block_1_92' title="bbox 168 4641 1737 4731">
    <p class='ocr_par' dir='ltr' id='par_1_92' title="bbox 168 4657 1737 4731">
     <span class='ocr_line' id='line_1_92' title="bbox 168 4657 1737 4731; baseline -0.006 -11"><span class='ocrx_word' id='word_1_678' title='bbox 168 4664 318 4731; x_wconf 84' lang='grc' dir='ltr'><em>τοὺς</em></span> <span class='ocrx_word' id='word_1_679' title='bbox 351 4664 544 4730; x_wconf 81' lang='grc' dir='ltr'><em>πόδας</em></span> <span class='ocrx_word' id='word_1_680' title='bbox 574 4662 779 4726; x_wconf 84' lang='grc' dir='ltr'><em>αὐτοῦ,</em></span> <span class='ocrx_word' id='word_1_681' title='bbox 815 4661 1068 4730; x_wconf 89' lang='grc' dir='ltr'><em>σίδηρον</em></span> <span class='ocrx_word' id='word_1_682' title='bbox 1098 4660 1346 4729; x_wconf 82' lang='grc' dir='ltr'><em>διῆλθεν</em></span> <span class='ocrx_word' id='word_1_683' title='bbox 1384 4659 1424 4726; x_wconf 80' lang='grc' dir='ltr'>ἡ</span> <span class='ocrx_word' id='word_1_684' title='bbox 1450 4657 1620 4727; x_wconf 68' lang='grc' dir='ltr'><strong><em>ψυχὴ</em></strong></span> <span class='ocrx_word' id='word_1_685' title='bbox 1650 4659 1737 4711; x_wconf 80' lang='grc' dir='ltr'><strong><em>αὐ·</em></strong></span> 
     </span>
    </p>
   </div>
   <div class='ocr_carea' id='block_1_93' title="bbox 1836 4641 3418 4731">
    <p class='ocr_par' dir='ltr' id='par_1_93' title="bbox 1847 4641 3418 4722">
     <span class='ocr_line' id='line_1_93' title="bbox 1847 4641 3418 4722; baseline -0.01 -14"><span class='ocrx_word' id='word_1_686' title='bbox 1847 4652 1999 4722; x_wconf 86' lang='lat' dir='ltr'><strong><em>pedes</em></strong></span> <span class='ocrx_word' id='word_1_687' title='bbox 2008 4651 2141 4721; x_wconf 85' lang='lat' dir='ltr'><strong><em>ejus,</em></strong></span> <span class='ocrx_word' id='word_1_688' title='bbox 2159 4649 2356 4719; x_wconf 67' lang='lat' dir='ltr'><strong><em>[errrem</em></strong></span> <span class='ocrx_word' id='word_1_689' title='bbox 2372 4647 2677 4716; x_wconf 78' lang='lat' dir='ltr'><strong><em>pertransiit</em></strong></span> <span class='ocrx_word' id='word_1_690' title='bbox 2697 4646 2875 4699; x_wconf 88' lang='lat' dir='ltr'><strong><em>anima</em></strong></span> <span class='ocrx_word' id='word_1_691' title='bbox 2891 4643 3026 4713; x_wconf 87' lang='lat' dir='ltr'><strong><em>ejus,</em></strong></span> <span class='ocrx_word' id='word_1_692' title='bbox 3051 4641 3211 4695; x_wconf 88' lang='lat' dir='ltr'><strong><em>donec</em></strong></span> <span class='ocrx_word' id='word_1_693' title='bbox 3226 4642 3418 4694; x_wconf 66' lang='lat' dir='ltr'><strong><em>veniret</em></strong></span> 
     </span>
    </p>
   </div>
   <div class='ocr_carea' id='block_1_94' title="bbox 169 4732 1737 4827">
    <p class='ocr_par' dir='ltr' id='par_1_94' title="bbox 169 4750 1737 4827">
     <span class='ocr_line' id='line_1_94' title="bbox 169 4750 1737 4827; baseline -0.007 -14"><span class='ocrx_word' id='word_1_694' title='bbox 169 4757 304 4822; x_wconf 86' lang='grc' dir='ltr'><em>τοῦ,</em></span> <span class='ocrx_word' id='word_1_695' title='bbox 345 4756 519 4827; x_wconf 82' lang='grc' dir='ltr'><em>μέχρι</em></span> <span class='ocrx_word' id='word_1_696' title='bbox 564 4755 672 4813; x_wconf 82' lang='grc' dir='ltr'><strong><em>τοῦ</em></strong></span> <span class='ocrx_word' id='word_1_697' title='bbox 716 4753 915 4809; x_wconf 84' lang='grc' dir='ltr'><em>ἐλθεῖν</em></span> <span class='ocrx_word' id='word_1_698' title='bbox 952 4755 1059 4808; x_wconf 85' lang='grc' dir='ltr'><em>τὸν</em></span> <span class='ocrx_word' id='word_1_699' title='bbox 1087 4755 1273 4824; x_wconf 80' lang='grc' dir='ltr'><em>λόγον</em></span> <span class='ocrx_word' id='word_1_700' title='bbox 1306 4750 1514 4806; x_wconf 85' lang='grc' dir='ltr'><em>αὑτοῦ.</em></span> <span class='ocrx_word' id='word_1_701' title='bbox 1564 4750 1737 4803; x_wconf 82' lang='grc' dir='ltr'><em>Πάντα</em></span> 
     </span>
    </p>
   </div>
   <div class='ocr_carea' id='block_1_95' title="bbox 1836 4732 3418 4827">
    <p class='ocr_par' dir='ltr' id='par_1_95' title="bbox 1850 4732 3418 4812">
     <span class='ocr_line' id='line_1_95' title="bbox 1850 4732 3418 4812; baseline -0.01 -12"><span class='ocrx_word' id='word_1_702' title='bbox 1850 4744 2061 4803; x_wconf 80' lang='lat' dir='ltr'><strong><em>verbum</em></strong></span> <span class='ocrx_word' id='word_1_703' title='bbox 2076 4742 2210 4812; x_wconf 82' lang='lat' dir='ltr'><strong><em>ejus.</em></strong></span> <span class='ocrx_word' id='word_1_704' title='bbox 2225 4740 2350 4797; x_wconf 65' lang='lat' dir='ltr'><strong><em>Haec</em></strong></span> <span class='ocrx_word' id='word_1_705' title='bbox 2373 4739 2555 4797; x_wconf 88' lang='lat' dir='ltr'><strong><em>omnia</em></strong></span> <span class='ocrx_word' id='word_1_706' title='bbox 2578 4736 2821 4807; x_wconf 87' lang='lat' dir='ltr'><strong><em>pertulit,</em></strong></span> <span class='ocrx_word' id='word_1_707' title='bbox 2857 4735 3028 4790; x_wconf 90' lang='lat' dir='ltr'><strong><em>donec</em></strong></span> <span class='ocrx_word' id='word_1_708' title='bbox 3054 4732 3265 4789; x_wconf 79' lang='lat' dir='ltr'><strong><em>veniret</em></strong></span> <span class='ocrx_word' id='word_1_709' title='bbox 3294 4746 3418 4786; x_wconf 89' lang='lat' dir='ltr'><strong><em>ver-</em></strong></span> 
     </span>
    </p>
   </div>
   <div class='ocr_carea' id='block_1_96' title="bbox 166 4821 1737 4916">
    <p class='ocr_par' dir='ltr' id='par_1_96' title="bbox 166 4821 1737 4916">
     <span class='ocr_line' id='line_1_96' title="bbox 166 4821 1737 4916; baseline -0.006 -16"><span class='ocrx_word' id='word_1_710' title='bbox 166 4821 360 4901; x_wconf 69' lang='grc' dir='ltr'><strong><em>ταῦτα⁷</em></strong></span> <span class='ocrx_word' id='word_1_711' title='bbox 393 4821 653 4916; x_wconf 62' lang='grc' dir='ltr'><em>ὑπέμεινε</em></span> <span class='ocrx_word' id='word_1_712' title='bbox 697 4845 860 4916; x_wconf 78' lang='grc' dir='ltr'><em>μέχρι</em></span> <span class='ocrx_word' id='word_1_713' title='bbox 901 4842 995 4896; x_wconf 89' lang='grc' dir='ltr'><strong><em>τοῦ</em></strong></span> <span class='ocrx_word' id='word_1_714' title='bbox 1041 4821 1213 4899; x_wconf 68' lang='grc' dir='ltr'><em>ἐλθεῖν</em></span> <span class='ocrx_word' id='word_1_715' title='bbox 1248 4841 1340 4894; x_wconf 84' lang='grc' dir='ltr'><em>τὸν</em></span> <span class='ocrx_word' id='word_1_716' title='bbox 1370 4839 1526 4908; x_wconf 86' lang='grc' dir='ltr'><em>λόγον</em></span> <span class='ocrx_word' id='word_1_717' title='bbox 1561 4838 1737 4909; x_wconf 70' lang='grc' dir='ltr'><strong><em>αὑτοῦ1</em></strong></span> 
     </span>
    </p>
   </div>
   <div class='ocr_carea' id='block_1_97' title="bbox 1836 4821 3420 4916">
    <p class='ocr_par' dir='ltr' id='par_1_97' title="bbox 1850 4821 3420 4905">
     <span class='ocr_line' id='line_1_97' title="bbox 1850 4821 3420 4905; baseline -0.012 -12"><span class='ocrx_word' id='word_1_718' title='bbox 1850 4838 1978 4893; x_wconf 87' lang='lat' dir='ltr'><strong><em>bum</em></strong></span> <span class='ocrx_word' id='word_1_719' title='bbox 1996 4834 2138 4905; x_wconf 88' lang='lat' dir='ltr'><strong><em>ejus,</em></strong></span> <span class='ocrx_word' id='word_1_720' title='bbox 2153 4834 2297 4904; x_wconf 89' lang='lat' dir='ltr'><strong><em>quod</em></strong></span> <span class='ocrx_word' id='word_1_721' title='bbox 2316 4847 2440 4887; x_wconf 85' lang='lat' dir='ltr'><strong><em>cum</em></strong></span> <span class='ocrx_word' id='word_1_722' title='bbox 2468 4830 2525 4884; x_wconf 91' lang='lat' dir='ltr'><strong><em>in</em></strong></span> <span class='ocrx_word' id='word_1_723' title='bbox 2551 4827 2857 4884; x_wconf 82' lang='lat' dir='ltr'><strong><em>visionibus</em></strong></span> <span class='ocrx_word' id='word_1_724' title='bbox 2881 4824 3177 4894; x_wconf 72' lang='lat' dir='ltr'><strong><em>accepisset</em></strong></span> <span class='ocrx_word' id='word_1_725' title='bbox 3202 4821 3342 4892; x_wconf 87' lang='lat' dir='ltr'><strong><em>patri</em></strong></span> <span class='ocrx_word' id='word_1_726' title='bbox 3364 4827 3420 4875; x_wconf 89' lang='lat' dir='ltr'><strong><em>et</em></strong></span> 
     </span>
    </p>
   </div>
   <div class='ocr_carea' id='block_1_98' title="bbox 167 4908 1737 5006">
    <p class='ocr_par' dir='ltr' id='par_1_98' title="bbox 167 4908 1737 5006">
     <span class='ocr_line' id='line_1_98' title="bbox 167 4908 1737 5006; baseline -0.006 -15"><span class='ocrx_word' id='word_1_727' title='bbox 167 4938 232 4991; x_wconf 80' lang='grc' dir='ltr'><em>ὃν</em></span> <span class='ocrx_word' id='word_1_728' title='bbox 277 4936 371 4990; x_wconf 78' lang='grc' dir='ltr'><strong><em>ἐπὶ</em></strong></span> <span class='ocrx_word' id='word_1_729' title='bbox 410 4908 521 5001; x_wconf 79' lang='grc' dir='ltr'><em>τοῖς</em></span> <span class='ocrx_word' id='word_1_730' title='bbox 562 4908 827 5006; x_wconf 67' lang='grc' dir='ltr'><em>δράμασιν</em></span> <span class='ocrx_word' id='word_1_731' title='bbox 874 4932 994 4987; x_wconf 83' lang='grc' dir='ltr'><em>ίδὼν</em></span> <span class='ocrx_word' id='word_1_732' title='bbox 1020 4932 1201 4997; x_wconf 82' lang='grc' dir='ltr'><em>ἐξεῖπε</em></span> <span class='ocrx_word' id='word_1_733' title='bbox 1245 4931 1324 5002; x_wconf 84' lang='grc' dir='ltr'><em>τῷ</em></span> <span class='ocrx_word' id='word_1_734' title='bbox 1362 4929 1550 4984; x_wconf 77' lang='grc' dir='ltr'><em>ἑαυτοῦ</em></span> <span class='ocrx_word' id='word_1_735' title='bbox 1581 4930 1737 5002; x_wconf 76' lang='grc' dir='ltr'><em>πατρῖ</em></span> 
     </span>
    </p>
   </div>
   <div class='ocr_carea' id='block_1_99' title="bbox 1836 4908 3419 5006">
    <p class='ocr_par' dir='ltr' id='par_1_99' title="bbox 1852 4908 3419 4983">
     <span class='ocr_line' id='line_1_99' title="bbox 1852 4908 3419 4983; baseline -0.012 -2"><span class='ocrx_word' id='word_1_736' title='bbox 1852 4925 2114 4982; x_wconf 82' lang='lat' dir='ltr'><strong><em>fratribus</em></strong></span> <span class='ocrx_word' id='word_1_737' title='bbox 2130 4925 2247 4980; x_wconf 89' lang='lat' dir='ltr'><strong><em>suis</em></strong></span> <span class='ocrx_word' id='word_1_738' title='bbox 2260 4918 2614 4983; x_wconf 87' lang='lat' dir='ltr'><strong><em>renuntiavit,</em></strong></span> <span class='ocrx_word' id='word_1_739' title='bbox 2626 4917 2815 4973; x_wconf 89' lang='lat' dir='ltr'><strong><em>dicens</em></strong></span> <span class='ocrx_word' id='word_1_740' title='bbox 2829 4914 3032 4972; x_wconf 85' lang='lat' dir='ltr'><strong><em>vidisse</em></strong></span> <span class='ocrx_word' id='word_1_741' title='bbox 3047 4912 3286 4982; x_wconf 86' lang='lat' dir='ltr'><strong><em>seipsum</em></strong></span> <span class='ocrx_word' id='word_1_742' title='bbox 3310 4908 3419 4963; x_wconf 81' lang='lat' dir='ltr'><strong><em>fra-</em></strong></span> 
     </span>
    </p>
   </div>
   <div class='ocr_carea' id='block_1_100' title="bbox 169 4999 1737 5097">
    <p class='ocr_par' dir='ltr' id='par_1_100' title="bbox 169 4999 1737 5097">
     <span class='ocr_line' id='line_1_100' title="bbox 169 4999 1737 5097; baseline -0.005 -15"><span class='ocrx_word' id='word_1_743' title='bbox 169 5028 269 5083; x_wconf 73' lang='grc' dir='ltr'><strong><em>καὶ</em></strong></span> <span class='ocrx_word' id='word_1_744' title='bbox 301 5030 416 5091; x_wconf 79' lang='grc' dir='ltr'><em>τοῖς</em></span> <span class='ocrx_word' id='word_1_745' title='bbox 442 4999 688 5094; x_wconf 41' lang='lat' dir='ltr'><strong><em>aciem-oi;</em></strong></span> <span class='ocrx_word' id='word_1_746' title='bbox 722 5028 916 5096; x_wconf 85' lang='grc' dir='ltr'><em>φήσας,</em></span> <span class='ocrx_word' id='word_1_747' title='bbox 942 5027 1245 5097; x_wconf 72' lang='grc' dir='ltr'><em>ἑωρακέναι</em></span> <span class='ocrx_word' id='word_1_748' title='bbox 1273 4999 1435 5093; x_wconf 71' lang='grc' dir='ltr'><em>αὑτὸν</em></span> <span class='ocrx_word' id='word_1_749' title='bbox 1458 4999 1737 5093; x_wconf 75' lang='grc' dir='ltr'><em>δράγματα</em></span> 
     </span>
    </p>
   </div>
   <div class='ocr_carea' id='block_1_101' title="bbox 1836 4999 3420 5097">
    <p class='ocr_par' dir='ltr' id='par_1_101' title="bbox 1850 4999 3420 5087">
     <span class='ocr_line' id='line_1_101' title="bbox 1850 4999 3420 5087; baseline -0.01 -17"><span class='ocrx_word' id='word_1_750' title='bbox 1850 5026 2071 5087; x_wconf 80' lang='lat' dir='ltr'><strong><em>tresque</em></strong></span> <span class='ocrx_word' id='word_1_751' title='bbox 2089 5029 2219 5070; x_wconf 90' lang='lat' dir='ltr'><strong><em>suos</em></strong></span> <span class='ocrx_word' id='word_1_752' title='bbox 2238 5011 2545 5081; x_wconf 83' lang='lat' dir='ltr'><strong><em>manipulos</em></strong></span> <span class='ocrx_word' id='word_1_753' title='bbox 2559 5009 2895 5080; x_wconf 76' lang='lat' dir='ltr'><strong><em>colligentes,</em></strong></span> <span class='ocrx_word' id='word_1_754' title='bbox 2915 5020 2979 5060; x_wconf 89' lang='lat' dir='ltr'><strong><em>ac</em></strong></span> <span class='ocrx_word' id='word_1_755' title='bbox 2998 5005 3213 5059; x_wconf 80' lang='lat' dir='ltr'><strong><em>illorum</em></strong></span> <span class='ocrx_word' id='word_1_756' title='bbox 3225 4999 3420 5056; x_wconf 89' lang='lat' dir='ltr'><strong><em>deinde</em></strong></span> 
     </span>
    </p>
   </div>
   <div class='ocr_carea' id='block_1_102' title="bbox 170 5093 1737 5188">
    <p class='ocr_par' dir='ltr' id='par_1_102' title="bbox 170 5093 1737 5188">
     <span class='ocr_line' id='line_1_102' title="bbox 170 5093 1737 5188; baseline -0.004 -15"><span class='ocrx_word' id='word_1_757' title='bbox 170 5121 269 5174; x_wconf 68' lang='grc' dir='ltr'><strong><em>καὶ</em></strong></span> <span class='ocrx_word' id='word_1_758' title='bbox 310 5121 437 5183; x_wconf 84' lang='grc' dir='ltr'><em>τοὺς</em></span> <span class='ocrx_word' id='word_1_759' title='bbox 483 5093 744 5187; x_wconf 71' lang='grc' dir='ltr'><em>ἀδελφοὺς</em></span> <span class='ocrx_word' id='word_1_760' title='bbox 778 5093 977 5188; x_wconf 76' lang='grc' dir='ltr'><em>δμοίως</em></span> <span class='ocrx_word' id='word_1_761' title='bbox 1019 5093 1398 5187; x_wconf 74' lang='grc' dir='ltr'><em>άναλέγοντας,</em></span> <span class='ocrx_word' id='word_1_762' title='bbox 1444 5115 1632 5169; x_wconf 77' lang='grc' dir='ltr'><em>ἔπειτα</em></span> <span class='ocrx_word' id='word_1_763' title='bbox 1678 5113 1737 5167; x_wconf 77' lang='grc' dir='ltr'><em>τὰ</em></span> 
     </span>
    </p>
   </div>
   <div class='ocr_carea' id='block_1_103' title="bbox 1836 5093 3419 5188">
    <p class='ocr_par' dir='ltr' id='par_1_103' title="bbox 1853 5093 3419 5177">
     <span class='ocr_line' id='line_1_103' title="bbox 1853 5093 3419 5177; baseline -0.011 -15"><span class='ocrx_word' id='word_1_764' title='bbox 1853 5107 2159 5177; x_wconf 83' lang='lat' dir='ltr'><strong><em>manipulos</em></strong></span> <span class='ocrx_word' id='word_1_765' title='bbox 2170 5120 2330 5161; x_wconf 89' lang='lat' dir='ltr'><strong><em>suum</em></strong></span> <span class='ocrx_word' id='word_1_766' title='bbox 2350 5102 2688 5174; x_wconf 88' lang='lat' dir='ltr'><strong><em>manipulum</em></strong></span> <span class='ocrx_word' id='word_1_767' title='bbox 2713 5098 3002 5164; x_wconf 83' lang='lat' dir='ltr'><strong><em>adorasse;</em></strong></span> <span class='ocrx_word' id='word_1_768' title='bbox 3023 5093 3419 5162; x_wconf 84' lang='lat' dir='ltr'><strong><em>similiterquo-</em></strong></span> 
     </span>
    </p>
   </div>
   <div class='ocr_carea' id='block_1_104' title="bbox 172 5182 1737 5282">
    <p class='ocr_par' dir='ltr' id='par_1_104' title="bbox 172 5182 1737 5282">
     <span class='ocr_line' id='line_1_104' title="bbox 172 5182 1737 5282; baseline -0.004 -17"><span class='ocrx_word' id='word_1_769' title='bbox 172 5211 398 5265; x_wconf 73' lang='grc' dir='ltr'><em>ἐκείνων</em></span> <span class='ocrx_word' id='word_1_770' title='bbox 420 5182 488 5263; x_wconf 82' lang='grc' dir='ltr'><em>τὸ</em></span> <span class='ocrx_word' id='word_1_771' title='bbox 517 5182 708 5264; x_wconf 74' lang='grc' dir='ltr'><em>ἑαυτοῦ</em></span> <span class='ocrx_word' id='word_1_772' title='bbox 746 5182 1243 5282; x_wconf 73' lang='grc' dir='ltr'><em>προσκεκυνηκέναι</em></span> <span class='ocrx_word' id='word_1_773' title='bbox 1272 5207 1518 5279; x_wconf 84' lang='grc' dir='ltr'><em>δράγμα·</em></span> <span class='ocrx_word' id='word_1_774' title='bbox 1546 5204 1737 5276; x_wconf 81' lang='grc' dir='ltr'><em>ὁμοίως</em></span> 
     </span>
    </p>
   </div>
   <div class='ocr_carea' id='block_1_105' title="bbox 1836 5182 3420 5282">
    <p class='ocr_par' dir='ltr' id='par_1_105' title="bbox 1852 5182 3420 5267">
     <span class='ocr_line' id='line_1_105' title="bbox 1852 5182 3420 5267; baseline -0.011 -14"><span class='ocrx_word' id='word_1_775' title='bbox 1852 5213 1958 5267; x_wconf 88' lang='lat' dir='ltr'><strong><em>que</em></strong></span> <span class='ocrx_word' id='word_1_776' title='bbox 1977 5197 2147 5261; x_wconf 82' lang='lat' dir='ltr'><strong><em>solem</em></strong></span> <span class='ocrx_word' id='word_1_777' title='bbox 2167 5202 2222 5251; x_wconf 88' lang='lat' dir='ltr'><strong><em>et</em></strong></span> <span class='ocrx_word' id='word_1_778' title='bbox 2238 5194 2421 5248; x_wconf 88' lang='lat' dir='ltr'><strong><em>lunam</em></strong></span> <span class='ocrx_word' id='word_1_779' title='bbox 2437 5198 2600 5262; x_wconf 87' lang='lat' dir='ltr'><strong><em>atque</em></strong></span> <span class='ocrx_word' id='word_1_780' title='bbox 2616 5188 2865 5245; x_wconf 86' lang='lat' dir='ltr'><strong><em>undecim</em></strong></span> <span class='ocrx_word' id='word_1_781' title='bbox 2888 5187 3076 5243; x_wconf 87' lang='lat' dir='ltr'><strong><em>stellas</em></strong></span> <span class='ocrx_word' id='word_1_782' title='bbox 3096 5185 3272 5256; x_wconf 85' lang='lat' dir='ltr'><strong><em>ipsum</em></strong></span> <span class='ocrx_word' id='word_1_783' title='bbox 3289 5182 3420 5236; x_wconf 83' lang='lat' dir='ltr'><strong><em>ado-</em></strong></span> 
     </span>
    </p>
   </div>
   <div class='ocr_carea' id='block_1_106' title="bbox 171 5273 1737 5374">
    <p class='ocr_par' dir='ltr' id='par_1_106' title="bbox 171 5273 1737 5374">
     <span class='ocr_line' id='line_1_106' title="bbox 171 5273 1737 5374; baseline -0.003 -19"><span class='ocrx_word' id='word_1_784' title='bbox 171 5301 233 5356; x_wconf 77' lang='grc' dir='ltr'><em>δὲ</em></span> <span class='ocrx_word' id='word_1_785' title='bbox 256 5302 348 5357; x_wconf 85' lang='grc' dir='ltr'><em>τὸν</em></span> <span class='ocrx_word' id='word_1_786' title='bbox 370 5302 540 5374; x_wconf 79' lang='grc' dir='ltr'><em>ἥλιον,</em></span> <span class='ocrx_word' id='word_1_787' title='bbox 571 5302 662 5355; x_wconf 77' lang='grc' dir='ltr'><strong><em>καὶ</em></strong></span> <span class='ocrx_word' id='word_1_788' title='bbox 690 5273 802 5372; x_wconf 43' lang='grc' dir='ltr'><em>τὴν,</em></span> <span class='ocrx_word' id='word_1_789' title='bbox 824 5273 1086 5371; x_wconf 55' lang='grc' dir='ltr'><em>σελήνην,</em></span> <span class='ocrx_word' id='word_1_790' title='bbox 1104 5302 1197 5355; x_wconf 76' lang='grc' dir='ltr'><strong><em>καὶ</em></strong></span> <span class='ocrx_word' id='word_1_791' title='bbox 1219 5273 1345 5364; x_wconf 69' lang='grc' dir='ltr'><em>τοῦς</em></span> <span class='ocrx_word' id='word_1_792' title='bbox 1368 5273 1558 5353; x_wconf 63' lang='grc' dir='ltr'><em>ἕνδεκα</em></span> <span class='ocrx_word' id='word_1_793' title='bbox 1583 5273 1737 5361; x_wconf 22' lang='grc' dir='ltr'><strong><em>*ἀστέ-</em></strong></span> 
     </span>
    </p>
   </div>
   <div class='ocr_carea' id='block_1_107' title="bbox 1836 5273 3418 5374">
    <p class='ocr_par' dir='ltr' id='par_1_107' title="bbox 1850 5273 3418 5350">
     <span class='ocr_line' id='line_1_107' title="bbox 1850 5273 3418 5350; baseline -0.013 -3"><span class='ocrx_word' id='word_1_794' title='bbox 1850 5304 2025 5349; x_wconf 82' lang='lat' dir='ltr'><strong><em>rasse.</em></strong></span> <span class='ocrx_word' id='word_1_795' title='bbox 2054 5288 2230 5342; x_wconf 82' lang='lat' dir='ltr'><strong><em>Donec</em></strong></span> <span class='ocrx_word' id='word_1_796' title='bbox 2264 5285 2457 5341; x_wconf 84' lang='lat' dir='ltr'><strong><em>veniret</em></strong></span> <span class='ocrx_word' id='word_1_797' title='bbox 2482 5281 2693 5337; x_wconf 77' lang='lat' dir='ltr'><strong><em>verbum</em></strong></span> <span class='ocrx_word' id='word_1_798' title='bbox 2713 5280 2847 5350; x_wconf 78' lang='lat' dir='ltr'><strong><em>ejus.</em></strong></span> <span class='ocrx_word' id='word_1_799' title='bbox 2878 5278 3165 5349; x_wconf 88' lang='lat' dir='ltr'><strong><em>Eloquium</em></strong></span> <span class='ocrx_word' id='word_1_800' title='bbox 3201 5273 3418 5329; x_wconf 87' lang='lat' dir='ltr'><strong><em>Domini</em></strong></span> 
     </span>
    </p>
   </div>
   <div class='ocr_carea' id='block_1_108' title="bbox 175 5366 1737 5468">
    <p class='ocr_par' dir='ltr' id='par_1_108' title="bbox 175 5366 1737 5468">
     <span class='ocr_line' id='line_1_108' title="bbox 175 5366 1737 5468; baseline -0.002 -21"><span class='ocrx_word' id='word_1_801' title='bbox 175 5411 277 5468; x_wconf 90' lang='grc' dir='ltr'><strong><em>ρας</em></strong></span> <span class='ocrx_word' id='word_1_802' title='bbox 305 5366 628 5465; x_wconf 79' lang='grc' dir='ltr'><em>προσκυνεῖν</em></span> <span class='ocrx_word' id='word_1_803' title='bbox 657 5366 825 5462; x_wconf 77' lang='grc' dir='ltr'><em>αὐτῷ.</em></span> <span class='ocrx_word' id='word_1_804' title='bbox 855 5366 1040 5461; x_wconf 39' lang='lat' dir='ltr'><strong><em>Mean</em></strong></span> <span class='ocrx_word' id='word_1_805' title='bbox 1072 5392 1177 5445; x_wconf 84' lang='grc' dir='ltr'><strong><em>τοῦ</em></strong></span> <span class='ocrx_word' id='word_1_806' title='bbox 1203 5391 1403 5445; x_wconf 81' lang='grc' dir='ltr'><em>ἐλθεῖν</em></span> <span class='ocrx_word' id='word_1_807' title='bbox 1432 5390 1538 5446; x_wconf 85' lang='grc' dir='ltr'><em>τὸν</em></span> <span class='ocrx_word' id='word_1_808' title='bbox 1562 5390 1737 5459; x_wconf 57' lang='grc' dir='ltr'><em>λόγον</em></span> 
     </span>
    </p>
   </div>
   <div class='ocr_carea' id='block_1_109' title="bbox 1836 5366 3418 5468">
    <p class='ocr_par' dir='ltr' id='par_1_109' title="bbox 1852 5366 3418 5455">
     <span class='ocr_line' id='line_1_109' title="bbox 1852 5366 3418 5455; baseline -0.011 -19"><span class='ocrx_word' id='word_1_809' title='bbox 1852 5380 2203 5455; x_wconf 78' lang='lat' dir='ltr'><strong><em>inﬂammavit</em></strong></span> <span class='ocrx_word' id='word_1_810' title='bbox 2233 5392 2373 5432; x_wconf 90' lang='lat' dir='ltr'><strong><em>eum.</em></strong></span> <span class='ocrx_word' id='word_1_811' title='bbox 2422 5374 2584 5437; x_wconf 84' lang='lat' dir='ltr'><strong><em>Illud,</em></strong></span> <span class='ocrx_word' id='word_1_812' title='bbox 2626 5372 2907 5445; x_wconf 75' lang='lat' dir='ltr'><strong><em>Eloquium</em></strong></span> <span class='ocrx_word' id='word_1_813' title='bbox 2947 5369 3159 5435; x_wconf 81' lang='lat' dir='ltr'><strong><em>Domini</em></strong></span> <span class='ocrx_word' id='word_1_814' title='bbox 3199 5366 3418 5437; x_wconf 66' lang='lat' dir='ltr'><strong><em>inﬂamo</em></strong></span> 
     </span>
    </p>
   </div>
   <div class='ocr_carea' id='block_1_110' title="bbox 173 5459 1737 5554">
    <p class='ocr_par' dir='ltr' id='par_1_110' title="bbox 173 5459 1737 5554">
     <span class='ocr_line' id='line_1_110' title="bbox 173 5459 1737 5554; baseline -0.005 -14"><span class='ocrx_word' id='word_1_815' title='bbox 173 5459 383 5540; x_wconf 55' lang='lat' dir='ltr'><strong><em>ams.</em></strong></span> <span class='ocrx_word' id='word_1_816' title='bbox 438 5484 508 5540; x_wconf 87' lang='grc' dir='ltr'><strong><em>Τὸ</em></strong></span> <span class='ocrx_word' id='word_1_817' title='bbox 553 5486 761 5554; x_wconf 77' lang='grc' dir='ltr'><em>λόγιον</em></span> <span class='ocrx_word' id='word_1_818' title='bbox 779 5459 1012 5551; x_wconf 53' lang='lat' dir='ltr'><strong><em>nupti...</em></strong></span> <span class='ocrx_word' id='word_1_819' title='bbox 1042 5483 1353 5551; x_wconf 65' lang='grc' dir='ltr'><em>ἐκύρωσεν</em></span> <span class='ocrx_word' id='word_1_820' title='bbox 1394 5483 1597 5538; x_wconf 85' lang='grc' dir='ltr'><em>αὐτόν.</em></span> <span class='ocrx_word' id='word_1_821' title='bbox 1650 5480 1737 5541; x_wconf 71' lang='lat' dir='ltr'><strong><em>To,</em></strong></span> 
     </span>
    </p>
   </div>
   <div class='ocr_carea' id='block_1_111' title="bbox 1836 5459 3416 5554">
    <p class='ocr_par' dir='ltr' id='par_1_111' title="bbox 1853 5459 3416 5535">
     <span class='ocr_line' id='line_1_111' title="bbox 1853 5459 3416 5535; baseline -0.01 -6"><span class='ocrx_word' id='word_1_822' title='bbox 1853 5475 2015 5529; x_wconf 81' lang='lat' dir='ltr'><strong><em>maoit</em></strong></span> <span class='ocrx_word' id='word_1_823' title='bbox 2061 5489 2202 5535; x_wconf 85' lang='lat' dir='ltr'><strong><em>eum,</em></strong></span> <span class='ocrx_word' id='word_1_824' title='bbox 2233 5469 2413 5524; x_wconf 90' lang='lat' dir='ltr'><strong><em>simile</em></strong></span> <span class='ocrx_word' id='word_1_825' title='bbox 2442 5478 2527 5525; x_wconf 88' lang='lat' dir='ltr'><strong><em>est</em></strong></span> <span class='ocrx_word' id='word_1_826' title='bbox 2562 5468 2693 5523; x_wconf 86' lang='lat' dir='ltr'><strong><em>huic</em></strong></span> <span class='ocrx_word' id='word_1_827' title='bbox 2724 5484 2738 5521; x_wconf 91' lang='lat'><strong>:</strong></span> <span class='ocrx_word' id='word_1_828' title='bbox 2772 5464 2963 5522; x_wconf 86' lang='lat' dir='ltr'><strong><em>Nonne</em></strong></span> <span class='ocrx_word' id='word_1_829' title='bbox 3005 5479 3099 5535; x_wconf 84' lang='lat' dir='ltr'><strong><em>per</em></strong></span> <span class='ocrx_word' id='word_1_830' title='bbox 3126 5462 3291 5517; x_wconf 87' lang='lat' dir='ltr'><strong><em>Deum</em></strong></span> <span class='ocrx_word' id='word_1_831' title='bbox 3322 5459 3416 5514; x_wconf 86' lang='lat' dir='ltr'><strong><em>de-</em></strong></span> 
     </span>
    </p>
   </div>
   <div class='ocr_carea' id='block_1_112' title="bbox 177 5553 1737 5645">
    <p class='ocr_par' dir='ltr' id='par_1_112' title="bbox 177 5553 1737 5645">
     <span class='ocr_line' id='line_1_112' title="bbox 177 5553 1737 5645; baseline -0.004 -15"><span class='ocrx_word' id='word_1_832' title='bbox 177 5577 392 5645; x_wconf 80' lang='grc' dir='ltr'><em>Λόγιον</em></span> <span class='ocrx_word' id='word_1_833' title='bbox 415 5553 643 5643; x_wconf 85' lang='grc' dir='ltr'><em>Κυρίου</em></span> <span class='ocrx_word' id='word_1_834' title='bbox 668 5574 981 5642; x_wconf 81' lang='grc' dir='ltr'><em>ὲπύρωσεν</em></span> <span class='ocrx_word' id='word_1_835' title='bbox 1011 5573 1214 5639; x_wconf 83' lang='grc' dir='ltr'><em>αὑτὸν,</em></span> <span class='ocrx_word' id='word_1_836' title='bbox 1242 5574 1428 5645; x_wconf 83' lang='grc' dir='ltr'><em>ὅμοιον</em></span> <span class='ocrx_word' id='word_1_837' title='bbox 1462 5572 1561 5643; x_wconf 81' lang='grc' dir='ltr'><em>τῷ,</em></span> <span class='ocrx_word' id='word_1_838' title='bbox 1599 5572 1737 5640; x_wconf 71' lang='grc' dir='ltr'><strong><em>Οὐχί</em></strong></span> 
     </span>
    </p>
   </div>
   <div class='ocr_carea' id='block_1_113' title="bbox 1836 5553 3417 5645">
    <p class='ocr_par' dir='ltr' id='par_1_113' title="bbox 1852 5553 3417 5631">
     <span class='ocr_line' id='line_1_113' title="bbox 1852 5553 3417 5631; baseline -0.01 -9"><span class='ocrx_word' id='word_1_839' title='bbox 1852 5567 2077 5631; x_wconf 84' lang='lat' dir='ltr'><strong><em>claratio</em></strong></span> <span class='ocrx_word' id='word_1_840' title='bbox 2120 5562 2335 5620; x_wconf 87' lang='lat' dir='ltr'><strong><em>illorum</em></strong></span> <span class='ocrx_word' id='word_1_841' title='bbox 2363 5569 2443 5617; x_wconf 81' lang='lat' dir='ltr'><strong><em>est</em></strong></span> <span class='ocrx_word' id='word_1_842' title='bbox 2469 5560 2561 5615; x_wconf 72' lang='lat'><strong><em>“‘2</em></strong></span> <span class='ocrx_word' id='word_1_843' title='bbox 2627 5558 2815 5631; x_wconf 85' lang='lat' dir='ltr'><strong><em>Neque</em></strong></span> <span class='ocrx_word' id='word_1_844' title='bbox 2857 5559 3038 5623; x_wconf 90' lang='lat' dir='ltr'><strong><em>enim,</em></strong></span> <span class='ocrx_word' id='word_1_845' title='bbox 3076 5557 3172 5621; x_wconf 89' lang='lat' dir='ltr'><strong><em>ait,</em></strong></span> <span class='ocrx_word' id='word_1_846' title='bbox 3207 5553 3417 5611; x_wconf 85' lang='lat' dir='ltr'><strong><em>somnia</em></strong></span> 
     </span>
    </p>
   </div>
   <div class='ocr_carea' id='block_1_114' title="bbox 250 5717 1737 5819">
    <p class='ocr_par' dir='ltr' id='par_1_114' title="bbox 250 5749 1726 5819">
     <span class='ocr_line' id='line_1_114' title="bbox 250 5749 1726 5819; baseline -0.001 -14"><span class='ocrx_word' id='word_1_847' title='bbox 250 5755 292 5784; x_wconf 77' lang='lat'><strong><em>‘“</em></strong></span> <span class='ocrx_word' id='word_1_848' title='bbox 336 5752 354 5804; x_wconf 92' lang='grc'><strong>1</strong></span> <span class='ocrx_word' id='word_1_849' title='bbox 391 5752 524 5819; x_wconf 79' lang='lat' dir='ltr'><strong><em>Reg.</em></strong></span> <span class='ocrx_word' id='word_1_850' title='bbox 562 5767 631 5811; x_wconf 83' lang='grc' dir='ltr'><strong><em>ιι,</em></strong></span> <span class='ocrx_word' id='word_1_851' title='bbox 668 5754 719 5807; x_wconf 78' lang='grc'><strong>5.</strong></span> <span class='ocrx_word' id='word_1_852' title='bbox 824 5753 865 5785; x_wconf 82' lang='grc'><strong><em>⁶¹</em></strong></span> <span class='ocrx_word' id='word_1_853' title='bbox 903 5750 1064 5819; x_wconf 71' lang='lat' dir='ltr'><strong><em>Prov.</em></strong></span> <span class='ocrx_word' id='word_1_854' title='bbox 1131 5767 1292 5818; x_wconf 71' lang='lat' dir='ltr'><strong><em>xxiv,</em></strong></span> <span class='ocrx_word' id='word_1_855' title='bbox 1348 5751 1431 5805; x_wconf 73' lang='lat' dir='ltr'><strong><em>i6.</em></strong></span> <span class='ocrx_word' id='word_1_856' title='bbox 1514 5766 1531 5775; x_wconf 45' lang='grc' dir='ltr'><em>δ’</em></span> <span class='ocrx_word' id='word_1_857' title='bbox 1594 5749 1726 5803; x_wconf 74' lang='lat' dir='ltr'><strong><em>Gen.</em></strong></span> 
     </span>
    </p>
   </div>
   <div class='ocr_carea' id='block_1_115' title="bbox 1836 5717 3411 5819">
    <p class='ocr_par' dir='ltr' id='par_1_115' title="bbox 1836 5717 3411 5813">
     <span class='ocr_line' id='line_1_115' title="bbox 1836 5717 3411 5813; baseline -0.007 -14"><span class='ocrx_word' id='word_1_858' title='bbox 1836 5761 1900 5812; x_wconf 88' lang='grc' dir='ltr'><strong><em>ιι,</em></strong></span> <span class='ocrx_word' id='word_1_859' title='bbox 1953 5745 2005 5799; x_wconf 80' lang='grc'><strong><em>5.</em></strong></span> <span class='ocrx_word' id='word_1_860' title='bbox 2058 5717 2147 5773; x_wconf 35' lang='grc'><strong><em>’⁸⁸</em></strong></span> <span class='ocrx_word' id='word_1_861' title='bbox 2181 5736 2316 5794; x_wconf 85' lang='lat' dir='ltr'><strong><em>Gen.</em></strong></span> <span class='ocrx_word' id='word_1_862' title='bbox 2379 5751 2528 5813; x_wconf 71' lang='lat' dir='ltr'><strong><em>xxii,</em></strong></span> <span class='ocrx_word' id='word_1_863' title='bbox 2593 5735 2677 5802; x_wconf 76' lang='lat' dir='ltr'><strong><em>i7,</em></strong></span> <span class='ocrx_word' id='word_1_864' title='bbox 2722 5736 2801 5790; x_wconf 78' lang='lat'><strong><em>18.</em></strong></span> <span class='ocrx_word' id='word_1_865' title='bbox 2879 5736 2921 5766; x_wconf 81' lang='grc'><strong><em>⁸⁵</em></strong></span> <span class='ocrx_word' id='word_1_866' title='bbox 2962 5733 3105 5791; x_wconf 85' lang='lat' dir='ltr'><strong><em>Psal.</em></strong></span> <span class='ocrx_word' id='word_1_867' title='bbox 3164 5746 3290 5799; x_wconf 84' lang='lat' dir='ltr'><strong><em>CIII,</em></strong></span> <span class='ocrx_word' id='word_1_868' title='bbox 3326 5730 3411 5788; x_wconf 75' lang='grc'><strong><em>15.</em></strong></span> 
     </span>
    </p>
   </div>
   <div class='ocr_carea' id='block_1_116' title="bbox 190 5822 639 5891">
    <p class='ocr_par' dir='ltr' id='par_1_116' title="bbox 190 5822 639 5891">
     <span class='ocr_line' id='line_1_116' title="bbox 190 5822 639 5891; baseline -0.004 -12"><span class='ocrx_word' id='word_1_869' title='bbox 190 5824 233 5854; x_wconf 76' lang='grc'><strong>⁸⁸</strong></span> <span class='ocrx_word' id='word_1_870' title='bbox 270 5823 403 5879; x_wconf 87' lang='lat' dir='ltr'><strong><em>Gen.</em></strong></span> <span class='ocrx_word' id='word_1_871' title='bbox 445 5837 548 5891; x_wconf 55' lang='lat' dir='ltr'><strong><em>ut.</em></strong></span> <span class='ocrx_word' id='word_1_872' title='bbox 587 5822 639 5883; x_wconf 89' lang='grc'><strong><em>8.</em></strong></span> 
     </span>
    </p>
   </div>
   <div class='ocr_carea' id='block_1_117' title="bbox 824 5745 2005 5823">
    <p class='ocr_par' dir='ltr' id='par_1_117' title="bbox 824 5745 2005 5823">
     <span class='ocr_line' id='line_1_117' title="bbox 824 5745 2005 5823; baseline -0.008 -16"><span class='ocrx_word' id='word_1_873' title='bbox 824 5753 865 5785; x_wconf 82' lang='grc'><strong><em>⁶¹</em></strong></span> <span class='ocrx_word' id='word_1_874' title='bbox 903 5750 1064 5823; x_wconf 68' lang='grc' dir='ltr'><em>Γι-οιν.</em></span> <span class='ocrx_word' id='word_1_875' title='bbox 1131 5767 1292 5823; x_wconf 70' lang='lat' dir='ltr'><strong><em>xxiv,</em></strong></span> <span class='ocrx_word' id='word_1_876' title='bbox 1348 5751 1431 5805; x_wconf 71' lang='lat' dir='ltr'><strong><em>i6.</em></strong></span> <span class='ocrx_word' id='word_1_877' title='bbox 1514 5766 1531 5775; x_wconf 47' lang='grc' dir='ltr'><em>ι·</em></span> <span class='ocrx_word' id='word_1_878' title='bbox 1594 5749 1726 5803; x_wconf 74' lang='lat' dir='ltr'><strong><em>Gen.</em></strong></span> <span class='ocrx_word' id='word_1_879' title='bbox 1794 5761 1900 5812; x_wconf 70' lang='grc' dir='ltr'><em>λιι,</em></span> <span class='ocrx_word' id='word_1_880' title='bbox 1953 5745 2005 5799; x_wconf 80' lang='grc'><strong><em>5.</em></strong></span> 
     </span>
    </p>
   </div>
  </div>
