3868 6282
529 337 669 397 1307

1189 339 1456 398 EUSEBII
1491 340 1972 399 CESARIENSlS
1998 343 2117 401 OPP

2218 344 2362 402 ’ΔΗΒ
2395 343 2484 402 lli.
2513 373 2585 390 -ο
2619 343 3029 402 EXEGETICA.
3589 351 3680 409 1508

526 457 802 515 Pharaoni
865 459 1214 530 explicasset,
1273 464 1379 519 nisi
1429 462 1540 520 Deo
1571 466 1733 520 dante
1775 467 1893 536 ipsa
1945 467 2106 523 intel-

2218 469 2302 522 Βιὰ
2334 467 2442 522 τοῦ
2473 468 2620 522 Θεοῦ
2655 469 2692 535 ἠ
2723 467 3091 536 διασάςρησις
3117 465 3310 520 αὐτῶν
3329 467 3510 530 eam;
3529 470 3618 525 Οὐκ
3639 475 3684 527 ἂν

528 549 773 606 lexisset.
802 549 948 606 Misit
978 569 1090 618 rex,
1121 563 1169 608 et
1187 555 1343 609 solvit
1381 573 1522 621 eum,
1556 558 1795 625 princeps
1824 559 2026 627 populi,
2054 555 2104 613 et

529 642 736 700 dimisit
765 661 904 702 eum.
931 645 1218 700 Constituit
1261 665 1379 703 eum
1427 648 1696 704 dominum
1727 649 1914 705 domus
1970 668 2102 718 sum,

527 744 579 794 et
631 737 918 806 principem
947 741 1115 793 omnis
1169 741 1511 808 possessionis
1553 757 1685 807 ταας,
1762 753 1820 796 ut
1873 743 2106 798 erudiret

529 830 796 899 principes
826 831 962 900 ejus,
1022 833 1157 885 sicut
1203 835 1558 902 semetipsum,
1600 843 1651 888 et
1690 851 1835 889 senes
1879 835 1993 904 ejus
2025 852 2110 890 sa-

531 921 786 990 pientiam
816 922 1044 978 doceret.
1060 924 1196 977 Cum
1220 939 1250 978 a
1281 925 1675 981 tentationibus
1700 941 1800 982 ceu
1826 928 1948 998 igne
1973 929 2108 984 satis

532 1014 795 1082 probatus
826 1013 1018 1069 fuisset
1046 1012 1244 1086 Ioseph
1267 1055 1282 1080 ,
1315 1023 1447 1071 tunc
1474 1015 1584 1072 Deo
1621 1028 1944 1090 suggerente
1968 1018 2110 1074 Pha-

533 1105 714 1167 raoni,
745 1105 839 1174 qui
873 1112 928 1161 et
977 1121 1073 1162 rex
1101 1114 1156 1162 et
1211 1108 1465 1179 princeps
1507 1110 1595 1165 hic
1626 1119 1870 1174 vocatur,
1906 1127 1937 1165 a
1984 1111 2108 1166 vin-

533 1194 677 1250 culis
725 1196 979 1261 solvitur,
1034 1205 1198 1266 atque
1232 1196 1427 1254 domus
1470 1201 1617 1272 regis
1660 1209 1714 1256 et
1745 1203 1926 1257 omnis
1982 1219 2110 1272 pos-

535 1286 806 1342 sessionis
850 1287 970 1358 ejus
1013 1289 1268 1360 princeps
1307 1293 1679 1348 constituitur.
1728 1291 1934 1348 Extulit
1963 1296 2109 1352 enim

532 1390 682 1440 eum,
716 1383 776 1431 ut
808 1379 1117 1448 complures
1158 1379 1416 1444 dixerint,
1450 1388 1510 1435 ut
1566 1381 1776 1438 fructus
1818 1382 1883 1437 ad
1939 1381 2114 1438 abun-

535 1465 778 1522 dantiam
805 1468 1109 1539 colligeret,
1147 1475 1203 1524 et
1233 1470 1302 1525 ad
1339 1477 1555 1541 tempus
1596 1470 1758 1527 famis
1795 1486 1892 1527 eos
1922 1483 2111 1528 custo-

536 1557 698 1613 diret.
735 1556 836 1612 Hic
859 1567 1040 1614 autem
1082 1575 1262 1616 sermo
1295 1561 1471 1625 docet,
1504 1577 1614 1616 non
1659 1569 1768 1615 tam
1802 1563 1873 1617 ob
1896 1563 2111 1634 frugum

537 1647 844 1703 custodiam
895 1647 963 1704 ad
995 1649 1360 1720 principatum
1407 1659 1654 1705 evectum
1703 1651 1894 1716 fuisse,
1946 1669 2110 1724 quam

537 1736 608 1791 ad
640 1737 932 1794 utilitatem
965 1739 1160 1794 anima:
1189 1754 1378 1794 eorum
1413 1740 1507 1810 qui
1539 1755 1636 1810 per
1673 1741 1852 1812 ipsum
1881 1741 2112 1798 docendi

2204 561 2314 632 γὰρ
2363 560 2518 613 ἔλυσε
2561 561 2688 623 τοὺς
2731 561 2973 633 ὀνείρους
3016 559 3095 630 τῷ
3122 557 3336 630 Φαραὼ,
3379 560 3445 629 μὴ
3484 557 3559 614 τοι]
3590 563 3683 618 Θεοῦ

2205 653 2576 724 παρασχόντος
2629 651 2689 706 τὸ
2747 652 3006 706 δύνασθαι
3060 651 3294 706 συνιέναι
3343 649 3530 713 αὐτούς.
3573 654 3684 710 Ἂπέ.

2205 747 2410 798 στειλε
2448 743 2746 809 ,ϐασιλεὺς
2779 743 2875 796 καὶ
2903 744 3130 797 ἔλυσεν
3159 741 3362 804 αὑτὸν,
3387 741 3558 810 ἅρχων
3581 746 3685 801 ,ιαυῖν

2207 835 2304 889 καὶ
2329 835 2564 904 ἀφῆκεν
2583 836 2789 890 αὐτόν.
2819 833 3202 903 Κατέστησεν
3228 832 3411 888 αὐτὸν
3432 834 3603 900 κύριον
3616 838 3684 891 τοῦ

2207 927 2379 981 οἵκου
2427 925 2636 990 αὐτοῦ,
2677 924 2781 995 χαι
2815 925 3079 994 ἄρχοντα
3120 923 3324 990 πάσης
3357 921 3459 990 τῆς
3493 923 3688 991 κτήσεως

2207 1018 2416 1082 αὐτοῦ,
2459 1017 2568 1072 τοῦ
2614 1019 2934 1073 παιδεῦσαι
2979 1016 3120 1082 τοὺς
3150 1017 3442 1084 ἄρχοντας
3467 1015 3689 1084 αὑτοῦ,ὼς

2207 1111 2444 1176 ἑαυτὸν,
2483 1110 2580 1164 καί
2617 1112 2758 1176 τοὺς
2802 1108 3240 1177 πρεσϐυτέρους
3280 1106 3458 1160 αὐτοῦ
3491 1109 3689 1174 σοφίσαι.

2210 1203 2338 1257 ’Ότε
2372 1202 2659 1273 αὐτάρκως
2692 1199 2948 1272 ὲπυρώθη
2982 1197 3087 1253 ὑπὸ
3115 1197 3221 1254 τῶν
3253 1195 3552 1267 πειρασμῶν
3572 1199 3596 1251 6
3619 1199 3692 1252 Ἰω-

2210 1293 2340 1365 σὴφ,
2361 1293 2482 1346 τότε
2505 1292 2640 1346 Θεοῦ
2669 1291 3029 1355 ὑποϐαλόντος
3059 1289 3137 1362 τῷ
3169 1289 3389 1362 ⁴Ιιαραὼ,
3415 1289 3469 1342 ὃν
3491 1289 3570 1342 καὶ
3591 1289 3694 1359 βασι-

2208 1383 2308 1438 λέα
2345 1383 2439 1438 καὶ
2471 1383 2710 1455 ἄρχοντα
2743 1383 2839 1438 νῦν
2866 1385 2895 1436 6
2933 1381 3091 1450 λόγος
3117 1380 3291 1446 καλεῖ,
3331 1379 3505 1434 λύεται
3544 1379 3694 1434 τῶνδε-

2212 1474 2386 1545 σμῶν,
2426 1474 2523 1528 καὶ
2552 1474 2736 1544 ἄρχων
2764 1471 2858 1528 τοῦ
2907 1474 3057 1527 οῐκου
3088 1471 3180 1526 τοῦ
3233 1470 3490 1542 βασιλέως
3528 1472 3603 1525 καὶ
3628 1473 3696 1524 πάι

2213 1581 2314 1636 σης
2347 1565 2445 1635 τῆς
2476 1565 2721 1634 κτήσεως
2753 1562 2918 1616 αὑτοῦ
2967 1562 3311 1617 καθίσταται.
3349 1559 3603 1630 Ἐξήνεγκε
3629 1559 3699 1629 γὰρ

2211 1656 2392 1720 αὐτὸν,
2426 1656 2503 1721 ὡς
2535 1657 2633 1727 μὲν
2665 1657 2806 1710 εῐποι
2855 1656 2924 1711 ἂν
2973 1657 3009 1711 ὁ,
3049 1655 3217 1718 πολὺς
3258 1653 3546 1724 ἄνθρωπος,
3576 1650 3640 1703 διὰ
3663 1651 3702 1702 vi

2215 1750 2539 1816 συναγαγεῖν
2565 1747 2636 1801 τὰ
2664 1748 2976 1818 γεννήματα
2999 1746 3100 1817 τῆς
3131 1744 3406 1815 εὐθηνίας,
3430 1744 3514 1796 καὶ
3539 1741 3702 1812 φυλάξαι

535 1835 592 1882 et
623 1827 947 1886 instituendi
968 1842 1144 1887 erant.
1185 1829 1354 1884 Erant
1375 1837 1555 1886 autem
1592 1830 1645 1886 hi
1676 1833 1948 1902 principes
1969 1832 2110 1888 Pha-

2218 1837 2354 1892 αὐτὰ
2383 1841 2462 1902 είς
2492 1838 2684 1910 καιρὸν
2707 1837 2802 1892 τοῦ
2835 1837 3016 1910 λιμοῦ.
3056 1838 3114 1892 '0
3143 1837 3202 1890 δὲ
3241 1834 3431 1907 παρὼν
3458 1835 3590 1903 λόγος
3613 1833 3704 1886 ilici-

537 1921 728 1975 raonis
780 1930 835 1977 et
887 1922 1153 1980 seniores.
1210 1921 1420 1990 Quibus
1473 1923 1658 1978 utilem
1710 1924 2108 1980 institutionem

2218 1948 2336 1984 σκει
2369 1933 2430 1985 οὐ
2450 1930 2701 1986 τοσοῦτον
2721 1931 2821 2001 τῆς
2849 1930 2958 1986 τῶν
2990 1928 3216 1999 καρπῶν
3246 1924 3487 1996 φυλακῆς
3506 1923 3635 1976 ἕνεκα
3653 1923 3703 1983 εἰς

536 2010 770 2080 adeptis,
834 2014 1134 2069 verisimile
1179 2021 1300 2068 erat
1360 2029 1550 2070 omnes
1599 2031 1817 2084 quoque
1863 2017 2112 2074 subditos

535 2101 814 2170 profectus
845 2104 1160 2172 hujusmodi
1182 2114 1470 2162 consortes
1506 2107 1718 2162 futuros
1741 2122 1884 2163 esse.

2214 2022 2313 2093 τὴν
2351 2021 2524 2096 ἀρχὴν
2570 2021 2860 2094 προῆχθαι,
2907 2022 3030 2074 ὅσον
3074 2019 3174 2089 τῆς
3225 2016 3372 2078 κατὰ
3414 2015 3568 2085 ψυχὴν
3610 2013 3706 2079 ὠφε·

2215 2113 2364 2177 λείας
2391 2112 2498 2167 τῶν
2529 2113 2828 2184 μελλόντων
2859 2111 2952 2165 ὑπ’
2987 2109 3152 2164 αὑτοῦ
3188 2107 3497 2178 σοφίζεσθαι
3524 2106 3600 2156 καὶ
3625 2119 3704 2154 πει-

535 2192 804 2248 δεύεσθαι.
839 2191 1016 2248 Ἦσαν
1048 2197 1105 2250 δὲ
1133 2190 1278 2252 οὗτοι
1321 2199 1578 2272 ἄρχοντες
1612 2198 1811 2270 Φαραὼ
1848 2201 1944 2254 καὶ
1977 2201 2368 2277 πρεσϐύτεροι*
2403 2199 2481 2262 ὧν
2518 2205 2930 2277 ὠφελουμένων,
2963 2202 3113 2266 εἰκός
3134 2198 3208 2273 ἦν
3242 2200 3481 2262 καὶτοὺς
3509 2196 3705 2264 bar,wa

540 2289 788 2354 ἅπαντας
833 2292 931 2363 τῆς
969 2294 1101 2364 παρ’
1149 2293 1332 2348 αὐτῶν
1379 2299 1669 2366 μετασχεῖν
1713 2295 2070 2367 βελτιώσεως.

609 2409 776 2467 Vens.
817 2410 910 2472 25,
954 2410 1045 2464 26.
1088 2410 1153 2464 Et
1191 2413 1408 2466 intravit
1441 2412 1614 2467 Israel
1636 2414 1689 2466 in
1724 2412 2033 2485 .Eggptum,
2058 2424 2109 2469 et

535 2504 702 2559 Jacob
737 2502 918 2556 accola
943 2502 1045 2570 fuit
1084 2504 1136 2557 in
1179 2514 1318 2556 terra
1363 2501 1551 2557 Chum.
1583 2503 1652 2556 Et
1685 2507 1833 2557 auxit
1859 2506 2112 2574 populum

537 2612 691 2652 suum
727 2593 1067 2658 vehementer,
1119 2603 1170 2648 et
1226 2594 1457 2664 ﬁrmavit
1513 2610 1632 2648 eum
1677 2611 1832 2662 super
1871 2596 2113 2650 inimicos

537 2687 672 2757 ejus.
707 2685 840 2752 Quis
885 2685 1129 2748 intravit,
1156 2684 1263 2740 nisi
1292 2683 1501 2739 Israel?
1551 2683 1616 2737 Et
1645 2685 1768 2754 quis
1793 2687 1978 2740 accola
2014 2686 2117 2741 fuit

538 2782 593 2838 in
625 2789 768 2836 terra
793 2779 983 2844 Cliam,
1029 2779 1134 2833 nisi
1169 2776 1380 2833 Jacobi
1457 2777 1553 2834 His
1607 2785 1788 2832 autem
1834 2793 1959 2833 cum
2000 2779 2118 2849 ipse

540 2878 696 2941 pater
744 2877 858 2923 tum
903 2869 994 2922 lilii
1038 2868 1160 2938 ejus
1213 2867 1583 2924 declarantur.
1619 2868 1757 2924 Cum
1803 2869 1948 2924 enim
2006 2885 2118 2926 non

541 2963 693 3017 solus
719 2959 889 3015 Jacob
919 2961 1240 3024 intraverit,
1294 2960 1388 3015 sed
1419 2961 1582 3016 etiam
1617 2962 1961 3032 septuaginta
1999 2962 2119 3016 ani-

541 3066 644 3106 ma:
668 3066 792 3106 cum
822 3065 908 3114 eo,
951 3049 1250 3105 secundum
1301 3049 1458 3113 illud,
1516 3050 1581 3104 In
1629 3053 1962 3122 septuaginta
2001 3051 2119 3105 ani-

543 3142 730 3198 mabus
779 3142 1047 3197 descendit
1093 3141 1268 3196 Israel
1312 3143 1368 3196 in
1408 3140 1698 3212 {Egyptum
1716 3143 1782 3209 ⁸⁷;
1825 3142 2030 3198 idcirco
2063 3152 2118 3198 et

2283 2415 2395 2470 Kal
2437 2413 2723 2482 εἰσῆλθεν
2763 2410 3002 2481 Ἰσραὴλ
3045 2413 3132 2478 είς
3177 2410 3497 2480 Αιγυπτον,
3539 2409 3616 2462 καί
3642 2408 3704 2462 ‘la-

2213 2505 2338 2562 κὼϐ
2361 2507 2718 2574 παρῴκησεν
2741 2503 2811 2557 ἐν
2830 2501 2908 2573 τῇ
2935 2501 3082 2575 Χάμ.
3109 2501 3217 2556 Καὶ
3244 2501 3475 2570 ηὔξησε
3499 2499 3587 2554 τὸν
3604 2501 3704 2554 .lalr

2214 2596 2400 2652 αὐτοῦ
2434 2595 2687 2665 σφόδρα,
2715 2593 2812 2648 καί
2833 2593 3235 2661 ἐκραταίωσεν
3258 2591 3443 2648 αὑτὸν
3470 2590 3595 2658 ὑπὲρ
3615 2591 3705 2655 τοὺς

2215 2687 2468 2758 ἐχθροὺς
2509 2685 2717 2739 αὐτοῦ.
2762 2685 2858 2748 Τίς
2907 2683 2961 2738 δὲ
3005 2682 3274 2756 εἰσῆλθεν,
3321 2680 3494 2753 ἀλλ’ἢ
3529 2680 3702 2752 Ἰσραήὶ,

2220 2779 2331 2834 Καὶ
2374 2779 2457 2839 τίς
2485 2775 2813 2848 παρῴκησεν
2853 2776 2910 2829 ὲν
2936 2777 3009 2846 γῇ
3040 2774 3192 2845 Χὰμ,
3211 2773 3333 2830 ἀλλ’
3359 2772 3392 2846 ἢ
3429 2771 3619 2837 Ἰακώϐς
3641 2776 3706 2840 Δη.

2217 2869 2401 2924 λοῦται
2433 2867 2489 2921 δὲ
2531 2867 2618 2921 διὰ
2655 2867 2859 2920 τούτων
2896 2866 3056 2930 αὐτός
3086 2883 3146 2919 τε
3176 2867 3205 2920 ό
3253 2865 3436 2935 πατὴρ
3467 2865 3546 2917 καὶ
3571 2865 3608 2916 οἱ
3629 2863 3705 2915 τοὺ-

2217 2979 2310 3016 του
2344 2961 2576 3024 παῖδες.
2623 2960 2775 3013 Ἐπεὶ
2811 2959 2920 3030 γὰρ
2968 2959 3031 3012 οὐ
3095 2959 3257 3030 μόνος
3307 2956 3514 3027 εἰσῆλθε
3559 2954 3704 3016 'laubb,

2219 3053 2355 3108 ἀλλὰ
2387 3053 2484 3106 καὶ
2528 3051 2899 3122 ἑϐδομήκοντα
2939 3050 3108 3122 ψυχαὶ
3150 3051 3251 3104 σὺν
3304 3049 3467 3120 αὐτῷ,
3506 3048 3618 3101 κατὰ
3649 3046 3703 3099 τό·

2232 3147 2334 3201 Ἔν
2360 3144 2766 3214 ἑϐδομήκοντα
2794 3143 3019 3211 ψυχαῖς
3049 3142 3267 3209 κατέϐη
3313 3139 3534 3209 Ἰσραὴλ
3563 3141 3628 3203 είς
3645 3139 3706 3192 ΑΖ·

544 3236 641 3292 tilii
676 3244 730 3291 et
755 3244 912 3306 pater-
936 3235 1214 3305 przedictis
1237 3235 1420 3289 verbis
1455 3235 1856 3306 signiﬁcantur.
1876 3234 1946 3289 Et
1969 3235 2115 3290 auxit

2218 3251 2448 3309 γυπτον
2463 3255 2475 3270 ο
2507 3236 2596 3290 διὰ
2621 3235 2778 3289 τοῦτο
2800 3235 2893 3289 καὶ
2915 3236 2963 3288 οἱ
2999 3233 3185 3297 παῖδες
3213 3235 3314 3288 καὶ
3343 3235 3372 3286 ό
3397 3234 3560 3305 πατὴρ
3577 3229 3706 3300 ἐδηλώ-

541 3328 794 3398 populum
841 3343 997 3380 suum
1031 3325 1373 3391 vehementer,
1419 3337 1468 3381 et
1503 3328 1736 3397 ﬁrmavit
1786 3343 1904 3382 eum
1963 3343 2120 3396 super

543 3418 786 3474 inimicos
814 3417 952 3486 ejus.
1003 3416 1116 3472 Nec
1156 3417 1304 3475 aucti
1334 3433 1432 3473 nec
1468 3418 1667 3472 ﬁrmati
1719 3418 1973 3484 fuissent,
2011 3419 2118 3474 nisi

543 3508 842 3579 Josephum
871 3516 1162 3580 patronum
1192 3509 1340 3564 nacti
1380 3516 1586 3576 essent,
1624 3517 1679 3564 et
1723 3509 1792 3564 ab
1845 3507 2121 3581 Egyptiis

547 3603 812 3670 honorem
845 3600 1209 3672 accepissent,
1247 3601 1342 3672 qui
1375 3599 1598 3673 Josepbi
1653 3601 1828 3673 gratia
1859 3601 1996 3672 ipsis
2022 3603 2118 3659 do-

547 3693 846 3754 ferebatur.

617 3871 782 3930 Vnns.
821 3871 1007 3928 25-56.
1039 3871 1309 3929 Convertit
1353 3889 1445 3928 cor
1481 3889 1664 3929 eorum
1703 3882 1761 3928 ut
1792 3873 2000 3932 adirent
2027 3892 2122 3945 po-

546 3963 732 4034 pulum
764 3980 944 4027 suum,
978 3974 1028 4019 et
1057 3964 1240 4019 dolum
1287 3965 1516 4035 facerent
1548 3967 1604 4021 in
1636 3982 1811 4021 servos
1840 3983 1986 4021 suos.
2024 3967 2124 4021 Mi-

548 4059 620 4112 sit
654 4055 888 4126 Moysem
920 4074 1124 4112 servum
1162 4075 1339 4124 suum,
1383 4059 1567 4114 Aaron
1595 4075 1747 4130 quem
1795 4059 1949 4130 elegit
1997 4059 2121 4116 sibi.

550 4145 742 4206 Posuit
765 4149 818 4202 in
837 4150 912 4203 eis
944 4147 1098 4203 verba
1119 4151 1389 4220 signorum
1416 4168 1654 4218 suorum,
1690 4161 1740 4206 et
1763 4151 2125 4223 prodigiorum

547 4254 772 4293 suorum
807 4239 862 4292 in
886 4249 1029 4292 terra
1055 4237 1241 4295 Cham.
1275 4239 1426 4297 Misit
1461 4240 1699 4295 tenebras
1726 4249 1777 4295 et
1803 4239 2123 4310 obscuravit,

549 4331 677 4399 quia
707 4327 1150 4382 exacerbaverunt
1197 4346 1459 4385 sermones
1484 4331 1620 4394 eius.
1659 4330 1925 4386 Convertit
1958 4348 2124 4400 aquas

550 4441 734 4479 eorum
764 4426 822 4479 in
853 4426 1159 4496 sanguinem
1181 4434 1229 4480 et
1273 4425 1461 4480 occidit
1492 4429 1657 4491 pisces
1681 4444 1864 4482 eorum
1944 4426 2126 4482 Edidit

553 4529 698 4572 terra
745 4532 928 4570 eorum
978 4533 1138 4572 ranas
1185 4517 1242 4571 in
1273 4518 1626 4585 penetralibus
1658 4535 1838 4590 regum
1867 4519 2122 4588 ipsorum.

553 4607 708 4669 Dixit
737 4619 788 4660 et
815 4609 952 4662 venit
983 4625 1252 4678 coenomya
1280 4619 1329 4664 et
1365 4610 1594 4678 ciniphes
1647 4611 1702 4664 in
1729 4611 1969 4664 omnibus
2000 4611 2125 4680 ﬁni-

553 4697 650 4753 bus
683 4715 886 4753 eorum.
943 4697 1130 4753 Posuit
1158 4700 1360 4768 pluvias
1389 4717 1568 4757 eorum
1599 4701 1930 4771 grandinem,
1955 4703 2125 4772 ignem

530 4791 948 4846 'comburentem
973 4792 1028 4844 in
1057 4800 1200 4845 terra
1262 4793 1520 4861 ipsorum.
1570 4792 1633 4845 Et
1661 4794 1919 4861 percussit
1948 4794 2126 4848 vineas

551 4898 735 4936 eorum
759 4891 808 4936 et
847 4883 1102 4952 ﬁculneas
1145 4899 1345 4948 eorum,
1367 4893 1418 4938 et
1459 4885 1707 4940 contrivit
1739 4902 1890 4940 omne
1928 4885 2128 4953 lignum

556 4974 741 5043 [inium
777 4990 979 5029 eorum.
1016 4974 1190 5042 Dixit,
1221 4985 1274 5030 et
1322 4977 1458 5032 venit
1515 4977 1722 5032 locusta
1774 4988 1824 5033 et
1880 4979 2127 5044 bruchus,

527 5065 710 5135 cujus
767 5083 872 5121 non
922 5075 1036 5120 erat
1069 5084 1338 5132 numerus,
1395 5078 1445 5122 et
1479 5070 1702 5124 comedit
1745 5085 1895 5125 omne
1947 5071 2126 5140 fenum

554 5158 614 5213 in
649 5167 792 5212 terra
851 5175 1063 5224 eorum,
1125 5169 1176 5215 et
1207 5161 1430 5216 comedit
1469 5179 1673 5217 omnem
1711 5163 1939 5232 fructum
1971 5175 2128 5219 terra:

554 5268 757 5306 eorum.
799 5250 868 5304 Et
913 5253 1170 5320 percussit
1213 5269 1363 5308 omne
1426 5254 1830 5325 primogenitum
1880 5256 1937 5309 in
1986 5264 2128 5310 terra

554 5360 761 5407 eorum,
790 5343 1054 5412 primitias
1084 5344 1255 5400 omnis
1298 5343 1498 5400 laboris
1530 5362 1732 5403 eorum.
1764 5345 2130 5414 Quemadmo-

557 5433 688 5487 dum
712 5433 888 5503 primo
919 5431 1215 5504 Josephum
1242 5434 1493 5503 permisit
1522 5435 1580 5490 in
1627 5436 1948 5491 servitutem
1983 5435 2128 5491 redi-

559 5521 634 5592 gi,
687 5536 752 5576 ac
778 5523 1130 5592 compedibus
1153 5522 1407 5594 ferroque
1431 5525 1738 5594 humiliari;
1783 5525 1980 5582 deinde
2001 5541 2129 5582 vero

559 5620 687 5682 post
739 5613 924 5669 datum
975 5613 1193 5671 virtutis
1255 5615 1711 5687 experimentum,
1785 5617 1855 5675 ad
1905 5633 2132 5691 regnum

631 5767 678 5799 "
717 5764 847 5822 Gen.
885 5783 1008 5835 xcv,
1044 5769 1152 5838 27;
1192 5770 1309 5826 Act.
1344 5786 1450 5848 vn,
1489 5771 1574 5828 li.

2154 4562 2202 4624 Ι)

2222 3326 2391 3396 θησαν
2421 3325 2509 3379 διὰ
2541 3325 2647 3380 τῶν
2683 3323 3073 3398 προκειμένων.
3098 3323 3211 3378 Kal
3250 3324 3482 3392 ηὔξησε
3500 3321 3706 3376 τὸνλοὸγ

2219 3417 2404 3472 αὑτοῦ
2425 3415 2680 3486 σφόδρα,
2706 3415 2801 3469 καί
2835 3414 3239 3482 ἐκραταίωσεν
3264 3412 3452 3469 αὐτὸν
3469 3411 3596 3480 ὑπὲρ
3614 3410 3705 3474 τοὺς

2218 3509 2471 3578 ἐχθροὺς
2511 3507 2718 3562 αὑτοῦ.
2755 3506 2871 3560 Οὐκ
2895 3505 2962 3560 ἂν
2991 3505 3311 3576 ηὐξήθησαν
3343 3505 3460 3559 οὐδὲ
3483 3502 3704 3576 inparia-3-

2221 3599 2416 3671 θησαν,
2463 3602 2514 3654 εί
2565 3601 2639 3672 μὴ
2696 3597 2886 3671 ἔτυχον
2933 3597 3237 3671 προστάτου
3295 3598 3504 3669 Ἰωσὴφ,
3550 3595 3622 3649 καὶ
3644 3591 3704 3661 τῆς

2221 3691 2375 3763 παρὰ
2412 3693 2524 3756 τοῖς
2565 3687 2880 3759 Αἰγυπτίοις
2906 3688 3074 3760 τιμῆς
3108 3687 3201 3745 διὰ
3235 3688 3334 3742 τοῦ
3373 3687 3548 3758 Ἰωσὴφ
3584 3685 3705 3743 αὐτοῖς

2222 3781 2674 3854 παρασχεθείσης.

2291 3873 2671 3943 Μετέστρεψε
2710 3873 2825 3943 τὴν
2869 3871 3119 3941 καρδίαν
3152 3867 3356 3925 αὐτῶν
3393 3868 3491 3924 τοῦ
3522 3863 3703 3936 μισῆσαι

2221 3967 2331 4023 τὸν
2365 3969 2520 4022 λαὸν
2547 3964 2754 4030 αὑτοῦ,
2777 3963 2886 4019 τοῦ
2922 3962 3276 4018 δολιοῦσθαι
3299 3963 3370 4016 ὲν
3404 3960 3515 4024 τοῖς
3538 3957 3704 4018 δούλοις

2222 4059 2430 4114 αὑτοῦ.
2473 4056 2886 4124 Ἐξαπέστειλε
2915 4053 3186 4123 Μωυσῆν
3208 4053 3323 4109 τόν
3341 4053 3546 4108 δοῦλον
3563 4044 3701 4104 αὐτοῦς

2237 4149 2451 4222 Ἀαρὼν
2492 4149 2566 4206 ὃν
2607 4149 2926 4216 ἐξελέξατο
2974 4146 3186 4213 ἐαυτῷ.
3228 4148 3436 4230 Ἐξετο
3467 4144 3529 4197 ἐν
3566 4134 3702 4230 αὐτοῖς

2225 4243 2368 4310 τοὺς
2402 4242 2624 4312 λόγους
2660 4240 2781 4296 τῶν
2817 4241 3082 4311 σημείων
3107 4237 3318 4304 αὐτοῦ,
3334 4227 3441 4291 ⁷καί
3469 4233 3569 4289 τῶν
3593 4227 3701 4298 τερά-

2225 4351 2346 4389 των
2386 4333 2573 4388 αὐτοῦ
2599 4333 2668 4387 ἐν
2702 4332 2779 4404 τῇ
2806 4332 2955 4401 Χάμ.
2997 4330 3419 4397 Ἐξαπέστειλε
3441 4327 3619 4388 σκότος
3640 4318 3701 4372 καὶ

2225 4425 2545 4488 ἑσκότασε,
2584 4423 2673 4482 ὅτι
2704 4423 3153 4491 παρεπίκραναν
3173 4421 3318 4487 τοὺς
3341 4420 3540 4488 λόγους
3561 4406 3698 4466 αὑτοῦ.

2227 4516 2604 4584 Μετέστρεψε
2643 4515 2717 4570 τὰ
2748 4514 2938 4570 ὕδατα
2967 4512 3166 4566 αὐτῶν
3197 4515 3288 4578 είς
3333 4507 3485 4580 αἷμα,
3509 4505 3587 4561 καὶ
3610 4497 3698 4556 ἀπέ-

2228 4624 2422 4668 κτεινε
2464 4605 2608 4673 τοὺς
2646 4608 2855 4675 ἰχθύας
2897 4604 3114 4662 αὐτῶν.
3152 4604 3455 4673 Ἐξεῖρψεν
3489 4602 3523 4667 ἠ
3553 4594 3611 4664 τῇ
3635 4591 3698 4644 σύ·

2227 4697 2346 4754 τῶν
2377 4696 2722 4767 βατράχους
2754 4697 2824 4751 ἐν
2869 4697 2994 4764 τοῖς
3037 4697 3296 4768 ταμείοις
3337 4693 3450 4749 τῶν
3478 4683 3698 4756 ,ϐασιλέοιν

2227 4792 2448 4846 αὐτῶν.
2485 4786 2655 4856 Eine,
2683 4789 2783 4847 καὶ
2820 4785 2969 4860 ἦλθε
2999 4789 3296 4857 κυνόμυια
3320 4785 3415 4840 καὶ
3442 4779 3640 4840 σκνῖπες
3656 4772 3696 4823 έτ

2229 4883 2381 4940 πᾶσι
2416 4882 2542 4950 τοῖς
2569 4883 2754 4952 ὁρίοις
2799 4879 3020 4938 αὐτῶν.
3055 4883 3261 4939 Ἔθετο
3297 4879 3403 4945 τὰς
3431 4871 3615 4944 βροχάς
3633 4865 3694 4963 fl“

2230 4975 2348 5030 τῶν
2385 4972 2672 5045 χάλαζαν,
2703 4974 2823 5041 πῦρ
2854 4971 3232 5042 καταφλέγον
3257 4972 3330 5026 ἐν
3365 4967 3435 5037 τῇ
3463 4963 3529 5036 τῇ
3549 4963 3691 5050 obruto

2229 5068 2338 5132 Kal
2371 5067 2630 5132 ἐπάταξε
2657 5065 2764 5133 τὰς
2791 5064 3100 5135 ἀμπέλους
3122 5062 3320 5118 αὐτῶν
3348 5060 3440 5114 καί
3464 5056 3552 5120 τὰς

2230 5159 2447 5226 αὐτῶν,
2493 5159 2592 5214 καὶ
2629 5157 2954 5226 συνέτριψε
2991 5154 3115 5212 πᾶν
3155 5155 3345 5220 ξύλον
3374 5151 3527 5221 ὁρίων

2231 5249 2400 5316 Eius,
2434 5222 2542 5305 real
2587 5246 2776 5321 ἦλθεν
2810 5222 2987 5317 dupli;
3026 5246 3129 5304 καὶ
3165 5245 3440 5316 βροῦχος,
3462 5235 3522 5295 οὗ
3546 5236 3625 5332 οὑξ
3646 5222 3691 5325 ἧς

2231 5341 2498 5414 ἀριθμὸς,
2531 5340 2632 5398 καὶ
2670 5340 2966 5410 κατέφαγε
3005 5338 3205 5395 πάντα
3247 5339 3453 5426 χόρτωξ
3477 5333 3534 5384 ἐν
3552 5342 3615 5426 ’τη

2233 5431 2449 5498 αὐτῶν,
2479 5431 2578 5486 καὶ
2608 5429 2900 5500 κατέφαγε
2927 5428 3124 5484 πάντα
3150 5429 3258 5484 τὸν
3287 5424 3495 5496 καρπὸν
3515 5424 3682 5513 τῆςφης

2234 5523 2450 5586 αὐτῶν.
2487 5524 2593 5582 Kal
2635 5521 2894 5583 ἐπάταξε
2920 5520 3044 5579 πᾶν
3088 5521 3444 5590 πρωτότοκον
3475 5513 3530 5564 ἐκ
3560 5522 3609 5570 το
3638 5513 3680 5566 T’J

2238 5617 2456 5687 αὐτῶν,
2503 5614 2785 5687 ἀπαρχὴν
2829 5613 3054 5682 παντὸς
3093 5614 3281 5669 πόνου
3325 5606 3509 5668 αὐτῶν.
3548 5598 3678 5658 "imit
