3868 6282
201 389 224 442 l
235 388 347 445 309

1256 383 1759 444 COMMENTARIA
1796 382 1863 438 IN
1902 381 2240 441 PSALMOS.

3299 382 3440 440 l5i0

190 504 286 561 τὸν
329 502 529 575 Ἰωσὴφ
570 502 783 573 πρῶτον
814 503 1085 573 συγχωρεῖ
1110 501 1410 568 δουλεῦσαι,
1453 503 1547 556 καὶ
1579 502 1766 564 πέδαις

1874 500 2075 567 evexit;
2109 501 2189 555 sic
2213 499 2381 553 etiam
2409 514 2557 555 nunc
2586 516 2711 556 cum
2741 501 2906 556 vellet
2966 501 3223 571 populum
3253 476 3439 571 provi-

188 599 291 651 καὶ
321 595 521 666 σιδήρῳ
560 594 986 665 ταπεινωθῆναι·
1014 592 1131 647 εἶτα
1162 593 1298 665 μετὰ
1337 593 1507 647 ταῦτα
1537 593 1765 663 δοκιμὴν

185 688 461 741 δεδωκότα
486 688 586 755 τῆς
608 687 811 751 οἰκείας
835 688 1052 758 ἀρετῆς,
1087 685 1317 757 προάγει
1336 687 1427 737 ἐπὶ
1458 685 1759 755 βασιλείαν·

183 778 337 832 οὕτω
365 779 457 832 καὶ
469 777 584 844 νῦν,
605 779 925 849 βουλόμενος
964 780 1063 849 τῆς
1091 777 1254 832 αὑτοῦ
1295 777 1599 844 ἐπισκοπῆς
1624 793 1762 839 κατ,-

182 870 423 938 αξιῶσαι
458 871 548 923 τὸν
593 870 739 934 λαὸν,
792 870 1007 941 πρῶτον
1031 870 1193 923 αὑτὸν
1234 867 1603 938 πειρατηρίοις
1630 867 1767 919 ἐκδί-

179 961 374 1025 δωσιν,
430 961 495 1013 ἵν’
543 959 768 1032 ὕστερον
816 960 979 1031 λεχθῇ
1033 959 1123 1012 τόδ
1174 959 1286 1012 Καὶ
1336 956 1669 1020 ἐστέναξαν
1711 959 1765 1009 οί

179 1052 312 1106 υἱοὶ
367 1050 603 1119 Ἰσραὴλ
623 1091 637 1115 ,
683 1051 781 1104 καὶ
831 1048 1160 1117 ἐκέκραξαν
1203 1047 1353 1116 πρὸς
1396 1047 1615 1114 Κύριον
1659 1044 1766 1098 τὸν

183 1140 345 1195 θεὸν
375 1139 591 1205 αὐτῶν,
632 1141 731 1195 καὶ
777 1139 956 1208 ἀνέθη
1000 1141 1039 1208 ή
1066 1137 1190 1206 βοὴ
1236 1135 1435 1191 αὐτῶν
1475 1135 1625 1204 πρὸς
1658 1134 1767 1189 τὸν

183 1230 346 1285 Θεὸν
374 1230 493 1285 ἀπὸ
517 1231 641 1303 τῶν
665 1231 872 1299 ἔργων.
902 1230 1012 1283 Kal
1041 1226 1405 1294 slmixovaar
1425 1228 1458 1281 ό
1485 1224 1627 1291 Θεὸς
1659 1222 1768 1278 τὸν

178 1322 531 1392 στεναγμὸν
551 1306 777 1376 αὐτῶν·
822 1322 921 1375 καὶ
945 1319 1215 1390 ἐμνήσθη
1241 1320 1274 1374 ό
1314 1318 1460 1382 Θεὸς
1492 1315 1603 1385 τῆς
1637 1315 1763 1369 δια-

179 1412 386 1481 θήκης
429 1413 615 1468 αὑτοῦ
651 1411 763 1481 τῆς
807 1412 957 1480 πρὸς
991 1412 1238 1480 Ἀϐραὰμ
1284 1408 1384 1464 καὶ
1428 1409 1625 1463 Ἰσαὰκ
1666 1407 1764 1460 καὶ

195 1503 417 1567 Ἰακώϐ.
459 1504 570 1559 Kal
595 1504 832 1557 ἐπεῖδεν
861 1506 895 1557 ό
932 1502 1076 1568 Θεὸς
1122 1501 1266 1568 τοὺς
1295 1499 1466 1566 υἱοὺς
1504 1497 1762 1567 Ἰσραὴλ,

176 1597 293 1651 καὶ
317 1596 585 1667 ἐγνώσθη
624 1596 846 1662 αὐτοῖς.
886 1594 1104 1666 Ἐπειδὴ
1134 1593 1192 1648 δὲ
1223 1594 1460 1667 εἴρηται,
1491 1591 1572 1645 ὅτι
1596 1590 1766 1661 μετέ-

175 1690 418 1756 στρεψε
462 1686 577 1756 τὴν
607 1685 858 1755 καρδίαν
902 1684 1118 1749 αὐτῶν,
1164 1684 1406 1756 δηλονότι
1454 1681 1561 1735 τῶν
1601 1683 1766 1749 Λίγυ-

174 1780 383 1845 πτίων,
422 1779 526 1833 τοῦ
545 1778 804 1847 μισῆσαι
835 1776 943 1831 τὸν
970 1778 1124 1832 λαὸν
1149 1774 1353 1840 αὑτοῦ,
1382 1776 1547 1847 ἐρεῖς,
1583 1774 1663 1827 ὅτι
1687 1772 1765 1826 δι-

1871 592 2056 646 dentia
2080 607 2178 647 sua
2202 591 2441 661 dignari,
2475 592 2657 661 ipsum
2694 594 2871 663 primo
2902 594 3299 650 tentationibus
3329 602 3441 667 tra-

1874 682 2034 748 didit,
2061 690 2122 736 ut
2157 683 2505 753 postmodum
2540 682 2814 738 diceretur
2858 686 2991 740 illud
3028 701 3041 737 :
3075 684 3142 739 Et
3178 687 3439 757 ingemue-

1871 780 1996 828 runt
2034 773 2135 841 ﬁlii
2181 772 2374 839 Israel,
2433 782 2483 827 et
2534 774 2961 829 exclamaverunt
3019 774 3087 829 ad
3154 775 3441 830 Dominum

1872 863 2041 917 Deum
2071 880 2245 930 suum,
2277 872 2328 916 et
2359 863 2593 917 ascendit
2622 862 2825 916 clamor
2844 880 3025 941 eorum
3063 863 3133 917 ad
3179 864 3342 919 Deum
3371 863 3441 917 ab

1872 953 2112 1023 operibus
2151 972 2170 1009 :
2196 965 2241 1008 et
2272 954 2540 1009 exaudiuit
2587 953 2725 1008 Deus
2756 957 3003 1025 gemitum
3030 971 3229 1015 eorum,
3277 964 3325 1008 et
3358 971 3438 1008 re-

1871 1046 2121 1100 cordatus
2158 1056 2237 1101 est
2287 1046 2431 1101 Deus
2467 1048 2764 1100 testamenti
2818 1046 2904 1099 sui
2947 1046 3014 1098 ad
3070 1046 3341 1100 Abraham
3387 1056 3442 1101 et

1873 1134 2035 1191 Isaac
2074 1144 2125 1191 et
2168 1134 2358 1193 Iacob.
2392 1134 2463 1190 Et
2521 1136 2745 1203 respexit
2796 1133 2937 1188 Deus
2975 1132 3114 1201 ﬁlios
3167 1133 3359 1196 Israel,
3387 1142 3438 1186 et

1871 1224 2113 1296 cognitus
2140 1233 2219 1279 est
2241 1223 2353 1278 illis
2377 1224 2440 1277 ⁸⁸.
2462 1223 2602 1289 Quia
2640 1237 2775 1279 vero
2814 1223 3020 1278 dictum
3052 1230 3157 1290 est,
3186 1223 3439 1277 convertit

1872 1330 1965 1368 eor
1988 1329 2195 1379 eorum,
2243 1313 2455 1370 scilicet
2484 1312 2898 1386 Egyptiorum;
2956 1328 3013 1368 ut
3045 1312 3247 1368 adirent
3273 1328 3437 1382 popu-

1873 1406 1982 1460 lum
2010 1406 2123 1476 ejus
2150 1422 2170 1471 ;
2197 1405 2349 1461 dicas
2379 1406 2548 1462 Deum
2584 1406 2689 1462 hoc
2711 1406 2838 1476 jure
2866 1406 3081 1462 fecisse.
3124 1404 3263 1472 Quia
3292 1404 3439 1459 enim

1871 1498 1929 1553 in
1964 1498 2135 1553 multa
2160 1497 2402 1565 licentia,
2451 1498 2703 1553 libertate
2745 1506 2797 1554 et
2837 1497 3045 1552 honore
3078 1496 3219 1569 apud
3272 1495 3442 1567 A'ng-

1871 1592 2013 1662 ptios
2047 1589 2285 1655 fuerant,
2316 1592 2374 1645 in
2414 1586 2742 1646 oblivionem
2802 1588 2896 1646 Dei
2941 1588 3105 1660 patrii
3152 1588 3239 1643 sui
3276 1603 3440 1643 vene-

1870 1690 2022 1750 runt,
2042 1697 2107 1738 ac
2133 1698 2253 1738 sese
2284 1682 2457 1738 cultui
2491 1681 2874 1752 Egyptiorum
2924 1678 3191 1735 idolorum
3222 1678 3442 1734 dedide-

1870 1785 2019 1831 runt.
2048 1775 2411 1841 Quamobrem
2439 1776 2565 1845 jure
2591 1772 2876 1845 Egyptios
2908 1772 3172 1828 adversus
3204 1772 3326 1827 illos
3348 1786 3442 1825 ex-

175 1868 363 1932 καίως
395 1867 630 1939 ἔπραξεν
661 1868 690 1920 ὁ
727 1867 880 1931 Θεός.
924 1867 1139 1939 Ἐπειδὴ
1171 1867 1299 1938 γὰρ,
1330 1868 1388 1921 ὲν
1417 1866 1584 1936 πολλῇ
1614 1883 1766 1935 γεγο-

1874 1866 2077 1930 citavit,
2104 1866 2232 1935 quia
2276 1866 2380 1921 sibi
2433 1866 2566 1936 ipsis
2596 1864 2824 1921 ﬁdentes
2856 1865 3025 1919 Deum
3053 1864 3438 1935 neglexerant;

174 1958 342 2022 νότες
373 1959 553 2013 ἀνέσει
586 1958 680 2013 καὶ
728 1958 1011 2030 ἐλευθερίᾳ
1052 1960 1144 2012 καὶ
1176 1960 1307 2028 τιμῇ
1342 1956 1494 2029 παρὰ
1534 1959 1645 2021 τοῖς
1672 1959 1767 2011 Al-

173 2049 458 2117 γυπτίοις,
495 2052 575 2113 είς
606 2048 774 2122 λήθην
800 2044 961 2119 ἦλθον
982 2048 1076 2102 τοῦ
1108 2048 1361 2120 πατρῴου
1384 2048 1544 2113 Θεοῦ,
1568 2048 1761 2115 ἐξέδω-

174 2157 292 2193 καν
322 2140 378 2194 δὲ
403 2142 629 2205 ἑαυτοὺς
654 2144 771 2204 ταῖς
797 2141 906 2194 τῶν
937 2141 1247 2207 Αἰγυπτίων
1269 2138 1757 2212 είδωλολατρείαιςο

172 2228 279 2282 διὰ
326 2229 483 2285 τοῦτο
532 2231 755 2296 δικαίως
809 2232 995 2295 αὐτοῖς
1051 2230 1387 2300 ὲπανέστησε
1438 2231 1565 2293 τοὺς
1596 2232 1761 2299 Αἰγυ-

1870 1966 1931 2012 υι
1959 1958 2028 2013 ab
2076 1958 2144 2014 iis
2191 1957 2398 2023 amicti,
2443 1958 2785 2021 ediscerent,
2836 1972 3011 2027 neque
3066 1956 3223 2027 ipsis,
3268 1971 3444 2025 neque

1869 2049 2167 2103 multorum
2195 2050 2483 2104 numinum
2526 2048 2907 2120 superstitioni
2939 2048 3252 2104 haerendum
3280 2063 3437 2115 esse;

1867 2148 2030 2210 atque
2075 2142 2150 2197 ad
2206 2140 2377 2199 Deum
2440 2151 2656 2211 patrum
2716 2156 2942 2198 suorum
2988 2155 3110 2197 sese
3161 2146 3444 2194 converte—

1863 2238 1987 2286 rent

174 2322 399 2387 πτίυυς,
460 2323 646 2394 ἐπειδὴ
696 2322 1014 2385 πεποιθότες
1060 2323 1272 2385 ἑαυτοῖς
1323 2320 1786 2393 κατωλιγώρησαν
1848 2322 1943 2375 τοῦ
2004 2321 2163 2386 Θεοῦ,
2210 2323 2358 2387 ὅπως
2407 2322 2678 2386 θλιόέντες
2720 2323 2812 2377 ὑπ’
2860 2322 3038 2377 αὐτῶν
3087 2321 3296 2393 μάθωσι
3344 2321 3442 2392 μὲν

177 2414 268 2483 μὴ
301 2413 585 2485 προσέχειν
618 2414 865 2478 ἐκείνοις,
897 2412 1029 2485 μηδὲ
1067 2415 1134 2483 τῇ
1169 2410 1415 2483 πολυθέῳ
1481 2411 1659 2466 αὐτῶν
1695 2412 2104 2485 δεισιδαιμονίᾳ,
2142 2412 2511 2485 ὲπιστρέψωσι
2551 2412 2608 2466 δὲ
2650 2413 2746 2466 ἐπὶ
2802 2413 2893 2466 τὸν
2945 2412 3075 2466 Θεὸν
3131 2412 3239 2467 τῶν
3289 2411 3442 2465 πατέ-

177 2521 300 2577 ρων
328 2504 526 2559 αὐτῶν.

261 2624 368 2681 Kal
399 2623 692 2693 ἐξήγαγεν
718 2623 939 2691 αὐτοὺς
976 2624 1046 2677 ἐν
1082 2624 1343 2693 ἀργυρίῳ
1381 2622 1482 2677 καὶ
1503 2623 1758 2694 χρυσίῳ,

174 2716 289 2776 καὶ
315 2716 427 2768 οὐκ
454 2710 533 2784 ἦν
552 2713 621 2767 ἐν
648 2712 779 2778 ταῖς
809 2713 1030 2782 φυλαῖς
1049 2713 1245 2767 αὐτῶν
1272 2716 1306 2767 ό
1333 2712 1622 2767 ἀσθενῶν.
1647 2714 1765 2767 Εὐ-

179 2804 425 2877 φράνθη
451 2805 753 2874 Αιγυπτος
783 2804 851 2858 ἐν
885 2804 1073 2871 ἐξόδῳ
1094 2804 1313 2871 αὐτῶν,
1356 2804 1445 2858 ὅτι
1468 2804 1767 2859 ἐπέπεσεν

178 2900 227 2952 ό
262 2897 447 2968 φόϐος
474 2895 669 2950 αὐτῶν
694 2895 785 2949 ἐπ’
812 2896 1052 2961 αὐτούς.
1093 2897 1150 2949 Ὁ
1170 2896 1302 2960 Θεὸς
1337 2895 1662 2969 προστάττει
1693 2894 1768 2967 τῷ

174 2987 303 3059 λαῷ
334 2988 423 3042 διὰ
444 2986 723 3052 Μωῦσέως
752 2986 1039 3040 σκυλεῦσαι
1066 2987 1189 3050 τοὺς
1202 2986 1612 3054 Δίγυπτίουςώς
1633 3003 1771 3041 νενι-

176 3079 481 3151 κημένους,
531 3077 627 3131 καὶ
657 3078 846 3149 μισθὸν
878 3078 1009 3149 παρ’
1037 3077 1218 3131 αὐτῶν
1240 3076 1633 3148 εἰσπράξασθαι
1670 3078 1771 3149 τῆς

186 3170 593 3253 μακροχρονίου
640 3168 903 3232 δουλείας,
945 3164 1015 3241 ἧς
1055 3169 1251 3231 αὐτοὺς
1284 3168 1765 3225 κατεδουλώσαντο.

176 3264 303 3318 Kal
335 3264 446 3318 οὐκ
476 3258 557 3334 ἦν
601 3262 731 3329 ταῖς
772 3261 994 3331 φυλαῖς
1038 3262 1239 3315 αὐτῶν
1281 3262 1314 3316 ό
1346 3260 1641 3317 ἀσθενῶν.
1696 3261 1769 3315 Tit

177 3356 300 3429 γὰρ
340 3354 521 3427 πολλῷ
560 3354 991 3425 παραδοξότερον
1041 3352 1199 3406 τοῦτο
1244 3348 1334 3425 ἦν,
1373 3355 1456 3408 ὅτι
1490 3353 1629 3425 μετὰ
1677 3355 1770 3408 τὸν

179 3447 373 3511 πόνον,
415 3445 554 3518 μετὰ
571 3445 670 3517 τὴν
700 3443 996 3509 πλινθείαν,
1029 3443 1166 3516 μετὰ
1181 3442 1279 3516 τὴν
1300 3443 1567 3515 τοσαύτην
1586 3445 1770 3498 ταλαι-

181 3535 400 3607 πωρίαν
422 3536 518 3589 καὶ
544 3535 643 3599 τὰς
670 3534 957 3605 μάστιγας,
987 3534 1106 3587 οὐδὲ
1132 3532 1214 3597 εἷς
1241 3529 1309 3606 ἦν
1336 3535 1364 3587 ὁ
1394 3534 1659 3599 ἀσθενῶν,
1677 3536 1771 3589 καὶ

182 3626 350 3679 τοῦτο
375 3618 642 3681 τοσούτων
676 3626 900 3697 πληγῶν
943 3628 1002 3679 ἐν
1026 3626 1294 3696 Αἰγύπτῳ
1319 3626 1765 3697 κατενεχθεισῶν.

182 3717 364 3771 Τοῦτο
392 3718 488 3772 καὶ
516 3719 616 3790 τῆς
658 3718 873 3788 φύσεως
901 3720 1070 3791 αὐτῆς
1112 3718 1211 3790 τὴν
1258 3718 1576 3772 ἀκολουθίαν
1606 3720 1771 3791 ὑπερ-

184 3808 427 3863 έ6αινεν.

260 3897 582 3954 Διεπέτασε
608 3898 872 3969 νεφέλην
891 3901 977 3966 εις
1003 3899 1244 3970 σκεπὴν
1268 3901 1494 3969 αυτοῖς,
1526 3902 1625 3956 καὶ
1646 3900 1768 3970 πῦρ

182 3991 298 4045 τοῦ
330 3992 583 4060 φωτίσαι
606 3992 811 4058 αὐτοῖς
840 3992 957 4061 τὴν
974 3994 1185 4047 νύκτα.
1221 3993 1455 4049 Διελθὼν
1481 3995 1580 4058 τὰς
1629 3993 1770 4049 κατὰ

181 4083 297 4137 τῶν
325 4083 635 4152 Αἰγυπτίων
666 4084 953 4154 μάστιγας,
990 4085 1297 4149 ἀκολούθως
1326 4085 1641 4158 μεταϐαίνει
1675 4085 1769 4139 ἐπὶ

181 4174 293 4234 τὰς
321 4173 620 4244 γενομένας
651 4174 729 4244 τῷ
763 4176 979 4247 Ἰσραὴλ
1010 4177 1355 4247 εὐεργεσίας⁸
1380 4176 1513 4249 ὁμοῦ
1544 4179 1641 4249 μὲν
1675 4178 1769 4232 καὶ

184 4266 340 4336 ἡμᾶς
376 4266 701 4337 προτρέπων
730 4266 950 4335 φεύγειν
977 4268 1068 4322 τὸν
1104 4268 1396 4332 Αίγύπτιον
1424 4270 1643 4336 τρόπον,
1693 4272 1769 4336 ὡς

184 4352 260 4406 ἂν
295 4352 369 4423 μὴ
388 4357 501 4418 τοῖς
530 4355 666 4418 ῐσοις
696 4356 1115 4428 περιπέσωμενο
1146 4357 1398 4430 εὔχεσθαι
1426 4360 1483 4413 δὲ
1512 4356 1650 4415 εἶναι
1671 4362 1769 4434 τῆς

1934 2621 2101 2678 Vens.
2137 2622 2227 2687 '57,
2257 2621 2347 2678 58.
2369 2618 2438 2673 Ει
2461 2616 2676 2673 deduxit
2700 2634 2787 2673 eos
2808 2635 2925 2672 cum
2956 2628 3169 2689 argento
3199 2627 3248 2673 et
3274 2636 3373 2673 aur
3390 2637 3442 2688 ο,

1866 2724 1915 2770 et
1948 2731 2051 2768 non
2080 2723 2195 2768 erat
2246 2713 2301 2766 in
2350 2710 2590 2765 tribubus
2619 2727 2799 2764 eorum
2830 2711 3095 2779 inﬁrmus.
3130 2710 3340 2765 Laztata
3366 2722 3445 2766 est

1869 2805 2136 2876 Egyptus
2165 2806 2222 2858 in
2269 2805 2592 2874 profectione
2621 2819 2824 2868 eorum,
2852 2804 2977 2874 quia
3024 2804 3260 2857 incubuit
3287 2805 3446 2858 timor

1871 2913 2052 2951 eorum
2079 2912 2235 2965 super
2263 2912 2371 2951 eos.
2404 2894 2549 2950 Deus
2569 2910 2666 2965 per
2688 2893 2925 2965 Moysem
2946 2894 3147 2964 populo
3172 2894 3441 2964 praecipit,

1880 2997 1938 3044 ut
1972 2988 2259 3061 Egyptios
2276 2995 2539 3057 tanquam
2573 2987 2748 3041 victos
2782 2986 3036 3055 spoliem,
3073 3000 3137 3040 ac
3170 2984 3445 3040 diuturnae

1877 3080 2021 3151 apud
2053 3080 2177 3134 illos
2203 3077 2506 3140 servitutis,
2540 3092 2648 3147 qua
2696 3076 2822 3131 illos
2862 3082 3269 3146 oppresserant,
3306 3091 3445 3146 prae—

1874 3172 2041 3226 mium
2069 3177 2346 3240 expetant.
2379 3168 2447 3222 Et
2474 3185 2580 3223 non
2606 3179 2721 3224 erat
2754 3170 2808 3223 in
2873 3167 3108 3221 tribubus
3149 3184 3329 3222 eorum
3359 3170 3443 3222 in-

1872 3255 2365 3329 ﬁrmus.Quodque
2382 3255 2555 3311 multo
2580 3255 2887 3311 mirabilius
2915 3262 3054 3320 erat,
3084 3266 3207 3324 post
3230 3261 3443 3308 tantum

1871 3351 2140 3413 laborem,
2169 3357 2295 3420 post
2336 3349 2570 3404 laterum
2598 3348 2927 3410 coctionem,
2949 3353 3074 3416 post
3104 3351 3307 3398 tantam
3343 3346 3439 3399 mi-
3478 3348 3487 3361 ‘

1870 3441 2069 3497 seriam
2102 3451 2157 3496 et
2208 3447 2289 3495 tot
2342 3439 2601 3503 verbera,
2645 3452 2715 3491 ne
2752 3451 2897 3491 unus
2930 3434 3149 3506 quidem
3193 3433 3444 3490 inﬁrmus

1868 3538 2017 3597 erat,
2036 3529 2200 3600 idque
2229 3528 2397 3585 tantis
2421 3529 2597 3599 plagis
2626 3525 2864 3598 Egypto
2882 3525 3068 3581 illatis.
3109 3522 3223 3579 Hoc
3258 3526 3444 3594 utique

1869 3627 2079 3676 natura
2109 3619 2357 3691 ordinem
2392 3615 2751 3673 transcendit.

1938 3898 2107 3954 Vnus.
2142 3898 2232 3954 39.
2290 3893 2559 3965 Expendit
2591 3889 2780 3945 nubem
2825 3890 2881 3943 in
2928 3888 3303 3957 protectionem
3347 3903 3437 3941 eo-

1870 4008 2011 4057 rum,
2042 4000 2094 4046 st
2119 3991 2312 4061 ignem,
2344 3995 2401 4041 ut
2426 3986 2617 4040 luceret
2647 3983 2721 4037 eis
2751 3997 2843 4051 per
2871 3992 3096 4036 noctem.
3133 3977 3441 4035 Receusitis

1872 4080 2255 4153 Egyptiorum
2287 4078 2484 4149 plagis,
2516 4081 2916 4145 consequenter
2948 4073 3148 4128 transit
3174 4071 3241 4127 ad
3276 4072 3441 4128 bene—

1870 4171 1992 4226 ﬁcia
2022 4170 2208 4227 lsraeli
2237 4170 2434 4225 collata
2474 4187 2487 4223 :
2515 4167 2675 4223 simul
2711 4181 2814 4221 nos
2838 4164 3139 4221 admonens
3174 4174 3233 4219 ut
3258 4164 3441 4235 [Επ-

1869 4264 2084 4334 ptiacos
2114 4276 2296 4317 mores
2329 4260 2625 4331 fugiamus,
2661 4273 2731 4315 ne
2782 4258 2838 4312 in
2886 4258 3037 4327 paria
3093 4256 3437 4323 incidamus;

1872 4366 2265 4423 precemurque
2319 4357 2380 4405 ut
2426 4349 2483 4404 in
2530 4347 2783 4420 portione
2816 4345 2912 4400 Dei
2959 4346 3322 4409 ascribamur,
3350 4348 3439 4401 cui

190 4444 413 4515 μερίδος
440 4443 532 4529 τοῦ
558 4445 714 4511 Θεοῦ,
792 4450 1018 4519 παρεῖχε
1044 4448 1141 4512 τὰς
1160 4449 1219 4515 ἐξ
1247 4450 1411 4504 αὐτοῦ
1432 4452 1766 4523 εὐεργεσίας·

1874 4445 2134 4502 beneﬁcia
2179 4458 2279 4500 sua
2327 4440 2633 4513 impertiit:
2685 4441 2924 4509 itemque
2980 4452 3439 4504 commemorans,

188 4532 332 4603 ὁμοῦ
362 4533 457 4586 καὶ
488 4528 562 4588 ὧν
586 4534 894 4607 ἠξιώθησαν
924 4537 1241 4609 παραδόξων
1262 4540 1397 4593 Θεοῦ
1437 4543 1485 4594 οἱ
1517 4543 1583 4595 ἐκ
1606 4560 1765 4614 περι-

187 4624 369 4695 τομῆς
399 4626 771 4696 μνημονεύων,
796 4628 877 4690 είς
910 4627 1131 4699 ἔλεγχον
1166 4630 1263 4700 μὲν
1288 4628 1383 4684 τοῦ
1418 4632 1598 4686 αὐτῶν
1620 4634 1766 4688 ὲκεί-

190 4731 305 4767 νων
356 4714 578 4784 τρόπου,
631 4716 925 4786 ἀπολογίαν
953 4717 1011 4771 δὲ
1061 4718 1163 4789 τῆς
1209 4720 1349 4791 μετὰ
1382 4720 1557 4775 ταῦτα
1586 4721 1767 4777 αὐτῶν

192 4807 487 4879 ἀποϐολῆς.

174 4930 177 4931 ν
278 4901 524 4971 ᾜτησε,
545 4901 644 4955 καὶ
669 4899 856 4971 ἦλθεν
867 4902 1294 4973 ὀρτυγομήτρα,
1329 4904 1427 4959 καὶ
1451 4904 1646 4973 ἄρτων
1670 4908 1769 4960 οὐ·

186 4990 382 5061 ρανοῦ
406 4991 747 5059 ἐνέπλησεν
776 4994 1014 5060 αὐτούς.
1059 4992 1374 5063 Ἀνέρῤηξε
1405 4993 1648 5063 πέτραν,
1670 4995 1770 5050 καὶ

196 5084 507 5153 ὲρῤύησαν
551 5083 760 5147 ὕδατα,
790 5084 1208 5154 ἐπορεύθησαν
1241 5086 1311 5140 ἐν
1346 5086 1627 5156 ἀνύδροις
1663 5100 1771 5140 πο-

196 5175 373 5243 ταμοί
387 5191 401 5204 ·
439 5174 528 5227 ὅτι
554 5172 827 5243 ἐμνήσθη
867 5174 975 5230 τοῦ
997 5176 1185 5245 λόγου
1215 5176 1324 5231 τοῦ
1360 5177 1533 5246 ἁγίου
1561 5176 1769 5249 αὑτοῦ,

195 5263 307 5318 τοῦ
333 5265 483 5333 πρὸς
514 5265 758 5334 Ἀϐραὰμ
770 5265 876 5319 τὸν
889 5264 1327 5322 δοῦλοναύτοῦ.
1360 5269 1472 5321 Καὶ
1490 5270 1518 5321 ὁ
1533 5267 1773 5338 Μωῦσῆς

197 5353 257 5407 δὲ
298 5355 356 5408 ὲν
398 5353 798 5425 Δευτερονομίῳ
841 5353 978 5426 πρὸς
1008 5354 1205 5420 αὐτούς
1237 5374 1400 5427 φησιο
1438 5356 1538 5426 Μὴ
1572 5358 1766 5427 εῖπῃς-

201 5444 307 5498 Διά
328 5443 438 5510 τὰς
477 5443 865 5510 δικαιοσύνας
903 5462 1024 5514 μου
1065 5445 1321 5517 ἐξήγαγέ
1344 5464 1420 5517 με
1454 5448 1671 5516 Κύριος
1701 5447 1770 5501 ἐκ

203 5529 317 5599 τῆς
335 5533 657 5601 Αἰγύπτου,
678 5533 837 5588 ἀλλὰ
862 5532 960 5587 διὰ
979 5533 1086 5588 τὸν
1117 5533 1297 5602 ὅρκον
1321 5535 1393 5590 ὃν
1423 5536 1619 5607 ὤμοσε
1653 5537 1769 5590 Κύ-

189 5639 328 5699 ριος
371 5623 497 5690 τοῖς
530 5623 827 5692 πατράσιν
868 5624 1053 5695 ὑμῶν.
1093 5626 1205 5685 Kal
1238 5626 1441 5703 γνώσῃ
1473 5628 1763 5699 σήμερον,

283 5778 329 5812 ⁸⁸
362 5776 535 5843 Exod.
576 5794 648 5853 Ii,
682 5776 932 5857 233—25,,

1873 4538 2092 4609 quantis
2141 4534 2236 4591 Dei
2282 4533 2628 4590 mirabilibus
2683 4532 2936 4602 dignatus
2988 4530 3062 4585 sit
3111 4528 3344 4598 populus
3374 4544 3437 4584 ex

1872 4631 2323 4697 circumcisione;
2346 4637 2408 4684 ut
2428 4642 2620 4684 eorum
2668 4640 2850 4681 mores
2890 4629 3173 4693 coarguat,
3205 4621 3439 4690 justam-

1871 4741 1980 4799 que
2003 4721 2325 4795 abjectionis
2352 4734 2542 4776 eorum
2570 4731 2790 4773 causam
2829 4718 3246 4771 commonstret.

1936 4898 2104 4958 Vens.
2137 4895 2324 4957 40—45.
2358 4893 2544 4957 P—etiit,
2573 4900 2622 4947 et
2665 4891 2805 4945 venit
2835 4889 3103 4956 coturnix,
3133 4896 3182 4942 et
3213 4885 3439 4957 panibus

1867 4990 2210 5060 caelireplevit
2239 5004 2348 5042 eos.
2381 4984 2595 5053 Dirupit
2615 4992 2846 5053 petram,
2892 4990 2942 5035 et
2970 4980 3239 5050 ﬂuxerunt
3266 4995 3438 5049 aqua,

1868 5090 2154 5139 manarunt
2173 5082 2232 5135 in
2260 5078 2532 5148 inaquosis
2555 5076 2799 5145 ﬂumina.
2828 5073 3091 5140 Quoniam
3122 5086 3319 5125 memor
3339 5069 3441 5139 fuit

1869 5174 2011 5230 verbi
2074 5172 2249 5231 sancti
2293 5170 2396 5233 sui,
2433 5166 2569 5237 quod
2601 5165 2784 5220 habuit
2826 5163 2895 5224 ad
2923 5162 3193 5217 Abraham
3234 5178 3437 5216 servum

1873 5281 2049 5322 suum.
2074 5264 2168 5319 Sic
2191 5262 2322 5321 item
2365 5257 2580 5330 Moyses
2619 5256 2742 5312 illos
2771 5254 2827 5311 in
2859 5253 3279 5309 Deuteronomio
3305 5252 3438 5307 allo-

1848 5356 2061 5426 .quitur
2086 5373 2099 5408 :
2128 5351 2209 5406 Ne
2235 5350 2384 5403 dicas
2417 5365 2436 5403 :
2465 5349 2689 5418 Propter
2716 5346 2958 5416 justitias
2986 5362 3129 5400 meas
3157 5343 3337 5398 eduxit
3360 5360 3441 5397 me

1876 5445 2131 5498 Dominus
2178 5440 2240 5495 de
2269 5450 2412 5495 terra
2435 5437 2677 5509 Egypti,
2703 5436 2793 5492 sed
2812 5444 3019 5505 propter
3055 5430 3438 5504 jusjurandum

1867 5534 2005 5606 quod
2025 5533 2228 5603 juravit
2256 5530 2513 5585 Dominus
2541 5527 2782 5599 patribus
2827 5526 3032 5582 uestris.
3078 5524 3146 5577 Et
3167 5538 3437 5593 cognosces

1869 5625 2019 5690 hodie
2042 5624 2167 5697 quia
2206 5639 2310 5680 non
2337 5632 2545 5694 propter
2564 5618 2806 5691 justitia‘s
2846 5628 2967 5674 tuas
3009 5616 3263 5673 Dominus
3298 5614 3436 5683 Deus
