3868 6282
471 338 606 395 15⁸1

1204 340 1471 398 EUSEBll
1507 340 1982 396 οιεεΑιιιΕΝδιε
2019 342 2060 397 0

2161 387 2171 404 .
2213 345 2394 400 PARS
2431 345 2517 402 Ill.
2551 376 2625 388 -
2652 345 3064 411 EXEGETICA.

3530 358 3637 415 1512

469 467 590 511 tuus
638 456 730 511 dat
779 457 873 511 tibi
916 466 1112 524 terram
1150 460 1338 516 bonam
1366 462 1498 522 hanc
1537 461 1604 515 ad
1647 461 2039 530 possidendum,

2161 466 2234 519 5τι
2257 468 2391 536 οὐχὶ
2421 467 2517 521 διὰ
2538 468 2649 533 ιτὰς
2678 469 3068 536 δικαιοσύνας
3099 486 3230 534 σου,
3265 450 3462 541 Κύριος
3485 480 3512 529 ό
3529 480 3641 546 Θεός

467 551 592 619 quia
621 549 843 617 populus
875 551 1024 614 duras
1050 555 1265 608 cervicis
1307 572 1361 608 es
1386 556 1452 609 ".
1485 554 1552 606 Et
1581 555 1762 608 eduxit
1786 555 2037 623 populum

467 659 628 698 suum
661 645 718 696 in
751 644 1122 710 exsultatione,
1149 656 1199 700 et
1217 648 1406 704 electos
1445 663 1568 700 suos
1601 648 1655 700 in
1689 647 1895 702 latitia.
1915 646 2040 702 Sitt-

465 735 594 804 gula
611 736 754 789 enim
778 751 899 802 qua:
925 738 1268 806 contigerunt
1291 737 1650 792 admiratione
1677 739 1841 808 digna
1858 747 2036 804 erant,

467 834 523 882 et
574 827 840 898 prodigiis
887 829 1065 899 plena,
1100 837 1158 882 ut
1188 828 1334 899 qttod
1369 829 1502 900 ipsis
1545 831 1870 900 pellentibus
1913 845 2040 886 cum

471 920 749 989 voluptate
811 920 1194 984 liberarentur,
1231 919 1373 989 quod
1421 936 1547 974 cum
1591 921 1926 976 abundantia
1958 938 2042 978 re-

471 1026 616 1075 rum,
642 1013 787 1082 quod
836 1028 960 1067 eum
1020 1012 1258 1082 perfecta
1303 1015 1551 1068 sanitate.
1611 1013 1678 1066 Et
1743 1015 1884 1068 dedit
1930 1014 2040 1068 illis

469 1105 704 1175 regiones
737 1107 992 1175 gentium,
1020 1115 1069 1158 et
1095 1104 1299 1158 labores
1330 1107 1642 1174 populorum
1675 1106 2037 1174 possederunt.

471 1199 592 1254 Non
622 1201 765 1254 enim
819 1201 996 1256 solum
1034 1215 1066 1255 a
1118 1200 1370 1269 pristinis
1427 1202 1700 1265 liberavit,
1732 1202 1826 1257 sed
1878 1202 2079 1256 etiam-

472 1292 650 1355 aliena
670 1291 805 1361 ipsis
834 1292 1079 1357 tradidit,
1110 1309 1287 1363 neque
1319 1294 1562 1364 permisit
1591 1302 1650 1348 ut
1685 1294 1857 1349 labori
1882 1308 2044 1348 vaca-

472 1391 616 1450 rent,
653 1393 711 1436 ut
737 1385 1041 1437 custodiant
1073 1385 1484 1454 justiﬁcationes
1509 1385 1708 1455 ejus,et
1741 1385 1899 1454 legem
1929 1383 2041 1452 ejus

471 1476 764 1545 requirant.
795 1474 921 1529 Haec
949 1477 1223 1544 promisit,
1261 1477 1388 1546 quia
1429 1475 1804 1530 custodierant
1840 1475 2045 1542 justiﬁ-

473 1567 719 1622 eationes
747 1567 888 1636 ejus.
919 1564 1070 1626 Talis
1098 1560 1298 1640 quippe
1328 1568 1472 1623 Deus
1501 1577 1604 1629 est,
1643 1577 1701 1620 ut
1735 1567 2046 1621 misericor-

473 1657 621 1711 diam
661 1671 818 1712 suam
857 1658 1211 1729 diligentibus
1267 1677 1326 1716 se
1377 1660 1432 1714 in
1474 1657 1718 1713 millibus
1769 1657 2040 1714 exhibeat.

473 1744 572 1801 llis
593 1755 771 1803 autem
799 1748 1018 1805 illorum
1046 1751 1336 1820 nepotibus
1361 1750 1490 1804 talia
1519 1750 1769 1820 praestitit
1795 1757 1849 1804 et
1880 1748 2045 1818 largi-

2143 577 2260 614 σου
2283 560 2495 614 δίδωσί
2523 575 2620 616 σοι
2639 561 2756 628 τὴν
2770 560 2884 629 γῆν
2912 562 3028 629 τὴν
3055 563 3286 631 ἀγαθὴν
3308 566 3514 631 ταύτην
3531 573 3642 635 κλη-

2136 651 2496 722 ρονομῆσαι,
2540 653 2628 706 ὅτι
2651 653 2802 720 λαός
2827 654 3362 722 σκληροτρὰχηλος
3383 653 3448 708 εἷ.
3463 659 3555 712 Kal
3573 662 3644 726 ἐξ.

2142 744 2329 816 mare
2377 746 2485 798 τὸν
2527 745 2682 800 λαόν
2713 747 2898 800 αὑτοῦ
2921 747 2990 799 ὲν
3008 747 3388 815 ἀγαλλιάσει,
3419 755 3504 803 καὶ
3541 755 3646 820 τοὺς

2143 836 2464 901 ἐκλεκτοὺς
2480 835 2666 890 αὐτοῦ
2688 836 2759 888 ἐν
2788 838 3155 906 εὐφροσύνῃ.
3186 838 3444 891 "Exue-10v
3464 840 3555 912 γὰρ
3568 844 3648 898 τῶν

2143 927 2450 1000 γενομένων
2481 931 2559 991 εἰς
2590 927 2775 999 θαῦμα
2816 929 3069 998 μέγιστον
3098 926 3185 999 ἦν,
3232 933 3325 984 καὶ
3357 933 3534 1004 πολλὴν
3569 932 3651 1006 εἶχε

2144 1021 2246 1091 τὴν
2271 1018 2742 1092 παραδοξοποιίαν,
2767 1019 2826 1073 τὸ
2854 1019 3227 1090 ἀπαλλαγῆναι
3253 1022 3369 1090 μεθ’
3389 1023 3559 1094 ἡδονῆς
3575 1027 3652 1079 τῶν

2146 1111 2428 1164 ὠθούντων
2450 1110 2690 1174 ἐκείνων,
2723 1111 2815 1164 καὶ
2840 1111 2955 1179 μετ’
2990 1112 3248 1180 εὐπορίας
3283 1113 3506 1181 ἁπάσης,
3534 1115 3584 1167 τὺ
3615 1119 3655 1168 ἐν

2153 1200 2312 1270 ὑγεία
2362 1199 2578 1270 καθαρᾷ
2626 1200 2762 1269 (sic).
2823 1199 2936 1253 Kal
2983 1199 3201 1254 ἔδωκεν
3267 1200 3466 1266 αὐτοῖς
3510 1202 3658 1271 χώρας

2145 1291 2355 1357 ἐθνῶν,
2395 1291 2494 1344 καὶ
2525 1293 2751 1356 πόνους
2787 1291 2954 1344 λαῶν
2989 1294 3585 1361 κατεκληρονόμησαν.
3604 1298 3658 1348 Οὐ

2146 1383 2254 1455 γὰρ
2281 1383 2344 1454 δὴ
2367 1382 2522 1452 μόνον
2559 1382 2667 1435 τῶν
2695 1383 2972 1453 προτέρων
3010 1383 3340 1453 ἀπήλλαξεν,
3369 1383 3495 1436 ἀλλὰ
3517 1386 3592 1437 καί
3612 1387 3662 1439 τὰ

2147 1473 2254 1528 τῶν
2271 1473 2470 1541 ἐτέρων
2494 1473 2691 1526 ἔδωκεν
2705 1474 2904 1536 αὐτοῖς,
2935 1474 3170 1544 οὐδαμοῦ
3199 1478 3380 1527 πονεῖν
3403 1476 3661 1547 συγχωρῶν,

2149 1565 2307 1631 ὅπως
2327 1567 2403 1618 ἂν
2433 1565 2746 1634 φυλάξωσι
2785 1565 2856 1618 τὰ
2888 1566 3246 1636 δικαιώματα
3276 1568 3572 1634 αὑτοῦ,καί
3590 1569 3665 1623 τὸν

2148 1659 2336 1725 νόμον
2382 1657 2568 1710 αὑτοῦ
2626 1656 3022 1725 ἑκζητήσωσι.
3078 1659 3263 1720 Ταῦτα
3317 1661 3664 1730 ἐπηγγείλατο,

2149 1748 2337 1818 ἐπειδὴ
2365 1748 2635 1817 ἐφύλαξαν
2658 1748 2726 1800 τὰ
2749 1749 3091 1819 δικαιώματα
3119 1749 3310 1803 αὐτοῦ.
3344 1749 3572 1813 Τοιοῦτος
3589 1751 3668 1820 γάρ

474 1845 564 1893 tus
591 1846 712 1894 est:
746 1841 1042 1896 cohortans
1072 1849 1128 1896 et
1174 1844 1461 1897 concitans
1495 1857 1592 1897 eos
1622 1843 1689 1897 ad
1735 1842 2050 1898 custodien-

2161 1841 2298 1893 ἐστιν
2332 1841 2361 1892 ό
2385 1839 2538 1903 Θεὸς,
2575 1840 2746 1894 ποιῶν
2787 1840 2935 1902 ἔλεος
2969 1841 3048 1902 είς
3093 1839 3339 1910 χιλιάδας
3367 1844 3472 1903 τοῖς
3493 1842 3670 1907 ἀγαπῶ·

475 1927 579 1984 das
603 1931 1032 1998 justiﬁcationes
1065 1933 1238 2002 ipsius
1275 1940 1330 1991 et
1350 1934 1518 2002 legem
1555 1934 1728 2003 ipsius
1760 1935 2052 2004 exquiren-

2161 1949 2243 1986 σιν
2266 1931 2450 1987 αὐτόν.
2490 1931 2711 1995 Τούτοις
2740 1933 2796 1985 δέ
2829 1934 2943 1994 τοῖς
2968 1931 3189 1985 ἐκείνων
3228 1932 3509 2000 ἀπογόνοις
3530 1930 3589 1983 τὰ
3607 1948 3671 1984 το-

475 2019 620 2073 dam.
675 2019 781 2076 Sed
834 2024 964 2094 quia
1023 2032 1102 2080 tot
1149 2025 1357 2095 dignati
1409 2024 1588 2088 bonis,
1633 2026 1890 2095 praedicta
1940 2042 2051 2083 non

2161 2020 2336 2076 σαῦτα
2368 2023 2610 2094 παρέσχε
2659 2021 2754 2074 καὶ
2803 2019 3110 2090 ἐχαρίσατο,
3157 2021 3480 2092 προτρέπων
3521 2021 3671 2081 αὐτοὺς

475 2111 888 2178 custodierunt,
929 2125 1060 2170 tunc
1108 2115 1284 2170 ablata
1331 2115 1396 2170 ab
1432 2116 1568 2186 ipsis
1601 2117 1772 2186 gratia
1808 2124 1914 2182 est,
1949 2132 2053 2172 nec

2161 2115 2252 2168 καὶ
2279 2113 2578 2185 παρορμῶν
2611 2114 2691 2176 εἰς
2723 2112 2784 2164 τὸ
2812 2112 3100 2181 φυλάττειν
3132 2113 3201 2165 τὰ
3246 2111 3574 2181 δικαιώματα
3599 2115 3670 2166 αὖα

478 2205 640 2257 modo
696 2210 898 2260 terram
955 2209 1277 2272 amiserunt,
1311 2209 1405 2264 sed
1453 2209 1616 2263 etiam
1665 2224 1694 2260 a
1749 2209 1860 2262 Deo
1913 2209 2053 2278 lapsi

2161 2204 2279 2270 τοῦ,
2317 2206 2411 2257 καὶ
2453 2205 2542 2256 τὸν
2586 2204 2747 2272 νόμον
2788 2203 2952 2256 αὑτοῦ
2997 2205 3270 2273 ἐκζητεῖν.
3327 2203 3462 2254 Ἀλλ’
3489 2204 3560 2255 ὅτι
3595 2202 3674 2257 τῶν

479 2304 626 2364 sunt,
677 2312 743 2353 ac
788 2299 1030 2370 gentium
1081 2309 1134 2354 et
1182 2301 1532 2355 inimicorum
1581 2299 1724 2354 servi
1770 2308 1900 2356 sunt
1976 2300 2057 2355 ef-

2161 2297 2421 2351 τοσούτων
2449 2297 2740 2367 ἠξιωμένοι
2781 2297 2880 2348 οὐκ
2919 2293 3189 2363 ἐφύλαξαν
3227 2295 3299 2346 τὰ
3330 2295 3599 2364 εἰρημένα,
3631 2293 3674 2345 τὸ

480 2385 630 2445 fecti.
2164 2388 2452 2460 τηνικαῦτα
2478 2389 2619 2460 ῆρθη
2648 2389 2742 2441 ἀπ’
2772 2389 2950 2441 αὐτῶν
2977 2391 3009 2458 ἡ
3040 2386 3221 2456 χάρις,
3246 2387 3345 2439 καὶ
3371 2387 3431 2439 οὑ
3455 2387 3591 2456 μόνον
3605 2385 3674 2453 τὴν

478 2479 582 2549 γῆν
612 2479 916 2546 ἀπώλεσαν,
939 2481 1074 2535 ἀλλὰ
1101 2482 1194 2534 καὶ
1222 2481 1315 2536 τοῦ
1336 2481 1472 2534 Θεοῦ
1498 2482 1903 2545 ἐκπεπτώκασι,
1928 2481 2104 2534 δοῦλοί
2142 2498 2202 2534 τε
2224 2480 2333 2534 τῶν
2366 2479 2534 2533 ἐθνῶν
2567 2481 2658 2532 καὶ
2692 2479 2964 2549 πολεμίων
2995 2478 3272 2547 γεγόνασι.

1007 2684 1370 2741 ALLELUIA.
1401 2684 1512 2742 CV.

553 2775 718 2834 Vens.
775 2779 886 2834 l--5.
931 2777 1270 2849 Confitemini
1297 2778 1547 2841 Domino,
1578 2779 1829 2849 quoniam
1867 2776 2056 2841 bonus,

481 2874 732 2942 quoniam
752 2873 806 2926 in
826 2873 1080 2928 sarculum
1101 2871 1466 2930 misericordia
1501 2871 1636 2941 ejus.
1663 2871 1794 2937 Quis
1819 2871 2060 2940 loquetur

482 2963 743 3031 potentias
779 2961 1013 3027 Domini,
1047 2962 1260 3022 auditas
1286 2961 1443 3030 faciet
1470 2977 1648 3016 omnes
1684 2960 1868 3015 laudes
1896 2960 2010 3028 ejus
2031 2961 2058 3016 ?

483 3054 638 3110 Beati
656 3056 744 3125 qui
767 3057 1070 3108 custodiunt
1093 3054 1380 3124 judicium,
1411 3063 1462 3111 et
1486 3054 1690 3123 faciunt
1705 3054 1979 3122 justitiam
2001 3052 2057 3106 in

485 3148 628 3202 omni
661 3156 904 3214 tempore.
937 3145 1198 3200 Memento
1234 3147 1426 3210 nostri,
1459 3145 1704 3210 Domine,
1735 3146 1788 3198 in
1815 3143 2058 3213 benepla—

2651 2679 3084 2738 ’AAAHAOYIA.
3109 2680 3234 2737 PE'.

2239 2776 2720 2846 Ἐξομολογεῖσθε
2737 2774 2818 2841 τῷ
2847 2773 3060 2842 Κυρίῳ,
3083 2773 3172 2825 ὅτι
3206 2783 3493 2841 χρηστος,
3524 2769 3598 2822 ὅτι
3615 2770 3678 2838 εις

2156 2869 2266 2924 τὸν
2292 2868 2479 2922 αιῶνα
2507 2868 2572 2920 τὸ
2605 2866 2782 2931 ἕλεος
2822 2863 3051 2930 αὐτοῦς
3075 2864 3169 2928 Τις
3210 2859 3469 2927 λαλήσει
3497 2859 3582 2923 τὰς
3604 2856 3678 2909 δυ-

2160 2962 2444 3026 ναστείας
2475 2958 2584 3014 τοῦ
2631 2960 2874 3026 Κυρίου,
2926 2953 3235 3019 ἀκουστὰς
3259 2951 3493 3020 ποιήσει
3527 2948 3677 3012 πάσας

2160 3053 2268 3118 τὰς
2313 3051 2574 3115 αἱνέσεις
2609 3049 2795 3103 αὑτοῦ
2814 3063 2832 3110 ;
2883 3043 3173 3112 Μακάριοι
3220 3045 3277 3096 οἱ
3310 3040 3678 3110 φυλάσσοντες

2162 3144 2384 3211 κρίσιν,
2426 3139 2738 3204 ποιοῦντες
2782 3137 3174 3201 δικαιοσύνην
3203 3133 3276 3186 ἐν
3311 3131 3486 3188 παντὶ
3527 3125 3676 3195 καιρῷ.

485 3238 588 3292 cito
608 3211 784 3306 populi
825 3240 924 3300 tui,
949 3239 1105 3290 visita
1135 3255 1227 3291 nos
1258 3239 1315 3290 in
1349 3238 1582 3291 salutari
1616 3246 1727 3292 tuo.
1752 3236 1834 3290 Ad
1869 3211 2053 3289 viden-

2161 3235 2471 3305 Μνήσθητι
2498 3231 2686 3301 ἡμῶν,
2715 3233 2912 3297 Κύριε,
2955 3228 3025 3281 ἐν
3055 3224 3128 3294 τῇ
3158 3224 3413 3290 εὐδοκία
3442 3221 3538 3274 τοῦ
3568 3215 3680 3273 ,λαιοῦ

486 3326 612 3380 dum
646 3327 700 3380 in
735 3328 965 3382 bonitate
991 3328 1299 3391 electorum,
1343 3327 1411 3379 ad
1461 3327 1750 3383 (tutandum
1790 3328 1844 3380 in
1873 3326 2060 3379 laetitia

2161 3343 2294 3395 σου,
2325 3327 2644 3394 ἐπίσκεψαι
2664 3323 2902 3394 ήμᾶςὲν
2916 3321 2994 3386 τῷ
3014 3319 3286 3392 σωτηρίῳ
3309 3333 3442 3381 σου,
3469 3313 3560 3368 τοῦ
3577 3310 3681 3366 ἰδεῖν

485 3420 654 3489 gentis
704 3427 825 3480 tuaz,
876 3427 931 3470 ut
992 3418 1223 3474 lauderis
1277 3435 1395 3471 cum
1443 3419 1756 3472 haereditate
1814 3429 1926 3474 tua.
1961 3416 2062 3470 Hic

487 3525 705 3580 quoque
738 3511 982 3579 psalmus
1015 3512 1228 3568 laudem
1255 3513 1627 3583 hymnumque
1653 3511 1709 3564 in
1736 3509 1906 3564 Deum
1932 3524 2064 3563 con-

487 3601 648 3664 tinet,
685 3617 852 3672 quare
886 3604 1180 3672 inscriptus
1222 3611 1328 3666 est,
1363 3603 1615 3664 Alleluia,
1646 3602 1792 3672 quod
1831 3600 2067 3668 explica-

489 3699 600 3755 tur,
629 3691 871 3746 Laudate
902 3691 1205 3748 Dominum.
1263 3691 1456 3746 Statim
1494 3698 1675 3745 autem
1711 3705 1741 3743 a
1797 3688 2066 3760 principio

490 3787 737 3856 praacipit
761 3786 828 3840 iis
859 3788 1002 3855 quia
1025 3787 1266 3857 peccatis
1291 3781 1708 3856 aguntur,utad
1740 3779 1835 3835 Dei
1869 3779 2064 3833 Filium

491 3888 755 3947 tanquam
780 3880 846 3933 ad
882 3879 1150 3932 medicum
1167 3886 1220 3934 et
1242 3885 1578 3934 servatorem
1603 3875 2070 3942 accedant,atque

495 3972 715 4042 propria
761 3972 1085 4026 conﬁtentes
1146 3979 1395 4040 peccata,
1452 3969 1650 4022 anima:
1690 3967 1920 4021 vulnera
1965 3965 2070 4034 ipsi

495 4062 770 4131 detegant.
800 4059 905 4126 Qui
947 4076 1079 4116 vero
1135 4059 1189 4114 id
1237 4061 1454 4114 sincere
1505 4064 1728 4129 praestat
1779 4055 2072 4134 ac_delicta

497 4152 730 4223 pristina
766 4150 945 4221 dedet,
981 4151 1035 4206 id
1060 4160 1250 4207 utnon
1289 4151 1473 4206 verbis
1498 4157 1733 4213 tantum,
1765 4147 1862 4203 sed
1889 4147 2073 4200 animo

497 4259 716 4315 quoque
733 4253 786 4298 et
805 4244 1064 4314 Operibus
1090 4252 1332 4315 peragat,
1365 4258 1396 4297 a
1422 4242 1714 4298 Psalmista
1745 4241 2070 4301 instituitur.

500 4334 763 4390 Hortatur
817 4350 979 4405 porro
1018 4335 1086 4390 ad
1129 4335 1391 4389 alacriter
1438 4333 1831 4396 conﬁtendum,
1868 4346 2078 4386 annun-

499 4428 708 4491 tiando,
748 4427 1012 4494 Quoniam
1065 4427 1229 4482 bonus
1277 4435 1362 4483 est
1410 4426 1696 4491 Dominus,
1745 4425 1991 4496 quoniam
2021 4425 2076 4477 in

499 4522 754 4576 steculum
775 4520 1142 4575 misericordia
1166 4523 1301 4590 ejus.
1333 4520 1542 4575 Idcirco
1570 4520 1646 4580 ait
1677 4523 1928 4590 prompto
1951 4515 2074 4570 ani-

499 4627 592 4666 mo
616 4613 977 4677 conﬁtemini,
1003 4612 1133 4682 quia
1161 4620 1215 4666 et
1245 4613 1362 4681 ipse
1384 4611 1452 4666 ad
1477 4610 1820 4667 clementiam
1850 4615 2074 4680 paratus

500 4710 605 4768 est,
624 4719 827 4774 gnarus
860 4719 947 4760 res
971 4705 1258 4774 pnesentis
1285 4703 1471 4758 saeculi
1497 4700 1877 4760 misericordia
1891 4715 2072 4772 egere,

501 4802 690 4864 utpote
711 4812 833 4866 qua:
861 4796 1117 4851 mortales
1151 4805 1206 4852 et
1235 4794 1394 4858 ﬂuxae
1424 4797 1556 4851 sint.

2159 3422 2229 3475 ἐν
2249 3419 2324 3488 τῇ
2350 3418 2714 3489 χρηστότητι
2740 3432 2854 3469 σου
2870 3413 2988 3468 τῶν
3001 3409 3326 3474 ἐκλεκτῶν,
3359 3408 3464 3461 τοῦ
3483 3407 3682 3474 augear-

2162 3513 2337 3583 θῆναι
2373 3512 2442 3565 ὲν
2464 3510 2809 3580 εὐφροσύνῃ
2841 3507 2946 3561 τοῦ
2977 3505 3130 3559 λαοῦ
3166 3519 3310 3568 σου,
3348 3500 3452 3554 τοῦ
3479 3491 3681 3551 exutus?-

2163 3607 2301 3659 σθαι
2324 3603 2474 3673 μετὰ
2502 3600 2610 3670 τῆς
2639 3598 3045 3668 κληρονομίας
3087 3611 3227 3649 σου.
3261 3590 3420 3646 Αἶνον
3449 3589 3535 3643 καὶ
3559 3586 3682 3673 ὕμνον

2165 3695 2300 3766 πρὸς
2326 3671 2419 3746 τὸν
2461 3691 2593 3744 Θεὸν
2644 3690 2737 3747 καὶ
2770 3691 2799 3741 ὁ
2843 3685 3033 3758 παρὼν
3072 3681 3290 3754 ψαλμδς
3340 3679 3594 3750 περιέχει·
3627 3671 3682 3724 διὸ

2167 3784 2609 3855 ἐπιγέγραπται,
2671 3779 3027 3846 Ἀλληλούϊα
3057 3794 3070 3807 ο
3127 3777 3264 3844 ὅπερ
3328 3767 3680 3844 ἑρμηνεύεται.

2168 3877 2394 3932 Αἰνεῖτε
2418 3876 2524 3935 τὸν
2556 3875 2797 3941 Κύριον.
2825 3869 3158 3942 Προστάττει
3180 3866 3239 3928 δὲ
3260 3863 3422 3926 εὐθὺς
3445 3860 3681 3932 ἀρχὸμενῡς

2167 3971 2279 4032 τοῖς
2334 3966 2744 4038 ἁμαρτημάτων
2791 3959 3135 4034 ὁρμωμένοις
3179 3957 3373 4028 ὥσπερ
3430 3949 3578 4023 ἰατρῷ
3616 3945 3681 4038 καὶ

2173 4060 2382 4132 σωτῆρι
2414 4057 2698 4130 προσιέναι
2739 4054 2818 4126 τῷ
2855 4049 3236 4124 θεραπευτικῷ
3290 4046 3386 4102 τοῦ
3426 4043 3546 4098 Θεοῦ
3584 4036 3678 4132 litin

2172 4152 2265 4206 καὶ
2381 4127 2672 4221 τραύματα
2689 4147 2790 4215 τῆς
2820 4145 2995 4216 ψυχῆς
3015 4139 3362 4213 ἀπογυμνοῦν
3381 4135 3534 4207 αὐτῷ,
3557 4130 3625 4186 διὰ
3640 4127 3680 4180 τὸ

2174 4240 2608 4314 ἐξομολογεῖσθαι
2640 4238 2738 4302 τὰς
2782 4237 2986 4299 οἰκείας
3033 4232 3330 4305 ἁμαρτίας.
3377 4230 3434 4284 '0
3480 4227 3530 4281 δὲ
3571 4221 3680 4276 τοῦτο

2175 4334 2429 4407 πράττων
2455 4331 2713 4404 γνησίως,
2733 4328 2829 4382 καὶ
2861 4326 3292 4395 ἁποκλαιόμενος
3316 4321 3401 4390 ἐφ’
3423 4314 3499 4414 οίς

2177 4400 2578 4498 πρότερον,ὃτι
2613 4422 2687 4493 μὴ
2716 4420 2895 4488 λόγοις
2924 4418 3104 4489 μόνοις
3152 4415 3314 4468 τοῦτο
3361 4409 3568 4501 πράξει,

2177 4521 2244 4589 τῇ
2273 4497 2510 4570 διαθέσει
2563 4513 2658 4572 καὶ
2705 4513 2889 4573 αὐτοῖς
2938 4513 3052 4572 τοῖς
3085 4507 3397 4578 πράγμασι,
3451 4497 3581 4570 παρὰ

2105 4573 2150 4628 D
2177 4573 2482 4681 Ψζαλμιρδοῦ
2520 4602 2802 4674 κομίζεται
2850 4600 2948 4670 τὴν
2993 4573 3297 4669 εἰσήγησιν.
3335 4579 3678 4681 Προτρέπει

2180 4672 2477 4772 προθύμως
2515 4672 2609 4749 sui.
2639 4695 2737 4766 τὴν
2766 4690 3177 4763 ἐξομολόγησιν,
3218 4687 3310 4749 διὰ
3337 4684 3430 4739 τοῦ
3472 4672 3676 4774 ἐπαγγέλ-

2179 4789 2387 4854 λεσθαι,
2423 4789 2546 4843 Ὅτι
2576 4782 2842 4855 χρηστὸς
2869 4783 2898 4835 ὁ
2937 4782 3141 4852 Κύριος
3163 4818 3178 4844 ,
3210 4779 3301 4832 ὅτι
3330 4779 3414 4842 εις
3436 4773 3530 4828 τὸν
3550 4772 3678 4822 αἰῶνα

501 4856 583 4942 τὸ.
612 4856 786 4954 ἕλεος
808 4887 1015 4942 αὑτοῦ.
1065 4888 1166 4942 Διὰ
1213 4856 1384 4948 ταῦτα
1434 4889 1565 4959 γὰρ,
1599 4889 1751 4961 φησὶ,
1783 4889 2080 4960 προθύμως
2142 4881 2574 4956 ἐξομολογεῖσθε,
2614 4881 2697 4933 ὃτι
2753 4877 2848 4930 καὶ
2879 4873 3042 4938 αὐτὸς
3075 4873 3292 4943 ἕτοιμός
3328 4872 3472 4930 ἐστιν
3511 4865 3577 4926 εἰς
3597 4856 3676 4928 φίλ’

504 4982 843 5054 ανθρωπίαν,
871 4980 1029 5046 εἰδὼς
1050 4983 1133 5036 ὅτι
1160 4983 1310 5040 ἐλέου
1330 4983 1500 5036 δεῖται
1528 4983 1598 5036 τὰ
1616 4983 1708 5036 τοῦ
1741 4981 2031 5045 ἐνεστῶτος
2059 4978 2254 5043 αἰῶνος
2282 4976 2580 5049 πράγματα
2603 4969 2774 5042 θνητὰ
2798 4970 2928 5022 ὄντα
2954 4967 3050 5021 καὶ
3083 4965 3343 5035 ἐπίκηρα.

577 5071 746 5127 Vsus.
765 5071 822 5127 6.
854 5073 1196 5128 Peccavimus
1223 5089 1338 5127 cum
1364 5072 1604 5142 patribus
1637 5073 1857 5136 nostris,
1885 5073 2083 5141 injuste

507 5165 730 5236 egimus,
763 5164 1094 5233 iniquitatem
1143 5165 1384 5234 fecimus.
1427 5162 1549 5218 Non
1584 5165 1706 5229 soli,
1728 5164 1924 5234 inquit,
1958 5177 2058 5233 pec

510 5257 791 5324 cavimus;
821 5258 917 5314 sed
945 5258 989 5315 si
1023 5258 1146 5328 quis
1164 5259 1276 5327 jam
1300 5256 1425 5311 inde
1460 5271 1489 5310 a
1512 5257 1712 5328 priscis
1746 5256 2083 5326 temporibus

510 5348 778 5418 exploret,
799 5365 972 5420 genus
995 5356 1247 5405 nostrum
1301 5349 1542 5418 peccatis
1583 5363 1800 5418 semper
1839 5346 2082 5402 deditum

515 5439 686 5497 fuisse
709 5441 1096 5512 deprehendet.
1115 5439 1251 5494 Cum
1273 5440 1418 5495 enim
1447 5454 1478 5493 a
1499 5439 1684 5512 Moyse
1707 5448 1786 5494 tot
1820 5439 2085 5493 miracula

515 5531 826 5598 ederentur,
848 5550 960 5590 non
989 5533 1412 5596 intellexerunt;
1443 5533 1539 5586 sed
1573 5532 1807 5586 salutem
1843 5531 2011 5593 nacti,
2033 5538 2087 5584 et

518 5620 588 5676 ab
602 5621 978 5693 Aﬁgy'ptiorum
1005 5625 1266 5681 servitute
1296 5623 1530 5690 liberati,
1557 5639 1666 5678 non
1690 5627 2086 5694 cognoverunt,

591 5796 634 5828 ”
672 5793 829 5869 Deut.
864 5811 937 5863 tx,
973 5798 1089 5863 4-6.

2262 5038 2624 5136 Ἡριὶρτομεν
2668 5038 2820 5131 μετὰ
2845 5057 2965 5115 τῶν
2994 5055 3261 5125 πατέρων
3285 5051 3466 5124 ἡμῶν,
3511 5038 3672 5114 tironi

2183 5176 2398 5231 σαμεν,
2418 5155 2815 5227 ἠδικήσαμεν.
2856 5151 2932 5205 Ui:
2977 5149 3148 5220 μόνοι,
3185 5145 3364 5216 φησὶν,
3396 5138 3670 5231 ἡμάρτομεν

2187 5219 2302 5312 ἀλλ’
2336 5219 2392 5303 εί
2417 5219 2502 5312 τις
2523 5219 2829 5312 ἐξετάσειεν
2852 5219 3059 5296 ἄνωθεν
3099 5239 3207 5294 ἀπὸ
3225 5236 3332 5290 τῶν
3364 5231 3565 5305 πρώτων
3588 5219 3672 5312 κρέ’

2189 5309 2316 5407 νων,
2349 5309 2503 5412 εὖροι⁹
2533 5309 2600 5392 ἂν
2642 5337 2730 5391 ἀεὶ
2768 5335 2876 5390 ’καὶ
2904 5335 2971 5387 ἐκ
3017 5330 3112 5385 τοῦ
3143 5327 3337 5389 παντὸς
3374 5309 3670 5412 ἁμαρτητικὸν

2190 5408 2452 5503 τυγχάνον
2476 5431 2538 5484 τὸ
2567 5428 2836 5501 ἡμέτερον
2866 5424 3041 5494 γένος.
3091 5418 3362 5476 Τοσούτων
3402 5413 3498 5508 γαρ
3521 5408 3668 5508 Omittit:

2194 5486 2442 5580 etesset
2473 5486 2760 5583 Μωύσέως.
2779 5486 3227 5585 ἐπιτελουμένων,
3247 5509 3308 5563 οὐ
3337 5504 3559 5598 συνῆξανν

2194 5619 2287 5673 καὶ
2317 5614 2587 5687 σωτηρίας
2607 5612 2883 5690 τυχόντες,
2918 5605 3011 5662 καὶ
3039 5604 3137 5678 τῆς
3163 5603 3255 5658 ὑπ’
3278 5593 3556 5674 Αἰγυπτίοις
3581 5593 3662 5638 δοψ
