3868 6282
187 317 342 376 1513

1320 313 1830 387 εοΜιιΕΝτΑιιιΑ
1873 332 1940 388 IN
1979 317 2322 391 Psaiuos.

3317 323 3464 393 lslt

182 432 346 497 λείας
377 433 858 509 ἐλευθερωθέντες,
901 440 1001 494 οὐκ
1035 430 1298 511 ἔγνωσαν,
1332 447 1415 500 ὅτι
1464 448 1525 500 οὑ
1565 448 1654 503 διὰ
1679 447 1767 513 τὰς

1881 451 2026 522 quod
2063 468 2172 507 non
2194 451 2422 521 justitia:
2443 466 2557 508 sua:
2586 467 2777 520 causa,
2809 455 2988 524 neque
3017 441 3161 525 quod
3214 454 3322 524 ipsi
3365 453 3461 511 Del

181 525 375 580 αὐτῶν
404 527 772 594 δικαιοσύνας,
794 531 916 586 οὔτε
943 533 1104 587 διὰτὸ
1135 533 1272 590 εἶναι
1308 540 1615 611 ἐπισκοπῆς
1640 539 1774 594 Θεοῦ

179 617 398 685 ἀξίους,
449 620 535 674 διὰ
580 622 636 676 δὲ
677 623 736 676 τὸ
767 624 971 695 πλῆθος
1002 627 1094 680 τοῦ
1127 628 1311 694 ἐλέους
1361 631 1528 684 αὑτοῦ
1572 631 1776 687 τούτων

175 711 548 783 τετυχῄκᾳσι.

269 805 334 855 Ol
374 803 622 872 πατέρες
663 806 829 876 ἡμῶν
864 807 933 860 ἐν
964 809 1238 878 Αἰγύπτῳ
1279 812 1349 865 οὐ
1395 810 1675 879 συνῆκαν
1706 812 1778 866 τὰ

176 889 496 959 θαυμάσια
519 910 656 960 σου,
682 899 791 950 οὐκ
819 896 1215 966 ἐμνήσθησαν
1241 900 1346 953 τοῦ
1370 901 1642 969 πλήθους
1671 902 1775 956 τοῦ

172 980 404 1050 ἐλέους
434 999 570 1038 σου.
609 987 719 1040 Kal
764 989 1217 1057 παρεπίκραναν
1255 991 1685 1059 ἀναϐαίνοντες
1706 993 1776 1046 ἐν

171 1072 270 1144 τῇ
315 1076 558 1146 Ἐρυθρᾷ
614 1079 918 1151 θαλάσσῃ.
981 1080 1165 1135 Ταῦτα
1219 1083 1320 1154 μὲν
1366 1085 1395 1136 ό
1441 1085 1547 1156 πρὸ
1583 1085 1774 1138 τούτου

171 1165 433 1238 διείληφε
467 1170 703 1242 ψαλμὸς,
745 1174 1074 1244 ἐπετέμνετο
1109 1175 1164 1228 δὲ
1200 1175 1361 1240 αὐτὸς
1398 1177 1492 1230 καὶ
1538 1178 1637 1242 τὰς
1683 1179 1776 1232 ἐπὶ

171 1260 292 1331 τῆς
324 1263 530 1333 ἐρήμου
557 1264 1032 1336 παραδοξοποιίας,
1070 1267 1232 1338 μηδὲν
1263 1272 1648 1341 κατηγορήσας
1679 1271 1772 1325 τοῦ

170 1352 342 1406 λαοῦ.
388 1355 443 1406 '0
490 1354 547 1408 δὲ
599 1355 790 1426 παρὼν
851 1359 1294 1430 ὲπαναλαμόάνει
1353 1360 1451 1429 τὴν
1500 1361 1773 1433 διήγησιν,

170 1446 286 1499 καὶ
346 1447 525 1511 πάσας
588 1448 680 1502 τοῦ
749 1449 879 1502 λαοῦ
947 1451 1047 1514 τὰς
1119 1452 1436 1516 δυσσεϐείας
1503 1455 1772 1520 διέξεισιν.

175 1534 350 1592 Ἷζστι
377 1538 432 1591 δὲ
467 1541 561 1593 καὶ
597 1542 625 1594 ό
670 1542 778 1605 πᾶς
810 1540 967 1610 λόγος
991 1541 1086 1596 τοῦ
1141 1544 1409 1600 Ἰουδαίων
1441 1544 1572 1599 λαοῦ
1605 1564 1774 1619 κατη-

168 1629 429 1701 γορικός.
489 1632 593 1686 Καὶ
640 1635 1091 1702 παρεπίκραναν
1123 1636 1550 1704 ἀναϐαίνοντες
1592 1638 1662 1692 ἐν
1697 1636 1773 1708 τῇ

184 1721 445 1790 Ἐρυθρᾷ
467 1723 766 1795 θαλάσσῃ.
787 1726 1183 1797 Προσελθόντες
1215 1732 1421 1801 Μωῦσῇ
1448 1731 1540 1783 καὶ
1571 1732 1775 1803 φήσαν-

1883 544 2224 614 providentia
2269 543 2420 614 digni
2473 552 2700 610 essent,
2757 547 2853 601 sed
2902 547 2974 601 ob
3030 545 3460 618 magnitudinem

1883 633 2274 690 misericordiae
2305 633 2500 704 ipsius,
2542 633 2656 689 haec
2683 636 2969 692 consecuti
2994 636 3124 692 sint.

1952 809 2120 864 Vens.
2151 809 2202 872 7,
2228 807 2280 863 8.
2312 805 2502 862 Patres
2534 807 2702 862 nostri
2731 809 2788 862 in
2815 808 3048 880 zEgypto
3070 827 3174 866 non
3194 810 3461 866 intellexe-

1881 911 2008 955 runt
2037 901 2308 955 mirabilia
2345 911 2458 965 tua,
2504 916 2608 954 non
2648 900 2863 970 filerunt
2916 917 3169 957 memores
3215 902 3462 956 multitu-

1880 989 2021 1045 dinis
2054 991 2433 1045 misericordiae
2475 999 2599 1045 tute.
2639 989 2703 1044 Et
2737 992 3080 1046 irritaverant
3124 994 3459 1049 ascendentes

1882 1081 1938 1133 in
1964 1096 2108 1133 mare
2132 1078 2385 1134 Rubrum.
2423 1078 2546 1134 Haec
2568 1080 2786 1150 quidem
2839 1081 3158 1151 prmcedens
3211 1085 3460 1153 psalmus

1861 1173 2180 1258 .enarravit,
2213 1172 2485 1227 mirabilia
2520 1187 2651 1226 vero
2684 1172 2740 1226 in
2791 1173 3008 1229 deserto
3053 1182 3269 1243 patrata
3306 1190 3462 1231 com-

1883 1265 2080 1334 pendio
2107 1265 2316 1327 retulit,
2351 1264 2670 1333 nullamque
2698 1265 2776 1342 _in
2832 1265 3092 1334 p0puldm
3152 1269 3460 1321 accusatio-

1881 1371 2006 1409 nem
2050 1355 2309 1410 instituit.
2348 1351 2447 1408 Hic
2494 1367 2625 1410 vero
2653 1356 2900 1425 psalmus
2930 1359 3156 1411 resumit
3189 1359 3460 1412 narratio-

1879 1462 2026 1512 nem,
2086 1462 2387 1518 omnesque
2445 1449 2631 1517 populi
2681 1447 2988 1515 impietatcs
3039 1457 3456 1504 eammemorat.

1879 1536 2162 1607 Totusque
2202 1535 2647 1591 sermoludaicze
2668 1537 2848 1607 gentis
2895 1537 3178 1591 accusatio
3228 1546 3332 1594 est.
3387 1537 3460 1591 Et

1878 1630 2221 1683 irritaverant
2247 1626 2583 1682 ascendentes
2607 1628 2663 1681 in
2690 1645 2837 1682 mare
2864 1627 3098 1681 Rubrum
3121 1630 3198 1694 7°;
3235 1645 3358 1683 cum
3389 1630 3457 1684 ad

1879 1718 2124 1790 Moysem
2166 1719 2493 1773 accedentes
2525 1719 2772 1778 dicerent
2802 1735 2814 1770 :
2851 1717 3068 1773 Utinam
3096 1721 3293 1775 mortui
3318 1738 3460 1777 esse-

164 1829 299 1878 τες,
322 1815 577 1883 Ὄφελον
590 1817 708 1886 μὲν
723 1817 1100 1887 ἀπεθάνομεν
1115 1821 1182 1873 ἐν
1299 1823 1594 1890 Αἰγύπτῳ,
1609 1822 1645 1892 ἢ
1663 1822 1765 1876 ἐπὶ

1877 1825 1988 1863 mus
2025 1809 2081 1862 in
2113 1807 2368 1880 Afyypto,
2395 1818 2488 1862 aut
2518 1809 2573 1863 in
2604 1813 2702 1862 hac
2732 1809 3053 1864 solitudine!
3077 1821 3131 1866 et
3165 1831 3178 1866 :
3213 1813 3295 1865 An
3331 1815 3458 1882 quia

165 1904 298 1973 τῆς
316 1905 538 1976 ἐρήμου
552 1909 791 1976 ταύτης·
819 1910 932 1974 καὶ,
953 1911 1118 1978 Παρὰ
1142 1913 1206 1964 τὸ
1224 1912 1309 1981 ,μὴ
1325 1913 1474 1966 εἶναι
1495 1914 1777 1984 μνήματα

164 1995 259 2048 ἐν
283 1999 580 2068 Αἰγύπτῳ,
631 1999 924 2070 ἐξήγαγες
977 2001 1155 2071 ἡμᾶς,
1205 2004 1540 2058 θανατῶσαι
1582 2006 1652 2058 ἐν
1700 2005 1777 2075 τῇ

167 2087 385 2157 ἐρήμῳ
403 2106 422 2153 ;
458 2091 518 2143 Τί
546 2089 721 2145 τοῦτο
754 2092 1048 2161 ἐποίησας
1081 2094 1224 2163 ἡμῖν
1251 2095 1556 2166 ἐξαγαγὼν
1584 2096 1654 2162 ἐξ
1677 2099 1776 2151 Al-

167 2181 452 2250 τύπτουξ
484 2184 564 2238 Οὐ
590 2183 766 2238 τοῦτο
789 2181 865 2257 ἦν
891 2187 957 2240 τὸ
972 2186 1135 2257 ῥῆμα
1163 2187 1194 2241 ὃ
1217 2188 1606 2258 ἐλαλήσαμεν
1626 2191 1775 2259 πρὸς

167 2274 259 2327 σὲ
285 2273 354 2326 ἐν
375 2276 652 2344 Αἰγύπτῳ
687 2275 990 2345 λέγοντες·
1022 2278 1215 2347 Πάρες
1247 2277 1424 2350 ἡμᾶς,
1453 2279 1613 2347 ὅπως
1643 2282 1775 2336 δου-

165 2363 499 2433 λεύσωμεν
546 2366 673 2431 τοῖς
719 2369 1098 2437 Αίγυπτίοις;
1128 2369 1430 2437 Κρεῖσσον
1465 2371 1575 2440 γὰρ
1614 2371 1774 2442 ’ἡμᾶς

166 2454 498 2510 δουλεύειν
548 2457 673 2522 τοῖς
725 2461 1087 2530 Αἰγυπτίοις,
1130 2461 1168 2528 ἢ
1210 2462 1534 2516 ἀποθανεῖν
1581 2464 1650 2516 ὲν
1697 2462 1774 2533 τῇ

166 2546 382 2617 ἐρήμῳ
420 2551 626 2616 ταύτῃ.
664 2552 770 2603 Καὶ
799 2553 921 2605 ὅσον
962 2553 1060 2624 μὲν
1101 2555 1186 2606 ἐπ’
1226 2554 1411 2616 αὐτοῖς
1451 2555 1648 2626 πικρὸν
1676 2557 1774 2609 αὐ-

166 2643 298 2698 τοῖς
321 2642 441 2693 ἀντὶ
465 2642 705 2713 χρηστοῦ
733 2643 822 2696 τὸν
849 2643 980 2697 Θεὸν
1009 2649 1430 2716 κατεστήσαντο.
1480 2647 1536 2699 ’0
1561 2647 1618 2700 δὲ
1644 2649 1774 2716 ἀγα-

169 2735 276 2796 θὸς
331 2733 464 2796 Θεὸς
523 2733 767 2787 πλουτῶν
815 2735 950 2807 ἐλέῳ
1006 2738 1100 2791 καὶ
1150 2737 1548 2810 φιλανθρωπίᾳ,
1611 2738 1772 2793 πάλιν

167 2823 404 2882 ἔσωζεν
435 2824 659 2890 αὐτοὺς
691 2825 900 2879 ἕνεκεν
937 2827 1042 2881 τοῦ
1091 2829 1383 2896 ὀνόματος
1417 2829 1624 2895 αὐτοῦ,
1661 2828 1771 2884 τοῦ

167 2915 468 2984 γνωρίσαι
498 2915 615 2984 τὴν
646 2915 1017 2970 δυναστείαν
1050 2918 1259 2972 αὐτοῦ·
1304 2919 1455 2983 ὅπως
1486 2919 1561 2990 μὴ
1595 2919 1768 2975 εἴπω-

171 3022 270 3059 σιν
310 3009 357 3059 οἱ
391 3007 629 3071 ἀσεϐεῖς,
666 3008 788 3062 Ποῦ
811 3009 984 3063 ἐστιν
1010 3010 1038 3062 ὁ
1072 3009 1216 3076 Θεὸς
1244 3010 1474 3075 αὑτῶν;
1499 3012 1586 3065 διὰ
1613 3011 1771 3066 τοῦτο

168 3101 445 3171 παρεῖχεν
471 3101 655 3164 αὐτοῖς
684 3101 780 3154 καὶ
807 3101 928 3154 τότε
962 3102 1061 3172 τὴν
1095 3104 1388 3175 σωτηρίαν,
1431 3105 1770 3176 πανταχόθεν

1877 1898 2122 1968 sepulcra
2157 1916 2260 1953 non
2293 1908 2446 1954 erant
2480 1901 2534 1953 in
2561 1899 2792 1971 IEgypto
2838 1902 3069 1958 eduxisti
3105 1921 3221 1968 nos,
3267 1915 3328 1958 ut
3375 1907 3458 1960 in.

1877 1991 2139 2059 terﬁceres
2174 1990 2230 2044 in
2268 1991 2599 2047 solitudine?
2633 1992 2774 2058 Quid
2818 1993 2914 2047 hoc
2945 1994 3118 2063 fecisti
3149 1995 3298 2049 nobis
3327 1997 3458 2050 eda-

1877 2099 1996 2137 cens
2029 2099 2094 2137 ex
2129 2082 2406 2153 Egypto?
2435 2082 2625 2138 Nonne
2657 2084 2741 2138 hic
2787 2094 2903 2139 erat
2946 2102 3137 2151 sermo,
3168 2104 3320 2158 quem
3373 2089 3454 2142 lo-

1875 2175 1986 2228 cuti
2026 2191 2208 2229 sumus
2249 2175 2317 2229 ad
2361 2185 2406 2229 te
2439 2175 2495 2229 in
2538 2174 2772 2247 Egypto
2797 2177 3026 2231 dicentes
3055 2195 3076 2233 :
3109 2177 3330 2233 Dimitte
3360 2197 3455 2234 nos

1873 2274 1933 2320 ut
1967 2267 2257 2320 serviamus
2291 2266 2604 2337 Egyptiis?
2636 2268 2828 2324 Melius
2855 2281 2936 2323 est
2982 2271 3120 2324 enim
3144 2289 3239 2326 nos
3263 2273 3457 2328 servire

1875 2356 2166 2429 Egyptiis,
2199 2376 2357 2430 quam
2391 2362 2526 2414 mori
2549 2362 2605 2415 in
2651 2361 2937 2416 solitudine
2961 2362 3138 2418 hac“.
3167 2363 3253 2429 Et,
3279 2380 3453 2435 quan-

1874 2459 1987 2504 tum
2015 2452 2068 2505 in
2093 2452 2228 2522 ipsis
2256 2453 2473 2524 quidem
2512 2454 2678 2508 situm
2711 2462 2851 2519 erat,
2888 2455 3058 2510 Deum
3105 2455 3209 2511 sibi
3241 2472 3306 2511 ex
3338 2459 3456 2512 clo-

1874 2551 2056 2600 mente
2092 2545 2350 2600 acerbum
2387 2546 2716 2600 efﬁciebant.
2749 2546 2819 2599 At
2862 2547 3040 2601 bonus
3070 2545 3236 2614 Deus,
3288 2547 3455 2603 mise-

1874 2636 2111 2690 ricordia
2159 2644 2215 2692 ct
2255 2636 2680 2692 mansuetudine
2728 2635 2923 2703 dives,
2982 2649 3177 2692 rursus
3229 2638 3456 2692 saluauit

1871 2745 1961 2782 eos
2003 2737 2216 2797 propter
2257 2744 2448 2782 nomen
2483 2745 2672 2793 suum,
2713 2737 2772 2782 ut
2814 2737 2998 2783 notam
3038 2729 3233 2798 faceret
3269 2741 3454 2800 poten—

1873 2821 2004 2872 tiam
2056 2834 2244 2883 suam;
2284 2834 2353 2874 ne
2399 2819 2554 2889 impii
2604 2819 2896 2874 dicerent:
2933 2818 3034 2874 Ubi
3079 2830 3160 2874 est
3196 2819 3339 2875 Deus
3364 2835 3455 2875 eo--

1870 2911 2082 2966 rum"?
2112 2910 2238 2966 Ideo
2281 2911 2416 2982 ipsis
2455 2913 2686 2967 salutem
2747 2920 2882 2967 tunc
2943 2912 3208 2983 impertiit
3241 2932 3255 2968 :
3287 2913 3460 2968 undi-r

1873 3018 1980 3072 que
2003 3002 2126 3056 illos
2158 3001 2226 3058 ad
2253 3005 2483 3058 salutem
2519 3002 2874 3072 compellens.
2907 3002 2986 3056 Illi
3013 3010 3194 3058 autem
3227 3003 3354 3068 victi
3384 3003 3456 3056 ad

1872 3095 2151 3150 modicum
2207 3104 2420 3164 tempus
2464 3095 2646 3150 verbis
2703 3095 2824 3164 ejus
2874 3095 3251 3163 crediderunt,
3300 3107 3452 3166 post-

167 3191 381 3254 αὐτοὺς
428 3192 766 3246 συνελαύνων
812 3194 904 3246 ἐπὶ
955 3193 1042 3265 τὴν
1079 3196 1355 3266 σωτηρίαν
1387 3196 1585 3251 αὐτῶν.
1624 3198 1683 3250 Οἱ
1711 3196 1767 3250 δὲ

1877 3202 2034 3259 quam
2067 3202 2218 3241 mare
2237 3185 2481 3240 Rubrum
2510 3186 2860 3240 transierant.

167 3284 496 3354 νικηθέντες
534 3285 671 3355 πρὸς
721 3287 819 3355 μὲν
859 3285 1037 3354 ὀλίγον
1073 3287 1400 3341 ἐπίστευσαν
1441 3291 1551 3352 τοῖς
1587 3287 1770 3357 λόγοις
1803 3278 1989 3343 αὐτοῦ,
2017 3277 2316 3342 διελθόντες
2334 3279 2434 3349 τὴν
2479 3277 2745 3350 Ἐρυθρὰν
2777 3277 3073 3332 θάλασσαν.

251 3377 362 3430 Καὶ
408 3376 733 3446 ἐπετίμησε
777 3374 849 3445 τῇ
891 3377 1134 3446 Ἐρυθρᾷ
1184 3378 1499 3449 θαλάσσῃ,
1545 3380 1642 3434 καὶ
1679 3378 1770 3444 ἐξ·

167 3466 436 3536 ηρὰνθη,
478 3468 577 3521 καὶ
621 3466 940 3539 ὡδήγησεν
972 3472 1194 3538 αὐτοὺς
1223 3472 1292 3525 ὲν
1313 3473 1562 3540 ἀϐύσσῳ
1593 3474 1672 3538 ὠς
1700 3473 1769 3526 ὲν

165 3559 396 3629 ἐρήμῳ.
455 3559 513 3611 Ὀ
560 3561 890 3632 ἐπιτιμήσας
941 3563 1007 3633 τῇ
1067 3561 1305 3634 Ἐρυθρᾷ
1345 3563 1590 3638 θαλάσσῃ
1631 3566 1766 3617 πᾶσι

164 3653 312 3715 Θεὸς
343 3653 780 3725 ἀνωμολόγηται.
821 3655 885 3708 Εἰ
920 3652 1013 3708 οὖν
1048 3657 1144 3708 καὶ
1190 3657 1398 3730 Ἰησοῦς
1431 3657 1766 3730 κλονουμένῃ

165 3746 462 3800 ἐπιτάσσει
497 3749 564 3818 τῇ
597 3747 862 3816 θαλάσσῃ,
890 3749 1025 3800 πᾶσι
1049 3746 1180 3809 Θεὸς
1209 3728 1648 3818 ἀνωμολόγηται,
1679 3728 1765 3802 ἵνα

164 3840 242 3892 ἐκ
283 3838 579 3910 τρικυμίας
618 3839 652 3909 ἢ
690 3838 959 3902 κλύδωνος
988 3839 1195 3910 γαλήνη
1241 3839 1484 3909 γένηται.
1527 3841 1658 3904 Θεὸς
1691 3839 1766 3895 ὢν

165 3931 341 3997 αὐτὸς
383 3933 411 3984 ὁ
440 3933 776 4004 ἐπιτιμήσας
813 3934 878 4004 τῇ
923 3931 1159 4004 Ἐρυθρᾷ
1185 3932 1428 4005 θαλάσσῃ
1457 3934 1549 3986 καὶ
1578 3932 1769 4005 ξηραί-

165 4041 284 4092 νων
315 4023 503 4096 αὐτὴν,
534 4025 610 4088 ὡς
643 4023 979 4094 διοδεύσιμον
1013 4025 1183 4095 αὐτὴν
1212 4025 1483 4092 γενέσθαι,
1524 4025 1622 4096 τὴν
1662 4024 1768 4078 πά-

164 4105 266 4168 λαὶ
293 4115 566 4170 θάλασσαν
595 4115 688 4168 καὶ
716 4115 953 4170 ἄϐυσσον
977 4114 1066 4169 διὰ
1094 4116 1153 4168 τὸ
1179 4115 1292 4169 τῶν
1319 4115 1527 4169 ὑδάτων
1560 4117 1764 4188 πλῆθος

166 4206 323 4262 οὕτω
348 4207 709 4280 καλουμένην.

245 4301 359 4355 Καὶ
396 4301 591 4354 ἔσωσε
635 4300 858 4367 αὐτοὺς
909 4301 976 4353 ἐκ
1026 4300 1224 4370 χειρὸς
1262 4298 1610 4369 μισοῦντος,
1666 4296 1765 4352 καὶ

169 4393 559 4461 ἐλυτρὼσατο
580 4393 801 4460 αὐτοὺς
830 4393 897 4447 ὲκ
923 4394 1121 4464 χειρές
1149 4387 1386 4460 ἐχθροῦ.
1428 4389 1764 4460 Ἐκιὶλυψεν

169 4483 336 4552 ὕδωρ
369 4483 511 4550 τοὺς
557 4484 872 4550 θλίϐοντας
916 4483 1157 4548 αὐτοὺς,
1204 4477 1291 4547 εἷς
1322 4481 1391 4546 ἐξ
1418 4477 1617 4535 αὐτῶν
1649 4483 1762 4552 οὐχ

169 4577 530 4646 ὑπελείφθη.
571 4577 790 4648 Ζητήσῃ
824 4593 908 4639 τις
953 4575 1018 4628 ἂν
1050 4575 1174 4647 περὶ
1202 4574 1310 4627 τῶν
1336 4573 1639 4645 ὲπιμίκτων
1667 4575 1763 4628 Αἰ-

171 4667 445 4736 γυπτίων,
473 4667 580 4720 τῶν
606 4665 923 4719 διελθόντων
953 4666 1050 4737 τὴν
1083 4665 1376 4729 θάλασσαν,
1426 4665 1518 4718 καὶ
1551 4667 1630 4729 είς
1662 4665 1761 4738 τὴν
1792 4687 1837 4743 ι)

173 4759 384 4828 ἕρημον
408 4757 522 4827 ἆ-μα
545 4756 622 4828 τῷ
649 4755 762 4826 λαῷ
786 4756 1114 4826 γενομένων.
1145 4755 1287 4826 Πρὸς
1312 4755 1368 4806 ὃν
1393 4755 1645 4828 ἐροῦμεν,
1675 4757 1758 4809 ὅτι

177 4849 257 4919 μὴ
285 4846 393 4900 τῶν
427 4846 714 4900 θλιϐόντων
750 4832 889 4917 ἦσαν
936 4845 1028 4898 τὸν
1075 4845 1310 4916 Ἰσραήλ.
1368 4846 1502 4917 Περὶ⁸
1549 4847 1606 4900 δὲ
1651 4846 1760 4900 τῶν

175 4938 466 4992 θλιϐόντων
493 4938 677 5010 εἴρητο
701 4939 781 5002 τὸ,
813 4933 917 5003 Εἷς
943 4937 1010 5002 ἐξ
1037 4936 1238 4991 αὐτῶν
1266 4940 1378 5008 οὐχ
1403 4939 1757 5008 ὑπελείφθη.

188 5035 250 5089 Ὀ
269 5035 327 5088 δὲ
355 5036 644 5106 ὲπίμικτος
673 5035 801 5098 λαὸς
829 5035 1126 5104 Αἰγύπτιος
1157 5035 1255 5105 μὲν
1280 5029 1370 5106 ἦν,
1405 5034 1676 5088 πιστεύων
1701 5034 1761 5088 δὲ

174 5130 298 5192 ταῖς
323 5129 602 5192 Μωῦσέως
640 5129 864 5197 φωναῖς,
895 5127 1164 5198 σωτηρίας
1196 5127 1404 5198 ἔτυχεν.

251 5222 360 5276 Καὶ
387 5220 763 5274 ἐπίστευσαν
786 5218 868 5285 τῷ
894 5220 1054 5289 λόγῳ
1085 5219 1294 5281 αὑτοῦ,
1326 5219 1423 5272 καὶ
1450 5211 1614 5290 ᾖσαν
1645 5217 1762 5288 τὴν

1947 3371 2111 3426 Vens.
2132 3369 2184 3424 9.
2205 3369 2275 3423 Et
2299 3371 2558 3439 increpuit
2582 3386 2729 3424 mare
2755 3368 3015 3436 Rubrum,
3047 3380 3098 3426 et
3125 3373 3452 3429 exsiccatum

1868 3475 1968 3532 est,
2000 3474 2048 3520 et
2075 3463 2294 3518 deduxit
2319 3480 2407 3518 eos
2427 3466 2480 3517 in
2533 3463 2724 3534 abytso
2781 3469 2920 3519 sicut
2973 3465 3028 3518 in
3081 3466 3306 3524 deserto.
3344 3468 3451 3535 Qui

1869 3557 2144 3626 increpuit
2171 3570 2320 3609 mare
2354 3553 2638 3619 Rubrum,
2665 3555 2732 3609 ab
2767 3555 3024 3611 omnibus
3056 3555 3202 3611 Deus
3229 3558 3450 3614 habitus

1867 3657 1922 3704 et
1945 3649 2253 3704 declaratus
2306 3657 2411 3703 est.
2450 3646 2588 3701 Cum
2647 3663 2779 3718 ergo
2825 3647 2988 3704 Jesus
3047 3650 3253 3720 agitato
3309 3651 3450 3704 mari

1869 3739 2123 3808 imperat,
2167 3739 2308 3808 apud
2331 3753 2522 3792 omnes
2549 3737 2604 3790 in
2657 3737 2911 3793 confesso
2942 3737 3044 3792 fuit
3089 3739 3268 3809 ipsum
3322 3756 3448 3797 esse

1867 3829 2061 3894 Deum,
2096 3835 2156 3882 ut
2205 3845 2272 3884 ex
2312 3835 2636 3897 tempestate
2671 3835 2725 3881 et
2781 3828 3042 3898 procella,
3073 3830 3447 3899 tranquillitas

1866 3920 2180 3977 exsisteret.
2241 3919 2391 3975 idem
2431 3919 2635 3990 quippe
2683 3919 2828 3974 Deus
2871 3927 2957 3974 est
3015 3921 3108 3991 qui
3142 3922 3448 3993 increpavit

1866 4029 2018 4069 mare
2050 4012 2300 4068 Rubrum
2323 4022 2377 4068 et
2401 4012 2700 4069 exsiccavit
2727 4012 2882 4076 illud,
2919 4012 2993 4066 ita
3021 4023 3082 4068 ut
3119 4017 3446 4084 pertransiri

1865 4116 2053 4178 posset
2086 4106 2161 4171 id,
2224 4106 2369 4174 quod
2416 4106 2547 4160 olim
2593 4105 2666 4160 ob
2709 4105 3116 4161 multitudinem
3180 4121 3445 4178 aquarum

1867 4213 2017 4252 mare
2045 4206 2097 4252 et
2121 4197 2354 4268 abyssus
2375 4195 2695 4252 vocabatur.

1941 4288 2101 4346 Vens.
2140 4291 2229 4354 10,
2257 4289 2344 4345 11.
2378 4287 2452 4342 Et
2471 4291 2695 4344 saluauit
2726 4306 2814 4344 eos
2835 4289 2899 4344 de
2922 4306 3085 4345 manu
3120 4290 3366 4356 odientis,
3394 4304 3446 4347 et

1865 4385 2084 4439 redemit
2105 4401 2190 4438 eos
2219 4383 2282 4437 de
2308 4399 2468 4436 manu
2504 4383 2725 4438 inimici.
2757 4383 2976 4452 Operuit
3011 4401 3151 4456 aqua
3180 4385 3446 4440 tribulan-

1866 4485 1939 4531 tes
1968 4494 2077 4542 eos,
2105 4492 2240 4530 unus
2271 4490 2337 4529 ex
2370 4476 2444 4530 eis
2476 4492 2580 4530 non
2611 4477 2882 4530 remansit.
2908 4476 3125 4542 Quaerat
3145 4477 3442 4548 quispiam,

1865 4568 1933 4624 de
1956 4568 2286 4639 promiscuis
2339 4565 2616 4640 Egyptiis
2645 4568 2739 4639 qui
2787 4583 2938 4622 mare
2995 4569 3352 4632 transierunt,
3388 4576 3443 4623 et

1866 4677 1976 4716 una
2005 4678 2130 4716 cum
2161 4660 2362 4733 p0pulo
2401 4663 2456 4715 in
2504 4661 2723 4716 deserto
2778 4659 3161 4715 versabantur.
3199 4660 3300 4715 Cui
3351 4677 3442 4716 rea

1867 4753 2285 4824 spondebimus,
2315 4769 2413 4810 eos
2455 4768 2566 4808 non
2625 4768 2691 4807 cx
2733 4768 2966 4807 numero
3016 4753 3441 4824 opprimentium

1867 4847 2122 4902 lsraelem
2177 4846 2366 4903 fuisse.
2403 4845 2478 4901 De
2530 4845 2918 4901 tribulantibus
2993 4854 3174 4901 autem
3233 4845 3441 4900 dictum

1868 4947 1953 4995 est
1983 4955 1995 4991 :
2036 4936 2182 4994 Unus
2209 4955 2274 4994 ea:
2301 4940 2376 4994 eis
2410 4955 2516 4993 non
2565 4939 2842 4993 remansit.
2907 4938 3264 4994 Promiscuus
3311 4955 3442 4993 vero

1867 5029 2125 5100 populus,
2149 5027 2441 5101 Egyptius
2468 5026 2690 5098 quidem
2743 5037 2883 5094 erat,
2912 5026 3010 5082 sed
3059 5041 3186 5081 cum
3236 5025 3442 5096 Moysis

1863 5121 2093 5176 vocibus
2118 5120 2386 5184 crederet,
2424 5120 2655 5176 salutem
2692 5127 2776 5174 est
2800 5125 3154 5173 consecutus.

1933 5210 2103 5269 Vens.
2149 5211 2236 5277 12,
2267 5212 2352 5267 13.
2381 5209 2449 5264 Et
2481 5209 2815 5264 crediderunt
2844 5209 2998 5263 verbo
3016 5207 3154 5277 ejus,
3179 5216 3229 5262 et
3254 5215 3442 5261 canta-

177 5315 415 5368 αῖνεσιν
456 5311 663 5368 αὐτοῦ.
723 5311 1072 5381 Ἐτάχυναν,
1107 5311 1490 5365 ’ἐπελάθοντο
1519 5311 1637 5364 τῶν
1664 5311 1766 5380 ἕρ·-

1877 5315 2044 5360 verunt
2095 5303 2305 5358 laudem
2351 5303 2487 5373 ejus.
2512 5300 2631 5357 Cito
2678 5301 2934 5369 fecerunt,
2967 5299 3119 5354 obliti
3157 5308 3282 5352 sunt
3319 5315 3440 5372 ope:

177 5423 293 5476 των
337 5403 545 5468 αὑτοῦ,
589 5405 704 5474 οὐχ
752 5403 1080 5473 ὑπέμειναν
1115 5403 1232 5473 τὴν
1266 5400 1513 5471 ,βουλὴν
1546 5403 1756 5458 αὐτοῦ.

179 5499 284 5551 Σὺν
306 5497 384 5570 τῷ
409 5498 616 5568 Μωῦσῇ
641 5496 735 5550 καὶ
769 5494 978 5568 Ἀαρὼν
1005 5495 1102 5568 τὴν
1121 5494 1265 5566 ᾠδὴν
1292 5496 1391 5568 τὴν
1414 5497 1473 5549 ὲν
1498 5498 1564 5567 τῇ
1592 5495 1756 5566 ἐξόδῳ

180 5589 495 5660 παραυτίκα
509 5589 605 5641 καὶ
616 5588 958 5659 παραχρῆμα
982 5588 1154 5658 μεταϐ
1160 5586 1286 5641 αλλό
1293 5605 1442 5658 μενοι
1466 5589 1752 5658 ὲτάχυναν,

180 5681 504 5735 ὶττελάθοντο
533 5680 639 5732 τῶν
661 5680 836 5751 ἔργων
862 5678 1047 5733 αὑτοῦ.

1859 5415 1979 5453 rum
2011 5398 2148 5468 ejus,
2206 5413 2311 5450 non
2355 5396 2722 5450 sustinuerunt
2778 5393 3058 5448 consilium
3116 5393 3253 5462 ejus.
3297 5389 3441 5446 Cum

1863 5489 2050 5561 Moyse
2094 5497 2148 5543 et
2175 5489 2355 5542 Aaron
2382 5489 2436 5542 in
2457 5488 2604 5544 exitu
2633 5486 2910 5541 canticum
2961 5483 3312 5550 cecinerunt;
3340 5481 3441 5538 sed

1862 5582 2270 5653 quamprimum
2295 5588 2350 5638 et
2399 5581 2584 5638 statim
2610 5579 2900 5645 immutati,
2941 5577 3098 5634 obliti
3141 5584 3272 5635 sunt
3307 5590 3447 5648 ope-

1861 5689 1982 5730 rum
2009 5689 2156 5744 ejus.

249 5801 296 5831 ⁷⁸
332 5797 496 5853 Num.
529 5811 639 5861 xlv,
672 5796 725 5849 5.
799 5797 843 5827 '“
887 5795 1056 5854 Exod.
1095 5813 1205 5864 xxv,
1242 5796 1330 5863 ll,
1366 5797 1455 5854 Η.
1531 5797 1577 5830 τ’
1617 5793 1765 5851 Psal.

1877 5808 1937 5848 ιιι
1959 5834 1976 5861 ,
2009 5793 2100 5848 ιθ.
