3868 6282
501 255 643 320 tam

1203 250 1469 318 EUSEBII
1501 251 1980 317 CAESARIENSIS
2004 249 2157 312 opp.
2195 251 2377 314 PARS
2414 247 2502 313 tu.
2532 289 2602 300 —
2633 246 3040 316 EXEnETICA.

3538 260 3637 336 ista

574 378 740 436 Vens.
785 379 972 435 14-18.
1012 376 1078 433 Et
1110 381 1488 448 concupierunt
1515 378 1990 448 concupiscentiam
2019 377 2065 430 in

2248 378 2358 432 Kal
2404 378 2792 448 ἐπεθύμησαν
2837 379 3158 448 ἐπιθυμίαν
3193 378 3260 434 ἐν
3283 380 3349 450 τῇ
3375 383 3544 456 ἐρήμῳ,
3576 398 3645 450 καὶ

501 468 732 536 deserto,
762 483 812 526 et
839 482 1168 527 tentaverunt
1222 471 1392 526 Deum
1426 472 1478 525 in
1520 472 1794 540 inaquoso.
1833 467 1898 521 Et
1933 467 2078 522 dedit

500 567 577 620 eis
607 565 912 635 petitionem
944 565 1200 633 ipsorum,
1220 576 1268 618 et
1308 564 1456 616 misit
1500 561 1839 616 saturitatem
1871 562 1928 614 in
1965 565 2078 613 ani-

502 675 619 712 mas
647 673 850 713 eorum.
883 654 952 709 Et
991 657 1332 710 irritaverunt
1381 652 1604 726 Moysen
1645 654 1701 707 in
1734 653 1951 719 castris,
1974 653 2078 705 Aa-

501 767 622 815 ron,
647 759 887 804 sanctum
921 748 1151 803 Domini.
1179 746 1410 813 Quando
1442 744 1981 801 tentaveruntDeum
2020 746 2073 800 in

502 841 794 912 inaquoso,
815 841 920 896 etsi
969 839 1362 895 tentationibus
1421 837 1511 891 ille
1557 852 1666 891 non
1719 837 1918 906 pateat.
1948 851 2074 890 cum

503 934 830 1004 injuriarum
862 933 1147 985 immemor
1176 931 1268 992 sit,
1307 944 1414 982 non
1448 928 1596 982 ultus
1645 943 1762 990 eos,
1801 926 1949 981 dedit
1992 928 2074 981 eis

500 1025 816 1096 petitionem
854 1023 1117 1092 ipsorum.
1142 1019 1283 1086 Quin
1325 1019 1488 1074 etiam
1528 1035 1652 1073 cum
1683 1019 2074 1074 exacerbarent

498 1132 624 1171 eum
657 1115 1015 1171 ascendentes
1060 1113 1118 1166 in
1168 1126 1317 1165 mare
1365 1107 1636 1174 Rubrum,
1667 1118 1798 1164 tunc
1833 1110 2074 1165 ostendit

493 1208 581 1263 eis
613 1205 906 1269 potentiam
940 1217 1094 1256 suam
1133 1219 1144 1254 :
1175 1215 1298 1255 cum
1323 1207 1505 1254 autem
1539 1200 1892 1254 irritaverunt
1925 1195 2075 1270 Moy-
2101 1221 2114 1234 ο

499 1314 596 1355 seu
625 1305 679 1352 et
708 1297 891 1350 Aaron
927 1297 983 1350 in
1037 1295 1255 1357 castris,
1279 1303 1413 1348 tunc
1467 1300 1657 1364 aperta
1713 1300 1799 1346 est
1827 1300 2074 1354 terra,et

497 1391 783 1462 deglutivit
811 1405 906 1444 eos
941 1408 954 1443 :
987 1404 1096 1443 non
1119 1387 1404 1457 oportebat
1427 1386 1574 1441 enim
1608 1384 1843 1439 famulos
1898 1383 2071 1453 ipsius

497 1483 796 1538 contemni.
833 1479 940 1534 Sed
999 1479 1129 1550 quia
1187 1477 1404 1534 bonitas
1451 1484 1506 1530 et
1581 1476 1849 1530 severitas
1904 1491 2071 1545 penes

498 1573 652 1626 illum
680 1577 838 1636 sunt,
871 1569 1048 1640 primo
1073 1568 1462 1638 benignitatem
1489 1567 1737 1622 exhibuit
1764 1567 1909 1634 illis;
1945 1584 2069 1623 cum

497 1671 679 1718 autem
727 1663 862 1716 nihil
917 1661 1204 1732 prodesset
1259 1661 1358 1724 eis,
1388 1663 1791 1730 consequenter
1819 1659 2068 1714 ultricem

2180 470 2511 539 ἐπείρασαν
2550 472 2659 526 τὸν
2698 472 2848 526 Θεὸν
2888 473 2957 526 ἐν
2985 471 3238 541 ἀνύδρῳ.
3269 475 3367 528 Kal
3392 477 3565 536 ἔδωκεν
3582 491 3651 541 ait.

2182 564 2305 631 τοῖς
2341 565 2408 620 τὸ
2454 565 2673 634 αἴτημα
2711 563 2928 630 αὐτῶν,
2967 564 3346 630 ἐξαπέστειλε
3376 575 3651 645 πλησμονὴν

2179 657 2268 723 εις
2292 657 2399 722 τὰς
2425 657 2632 726 ψυχὰς
2662 656 2880 710 αὐτῶν.
2912 660 3023 712 Kal
3053 657 3396 727 παρώξυναν
3423 664 3508 717 τίν
3538 666 3654 723 Nuti-

2179 746 2307 816 σῆν
2352 747 2423 800 ἐν
2471 746 2548 816 τῇ
2596 747 2962 818 παρεμϐολῇ,
3013 749 3122 803 τὸν
3177 749 3395 818 Ἀαρὼν,
3424 755 3512 807 τὸν
3538 757 3654 827 ἅγιον

2180 840 2424 906 Κυρίου.
2456 841 2585 892 Ὅτε
2639 839 2737 910 μὲν
2779 839 2870 892 τὸν
2905 839 3036 893 Θεὸν
3078 837 3364 912 ἐπείρασαν
3400 844 3450 896 ἐν
3487 846 3654 919 ἀνύδρῳ,

2178 928 2528 1001 ἀπείραστός,
2561 928 2636 981 ὣν
2666 931 3064 1001 ἀμνησὶκακος,
3107 931 3206 984 οὐκ
3246 932 3567 1004 ἀμειψάμενος
3595 941 3658 991 αὖ.

2178 1012 2305 1082 τοὺς
2335 1018 2533 1071 ἔδωκεν
2564 1021 2747 1085 αὐτοῖς
2778 1021 2840 1074 τὸ
2871 1020 3081 1092 αἴτημα
3104 1020 3301 1075 αὐτῶν.
3347 1022 3487 1077 Ἀλλὰ
3510 1027 3584 1078 καὶ
3601 1029 3658 1082 ᾗτε

2179 1110 2599 1184 παρεπίκραναν
2630 1112 3010 1178 ἀναϐαίνοντες
3037 1115 3095 1168 ὲν
3123 1118 3188 1186 τῇ
3225 1115 3442 1186 Ἐρυθρᾷ
3466 1115 3660 1193 θαλάττῃ,

2178 1205 2274 1258 καὶ
2299 1202 2420 1258 τότε
2453 1205 2750 1276 ἐγνώρισεν
2773 1207 2958 1270 αὐτοῖς
2981 1207 3080 1278 τὴν
3100 1207 3407 1261 δυναστείαν
3433 1208 3580 1263 αὐτοῦ·
3604 1212 3662 1264 ὅτε

2175 1295 2235 1350 δὲ
2266 1297 2622 1370 παρὼργισαν
2649 1297 2740 1352 τὸν
2767 1299 3007 1370 Μωῦσῆν
3052 1299 3144 1352 καὶ
3184 1300 3275 1352 τὸν
3325 1300 3511 1368 Ἀαρὼν
3549 1304 3592 1354 ἐν
3621 1306 3663 1374 τῇ

2179 1389 2519 1460 παρεμϐολῇ.
2566 1380 2627 1441 τὸ
2669 1390 2974 1460 τηνικαῦτα
3021 1389 3242 1460 ἡνοίχθη
3275 1391 3307 1460 ἡ
3341 1393 3427 1462 γῆ,
3454 1392 3535 1445 καὶ
3556 1394 3665 1448 κατέ-

2178 1499 2301 1534 πιεν
2328 1477 2542 1546 αὐτούς’
2575 1483 2675 1536 οὐκ
2704 1481 2811 1536 ἔδει
2850 1483 2958 1555 γὰρ
3003 1484 3466 1555 καταφρονηθῆναι
3493 1487 3591 1549 τοῦς
3615 1485 3668 1538 Θεέ

2179 1572 2474 1646 ράποντας.
2531 1567 2692 1627 Ἀλλὰ
2741 1576 2835 1628 καὶ
2880 1569 3111 1645 ἐπείπερ
3150 1575 3445 1646 χρηστότης
3483 1577 3576 1629 ἐστὶ
3607 1579 3670 1630 καὶ

2177 1663 2449 1734 ἀποτομία
2479 1664 2604 1735 παρ’
2628 1661 2798 1734 αὐτῷ,
2833 1664 3025 1736 πρῶτα
3057 1665 3124 1718 τὰ
3148 1658 3248 1734 τῆς
3278 1666 3596 1736 χρηστότητος
3613 1667 3671 1718 αὑ-

497 1753 762 1809 medelam
806 1754 942 1824 ipsis
988 1751 1241 1816 adhibet;
1275 1765 1444 1820 quare
1491 1749 1681 1804 subdit
1711 1769 1724 1804 :
1754 1749 1956 1818 Aperta
1989 1757 2065 1804 est

2171 1759 2282 1820 τοῖς
2308 1754 2633 1829 παρέσχετο·
2666 1753 2742 1821 ὡς
2774 1757 2832 1810 δὲ
2858 1758 2960 1810 οὐκ
2988 1753 3194 1811 ὤναντο
3215 1757 3283 1810 δι’
3313 1758 3487 1828 αὐτῆς,
3516 1757 3672 1810 amici-

498 1855 661 1908 terra,
709 1854 758 1898 et
792 1842 1067 1912 deglutivit
1117 1841 1355 1907 Dathan,
1377 1851 1428 1896 et
1476 1841 1680 1910 operuit
1727 1857 1883 1910 super
1915 1850 2072 1908 caput

497 1937 718 1992 Abiron.
766 1934 834 1988 Et
857 1935 1057 1989 exarsit
1088 1934 1224 2004 ignis
1250 1934 1304 1986 in
1326 1949 1593 2004 synagoga
1615 1949 1817 1999 eorum,
1849 1933 2072 2002 ﬂamma

495 2026 782 2082 combussit
832 2035 1154 2094 peccatores.
1205 2022 1430 2096 Moysen
1479 2025 1664 2093 itaque
1716 2024 2073 2078 irritaverant

495 2119 708 2172 Dathan
732 2127 784 2172 et
813 2115 1019 2170 Abiron
1040 2115 1286 2172 dicentes
1328 2134 1343 2172 :
1386 2114 1533 2168 Num
1567 2113 1745 2185 Moysi
1776 2114 1878 2168 soli
1921 2115 2073 2169 locu-

495 2221 580 2264 tus
611 2218 689 2264 est
724 2209 885 2274 Deus,
927 2223 1098 2262 nonne
1133 2209 1294 2262 etiam
1339 2207 1590 2261 nobis”?
1627 2209 1899 2262 Aaronem
1943 2223 2074 2262 vero

492 2303 636 2358 Core
666 2309 721 2356 et
748 2311 926 2356 castus
977 2301 1146 2367 illius,
1195 2300 1376 2370 ignem
1421 2300 1685 2365 alienum,
1713 2307 1769 2356 et
1802 2301 2071 2355 sacrilicia

493 2393 605 2450 Deo
633 2395 755 2449 loco
785 2392 1134 2449 sacerdotum
1151 2391 1350 2447 oﬂerre
1373 2391 1516 2456 ausi,
1559 2391 1933 2446 irritaverant.
1964 2389 2071 2444 Sed

491 2499 588 2540 eos
613 2485 705 2556 qui
729 2491 921 2539 contra
949 2481 1170 2554 Moysen
1194 2482 1364 2536 locuti
1397 2480 1634 2544 fuerant,
1667 2479 1877 2534 Dathan
1919 2479 2070 2535 scili-

493 2586 584 2633 cet
606 2591 733 2631 cum
767 2583 884 2630 toto
918 2590 1115 2646 genere
1143 2589 1245 2629 suo
1278 2573 1463 2638 hians,
1490 2581 1636 2628 terra
1679 2573 1982 2643 deglutivit,
2015 2581 2069 2628 et

493 2669 712 2742 operuit
769 2682 934 2738 super
982 2665 1462 2737 congregationem
1504 2664 1744 2730 Abiron;
1779 2663 1920 2718 Core
1969 2680 2066 2718 au-

491 2771 602 2818 tem
633 2769 688 2817 et
709 2776 804 2816 eos
832 2760 925 2830 qui
958 2774 1083 2814 cum
1116 2758 1210 2813 illo
1238 2759 1462 2812 incensa
1495 2771 1592 2812 sua
1617 2755 1854 2812 oblaturi
1884 2767 2062 2824 erant,

489 2853 706 2908 ﬂamma
737 2851 804 2905 de
833 2849 1186 2905 tabernaculo
1220 2847 1478 2918 prodiens
1497 2847 1820 2902 combussit.

2176 1848 2284 1912 θως
2317 1847 2639 1920 καταλλήλῳ
2687 1848 3010 1919 μετέρχεται
3049 1845 3247 1912 αὐτοὺς
3287 1850 3539 1920 φαρμάκῳ
3567 1848 3672 1901 κολα-

2179 1939 2402 2011 στηρίῳο
2455 1939 2730 2009 Ἠνοίχθη
2763 1935 2803 2007 ἡ
2837 1931 2938 2008 γῆ,
2973 1941 3070 1994 καὶ
3109 1940 3351 1994 κατέπιε
3392 1940 3576 2006 Δαθὰν,
3608 1941 3675 1993 καὶ

2175 2031 2490 2100 ἐκάλυψεν
2526 2031 2624 2084 ἐπὶ
2670 2026 2786 2097 τὴν
2852 2029 3133 2100 κεφαλὴν
3183 2029 3458 2098 Ἅόειρών.
3494 2030 3581 2082 Kal
3609 2029 3674 2092 ἑξ-

2181 2125 2408 2190 εκαύθη
2435 2119 2554 2191 πῦρ
2587 2123 2656 2176 ἐν
2689 2120 2765 2190 τῇ
2802 2121 3124 2191 συναγωγῇ
3145 2121 3364 2183 αὐτῶν,
3391 2119 3529 2188 φλὸξ
3560 2118 3677 2172 κατέ-

2177 2213 2403 2283 φλεξεν
2430 2215 2837 2284 ἁμαρτωλούς.
2873 2215 3114 2285 Μωῦσῆν
3147 2214 3247 2284 μὲν
3277 2209 3367 2267 οὖν
3397 2212 3678 2284 παρώργισεν

2177 2308 2228 2360 οἱ
2259 2305 2387 2374 περὶ
2423 2307 2599 2360 Δαθὰν
2644 2307 2740 2360 καὶ⁸
2792 2307 3050 2378 Ἀὁειρὼν
3079 2307 3346 2370 εἰπόντεςσ
3376 2305 3468 2373 Μὴ
3505 2304 3682 2359 Malim?

2168 2395 2335 2464 μόνῳ
2372 2394 2716 2465 λελάληκεν
2756 2399 2790 2450 ό
2833 2397 2998 2463 Θεὸς,
3045 2396 3184 2466 οὐχὶ
3235 2397 3336 2450 καὶ
3368 2396 3529 2467 mar,-
3558 2397 3679 2448 τὸνδὲ

2187 2485 2395 2558 ’Δαρὼν
2424 2487 2570 2558 Κορὲ
2604 2489 2698 2541 καὶ
2723 2490 2756 2558 ἡ
2801 2489 3091 2559 συναγωγὴ
3131 2487 3300 2543 αὐτοῦ
3330 2487 3438 2559 πῦρ
3471 2487 3678 2558 ἀλλότριον

2172 2582 2565 2650 προσαγαγεῖν,
2595 2581 2690 2633 καὶ
2717 2580 2907 2644 Θυσίας
2931 2581 3008 2650 τῷ
3033 2581 3152 2652 Θεῷ
3174 2584 3233 2634 ἐν
3261 2581 3412 2653 χώρᾳ⁴
3433 2581 3528 2633 τῶν
3547 2579 3680 2649 ἱερέων

2171 2669 2559 2742 τολμήσαντες,
2595 2670 2974 2744 παρώργισαψ
2993 2672 3129 2726 ἀλλὰ
3159 2673 3288 2737 τοὺς
3331 2673 3425 2744 μὲν
3455 2669 3681 2740 mmini};-

2175 2777 2376 2825 σαντας
2400 2761 2495 2816 τοῦ
2519 2763 2817 2829 Μωῦσέως,
2844 2762 2934 2817 τὸν
2953 2764 3129 2817 Δαθὰν
3158 2765 3422 2833 παγγενεῖ
3444 2761 3681 2834 ἀνοιχθεῖσα

2170 2854 2204 2922 ἡ
2236 2853 2308 2925 γῆ
2331 2855 2579 2918 κατέπιε,
2604 2853 2698 2908 καὶ
2716 2849 2982 2925 ἐκάλυψεν
3008 2858 3100 2909 ἐπὶ
3124 2857 3223 2928 τὴν
3241 2855 3546 2926 συναγωγὴν
3567 2852 3680 2905 Ἀϐει-

489 2947 618 3020 ρὼνο
656 2946 748 2999 τὸν
801 2945 858 2998 δὲ
903 2945 1047 3014 Κορὲ
1098 2943 1191 2996 καὶ
1241 2943 1367 3006 τοὺς
1394 2941 1491 2995 σὺν
1513 2939 1662 3012 αὐτῷ
1685 2941 1982 3012 μέλλοντας
2013 2947 2343 3019 προσφέρειν
2382 2952 2453 3002 τὰ
2502 2948 2838 3038 θυμιατήρια
2881 2945 3060 3004 αυτῶν
3106 2951 3242 3020 φλὸξ
3281 2951 3390 3005 ἀπὸ
3415 2953 3507 3022 τῆς
3530 2947 3680 3020 σκηνῆς

489 3043 831 3119 προελθοῦσα
867 3039 1215 3109 κατέφλεξεν.

559 3136 728 3191 V-sns.
766 3136 946 3190 19-51.
997 3089 1063 3188 ἐι
1092 3089 1339 3202 fecerunt
1395 3132 1620 3187 vitulum
1665 3133 1720 3188 in
1767 3131 2060 3198 Choreb,et

2232 3133 2343 3189 Kal
2371 3129 2672 3203 ἐποίησαν
2697 3128 2938 3204 μόσχον
2962 3133 3031 3188 ἐν
3053 3133 3284 3203 Χωρὴϐ.
3322 3135 3421 3189 καὶ
3446 3128 3679 3203 προσεκύ-

487 3231 844 3286 adoraverunt
889 3227 1152 3296 sculptile,
1177 3234 1226 3280 et
1269 3234 1604 3279 mutaverunt
1637 3225 1867 3296 gloriam
1908 3241 2064 3280 suam

487 3325 544 3377 in
595 3319 998 3376 similitudinem
1033 3319 1182 3373 vituli
1247 3317 1567 3372 comedentis
1637 3317 1834 3386 fenum.
1899 3316 2066 3373 Obliti

487 3421 612 3467 sunt
664 3411 832 3465 Deum
873 3412 963 3480 qui
1032 3409 1253 3463 salvavit
1295 3425 1418 3472 eos,
1454 3409 1544 3479 qui
1577 3408 1703 3476 fecit
1753 3426 1946 3478 magna
2006 3410 2065 3462 in

488 3503 743 3576 Egypto,
770 3502 1039 3556 mirabilia
1067 3503 1123 3556 in
1153 3512 1296 3554 terra
1323 3499 1512 3567 Citam,
1540 3501 1802 3554 terribilia
1830 3502 1885 3554 in
1926 3503 2063 3555 mari

487 3596 686 3651 Rubro.
730 3594 798 3649 Et
818 3596 956 3650 dixit
1000 3605 1059 3648 ut
1094 3593 1417 3664 disperderet
1455 3610 1564 3658 eos,
1595 3593 1700 3647 nisi
1732 3592 1945 3671 Moyses
1966 3595 2064 3649 ele-

487 3701 602 3742 ctus
627 3689 742 3758 ejus
770 3689 1021 3750 stetisset,
1053 3687 1110 3740 in
1133 3686 1495 3755 confractione
1525 3687 1577 3738 in
1620 3695 1896 3754 conspectu
1919 3686 2056 3754 ejus,

491 3791 548 3834 ut
574 3790 826 3835 averteret
842 3781 982 3834 iram
1004 3780 1116 3850 ejus
1134 3797 1198 3834 ne
1213 3778 1533 3848 disperderet
1563 3795 1672 3844 eos,
1699 3788 1747 3832 et
1771 3795 1864 3847 pro
1897 3779 2061 3832 nihilo

493 3873 790 3928 habuerunt
838 3882 1034 3927 terram
1080 3870 1506 3926 desiderabilem.
1556 3869 1681 3923 Non
1723 3870 2062 3924 crediderunt

486 3964 640 4019 verbo
667 3964 807 4034 ejus,
838 3972 889 4018 et
924 3971 1386 4017 murmuraverunt
1433 3963 1488 4015 in
1521 3960 1877 4016 tabernaculis
1922 3962 2058 4026 suis,

488 4074 594 4113 non
627 4055 979 4110 exaudierunt
1007 4071 1182 4110 vocem
1224 4055 1461 4109 Domini.
1495 4052 1565 4107 Et
1598 4053 1815 4108 elevavit
1845 4069 2062 4107 manum

485 4165 639 4205 suam
673 4163 832 4218 super
857 4164 966 4213 eos,
993 4157 1050 4200 ut
1075 4156 1425 4216 prosterneret
1455 4163 1542 4201 eos
1583 4147 1638 4200 in
1667 4146 1894 4211 deserto,
1923 4155 1972 4200 et
2002 4152 2060 4199 ut

482 4241 731 4312 dejiceret
756 4256 932 4294 semen
951 4254 1132 4293 eorum
1183 4237 1240 4292 in
1282 4236 1608 4303 nationibus,
1641 4246 1690 4290 et
1740 4237 2058 4308 dispergeret

482 4351 572 4389 eos
601 4335 657 4388 in
707 4331 1032 4403 regionibus.
1089 4329 1161 4384 Et
1213 4329 1414 4383 initiati
1471 4335 1592 4383 sunt
1630 4329 1969 4398 Beelphegor,
2007 4337 2058 4382 et

481 4426 816 4487 comederunt
861 4424 1132 4494 sacrificia
1183 4431 1536 4487 mortuorum.
1592 4420 1659 4476 Et
1710 4422 2058 4476 irritaverant

2171 3243 2372 3295 νησαν
2396 3227 2476 3295 τῷ
2500 3227 2765 3298 γλυπτῷ,
2790 3229 2888 3282 καὶ
2915 3227 3264 3296 ἠλλάξαντο
3291 3228 3405 3296 τὴν
3427 3229 3589 3292 δόξαν
3609 3229 3681 3282 ait.

2169 3319 2276 3374 τοῦ
2296 3313 2366 3373 ἐν
2385 3319 2701 3390 ὁμοιώματι
2719 3321 2958 3390 μόσχου
2981 3321 3298 3387 ἐσθίοντος
3320 3323 3544 3390 χόρτον.
3577 3322 3684 3374 Ἐτε-

2169 3405 2425 3467 λὰθοντο
2475 3412 2582 3466 τοῦ
2638 3413 2785 3468 Θεοῦ
2843 3413 2951 3467 τοῦ
3008 3413 3305 3483 σώζοντος
3353 3414 3572 3480 αὐτοὺς,
3610 3412 3682 3466 τοῦ

2171 3483 2541 3571 ποιήσαντος
2561 3499 2796 3575 μετ-ἀλα
2820 3505 2890 3558 ἐν
2919 3505 3214 3575 Αἰγύπτῳ,
3245 3505 3536 3575 θαυμάσια
3557 3506 3612 3558 ἐν

2169 3594 2317 3664 Χὰμ,
2360 3597 2581 3665 φοϐερὰ
2625 3596 2723 3650 ἐπὶ
2764 3595 3084 3664 θαλάσσης
3128 3597 3429 3665 Ἐρυθρᾶς.
3469 3597 3562 3651 Kal
3593 3591 3683 3649 εἶχε

2167 3688 2276 3742 τοῦ
2302 3688 2732 3758 ἐξολοθρεῦσαι
2761 3683 3006 3755 αὐτοὺς,
3037 3691 3089 3743 εί
3113 3687 3201 3757 μὴ
3228 3688 3487 3758 Μωῦσῆς
3511 3693 3540 3744 ό
3560 3690 3683 3742 ἐπιλε-

2167 3782 2310 3848 κτὸς
2345 3781 2532 3836 αὐτοῦ
2574 3783 2723 3849 ἔστη
2765 3780 2835 3834 ἐν
2869 3774 2948 3850 τῇ
2980 3782 3227 3849 θραύσει
3255 3781 3507 3835 ἐνώπιον
3527 3771 3679 3840 αὐτοῦ,

2166 3873 2275 3928 τοῦ
2308 3872 2685 3942 ἀποστρέψαι
2713 3872 2823 3927 τὸν
2849 3871 3040 3942 θυμόν
3071 3871 3259 3927 αὐτοῦ
3292 3873 3402 3928 τοῦ
3419 3873 3500 3943 μὴ
3527 3873 3679 3936 ἑξολοι

2167 3965 2414 4035 θρεῦσαι
2444 3965 2686 4030 αὐτοὺς,
2721 3963 2818 4017 καὶ
2855 3961 3278 4027 ἐξουδένωσαν
3311 3961 3426 4032 γῆν
3454 3963 3678 4030 ἐπιθιψη-

2166 4056 2300 4124 τήν.
2334 4057 2454 4109 Οὐκ
2480 4055 2855 4108 ἐπίστευσαν
2893 4052 2974 4119 τῷ
3011 4055 3171 4123 λόγῳ
3200 4054 3411 4119 αὐτοῦ,
3442 4055 3531 4107 καὶ
3559 4053 3678 4120 ἐγόγ-

2165 4159 2364 4219 γυσαν
2381 4147 2450 4200 ἐν
2467 4145 2591 4212 τοῖς
2601 4145 2992 4215 σκηνώμασιν
3006 4146 3227 4208 αὐτῶν,
3245 4149 3359 4201 οὐκ
3370 4147 3678 4215 εἰσήκουσαν

2163 4239 2274 4308 τῆς
2299 4238 2507 4309 φωνῆς
2539 4239 2785 4306 Κυρίου.
2829 4240 2940 4292 Καὶ
2981 4239 3166 4308 ἐπῇρε
3203 4240 3324 4309 τὴν
3361 4241 3518 4310 χεῇοα
3543 4236 3678 4293 αὐτοῦ

2161 4328 2256 4388 ἐπ’
2283 4331 2526 4397 αὐτοὺς,
2552 4329 2661 4384 τοῦ
2691 4329 3045 4384 καταϐαλεῖν
3070 4329 3296 4398 αὐτοὺς
3334 4331 3404 4386 ἐν
3433 4329 3502 4399 τῇ
3519 4327 3676 4398 ἐρήμῳ.

2161 4426 2260 4481 καὶ
2303 4423 2410 4479 τοῦ
2458 4421 2817 4477 καταϐαλεῖν
2856 4421 2927 4476 τὸ
2971 4415 3210 4492 σπέρμα
3253 4423 3454 4478 αὐτῶν
3497 4417 3554 4477 ἐν
3595 4419 3678 4481 τοῖς

480 4537 602 4576 eum
633 4520 716 4578 in,
747 4517 1204 4572 adinventionibus
1251 4517 1362 4572 suis
1393 4525 1444 4571 et
1482 4514 1841 4584 multiplicata
1887 4524 1965 4570 est
2001 4515 2058 4568 in

2171 4519 2380 4581 Mrem,
2409 4515 2510 4570 καὶ
2535 4515 2963 4582 διασκορπίσαι
2987 4516 3210 4581 αὐτοὺς
3243 4515 3316 4569 ἐν
3346 4515 3473 4582 ταῖς
3495 4513 3674 4584 χώραις.

480 4615 558 4668 eis
587 4613 763 4666 ruina.
802 4610 872 4665 Et
917 4612 1063 4666 stetit
1113 4609 1340 4671 Phinees
1393 4619 1442 4664 et
1483 4610 1740 4679 placavit,
1762 4621 1811 4664 et
1837 4610 2058 4677 cessavit

481 4708 782 4778 quassatio.
822 4705 891 4759 Et
935 4712 1237 4773 reputatum
1289 4710 1368 4757 est
1393 4702 1442 4756 ei
1467 4703 1524 4756 in
1561 4701 1858 4772 justitiam,
1885 4701 1941 4756 in
1965 4718 2058 4772 ge-

482 4803 807 4856 nerationem
829 4807 878 4853 et
911 4796 1297 4868 generationem
1351 4811 1514 4865 usque
1564 4795 1618 4848 in
1661 4795 2054 4862 sempiternum.

485 4890 682 4950 Exstat
714 4889 769 4942 in
811 4886 1064 4941 Numeris
1093 4885 1323 4940 historia
1367 4874 1643 4953 quomodo
1671 4891 1892 4954 accepta
1926 4881 2058 4938 Plii-

481 4996 615 5037 nees
649 4979 806 5035 hasta
842 4977 1273 5041 Madianitidem,
1296 4984 1351 5032 et
1373 4976 1538 5032 simul
1590 4977 1742 5030 illum
1796 4976 1890 5046 qui
1930 4989 2055 5030 cum

479 5090 546 5131 ea
574 5089 690 5129 rem
745 5072 1002 5134 habebat,
1046 5069 1386 5125 transﬁxerit
1420 5088 1433 5123 :
1468 5084 1577 5139 quo
1622 5067 1769 5123 edito
1811 5066 2054 5122 facinore

482 5162 666 5218 statim
721 5161 801 5215 ira
839 5159 931 5216 Dei
955 5161 1168 5232 placata
1194 5159 1302 5215 illis
1349 5167 1454 5215 est.
1479 5158 1582 5213 Hic
1609 5172 1774 5229 porro
1802 5158 2054 5212 declara-

479 5265 570 5310 tur
598 5261 864 5324 quantum
893 5251 1036 5322 apud
1065 5249 1234 5305 Deum
1259 5251 1440 5306 valeat
1464 5251 1628 5306 unius
1671 5250 1777 5305 viri
1802 5249 2050 5320 iustitia;

2164 4610 2275 4665 Kal
2301 4606 2714 4676 ἐτελέσθησαν
2749 4605 2829 4671 τῷ
2855 4605 3221 4676 Βεελφεγὼρ,
3252 4609 3355 4662 καὶ
3387 4607 3589 4677 ἔφατον
3607 4608 3674 4655 0v-

2165 4702 2305 4766 σίας
2332 4697 2581 4769 νεκρῶν.
2621 4698 2731 4752 Kal
2771 4695 3132 4766 παρώξυναν
3163 4698 3354 4751 αὐτὸν
3376 4698 3445 4751 ἐν
3468 4695 3573 4759 τοῖς
3589 4693 3673 4744 ἐπει

2162 4793 2536 4862 τηδεύμασιν
2573 4789 2794 4854 αὐτῶν,
2842 4789 2942 4843 καὶ
2987 4788 3337 4860 ἐπληθύνθη
3363 4791 3432 4843 ἐν
3458 4785 3624 4850 αὐτοῖς
3647 4777 3672 4846 ἦ

2163 4881 2408 4946 πτῶσις.
2444 4880 2554 4935 Kal
2582 4879 2732 4947 ἔστη
2758 4877 2963 4944 Φινεὲς
2989 4879 3086 4932 καὶ
3109 4874 3453 4942 ἐξινὶάσατο,
3478 4875 3563 4930 καὶ
3583 4871 3671 4926 illo"

2163 4987 2362 5028 πασεν
2393 4975 2432 5042 ἡ
2459 4972 2730 5041 θραῦσιςο
2766 4966 2864 5027 καί
2891 4971 3176 5042 ἐλογίσθη
3208 4971 3370 5039 αὐτῷ
3395 4975 3478 5038 εἱς
3505 4970 3671 5023 δικαιο-

2163 5067 2362 5133 σύνην
2396 5068 2484 5131 εἰς
2526 5063 2739 5134 γενεὰν
2786 5063 2886 5117 καὶ
2933 5064 3147 5133 γενεὰν
3189 5063 3301 5131 ἕως
3351 5063 3455 5117 τοῦ
3491 5059 3666 5122 αἰῶνος.

2156 5159 2348 5212 Κεῖται
2387 5157 2445 5209 ὲν
2486 5154 2598 5218 τοῖς
2638 5154 2914 5226 Ἀριθμοῖς
2954 5155 2990 5226 ἡ
3036 5151 3261 5226 ἱστορία,
3306 5155 3452 5219 ὅπως
3485 5148 3668 5206 λαόὼνό

2155 5243 2338 5312 Φινεὲς
2358 5245 2449 5300 τὸν
2483 5246 2846 5318 σειρομάστην
2876 5246 3116 5320 διέπειρε
3148 5247 3243 5318 τὴν
3269 5248 3563 5302 Μαδωνῖτιν
3586 5244 3665 5312 by:

479 5346 555 5401 ita
590 5353 646 5402 ut
669 5345 739 5400 ob
769 5343 989 5399 Phinea:
1011 5358 1112 5414 pro
1145 5343 1258 5398 Deo
1291 5345 1470 5398 zelum
1495 5343 1578 5398 ira
1606 5343 1974 5409 fama,
1999 5348 2060 5395 et

2171 5337 2240 5409 εῷ
2259 5339 2354 5392 σὺν
2377 5337 2516 5407 αὐτῇ
2548 5331 2962 5407 πεπορνευκότι,
2992 5337 3086 5389 καὶ
3115 5337 3353 5390 ἐκόπασε
3391 5331 3664 5405 meum?“

479 5439 764 5507 quassati»
779 5447 1095 5509 peccatores
1125 5437 1388 5493 invadens
1413 5445 1770 5491 averteretur.

2158 5431 2192 5504 ἡ
2217 5428 2338 5487 κατ’
2358 5431 2534 5484 αὐτῶν
2555 5430 2692 5502 ὀργὴ
2719 5431 2834 5501 ἅμα
2945 5425 3166 5501 τοιαύτῃ
3187 5430 3402 5502 πράξει.
3424 5425 3660 5498 nupturas:

476 5531 534 5586 δὲ
571 5536 600 5586 ὁ
636 5533 813 5602 λόγος,
861 5532 1028 5586 πόσον
1076 5532 1248 5602 ἰσχύει
1283 5531 1434 5604 παρὰ
1461 5531 1580 5602 Θεῷ
1611 5531 1727 5594 ἑνὸς
1760 5529 1952 5602 ἀνδρὸς
1973 5526 2309 5600 δικαιοσύνη,
2334 5525 2410 5590 ὡς
2439 5525 2678 5579 κοπάσαι
2706 5526 2806 5597 τὴν
2829 5524 3018 5595 ὀργὴν,
3052 5526 3144 5579 καὶ
3166 5523 3569 5596 ἀνακῳυσθῆναι
3591 5514 3664 5585 τὴν

479 5625 622 5679 κατὰ
647 5626 755 5679 τῶν
781 5627 1177 5696 ἡμαρτηκότων
1216 5626 1464 5698 θραῦσιν,
1498 5627 1586 5682 διὰ
1614 5627 1706 5682 τὸν
1747 5628 1928 5690 Φινεὲς
1957 5626 2100 5698 ὑπὲρ
2131 5625 2224 5680 τοῦ
2256 5621 2390 5678 Θεοῦ
2424 5620 2604 5693 ζῆλον.

550 5741 597 5771 ⁷⁸
637 5738 798 5793 Num.
834 5757 948 5801 xu.
982 5743 1038 5796 2.
