3868 6282
141 297 278 360 ΙῦΠ

1227 289 1725 360 ΟΟΜΜΕΝΤΑΒῙΑ
1766 289 1833 356 IN
1869 289 2207 356 P‘SALMOS.

3239 286 3377 354 1318

209 419 319 474 Kal
348 419 728 491 παρὼρτισαν
750 415 935 474 αὐτὸν
964 417 1061 472 ἐπὶ
1096 417 1308 484 ὕδατος
1342 416 1705 485 ἀντιλογίας,

1877 412 2046 468 νεεδ.
2081 411 2276 467 5Ξ-4υ,
2304 409 2373 463 Et
2408 411 2749 465 irritaverant
2783 421 2901 464 eum
2931 408 3000 463 ad
3037 422 3230 480 aquam
3252 426 3379 463 cono

133 511 239 565 καὶ
268 508 532 579 ἐκακώθη
565 510 827 579 Μωῦσῆς
853 509 926 563 δι’
955 508 1196 574 αὐτοὺς,
1229 507 1317 560 ὅτι
1350 508 1707 576 παρεπίκρα-

135 618 255 654 ναν
292 600 359 654 τὸ
406 602 641 670 πνεῦμα
687 599 892 654 αὐτοῦ.
943 598 1054 652 Kal
1095 598 1428 651 διέστειλεν
1471 597 1541 650 ἐν
1583 596 1708 661 τοῖς

136 694 413 763 χείλεσιν
458 693 663 757 αὐτοῦ,
713 694 823 746 οὐκ
869 691 1326 758 ἐξωλόθρευσαν
1368 692 1439 743 τὰ
1489 687 1631 756 ἔθνη
1668 689 1709 741 ᾶ

135 782 269 839 εἷπε
294 785 506 853 Κύριος
529 783 749 849 αὐτοῖς.
782 781 890 836 Kal
921 781 1213 851 ἐμίγησαν
1234 781 1303 834 ἐν
1331 780 1456 846 τοῖς
1483 781 1705 846 ἔθνεσι,

135 878 238 930 καὶ
260 876 479 946 ἔμαθον
505 877 577 930 τὰ
595 875 737 946 ἔργα
759 874 978 937 αὐτῶν,
1003 873 1100 927 καὶ
1124 872 1563 926 ἐδουλεύσαντο
1586 870 1710 935 τοῖς

135 969 425 1037 γλυπτοῖς
454 966 670 1032 αὐτῶν,
705 967 803 1020 καὶ
827 957 1077 1037 ἐγενήθη
1104 963 1308 1029 αὐτοῖς
1333 965 1419 1028 είς
1445 962 1710 1015 σκάνδα-

132 1063 270 1113 λον.
305 1059 414 1114 Kal
437 1059 668 1114 ἔθυσαν
692 1058 834 1124 τοὺς
862 1058 1031 1124 υἱοὺς
1058 1055 1255 1111 αὐτῶν
1282 1055 1378 1108 καὶ
1408 1055 1514 1119 τὰς
1541 1056 1709 1122 θυγα-

132 1150 314 1219 τέρας
349 1149 548 1203 αὺτῶν
584 1149 710 1216 τοῖς
747 1147 1089 1217 δαιμονίοις.
1142 1142 1246 1202 Kal
1279 1144 1528 1214 ἐξέχεαν
1567 1139 1710 1212 stipa

132 1239 353 1302 ἀθῶον,
379 1235 520 1310 αἷμα
545 1239 690 1294 υἱῶν
718 1238 917 1293 αὐτῶν
948 1236 1047 1292 καὶ
1083 1237 1436 1308 θυγατέρων,
1463 1229 1549 1288 ὧν
1571 1236 1704 1290 ἐθυ-

131 1347 260 1384 σαν
296 1330 418 1396 τοῖς
446 1331 732 1399 γλυπτοῖς
764 1326 1024 1384 Χαναάν.
1056 1329 1165 1382 Kal
1194 1328 1640 1397 ἐφονοκτονήθη
1669 1325 1708 1394 ή

130 1420 215 1490 τῆ
260 1421 329 1474 ἐν
360 1421 484 1488 τοῖς
514 1419 744 1490 αἵμασι,
795 1421 895 1474 καὶ
939 1419 1186 1488 ἐμιάνθη
1239 1419 1308 1470 ἐν
1353 1417 1477 1482 τοῖς
1516 1416 1713 1487 ἔργοις

130 1510 357 1574 αὐτῶν,
388 1511 485 1564 καὶ
529 1511 907 1578 ἐπόρνευσαν
941 1508 1041 1562 ἐπὶ
1081 1507 1206 1574 τοῖς
1246 1507 1714 1577 ἐπιτηδεύμασιν

131 1601 359 1656 αὐτῶν.
402 1601 511 1655 Kal
537 1601 797 1672 ὠργίσθη
827 1598 991 1670 θυμῷ
1022 1601 1237 1669 Κύριος
1275 1600 1373 1652 ἐπὶ
1412 1599 1519 1652 τὸν
1558 1597 1714 1653 λαὸν

131 1694 346 1759 αὑτοῦ,
365 1694 460 1748 καὶ
478 1690 834 1758 ἐϐδελύξατο
857 1693 971 1760 τὴν
990 1692 1396 1761 κληρονομίαν
1417 1690 1622 1744 αὐτοῦ.
1645 1689 1708 1742 Εί

1810 508 2166 571 tradictionis,
2201 514 2252 559 et
2294 513 2510 559 vexatus
2543 498 2621 558 est
2657 504 2866 574 Moyses
2888 513 3096 573 propter
3114 518 3222 566 eos,
3255 502 3380 570 quia

1805 600 2247 656 exace'rbaverunt
2290 597 2538 668 spiritum
2572 597 2706 666 ejus.
2729 595 2811 668 [Et
2859 595 3106 648 distinxit
3142 595 3197 647 in
3225 593 3380 647 labiis

1808 697 1944 759 suis,
1968 711 2072 748 non
2093 691 2518 762 disperdiderunt
2551 696 2750 760 gentes,
2778 705 2909 758 quas
2945 687 3082 740 dixit
3121 685 3381 739 Dominus

1809 787 1942 844 illis.
1992 784 2061 839 Et
2094 785 2356 838 commisti
2404 791 2526 837 sunt
2571 782 2710 836 inter
2740 791 2938 850 gentes.
2985 789 3034 834 et
3085 780 3382 832 didicerunt

1809 887 1966 946 opera
1988 888 2192 940 eorum,
2225 885 2274 928 et
2311 876 2601 928 servierunt
2631 869 2961 940 sculptilibus
2996 881 3197 934 eorum,
3224 877 3272 922 et
3295 868 3382 936 [a-
3425 871 3431 888 '

1810 981 1950 1024 ctum
1978 980 2055 1023 est
2083 969 2192 1022 illis
2232 969 2287 1021 in
2317 966 2650 1022 scandalum.
2688 964 2752 1017 Et
2799 964 3199 1018 immolaverunt
3239 963 3382 1031 ﬁlios

1810 1076 1934 1117 suos
1977 1071 2025 1115 et
2055 1061 2198 1131 ﬁlias
2231 1075 2357 1113 suas
2399 1057 2699 1111 dwmoniis.
2740 1055 2806 1108 Et
2846 1053 3141 1124 effuderunt
3169 1054 3385 1123 sangui-

1811 1161 1926 1208 nem
1954 1154 2301 1215 innocentem,
2333 1149 2640 1219 sanguinem
2659 1146 2892 1216 filiorum
2924 1152 3139 1198 suorum
3167 1156 3215 1197 et
3239 1145 3384 1213 ﬁlia-

1811 1263 1929 1300 rum
1967 1257 2208 1304 suarum,
2253 1257 2386 1311 quas
2426 1238 2858 1308 sacriﬁcaverunt
2892 1234 3222 1304 sculptilibus
3244 1232 3385 1287 Cha-

1812 1333 1974 1392 naan‘.
2004 1335 2074 1389 Et
2111 1334 2308 1405 infecta
2338 1343 2413 1387 est
2448 1341 2588 1385 terra
2619 1331 2673 1383 in
2715 1328 3080 1398 sanguinibus,
3124 1335 3173 1380 et
3207 1335 3387 1378 conta-
3431 1314 3446 1339 ‘

1812 1431 2016 1484 minala
2060 1429 2219 1488 estin
2267 1423 2508 1495 operibus
2553 1432 2759 1486 eorum,
2803 1429 2854 1474 et
2901 1420 3150 1489 fornicati
3179 1426 3299 1472 sunt
3332 1418 3385 1472 in

1813 1519 2270 1576 adinventionibus
2307 1518 2440 1571 suis.
2471 1515 2540 1568 Et
2575 1517 2748 1568 iratus
2783 1521 2858 1567 est
2901 1513 3079 1581 furore
3124 1509 3384 1565 Dominus

1813 1614 1868 1667 in
1918 1613 2166 1682 populum
2217 1617 2390 1672 suum,
2440 1619 2488 1662 et
2533 1605 2873 1659 abominatus
2918 1613 2996 1658 est
3027 1601 3385 1656 Itmreditatem

1813 1722 1987 1761 suam.
2024 1703 2082 1760 Si
2115 1711 2334 1775 propter
2361 1703 2476 1757 hazc
2511 1700 2692 1754 omnia
2727 1697 3075 1753 abominatus
3104 1703 3187 1749 est
3215 1694 3388 1748 haere-

131 1780 231 1838 διὰ
248 1783 420 1837 ταῦτα
448 1784 627 1837 πάντα
661 1778 976 1846 ὲόδελύξσπο
998 1781 1094 1852 τὴν
1128 1779 1487 1852 κληρονομίαν
1519 1777 1706 1842 αὐτοῦ,

1828 1797 2032 1850 litatem
2065 1811 2240 1860 suam,
2277 1811 2376 1849 cur
2407 1808 2573 1864 supra
2616 1792 2821 1847 dictitm
2853 1795 2959 1855 est,
2986 1788 3067 1841 Ad
3107 1786 3386 1841 videndum

131 1875 262 1938 πῶς
294 1867 549 1946 ἀνωτέρω
573 1875 806 1946 εἴρηται·
842 1873 951 1928 Τοῦ
977 1873 1126 1927 ίδεῗν
1154 1873 1224 1927 ἐν
1251 1872 1324 1941 τῇ
1350 1874 1712 1942 χρηστότητι

131 1967 264 2021 τῶν
303 1965 600 2022 ἐκλεκτῶν
641 1983 780 2034 σου,
829 1967 938 2021 τοῦ
981 1965 1384 2035 εὐφρανθῆναι
1419 1964 1488 2018 ὲν
1518 1963 1592 2032 τῇ
1619 1965 1715 2018 sb-

133 2060 420 2128 φροσύνῃ
458 2059 564 2115 τοῦ
605 2060 821 2126 ἔθνους
852 2075 989 2122 σου,
1030 2058 1136 2112 τοῦ
1172 2057 1537 2112 ἐπαινεῖσθαι
1564 2054 1717 2126 μετὰ

133 2152 257 2220 τῆς
289 2153 689 2222 κληρονομίας
716 2165 832 2206 σου
855 2168 874 2215 ;
911 2151 1072 2204 Ἀλλὰ
1097 2153 1200 2222 ὅρα
1227 2153 1275 2203 εἰ
1304 2149 1378 2221 μὴ
1408 2149 1596 2218 σαφῶς
1622 2147 1716 2202 καὶ

133 2243 246 2314 τὴν
292 2242 668 2314 βδελυχθεῖσαν
717 2241 1078 2314 κληρονομίαν
1125 2241 1218 2294 τοῦ
1274 2240 1537 2312 προτέρου
1587 2233 1716 2293 λαοῦ

137 2334 489 2407 παρέστησεν
533 2337 562 2388 ὁ
602 2334 777 2404 λόγος,
818 2335 914 2388 καὶ
952 2333 1081 2404 περὶ
1123 2333 1315 2404 ἐτέρας
1356 2329 1718 2402 κληρονομίας

137 2425 413 2490 θεσπίζει,
443 2425 520 2489 ὡς
549 2427 642 2480 καὶ
671 2429 799 2500 περὶ
829 2427 1016 2499 ἐτέρου
1049 2426 1178 2481 λαοῦ
1212 2426 1329 2498 μεθ’
1359 2419 1433 2480 ὧν
1467 2424 1718 2496 εῠχεσθαι

137 2518 620 2592 καταριθμηθῆναι
641 2518 897 2573 διδάσκει.

220 2613 328 2666 Kal
362 2611 702 2680 παρέδωκεν
729 2610 950 2675 αὐτοὺς
979 2605 1065 2676 εἰς
1103 2608 1305 2678 χεῖρας
1337 2605 1584 2678 ἐχθρῶν,
1619 2606 1719 2660 καὶ

139 2702 509 2770 ἐκυρίευσαν
539 2701 738 2755 αὐτῶν
765 2704 818 2755 ol
842 2700 1166 2770 μισοῦντες
1201 2701 1439 2765 αὐτούς.
1490 2700 1563 2752 Οὐ
1610 2715 1720 2752 πα-

145 2792 405 2865 ραδίδωσι
432 2791 489 2846 δὲ
516 2792 720 2864 Κύριος
741 2785 831 2845 τὸν
860 2793 985 2845 λαὸν
1015 2792 1202 2854 αὐτοῦ,
1226 2791 1321 2845 ἐὰν
1355 2789 1429 2861 μὴ
1458 2789 1722 2862 πρότερον

141 2883 466 2955 βδελὺξηται
496 2883 674 2936 αὐτόν’
712 2882 1056 2952 βδελύσσεται
1083 2882 1138 2936 δὲ
1164 2872 1325 2936 αὑτὸν
1354 2881 1440 2935 διὰ
1470 2882 1568 2944 τὰς
1591 2893 1724 2950 προ-

137 2975 478 3047 λελεγμένας
507 2975 752 3047 πράξεις.
800 2974 1047 3028 Ἐπειδὰν
1087 2974 1144 3027 δὲ
1181 2976 1209 3028 ὁ
1242 2972 1443 3045 Κύριος
1473 2971 1720 3043 παραδῷ,

139 3066 236 3130 τίς
268 3065 329 3119 οὒ
358 3063 576 3120 δύναται
609 3060 718 3118 τῶν
756 3063 918 3118 αὐτοῦ
953 3063 1292 3134 κυριεύσειν;
1325 3061 1438 3116 Kal
1463 3062 1724 3132 ἕθλιψαν

1814 1889 1868 1942 in
1892 1887 2124 1941 bonitate
2141 1887 2425 1940 electorum
2456 1893 2688 1948 tuorum,
2721 1882 2789 1936 ad
2813 1880 3098 1935 lwtandum
3127 1879 3179 1932 in
3199 1878 3387 1932 la'titia

1813 1981 1980 2050 gentis
2015 1989 2140 2043 tute,
2159 1986 2216 2030 ut
2249 1976 2481 2031 lauderis
2511 1991 2628 2029 cum
2659 1971 2968 2028 Itwreditate
2997 1973 3129 2026 tua?
3154 1971 3224 2024 Αι
3262 1984 3387 2039 per-

1815 2074 1991 2144 pende
2033 2079 2162 2127 num
2202 2077 2388 2141 aperte
2433 2080 2613 2125 sermo
2657 2065 3024 2122 abominatam
3065 2063 3262 2134 prioris
3289 2073 3387 2131 po-

1816 2166 1930 2236 puli
1979 2165 2351 2220 htereditatem
2392 2163 2650 2223 declaret,
2700 2175 2763 2214 ac
2795 2159 2864 2215 de
2918 2158 3025 2213 alia
3071 2155 3388 2211 haereditate

1817 2258 2175 2324 vaticinetur;
2207 2265 2268 2310 ut
2299 2262 2356 2311 et
2391 2254 2459 2309 de
2497 2254 2605 2307 alio
2637 2253 2838 2324 populo
2867 2253 3094 2323 quicum
3123 2262 3387 2304 annume-

1817 2348 1929 2403 rari
1958 2347 2257 2420 0ptandum
2285 2361 2408 2403 esse
2433 2346 2611 2402 docet.

1890 2609 2058 2668 Vens.
2082 2603 2270 2666 ιι-ιδ.
2299 2603 2366 2664 Ει
2396 2609 2618 2664 tradidit
2638 2621 2726 2665 eos
2747 2611 2801 2664 in
2824 2618 3012 2665 manus
3033 2605 3386 2674 inimicorum,

1820 2715 1871 2760 et
1900 2703 2160 2760 dominati
2183 2712 2304 2756 sunt
2332 2707 2514 2756 eorum
2558 2701 2647 2772 qui
2677 2698 2896 2756 oderunt
2922 2707 3031 2756 eos.
3074 2699 3193 2755 Non
3225 2695 3391 2754 tradit

1821 2787 2087 2852 Dominus
2137 2794 2399 2864 populum
2449 2809 2634 2858 suum,
2682 2793 2788 2847 nisi
2845 2794 2998 2863 prius
3051 2792 3392 2846 abmninelur

1823 2889 2004 2959 ipsum
2053 2902 2066 2941 ι
2115 2887 2292 2956 ipsum
2346 2888 2526 2940 autem
2582 2885 2929 2940 abominatur
2981 2885 3052 2940 ob
3092 2888 3390 2940 memorata

1823 2991 2009 3046 Opera.
2040 2974 2178 3030 Cum
2224 2980 2405 3029 autem
2451 2974 2568 3040 ipse
2608 2971 2871 3029 Dominus
2917 2975 3223 3040 tradiderit,
3267 2975 3393 3045 quis

1824 3084 1936 3123 non
1991 3067 2168 3137 possit
2203 3067 2418 3136 populis
2449 3066 2515 3119 ad
2557 3066 2736 3135 ipsum
2783 3066 3184 3136 pertinentibus
3216 3066 3392 3121 domi-

137 3159 374 3226 αὐτοὺς
398 3161 452 3213 ol
477 3143 677 3229 ἐχθροὶ
706 3155 922 3221 αὐτῶν,
962 3133 1060 3212 καί
1089 3154 1574 3225 ἐταπεινώθησαν
1602 3153 1722 3208 ὑπὸ

1828 3160 1988 3216 nari?
2019 3160 2090 3214 Et
2123 3157 2506 3214 tribulauerunt
2550 3176 2636 3212 eos
2669 3152 2870 3213 inimici
2909 3166 3112 3224 eorum,
3141 3169 3188 3215 et
3219 3159 3402 3214 humi-

142 3252 261 3318 τὰς
291 3249 494 3321 χεῖρας
527 3248 742 3303 αὐτῶνἱ
784 3245 1108 3313 πλεονάκις
1147 3246 1439 3315 ἐρρύσατο
1481 3245 1721 3310 αὐτούς.

141 3342 332 3399 Αὐτοὶ
361 3341 430 3395 δὲ
471 3339 918 3409 παρεπίκραναν
953 3337 1140 3392 αὑτὸν
1177 3339 1246 3390 ἐν
1273 3336 1349 3407 τῇ
1383 3335 1588 3405 βουλῇ
1616 3337 1725 3390 αὐ-

142 3434 295 3500 τῶν,
329 3433 428 3487 καὶ
458 3427 940 3498 ἐταπεινώθησαν
971 3429 1040 3483 ἐν
1061 3429 1189 3495 ταῖς
1209 3430 1483 3498 ἀνομίαις
1505 3427 1723 3482 αὐτῶν.

145 3497 325 3591 Αὐτδς
367 3525 485 3597 μὲν,
521 3526 703 3596 φησιν,
741 3523 987 3595 ὲρρύετο,
1026 3517 1260 3593 χρηστὸς
1302 3497 1377 3574 ῶν
1413 3522 1595 3584 αὐτοῖς
1634 3497 1742 3574 καὶ.

142 3621 359 3688 γλυκὺς
395 3612 703 3686 γενόμενος’
734 3615 784 3670 οἱ
815 3615 871 3668 δὲ
904 3614 1339 3685 παρεπίκραναν,
1375 3612 1570 3684 πικρὸν
1601 3612 1730 3665 ἑαυ-

145 3714 268 3774 τοῖς
310 3709 586 3771 ποιοῦντες
632 3705 814 3762 αὐτόν·
856 3707 949 3759 καὶ
991 3706 1152 3759 πάλιν
1194 3704 1355 3768 αὐτὸς
1401 3703 1603 3766 ἔσωζεν
1642 3697 1731 3756 οἷα

150 3804 364 3874 σωτήρ·
400 3802 449 3854 οἱ
485 3799 542 3854 δὲ
585 3797 917 3863 ἀπώλλυντο,
963 3797 1146 3868 ἔργοις
1188 3796 1462 3860 ἀπωλείας
1505 3797 1732 3860 ἑαυτοὺς

149 3891 586 3966 περιπείροντες
619 3890 715 3944 καὶ
752 3889 908 3943 τοῦτο
953 3888 1238 3952 πλεονάκις
1271 3887 1498 3956 ἐγίνετο,
1532 3887 1638 3952 ἕως
1669 3876 1730 3942 οὗ

148 3986 315 4040 αὐτοὶ
337 3983 560 4048 ἑαυτοὺς
587 3980 957 4036 ἐταπείνωσαν
985 3984 1044 4036 ὲν
1069 3984 1187 4046 ταῖς
1215 3981 1396 4035 αὐτῶν
1422 3980 1690 4052 ὰνομίαις.

228 4076 340 4132 Kal
378 4071 499 4129 εἶδε
523 4076 739 4142 Κύριος
763 4075 832 4127 ἐν
857 4073 934 4139 τῷ
964 4074 1270 4128 θλίϐεσθαι
1291 4072 1530 4138 αὐτοὺς,
1557 4073 1626 4126 ἐν
1652 4072 1734 4138 τῷ

151 4167 348 4223 αὑτὸν
369 4166 722 4220 εἰσακοῦσαι
751 4163 861 4234 τῆς
884 4164 1146 4234 δεήσεως
1175 4163 1390 4219 αὐτῶν.
1423 4164 1532 4219 Kal
1552 4159 1731 4234 ἐμνή-

153 4264 282 4328 σθη
310 4257 420 4328 τῆς
447 4257 731 4326 διαθήκης
759 4252 966 4320 αὐτοῦ,
1001 4257 1099 4310 καί
1128 4257 1461 4326 μετεϐλήθη
1486 4256 1636 4310 κατὰ
1664 4254 1733 4309 τὸ

156 4348 400 4420 πλῆθος
422 4349 530 4405 τοῦ
557 4344 764 4414 ἐλέους
790 4343 997 4402 αὐτοῦ.
1027 4346 1137 4402 Kal
1167 4346 1388 4402 ἔδωκεν
1407 4347 1629 4412 αὐτοὺς
1647 4347 1735 4414 είς

1829 3253 1950 3307 liati
1980 3261 2102 3308 sunt
2151 3252 2246 3306 sub
2291 3251 2534 3305 manibus
2583 3259 2968 3323 eorum:sazpe
3017 3248 3256 3307 liberavit
3283 3265 3394 3309 eos.

1829 3345 1943 3415 Ipsi
1972 3355 2146 3400 autem
2176 3345 2619 3401 exacerbaverunt
2651 3360 2767 3398 eum
2799 3345 2853 3397 in
2905 3331 3127 3398 consilio
3168 3360 3262 3397 suo
3291 3360 3310 3398 :
3345 3350 3398 3398 el

1827 3432 2092 3490 humiliati
2121 3448 2241 3491 sunt
2271 3429 2327 3490 in
2349 3433 2718 3507 iniquitatibus
2747 3429 2887 3490 suis?
2908 3432 3028 3505 Ipse
3057 3435 3275 3504 quidem
3297 3435 3396 3500 ait,

1827 3529 2007 3585 bonus
2032 3544 2155 3583 cum
2195 3532 2340 3584 esset
2378 3542 2440 3581 ac
2469 3526 2834 3597 mitigaretur,
2870 3526 3132 3581 liberabat
3165 3540 3290 3594 eos;
3320 3521 3422 3579 illi“

1828 3636 1958 3677 vero
1983 3620 2448 3675 esa‘cerbaverunt
2474 3634 2620 3683 eum,
2645 3617 2902 3671 acerbum
2940 3611 3043 3672 sibi
3068 3619 3402 3672 constituen-

1829 3720 1957 3767 tes:
1990 3727 2054 3766 ac
2094 3724 2288 3765 rursus
2315 3708 2427 3774 ille,
2459 3717 2648 3778 utpote
2689 3715 2957 3776 servator,
3003 3706 3229 3764 eruebat
3269 3725 3400 3780 eos,

1831 3799 1908 3854 illi
1931 3813 2062 3852 vero
2091 3795 2361 3868 peribant,
2387 3795 2535 3851 exitii
2563 3792 2821 3865 operibus
2838 3811 2960 3853 sese
2983 3796 3398 3857 confodientes'.

1831 3889 1997 3960 idque
2035 3905 2174 3955 saepe
2202 3887 2403 3942 factum
2433 3897 2535 3955 est,
2559 3888 2734 3944 donec
2767 3904 2827 3944 se
2848 3889 2949 3959 ipsi
2973 3887 3402 3946 bumiliaverunt

1830 3981 1888 4037 in
1927 3979 2310 4050 iniquitatibus
2339 3979 2475 4034 suis.

1904 4071 2072 4126 Vsus.
2106 4070 2296 4125 44-46.
2339 4069 2409 4124 Et
2447 4066 2579 4126 uidit
2623 4063 2880 4128 Dominus
2918 4085 3036 4128 cum
3087 4072 3407 4130 tribularen-

1836 4165 1943 4227 tur,
1988 4177 2107 4215 cum
2149 4160 2357 4214 audiret
2397 4161 2814 4230 deprecationem
2857 4179 3061 4220 eorum.
3099 4164 3171 4219 Et
3207 4183 3407 4222 memor

1836 4254 1939 4324 fuit
1969 4255 2267 4306 testamenti
2301 4248 2407 4318 sui,
2436 4263 2486 4308 et
2519 4254 2761 4322 paenituit
2793 4264 2911 4309 eum
2944 4255 3228 4312 secundum
3268 4261 3406 4314 mul-

1838 4345 2116 4400 titudinem
2148 4345 2524 4399 misericordia:
2561 4362 2691 4400 suae.
2724 4345 2792 4399 El
2832 4341 2972 4401 dedit
2999 4365 3086 4402 eos
3125 4350 3179 4403 in
3207 4350 3408 4405 miseri-

158 4441 504 4512 οὶκτιρμοὺς
552 4439 830 4494 ἐναντίον
879 4436 1118 4493 πάντων
1170 4435 1289 4493 τῶν
1335 4435 1722 4507 αίχμαλωτευ-

1837 4435 2047 4489 cordias
2093 4435 2146 4488 in
2181 4445 2457 4504 conspectu
2500 4439 2735 4491 omnium
2766 4439 2855 4508 qui
2886 4450 3126 4508 ceperant
3153 4455 3260 4498 eos.
3293 4440 3408 4497 Hoc

158 4530 406 4586 σάντων
432 4531 671 4596 αὐτούς.
710 4528 821 4582 Καὶ
847 4528 1006 4582 τοῦτο
1028 4527 1347 4599 ἐπληροῦτο,
1372 4527 1460 4581 ὅτε
1487 4527 1736 4581 ἐνέϐαλεν

160 4625 193 4675 ὁ
215 4623 348 4686 Θεὸς
372 4623 451 4686 εἰς
470 4623 568 4694 τὴν
590 4620 816 4694 καρδίαν
839 4617 1022 4691 Κύρου
1050 4619 1142 4673 τοῦ
1167 4619 1449 4690 βασιλέως,
1477 4620 1571 4673 καὶ
1602 4619 1740 4690 μετὰ

162 4714 341 4767 ταῦτα
382 4709 607 4784 Δαρείου
650 4713 742 4766 καὶ
784 4710 1137 4782 Ἀρταξέρξου
1167 4710 1559 4781 φιλανθρώπως
1599 4710 1737 4780 χρή-

164 4801 368 4859 σασθαι
392 4800 471 4874 τῷ
513 4802 778 4857 Ἰουδαίων
804 4801 965 4866 ἔθνει,
990 4801 1129 4854 κατὰ
1153 4800 1221 4854 τὰ
1246 4803 1303 4854 ὲν
1331 4805 1398 4872 τῇ
1431 4801 1616 4872 Γραφῇ
1643 4800 1738 4854 τοῦ

169 4896 380 4966 Ἕσδρα
410 4895 703 4965 φερόμενα.
746 4894 904 4947 Ἀλλὰ
929 4895 1021 4948 καὶ
1047 4894 1218 4946 εἰσέτι
1242 4891 1337 4946 νῦν
1367 4895 1433 4963 τῇ
1459 4893 1599 4964 ἀρχῇ
1631 4892 1740 4944 τῶν

180 4986 468 5057 Ῥωμαίων
501 4984 840 5048 δουλεύοντες
867 4988 924 5039 ὲν
951 4987 1250 5056 οἰκτιρμοῖς
1277 4984 1619 5054 τυγχάνουσι,
1644 4981 1738 5034 τοῦ

167 5077 308 5131 Θεοῦ
332 5075 490 5131 τοῦτο
523 5078 705 5140 αὐτοῖς
742 5076 1132 5149 δεδωρημένου’
1174 5078 1271 5147 οὐχ
1305 5077 1384 5130 ὅτι
1409 5072 1548 5147 ἦσαν
1577 5075 1739 5140 ἄξιοι,

171 5170 310 5223 ἀλλὰ
336 5169 496 5224 πάλιν
522 5170 609 5225 διὰ
631 5168 690 5224 τὸ
719 5169 919 5241 πλῆθος
942 5169 1036 5222 τοῦ
1065 5167 1263 5234 ἐλέους.
1286 5169 1393 5224 Kal
1409 5167 1741 5239 μετεϐλήθη

1840 4527 2188 4597 implebatur,
2220 4527 2438 4597 quando
2485 4527 2710 4582 immisit
2760 4529 2908 4584 Deus
2938 4531 2993 4584 in
3040 4545 3137 4585 cor
3162 4530 3290 4602 Cyri
3321 4549 3408 4589 re-

1841 4618 1948 4688 gis,
1977 4625 2030 4672 et
2064 4624 2252 4688 postea
2283 4615 2430 4671 Darii
2462 4624 2516 4672 et
2553 4619 2894 4683 Artaxerxis,
2940 4625 2998 4674 ut
3026 4635 3150 4675 cum
3179 4619 3409 4677 Judaica

1841 4716 2002 4779 gente
2028 4707 2258 4778 benigne
2283 4716 2524 4777 agerent.
2554 4709 2855 4763 secundum
2893 4724 2956 4764 ea
2985 4726 3105 4780 quas
3138 4712 3191 4766 in
3223 4710 3411 4768 Esdrte

1844 4799 2126 4868 Scriptura
2153 4799 2422 4854 feruntur.
2449 4799 2781 4864 Quinetiam
2825 4794 2970 4856 nunc
3020 4801 3268 4859 Romano
3314 4803 3413 4858 im-

1841 4893 1995 4964 porio
2038 4899 2293 4962 parentes
2333 4893 2806 4958 miserationibus,
2855 4893 2966 4949 Deo
3006 4879 3262 4961 auctore,
3313 4897 3412 4952 do-

1845 4991 2044 5038 nantur
2074 4998 2087 5035 :
2125 4997 2233 5037 non
2268 4983 2410 5053 quod
2436 4981 2584 5053 digni
2624 4981 2769 5049 sint;
2801 4984 2895 5039 sed
2926 4984 2996 5038 ob
3023 4985 3412 5041 misericordias

1844 5076 1964 5142 ejus
1995 5075 2443 5144 magnitudinem.
2465 5075 2534 5127 Et
2549 5077 2788 5145 pwnituit
2811 5093 2928 5130 eum
2964 5076 3247 5132 secundum
3274 5084 3412 5134 mul-

1847 5166 2126 5221 titudinem
2189 5166 2566 5222 misericordia
2616 5185 2747 5223 suae.
2802 5168 3182 5225 Pmnitentiam
3230 5180 3412 5228 autem

171 5260 326 5315 κατὰ
366 5261 430 5315 τὸ
469 5261 702 5330 πλῆθος
733 5261 839 5315 τοῦ
873 5262 1084 5327 ἐλέους
1129 5261 1333 5317 αὐτοῦ.
1370 5260 1722 5331 Μεταμέλειαε

1845 5266 2005 5312 vocat
2042 5259 2416 5330 castigationis
2458 5262 2841 5317 cessationem.
2874 5261 3016 5318 Deus
3063 5264 3264 5335 quippe
3291 5279 3412 5335 pa:-

173 5350 232 5404 δὲ
266 5349 421 5404 καλεῖ
451 5351 551 5421 τῆς
582 5351 830 5415 παιδείας
858 5352 956 5421 τὴν
984 5349 1212 5404 παῦλαν.
1251 5349 1310 5405 '0
1342 5351 1450 5422 γὰρ
1486 5349 1614 5414 Θεὸς
1646 5349 1744 5421 τῆς

178 5441 543 5512 μεταμελείας
571 5443 670 5494 οὐκ
690 5441 801 5513 ἔχει
829 5441 890 5495 τὺ
909 5442 1097 5505 πάθος,
1121 5441 1242 5494 οὐδὲ
1269 5441 1362 5496 νῦν
1390 5442 1488 5513 μὲν
1514 5440 1743 5506 τούτοις,

173 5531 274 5585 νῦν
307 5533 365 5585 δὲ
393 5533 621 5597 ἐκείνοις
649 5534 961 5606 ἀρέσκεται,
993 5534 1126 5587 ἀλλά
1157 5532 1333 5602 σοφῶς
1364 5535 1578 5589 ἅπαντα
1612 5549 1748 5606 πρυ-

1847 5349 2090 5405 ιιὶιεηιίαε
2119 5351 2371 5405 είΐεειυω
2408 5349 2608 5407 habere
2634 5353 2823 5423 nequit
2855 5373 2869 5408 :
2903 5371 3078 5424 neque
3109 5356 3273 5412 modo
3302 5358 3410 5430 his,

1845 5443 2372 5516 modoillis.placita
2403 5443 2549 5511 edit;
2585 5444 2679 5499 sed
2701 5445 2975 5515 sapienter
3010 5447 3194 5501 omnia
3222 5449 3411 5504 mode-

1847 5547 1996 5596 rans,
2039 5543 2093 5590 et
2123 5533 2508 5604 castigationes
2555 5535 2784 5604 inducit,
2835 5545 2888 5592 et
2931 5537 3276 5595 clementiam
3324 5554 3416 5598 ex-

175 5621 460 5690 τανεύων,
510 5625 604 5679 καὶ
654 5624 897 5688 παιδείας
947 5624 1139 5693 ἐπάγει
1192 5625 1286 5679 καὶ
1343 5625 1748 5698 φιλανθρωπίας
1849 5626 2016 5681 bibet.

178 5709 385 5781 ὀρέγει.
