3868 6282
531 212 668 287 isis

1232 208 1502 285 Enssou
1537 206 2018 285 CESARll-ZNSIS
2053 214 2094 284 ο

2195 269 2206 283 .
2244 216 2430 283 psus
2467 205 2558 284 m.
2586 234 2656 269 -έ-
2695 202 3104 282 EXEGETiCA.

3553 231 3647 287 Κ»Ξο

599 340 763 399 Vsus.
804 340 894 405 47,
923 340 1012 396 48.
1043 340 1229 398 Salvos
1275 358 1371 397 nos
1397 340 1505 412 fac,
1549 341 1774 396 Domine
1816 340 1958 398 Deus
2000 357 2094 397 no-

2265 337 2477 395 Σῶσον
2496 336 2677 410 ἡμᾶς,
2699 339 2877 404 Κύριε
2900 337 2935 391 δ
2969 336 3114 402 Θεὸς
3138 334 3316 405 ἡμῶν,
3351 336 3440 423 uel
3474 338 3654 396 ἐπισυν.

527 444 657 499 :ter,
683 443 734 489 et
764 449 1023 505 congrega
1060 449 1156 489 nos
1183 433 1248 489 de
1286 431 1613 498 nationibus,
1655 438 1715 488 tt
1745 432 2099 503 conﬁteantur

528 527 733 581 nomini
758 535 944 581 sancto
979 535 1089 590 tuo,
1120 534 1172 581 et
1199 524 1486 596 gloriemur
1519 525 1575 578 in
1600 524 1756 579 laude
1786 532 1901 579 tua.
1926 523 2098 581 Bene-

527 618 701 673 dictus
749 618 1007 674 Dominus
1036 618 1178 674 Deus
1215 618 1412 684 Israel,
1452 636 1487 673 a
1529 617 1726 674 sarculo
1761 627 1813 673 et
1850 635 2013 691 usque
2040 620 2099 675 in

527 709 802 778 clnculum,
819 721 867 766 et
883 710 1022 767 dicet
1041 708 1476 783 omnisbtopulus,
1507 709 1656 775 Fiat,
1675 711 1794 781 ﬁat.
1819 710 2099 769 Docentur

527 814 723 875 rogare
763 811 824 858 ut
859 804 927 860 de
974 803 1228 875 gentibus
1273 811 1706 875 congregantur;
1745 811 1804 861 ut
1844 805 1930 861 vel
1973 812 2098 863 sero

527 894 745 950 tandem
777 911 806 950 a
841 894 1184 966 dispersione
1213 895 1429 951 liberati
1461 894 1516 950 in
1549 897 1719 950 unum
1745 896 2095 956 conveniant.

526 981 682 1053 Quod
710 985 883 1044 Judaei
922 987 1139 1060 quidem
1174 989 1228 1044 in
1261 989 1519 1059 praesenti
1547 988 1658 1046 vita
1696 988 1941 1047 futurum
1974 1002 2099 1049 esse

526 1078 822 1144 somniant,
849 1088 974 1134 eum
1016 1088 1214 1134 unctus
1245 1079 1382 1149 ipsis
1404 1077 1601 1134 aderit.
1624 1078 1736 1136 Nos
1758 1086 1962 1147 autem,
1982 1080 2096 1151 jam

527 1168 812 1227 Salvatore
837 1179 1028 1228 nostro
1053 1170 1370 1226 hominibus
1402 1169 1775 1240 illucescente,
1797 1173 2101 1228 multitudi-

525 1275 651 1315 nem
696 1262 1002 1317 animarum
1038 1276 1107 1317 ex
1157 1261 1415 1317 omnibus
1461 1263 1713 1332 gentibus
1743 1263 1800 1320 in
1845 1264 1963 1320 dies
1994 1265 2099 1320 sub

525 1349 620 1406 Dei
654 1350 795 1407 Filio
825 1356 1276 1424 congregatarum
1300 1353 1548 1410 videmus
1574 1374 1587 1409 :
1619 1365 1742 1427 qua:
1772 1354 1861 1410 hic
1889 1369 2100 1426 praepa-

522 1451 721 1498 rantur
748 1444 812 1497 ad
848 1445 1128 1500 meliorem
1171 1445 1650 1516 congregationem
1693 1446 1750 1500 in
1778 1460 1946 1518 regno
1985 1461 2100 1502 cm-

523 1535 702 1592 lcrum
741 1535 1069 1602 habendam,
1096 1552 1261 1608 quam
1293 1552 1421 1593 vere
1454 1549 1702 1594 sanctam
1730 1536 1848 1594 fore
1870 1541 2100 1610 promit-

2200 431 2393 505 drare
2407 431 2564 503 ἡμᾶς
2577 431 2649 486 ὲκ
2672 430 2792 485 τῶν
2817 426 3029 490 ἐθνῶν.
3054 428 3160 482 τοῦ
3174 427 3585 498 ἐξομολογεῖσθαι
3603 435 3657 501 τῷ

2196 524 2444 596 ὀνόματι
2472 538 2590 580 σου
2622 522 2704 590 τῷ
2730 524 2896 593 ἁγίῳ,
2918 515 3027 575 τοῦ
3056 518 3434 591 ὲτκαυχᾶσθαι
3452 523 3507 576 ὲν
3529 523 3583 592 τῇ
3600 529 3659 580 al.

2195 617 2365 672 νέσει
2408 629 2548 671 σου.
2601 608 2947 685 Εὐλογητὸς
2991 611 3209 680 Κύριος
3251 615 3283 666 ὁ
3324 612 3450 679 Θεὸς
3490 613 3661 685 Ἰσραὴλ

2194 707 2316 763 ἀπὸ
2347 706 2454 763 τοῦ
2483 703 2698 771 αἰῶνος
2725 703 2825 758 real
2991 702 3099 757 τοῦ
3116 698 3339 767 αἰῶνος.
3364 701 3460 755 Kal
3476 701 3661 772 ἐρεῖαᾶς

2198 795 2232 847 ὀ
2269 793 2441 861 λαὸς,
2496 792 2759 859 Γένοιτο,
2803 790 3053 862 γένοιτο.
3115 789 3441 843 Διδάσκονται
3483 789 3662 862 εὔχεσθαι

2195 885 2377 958 τυχεῖν
2415 886 2513 955 τῆς
2548 884 2659 940 ἀπὸ
2686 883 2794 937 τῶν
2825 882 2993 938 ἐθνῶν
3023 881 3359 952 συναγωγῆς,
3392 882 3450 935 ἶν’
3474 883 3555 954 ἠδη
3579 884 3664 938 ποτὲ

2195 979 2297 1052 τῆς
2313 978 2610 1048 διασπορᾶς
2630 973 3033 1043 ἀπαλλαγέντες
3064 974 3158 1026 ἐπὶ
3175 973 3235 1026 τὸ
3258 971 3382 1025 αὐτὸ
3400 973 3663 1043 συναχθῶσιν·

2195 1070 2334 1142 ὅπερ
2383 1067 2623 1122 Ἰουδαῖοι
2671 1067 2770 1139 μὲν
2801 1062 3159 1135 φαντάζονται
3201 1062 3404 1134 μέλλειν
3437 1063 3606 1119 ἔσεσθαι
3632 1067 3668 1118 ἐν

2196 1159 2276 1230 τῷ
2314 1158 2540 1232 παρόντι
2576 1157 2697 1230 βίῳ,
2734 1157 3052 1219 ἐπιστάντος
3082 1155 3261 1219 αὐτοῖς
3293 1153 3384 1207 τοῦ
3410 1154 3669 1227 ἡλειμμὲνωο

2196 1254 2359 1325 ἡμεῖς
2394 1252 2472 1317 δὲ,
2509 1252 2609 1323 ἥδη
2644 1249 2739 1304 τοῦ
2767 1250 3018 1322 Σωτῆρος
3044 1247 3201 1320 ἡμῶν
3242 1247 3674 1318 ἐπιλάμψαντοςὰν-

2198 1343 2459 1415 θρώποις,
2502 1344 2718 1415 ὁρῶμεν
2758 1344 2823 1396 ἐκ
2858 1343 3075 1396 πάντων
3113 1340 3218 1393 τῶν
3259 1339 3420 1394 ἐθνῶν
3454 1340 3505 1394 τὸ
3540 1340 3675 1412 πλῆθος

2196 1436 2310 1493 τῶν
2335 1436 2603 1511 ὁσημέραι
2628 1420 2735 1492 ὑπὸ
2756 1438 2847 1492 τὸν
2871 1436 2966 1491 τοῦ
2988 1433 3121 1489 Θεοῦ
3146 1435 3272 1488 Υἱδν
3297 1437 3677 1507 ἐπισυναγομὲνυη

2196 1529 2407 1602 ψυχῶν,
2435 1528 2682 1584 ἐντεῦθέν
2703 1546 2763 1582 τε
2785 1525 3351 1600 παρασκευαζομένων
3371 1524 3456 1578 ἐπὶ
3470 1525 3551 1596 τὴν
3565 1527 3680 1597 πρεξε-

523 1628 611 1684 tit.
642 1627 957 1684 Benedictus
980 1628 1240 1685 Dominus
1262 1628 1404 1685 Deus
1435 1628 1608 1685 Israel
1631 1647 1665 1685 a
1689 1631 1884 1686 saeculo
1914 1641 1963 1685 et
1991 1646 2094 1686 us-

2199 1640 2328 1677 τονα
2359 1621 2775 1691 ἐπισυναγωγὴν
2813 1620 2913 1691 τῆς
2938 1618 3047 1672 τῶν
3072 1616 3317 1689 οὐρανῶν
3349 1616 3600 1688 βασιλείας,
3622 1620 3682 1686 ἦν·

521 1682 620 1775 ἐπε
641 1682 703 1774 in,
724 1682 1003 1778 menum.
1037 1682 1277 1777 nisi;
1309 1682 1486 1777 an};
1498 1682 1782 1792 iam;
1801 1682 1957 1791 Fial,
1974 1682 2094 1793 ρᾇ.

2197 1720 2320 1769 τινα
2354 1712 2569 1783 ἀληθῶς
2600 1682 2775 1781 avla-xi
2819 1682 3233 1780 ἐπαγγέλλεται.
3275 1682 3583 1777 Εὗλοτητὸς

521 1811 903 1884 Congruenter
936 1813 1200 1886 Apostolo
1219 1816 1423 1889 dicenti
1452 1835 1465 1870 :
1497 1808 1564 1870 In
1591 1816 1736 1870 omni
1757 1816 1962 1887 gratias
1985 1817 2099 1887 agi-

524 1904 654 1968 te",
679 1903 793 1973 jam
827 1919 1010 1961 sermo
1047 1906 1229 1970 docet,
1260 1920 1474 1976 semper
1504 1904 1735 1960 Domino
1773 1906 2099 1961 benedicen-

521 1994 652 2051 dum
682 2012 825 2061 esse,
853 1999 967 2053 sive
993 1998 1341 2064 misereatur,
1375 1999 1493 2056 sive
1534 1996 1782 2068 castiget,
1807 1997 1922 2053 sive
1950 1998 2098 2054 salu-

522 2094 633 2145 tem
662 2088 959 2160 impertiat.

1050 2343 1419 2404 ALLELUIA.
1434 2340 1570 2405 CVI.

592 2437 764 2494 Vens.
799 2437 917 2517 1:4.
962 2436 1302 2511 Conﬁtemini
1347 2440 1592 2506 Domino,
1621 2442 1869 2511 quoniam
1904 2428 2092 2503 bonus,

519 2531 771 2586 auoniam
800 2532 854 2586 in
883 2533 1140 2587 seculum
1184 2532 1553 2587 misericordia
1593 2533 1731 2601 ejus.
1777 2532 1967 2586 Dicant
2005 2532 2097 2602 qui

521 2621 776 2692 redempti
804 2630 927 2677 sunt
954 2640 988 2677 a
1013 2622 1259 2687 Domino,
1296 2640 1426 2695 quos
1466 2622 1685 2677 redemit
1714 2621 1777 2677 de
1806 2638 1966 2676 manu
1990 2621 2097 2676 ini-

520 2715 801 2780 micorum,
845 2722 897 2769 et
941 2712 1006 2769 de
1053 2715 1352 2785 regionibus
1408 2716 1737 2786 congregavit
1775 2730 1862 2769 eos
1895 2731 1929 2768 a
1966 2712 2096 2767 solis

520 2818 643 2862 ortu
675 2815 726 2861 et
778 2822 992 2875 occasu,
1024 2806 1090 2860 ab
1126 2806 1383 2878 Aquilone
1407 2815 1456 2860 et
1488 2808 1667 2862 mari:
1691 2814 1997 2861 erraverunt
2041 2804 2096 2861 in

521 2896 832 2964 solitudine,
877 2900 934 2953 in
974 2899 1253 2969 inaquoso.
1295 2897 1528 2953 Domino
1570 2896 1938 2953 conlitendum
1989 2903 2093 2959 est,

2191 1823 2322 1875 ριος
2354 1808 2387 1860 ὁ
2421 1804 2566 1872 Θεὸς
2603 1801 2842 1872 Ἰσραὴλ
2868 1803 2989 1858 ἀπὸ
3017 1802 3120 1857 τοῦ
3152 1800 3361 1867 αἰῶνος
3399 1801 3488 1855 καὶ
3517 1800 3602 1866 ἕως
3617 1800 3684 1854 τοῦ

2197 1895 2435 1963 αἰῶνος.
2476 1895 2587 1950 Kal
2632 1894 2762 1963 ἐρεῖ
2793 1892 2914 1961 πᾶς
2947 1896 2981 1947 ὀ
3014 1892 3184 1959 λαὸς,
3228 1892 3481 1956 Γένοιτο,
3507 1889 3683 1959 γένοιτο.

2211 1988 2544 2054 Ἀκολούθως
2567 1986 2645 2059 τῷ
2673 1986 2978 2057 Ἀποστόλῳ
3002 1987 3258 2056 φήσαντι·
3288 1985 3388 2039 Ἐν
3399 1983 3688 2052 «articula-

2190 2081 2521 2150 ριστεῖσθε,
2544 2080 2639 2134 καὶ⁵
2659 2079 2755 2134 νῦν
2773 2080 2802 2132 ό
2826 2078 2984 2147 λόγος
3009 2077 3276 2140 διδάσκει,
3294 2076 3507 2130 πάντοτε
3521 2073 3688 2142 εὐλογεῖν

2199 2174 2292 2229 τὸν
2310 2173 2535 2245 Κύριον,
2567 2173 2661 2227 καὶ
2681 2173 2766 2243 ἐφ’
2790 2166 2873 2234 οἷς
2891 2170 3031 2224 ἐλεεῖ
3050 2170 3142 2225 καὶ
3171 2171 3259 2239 ἐφ’
3281 2166 3361 2233 οἷς
3392 2167 3614 2230 παιδεύει,
3632 2169 3691 2220 καὶ

2203 2267 2289 2338 ἐφ’
2324 2260 2407 2331 οἷς
2435 2264 2618 2329 σώζει.

2686 2351 3109 2405 ΑΛΔΗΛΟΥΙΑ.
3149 2350 3297 2417 PQ".

2285 2441 2769 2515 Ἑξομολογεῒσθε
2793 2439 2873 2507 τῷ
2894 2439 3108 2510 Κυρίῳ,
3133 2439 3226 2493 ὅτι
3254 2437 3527 2510 χρηστὸς,
3550 2436 3617 2490 ὅτι
3638 2439 3691 2501 εἰς

2197 2538 2307 2593 τὸν
2343 2534 2533 2591 αἰῶνα
2570 2533 2637 2589 τὸ
2674 2534 2848 2599 ἕλεος
2878 2531 3084 2587 αὐτοῦ.
3119 2531 3477 2585 Ειπάτωσαν
3505 2532 3551 2583 οὶ
3577 2531 3693 2582 λελε-

2198 2629 2482 2699 τρωμένοι
2524 2624 2645 2682 ὑπὸ
2677 2625 2920 2694 Κυρίου,
2953 2622 3063 2690 οὓς
3104 2622 3448 2691 ἐλύτρωσεν
3472 2620 3534 2673 ἐκ
3558 2618 3693 2689 χειρὶ(

2197 2719 2445 2790 ἐχθρῶν,
2493 2718 2592 2773 καὶ
2634 2717 2705 2772 ἐκ
2730 2716 2851 2772 τῶν
2890 2706 3097 2786 χωρῶν
3142 2713 3488 2785 συνήγαγεν
3524 2711 3693 2774 αὐτοὺς.

2197 2812 2317 2867 ἀπὸ
2342 2809 2653 2867 ἀνατολῶν
2674 2807 2774 2864 καὶ
2796 2806 3065 2878 δυσμῶν,
3092 2805 3192 2859 καὶ
3211 2802 3410 2875 ,βορρᾶ
3435 2804 3522 2857 καὶ
3536 2801 3694 2858 θαλάσ-

2198 2915 2338 2968 σης⁶
2368 2897 2808 2967 ἐπλανήθησαν
2833 2896 2905 2949 ἐν
2931 2893 3005 2964 τῇ
3032 2894 3256 2964 ἐρήμῳ,
3289 2894 3358 2948 ὲν
3394 2892 3612 2961 ἀνύδρῳ.
3639 2890 3696 2958 τῷ

523 2991 640 3046 sive
688 2992 795 3062 ipsi
841 2998 902 3046 ut
953 2990 1167 3047 medico
1222 2998 1445 3062 peccata
1494 2997 1684 3045 nostra
1734 2987 2094 3055 declarando;

2202 2991 2391 3065 Κυρίῳ
2431 2988 2869 3062 ἐξομολογεῖσθαι
2902 2987 2982 3041 δεῖ
3014 2986 3156 3041 κατά
3195 3004 3263 3040 τε
3301 2986 3364 3039 τὸ
3403 2985 3634 3057 ὁμολογεῖν
3655 2980 3694 3031 τὶ

518 3082 637 3140 sive
673 3098 773 3155 pro
812 3082 1095 3139 beneﬁciis
1126 3082 1183 3138 in
1231 3099 1333 3140 nos
1364 3083 1581 3138 collatis
1610 3080 1816 3153 gratias
1862 3078 2093 3150 agendo,

519 3182 708 3246 utpote
729 3174 824 3246 qui
844 3175 1152 3231 curationis
1179 3174 1300 3245 ejus
1324 3176 1523 3247 pignus
1547 3173 1893 3229 obtineamus
1918 3190 1932 3227 :
1961 3186 2098 3242 quo-

518 3265 670 3322 niam
707 3282 819 3321 non
854 3266 1017 3322 modo
1052 3267 1231 3323 bonus
1267 3275 1381 3334 est,
1429 3266 1525 3322 sed
1566 3266 1732 3321 etiam
1778 3278 1875 3336 per
1917 3270 2095 3318 totum

521 3371 763 3426 praesens
815 3356 1076 3411 saeculum
1129 3356 1569 3412 misericordiam
1618 3369 1774 3411 suam
1827 3353 2093 3409 extendit.

519 3440 715 3497 Dicant
737 3443 828 3513 qui
855 3444 1110 3515 redempti
1149 3456 1273 3499 sunt
1292 3462 1324 3499 a
1354 3444 1605 3511 Domino,
1630 3456 1758 3515 quos
1784 3443 1999 3498 redemit
2032 3444 2099 3498 de

520 3549 685 3586 manu
723 3534 1059 3588 inimicorum
1088 3544 1139 3591 et
1177 3542 1242 3591 de
1283 3535 1585 3608 regionibus
1624 3537 1951 3608 congregavit
1983 3551 2093 3590 eos.

519 3623 779 3680 Gentium
809 3627 1024 3683 vocatio
1060 3644 1154 3699 per
1200 3628 1542 3683 Salvatorem
1584 3636 1833 3683 nostrum
1876 3627 1943 3682 ad
1981 3642 2093 3683 rem

519 3717 786 3783 deducta,
841 3730 1210 3790 congruenter
1264 3718 1323 3774 in
1376 3720 1631 3789 praesenti
1684 3727 1808 3791 post
1855 3718 2096 3774 Judaica:

519 3810 698 3881 gentis
740 3809 1197 3881 repudiationem,
1231 3826 1355 3883 qua).
1401 3813 1455 3866 in
1508 3809 1837 3882 praecedenti
1880 3811 2094 3881 psalmo

518 3912 772 3956 enarrata
809 3902 930 3967 fuit,
978 3904 1381 3974 prmnuntiatur
1410 3921 1424 3958 :
1458 3903 1515 3956 in
1550 3918 1659 3973 quo
1707 3911 1832 3973 post
1869 3903 2094 3972 longum

518 3993 862 4065 impietatum
917 3995 1162 4066 ipsorum
1220 3995 1532 4066 catalogum
1585 3994 1795 4050 dictum
1836 4001 1920 4050 est
1961 4010 1975 4047 :
2023 3992 2094 4048 Et

519 4085 692 4140 iratus
718 4094 797 4140 est
825 4085 1079 4141 Dominus
1118 4089 1176 4141 in
1203 4086 1454 4158 populum
1482 4103 1659 4153 suum,
1680 4096 1731 4141 et
1757 4086 2092 4143 abominatus

517 4187 599 4233 est
644 4177 1007 4234 hwreditatem
1055 4195 1230 4236 suam.
1270 4179 1416 4248 Quos
1445 4180 1665 4235 redemit
1694 4179 1758 4233 de
1784 4196 1947 4233 manu
1989 4179 2092 4233 inio

519 4271 819 4336 micorum;
859 4286 956 4327 eos
987 4287 1185 4343 nempe
1213 4273 1306 4343 qui
1351 4273 1421 4328 ab
1465 4272 1702 4328 inimicis
1746 4280 1801 4327 et
1840 4271 2094 4328 hostibus

2197 3083 2408 3139 ἑαυτῶν
2440 3081 2887 3153 πλημμελήματα
2926 3080 3001 3143 ὡς
3038 3077 3231 3150 ἰατρῷ,
3262 3078 3405 3133 κατά
3436 3095 3491 3131 τε
3515 3076 3566 3129 τὸ
3591 3075 3698 3143 tiqui

2198 3178 2400 3248 ριστεῖν
2428 3172 2579 3245 αὐτῷ
2602 3173 2695 3226 ἐπὶ
2717 3174 2839 3235 ταῖς
2870 3171 2951 3234 εἰς
2973 3170 3119 3241 ἡμᾶς
3140 3170 3500 3243 εὐεργεσίαις,
3524 3167 3575 3220 τὸ
3595 3165 3696 3235 ἐχέτ.

2194 3285 2326 3338 γυον
2357 3267 2457 3338 τῆς
2490 3265 2620 3337 παρ’
2658 3262 2825 3318 αὑτοῦ
2861 3260 3154 3335 θεραπείας
3186 3260 3434 3332 ἔχοντας·
3462 3261 3536 3314 ότι
3563 3257 3621 3330 μὴ
3641 3258 3698 3327 μό-

2194 3344 2285 3414 νον
2306 3358 2540 3431 χρηστός
2571 3359 2738 3421 ἐστιν,
2774 3352 2911 3408 ἀλλὰ
2938 3353 3034 3407 καὶ
3066 3351 3391 3423 παρατείνει
3418 3352 3474 3405 τὸ
3497 3351 3616 3413 ἕλεος
3639 3348 3698 3400 τι.

2193 3450 2288 3507 τοῦ
2331 3452 2411 3515 εἰς
2450 3451 2630 3504 πάντα
2671 3446 2765 3500 τὸν
2804 3442 3051 3516 παρόντα
3089 3444 3288 3499 αἰῶνα.
3326 3443 3641 3499 Εὶπὰτωσποο
3670 3440 3700 3493 ci

2192 3536 2629 3612 λελυτρωμένοι
2670 3537 2791 3593 ὑπὸ
2833 3538 3081 3606 Κυρίου,
3135 3538 3246 3604 οὓς
3296 3534 3633 3605 ἑλυτρώσατο
3660 3531 3699 3583 ἐι

2194 3634 2395 3708 χειρὸς
2413 3630 2789 3704 ὲχθρῶν,ικαὶ
2818 3630 2888 3685 ὲκ
2902 3628 3126 3700 ,χωρῶν
3155 3628 3504 3700 συνήγαγεν
3526 3625 3699 3688 αὐτούς.

2194 3726 2431 3791 Εἰκότως
2458 3724 2553 3780 καὶ
2583 3724 2677 3777 ἐπὶ
2718 3722 2815 3777 τοῦ
2854 3722 3122 3795 παρόντος
3154 3723 3188 3794 ἠ
3225 3722 3423 3793 κλῆσις
3450 3720 3547 3773 τῶν
3569 3717 3698 3772 ἐθνῶν.

2192 3820 2226 3891 ἠ
2253 3818 2343 3872 διὰ
2367 3815 2465 3870 τοῦ
2496 3816 2746 3888 Σωτῆρος
2777 3813 2933 3887 ἡμῶν
2972 3815 3052 3878 εἰς
3083 3812 3246 3885 ἔργον
3281 3814 3582 3886 χωρήσασα,
3611 3825 3699 3880 πεο-

2195 3909 2490 3981 φητεύεται
2526 3906 2664 3980 μετὰ
2701 3905 2801 3978 τὴν
2834 3904 3104 3977 ἀποϐολὴν
3136 3903 3232 3958 τοῦ
3272 3903 3530 3959 Ἰουδαίων
3557 3901 3695 3961 {eum

2191 4003 2293 4074 τὴν
2312 4000 2399 4056 διὰ
2420 3999 2515 4055 τοῦ
2544 4000 2648 4070 πρὸ
2669 3997 2858 4053 τούτου
2880 3997 3095 4069 ψαλμοῦ
3117 3997 3472 4068 δηλωθεὶσαν’
3493 3997 3545 4050 ἐν
3559 3985 3594 4063 ᾧ
3609 3991 3697 4064 μετὰ

2193 4093 2286 4159 τὸν
2319 4088 2530 4165 μακρὸν
2562 4091 2862 4160 κατάλογον
2886 4089 2997 4143 τῶν
3028 4088 3299 4143 ἀσεϐειῶν
3331 4089 3504 4143 αὐτῶν
3529 4085 3694 4151 ἐλέγετο

2195 4184 2306 4239 Kal
2327 4183 2587 4253 ὠργίσθη
2602 4183 2818 4251 Κύριος
2835 4180 2931 4234 ἐπὶ
2950 4179 3058 4234 τὸν
3080 4178 3237 4234 λαὸν
3266 4179 3470 4235 αὐτοῦ·
3494 4178 3575 4233 καὶ
3592 4172 3697 4230 bile-

2195 4273 2424 4339 λύξατο
2454 4271 2569 4341 τὴν
2592 4269 3002 4341 κληρονομίαν
3022 4270 3229 4324 αὐτοῦ.
3260 4270 3382 4337 Οὓς
3403 4266 3695 4337 elumbem

517 4361 829 4427 hominum,
867 4362 1088 4419 diabolo
1118 4340 1365 4431 scilicet,
1406 4365 1463 4418 in
1512 4363 1833 4419 servitutem
1884 4362 2091 4418 redacti

2195 4365 2264 4420 ὲκ
2298 4365 2496 4436 χειρὸς
2517 4362 2765 4436 ἐχθρῶνο
2794 4340 2919 4427 τοὺς
2949 4360 3113 4416 πάλαι
3154 4361 3262 4415 ὑπὸ
3295 4360 3408 4415 τῶν
3442 4359 3618 4433 ἐχθρῶν
3638 4353 3696 4408 καὶ

518 4453 754 4510 fuerant.
779 4454 850 4509 Et
873 4454 937 4510 de
964 4456 1259 4527 regionibus
1278 4456 1605 4528 congregavit
1633 4473 1720 4511 eos
1746 4473 1780 4510 a
1810 4456 1936 4510 solis
1970 4466 2091 4510 ortu

516 4565 681 4619 usque
714 4547 783 4603 ad
812 4565 1082 4615 occasum,
1106 4548 1169 4602 ab
1217 4549 1475 4621 Aquilone
1509 4558 1560 4605 et
1596 4549 1757 4604 mari.
1788 4549 2091 4620 Congregat

390 4696 399 4701 _
517 4646 700 4694 autem
726 4655 823 4696 eos
852 4639 910 4694 in
950 4639 1253 4696 Ecclesium
1285 4656 1440 4698 suam
1463 4657 1529 4697 ex
1560 4641 1710 4696 omni
1738 4651 1895 4710 gente
1921 4658 1934 4693 :
1966 4640 2091 4695 uni-

513 4728 962 4801 versum‘quippe
994 4732 1182 4785 orbem
1213 4747 1310 4803 per
1329 4740 1563 4803 quatuor
1590 4732 1807 4787 climata
1836 4732 2091 4803 designa-

515 4819 614 4872 vit.
662 4818 750 4874 Ex.
786 4821 873 4877 his
913 4837 1152 4892 namque
1199 4838 1333 4892 gens
1372 4838 1516 4877 nova
1559 4831 1613 4878 et
1659 4823 1949 4880 basreditas
1992 4822 2085 4877 Dei

514 4918 655 4962 nova
689 4909 956 4963 constitit.
982 4910 1420 4967 Consentaneum
1438 4913 1622 4985 itaque
1651 4922 1760 4976 est,
1793 4915 2085 4984 quamdam

513 4999 830 5056 existimare
864 4998 1176 5058 Iudaeorum
1207 5018 1274 5059 ex
1314 5004 1568 5075 gentibus
1618 5019 1947 5076 synagogam
1982 5003 2086 5058 hoc

516 5089 815 5164 signiﬁcari
847 5092 1081 5163 psalmo,
1115 5095 1273 5165 quasi
1316 5092 1489 5150 Judaei
1519 5111 1617 5166 per
1642 5103 1812 5150 totum
1844 5095 2028 5151 orbem
2056 5110 2086 5149 a

514 5181 767 5251 gentibus
796 5183 1132 5249 semovendi,
1166 5184 1237 5239 ab
1282 5184 1472 5240 alienae
1496 5194 1657 5241 terra:
1690 5184 1930 5241 incolatu
1953 5185 2089 5240 libe-

514 5272 696 5337 randi,
722 5280 777 5326 et
805 5273 861 5326 in
880 5271 1122 5329 Iudaeam
1153 5276 1519 5347 congregandi
1542 5276 1835 5355 alumnam
1871 5276 1926 5332 id
1957 5276 2090 5332 hac-

514 5372 674 5422 tenus
726 5365 902 5422 Judasi
949 5367 1248 5424 somniant.
1299 5366 1407 5425 Sed
1452 5370 1582 5440 quia
1625 5369 1742 5425 haec
1787 5384 1899 5425 non
1961 5370 2086 5442 ipso

513 5470 676 5526 opere
724 5459 868 5516 facta
913 5460 1429 5533 deprehenduntur,
1479 5477 1604 5521 cum
1651 5462 1854 5535 elapsis
1891 5462 2007 5535 jam
2056 5476 2087 5516 a

584 5675 631 5709 “
666 5677 688 5731 l
724 5677 920 5735 Thess.
955 5699 1011 5748 ν,
1047 5683 1141 5739 l8.

2198 4452 2473 4528 πολεμίων
2505 4455 2614 4510 τῶν
2644 4452 2967 4527 ἀνθρώπων,
2998 4453 3245 4507 τουτέστι
3270 4452 3368 4507 τοῦ
3399 4452 3610 4507 διαϐόλου
3633 4464 3694 4500 za-

2196 4548 2711 4620 ταδεδουλωμένους.
2753 4545 2866 4603 Kal
2902 4546 3021 4602 ἀπὸ
3052 4545 3261 4618 χωρῶν
3294 4543 3610 4614 συνήγαγεν
3629 4538 3695 4589 αὑ*

2195 4641 2337 4708 τοὺς
2364 4640 2481 4695 ἀπὸ
2512 4638 2827 4695 ἀνατολῶν
2868 4638 2968 4692 καὶ
3000 4633 3270 4706 δυσμῶν,
3311 4636 3410 4690 καὶ
3440 4630 3604 4702 ,Βφῷ
3630 4626 3691 4678 καὶ

2196 4731 2533 4800 θαλάσσης.
2594 4729 2939 4800 Ἐπισυνάγει
2988 4728 3046 4783 δὲ
3094 4728 3295 4792 αὐτοὺς
3345 4728 3425 4792 εις
3465 4726 3551 4797 τὴν
3584 4715 3691 4777 uita}

2205 4823 2533 4895 Ἐκκλησίαν
2561 4824 2627 4876 ἐκ
2659 4822 2858 4886 παντὸς
2888 4820 3095 4884 ἔθνους·
3131 4821 3314 4874 πᾶσαν
3342 4819 3448 4892 γὰρ
3470 4818 3557 4887 τὴν
3575 4816 3691 4866 οἰκω-

2196 4915 2363 4987 μένην
2386 4913 2473 4968 διὰ
2490 4912 2601 4967 τῶν
2620 4912 2901 4985 τεσσάρων
2924 4910 3159 4984 ἐδήλωσε
3183 4910 3484 4982 κλιμάτων.
3521 4906 3598 4959 Ἐκ
3614 4898 3690 4954 =05-

2191 5024 2301 5061 των
2332 5005 2441 5077 γὰρ
2469 5004 2620 5069 ἔθνος
2657 5003 2842 5058 κοινὸν
2873 5003 2967 5056 καὶ
3007 5000 3339 5074 κληρονομία
3381 4998 3471 5055 τοῦ
3498 4993 3608 5051 Θεοῦ
3629 4988 3686 5043 iis

2193 5096 2442 5168 συνέστη.
2485 5093 2648 5159 Εἰκὸς
2688 5093 2789 5166 μὲν
2822 5090 2916 5147 οὖν
2946 5109 3067 5147 τινα
3093 5093 3312 5165 νομίσαι
3342 5090 3442 5162 τὴν
3473 5086 3568 5143 τῶν
3601 5083 3685 5136 Ἰου-

2188 5186 2353 5240 δαίων
2402 5187 2467 5239 ὲκ
2514 5182 2622 5238 τῶν
2667 5181 2837 5237 ἐθνῶν
2876 5185 3194 5256 συναγωγὴν
3234 5182 3326 5237 διὰ
3364 5180 3456 5236 τοῦ
3496 5173 3685 5247 παρόντες

2189 5275 2478 5348 δηλοῦσθαι
2501 5272 2740 5346 ψαλμοῦ,
2772 5272 2849 5338 ὡς
2888 5272 3189 5345 μελλόντων
3219 5272 3328 5326 τῶν
3363 5268 3479 5325 καθ’
3499 5257 3683 5348 ὅλης

2189 5345 2513 5440 οἰκουμένης
2550 5345 2817 5420 Ἰουδαίων
2847 5362 3276 5437 ἀποχωρίζεσθαι
3309 5362 3417 5417 τῶν
3445 5356 3602 5417 ἐθνῶν,
3624 5345 3683 5402 11‘

2189 5461 2290 5532 τῆς
2322 5459 2466 5514 κατὰ
2493 5458 2591 5532 τὴν
2635 5456 2936 5529 ἀλλοδαπὴν
2980 5455 3256 5529 διατριϐῆς
3302 5441 3679 5508 ἀπαλλάττεαθαιι
