3868 6282
177 370 319 426 1521

1332 356 1839 426 COMMENTARIA
1869 353 1943 426 ‘IN
1983 364 2324 431 PSA'LMOS.

3327 380 3347 431 1
3360 380 3463 434 59.2

174 486 528 556 συνάγεσθαι
567 487 625 542 δὲ
666 488 760 543 ἐπὶ⁸
788 487 887 561 τὴν
929 488 1189 543 Ἰουδαίαν
1234 488 1360 559 γῆν.
1402 486 1641 542 Τοιαῦτα
1679 488 1744 557 γά

1851 519 1864 551 ι
1892 489 2209 559 captivitate
2241 488 2573 560 Babylonica
2603 494 2762 550 annis
2793 510 2965 566 prope
2995 494 3164 561 mille,
3197 495 3333 550 nihil
3372 494 3467 548 hn-

174 578 351 633 είσέτι
396 580 497 633 καὶ
537 580 631 633 νῦν
674 582 863 644 παῖδες
903 579 1169 634 Ἰουδαίων
1208 579 1591 647 φαντάζονται.
1639 579 1777 632 Ἀλλ’

172 671 301 725 ἐπεὶ
343 671 426 743 μὴ
457 672 632 726 ταῦτα
657 673 786 744 περὶ
815 672 1011 735 αὐτοὺς
1041 675 1154 735 τοῖς
1194 671 1375 744 ἔργοις
1402 671 1597 743 ὁρᾶται
1610 689 1779 742 χεγε-

173 763 419 834 νημένα,
451 764 552 836 ἤδη
584 781 684 817 που
721 764 912 835 χιλίοις
941 764 1109 834 ἐγγὺς
1139 764 1282 817 ἔτεσι
1311 766 1408 835 τῆς
1435 764 1545 818 ἀπὸ
1574 765 1674 836 τῆς
1698 767 1777 830 είς

1881 582 2127 652 jusmodi
2159 583 2211 637 in
2243 583 2459 637 illorum
2484 586 2712 656 gratiam
2746 599 3027 658 peractum
3060 590 3164 656 sit;
3203 595 3375 645 restat
3406 599 3466 642 ut

1874 690 2070 731 rerum
2114 676 2334 730 eventui
2384 675 2501 730 haec
2531 680 2697 733 verba
2743 681 3258 745 aceommodemus,
3303 689 3358 735 et
3396 681 3465 736 ad

1875 766 2126 837 gentium
2162 767 2504 822 vocationem
2528 769 2871 839 prophetiam
2908 771 3251 826 reducamus.

169 859 486 914 Βαϐυλῶνα
512 862 885 932 αἰχμαλωσίας
912 861 1090 914 αὐτῶν
1118 859 1343 933 μηδενὸς
1367 861 1607 914 τοιούτου
1636 862 1763 932 περὶ
1788 860 1984 925 αὐτοὺς
2009 861 2360 933 πραχθέντος
2404 862 2521 933 ὥρα
2552 866 2618 935 τῇ
2681 863 2789 918 τῶν
2846 866 3183 934 πραγμάτων
3244 865 3463 918 ἐκϐάσει

169 953 302 1016 τοὺς
352 953 554 1023 λόγους
596 954 976 1026 ἐφαρμόττειν,
1021 954 1114 1007 καὶ
1160 954 1253 1007 ἐπὶ
1296 953 1395 1025 τὴν
1439 953 1549 1007 τῶν
1591 953 1762 1007 ἐθνῶν
1800 952 1989 1025 κλῆσιν
2027 953 2247 1023 ἀνάγειν
2282 954 2381 1026 τὴν
2414 955 2765 1027 προφητείαν.

256 1073 738 1144 Ἐπλανήθησαν
766 1076 836 1130 ὲν
866 1074 943 1145 τῇ
974 1075 1170 1145 ἐρήμῳ
1207 1075 1306 1129 καὶ
1342 1075 1597 1143 ἀνύδρῳ,
1630 1074 1776 1129 ὀδόν

169 1169 418 1234 πόλεως
456 1169 911 1239 κατοικητηρίου
941 1171 1055 1239 οὐχ
1087 1165 1290 1238 εὗρονο
1327 1168 1652 1235 πεινῶντες
1675 1167 1773 1221 καί

164 1258 505 1329 διψῶντες,
551 1262 589 1330 ἡ
642 1261 813 1331 ψυχὴ
852 1261 1054 1315 αὐτῶν
1096 1261 1165 1315 ἐν
1212 1260 1419 1327 αὐτοῖς
1464 1260 1765 1325 ἐξέλιπεν.

177 1350 380 1424 Ἡμεῖς
405 1353 510 1423 μέν
534 1354 585 1405 οί
608 1347 713 1425 πρὸ
751 1354 849 1424 τῆς
870 1352 965 1407 τοῦ
1001 1354 1250 1425 Σωτῆρος
1277 1352 1433 1424 ἡμῶν
1460 1351 1770 1415 θεοσεϐείας

166 1447 263 1498 καὶ
289 1448 351 1498 ἐν
374 1445 637 1517 ἀκάρπῳ,
664 1445 877 1517 ἀνύδρῳ
905 1462 964 1498 τε
986 1445 1080 1499 καὶ
1101 1445 1280 1517 ἀγόνῳ
1307 1445 1418 1516 ζωῇ
1446 1444 1615 1498 πάλαι
1646 1444 1773 1515 πρό.

166 1553 327 1607 τερον
363 1536 804 1608 πεπλανημένοι,
844 1538 932 1590 ὅτε
954 1530 1106 1607 ῆμεν
1138 1536 1265 1608 ἔθνη
1304 1535 1495 1604 ἄλογα,
1533 1534 1670 1606 πρὸς
1701 1534 1770 1587 τὰ

166 1629 369 1683 εἴδωλα
406 1630 481 1684 τὰ
516 1630 705 1699 ἄφωνα
745 1630 1105 1701 ἀπαγόμενοι,
1138 1632 1187 1683 οί
1218 1628 1488 1702 μηδέποτε
1521 1627 1638 1681 ὁδὸν
1669 1627 1770 1681 πό-

166 1717 307 1782 λεως
333 1719 766 1791 κατοικητηρίου
791 1719 1063 1789 εὑρόντεςο
1089 1718 1175 1772 ὅτε
1201 1714 1342 1789 ἦμεν
1374 1716 1644 1789 ἀλλότριοι
1672 1716 1771 1787 τῆς

1950 1072 2117 1130 Vens.
2154 1075 2206 1130 5.
2248 1073 2574 1130 Erraverunt
2605 1077 2659 1129 in
2690 1075 2979 1131 solitudine
3016 1087 3064 1130 et
3096 1078 3149 1131 in
3178 1079 3456 1148 inaquosa,

1879 1167 2015 1221 viam
2050 1168 2279 1221 civitatis
2317 1166 2611 1221 habitaculi
2657 1184 2762 1221 non
2804 1168 3150 1222 invenerunt:
3173 1170 3458 1223 esurientes

1874 1267 1926 1312 et
1961 1259 2220 1324 sitientes,
2257 1260 2438 1313 anima
2466 1277 2650 1315 eorum
2676 1262 2733 1314 in
2761 1262 2892 1330 ipsis
2926 1259 3137 1329 defecit.
3164 1258 3275 1316 Nos
3303 1261 3455 1317 scili-

1874 1360 1962 1407 cet
1998 1352 2089 1422 qui
2126 1358 2252 1406 ante
2279 1350 2520 1405 divinum
2569 1350 2878 1407 Servatoris
2909 1352 3084 1407 nostri
3127 1351 3356 1414 cultum,
3400 1351 3455 1405 in

1870 1443 1982 1498 vita
2026 1441 2374 1514 infrugifera,
2415 1443 2684 1513 inaquosa
2728 1444 3011 1515 sterilique
3056 1445 3187 1500 olim
3231 1444 3451 1500 erraba-

1868 1551 2014 1600 mus,
2046 1551 2172 1590 cum
2204 1544 2394 1607 gentes
2427 1536 2839 1594 irratidnabiles
2882 1554 3153 1605 essemus,
3182 1547 3347 1607 atque
3385 1535 3451 1589 ad

1868 1633 2017 1680 muta
2048 1626 2193 1681 idola
2223 1627 2622 1683 abduceremur
2649 1650 2662 1685 :
2690 1630 2782 1700 qui
2812 1644 3098 1700 nunquam
3136 1628 3283 1682 viam
3317 1627 3454 1681 civi-

1867 1720 1997 1773 tatis
2031 1719 2331 1774 habitaculi
2373 1720 2780 1788 inveneramus,
2816 1738 2939 1777 cum
2967 1721 3128 1777 alieni
3152 1734 3400 1776 essemus
3422 1734 3453 1772 a

168 1810 458 1875 πολιτείας
482 1812 576 1864 τοῦ
627 1812 863 1883 Ἰσραὴλ,
896 1810 1087 1865 ἐλπίδα
1115 1812 1190 1883 μὴ
1222 1810 1459 1881 ἔχοντες,
1494 1810 1590 1863 καὶ
1617 1808 1744 1863 άθεο

1868 1810 2091 1864 civitate
2131 1808 2373 1875 Israelis,
2410 1827 2535 1866 cum
2577 1813 2785 1867 nullam
2830 1829 2982 1885 spem
3027 1812 3356 1867 haberemus
3398 1819 3452 1865 et

164 1903 225 1955 ἐν
255 1901 339 1974 τῷ
370 1902 588 1974 κόσμῳ·
641 1904 690 1954 oi
742 1902 1109 1975 μεμισημένοι
1154 1902 1345 1967 πάλαι,
1384 1904 1441 1956 ἐν
1488 1900 1633 1973 λιμῷ
1670 1904 1766 1956 καὶ

164 1993 309 2064 δίψει
335 1994 438 2067 τὴν
467 1994 645 2068 ψυχὴν
671 1995 1037 2060 ἐκλείποντες,
1063 1993 1152 2048 διὰ
1182 1995 1242 2048 τὸ
1268 1992 1598 2066 ἐστερῆσθαι
1627 1994 1766 2063 λογιε-

165 2086 271 2156 κῆς
313 2088 412 2140 καὶ
453 2086 779 2158 ἐπουρανίου
822 2087 1029 2158 τροφῆς
1064 2086 1227 2141 ποτοῦ
1266 2105 1327 2140 τε
1364 2088 1761 2160 πνευματικοῦ,

166 2175 307 2229 κατά
341 2177 426 2230 τόο
473 2177 889 2243 Ἐξαποστελῶ
925 2181 999 2233 οὐ
1028 2178 1210 2248 λιμὸν
1236 2178 1440 2247 ἄρτου,
1485 2180 1629 2234 οὐδὲ
1674 2180 1767 2233 δί-

158 2270 287 2336 ψαν
318 2268 573 2336 ὕδατος,
604 2270 767 2325 ἀλλά
794 2270 975 2339 λιμὸν
1007 2271 1114 2325 τοῦ
1144 2271 1403 2325 ἀκοῦσαι
1432 2273 1620 2342 λόγον
1641 2275 1760 2326 Κυ-

155 2359 305 2426 ρίου.
337 2360 467 2413 Kal
500 2359 989 2427 σαλευθήσονται
1028 2360 1218 2415 ὕδατα
1252 2361 1368 2416 ἀπὸ
1400 2361 1510 2429 τῆς
1536 2361 1760 2416 θαλάσ-

155 2468 273 2519 σης
299 2452 415 2520 ἓως
462 2453 573 2523 τῆς
605 2453 944 2523 θαλάσσης,
975 2454 1074 2508 καὶ
1110 2454 1229 2509 ἀπὸ
1254 2451 1449 2522 ,βορρᾶ
1469 2453 1579 2520 ἕως
1613 2454 1758 2508 ἀνα-

156 2542 368 2608 τολῶν,
395 2543 912 2615 περιδραμοῡνται
942 2544 1255 2614 ζητοῦντες
1284 2544 1392 2598 τὸν
1423 2546 1609 2615 λόγον
1636 2549 1756 2599 Κυ-

153 2635 302 2704 ρίου,
356 2636 473 2689 καὶ
506 2639 576 2691 οὐ
604 2637 690 2707 μὴ
740 2638 990 2707 εὕρωσιο
1044 2638 1125 2691 διὸ
1171 2638 1265 2691 καὶ
1314 2638 1370 2691 ἐν
1412 2636 1606 2708 ἐρήμῳ
1648 2636 1755 2691 τῶν

158 2725 360 2797 ἀρετῶν
396 2726 565 2791 ὀντες
593 2726 976 2800 ἐπλανώμεθα,
1011 2728 1247 2800 ποδηγὸν
1273 2729 1365 2780 καὶ
1397 2727 1643 2798 ἡγεμόνα
1677 2727 1754 2800 μὴ

155 2814 385 2886 ἔχοντες,
492 2818 743 2889 ἑπόμενοι
774 2819 951 2891 εὑρεῖν
974 2814 1075 2871 οἷοί
1092 2836 1151 2871 τε
1178 2814 1319 2890 ἦμεν
1345 2818 1482 2889 μετὰ
1513 2818 1612 2890 τὴν
1636 2819 1753 2873 ὁδὸν

155 2902 303 2959 πόλιν
335 2902 395 2960 εὖ
447 2905 873 2979 διατεταγμένην
916 2908 1046 2979 ἱερῷ
1089 2908 1261 2979 νόμῳ,
1308 2910 1365 2964 ἐν
1478 2913 1752 2964 κατοικεῖν

155 2997 477 3070 ἠδυνάμεθα
525 3000 599 3072 μὴ
650 3001 1093 3073 ἀναχωροῦντες⁸
1133 3001 1267 3073 αὕτη
1298 3002 1357 3056 δέ
1398 3004 1545 3058 ἐστιν
1581 3003 1749 3076 ἁρετὴ

1866 1898 2013 1953 athei
2036 1898 2092 1953 in
2125 1899 2333 1954 mundo
2356 1915 2645 1957 essemus:
2673 1903 2767 1973 qui
2802 1903 2931 1958 olim
2957 1902 3084 1957 odio
3117 1916 3363 1965 eramus,
3393 1900 3450 1955 in

1864 1987 2008 2042 fame
2040 1994 2097 2042 et
2130 1988 2219 2043 siti
2249 1990 2432 2044 animo
2460 1989 2801 2059 deﬁcientes,
2840 1993 2986 2064 quod
3034 1991 3347 2047 rationabili
3394 2002 3450 2047 et

1862 2064 2225 2135 ccelesti'cibo
2254 2084 2638 2154 spiritualique
2671 2094 2801 2156 potu
2829 2085 3029 2157 privati
3055 2101 3325 2152 essemus,
3357 2100 3449 2141 se-

1866 2173 2107 2227 cundum
2136 2173 2266 2228 illud
2299 2192 2312 2228 :
2342 2174 2598 2231 Emittam
2632 2194 2737 2232 non
2765 2177 2959 2247 famem
2987 2177 3164 2246 panis,
3193 2194 3355 2248 neque
3376 2176 3451 2230 si—

1861 2265 1956 2318 tim
1987 2282 2171 2337 aquae;
2215 2267 2304 2321 sed
2347 2268 2542 2338 [amem
2578 2270 2830 2327 audiendi
2862 2271 3070 2327 verbum
3106 2270 3341 2326 Domini.
3377 2269 3448 2324 Et

1858 2362 2323 2415 commovebuntur
2364 2379 2517 2434 aqua:
2544 2382 2576 2418 a
2609 2366 2748 2419 mari
2794 2382 2957 2436 usque
2988 2364 3058 2419 ad
3086 2382 3252 2431 mare,
3296 2372 3346 2418 et
3380 2365 3446 2417 ab

1858 2453 2103 2522 aquilone
2140 2472 2303 2525 usque
2341 2456 2411 2510 ad
2452 2457 2704 2511 orientem
2744 2474 2762 2511 :
2808 2459 3105 2513 circuibunt
3155 2468 3445 2530 qurerentes

1858 2543 2069 2598 verbum
2133 2545 2392 2613 Domini,
2444 2556 2495 2601 et
2545 2564 2651 2601 non
2712 2548 2972 2603 invenient
2996 2548 3327 2619 73;;idcirc0
3387 2550 3444 2603 in

1856 2634 2076 2693 deserto
2098 2638 2361 2694 virtutum
2398 2640 2734 2696 exsistentes
2772 2642 3117 2707 errabamus,
3150 2641 3345 2697 ducem
3379 2656 3445 2698 ac

1855 2732 2161 2802 principem
2201 2748 2311 2787 non
2358 2733 2528 2798 nacti,
2561 2749 2723 2804 quem
2756 2744 3050 2805 sequentes
3082 2735 3316 2792 decursa
3354 2736 3440 2789 via

1853 2822 2095 2893 reperire
2116 2839 2403 2894 possemus
2428 2825 2701 2880 civitatem
2729 2841 2887 2882 sacra
2904 2827 3020 2898 lege
3040 2829 3145 2883 rite
3164 2829 3440 2884 constitu-

1850 2919 1983 2977 tam,
2008 2913 2063 2966 in
2080 2928 2184 2983 qua
2204 2913 2448 2970 habitare
2472 2930 2776 2985 possemus,
2799 2934 3079 2989 nunquam
3102 2918 3228 2975 inde
3258 2934 3437 2977 reces-

1851 3007 1965 3062 suri
1983 3026 1995 3063 :
2016 3006 2131 3063 haec
2151 3015 2332 3063 autem
2353 3016 2437 3064 est
2454 3010 2627 3066 virtus
2641 3018 2691 3065 et
2708 3009 2798 3065 Dei
2819 3010 3353 3081 sapientia—ans.
3380 3011 3434 3067 6.

156 3091 245 3144 καὶ
273 3091 406 3146 Θεοῦ
453 3092 634 3161 σοφία.
669 3095 779 3148 Καὶ
807 3093 1142 3162 ἑκέκραξαν
1165 3093 1315 3162 πρὸς
1341 3095 1562 3163 Κύριον
1583 3094 1653 3148 ἐν
1670 3094 1744 3161 τῷ

1855 3094 1926 3149 Et
1953 3098 2319 3151 clamauerunt
2357 3098 2427 3150 ad
2459 3099 2745 3152 Dominum
2782 3116 2901 3152 cum
2933 3100 3342 3168 tribularentur,
3384 3112 3435 3157 et

155 3183 468 3236 θλίϐεσθαι
491 3184 731 3250 αὐτοὺς,
764 3186 862 3238 καὶ
886 3185 954 3237 ἐκ
983 3184 1101 3238 τῶν
1126 3182 1407 3255 ἀναγκῶν
1429 3184 1630 3239 αὐτῶν
1654 3185 1744 3254 ἐρ-

1852 3190 2253 3243 necessitatibus
2288 3206 2471 3244 eorum
2500 3193 2692 3260 eripuit
2717 3208 2825 3246 eos.
2854 3191 3056 3248 Gentes
3089 3208 3282 3250 omnes
3311 3209 3434 3249 cum

151 3272 369 3337 ῥύσατο
403 3274 661 3340 αὐτούς.
701 3276 821 3328 Τῶν
867 3274 1038 3328 ἐθνῶν
1083 3274 1338 3329 ἁπάντων
1377 3274 1747 3347 πλανωμένων

154 3363 208 3415 ἐν
228 3367 294 3437 γῇ
321 3368 532 3437 ἐρήμῳ
555 3366 648 3420 καὶ
677 3367 912 3440 ἀνύδρῳ,
942 3368 1156 3438 καὶτῆς
1175 3367 1355 3439 ψυχῆς
1378 3367 1557 3421 αὐτῶν
1579 3368 1748 3421 ἐκλει-

152 3456 351 3527 πούσης
373 3457 451 3520 ἐξ
477 3458 740 3529 ἁτροφίας
766 3459 1050 3532 σωτηρίων
1078 3459 1270 3528 λόγων,
1296 3460 1465 3513 ἐϐόων
1494 3459 1631 3531 πρὸς
1654 3461 1744 3515 τὸν

152 3547 275 3601 Θεὸν
305 3548 674 3613 ἱκετεύοντες,
707 3550 885 3604 κοινὸν
930 3551 1103 3604 ἅπασι
1133 3551 1595 3624 καταπεμφθῆναι
1630 3553 1744 3606 Σωο

151 3641 303 3711 τῆρα.
328 3641 454 3695 Καὶ
478 3641 811 3710 ἑκέκραξαν
837 3642 988 3711 πρὸς
1012 3644 1315 3711 Κύριονέν
1336 3642 1416 3709 τῷ
1437 3646 1743 3701 θλίϐεσθαι

152 3731 383 3798 αὐτούς.
425 3732 571 3794 Τοὺς
597 3735 1107 3805 ἐγκεχειρισμένους
1137 3736 1335 3799 αὐτοὺς
1362 3737 1742 3809 ὑπερπάσχον-

150 3836 235 3883 τες
262 3824 354 3875 καὶ
384 3823 834 3895 ὥπεραλγοῦντες
863 3824 1043 3879 αὐτῶν
1073 3827 1167 3879 καὶ
1192 3826 1469 3897 διψώντων
1512 3829 1607 3881 καὶ
1637 3829 1739 3898 τὴν

152 3908 320 3985 ψυχὴν
342 3915 452 3987 ἤδη
473 3915 541 3968 δι’
566 3916 832 3986 ἀτροφίαν
858 3918 1240 3988 ἐκλειπόντων,
1269 3918 1439 3973 ἐϐόων
1460 3920 1614 3972 αὐτοὶ
1642 3922 1738 3973 καὶ

158 4002 380 4075 ἔκραζον
435 4006 574 4078 πρὸς
618 4006 844 4078 Κύριον,
893 4008 1034 4081 ὑπὲρ
1078 4008 1189 4063 τῶν
1238 4012 1454 4064 οἰκείων
1505 4011 1737 4077 ἕκαστος

157 4101 568 4169 πρεσϐεύοντες.

226 4194 329 4249 Καὶ
351 4196 671 4265 ὡδήγησεν
689 4198 911 4263 αὐτοὺς
938 4199 1025 4265 είς
1053 4197 1199 4253 ὁδὸν
1221 4198 1478 4267 εὐθεῖαν,
1506 4199 1613 4254 τοῦ
1637 4214 1735 4253 ποι

150 4286 435 4357 ρωθῆναι
474 4290 559 4354 είς
602 4290 786 4343 πόλιν
823 4290 1300 4359 κατοικητηρίου.
1347 4290 1733 4361 Ἐξομολογη-

152 4376 483 4435 σάσθωσαν
516 4379 597 4445 τῷ
633 4382 829 4450 Κυρίῳ
856 4382 927 4435 τὰ
956 4381 1097 4449 eam
1126 4382 1335 4446 αὐτοῦ,
1370 4383 1469 4436 καὶ
1495 4384 1565 4437 τὰ
1589 4386 1732 4437 θαυ-

150 4468 331 4537 μάσια
359 4472 547 4527 αὑτοῦ
572 4473 696 4540 τοῖς
720 4472 873 4540 υἱοῖς
896 4473 1013 4526 τῶν
1034 4472 1375 4541 ἀνθρώπων.
1410 4476 1473 4527 Οἱ
1504 4476 1602 4546 μὲν
1619 4476 1727 4547 γὰρ

151 4561 526 4637 ἐπλανήθησαν
552 4566 609 4616 ἐν
631 4566 700 4635 γῇ
727 4564 918 4635 ἐρήμῳ
947 4564 1041 4616 καὶ
1068 4563 1300 4635 ἀνύδρῳ,
1325 4564 1483 4618 τοῦτο
1506 4563 1724 4635 πρῶτον

150 4651 359 4724 νόσημα
387 4648 737 4727 νενοσηκότες
767 4655 827 4708 τὸ
850 4656 950 4727 τῆς
976 4654 1207 4727 πλάνης·
1242 4655 1335 4709 καὶ
1361 4656 1597 4728 δευτέρῳ
1622 4673 1724 4708 κα-

152 4743 229 4814 κῷ
261 4749 650 4817 περιπεσόντες
689 4742 807 4801 ὁδὸν
842 4747 1050 4811 πόλεως
1092 4748 1513 4820 κατοικητηρίου
1546 4748 1724 4800 αὐτῶν

150 4836 243 4907 οὐχ
288 4833 465 4911 εὖρον·
520 4841 615 4895 καὶ
665 4842 848 4912 τρίτον
897 4840 956 4894 δὲ
988 4840 1185 4905 αὐτοὺς
1223 4841 1480 4912 περιέσχε
1531 4841 1722 4905 κακὸν,

152 4927 377 5003 ἐπείπερ
403 4930 542 5006 ἦσαν
570 4936 860 4997 πεινῶντες
885 4936 977 4988 καὶ
1008 4934 1289 5005 διψῶντες,
1317 4928 1394 5000 ὡς
1422 4936 1521 5007 τὴν
1547 4936 1724 5008 ψυχὴν

151 5018 323 5075 αὐτῶν
360 5024 633 5079 ἐκλείπειν
668 5029 725 5079 ἐν
767 5028 967 5089 αὐτοῖς.
1008 5027 1067 5079 '0
1092 5027 1148 5079 δέ
1183 5027 1563 5098 φιλάνθρωπος
1589 5029 1723 5093 Θεὸς

150 5113 237 5163 καὶ
269 5116 473 5184 ἀγαθὸς
500 5120 690 5191 Σωτὴρ
727 5118 943 5190 πρῶτον
975 5120 1071 5191 μὲν
1095 5119 1377 5193 ὡδήγησεν
1406 5122 1601 5185 αὐτοὺς
1642 5125 1721 5186 είς

151 5203 261 5258 ὁδὸν
282 5209 516 5265 εὐθεῖαν⁹
549 5212 739 5265 ἔπειτα
771 5211 972 5279 ἔδειξεν
998 5210 1179 5278 αὐτοῖς
1208 5214 1325 5278 πῶς
1347 5216 1451 5287 χρὴ
1486 5216 1720 5286 βαδίζειν

151 5295 243 5367 τὴν
273 5301 542 5373 φέρουσαν
580 5308 660 5369 είς
687 5305 784 5377 τὴν
815 5305 969 5358 πόλιν
1010 5305 1102 5359 τοῦ
1134 5309 1575 5381 κατοικητηρίου.
1610 5310 1720 5363 Καὶ

154 5387 229 5451 τίς
249 5392 314 5446 ἂν
338 5394 422 5469 εἴη
456 5401 489 5471 ὴ
524 5398 704 5452 εὐθεῖα
735 5399 851 5463 ὁδὸς
879 5399 913 5470 ἢ
941 5399 970 5451 ό
1004 5400 1268 5472 σωτήριος
1311 5400 1469 5470 λόγος
1497 5404 1526 5456 6
1555 5402 1721 5470 εὐαγ-

154 5478 375 5549 γελικὺς,
409 5490 439 5542 6
474 5491 631 5561 μόνος
669 5491 815 5562 ἡμᾶς
844 5490 993 5559 ἄγων
1023 5491 1105 5554 είς
1135 5490 1236 5562 τὴν
1277 5490 1599 5563 ἐπουράνιον
1631 5493 1721 5545 πό-

155 5572 245 5624 λιν·
276 5575 333 5629 ἐν
424 5583 702 5653 γενόμενοι
737 5584 798 5636 τὸ
832 5584 1252 5655 κατοικητήριον
1290 5584 1447 5655 ἡμῶν
1493 5586 1718 5658 εὑρήσο-

154 5676 275 5731 μεν;
327 5668 1015 5743 Ἐξομολογησάσθωσαν
1076 5674 1156 5740 τῷ
1209 5675 1403 5743 Κυρίῳ
1460 5677 1529 5730 τὰ
1573 5676 1715 5731 ἐλὲιι

220 5845 261 5877 ’⁵
301 5847 464 5908 Amos
498 5868 631 5915 vm,
670 5855 728 5909 Il
757 5893 771 5917 ,
812 5856 899 5909 12.

432 5949 704 6011 Parnm.
744 5952 861 6012 Gn.
897 5950 1136 6013 XXIII.

1849 3279 1907 3334 in
1945 3280 2163 3337 deserto
2192 3291 2248 3336 et
2296 3282 2567 3352 inaquoso
2612 3293 2883 3348 errarent,
2919 3293 3082 3356 atque
3117 3285 3300 3341 anima
3343 3301 3433 3342 ea-

1848 3388 1971 3428 rum
2028 3390 2095 3429 ex
2142 3375 2373 3445 penuria
2422 3376 2747 3433 salutarium
2795 3378 3087 3434 verborum
3152 3378 3432 3445 deﬁceret,

1847 3462 2159 3518 clamabant
2201 3466 2269 3520 ad
2319 3464 2491 3521 Deum
2546 3468 2955 3539 supplicantes,
3005 3482 3065 3525 ut
3122 3471 3429 3526 communis

1845 3556 2104 3612 omnibus
2149 3556 2412 3613 Servntor
2454 3561 2809 3616 mitteretur:
2843 3561 2911 3615 Et
2964 3562 3324 3617 clamauerunt
3360 3565 3428 3617 ad

1848 3646 2130 3702 Dominum
2157 3667 2276 3704 cum
2312 3652 2718 3707 tribularentur.
2763 3653 3007 3724 Captivis
3044 3656 3423 3721 condolentes,

1841 3754 1906 3794 ac
1936 3755 2065 3810 erga
2106 3742 2361 3797 sitientes
2391 3752 2446 3796 et
2490 3758 2603 3813 prae
2633 3744 2741 3797 cibi
2797 3744 3029 3813 penuria
3078 3746 3262 3800 animo
3291 3746 3423 3802 deﬁ-

1842 3829 2051 3885 cientes
2080 3831 2460 3886 misericordia
2484 3833 2640 3900 moti,
2674 3833 2987 3888 clamabant
3018 3835 3122 3904 ipsi
3150 3845 3205 3890 et
3226 3836 3422 3891 vocife-

1839 3920 2105 3975 rabantur
2125 3921 2193 3976 ad
2213 3920 2527 3988 Dominum,
2553 3938 2652 3994 pro
2677 3924 2794 3979 suis
2815 3924 3017 3995 singuli
3041 3926 3419 3997 deprecantes.

1910 4180 2075 4236 Vens.
2106 4181 2157 4244 7,
2192 4181 2245 4235 8.
2290 4180 2359 4234 Et
2378 4181 2596 4236 deduxit
2615 4200 2702 4239 eos
2727 4186 2779 4238 in
2799 4187 2939 4241 viam
2960 4200 3177 4260 rectam,
3199 4204 3258 4248 ut
3280 4195 3417 4251 irent

1834 4269 1887 4322 in
1916 4270 2179 4325 civitatem
2213 4271 2579 4327 habitationis.
2606 4271 2976 4344 Conﬁteantur
3003 4280 3229 4337 Domino
3260 4286 3417 4341 mise-

1835 4361 2082 4417 ricordia:
2121 4364 2259 4433 ejus,
2290 4372 2339 4418 et
2370 4365 2640 4419 mirabilia
2677 4366 2792 4437 ejus
2833 4369 2965 4439 [iliis
3010 4372 3300 4429 hominum.
3334 4376 3413 4433 Illi

1834 4455 2103 4527 siquidem
2138 4467 2464 4512 erraverunt
2498 4458 2555 4512 in
2599 4467 2747 4514 terra
2778 4461 2997 4517 deserta
3033 4474 3085 4519 et
3124 4466 3411 4537 inaquosa,

1832 4549 1936 4602 hac
1968 4550 2140 4619 prima
2172 4550 2523 4621 mgritudine,
2556 4555 2764 4609 erroris
2799 4557 3030 4619 scilicet,
3076 4557 3411 4621 laborantes.

1830 4640 1970 4695 Ilinc
1995 4642 2048 4694 in
2080 4642 2381 4697 secundum
2413 4645 2615 4700 malum
2639 4644 2869 4717 delapsi,
2894 4648 3036 4704 viam
3069 4653 3329 4720 civitatis,
3357 4656 3409 4711 in

1827 4749 1934 4805 qua
1968 4734 2301 4799 habitarent,
2336 4751 2445 4790 non
2493 4739 2823 4794 invenerunt
2856 4759 2869 4795 :
2900 4755 2965 4796 ac
2995 4745 3217 4799 tertium
3261 4747 3407 4818 ipsos

1827 4826 2032 4880 malum
2068 4827 2291 4892 invasit,
2328 4828 2458 4899 quia
2490 4829 2808 4886 esuriebant
2836 4838 2892 4887 et
2925 4833 3205 4903 sitiebant,
3251 4838 3327 4895 ita
3352 4851 3406 4896 ut

1826 4919 2007 4971 anima
2057 4934 2248 4973 eorum
2296 4920 2351 4973 in
2398 4920 2534 4989 ipsis
2583 4920 2860 4979 deﬁceret.
2903 4924 3180 4998 Benignus
3227 4937 3417 4991 autem

1826 5009 1971 5066 Deus
2006 5026 2071 5066 ac
2113 5012 2292 5067 bonus
2324 5012 2597 5077 Salvator,
2623 5014 2802 5083 primo
2824 5016 3044 5087 quidem
3068 5020 3292 5077 deduxit
3312 5041 3402 5083 eos

1825 5103 1879 5156 in
1920 5105 2065 5158 viam
2113 5113 2355 5171 rectam;
2406 5104 2603 5161 deinde
2646 5105 2833 5162 docuit
2880 5125 2977 5165 eos
3007 5127 3116 5182 quo
3149 5125 3312 5184 pacto
3350 5119 3401 5173 in

1824 5200 1910 5254 via
1949 5199 2018 5253 ad
2048 5198 2327 5255 civitatem
2380 5200 2679 5256 habitaculi
2724 5200 2980 5268 ducente,
3021 5207 3398 5276 graderentur.

1821 5290 2009 5363 Ecqua
2052 5307 2184 5347 vero
2221 5292 2311 5346 illa
2365 5302 2517 5347 recta
2560 5292 2649 5347 via
2708 5292 2912 5360 fuerit,
2971 5296 3080 5351 nisi
3143 5299 3395 5358 salutaris

1821 5400 2005 5442 sermo
2034 5385 2407 5455 evangelicus,
2440 5385 2535 5455 qui
2567 5385 2718 5441 solus
2763 5402 2863 5443 nos
2893 5387 2961 5442 ad
2992 5391 3269 5446 caelestem
3307 5393 3394 5449 du-

1822 5479 1898 5534 cit
1923 5478 2237 5546 civitatem;
2291 5478 2345 5531 in
2375 5494 2483 5549 qua
2518 5479 2827 5547 constituti,
2872 5481 3243 5537 habitaculum
3298 5501 3390 5543 no-

1820 5580 1994 5627 strum
2022 5571 2406 5641 reperiemus?
2436 5569 2807 5640 Conﬁteantur
2836 5572 3064 5630 Domino
3100 5577 3389 5633 misericor-

1819 5665 1923 5720 dia:
1952 5665 2087 5736 ejus,
2132 5671 2181 5718 et
2224 5662 2495 5717 mirabilia
2527 5665 2640 5735 ejus
2683 5666 2812 5735 ﬁliis
2858 5666 3128 5723 hominum
3154 5687 3172 5724 :
3203 5673 3385 5742 prazdi-

3001 5952 3077 6013 liii
