3868 6282
189 379 212 432 1
223 378 330 432 39.5

1294 375 1797 432 COMMENTARIA
1838 375 1904 429 IN
1945 374 2282 432 PSALMOS.

3319 379 3458 434 1526

184 487 375 558 ψυχῶν
407 488 677 560 σωτήριον
721 487 947 561 τροφὴν,
991 486 1217 551 εἰκότως
1250 489 1580 554 ἀποσταλεὶς
1608 493 1635 544 ὁ
1673 489 1766 543 τοῦ

1873 490 2170 546 salutarem
2193 496 2377 544 escam
2412 493 2828 559 aversabantur,
2872 493 3069 550 merito
3095 495 3302 552 missus
3336 498 3459 550 uni-

182 578 324 632 Θεοῦ
352 581 648 650 μονογενὴς
677 580 808 644 Υἱὸς
837 580 997 652 μέχρι
1029 580 1138 633 τῶν
1181 581 1276 633 τοῦ
1316 581 1547 635 θανάτου
1589 581 1772 636 πυλῶν

184 672 415 742 ἔφθασε,
448 672 754 745 σαρκωθεὶς
784 675 878 727 καὶ
905 673 1352 745 ἐνανθρωπὴσας,
1401 677 1561 746 χεῖρα
1604 693 1776 747 σωτητ

185 763 314 834 ρίας
337 762 530 836 ὀρέξας
565 764 661 818 καὶ
692 768 804 828 τοῖς
827 764 1007 836 ,μέχρι
1051 765 1238 818 τούτου
1286 768 1769 832 καταπεπτωκόσι,

183 859 286 912 καὶ
322 856 461 928 πρὸς
501 857 664 911 αὐτὸν
697 856 1054 926 ἀναθοὴσασι.
1107 856 1219 909 Kal
1259 856 1592 925 ἐκέκραεαν
1621 859 1773 926 πρὸς

180 953 409 1020 Κύριον
431 951 502 1004 ἐν
522 949 602 1016 τῷ
627 948 937 1004 θλίϐεσθαι
961 949 1202 1016 αὐτοὺς,
1243 950 1340 1004 καὶ
1364 949 1432 1003 ἐκ
1461 950 1580 1004 τῶν
1601 953 1775 1020 ἀναγ-

177 1024 312 1095 κῶν
339 1039 538 1094 αὐτῶν
561 1039 800 1095 ἔσωσεν
823 1043 1068 1108 αὐτούς.
1108 1040 1441 1095 Ἀπέστειλε
1464 1041 1571 1095 τὸν
1588 1043 1775 1113 λόγον

177 1133 395 1198 αὐτοῦ,
424 1132 522 1186 καὶ
558 1130 768 1188 ίάσατο
790 1133 1045 1199 αὐτοὺς,
1097 1133 1194 1186 καὶ
1222 1134 1517 1202 ἐρρύσατο
1551 1135 1775 1201 αὐτοὺς

177 1231 256 1284 ἐκ
280 1229 402 1284 τῶν
436 1229 774 1298 διαφθορῶν
792 1229 1010 1284 αὐτῶν.
1071 1227 1775 1300 Ἐξομολογησάσθωσαν

177 1322 266 1388 τῷ
293 1322 486 1390 κυρίῳ
516 1321 589 1375 τὰ
617 1321 758 1388 ἐλέη
785 1322 992 1386 αὐτοῦ,
1029 1323 1127 1375 καί
1159 1324 1232 1377 τὰ
1257 1322 1560 1390 θαυμάσια
1587 1311 1775 1375 αὑτοῦ

173 1413 313 1481 τοῖς
339 1397 490 1478 υίοῗς
527 1413 648 1467 τῶν
683 1413 1032 1482 ἀνθρώπων.
1077 1415 1187 1469 Kal
1220 1415 1585 1470 θυσὰτωσαν
1612 1413 1774 1479 αὑτῷ

177 1504 412 1558 θυσίαν
445 1504 736 1570 αἰνέσεως
756 1543 770 1565 ,
819 1506 916 1558 καὶ
953 1505 1478 1576 ἐξαγγειλάτωσαν
1515 1507 1588 1561 τὰ
1631 1506 1775 1575 ἔργα

172 1595 374 1650 αὐτοῦ
403 1596 474 1649 ἐν
502 1596 884 1666 ἀγαλλιάσει,
935 1601 988 1653 ol
1035 1599 1498 1665 καταϐαίνοντες
1542 1601 1628 1665 εὶς
1674 1597 1774 1651 θά-

171 1691 436 1743 λασσαν
460 1689 532 1743 ἐν
555 1691 820 1756 πλοίοις,
847 1690 1166 1758 ποιοῦντες
1195 1693 1486 1761 ἐργασίαν
1499 1691 1568 1744 ἐν
1592 1690 1773 1745 ὕδασι

170 1779 463 1847 πολλοῖς.
519 1774 919 1851 Μνημονεύσας
957 1784 985 1835 ὁ
1036 1781 1194 1850 λόγος
1242 1782 1341 1852 τῆς
1388 1781 1626 1851 ἀφίξεως
1677 1768 1771 1836 τοῦ

172 1868 477 1941 Λυτρωτοῦ
537 1870 631 1923 καὶ
686 1870 972 1940 Σωτῆρος,
1027 1871 1100 1924 δι’
1153 1863 1215 1924 οὗ
1269 1872 1340 1926 τὰ
1394 1872 1771 1943 προλεγόμενα

175 1960 368 2014 πάντα
405 1959 785 2032 κατώρθωται,
843 1962 971 2034 ἑξῆς
1024 1963 1286 2018 συνάπτει
1341 1963 1439 2036 τὴν
1487 1965 1614 2036 περὶ
1664 1963 1771 2018 τῶν

172 2051 501 2105 ἀποστόλων
552 2053 717 2106 αὐτοῦ
761 2054 1122 2124 προφητείαν.
1187 2054 1352 2108 Αὐτοὶ
1391 2055 1501 2127 γὰρ
1543 2052 1685 2126 ἦσαν
1719 2057 1770 2109 ei

170 2143 604 2208 καταϐαίνοντες
637 2147 716 2208 εἰς
743 2145 1021 2200 θάλασσαν
1051 2149 1128 2200 -ὲν
1177 2148 1402 2212 πλοίοις,
1449 2148 1632 2218 ῥητῶς
1678 2151 1770 2203 καὶ

171 2236 328 2290 κατὰ
359 2236 504 2302 λέξιν
524 2254 539 2268 ·
575 2237 768 2310 ὥσπερ
795 2228 890 2293 οὖν
920 2241 952 2310 ἡ
1007 2239 1126 2292 θεία
1154 2240 1345 2312 Γραφὴ
1385 2241 1494 2294 τῶν
1523 2241 1770 2309 Εὑαγγε-

172 2328 317 2382 λίων
353 2332 638 2401 μαρτυρεῖ.
683 2329 990 2400 Τοιγαροῦν
1022 2330 1131 2384 τῶι
1175 2332 1490 2385 ἀποστόλων
1536 2331 1767 2385 καὶτῶν

171 2421 304 2493 ἅμα
323 2421 507 2486 αὐτοῖς
534 2423 568 2494 ἡ
597 2421 849 2493 παροῦσα
873 2424 1181 2494 προφητεία
1197 2424 1296 2492 τὴν
1322 2425 1541 2495 μνήμην
1565 2423 1768 2496 σφόδρα

170 2514 494 2580 ἀκολούθως
529 2515 734 2586 συνῆψε
775 2518 838 2586 τῇ
872 2516 977 2583 ξτοῦ
1024 2515 1160 2568 Θεοῦ
1212 2515 1386 2585 Λόγου
1426 2519 1506 2580 εἰς
1553 2513 1766 2587 ἀνθρώ-ο

1875 585 2092 653 genitus
2116 581 2209 638 Dei
2234 582 2428 647 Filius,
2447 600 2615 641 carne
2631 595 2683 641 et
2702 588 2938 643 humana
2961 594 3154 642 natura
3182 596 3456 659 suscepta,

1875 670 1942 724 ad
1972 678 2161 741 portas
2204 687 2378 742 usque
2398 674 2592 729 mortis
2625 674 2926 744 profectus,
2960 679 3049 741 iis,
3095 677 3189 748 qui
3215 693 3461 748 eousque

1875 763 2192 818 deciderant
2210 772 2264 818 et
2290 765 2354 817 ad
2386 765 2563 835 ipsum
2588 767 2980 834 clamaverunt,
3009 771 3206 826 salutis
3235 785 3462 825 manum

1875 857 2137 925 porrexit.
2174 856 2242 910 Et
2283 858 2642 912 clamauerunt
2690 861 2758 913 ad
2797 861 3082 917 Dominum
3121 881 3241 918 cum
3294 864 3463 919 tribu-

1877 948 2152 1012 larentur,
2188 959 2236 1002 et
2281 950 2346 1004 de
2386 951 2783 1006 necessitatibus
2827 969 3009 1007 eorum
3061 956 3300 1011 liberavit
3348 973 3459 1013 eos.

1875 1040 2029 1095 Misit
2072 1040 2293 1095 Verbum
2329 1059 2484 1097 suum
2519 1053 2568 1098 et
2597 1046 2806 1098 sanavit
2836 1062 2945 1110 eos,
2976 1056 3027 1100 et
3061 1049 3249 1116 eripuit
3281 1066 3368 1103 eos
3398 1049 3464 1104 de

1874 1132 2269 1188 interitionibus
2309 1151 2511 1192 eorum.
2562 1135 2934 1205 Conﬁteantur
2976 1138 3204 1194 Domino
3254 1142 3463 1196 miseri-

1874 1225 2074 1280 cordice
2095 1226 2234 1294 ejus,
2265 1236 2315 1280 et
2350 1227 2620 1282 mirabilia
2642 1229 2755 1298 ejus
2782 1231 2910 1299 ﬁliis
2948 1230 3240 1289 hominum.
3279 1233 3348 1287 Et
3372 1251 3464 1288 sa—

1877 1320 2114 1388 criﬁcent
2149 1321 2198 1373 ei
2242 1321 2568 1390 sacriﬁcium
2600 1321 2799 1386 laudis,
2847 1335 2897 1377 et
2944 1327 3258 1380 annuntient
3304 1343 3464 1396 opera

1875 1410 1991 1480 ejus
2027 1411 2083 1464 in
2107 1412 2484 1476 exsultatione,
2505 1413 2593 1482 qui
2622 1411 2942 1467 descendunt
2967 1431 3112 1468 mare
3135 1416 3189 1468 in
3218 1417 3460 1482 navibus,

1877 1502 2134 1570 facientes
2175 1504 2531 1570 operationem
2557 1505 2612 1557 in
2647 1506 2798 1575 aquis
2823 1505 3026 1560 mulSis.
3061 1506 3196 1561 Cum
3229 1507 3464 1563 Redem-

1876 1592 2052 1662 ptoris
2085 1599 2140 1647 et
2172 1592 2483 1648 Servatoris
2505 1594 2800 1649 adventum
2830 1607 3334 1661 commemorasset,
3366 1615 3463 1668 per

1877 1700 2040 1754 quem
2069 1685 2330 1754 praedicta
2361 1687 2546 1740 omnia
2578 1686 2723 1741 edita
2747 1686 2964 1742 fuerant
2995 1709 3008 1743 :
3045 1688 3241 1744 deinde
3272 1691 3464 1760 adjicit

1879 1778 1946 1831 de
1982 1778 2247 1847 apostolis
2303 1778 2478 1848 ipsius
2515 1779 2857 1837 vaticinium.
2895 1782 2999 1852 Ipsi
3024 1799 3260 1852 namque
3304 1796 3464 1839 erant

1879 1870 1971 1940 qui
2005 1869 2415 1928 descendebant
2450 1886 2602 1928 mare
2630 1873 2687 1926 in
2713 1875 2967 1948 navibus,
2991 1876 3155 1946 idque
3168 1893 3296 1933 vere
3315 1887 3370 1934 et
3394 1881 3462 1933 ad

1879 1962 2142 2026 litteram,
2169 1965 2629 2034 quemadmodum
2659 1965 2842 2021 divina
2869 1967 3288 2039 Evangeliorum
3309 1968 3462 2025 Scri-

1877 2065 2039 2129 ptura
2067 2059 2420 2114 testiﬁcatur.
2463 2061 2854 2132 Apostolorum
2884 2064 3066 2135 itaque
3103 2066 3461 2138 ipsorumque

1877 2150 2140 2204 comitum
2185 2152 2520 2207 mentionem
2579 2153 2872 2210 admodum
2935 2169 3305 2229 congruenter
3345 2160 3463 2217 haec

1877 2239 2161 2312 Scriptura
2192 2243 2288 2299 Dei
2313 2243 2476 2300 Verbi
2499 2245 2568 2301 ad
2589 2235 2840 2305 homines
2862 2251 3119 2305 adventui
3153 2253 3459 2324 subiunxit.

1873 2334 1945 2388 At
1984 2335 2128 2390 enim
2165 2337 2275 2393 illis
2309 2337 2444 2408 ipsis
2487 2355 2626 2395 nova
2663 2326 2798 2396 Novi
2841 2341 3178 2399 Testamenti
3203 2347 3462 2417 mysteria

1874 2443 2137 2500 peragere
2166 2433 2427 2501 praecepit
2453 2432 2646 2489 dicens
2674 2453 2685 2487 :
2715 2435 2784 2488 Et
2809 2437 3108 2506 sacrificent
3135 2439 3462 2508 sacriﬁcium

1875 2520 2143 2589 laudis,et
2168 2525 2481 2579 annuntient
2511 2542 2671 2595 opera
2704 2527 2821 2595 ejus
2851 2529 2905 2582 in
2939 2529 3317 2585 exsultatione.

172 2605 320 2668 inoo;
352 2607 646 2678 παρουσίᾳ.
700 2607 894 2672 Αὐτοῖς
947 2609 1237 2681 τοιγαροῦν
1275 2609 1487 2672 τούτοις
1519 2609 1614 2663 καὶ
1645 2607 1716 2662 τὰ
1742 2609 1837 2664 νέα
1893 2615 2168 2686 μυστήρια
2223 2616 2324 2687 τῆς
2353 2617 2559 2688 Καινῆς
2603 2617 2878 2689 Διαθὴκης
2918 2619 3178 2690 πράττειν
3227 2637 3463 2690 παρεκε-

171 2695 389 2765 λεύετο,
426 2699 628 2770 λέγωνδ
676 2700 787 2755 Kal
845 2701 1210 2757 θυσὰτωσαν
1231 2703 1454 2759 θυσίαν
1473 2701 1778 2769 αἰνέσεως,
1806 2705 1907 2759 καὶ
1951 2707 2473 2779 ἐξαγγειλάτωσαν
2505 2713 2576 2767 τὰ
2610 2714 2754 2781 ἔργα
2808 2713 2994 2766 αὑτοῦ
3046 2713 3117 2766 ἐν
3167 2711 3458 2767 ἀγαλλιά-

169 2806 302 2848 σει.

247 2901 420 2970 Ebur,
453 2907 552 2961 καὶ
577 2907 728 2977 ἔστη
756 2908 994 2979 πνεῦμα
1020 2907 1382 2978 καταιγίδος,
1418 2907 1516 2962 καί
1555 2907 1764 2978 ὑψώθη

174 2997 256 3052 τὰ
292 2999 526 3068 κύματα
563 2999 776 3069 αὐτῆς.
822 3001 1274 3056 Ἆναϐαίνουσιν
1309 3001 1420 3066 ἕως
1451 3000 1572 3055 τῶν
1595 3004 1771 3071 οὐρα-

1950 2909 2121 2967 Vsns.
2181 2911 2372 2968 25-40.
2447 2915 2600 2968 Dixit
2656 2924 2705 2970 et
2746 2916 2888 2970 stetit
2929 2917 3147 2983 spiritus
3191 2919 3457 2985 procella,

1853 3011 1924 3056 ‘et
1955 3003 2183 3057 exaltati
2231 3015 2355 3058 sunt
2406 3006 2600 3075 fluctus
2629 3008 2764 3076 ejus.
2821 3007 3122 3061 Ascendunt
3176 3025 3338 3080 usque
3393 3010 3461 3064 ad

173 3088 307 3144 νῶν
326 3090 427 3145 καί
448 3093 918 3148 καταϐαίνουσιν
930 3094 1041 3160 ἕως
1065 3091 1185 3147 τῶν
1205 3094 1510 3160 ἀϐύσσων,
1539 3095 1578 3163 ἠ
1596 3093 1768 3163 ψυχὴ

1876 3093 2034 3148 calas
2073 3103 2124 3149 et
2153 3093 2473 3150 descendunt
2503 3114 2665 3167 usque
2696 3097 2764 3151 ad
2795 3096 3034 3168 abyssos,
3071 3098 3250 3152 anima
3279 3116 3464 3154 eorum

174 3183 384 3238 δὺτῶν
422 3185 494 3239 ἐν
538 3186 746 3253 κακοῖς
777 3186 1046 3255 ἐτήκετο.
1101 3187 1574 3258 Ἐταρὰχοησαν,
1625 3190 1768 3243 ἐσα-

173 3276 496 3344 λεύθησαν
518 3278 598 3344 ὡς
625 3282 657 3332 ό
684 3280 942 3348 μεθύων,
970 3279 1068 3333 καὶ
1103 3278 1273 3335 πᾶσα
1300 3281 1338 3348 ἡ
1362 3280 1548 3349 σοφία
1570 3279 1769 3334 αὐτῶν

175 3373 505 3442 κατεπόθη.
561 3374 673 3428 Kal
724 3374 1061 3445 ἐκέκραεαν
1112 3375 1263 3444 πρὸς
1307 3377 1530 3444 Κύριον
1570 3376 1641 3430 ἐν
1687 3376 1769 3441 τῷ

173 3463 493 3517 θλίϐεσθαι
510 3465 751 3532 αὐτοὺς,
771 3467 871 3520 καὶ
895 3465 963 3520 ἐκ
985 3466 1104 3520 τῶν
1119 3467 1398 3536 ἀναγκῶν
1431 3467 1632 3522 αὐτῶν
1671 3467 1771 3533 ἐξ-

178 3553 412 3623 ήγαγεν
453 3557 695 3623 αὐτούς.
729 3557 841 3611 Kal
881 3547 1141 3623 ἐπάταξε
1193 3558 1267 3627 τῇ
1299 3560 1615 3629 καταιγίδι,
1670 3560 1768 3614 καὶ

174 3643 332 3712 ἔστη
367 3646 454 3711 είς
479 3645 695 3715 αὔραν,
732 3647 832 3699 καὶ
859 3647 1162 3717 ἐσίγησαν
1188 3649 1261 3702 τὰ
1294 3649 1527 3718 κύματα
1555 3648 1764 3717 αὐτῆς.

179 3726 373 3790 Ταῦτα
430 3737 788 3810 προφητικῶς
837 3739 1202 3812 θεσπιξόμενα
1240 3741 1543 3812 ἐπληροῦτο
1591 3741 1770 3811 ῥητῶς

182 3830 281 3883 καὶ
319 3827 456 3899 πρὸς
511 3829 654 3895 λέξιν
691 3848 705 3862 °
757 3831 866 3886 τῶν
913 3832 1021 3906 γὰρ
1076 3833 1333 3904 μαθητῶν
1376 3833 1468 3886 τοῦ
1519 3833 1770 3903 Σωτῆρος

179 3912 341 3992 ἡμῶν
388 3924 734 3994 ἐμπλεόντων
771 3923 868 3979 σὺν
904 3923 1072 3995 αὐτῷ,
1113 3924 1385 3993 σεισμὸς,
1420 3924 1605 3996 φησιν,
1647 3922 1773 3994 ὲγέ-

175 4031 319 4068 νετο
347 4015 539 4085 μέγας
561 4016 631 4070 ἐν
658 4015 734 4085 τῇ
755 4017 1062 4086 θαλάσσῃ,
1107 4016 1264 4070 ὣστε
1300 4016 1364 4070 τὸ
1400 4015 1617 4070 πλοῖον
1665 4032 1770 4068 κα-

173 4107 518 4163 λύπτεσθαι
543 4102 662 4163 ὑπὸ
699 4096 819 4162 τῶν
843 4105 1145 4178 κυμάτων.
1185 4098 1245 4162 Οἱ
1275 4108 1332 4161 δὲ
1367 4106 1770 4180 προσπεσόντες

173 4195 332 4253 εἷπον
365 4198 544 4270 αὐτῷ·
581 4202 782 4268 Κύριε,
820 4198 1031 4254 σῶσον
1050 4198 1228 4270 ἡμᾶς,
1271 4199 1681 4269 ἀπολλύμεθα.
1711 4198 1770 4251 Ὀ

172 4289 235 4344 δὲ
269 4290 406 4362 πρὸς
437 4291 637 4354 αὐτοὺς
698 4293 914 4363 φήσας’
974 4283 1034 4346 Τί
1071 4290 1259 4346 δειλοί
1305 4292 1466 4358 ἐστε,
1513 4294 1772 4359 ὀλιγόπι-

171 4398 349 4445 στοι;
397 4382 726 4452 ἐπετίμησε
771 4382 896 4449 τοῖς
921 4373 1161 4452 ἀνέμοις
1195 4383 1291 4437 καὶ
1342 4382 1420 4452 τῇ
1458 4382 1767 4452 θαλάσση,

1871 3187 1928 3240 in
1955 3186 2113 3241 malis
2143 3186 2460 3244 tabescebat.
2491 3188 2717 3243 Turbati
2742 3200 2886 3257 sunt,
2910 3191 3159 3244 commoti
3177 3201 3300 3246 sunt
3325 3192 3464 3247 sicut

1868 3277 2067 3344 ebrius,
2099 3288 2148 3334 et
2179 3281 2350 3335 omnis
2401 3283 2666 3351 sapientia
2716 3297 2899 3337 eorum
2940 3284 3192 3338 devorata
3237 3297 3334 3338 est.
3395 3283 3462 3336 Et

1871 3371 2234 3426 clamauerunt
2283 3373 2351 3426 ad
2393 3372 2680 3428 Dominum
2712 3391 2832 3428 cum
2873 3375 3281 3441 tribularentur,
3312 3384 3362 3429 et
3399 3376 3464 3430 de

1870 3464 2273 3519 necessitatibus
2317 3482 2498 3520 eorum
2551 3465 2740 3520 eduxit
2788 3484 2895 3521 eos.
2934 3465 3004 3520 Et
3050 3466 3464 3538 percussit'pro-

1872 3555 2084 3620 cellam,
2109 3568 2157 3611 et
2192 3558 2339 3612 stetit
2370 3559 2425 3612 in
2454 3575 2665 3624 auram,
2697 3568 2747 3614 et
2786 3560 3050 3614 siluerunt
3094 3560 3286 3628 ﬂuctus
3321 3560 3457 3628 ejus.

1875 3646 2004 3702 Haec
2039 3649 2357 3719 prophetico
2402 3650 2765 3720 prmnuntiata
2797 3651 2979 3721 reipsa
3035 3659 3089 3704 et
3122 3650 3186 3704 ad
3221 3651 3460 3705 litteram

1873 3740 2094 3810 impleta
2121 3750 2267 3795 sunt.
2302 3740 2436 3795 Nam
2478 3757 2603 3795 cum
2643 3742 2898 3814 discipuli
2951 3741 3251 3796 Salvatoris
3285 3743 3457 3794 nostri

1874 3846 1998 3885 cum
2031 3832 2152 3902 ipso
2183 3833 2528 3902 navigarent,
2564 3843 2760 3896 motus,
2791 3833 2990 3903 inquit,
3032 3850 3253 3902 magnus
3281 3833 3458 3901 factus

1873 3930 1950 3976 est
1971 3922 2026 3976 in
2050 3924 2207 3990 mari,
2229 3925 2305 3977 ita
2338 3935 2395 3977 ut
2418 3924 2662 3978 navicula
2691 3925 2981 3992 operiretur
2997 3924 3248 3993 ﬂuctibus
3270 3925 3336 3982 ⁷³.
3381 3924 3461 3978 11Ιί

1872 4028 2002 4069 vero
2035 4015 2456 4084 procumbentes
2487 4015 2740 4069 dicebant
2763 4015 2811 4069 ei
2855 4029 2870 4068 :
2904 4014 3145 4078 Domine,
3172 4015 3320 4069 salva
3338 4031 3456 4076 nos,

1872 4107 2126 4176 perimus.
2163 4107 2255 4161 Ille
2279 4121 2411 4162 vero
2443 4121 2567 4161 eum
2602 4105 2834 4161 dixisset
2877 4125 2890 4159 :
2935 4105 3076 4173 Quid
3107 4107 3281 4160 timidi
3302 4107 3455 4168 estis,

1875 4199 2097 4253 modica:
2133 4197 2604 4268 fidei?increpavit
2639 4208 2814 4254 ventos
2845 4207 2893 4252 et
2917 4216 3084 4262 mare,
3119 4208 3167 4252 et
3200 4199 3346 4268 facta
3377 4209 3458 4253 est

1877 4287 2240 4358 tranquillitas
2270 4305 2464 4360 magna
2483 4289 2549 4344 "".
2575 4289 2643 4342 Et
2665 4289 2910 4344 lwteutur
2941 4291 3066 4360 quia
3095 4289 3376 4346 siluerunt.
3407 4300 3459 4343 et

1873 4381 2094 4436 deduxit
2126 4398 2213 4434 eos
2246 4380 2301 4434 in
2324 4393 2534 4450 portum
2579 4382 2866 4436 voluntatis
2913 4399 3044 4437 suae.
3088 4381 3458 4452 Con/iteantur

173 4474 277 4528 καὶ
307 4475 544 4544 ἐγένετο
563 4474 800 4544 γαλήνη
821 4473 1077 4544 μεγάλη.
1105 4473 1216 4529 Kal
1231 4474 1764 4544 εὐφρανθήτωσαν,

1878 4476 2102 4529 Domino
2149 4475 2533 4530 misericordia:
2579 4476 2728 4546 ejus,
2775 4485 2823 4530 et
2863 4476 3134 4530 mirabilia
3167 4477 3280 4546 ejus
3323 4479 3456 4547 ﬁliis

173 4567 268 4620 ὅτι
307 4568 656 4636 ἡσύχασαν,
697 4566 800 4620 καί
833 4565 1150 4636 ὡδήγησεν
1191 4566 1415 4632 αὐτοὺς
1441 4571 1529 4634 εις
1549 4567 1768 4638 λιμένα

173 4658 513 4729 θελήματος
538 4659 746 4714 αὐτοῦ.
797 4659 1495 4731 Ἐξομολογησάσθωσαν
1521 4659 1604 4727 τῷ
1650 4664 1765 4715 Κυ-

170 4750 286 4816 ρίῳ
309 4750 380 4804 τὰ
407 4749 551 4820 ὲλέη
574 4749 787 4814 αὐτοῦ,
821 4750 921 4804 καὶ
959 4751 1033 4805 τὰ
1072 4749 1375 4820 θαυμάσια
1420 4752 1607 4807 αὐτοῦ
1639 4752 1764 4818 τοῖς

172 4843 331 4909 υίοῖς
377 4841 498 4897 τῶν
542 4843 886 4912 ἀνθρώπων.
953 4843 1404 4913 ’Υψωσάτωσαν
1458 4847 1645 4899 αὑτὸν
1694 4847 1764 4900 ἐν

173 4937 481 5005 ἐκκλησίᾳ
516 4936 691 5001 λαοῦ,
743 4937 843 4990 καὶ
914 4935 985 4989 ἐν
1031 4936 1287 5004 καθέδρᾳ
1332 4936 1763 5006 ίπρεσϐυτέρων

174 5029 598 5083 αίνεσάτωσαν
617 5029 822 5082 αὐτόν.
866 5027 1257 5101 Ὀδηγηθὲντες
1276 5029 1370 5082 ἐπὶ
1390 5029 1586 5100 λιμένα
1614 5029 1766 5102 θελή-

181 5137 353 5192 ματος
378 5120 544 5174 αὐτοῦ
566 5139 579 5151 ·
615 5122 700 5190 ἐφ’
728 5117 810 5184 οἷς
835 5121 864 5173 ὁ
889 5121 1047 5191 λόγος
1091 5122 1406 5192 ἀναγκαίως
1436 5123 1763 5194 προστάττει

175 5211 437 5284 τέταρτον
465 5212 608 5266 οὕτω
644 5212 706 5265 τὸ
736 5212 1173 5283 ἐξομολογεῖσθαι
1199 5213 1278 5286 τῷ
1310 5216 1524 5287 Κυρίῳ,
1556 5216 1651 5268 καὶ
1694 5215 1764 5269 τὰ

176 5300 305 5372 ἐλέη
338 5299 502 5355 αὐτοῦ
543 5301 633 5355 διὰ
659 5302 926 5373 στόματος
953 5303 1140 5374 φέρειν
1164 5321 1177 5334 ο
1213 5307 1499 5376 παρεγγυᾷ
1541 5307 1672 5359 πᾶσί
1701 5324 1761 5359 τε

177 5396 289 5459 τοῖς
317 5395 455 5457 υἱοῖς
482 5393 592 5447 τῶν
630 5393 935 5466 ἀνθρώπων
979 5396 1342 5465 ἀπαγγέλλειν
1370 5398 1442 5451 τὰ
1483 5398 1762 5471 θαυμάσια

178 5486 367 5540 αὑτοῦ.
400 5488 603 5540 Ἕθετο
641 5486 947 5556 ποταμοὺς
983 5489 1069 5553 είς
1118 5488 1442 5559 ἐρήμωσιν,
1490 5491 1590 5545 καί
1628 5491 1760 5556 ἐξό-

178 5576 326 5645 δους
381 5577 617 5632 ὑδάτων
667 5581 754 5645 εὶς
799 5579 1017 5648 δίψαν,
1077 5579 1195 5650 γῆν
1241 5585 1625 5653 καρποφόρον
1671 5588 1758 5650 εἰς

179 5669 379 5740 ἅλμην
407 5669 528 5724 ἀπὸ
574 5671 786 5736 κακίας
831 5670 949 5724 τῶν
992 5674 1434 5727 κατοικούντων
1463 5675 1534 5730 ἐν
1575 5675 1752 5744 αὐτῇ.

249 5828 294 5860 ⁷⁸
337 5827 527 5882 Matth.
563 5844 692 5888 vm,
727 5827 816 5882 24.
893 5829 936 5860 '”
979 5827 1109 5883 ibid.
1148 5829 1251 5892 ‘25,
1287 5829 1377 5884 9.6.

1871 4566 2162 4624 hominum.
2217 4565 2469 4622 Exaltent
2524 4585 2644 4622 eum
2690 4570 2744 4621 in
2795 4568 3017 4622 ecclesia
3061 4568 3262 4638 plebis,
3298 4579 3348 4623 et
3399 4570 3454 4623 in

1869 4658 2124 4713 cathedra
2175 4659 2442 4713 seniorum
2483 4659 2698 4713 laudent
2751 4676 2890 4713 eum.
2942 4656 3174 4714 Deducti
3216 4668 3349 4715 sunt
3397 4664 3453 4714 in

1867 4760 2089 4823 portum
2121 4752 2420 4806 voluntatis
2448 4751 2610 4820 ejus:
2645 4767 2752 4822 qua
2797 4752 2865 4806 de
2913 4767 3081 4806 causa
3138 4752 3224 4806 hic
3255 4763 3454 4823 quarto

1864 4845 2127 4916 jubentur
2156 4843 2388 4899 Domino
2421 4845 2670 4899 conﬁteri
2717 4853 2772 4900 et
2808 4845 3219 4900 misericordias
3250 4847 3371 4916 ejus
3399 4849 3453 4901 in

1865 4955 1960 4994 ore
2016 4938 2179 4995 ferre.
2229 4939 2484 5009 Praecipit
2525 4941 2656 4994 item
2698 4937 2954 4994 omnibus
3017 4939 3333 4994 hominibus
3389 4948 3451 4994 ut

1865 5029 2195 5083 annuntient
2230 5029 2504 5083 mirabilia
2534 5029 2675 5098 ejus.
2709 5028 2896 5082 Posuit
2921 5029 3148 5098 ﬂumina
3177 5029 3231 5082 in
3269 5028 3450 5084 deser-

1865 5131 1995 5180 tum.
2024 5130 2074 5176 et
2097 5122 2268 5176 exitus
2293 5137 2552 5192 aquarum
2578 5123 2633 5176 in
2677 5121 2844 5182 sitim,
2880 5129 3078 5174 terram
3115 5121 3449 5189 fructifera»:

1862 5217 1919 5269 in
1947 5215 2267 5286 salsuginem
2300 5233 2331 5268 a
2362 5215 2574 5268 mali:ia
2605 5215 3021 5267 inhabitantium
3049 5213 3101 5266 in
3145 5229 3228 5268 ea.
3257 5212 3447 5267 Posuit

1861 5306 2126 5363 desertum
2151 5309 2204 5362 in
2235 5318 2424 5378 stagna
2450 5323 2730 5377 aquarum,
2760 5317 2810 5360 et
2850 5316 3048 5361 terram
3075 5307 3186 5361 sine
3217 5322 3356 5374 aqua
3391 5307 3445 5358 in

1867 5400 2042 5454 exitus
2090 5415 2371 5467 aquarum.
2412 5398 2482 5452 Et
2531 5398 2774 5453 habitare
2817 5398 2940 5467 fecit
2979 5397 3091 5450 illic
3135 5395 3444 5457 esurientes,

1866 5501 1917 5546 et
1955 5493 2340 5546 constituerunt
2367 5492 2607 5546 civitates
2651 5490 3021 5545 habitationis.
3048 5487 3114 5542 Et
3159 5489 3447 5542 seminave-

1865 5593 1991 5638 runt
2025 5601 2180 5656 agros
2211 5593 2260 5638 et
2289 5584 2665 5652 plantaverunt
2712 5585 2910 5646 uincas,
2953 5591 3002 5636 et
3045 5581 3279 5652 fecerunt
3333 5579 3450 5642 fru-

1863 5687 2005 5732 ctum
2052 5677 2438 5748 productionis.
2473 5676 2541 5730 Et
2589 5675 2851 5732 benedixit
2891 5676 2966 5730 eis
3013 5684 3062 5728 et
3105 5670 3450 5742 multiplicati
