3868 6282
481 316 614 372 1327
1150 317 1416 375 EUSEBII
1455 315 1936 372 CESARIENSIS
1977 314 2127 371 ΟΡΡ.
2173 315 2352 369 PARS
2385 315 2475 370 Ill.
2515 346 2580 354 —
2621 309 3030 368 EXEGETICA.
3542 307 3640 360 I393

477 445 600 490 sunt
641 434 822 499 nimis,
872 442 921 488 et
969 433 1216 501 jumenta
1264 448 1444 485 eorum
1499 449 1602 485 non
1642 429 1947 484 minoravit.
1995 429 2004 481 l

2114 435 2136 488 ι
2166 430 2372 483 "anm
2396 427 2617 496 ἔρημον
2656 427 2744 491 εις
2774 425 2992 493 λίμνας
3029 420 3280 482 ὑδάτων,
3314 415 3418 488 γῆν
3442 417 3641 486 ἄνυδρον

477 531 636 595 pauci
669 527 802 596 [acti
833 537 978 587 sunt,
1012 536 1062 580 et
1091 527 1269 580 vexati
1299 534 1420 578 sunt
1463 542 1495 577 a
1528 524 1866 578 tribulatione
1894 525 2004 576 mali

2169 522 2258 586 είς
2297 518 2600 584 διεξόδους
2634 516 2888 570 ὑδάτων.
2937 515 3048 569 Καὶ
3093 510 3407 577 κατῴκισεν
3431 511 3530 563 ἐκεῖ
3559 527 3646 563 πει-

478 635 597 673 rum
621 628 671 671 et
700 617 904 672 dolore.
942 615 1130 684 E/fusa
1159 625 1236 669 est
1268 616 1582 684 contemptio
1612 631 1769 684 super
1799 617 2005 684 princip

2160 611 2411 677 νῶντας,
2443 610 2540 663 καί
2582 608 3043 677 συνεστήσαντο
3076 605 3282 670 πόλεις
3320 603 3643 668 κατοικεσίας.

478 727 682 773 eorum,
716 721 769 764 et
815 727 999 764 errare
1029 709 1152 778 [erit
1190 724 1277 761 eos
1309 709 1361 760 in
1402 709 1577 770 invio,
1619 717 1668 762 et
1718 725 1822 762 non
1851 709 1907 761 in
1954 709 2003 762 vi

2163 705 2270 759 Kal
2297 702 2586 769 ἐσπειραν
2616 699 2834 770 ἀγροὺς
2857 698 2952 751 καὶ
2986 697 3324 766 ἐφύτευσαν
3343 692 3646 762 ἀμπελῶνας,

482 800 694 856 Etenim
735 800 974 855 Judaicze
1000 799 1178 871 gentis
1211 798 1502 852 multitudo
1532 799 1586 851 in
1630 807 1842 854 tantam
1884 799 2009 853 bunt

2163 795 2260 848 καὶ
2306 793 2604 858 ἐποίησαν
2641 789 2873 858 καρπὸν
2913 787 3299 859 γεννήματος.
3348 783 3446 838 Kal
3470 784 3649 852 eodem

483 907 604 945 rum
652 891 934 960 penuriam
989 891 1207 944 redacta
1253 899 1358 953 est,
1421 898 1480 944 ut
1511 892 1668 959 pauci
1712 907 1880 960 penes
1913 890 2010 960 ipsa

2163 901 2275 938 σεν
2310 883 2532 948 αὐτοὺς
2576 881 2676 934 καὶ
2724 879 3194 947 ἐπληθύνθησαν
3231 873 3470 942 σφόδρα,
3509 873 3651 925 καὶτὰ

482 982 828 1051 reperiantur
869 982 964 1052 qui
1001 981 1302 1036 secundum
1341 980 1511 1035 Deum
1545 982 1790 1050 praeclari
1819 982 1948 1036 sint.
1986 981 2009 1035 ί

2168 975 2357 1040 κτήνη
2389 971 2588 1027 αὐτῶν
2627 973 2738 1025 οὐκ
2762 971 3144 1040 ἐσμίκρυνεν.
3195 967 3304 1022 Kal
3344 964 3654 1034 (ἐλυπήθησαν

484 1083 596 1128 tota
631 1075 850 1145 quidem
885 1090 1075 1130 eorum
1108 1091 1241 1146 gens
1265 1089 1387 1144 quae
1421 1075 1475 1128 in
1506 1075 1610 1128 hoc
1638 1076 1899 1130 vaticinio
1928 1091 2011 1145 pra

2166 1066 2265 1120 καὶ
2281 1063 2673 1131 ἐκακώθησαν
2693 1062 2812 1116 άπὸ
2835 1063 3095 1130 θλίψεως
3132 1056 3334 1112 κακῶν
3360 1057 3450 1109 καὶ
3474 1057 3655 1123 ὀδύνης.

485 1166 810 1220 nuntiantur
856 1167 1142 1221 sustinuit.
1177 1165 1463 1236 Principes
1514 1174 1695 1220 autem
1742 1181 1970 1229 eorum,
2009 1192 2012 1213 ι

2178 1157 2459 1226 Ἐξεχύθη
2491 1153 2890 1220 ἐξουδένωσις
2927 1154 3019 1206 ἐπ’
3046 1152 3343 1221 ἄρχοντας
3380 1147 3567 1214 αὐτῶν,

484 1257 814 1328 patriarchae
831 1258 1079 1328 quidam,
1104 1234 1442 1322 sacerdotes,
1483 1258 1898 1330 legisdoctores,
1925 1256 2011 1312 Sat

2164 1249 2514 1316 ἐπλάνησεν
2552 1248 2774 1312 αὐτοὺς
2812 1247 2883 1300 ἐν
2925 1244 3153 1312 ἀϐάτῳ,
3190 1243 3289 1296 καὶ
3320 1245 3427 1310 οὐχ
3460 1239 3574 1305 ὀδῷ.
3613 1234 3660 1292 Ἰῆ

484 1347 716 1414 duecaei,
755 1348 959 1403 Scriba:
991 1355 1046 1403 et
1075 1347 1337 1404 Pharisaei
1371 1349 1576 1419 pudore
1600 1349 1792 1403 sull‘usi
1825 1357 1974 1414 sunt,
2006 1349 2011 1402 i

2171 1338 2269 1410 μὲν
2296 1337 2406 1410 γὰρ
2451 1338 2654 1408 πλῆθος
2685 1336 2780 1390 τοῦ
2820 1335 3087 1390 Ἰουδαίων
3130 1335 3315 1396 ἔθνους
3347 1335 3422 1394 είς
3460 1330 3661 1400 τοσαύτην

484 1447 970 1509 contemptumque
1019 1437 1244 1506 traditi;
1305 1447 1496 1507 utpote
1547 1441 1677 1510 qui,
1716 1440 1896 1494 vocati
1933 1454 2011 1492 Cll!

2167 1431 2370 1502 ἤλασεν
2417 1431 2638 1500 ἀγαθῶν
2681 1430 2896 1494 σπάνιν,
2953 1429 3027 1492 ὡς
3053 1429 3266 1496 ὀλίγους
3302 1425 3608 1497 εὑρίσκεσθαι
3628 1427 3663 1475 ἐι

484 1535 669 1582 essent
695 1527 762 1582 ad
793 1529 932 1581 viam
965 1536 1191 1592 rectam,
1216 1528 1365 1582 illam
1389 1531 1722 1598 respueriut.

2169 1524 2352 1585 αὐτοῖς
2391 1523 2515 1586 τοὺς
2563 1521 2703 1577 κατὰ
2733 1521 2867 1576 Θεὸν
2894 1519 3330 1591 εὐδοκιμοῦντας.
3379 1518 3481 1571 Καὶ
3514 1518 3563 1569 τὸ
3601 1515 3665 1585 μὲν

485 1623 595 1674 πᾶν
619 1619 766 1683 ἔθνος
806 1619 1011 1691 ταύτην
1052 1619 1309 1691 ὑπέμεινε
1340 1620 1438 1692 τὴν
1469 1622 1809 1693 πρόρρησιν
1839 1621 1890 1674 οἱ
1917 1619 1963 1673 δ’
1997 1621 2055 1672 ὲν
2089 1616 2271 1679 αὐτοῖς
2302 1614 2584 1686 ἄρχοντες,
2614 1614 2948 1686 πατριάρχαι
3003 1613 3147 1674 τινὲς
3199 1611 3294 1664 καὶ
3336 1610 3580 1680 ἀρχιερεῖς
3606 1607 3666 1659 καί

483 1712 947 1784 νομοδιδάσκαλοι,
988 1713 1336 1768 Σαδδουκαῖοι
1367 1733 1427 1768 τε
1463 1715 1558 1768 καὶ
1587 1715 1940 1786 Γραμματεῖς
1995 1712 2088 1767 καὶ
2116 1711 2397 1782 Φαρισαῖοι
2461 1707 2725 1779 αἰσχύνην
2779 1706 3130 1777 κατεχέαντο,
3185 1702 3517 1772 ἐξουδενιὶηει
3548 1718 3668 1770 παρα·

484 1804 726 1868 δοθέντες
754 1821 767 1834 ·
817 1805 914 1858 ἅτε
957 1804 1022 1874 δὴ
1062 1805 1355 1876 κληθέντες
1389 1807 1483 1860 ἐπὶ
1528 1807 1629 1878 τὴν
1676 1807 1892 1860 εὐθεῖαν
1937 1805 2055 1858 ὁὸδν
2092 1804 2186 1857 καὶ
2216 1801 2686 1873 παραιτησάμενοι
2717 1799 2906 1870 αὐτήν.

561 1917 728 1974 Vsus.
755 1920 845 1973 41.
877 1919 942 1972 Et
967 1921 1170 1990 adjuvit
1200 1938 1479 1991 pauperem
1500 1923 1565 1977 de
1585 1924 1782 1992 inopia.
1808 1922 1907 1976 Hic
1933 1938 2066 1976 con-

2238 1918 2348 1974 Καὶ
2375 1916 2671 1985 ἐϐοήθησε
2701 1917 2927 1984 πένητα
2955 1915 3024 1968 ἐκ
3057 1917 3373 1982 πτωχείας.
3403 1911 3505 1964 Καὶ
3531 1911 3578 1961 ὲν
3594 1906 3669 1960 τού·

486 2019 644 2067 sueto
666 2024 818 2063 more
844 2008 1209 2080 Symmachus
1237 2012 1430 2076 edidit,
1461 2010 1530 2065 Et
1561 2013 1756 2066 muniet
1785 2027 1940 2081 paup.
1955 2027 2013 2064 re

2169 2027 2280 2073 τοις
2325 2008 2570 2079 συνήθως
2621 2007 2650 2060 ὁ
2702 2005 3000 2078 Σύμμαχος
3052 2003 3318 2068 ἐξέδωκεν
3371 2000 3557 2054 εἰπών’
3600 1999 3673 2053 Kal

487 2103 552 2155 ab
585 2099 883 2170 aﬂlictionc.
912 2098 1023 2155 Illis
1052 2101 1298 2170 quidem,
1338 2105 1435 2168 ait,
1480 2119 1602 2174 quae
1645 2103 1905 2173 pratdicta
1936 2119 2014 2156 sut

2170 2101 2459 2172 όχυρώσει
2504 2100 2732 2166 πένητα
2777 2098 2891 2152 ἀπὸ
2940 2097 3278 2162 κακώσεως.
3343 2093 3577 2155 Ἐκείνοις
3605 2091 3673 2160 μὲν

487 2193 740 2248 evenient
767 2211 780 2245 :
810 2207 1104 2262 pauperem
1151 2190 1284 2249 vero
1325 2195 1584 2264 populum
1615 2197 1843 2262 muniet,
1870 2195 2010 2250 videl

2169 2194 2278 2262 γὰρ
2312 2191 2466 2244 ἔσται
2506 2189 2574 2242 τὰ
2607 2189 3050 2262 προδηλωθέντα,
3092 2188 3233 2258 φησί
3257 2203 3272 2216 ’
3305 2186 3396 2238 τὸν
3442 2183 3496 2238 δὲ
3526 2182 3678 2249 πένητα

492 2292 578 2337 cet
611 2282 764 2342 illum
793 2283 888 2352 qui
923 2297 990 2336 ex
1025 2285 1280 2352 gentibus
1317 2285 1737 2341 constituendus
1761 2296 1864 2351 est,
1899 2301 2019 2356 quet

2171 2284 2300 2337 λαὸν
2332 2282 2600 2354 ὀχυρώσει
2621 2299 2634 2314 ο
2669 2282 2760 2335 τὸν
2797 2281 2855 2347 ἐξ
2887 2280 3054 2335 ἐθνῶν
3081 2279 3288 2350 δηλαδὴ
3324 2276 3675 2347 συστησόμενον

487 2375 706 2428 beatum
764 2373 1073 2444 praedicans
1124 2375 1375 2431 Salvator
1431 2393 1496 2433 ac
1555 2377 1818 2434 Dominus
1879 2387 2014 2435 nostt

2169 2377 2230 2430 ὃν
2255 2377 2349 2428 καὶ
2374 2373 2692 2446 μακαρίζων
2721 2375 2750 2426 ὁ
2779 2371 2968 2444 Σωτὴρ
2997 2373 3092 2425 καὶ
3119 2371 3327 2442 Κύριος
3349 2370 3499 2440 ἡμῶν
3527 2365 3678 2437 Ἰησοῦς

486 2464 649 2521 Jesus
676 2464 936 2520 Christus
954 2466 1171 2521 diccbat
1199 2487 1212 2523 :
1247 2469 1398 2524 Beati
1420 2485 1673 2540 pauperes
1704 2471 1913 2539 spiritu,
1944 2488 2009 2542 qu

2171 2468 2404 2540 Χριστὸς
2432 2467 2583 2535 ἔλεγε
2605 2483 2619 2495 ·
2652 2463 2942 2532 Μακάριοι
2985 2467 3038 2517 οὶ
3070 2461 3295 2530 πτωχοὶ
3325 2460 3404 2526 τῷ
3429 2461 3677 2527 πνεύματι.

493 2556 631 2608 uiam
660 2556 894 2624 ipsorum
914 2566 988 2609 est
1023 2572 1236 2626 regnum
1267 2558 1515 2612 caelorum
1545 2559 1612 2614 ⁷⁸.
1643 2558 1711 2612 Et
1755 2561 1930 2628 posuit
1959 2561 2020 2613 sit

2173 2563 2262 2615 ὅτι
2295 2559 2494 2614 αὐτῶν
2525 2559 2696 2611 ἐστιν
2730 2559 2768 2625 ἡ
2810 2557 3098 2621 βασιλεία
3133 2552 3254 2607 τῶν
3291 2552 3566 2622 οὐρανῶν.
3609 2550 3681 2603 lini

487 2655 544 2698 ut
592 2663 707 2701 oves
758 2646 1017 2716 familias.
1079 2647 1275 2717 Aquila
1316 2663 1444 2704 vero
1508 2650 1606 2716 ait,
1634 2650 1702 2703 Et
1745 2661 1899 2721 ponet
1930 2653 2014 2706 siet

2171 2653 2338 2706 ⁴ιίθετο
2373 2651 2454 2715 ὡς
2506 2649 2767 2716 πρόϐατα
2807 2646 3057 2716 πατριάς
3086 2663 3099 2676 ·
3159 2648 3188 2700 ὁ
3228 2646 3287 2699 δὲ
3327 2645 3570 2706 Ἀκύλας,
3609 2641 3678 2694 lia}

491 2740 624 2793 ovile
657 2741 1026 2810 cognationes;
1073 2738 1436 2810 Symmachus
1484 2754 1688 2806 autem,
1728 2742 1795 2797 Et
1845 2755 2018 2798 statue

2173 2743 2364 2811 θήσει,
2399 2741 2582 2812 φησιν,
2611 2740 2692 2805 ὡς
2715 2740 2991 2809 ποίμνιον
3045 2739 3424 2808 συγγενείας·
3452 2738 3478 2789 ὁ
3504 2737 3554 2788 δὲ
3584 2733 3680 2802 Σύμ-

491 2831 698 2900 inquit,
749 2830 882 2882 sicut
914 2845 1118 2900 gregem
1159 2833 1492 2900 cognationes
1523 2848 1541 2888 :
1567 2833 1620 2888 id
1675 2843 1760 2889 est
1791 2833 2018 2890 Eeclesi:

2177 2852 2365 2906 μαχος,
2399 2833 2508 2888 Kal
2531 2831 2716 2897 τάξει,
2747 2833 2931 2902 φησιν,
2970 2833 3051 2899 ὡς
3083 2831 3351 2900 ποίμνην
3375 2827 3680 2896 συγγενείας,

491 2937 611 2990 quae
633 2936 728 2990 per
748 2920 999 2975 civitates
1024 2928 1078 2974 et
1107 2923 1357 2993 regiones
1386 2939 1451 2978 es
1477 2923 1710 2980 diversis
1730 2927 2018 2996 cognation

2173 2927 2270 2990 τὰς
2287 2925 2427 2980 κατὰ
2441 2925 2593 2978 πόλιν
2622 2925 2716 2977 καὶ
2739 2924 2878 2978 κατὰ
2907 2922 3089 2996 χώραν
3124 2921 3453 2992 Ἐτκκλησίας
3479 2922 3536 2972 ὲκ
3557 2917 3684 2984 διαεό

492 3011 594 3067 hus
610 3011 924 3066 constituta:
955 3017 1106 3066 sunt.

2176 3035 2286 3090 ρων
2324 3017 2653 3086 συγγενειιῖΝ
2682 3013 3044 3077 συνεστώσας.

563 3103 727 3159 Vens.
750 3101 942 3168 42,43.
978 3101 1235 3158 Videbunt
1255 3107 1381 3160 recti
1397 3114 1446 3158 et
1471 3107 1812 3173 lwtabuntur,
1835 3117 1884 3163 et
1898 3111 2069 3164 omnis

2246 3109 2535 3176 Ὄψονται
2562 3107 2754 3171 εὐθεῖς
2776 3105 2869 3160 καὶ
2897 3103 3437 3174 εὐφρανθήσονται,
3462 3104 3550 3158 καί
3567 3100 3682 3156 πᾶσι

486 3192 741 3262 iniquitas
789 3193 1042 3262 oppilabit
1093 3211 1152 3248 os
1209 3213 1386 3253 suum.
1423 3197 1564 3264 Quid
1597 3215 1760 3270 porro
1785 3201 2013 3256 videbun

2173 3199 2390 3267 ἀνομία
2416 3197 2699 3268 ἐμφράξει
2734 3197 2800 3251 τὸ
2833 3199 3027 3265 στόμα
3065 3195 3276 3264 αὐτῆς.
3333 3196 3399 3248 Τί
3432 3196 3487 3248 δὲ
3525 3194 3683 3262 ὄψονται

491 3282 592 3334 .ηεὶ
651 3296 834 3337 rerum
893 3298 961 3338 ex
993 3285 1356 3341 deterioribus
1389 3285 1458 3340 ad
1512 3289 1736 3343 meliora
1769 3302 2018 3345 commut:

2171 3288 2284 3342 ἀλλ’
2311 3289 2344 3360 ἢ
2387 3290 2486 3361 τὴν
2519 3289 2627 3342 ἀπὸ
2656 3287 2764 3341 τῶν
2793 3289 3048 3361 χειρόνων
3086 3287 3179 3340 ἐπὶ
3210 3287 3278 3342 τὰ
3320 3287 3543 3358 κρείττω
3570 3301 3681 3354 μετα-

488 3370 735 3424 tionem?
758 3369 1122 3439 Quamobrem
1156 3373 1222 3428 iis
1248 3375 1338 3444 qui
1373 3374 1688 3444 prophetias
1715 3377 1780 3430 ad
1815 3377 2015 3432 ellectul

2170 3378 2364 3449 ϐολήν;
2391 3379 2481 3431 Διὸ
2508 3381 2620 3442 τοῖς
2652 3377 2722 3430 τὰ
2747 3377 2874 3450 τέλη
2900 3377 3008 3431 τῶν
3031 3376 3382 3448 προφητειῶν
3404 3374 3685 3444 τεθεαμένοις

485 3472 539 3518 et
564 3463 724 3519 Ilnem
766 3463 1032 3520 deductas
1063 3474 1465 3536 conspexerunt
1495 3467 1710 3522 dicebat
1753 3467 2011 3525 Servator

2168 3469 2351 3537 ἔλεγεν
2383 3472 2412 3522 ὁ
2435 3471 2650 3540 Σωτήρ·
2704 3469 2895 3537 ’Υμῶν
2923 3468 2991 3521 δὲ
3023 3467 3304 3538 μακάριοι
3346 3470 3402 3521 ol
3436 3465 3686 3535 όφθαλμιὶ.

498 3553 672 3610 Vestri
693 3565 868 3610 autem
899 3558 1036 3611 beati
1065 3557 1226 3621 oculi,
1246 3559 1370 3628 quia
1394 3558 1604 3621 vident;
1635 3566 1688 3613 ct
1715 3576 1729 3613 :
1767 3561 1924 3616 Multi
1951 3578 2025 3630 pr:

2167 3560 2256 3614 ὅτι
2291 3560 2596 3625 ,ϐλέπουσι
2618 3577 2633 3590 ο
2679 3561 2794 3625 καὶ,
2840 3561 3064 3614 Πολλοὶ
3107 3558 3410 3629 προφῆται
3453 3557 3682 3622 ἐπεθύμη-

485 3646 652 3715 pltette
681 3647 952 3701 voluerunt
991 3648 1160 3704 videre
1206 3666 1323 3719 qum
1351 3667 1438 3704 vos
1464 3649 1670 3715 videtis,
1700 3662 1750 3706 et
1783 3669 1886 3706 non
1923 3655 2012 3708 vid.

2166 3666 2286 3703 σαν
2317 3650 2463 3704 ἰδεῖν
2509 3649 2548 3702 ά
2591 3650 2761 3719 ὑμεῖς
2792 3649 3074 3713 βλέπετε,
3124 3649 3224 3702 καὶ
3258 3651 3373 3702 οὐκ
3412 3646 3578 3700 εἶδον.
3613 3642 3685 3695 Kal

487 3746 614 3791 runt
635 3739 700 3790 '9.
730 3736 798 3790 Et
819 3738 987 3792 omnis
1020 3739 1270 3810 iniquitas
1303 3741 1554 3810 oppilabit
1585 3761 1641 3797 os
1672 3760 1847 3799 suum.
1883 3745 1940 3799 In
1971 3761 2014 3800 r:

2165 3742 2335 3797 πᾶσα
2367 3743 2568 3797 ἀδικία
2612 3741 2895 3812 ἐμφράξει
2922 3740 2988 3793 τὸ
3014 3741 3209 3809 στόμα
3243 3737 3462 3808 αὐτῆς·
3496 3734 3684 3789 λυττῶσα

488 3831 632 3885 hiem
665 3838 783 3884 acta
806 3837 859 3884 et
882 3829 952 3884 ob
981 3830 1236 3885 invidiam
1261 3832 1446 3888 dolore
1471 3833 1663 3902 fracta,
1686 3851 1860 3906 neque
1883 3844 2015 3891 tame

2165 3834 2271 3887 ὑπὸ
2299 3835 2493 3903 φθόνου
2543 3833 3004 3905 ὃιαρῤηγνυμένη,
3054 3831 3220 3902 μηδὲν
3268 3832 3326 3884 δὲ
3373 3829 3609 3902 πράττειν
3629 3825 3685 3878 iii

489 3917 695 3986 aliquid
721 3917 882 3988 agere
913 3921 1120 3983 valens,
1151 3922 1276 3992 quia
1308 3922 1452 3978 Deus
1472 3924 1545 3977 ita
1576 3927 1768 3982 voluit.
1794 3925 1850 3979 Id
1881 3937 2016 3983 aute:

2185 3928 2253 3980 ξὺν
2279 3927 2455 3980 ταῦτα
2477 3923 2799 3996 βουληθέντα
2829 3924 2960 3976 Θεὸν
2980 3923 3275 3993 δυναμένη.
3314 3921 3484 3974 Τοῦτο
3507 3920 3556 3973 δὲ
3584 3918 3683 3986 πᾶρ-
3710 3961 3712 3965 .

486 4007 774 4062 manifeste
801 4008 984 4064 videre
1010 4009 1158 4076 licet,
1179 4026 1303 4065 eum
1337 4010 1636 4067 inﬁdelium
1667 4026 1720 4068 et
1749 4015 2013 4070 idololatr:

2163 4035 2308 4071 εστιν
2382 4016 2628 4088 ἐναργῶς
2669 4017 2822 4087 ὁρᾷν,
2867 4014 2941 4078 ὡς
2973 4015 3113 4067 κατὰ
3143 4012 3244 4084 τῆς
3286 4011 3590 4082 Ἐκκλησίας
3621 4005 3683 4059 τώ

486 4109 609 4147 rum
642 4095 924 4164 iniquitas,
958 4106 1150 4150 contra
1181 4097 1480 4153 Ecclesium
1520 4101 1726 4155 Christi
1773 4100 1958 4155 furens
2009 4126 2013 4149 ε

2161 4107 2397 4180 Χριστοῦ
2432 4109 2469 4179 ἡ
2498 4107 2606 4160 τῶν
2653 4107 2896 4160 ἀπίστων
2944 4106 3037 4158 καὶ
3083 4104 3482 4176 εἰδωλολατρῶν
3524 4098 3682 4170 origin

486 4198 629 4254 szepe
663 4185 968 4253 insaniens,
996 4187 1142 4255 quod
1190 4186 1410 4241 demum
1460 4189 1595 4242 nihil
1637 4205 1798 4261 agere
1834 4191 2013 4244 valere

2161 4201 2360 4271 ἀνομία
2389 4199 2636 4253 λυττῶσα
2666 4199 2763 4252 καὶ
2807 4197 3065 4261 πολλάκις
3095 4199 3437 4268 ὲπιμήνασα,
3463 4194 3596 4257 τέλος
3624 4189 3683 4244 διὰ

485 4290 551 4330 os
586 4291 744 4330 suum
789 4276 1089 4339 obturavit,
1135 4291 1168 4329 a
1203 4277 1387 4332 divino
1431 4279 1599 4333 verbo
1631 4279 1842 4335 frenata
1875 4298 2012 4352 :quc

2159 4289 2221 4342 τὸ
2268 4289 2430 4360 μηδὲν
2479 4288 2759 4352 δύνασθαι,
2803 4288 2863 4341 τὸ
2908 4289 3083 4358 στόμα
3127 4287 3332 4358 ἑαυτῆς
3378 4285 3589 4358 ἔφραζεν
3611 4281 3681 4334 ὑπὸ

483 4365 647 4420 etiam
673 4366 780 4420 illis
796 4373 1040 4436 tempore
1064 4367 1502 4435 persecutionum
1531 4369 1646 4423 haec
1665 4371 1827 4425 edicit
1858 4391 1870 4426 :
1903 4373 2010 4426 Tac

2159 4378 2252 4432 τοῦ
2285 4378 2427 4431 θείου
2465 4378 2622 4448 λόγου
2653 4378 2983 4450 φιμουμένη,
3013 4378 3106 4430 τοῦ
3138 4379 3233 4431 καὶ
3263 4379 3404 4448 αὐτῇ
3438 4376 3565 4430 κατὰ
3595 4374 3681 4432 τοὺς

483 4455 779 4511 obmutesce
806 4457 872 4511 3°.
906 4456 1249 4528 Iniquitatem
1280 4475 1408 4515 vero
1454 4461 1727 4533 intelligas
1757 4465 2010 4519 diabolun

2159 4473 2265 4526 τῶν
2302 4472 2558 4544 διωγμῶν
2591 4472 2818 4543 καιροὺς
2851 4473 3180 4541 φάσκοντος·
3218 4473 3442 4533 Σιώπα,
3480 4468 3679 4537 πεφίμω-

483 4556 537 4602 ct
558 4563 774 4603 onlnem
805 4549 990 4619 iniqua
1016 4558 1287 4620 agentem,
1321 4553 1620 4608 secundum
1644 4555 1806 4611 illud:
1835 4555 2010 4611 Obstrt

2157 4581 2252 4618 0'0.
2290 4566 2542 4637 Ἀνομίαν
2572 4565 2628 4617 δὲ
2660 4565 2874 4636 νοήσεις
2904 4564 2992 4616 τὸν
3021 4563 3285 4625 διάϐολον,
3320 4563 3413 4616 καὶ
3444 4562 3601 4614 πάντα
3620 4555 3678 4608 τὸν

483 4646 626 4690 ctum
651 4647 730 4690 est
775 4655 832 4690 os
858 4638 1180 4708 loquentium
1224 4640 1405 4709 iniqua
1453 4641 1519 4694 εί.
1572 4641 1704 4707 Quis
1743 4646 2010 4710 sapiens“

2157 4658 2278 4710 κατ’
2309 4656 2476 4726 αὐτὴν
2524 4656 2912 4727 πεποιημένον,
2960 4657 3101 4709 κατὰ
3148 4655 3238 4708 τόδ
3299 4654 3600 4723 Ἐνεφράγη
3635 4649 3674 4700 τί

484 4727 742 4782 custodiet
788 4728 898 4782 lucc
950 4744 967 4782 :
1025 4737 1075 4782 et
1129 4729 1419 4799 intelligent
1487 4733 1879 4788 misericordias
1949 4734 2011 4789 Dt

2158 4749 2351 4816 στόμα
2373 4748 2723 4801 λαλούντων
2748 4747 2942 4801 ἄδικα.
2968 4750 3014 4800 T.
3031 4767 3063 4812 ς
3096 4746 3309 4816 σοφὸς,
3343 4748 3441 4800 καὶ
3478 4741 3674 4814 φυλάξει

486 4819 616 4872 ²¹¹ί¹¹ί
642 4819 750 4871 sn?
2156 4837 2360 4903 ταῦτα,
2390 4839 2488 4891 καὶ
2520 4839 2870 4907 συνήσουσι
2911 4839 2982 4893 τὰ
3015 4837 3154 4907 ἐλέη
3197 4838 3304 4892 τοῦ
3338 4840 3576 4908 Kvplov;

591 4932 644 4984 1.
673 4929 1028 4988 CANTICUM
1066 4933 1319 4991 PSALMI
1357 4936 1482 4993 IPSI
1522 4937 1749 4994 DAVID.
1787 4937 1942 4992 CVII.

1890 4937 1942 4990 ΙΙ.
2447 4951 2581 5022 ῼΔΗ
2609 4952 2910 5006 ΨΑΛΜΟΥ
2939 4953 3032 5024 Τῼ
3049 4951 3266 5005 ΔΔΥΙΔ.
3297 4951 3417 5005 PZ'.

561 5025 724 5082 Vens.
764 5027 894 5084 2-5.
929 5027 1192 5084 Paratum
1233 5048 1324 5086 cor
1369 5051 1560 5098 meum,
1596 5033 1758 5097 Deus,
1803 5043 2052 5105 paratum

2236 5041 2472 5111 Ἑτοίμη
2499 5044 2539 5113 ἡ
2567 5043 2777 5110 καρδία
2791 5061 2931 5112 μου,
2962 5047 2996 5097 ό
3027 5043 3192 5109 Θεὸς,
3215 5044 3422 5114 ἑτοίμη
3449 5043 3485 5110 ἡ
3511 5035 3671 5105 καρδία

483 5118 803 5184 εοιοήιειιηι,
838 5121 1061 5177 cantabo
1095 5132 1144 5177 et
1175 5125 1404 5192 psallam
1448 5127 1500 5180 in
1542 5126 1715 5196 gloria
1763 5142 1897 5180 mea.
1940 5125 2010 5178 Ea

2149 5149 2290 5201 μου,
2319 5131 2537 5202 ᾄσομαι
2572 5134 2670 5188 καὶ
2701 5134 2878 5202 ψαλῶ
2909 5135 2980 5187 ἐν
3009 5135 3082 5204 τῇ
3111 5135 3260 5204 δόξῃ
3283 5152 3426 5205 μου.
3461 5128 3669 5198 Ἐξεῖέρ·

483 5226 656 5280 surge,
686 5209 860 5278 gloria
908 5227 1045 5278 mea,
1075 5229 1313 5286 exsurge,
1364 5219 1674 5285 psalterium
1721 5225 1769 5272 et
1819 5217 2010 5270 cit/tari

2155 5229 2305 5292 θητιν
2364 5225 2403 5292 ἢ
2449 5224 2600 5289 δόξα
2662 5245 2804 5296 μου,
2834 5227 3192 5296 ἐξεγέρθητι,
3239 5228 3561 5296 ψαλτήριον
3600 5219 3666 5271 κει)

481 5318 765 5372 exsurgant
793 5302 1046 5359 diluculo.
1078 5305 1375 5376 Conﬁtebor
1420 5311 1522 5363 tibi
1558 5311 1613 5364 in
1665 5312 1891 5379 populis,
1941 5310 2008 5364 Dt

2156 5313 2384 5383 κιθάρα,
2410 5315 2871 5388 ἐξεγερθήσομαι
2909 5319 3142 5388 ὄρθρου.
3178 5314 3662 5389 Ἐξομολογήσομαέ

483 5392 642 5456 mine,
686 5393 914 5460 psallam
945 5395 1039 5448 tibi
1079 5398 1133 5450 in
1181 5400 1502 5455 nationibus.
1555 5401 1817 5468 Quoniam
1859 5419 2010 5472 magn

2155 5423 2254 5459 σοι
2282 5407 2352 5460 ἐν
2392 5407 2580 5474 λαοῖς.
2609 5411 2803 5479 Κύριε,
2846 5411 3022 5480 ψαλῶ
3054 5427 3153 5466 σοι
3190 5412 3258 5465 ἐν
3301 5412 3543 5466 ἔθνεσιν.
3573 5407 3661 5454 Ὀτι

483 5493 560 5536 est
593 5501 747 5554 super
773 5486 928 5540 cazlos
955 5488 1325 5546 misericordia
1351 5504 1464 5556 tua,
1507 5501 1556 5547 et
1594 5511 1754 5564 usque
1787 5493 1855 5548 ad
1888 5495 2010 5550 nube

2148 5497 2302 5566 μέγα
2324 5498 2524 5553 ἐπάνω
2556 5499 2676 5554 τῶν
2705 5501 2976 5569 οὐρανῶν
3013 5504 3079 5558 τὸ
3113 5502 3282 5569 ἔλεός
3317 5518 3456 5564 σου,
3481 5498 3562 5552 καί
3585 5495 3653 5554 ἕως

484 5576 674 5629 ueritas
705 5585 814 5632 tua.
846 5577 948 5643 Qui
979 5579 1206 5637 salutari
1255 5583 1345 5637 illa
1380 5585 1716 5640 beatitudine
1743 5586 1939 5660 dignus
1967 5589 2011 5642 el

2155 5588 2272 5643 τῶν
2321 5592 2591 5660 νεφελῶν
2637 5595 2676 5663 ἡ
2724 5594 2976 5662 ἀλήθειά
3021 5612 3159 5652 σου.
3207 5596 3262 5648 ὐ
3308 5594 3402 5648 τοῦ
3448 5587 3650 5659 σωτηρία·

555 5729 602 5760 ⁷⁸
636 5729 823 5784 Matth.
857 5748 916 5798 γ,
947 5733 1004 5788 5.
1076 5736 1124 5768 ⁷³
1161 5735 1350 5792 Matth.
1389 5754 1518 5803 xm,
1560 5741 1741 5806 I6,I7.
1827 5741 1873 5775 ⁸ο
1913 5740 2082 5795 Marc.

1969 5754 2082 5795 πε.
2115 5755 2194 5809 ιν,
2226 5741 2317 5803 59.
2393 5744 2440 5779 ⁸⁸
2481 5745 2624 5804 Psal.
2662 5763 2770 5802 un
2793 5788 2809 5816 ,
2847 5749 2934 5805 12.
2999 5751 3066 5782 ⁸⁸·
3102 5750 3242 5807 Psal.
3277 5764 3389 5812 ert,
3416 5749 3496 5803 45.
