3868 6282
159 335 309 410 ~159.9

1259 336 1767 394 COMMENTARIA
1808 340 1873 395 IN
1916 339 2252 398 PSALMUS.

3296 350 3319 403 1
3329 350 3432 404 330

173 459 526 532 μακαρισμοῦ
554 460 843 543 γενόμενος
883 458 1050 527 ἄξιος,
1083 461 1148 514 δι’
1175 458 1235 516 οὗ
1271 461 1516 534 εἴρηται·
1547 464 1727 519 Maad-

1849 466 2022 521 l'ectus
2054 474 2159 529 est,
2187 481 2293 535 qua
2323 465 2526 520 dicitur
2552 488 2563 522 :
2587 468 2742 524 Beati
2766 466 2960 524 mundo
2981 469 3157 536 corde,
3181 471 3430 540 quoniam

166 568 280 619 ριοι
311 553 366 604 οί
394 550 636 619 καθαροὶ
681 548 758 618 τῇ
812 550 1046 618 καρδίᾳ,
1098 551 1187 605 ὅτι
1228 553 1399 606 αὐτοὶ
1451 552 1556 606 τὸν
1602 555 1750 608 Θεὸν

169 642 444 710 ὄψονται,
474 643 614 694 εῐποι
645 642 709 695 ἂν
749 640 968 713 0αρρὦ
987 658 1002 672 ·
1040 642 1277 713 Ἑτοίμη
1307 645 1346 712 τι
1371 645 1584 714 καρδία
1604 664 1744 716 μου,

168 734 200 784 ὀ
235 734 402 798 Θεός.
451 732 509 785 '0
546 733 841 804 Προφήτης
873 729 989 798 οὖν,
1021 731 1090 786 τὰ
1125 731 1252 802 φίλα
1288 736 1382 787 καὶ
1406 737 1641 808 συγγενῆ
1669 737 1748 808 τῷ

168 823 308 894 ἁγίῳ
353 821 630 893 Πνεύματι
661 823 726 876 δι’
767 823 1037 894 ὲναρέτων
1067 823 1245 895 ἔργων
1288 826 1625 892 ἐπιτελέσας,
1669 829 1748 899 τῷ

167 917 425 970 τοιούτων
482 917 668 988 δοτῆρι
704 914 823 986 Θεῷ
869 915 969 988 τὴν
1009 917 1377 990 προκειμένην
1415 919 1580 990 εὐχὴν
1615 921 1746 974 ἀνα-

167 1009 397 1078 πέμπει.
427 1009 681 1078 ’ᾼσομαι
715 1008 814 1060 καὶ
856 1007 1032 1076 ψαλῶ
1055 1008 1126 1062 ἐν
1152 1008 1227 1078 τῇ
1249 1009 1400 1079 δόξῃ
1423 1028 1544 1080 μου
1565 1028 1580 1042 ⁸
1609 1013 1746 1066 ἀπο-

165 1100 344 1153 λαϐὼν
375 1100 474 1171 τὴν
512 1099 752 1170 ὲμαυτοῦ
783 1100 961 1166 δόξαν,
991 1101 1238 1154 τουτέστι
1271 1101 1370 1173 τὴν
1400 1103 1744 1174 προφητικὴν

163 1191 342 1263 χάριν.
382 1190 774 1260 Ἐξετέρθητι,
803 1194 841 1260 ἠ
861 1191 1012 1257 δόξα
1035 1211 1176 1262 μου,
1199 1193 1558 1264 ἐξετέρθητι,
1588 1197 1744 1263 ψαλ-

161 1284 367 1353 τήριον
385 1282 483 1336 καὶ
511 1283 742 1353 κιθάρα,
764 1283 1229 1354 ἐξεγερθήσομαι
1256 1285 1488 1354 ὄρθρου.
1515 1287 1742 1358 Μήποτε

159 1379 256 1442 τὰς
300 1378 565 1449 δυνάμεις
614 1380 713 1449 τῆς
755 1378 948 1432 ἑαυτοῦ
990 1378 1169 1451 ψυχῆς
1211 1380 1307 1435 καὶ
1346 1380 1440 1434 τοῦ
1489 1380 1742 1452 σώματος

157 1471 413 1541 διεγείρει
454 1469 541 1524 διὰ
579 1471 678 1542 τὴν
713 1470 1016 1541 μέλλουσαν
1057 1472 1136 1534 είς
1169 1471 1330 1524 αὑτὸν
1363 1471 1614 1539 γενέσθαι
1642 1472 1738 1526 τοῦ

155 1561 300 1614 θείου
342 1561 663 1633 Πνεύματος
712 1563 1001 1615 ἐπίπνοιαν
1022 1579 1034 1592 ·
1077 1563 1171 1616 καὶ¹
1205 1562 1348 1616 κατὰ
1377 1562 1613 1618 διάνοιαν
1640 1564 1739 1634 μὲν

157 1654 608 1724 ἑκλαμϐανόντων
641 1655 798 1726 ἡμῶν
842 1655 908 1708 τὰ
953 1655 1094 1726 μέλη
1134 1655 1227 1709 τοῦ
1259 1655 1508 1726 σώματος
1547 1655 1643 1710 καὶ
1667 1657 1737 1710 τὰ

155 1746 504 1817 αἰσθητήρια,
539 1748 605 1800 δι’
634 1741 709 1802 ὧν
741 1751 769 1802 6
794 1748 918 1814 νοῦς
952 1751 1312 1822 ἀνακρούεται
1339 1753 1427 1805 ὅτε
1448 1752 1494 1806 δ’
1522 1752 1589 1806 ἂν
1615 1751 1736 1821 βού-

1854 558 1956 627 ipsi
1989 557 2158 612 Deum
2199 557 2442 612 videbunt
2470 560 2538 620 θ’,
2571 563 2909 618 conﬁdenter
2943 563 3090 618 dicat
3123 580 3134 614 :
3168 562 3428 616 Paratum

1849 667 1945 704 cor
1992 668 2184 714 meum,
2235 651 2395 704 Deus.
2453 649 2723 721 Propheta
2774 656 2938 726 igitur
2981 672 3103 711 cum
3153 671 3247 725 per
3285 657 3428 710 bona

1851 757 2016 811 opera
2047 758 2160 797 rem
2195 741 2422 811 Spiritui
2464 751 2659 798 sancto
2681 753 2890 814 gratam
2919 756 2973 801 et
3003 757 3280 816 acceptam
3305 761 3428 815 per-

1853 832 2094 896 fecisset,
2119 833 2308 886 talium
2343 833 2584 904 largitori
2619 832 2726 888 Deo
2765 844 3088 904 prasentem
3119 837 3426 892 orationem

1849 926 2068 983 emittit.
2099 925 2336 982 Cantabo
2372 939 2420 982 et
2453 927 2683 996 psallam
2727 927 2780 981 in
2829 929 3003 998 gloria
3045 945 3162 984 mea
3193 944 3213 984 :
3246 929 3297 984 id
3319 936 3422 994 est,

1850 1023 2130 1086 assumpta
2172 1017 2345 1087 gloria
2396 1033 2538 1082 mea,
2572 1034 2668 1074 seu
2698 1019 3054 1088 pr0phetandi
3085 1021 3278 1090 gratia.
3312 1019 3427 1073 Ea:-

1849 1123 2020 1178 surge,
2039 1107 2211 1178 gloria
2242 1125 2380 1171 mea,
2398 1124 2641 1178 exsurge,
2670 1108 2982 1180 psalterium
2999 1120 3049 1165 et
3078 1111 3310 1177 cithara,
3330 1125 3421 1166 ex-

1847 1215 2063 1270 surgam
2091 1198 2350 1255 diluculo.
2383 1198 2523 1255 Num
2550 1201 2690 1256 forte
2728 1201 2924 1256 animae
2952 1203 3307 1274 corporisque
3335 1203 3423 1258 sui

1847 1291 1994 1347 vires
2036 1292 2241 1346 excitat
2281 1293 2352 1347 ob
2405 1293 2765 1347 adventuram
2805 1294 2909 1363 ipsi
2951 1292 3192 1364 Spiritus
3247 1296 3420 1349 sancti

1848 1383 2305 1453 inspirationem;
2339 1384 2414 1438 ita
2447 1393 2506 1438 ut
2545 1399 2645 1439 nos
2683 1383 2956 1455 spirituali
3001 1401 3152 1442 more
3180 1387 3422 1440 membra

1845 1474 2094 1544 corporis
2123 1481 2176 1528 et
2209 1489 2406 1529 sensus
2438 1474 2800 1545 excipiamus,
2829 1477 3031 1546 quibus
3059 1491 3217 1534 mens
3242 1492 3422 1546 quan-

1845 1567 2133 1636 docunque
2165 1565 2400 1621 voluerit
2427 1567 2715 1634 pulsatur;
2751 1568 3064 1638 psalterium
3093 1583 3222 1623 vero
3245 1567 3421 1637 expli-

1844 1673 2033 1714 cemus
2065 1658 2420 1728 incorporeas
2447 1665 2501 1712 et
2531 1659 2891 1716 rationabiles
2931 1659 3127 1714 animo:
3167 1661 3419 1722 virtutes,

1843 1767 1981 1823 quas
2012 1753 2077 1806 ad
2105 1750 2344 1822 Spiritus
2372 1752 2774 1821 susceptionem
2814 1767 3126 1823 praeparans
3155 1751 3230 1806 ait
3256 1769 3271 1807 :
3306 1749 3420 1804 Ea:-

156 1837 336 1907 ληται·
371 1837 672 1910 ψαλτήριον
703 1840 761 1893 δὲ
787 1841 887 1904 τὰς
913 1841 1239 1913 ἀσωμάτους
1264 1843 1358 1897 καὶ
1389 1842 1614 1912 λογικὰς
1639 1842 1727 1913 τῆς

1838 1858 2011 1912 surge,
2041 1842 2352 1911 psalterium
2380 1851 2430 1895 et
2463 1841 2693 1895 cithara.

151 1928 326 1999 ψυχῆς
369 1928 654 2000 δυνάμεις,
691 1930 758 1995 ἃς
798 1931 862 2005 δὴ
905 1932 1335 2004 παρασκευάζων
1374 1935 1456 1999 είς
1501 1934 1604 2005 τὴν
1644 1933 1738 1988 τοῦ
1791 1933 2108 2005 Πνεύματος
2145 1935 2414 2006 ὑποδοχήν
2455 1951 2648 2006 φησιν’
2715 1932 3112 2003 Ἐξετέρθητι,
3181 1929 3419 2002 ψαλτή-

148 2038 279 2090 ριον
304 2021 407 2075 καὶ
439 2022 672 2091 κιθάρα.

227 2118 529 2187 ’Υψώθητι
573 2119 672 2172 ἐπὶ
709 2119 853 2186 τοὺς
890 2121 1208 2190 οὐρανοὺς,
1237 2125 1270 2176 ό
1310 2123 1474 2189 Θεὸς,
1503 2123 1602 2176 καὶ
1630 2122 1732 2176 ἐπὶ

151 2210 351 2264 πᾶσαν
374 2210 498 2279 τὴν
521 2209 641 2280 γῆν
666 2213 704 2281 τ’,
728 2213 878 2277 δόξα
903 2229 1041 2280 σου,
1067 2213 1227 2280 ὅπως
1249 2213 1327 2268 ἂν
1341 2211 1657 2282 ρυσθῶσιν
1677 2218 1730 2270 οἱ

144 2302 444 2371 ἀγαπητοί
471 2319 613 2356 σου.
641 2303 852 2357 Σῶσον
877 2303 952 2373 τῇ
980 2303 1149 2372 δεξιᾷ
1180 2320 1319 2366 σου,
1346 2305 1446 2360 xal
1476 2304 1732 2360 ἐπάκου-

149 2395 258 2446 σόν
285 2410 434 2462 μου.
480 2395 534 2446 '0
582 2394 727 2460 Θεὸς
766 2393 1078 2462 ἐλάλησεν
1117 2395 1187 2448 ὲν
1214 2393 1296 2460 τῷ
1324 2395 1473 2464 ἁγίῳ
1501 2395 1688 2452 αὐτοῦ
1710 2413 1725 2428 ·

156 2485 588 2555 ’Υψωθὴσομαι
627 2485 725 2538 καὶ
753 2485 1030 2556 διαμεριῶ
1059 2487 1294 2557 Σίκιμα,
1329 2487 1429 2540 καὶ
1457 2486 1573 2556 τὴν
1601 2505 1728 2541 κοι-

146 2575 294 2630 λάδα
322 2577 452 2630 τῶν
489 2578 740 2645 σκηνῶν
777 2578 1170 2657 διαμετρήσω.
1209 2579 1458 2633 Ίκετεύω
1492 2580 1585 2633 καὶ
1613 2580 1730 2633 δέο-

149 2686 239 2738 μαι
278 2671 454 2741 τάχος
486 2671 768 2742 ἐπιστῆναι
797 2671 899 2742 τὴν
929 2673 1108 2742 χάριν,
1149 2672 1244 2725 καὶ
1285 2672 1342 2725 σὲ
1383 2671 1476 2725 τὸν
1504 2672 1728 2742 ὕψιστον

144 2761 266 2814 Θεὸν
285 2764 374 2817 τὸν
401 2765 472 2817 ἐν
507 2765 618 2827 τοῖς
644 2763 892 2835 οὐρανοῖς
917 2763 1254 2836 ὑμνούμενον
1277 2763 1608 2836 γνωσθῆναι,
1635 2766 1728 2819 καὶ

142 2853 231 2924 τὴν
271 2855 483 2909 σαυτοῦ
522 2854 678 2920 δόξαν
722 2854 964 2926 φανερὰν
1010 2856 1233 2927 ποιῆσαι
1279 2857 1374 2910 ἐπὶ
1415 2858 1595 2910 πᾶσαν
1626 2856 1726 2928 τὴν

140 2947 252 3016 γῆν.
283 2946 498 3000 Τούτου
529 2947 638 3018 γὰρ
673 2948 990 3019 γενομένου,
1034 2949 1394 3021 ῥυσθήσονται
1425 2951 1474 3002 ol
1507 2951 1727 3022 ἀγαπηρ

137 3039 214 3091 τοί
241 3057 330 3093 σου
359 3042 396 3094 ἀ
416 3041 482 3094 πὸ
508 3040 606 3112 τῆς
633 3043 836 3112 πικρᾶς
864 3041 1108 3106 δουλείας
1137 3041 1231 3095 καὶ¹
1257 3042 1634 3112 αἰχμαλωσίας
1658 3045 1723 3115 ἢν

140 3129 472 3184 πεπόνθασιν
519 3131 823 3204 ὑποχείριοι
865 3131 1170 3202 γενόμενοι.
1211 3131 1423 3186 Σῶσον
1447 3130 1524 3201 τῇ
1555 3131 1725 3200 δεξιᾷ

144 3236 272 3284 σου,
301 3223 397 3276 καὶ
432 3223 934 3293 ἐπάκουσόνμου.
977 3224 1037 3277 '0
1056 3223 1199 3290 Θεὸς
1220 3223 1529 3293 ἐλάλησεν
1552 3223 1622 3278 ἐν
1643 3223 1724 3289 τῷ

1909 2118 2073 2174 Vens.
2111 2118 2145 2173 6
2168 2147 2188 2159 -
2209 2119 2264 2174 8.
2294 2117 2553 2172 Ezaltare
2583 2133 2739 2187 super
2769 2117 2946 2178 caelos,
2979 2115 3142 2180 Deus,
3181 2126 3232 2170 et
3261 2132 3420 2186 super

1836 2229 2040 2267 omnem
2078 2221 2274 2266 terram
2301 2211 2478 2281 gloria
2522 2219 2636 2274 tua,
2667 2221 2725 2264 ut
2765 2208 3054 2264 liberentur
3084 2208 3267 2263 dilecti
3314 2213 3413 2267 tui.

1837 2305 2054 2362 Saluum
2081 2305 2167 2374 [ac
2193 2305 2411 2360 dextera
2439 2315 2551 2368 tua,
2581 2312 2633 2358 et
2668 2303 2863 2358 exaudi
2892 2319 2991 2357 me.
3036 2303 3176 2358 Deus
3207 2303 3415 2359 locutus

1831 2410 1911 2455 est
1939 2402 1993 2454 in
2023 2409 2205 2454 sancto
2235 2415 2332 2453 suo
2355 2413 2374 2450 :
2413 2396 2703 2451 Exaltabor
2736 2405 2785 2450 et
2813 2394 3049 2448 dividam
3080 2395 3336 2459 Sichima,
3363 2404 3416 2452 et

1833 2492 2121 2548 convallem
2146 2489 2610 2545 tabernaculorum
2634 2489 2904 2542 dimetiar.
2929 2487 3170 2542 Obsecro
3201 2503 3418 2558 precor-

1833 2601 1960 2656 que,
1991 2584 2102 2638 cito
2130 2581 2324 2637 adesse
2353 2579 2606 2652 gratiam,
2639 2587 2824 2649 quate
2871 2577 3201 2634 altissimum
3242 2576 3412 2631 Deum

1833 2672 1890 2727 in
1937 2671 2093 2727 caelis
2138 2669 2471 2725 celebratum
2507 2683 2822 2731 noscamus,
2856 2674 2912 2722 et
2957 2666 3128 2736 gloria
3176 2675 3268 2721 tua
3317 2682 3415 2737 per

1832 2777 2046 2816 onmem
2078 2771 2278 2816 terram
2320 2758 2608 2813 manifesta
2639 2757 2918 2812 reddatur.
2955 2755 3069 2811 Hoc
3093 2755 3238 2812 enim
3271 2770 3414 2827 per-

1832 2863 1978 2923 acto,
2003 2853 2188 2909 dilecti
2220 2853 2300 2906 tui
2334 2866 2365 2905 a
2395 2850 2534 2906 dura
2571 2851 2834 2906 servitute
2865 2857 3129 2906 eruentur
3167 2857 3223 2903 et
3253 2865 3284 2902 a
3319 2863 3413 2903 ca-

1831 2946 2074 3017 ptivitate
2093 2960 2200 3016 qua
2218 2943 2428 3000 subacti
2446 2949 2500 2998 et
2519 2943 2701 2995 amicti
2725 2949 2872 2998 sunt.
2891 2939 3108 2996 Salvum
3128 2940 3216 3010 [ac
3235 2939 3413 2995 dexte-

1831 3056 1894 3092 ra
1934 3049 2048 3100 tua,
2071 3046 2120 3092 et
2147 3033 2342 3092 exaudi
2375 3051 2474 3088 me.
2507 3032 2643 3088 Deus
2674 3034 2877 3087 locutus
2906 3042 2984 3087 est
3005 3034 3059 3086 in
3081 3041 3264 3086 sancto
3289 3047 3407 3086 suo.

1829 3129 1965 3196 Quis
2012 3137 2131 3184 erat
2171 3135 2397 3183 sanctus
2444 3125 2536 3180 Dei
2580 3124 2686 3180 nisi
2733 3123 2904 3180 Filius
2945 3123 3282 3194 unigenitus,
3314 3123 3409 3193 qui

1828 3237 1956 3278 vere
1983 3227 2210 3275 sanctus
2239 3226 2293 3274 et
2325 3218 2560 3272 dilectus
2589 3223 2684 3288 \est
2719 3235 2732 3269 :
2765 3231 2861 3285 per
2893 3229 3054 3284 quem
3083 3212 3228 3269 Deus
3273 3213 3409 3283 ipsis

148 3311 280 3378 ἁγίῳ
327 3313 537 3368 αὐτοῦ.
570 3313 665 3376 Τίς
691 3309 760 3384 ἦν
805 3316 834 3367 6
873 3313 1028 3382 ἅγιος
1073 3314 1240 3367 αὐτοῦ
1275 3314 1308 3385 ἢ
1353 3315 1383 3366 6
1427 3312 1722 3385 μονογενὴς

1834 3312 1897 3366 ad
1927 3311 2299 3381 supradictam
2329 3307 2655 3372 orationem,
2683 3321 2804 3374 qua:
2829 3305 2908 3358 sic
2932 3304 3129 3359 habet:
3151 3301 3409 3357 Exaltare

148 3402 292 3468 Παῖς,
325 3407 352 3457 6
394 3405 474 3458 ὢν
520 3404 735 3475 ἀληθῶς
775 3405 930 3474 ἅγιος
967 3405 1060 3458 καὶ
1090 3406 1391 3476 ἀγαπητὸς,
1424 3406 1493 3459 δι’
1531 3399 1592 3460 οὗ
1617 3407 1716 3477 τὴν

1834 3419 1974 3473 super
2003 3402 2179 3467 cwlos,
2217 3400 2382 3464 Deus,
2421 3398 2734 3468 respondet,
2778 3397 3113 3460 Exaltabor;
3160 3395 3230 3450 ad
3273 3395 3409 3450 illud

145 3493 425 3567 ἀπόκρισιν
455 3498 750 3569 ἐποιήσατο
773 3497 910 3570 πρὸς
937 3498 1036 3570 τὴν
1056 3498 1410 3554 ἀποδοθεῖσαν
1438 3500 1602 3572 εὐχὴν
1625 3501 1723 3553 αύ-

1834 3515 1999 3553 vero:
2035 3496 2099 3549 Et
2145 3511 2300 3564 super
2341 3509 2545 3548 omnem
2599 3502 2796 3547 terram
2842 3491 3016 3562 gloria
3053 3499 3167 3554 tua,
3213 3505 3409 3546 rursus

145 3589 247 3650 τοῖς
275 3591 302 3642 6
329 3589 497 3654 Θεός·
531 3590 666 3661 πρὸς
699 3592 797 3662 μὲν
832 3589 930 3644 οὖν
967 3591 1067 3663 τὴν
1109 3591 1274 3663 εὐχὴν
1309 3592 1408 3664 τὴν
1435 3595 1717 3662 ιρήσασαν⁸

1834 3598 2192 3660 congruenter
2233 3587 2448 3658 reponit
2490 3585 2560 3640 ab
2608 3586 2694 3638 his
2726 3585 2910 3640 verbis
2964 3604 2977 3639 :
3025 3583 3322 3637 Eaaltabor
3356 3590 3408 3637 et

156 3678 441 3750 Ὑψώθητι
468 3682 568 3735 ἐπὶ
588 3683 731 3750 τοὺς
764 3682 1082 3750 οὐρανοὺς,
1115 3685 1148 3736 ὁ
1178 3682 1344 3748 Θεὸς,
1367 3683 1722 3752 ἀποκρίνεται

1834 3681 2057 3736 dividam
2087 3679 2341 3739 Sichima,
2368 3687 2417 3732 et
2439 3676 2725 3730 convallem
2753 3674 3212 3729 tabernaculorum
3243 3673 3406 3727 dime-

146 3768 324 3837 λέγων,
363 3772 813 3842 ⁸Υψωθήσομαι,
847 3772 982 3843 πρὸς
1009 3772 1068 3824 δὲ
1110 3771 1202 3824 τό’
1237 3773 1348 3826 Kal
1382 3773 1479 3825 ἐπὶ
1516 3772 1722 3829 πᾶσαν

144 3860 250 3929 τὴν
285 3863 402 3934 γῆν
447 3867 488 3932 ἡ
532 3863 682 3930 δόξα
716 3880 854 3927 σου,
889 3862 1049 3917 πάλιν
1088 3862 1439 3933 ἀποκρίνεται
1480 3863 1550 3917 τὰ
1590 3865 1721 3917 ἀκό-

144 3948 295 4005 λουθα
322 3955 430 4008 ἀπὸ
473 3952 588 4017 τοῦ,
629 3950 1046 4021 Ὑψωθήσομαι
1069 3949 1168 4003 καὶ
1192 3949 1467 4019 διαμεριῶ
1486 3951 1720 4030 Σίκιμα,

143 4043 232 4097 καὶ
256 4045 367 4112 τὴν
395 4044 649 4100 κοιλάδα
668 4043 787 4097 τῶν
811 4040 1058 4111 σκηνῶν
1082 4040 1476 4111 διαμετρήσω.
1503 4042 1720 4113 Ταύτην

142 4133 329 4199 τοίνυν,
365 4135 522 4208 φησὶ,
557 4136 656 4205 τὴν
698 4134 941 4198 κοιλάδα,
970 4133 1217 4186 τουτέστι
1246 4133 1427 4185 πᾶσαν
1471 4131 1569 4202 τὴν
1609 4131 1718 4185 τῶν

141 4224 432 4298 ἀνθρώπων
453 4229 600 4280 οἱκου
609 4227 796 4298 μένην,
815 4228 894 4288 εἰς
918 4225 1122 4311 σκηνας
1143 4225 1510 4295 διαμετρήσω,
1529 4223 1718 4295 ὥσπερ

1825 3776 1951 3828 tiar.
1992 3771 2163 3833 Hanc,
2197 3772 2396 3842 inquit,
2426 3769 2752 3832 convallem,
2777 3768 2830 3823 id
2857 3775 2942 3822 est
2969 3766 3284 3822 universum
3315 3781 3405 3820 or-

1827 3865 1971 3927 bem,
2007 3862 2061 3916 in
2096 3862 2453 3917 tabernacula
2509 3859 2784 3923 dimetiar,
2839 3858 2996 3928 quasi
3049 3858 3168 3911 loca
3213 3872 3404 3912 eorum

1827 3955 2058 4009 metiens
2081 3963 2136 4008 et
2164 3953 2516 4017 describens;
2547 3951 2784 4006 dividam
2837 3949 2893 4004 in
2920 3949 3271 4004 tabernacula
3310 3963 3405 4019 per

1826 4047 2072 4118 singulas
2098 4045 2370 4110 civitates,
2400 4053 2455 4100 et
2494 4043 2750 4113 regiones
2773 4050 2826 4097 et
2850 4041 3001 4096 vicos
3029 4059 3042 4096 :
3066 4056 3131 4095 ac
3157 4056 3402 4106 rursum,

1825 4137 2178 4192 tabernacula
2225 4137 2357 4191 mihi
2403 4135 2720 4202 dimetiens,
2767 4149 2833 4189 ac
2890 4149 2987 4204 per
3039 4132 3158 4187 loca
3211 4131 3402 4188 distri-

1823 4228 2031 4296 buens;
2069 4229 2122 4284 id
2147 4238 2233 4284 est
2261 4229 2546 4282 universas
2577 4243 2674 4297 per
2713 4227 2901 4282 orbem
2933 4224 3226 4281 Ecclesias.

141 4319 493 4392 χωρομετρῶν
544 4317 638 4372 καὶ
682 4318 1050 4389 καταγράφων
1102 4314 1329 4380 αὐτούς’
1370 4316 1718 4389 διαμετρήσω
1750 4321 1830 4384 εἰς
1861 4321 2065 4391 σκηνὰς
2093 4320 2237 4375 κατὰ
2268 4321 2445 4374 πᾶσαν
2468 4318 2642 4383 πόλιν,
2669 4320 2763 4373 καὶ
2811 4318 2993 4390 χώραν
3039 4319 3133 4372 καὶ
3175 4315 3398 4388 κώμην·

141 4411 227 4464 καὶ
260 4415 444 4481 πάλιν,
494 4413 698 4484 σκηνὰς
734 4413 957 4484 ἐμαυτῷ
994 4413 1301 4483 διαμετρῶν
1345 4414 1436 4466 καὶ
1468 4416 1854 4488 χωρομετρῶν,
1879 4417 2126 4470 τουτέστι
2153 4416 2253 4480 τὰς
2279 4413 2592 4485 ἁπανταχοῦ
2627 4414 2973 4484 Ἐκκλησίας.

217 4529 390 4600 Ἐμός
419 4533 550 4587 ἐστι
571 4531 842 4596 Γαλαὰδ,
873 4532 971 4586 καὶ
990 4533 1144 4602 ’ἐμός
1180 4533 1310 4586 ἐστι
1343 4535 1715 4602 Μανασσῆς·

1899 4536 2065 4592 Vens.
2111 4539 2166 4601 9,
2208 4537 2296 4592 l0.
2332 4535 2482 4592 Meus
2511 4546 2588 4590 est
2625 4533 2854 4597 Galaad,
2889 4543 2938 4586 et
2985 4547 3129 4585 meus
3161 4539 3240 4585 est
3281 4528 3400 4584 Ha-

138 4619 229 4672 καὶ
273 4624 517 4693 Ἐφραὶμ
557 4625 886 4691 ἀντίληψις
925 4621 1353 4694 τῆςεκεεεαλῆς
1391 4645 1533 4696 μου.
1576 4629 1714 4684 Ἰού-

137 4708 238 4776 δας
292 4716 596 4783 βασιλεὺς
652 4734 803 4786 μου.
855 4716 1038 4770 Μωὰὅ
1083 4717 1266 4785 λέϐης
1313 4716 1423 4785 τῆς
1468 4721 1716 4789 ἐλπίδος

132 4817 262 4866 μου.
309 4807 523 4878 Ἐπειδὴ
565 4806 803 4879 Ἐφραῗμ
836 4809 931 4862 καὶ
960 4808 1257 4880 Μανασσῆς
1291 4810 1397 4862 υἱοὶ
1426 4813 1714 4880 γεγόνασιν

147 4891 356 4966 Ἰωσὴφ,
396 4901 658 4970 κατέσχον
701 4899 758 4953 δὲ
800 4902 850 4953 οἱ
899 4901 964 4954 ὲκ
1003 4901 1208 4954 τούτων
1238 4901 1340 4973 τὴν
1372 4903 1712 4977 καλουμένην

135 4984 310 5056 χώραν
341 4991 574 5058 Γαλαὰδ,
627 4993 721 5045 καὶ
763 4993 862 5066 τὴν
899 4995 1079 5066 Συχὲμ
1112 4995 1205 5050 καὶ
1237 4996 1338 5068 τὴν
1369 4997 1710 5070 Σαμάρειαν,

134 5072 255 5131 ἔνθα
271 5081 332 5134 τὸ
357 5082 627 5152 βασίλειον
650 5087 990 5158 συνειστήκει
1018 5086 1110 5140 τοῦ
1158 5088 1374 5160 Ἰσραήλ
1394 5105 1408 5120 ⁸
1441 5091 1530 5144 διὰ
1552 5091 1712 5146 τοῦτο

132 5164 316 5224 ἑαυτοῦ
347 5192 511 5246 φησιν
545 5173 684 5231 εἶναι
719 5178 811 5231 καὶ
835 5178 1076 5244 τούτους,
1113 5181 1204 5234 τὸν
1232 5181 1290 5234 δὲ
1320 5181 1560 5254 Ἐφραῒμ
1591 5187 1710 5237 κατ’

132 5256 400 5332 ὲε’ξίῑίρετον
423 5271 513 5324 διὰ
539 5271 638 5343 τὴν
660 5271 720 5338 ἐξ
752 5269 916 5324 αὑτοῦ
946 5275 1220 5327 συστᾶσαν
1249 5274 1548 5345 βασιλείαν,
1581 5294 1711 5346 κρα·

129 5349 341 5406 ταίωσιν
375 5358 633 5432 ὀνομάζει
660 5363 760 5434 τῆς
799 5363 1039 5433 κεφαλῆς
1068 5365 1285 5420 ἑαυτοῦ.
1342 5367 1572 5434 Ἰούδας
1592 5370 1711 5432 ,Βα-

125 5441 331 5529 (ίῖίλεύς
359 5465 507 5515 μου,
545 5455 716 5506 Μοὰϐ
747 5453 930 5520 λέϐης
978 5452 1090 5523 τῆς
1131 5456 1379 5524 ἐλπίδος
1414 5477 1553 5529 μου,
1605 5461 1709 5513 Τὸν

135 5523 328 5587 Ἰούδαν
372 5539 602 5607 βασιλέα
631 5544 822 5598 ἑαυτοῦ
862 5541 1020 5608 εἶναι,
1054 5546 1221 5615 λέγει.
1254 5523 1525 5622 Πρόδηλον
1550 5551 1605 5604 δὲ
1629 5551 1709 5604 ὅτι

128 5622 260 5674 κατὰ
283 5628 373 5681 τὸν
417 5635 744 5692 ’Λπόστολον
777 5639 834 5707 ἐξ
880 5639 1048 5694 Ἰούδα
1075 5641 1438 5698 ἀνατέταλκεν
1461 5645 1489 5698 6
1515 5643 1706 5715 Σωτὴρ

197 5777 240 5808 ⁸³
281 5781 474 5844 Matth.
516 5809 564 5854 v,
601 5793 651 5848 8.

1821 4647 2003 4685 nasses
2030 4646 2048 4683 :
2075 4639 2124 4683 et
2150 4628 2406 4698 Ephraim
2432 4628 2692 4697 susceptio
2718 4626 2910 4694 capitis
2951 4624 3071 4678 mei.
3113 4622 3261 4676 Juda
3307 4639 3400 4677 rea:

1823 4739 1990 4784 meus,
2032 4720 2190 4775 Moab
2244 4702 2380 4774 lebes
2426 4719 2534 4787 spei
2576 4733 2722 4771 meae.
2753 4715 3022 4782 Quoniam
3061 4711 3317 4784 Ephraim
3346 4721 3402 4768 et

1824 4813 2104 4870 Manasses
2135 4813 2228 4868 lilii
2280 4812 2486 4882 Joseph
2537 4810 2811 4872 feruntur,
2859 4821 3162 4876 eorumque
3196 4806 3399 4876 posteri

1819 4908 2119 4978 regionem,
2167 4922 2289 4975 qua:
2331 4905 2535 4978 Galaad
2585 4901 2904 4961 vocabatur,
2952 4907 3312 4968 occuparunt,
3347 4905 3402 4952 et

1821 4975 2053 5070 Syehem
2088 5005 2142 5053 et
2169 4975 2496 5061 Samariam,
2525 4994 2615 5049 ubi
2660 4993 2807 5065 regia
2839 4991 3055 5047 lsraelis
3099 5000 3247 5049 erat;
3277 4989 3401 5044 ideo

1817 5092 1941 5145 illos
1979 5106 2111 5145 suos
2151 5105 2275 5145 esse
2303 5087 2458 5151 dicit,
2489 5101 2554 5140 ac
2595 5085 2850 5156 Ephraim
2887 5082 3015 5153 quia
3049 5097 3113 5137 ex
3159 5081 3282 5152 ipso
3314 5096 3401 5134 re-

1816 5197 1982 5252 gnum
2007 5181 2320 5245 constabat,
2351 5177 2726 5233 fortitudinem
2751 5176 2948 5246 capitis
2971 5175 3054 5230 sui
3093 5189 3193 5246 per
3216 5171 3397 5228 excel-

1819 5275 2038 5329 lentiam
2069 5280 2247 5326 vocat.
2274 5270 2309 5325 Ι
2316 5271 2422 5325 uda
2446 5286 2537 5324 rea:
2562 5286 2727 5335 meus,
2758 5267 2919 5323 Moab
2944 5267 3080 5322 lebes
3109 5267 3217 5336 spei
3245 5282 3394 5320 metu.

1814 5363 2010 5419 Iudam
2052 5379 2232 5433 regem
2264 5377 2386 5418 esse
2415 5377 2573 5417 suum
2606 5361 2759 5417 dicit.
2825 5359 3170 5415 Manifestum
3213 5366 3394 5413 autem

1814 5467 1898 5513 est
1930 5459 2227 5512 secundum
2263 5455 2605 5524 Apostolum,
2653 5453 2991 5507 Salvatorem
3020 5462 3075 5506 ct
3104 5449 3392 5506 Dominum

1816 5558 2064 5606 nostrum
2103 5547 2288 5603 Jesum
2320 5547 2598 5602 Christum
2636 5553 2889 5601 exortum
2919 5559 3044 5601 esse
3074 5559 3142 5600 cx
3169 5540 3332 5609 Juda,
3362 5559 3390 5596 ει

1817 5657 1924 5713 quo
1974 5641 2182 5713 regium
2234 5655 2408 5711 genus
2464 5638 2825 5694 constitutum
2859 5644 2964 5694 est.
3017 5641 3076 5693 In
3121 5637 3208 5694 his
3260 5637 3390 5692 item
