3868 6282
193 307 334 364 1555

1289 307 1790 363 COMMENTARIA
1825 307 1889 362 IN
1929 309 2269 368 PSALMOS.

3299 289 3469 376 153t'

193 424 296 494 μὶν
334 422 564 486 Ἀκύλας
595 423 778 492 φησὶν,
827 422 956 476 Ἐπὶ
1000 423 1400 489 Φυλισταίους
1431 438 1762 490 συνεταιρι-

1875 425 2064 491 editio,
2117 428 2264 496 apud
2309 429 2602 501 allophylos
2652 432 2982 498 honorabor;
3051 434 3439 507 quinquagesi-

189 511 495 581 σθήσομαι
515 529 527 543 ·
569 514 601 582 ἡ
626 511 683 563 δὲ
709 513 930 583 πέμπτη
946 511 1176 574 ἔκδοσις,
1210 511 1332 562 Ἐπὶ
1350 512 1488 578 τοὺς
1503 513 1764 581 ἀλλοφύ-

187 602 342 665 λους
369 601 836 671 ὲντιμωθήσομαι
856 618 868 631 ·
903 604 930 654 ὁ
957 601 1015 654 δὲ
1045 601 1118 655 νθ¹
1141 601 1371 673 ψαλμὺς,
1415 602 1567 671 Ἐμοὶ
1586 603 1766 656 ἀλλό-

189 697 374 758 φυλοι
412 692 817 762 ὑπετάγησαν.
876 690 1131 757 Γνώσεως
1175 693 1232 745 δὲ
1275 692 1409 746 Θεοῦ
1461 695 1554 746 καὶ
1585 693 1765 764 φιλίας

189 786 288 837 καὶ
329 787 600 856 ἑταιρείας
644 785 736 838 καὶ
790 785 1012 854 ἀγάπης
1059 788 1280 856 σημεῖον
1328 784 1386 838 τὸ
1430 787 1766 856 ὑποταγῆναι

190 875 343 947 αὑτῴ
371 878 494 940 τοὺς
535 876 701 930 πάλαι
743 876 1167 940 ἀνυποτάκτους,
1193 874 1289 928 καὶ
1327 875 1638 946 ἀλλοτρίους
1672 877 1768 946 μὲν

191 968 289 1022 τοῦ
333 968 490 1034 Θεοῦ,
525 969 865 1040 ὑποχειρίους
896 967 953 1021 δὲ
974 967 1189 1038 δαίμοσι
1216 971 1487 1040 πονηροῖς.

335 1081 444 1134 ΕΙΣ
464 1081 552 1133 ΤΟ
585 1081 1124 1148 ΤΕΛΟΣ,ΨΑΛΜΟΣ
1150 1081 1234 1150 Τῼ
1247 1081 1463 1137 ΔΑΥΙΔ.
1499 1078 1626 1134 PH'.

271 1171 327 1222 Ὁ
363 1171 526 1236 Θεὸς,
568 1171 682 1237 τὴν·
729 1171 965 1226 αίνεσίν
990 1189 1110 1240 μου
1149 1171 1236 1240 μὴ
1267 1169 1763 1241 παρασιωπήσῃς⁶
1811 1188 1816 1195 ·

187 1263 282 1316 ὅτι
324 1267 518 1334 στόμα
562 1263 912 1334 ἁμαρτωλοῦ
942 1263 1040 1316 καὶ
1076 1264 1270 1332 στόμα
1310 1262 1518 1317 δολίου
1547 1262 1638 1315 ἐπ’
1663 1262 1768 1332 ἐμὲ

183 1354 467 1423 ἠνοίχθη.
523 1352 866 1421 Ἐλὰλησιιν
913 1352 1037 1405 κατ’
1098 1351 1244 1422 ἐμοῦ
1272 1350 1518 1421 γλώσσῃ
1571 1350 1765 1420 δολίᾳ,

185 1443 290 1497 καὶ
313 1446 516 1513 λόγοις
524 1444 748 1512 μίσους
763 1443 1122 1496 ἐκύκλωσαν
1142 1459 1240 1512 με,
1260 1442 1356 1495 καὶ
1381 1440 1769 1512 ἐπολέμησάν

182 1555 259 1605 με
311 1535 555 1606 δωρεάν.
615 1534 867 1606 Συνήθως
891 1535 985 1587 καὶ
1010 1536 1066 1587 ἐν
1086 1534 1259 1605 τούτῳ
1283 1535 1402 1587 ἀντὶ
1425 1533 1542 1597 τοῦ,
1584 1538 1670 1599 εὶς
1702 1543 1766 1586 το

183 1627 386 1692 τέλος,
417 1628 470 1683 ·ὁ
525 1628 620 1698 μὲν
663 1625 912 1694 Ἀκύλας,
961 1625 1041 1690 τῷ
1078 1623 1381 1690 νικοποιῷ,
1434 1625 1726 1678 ἐκδέδωκεν
1749 1641 1764 1653 ⁸

182 1722 212 1772 ὁ
268 1720 329 1774 δὲ
373 1719 668 1790 Σύμμαχος
717 1719 1014 1772 ἐπινίκιον
1073 1716 1292 1788 εἴρηκε·
1355 1719 1637 1787 μονονουχὶ
1692 1717 1770 1769 δι·-

183 1811 480 1874 δάσκοντος
514 1813 660 1884 ἡμᾶς
684 1809 778 1865 τοῦ
801 1810 959 1878 ἁγίου
981 1808 1120 1862 Πνεὺ
1129 1825 1316 1879 ματος,
1345 1810 1426 1862 ὅτι
1453 1808 1517 1879 δὴ
1539 1809 1629 1862 ἐπὶ
1657 1811 1771 1871 τοίς
1803 1792 1843 1846 Β

182 1903 478 1966 ἐπινικίοις
503 1902 595 1956 τοῦ
632 1901 881 1972 Σωτῆρος
917 1900 1093 1972 ἡμῶν,
1129 1900 1223 1953 καὶ
1258 1902 1370 1963 τοῖς
1395 1902 1536 1952 κατὰ
1558 1899 1651 1954 τοῦ
1677 1898 1771 1951 θα-

181 1996 349 2049 νάτου
402 1994 709 2067 τροπαίοις,
751 1995 842 2047 καὶ
875 1994 975 2058 τὰς
1006 1993 1284 2062 παρούσας
1315 1992 1496 2062 φωνὰς
1535 1993 1770 2059 ἐγκατα-

181 2086 367 2154 λέγειν
398 2086 688 2156 προσήκει,
715 2086 772 2138 ἐν
806 2078 934 2146 αἷςὸ
952 2082 1289 2154 ἀνθρώπινος
1304 2081 1469 2135 αὑτοῦ
1499 2080 1770 2150 παρίστα-

180 2193 276 2228 ται
304 2175 438 2245 βίος,
473 2175 567 2228 καὶ
601 2176 633 2243 ἡ
677 2173 922 2244 ὑπομονὴ
958 2173 1064 2226 τῶν
1105 2172 1463 2242 παθημάτων.
1519 2172 1572 2224 Ὁ
1605 2171 1771 2237 Θεὸς,

181 2267 304 2336 τὴν
329 2268 573 2324 αἴγεσιν
605 2285 724 2336 μου
756 2267 843 2335 μὴ
884 2264 1397 2334 παρασιωπήσῃςο
1444 2264 1535 2318 ὅτι
1577 2266 1772 2335 στόμα

179 2359 538 2429 ἀμαρτωλοῦ
592 2357 691 2411 καὶ
741 2359 936 2427 στόμα
967 2357 1176 2411 δολίου
1222 2356 1315 2409 ἐπ’
1347 2355 1452 2425 ἐμὲ
1493 2355 1766 2424 ἠνοίχθη.

193 2451 545 2519 Ἐλάλησαν
595 2454 722 2505 κατ’
750 2451 896 2521 ἐμοῦ
923 2449 1171 2521 γλώσσῃ
1199 2449 1394 2516 δολία,
1429 2447 1528 2502 καὶ
1566 2450 1772 2518 λόγοις

180 2541 406 2609 μίσους,
441 2540 800 2596 ἐκύκλωσὰν
831 2559 922 2611 με,
972 2541 1069 2595 καὶ
1113 2539 1503 2610 ἐπολέμησάν
1545 2558 1620 2610 με
1661 2541 1771 2593 δω-

179 2631 353 2700 ρεάν.
408 2633 464 2685 ’0
527 2633 719 2703 παρὼν
775 2634 986 2705 ψαλμὺς
1037 2633 1364 2705 ἀναφέρεται
1414 2635 1494 2696 εἰς
1555 2632 1769 2704 πρόσω-

181 2741 289 2776 πον
337 2723 430 2776 τοῦ
488 2723 748 2794 Χριστοῦ,
777 2723 1030 2795 τὰπάθη
1085 2723 1355 2794 περιέχων
1405 2722 1772 2792 αὑτοῦ.Μαρ-

181 2818 343 2886 τυρεῖ
387 2815 444 2867 δὲ
480 2815 558 2885 τῷ
586 2815 728 2884 λόγῳ
759 2817 792 2886 ή
819 2814 1011 2886 Γραφὴ
1041 2814 1150 2868 τῶν
1183 2814 1444 2884 Πράξεων
1498 2813 1604 2867 τῶν
1637 2814 1772 2866 ἁπο-

184 2906 414 2967 στόλων.
467 2903 594 2958 ἔνθα
643 2907 671 2958 ὁ
714 2905 936 2974 Πέτρος,
978 2905 1077 2976 τῆς
1117 2902 1212 2957 τοῦ
1269 2903 1527 2976 προδότου
1601 2903 1771 2956 Ἰούδα

181 2994 516 3058 ἐκπτώσεως
570 2995 947 3066 μνημονεύσας
983 3034 998 3057 ,
1071 2993 1165 3046 καὶ
1208 2993 1541 3064 παραινέσας
1585 2992 1770 3065 ἕτερον

181 3087 299 3140 δεῖν
344 3086 757 3158 παραληφθῆναι
791 3087 871 3150 εἰς
927 3085 1020 3138 τὸν
1047 3083 1156 3139 τῶν
1197 3084 1262 3154 ιβ’
1305 3084 1615 3138 ἀποστόλων
1659 3087 1772 3157 ἀρι-

185 3178 347 3251 θμὸν,
401 3179 674 3250 μαρτυρίᾳ
729 3179 991 3250 κέχρηται
1050 3180 1360 3249 προφητικῇ
1409 3177 1566 3249 ἐντῷ
1632 3196 1769 3250 προ-

182 3270 430 3340 κειμένῳ
470 3270 671 3342 ψαλμῷ
720 3269 1005 3341 φασκούσῃ
1029 3286 1045 3300 ο
1072 3268 1392 3337 Γενηθήτω
1429 3270 1468 3338 ἠ
1519 3269 1775 3337 ἔπαυλις

182 3363 374 3418 αὐτοῦ
409 3363 647 3434 ἕρημος,
689 3363 790 3416 καὶ
812 3362 897 3432 μὴ
926 3364 1082 3416 ἔστω
1113 3366 1147 3417 ό
1185 3361 1474 3417 κατοικῶν
1495 3363 1566 3416 ἐν
1595 3363 1770 3432 αὐτῇ,

184 3454 289 3510 καὶ
338 3454 452 3523 τὴν
494 3453 837 3523 ἐπισκοπὴν
900 3455 1083 3508 αὑτοῦ
1133 3453 1306 3508 λάϐοι
1351 3454 1578 3523 ἕτερος·
1632 3454 1774 3509 ὥστε

184 3547 338 3600 κατὰ.
361 3547 460 3618 τὴν
518 3547 726 3619 Πέτρου
779 3545 1127 3602 διδασκαλίαν
1171 3547 1300 3616 περὶ
1341 3546 1436 3600 τοῦ
1477 3547 1648 3601 Ἰούδα
1677 3548 1774 3600 αὑ-

183 3639 286 3710 τὴν
346 3637 548 3710 ταύτην
602 3639 852 3711 εἰρῆσθαι
874 3639 970 3709 τὴν
1000 3637 1204 3708 φωνὴν,
1239 3640 1332 3692 καὶ
1366 3639 1464 3702 τὰς
1492 3639 1684 3703 λοιπὰς
1714 3641 1772 3691 ἐν

184 3729 267 3800 τῷ
291 3729 490 3802 ψαλμῷ
517 3729 844 3800 φερομένας.
888 3731 946 3783 '0
973 3731 1152 3783 τοίνυν
1178 3729 1368 3800 Σωτὴρ
1398 3729 1486 3782 διὰ
1507 3730 1614 3784 τῶν
1640 3747 1772 3803 προ-

185 3821 457 3892 κειμένων
487 3822 787 3892 ἀρχόμενος
817 3821 1196 3893 ἀνθρωπίνως,
1242 3820 1318 3884 ὡς
1356 3820 1643 3892 γενόμενος
1680 3821 1772 3874 ἄν·

188 3914 430 3986 θρωπος,
483 3914 671 3985 μείνας
699 3914 756 3966 δὲ
789 3913 942 3977 Θεὸς,
983 3912 1119 3983 ὅπερ
1149 3908 1236 3983 ἦν,
1269 3912 1500 3965 ἱκετεύει
1525 3913 1616 3965 τὸν
1654 3914 1774 3965 ἐαυ-

189 4005 288 4060 τοῦ
322 4006 540 4078 Πατέρα
568 4005 642 4076 μὴ
682 4004 1022 4077 κατορθῶσαι
1051 4004 1177 4069 τοὺς
1217 4003 1664 4067 ἐπιϐουλεύοντας
1702 4009 1770 4077 τῇ

191 4097 392 4154 ἑαυτοῦ
447 4099 672 4169 σπουδῇ.
726 4097 936 4168 Σπουδὴ
973 4097 1032 4150 δὲ
1077 4094 1242 4150 αὑτοῦ
1291 4097 1441 4150 πᾶσα
1481 4092 1549 4168 ἦν
1580 4096 1770 4151 σϐέσαι

193 4184 296 4256 μὲν
327 4185 385 4249 ἐξ
423 4184 724 4257 ἀνθρώπων
763 4186 944 4238 πᾶσαν
985 4185 1446 4255 εἰδωλολατρείαν,
1479 4187 1681 4240 αίνεσιν
1715 4188 1771 4241 δὲ

77 4308 82 4313 ι
191 4273 268 4346 τῷ
302 4277 480 4346 Πατρὶ
510 4276 954 4348 καταστήσασθαι
989 4277 1082 4329 ἐπὶ
1126 4275 1226 4346 τῆς
1254 4279 1356 4348 γῆς
1375 4293 1390 4306 ο
1420 4277 1448 4329 ὃ
1484 4277 1548 4350 δὴ
1574 4280 1631 4331 ὲν
1658 4278 1790 4330 ἑτέ--

196 4385 308 4440 ροις
355 4367 595 4424 διδάσκει
661 4367 865 4436 λέγων’
920 4367 1250 4438 Ἀπαγγελῶ
1301 4369 1367 4422 τὸ
1419 4369 1604 4440 ὄνομα
1653 4387 1770 4426 σου

193 4458 318 4523 τοῖς
348 4458 632 4528 ἀδελφοῖς
658 4476 794 4527 μου,
827 4459 896 4511 ἐν
919 4459 1098 4527 μέσφ’
1127 4461 1487 4527 Ἐκκλησίας
1517 4462 1768 4532 ὑμνήσω
1801 4470 1846 4524 ι)

194 4565 288 4604 σε.
317 4551 377 4604 Oi
399 4550 456 4602 δὲ
486 4551 564 4614 εἰς
586 4550 810 4604 θάνατον
837 4550 985 4620 αὑτῷ
1010 4550 1451 4615 ἐπιϐουλεύοντες
1478 4556 1772 4624 κατασιγά-

196 4658 288 4697 σαι
313 4643 516 4712 ταύτην
539 4643 708 4713 αὑτὴν
725 4642 823 4714 τὴν
844 4643 1047 4696 αίνεσιν
1063 4644 1157 4696 καὶ
1171 4645 1590 4715 κατασιωπῆσαι
1615 4663 1773 4700 σπου-

196 4735 292 4809 δὴν
318 4736 620 4791 ἐποιοῦντο.
663 4735 825 4788 Ἀλλά
876 4737 962 4800 σὺ,
988 4736 1172 4806 φησὶν,
1218 4731 1264 4788 ὦ
1300 4735 1503 4809 Πάτερ,
1533 4737 1608 4808 μὴ
1640 4755 1770 4808 συγ-

198 4831 450 4902 χωρήσῃς
473 4826 923 4898 ἀποσιωπηθῆναι
937 4827 1038 4896 τὴν
1062 4825 1267 4880 αῖνεσίν
1293 4844 1417 4896 μου,
1442 4827 1539 4898 τὴν
1572 4831 1652 4891 είς
1671 4831 1770 4900 τὴν

198 4917 295 4989 σὴν
346 4917 510 4989 τιμὴν
563 4918 667 4974 καὶ,
699 4917 854 4983 δόξαν
899 4917 1356 4988 σπουδαζομένην.
1409 4920 1536 4971 ’Ότι
1576 4923 1770 4990 στόμα

198 5005 547 5077 ἀμαρτωλοῦ
607 5005 705 5059 καὶ
747 5009 942 5076 στόμα
977 5007 1185 5061 δολίου
1215 5006 1309 5059 ἐπ’
1341 5007 1445 5076 ἐμὲ
1490 5008 1762 5078 ἠνοίχθη.

1872 532 1993 570 mus
2043 533 2173 572 vero
2221 535 2401 573 nonus
2451 524 2694 591 psalmus
2729 524 2908 586 habet,
2971 523 3106 578 Mihi
3136 525 3441 596 alienigenae

1871 609 2068 662 subditi
2101 621 2244 666 sunt.
2278 611 2492 668 Notitiaa
2521 631 2652 670 vero
2677 615 2765 670 Dei
2812 627 2867 669 et
2897 616 3151 672 amicitia:
3183 624 3236 671 et
3269 619 3442 672 socie-

1871 703 1999 757 tatis
2027 711 2080 758 et
2111 703 2422 759 dilectionis
2457 707 2670 776 signum
2701 715 2802 771 est,
2831 709 2930 777 ipsi
2963 709 3160 778 subjici
3201 723 3319 772 eos,
3346 710 3439 779 qui

1871 795 1998 847 olim
2058 795 2481 866 inobsequentes
2515 809 2568 853 et
2615 797 2722 854 Deo
2755 801 2914 853 aliem
2941 809 3116 867 erant,
3149 801 3442 872 pravisque

1871 886 2210 942 daemonibus
2237 887 2462 942 subditi.

1965 1085 2013 1137 i.
2050 1083 2115 1138 IN
2144 1083 2707 1148 FI’NEM,PSALMUS
2738 1083 2862 1138 IPSI
2899 1083 3121 1140 DAVII).
3155 1085 3334 1142 CVIII.

1944 1173 2110 1231 Vens.
2142 1175 2196 1242 2,
2227 1177 2280 1230 5.
2317 1176 2478 1240 Deus,
2506 1176 2717 1230 laudem
2746 1194 2914 1231 meam
2949 1194 3010 1230 ne
3043 1177 3291 1240 tacueris,
3316 1177 3440 1246 quia

1872 1281 1928 1318 os
1957 1267 2244 1332 peccatoris
2278 1275 2326 1319 et
2364 1283 2420 1322 os
2453 1266 2626 1321 dolosi
2659 1283 2812 1334 super
2842 1284 2919 1320 me
2952 1278 3186 1335 apertum
3211 1277 3306 1319 est.
3337 1266 3444 1318 Lo-

1873 1359 1979 1409 cuti
2007 1366 2125 1410 sunt
2161 1358 2436 1412 adversum
2470 1375 2551 1412 me
2586 1358 2766 1429 lingua
2802 1359 3007 1422 dolosa,
3037 1367 3084 1412 et
3117 1357 3441 1411 sermonibus

1874 1447 1983 1501 odii
2018 1447 2468 1503 circumdederunt
2499 1466 2598 1513 me,
2623 1460 2672 1504 et
2696 1459 3114 1520 oppugnaverunt
3144 1466 3224 1502 me
3251 1449 3438 1518 gratis.

1874 1538 1931 1593 In
1971 1540 2073 1594 hoc
2100 1541 2228 1594 item
2252 1541 2319 1595 de
2345 1556 2498 1596 more
2525 1557 2624 1612 pro
2656 1542 2768 1604 illo,
2800 1543 2852 1594 in
2889 1543 3067 1610 ﬁnem,
3101 1540 3298 1611 Aquila
3321 1581 3337 1602 ,
3365 1542 3442 1592 vi-

1873 1636 2055 1687 ctoriw
2096 1634 2320 1696 auctori,
2359 1632 2719 1703 Symmachus
2746 1649 2896 1698 vero,
2935 1633 3268 1702 triumphale,
3321 1632 3442 1687 edi-

1874 1709 1973 1778 di't.
2005 1726 2208 1796 Spiritu
2267 1736 2455 1780 saneto
2509 1733 2723 1781 tantum
2782 1741 2890 1780 non
2949 1726 3182 1780 docente
3221 1741 3344 1790 nos,
3387 1726 3443 1778 in

1873 1814 2292 1884 triumphalibus
2319 1815 2620 1871 Salvatoris
2653 1816 2829 1870 nostri
2850 1823 2903 1870 et
2921 1816 3138 1885 trepzeis
3176 1814 3244 1868 de
3272 1821 3445 1868 morte

1872 1908 2064 1979 partis,
2114 1908 2212 1962 has
2264 1923 2422 1963 voces
2475 1907 2722 1978 proferre
2760 1907 2978 1972 debere,
3011 1909 3065 1962 in
3109 1908 3310 1979 quibus
3345 1907 3444 1959 lm-

1872 2017 2032 2056 mana
2063 2001 2184 2070 ejus
2206 2000 2314 2055 vita
2337 2010 2392 2056 et
2423 2001 2715 2056 tolerantia
2738 2003 3081 2057 cruciatuum
3108 2000 3442 2056 declaratur.

1871 2089 2034 2156 Deus,
2061 2088 2272 2142 laudem
2318 2105 2487 2143 meam
2517 2105 2579 2142 ne
2626 2091 2853 2142 tacueris
2877 2133 2891 2152 ,
2926 2089 3052 2158 quia
3075 2103 3130 2141 os
3156 2085 3443 2156 peccatoris

1870 2190 1919 2234 et
1949 2197 2006 2234 os
2040 2179 2212 2234 dolosi
2237 2196 2393 2247 super
2425 2197 2504 2235 me
2536 2191 2775 2250 apertum
2821 2190 2919 2235 est.
2972 2179 3159 2233 Loculi
3206 2189 3326 2232 sunt
3351 2177 3443 2229 ad-

1871 2288 2074 2326 versum
2097 2289 2177 2326 me
2210 2272 2390 2341 lingua
2416 2271 2626 2337 dolosa,
2654 2283 2709 2328 et
2727 2273 3055 2327 sermonibus
3076 2271 3184 2324 odii
3217 2270 3443 2324 circuat-

1870 2365 2126 2420 dederunt
2170 2380 2269 2428 me,
2303 2375 2350 2418 et
2403 2374 2824 2434 oppugnaverunt
2859 2380 2940 2417 me
2968 2363 3155 2433 gratis.
3197 2358 3452 2414 Praesens
3481 2397 3485 2400 -

1870 2459 2071 2529 quippe
2102 2457 2347 2528 psalmus
2366 2455 2601 2510 refertur
2623 2455 2690 2509 ad
2713 2470 3000 2525 personam
3021 2451 3244 2514 Christi,
3261 2457 3444 2520 utpote

1870 2551 1964 2621 qui
2021 2549 2306 2620 passiones
2355 2548 2476 2616 ejus
2535 2547 2950 2616 complectatur,
3007 2551 3067 2598 ut
3123 2541 3444 2598 testiﬁcatur

1869 2643 2101 2697 Actuum
2123 2641 2495 2712 apostolorum
2514 2639 2818 2708 Scriptura,
2838 2639 2930 2692 ubi
2957 2639 3147 2691 Petrus
3173 2649 3295 2688 cum
3325 2647 3444 2703 pro-

1870 2731 2228 2788 ditorisJutlte
2245 2735 2455 2803 lapsum
2479 2736 2856 2794 memorasset,
2885 2744 2948 2783 ac
2965 2728 3264 2782 monuisset
3280 2725 3444 2778 alium

1872 2825 1938 2879 ad
1986 2825 2270 2880 duodecim
2329 2825 2698 2896 apostolorum
2747 2837 3033 2877 numerum
3066 2816 3443 2890 complendum

1872 2919 2151 2990 aggregari
2173 2925 2448 2988 oportere.
2482 2918 2795 2975 testimonio
2826 2931 2962 2971 usus
2993 2922 3077 2970 est
3106 2913 3442 2984 pmphetico,

1872 3019 1933 3064 ut
1971 3011 2028 3066 in
2064 3011 2318 3082 praesenti
2358 3012 2572 3082 psalmo
2595 3011 2864 3066 habetur:
2900 3007 3024 3062 Fiat
3051 3005 3308 3059 habitatio
3330 3003 3444 3073 ejus

1872 3104 2103 3168 deserta,
2141 3113 2190 3159 et
2223 3121 2326 3157 non
2353 3105 2424 3159 sit
2460 3104 2550 3172 qui
2592 3102 2848 3156 inhabitet
2888 3101 2944 3154 in
2973 3117 3058 3163 ea,
3098 3107 3145 3153 et
3180 3097 3442 3166 episcopa-

1875 3207 1987 3250 tum
2029 3196 2142 3262 eius
2199 3197 2425 3266 accipiat
2471 3195 2701 3261 alter”;
2733 3194 2808 3247 ita
2853 3201 2912 3247 ut
2955 3189 3256 3246 secundum
3301 3184 3444 3240 Petri

1872 3288 2176 3344 doctrinam
2208 3287 2325 3342 bazc
2357 3302 2460 3342 vox
2490 3285 2558 3341 de
2585 3283 2724 3339 Juda
2750 3283 2957 3353 prolata
2983 3280 3076 3343 sit,
3105 3287 3247 3334 utet
3287 3285 3450 3333 caete--

1872 3397 1948 3436 ra:
1969 3381 2028 3434 in
2052 3381 2156 3436 hoc
2185 3381 2394 3451 psalmo
2425 3394 2717 3450 expressae.
2744 3376 2996 3431 Salvator
3021 3374 3185 3445 igitur
3217 3371 3285 3424 ab
3314 3369 3444 3423 alla-

1872 3474 1946 3530 tis
1966 3473 2195 3528 vocibus
2211 3471 2454 3525 bumano
2478 3484 2630 3524 more
2651 3484 2836 3531 orsus,
2857 3473 3044 3536 utpote
3062 3464 3226 3518 homo
3247 3459 3446 3523 iactus,

1873 3581 2102 3620 manens
2152 3572 2336 3619 tamen
2369 3562 2516 3617 Deus
2549 3568 2609 3616 ut
2652 3569 2790 3625 erat,
2829 3557 3043 3612 Patrem
3073 3556 3324 3610 obsecrat
3379 3566 3444 3606 ne

1873 3657 2227 3713 insidiatores
2259 3655 2493 3710 consilio
2522 3669 2623 3709 suo
2649 3653 2920 3717 adiciant;
2949 3647 3241 3703 consilium
3264 3654 3444 3696 autem

1873 3749 1993 3816 ejus
2048 3754 2220 3800 totum
2273 3755 2418 3808 erat,
2470 3753 2530 3799 ut
2585 3761 2654 3798 ex
2713 3741 3031 3797 hominibus
3077 3737 3443 3792 idololatriam

1873 3854 2087 3893 omnem
2138 3837 2531 3907 exstingueret,
2555 3835 2706 3889 Patri
2759 3850 2890 3888 vero
2944 3832 3157 3887 laudem
3201 3830 3256 3883 in
3299 3837 3444 3883 terra

1873 3929 2230 3983 constitueret
2274 3948 2287 3982 :
2323 3927 2472 3998 quod
2528 3929 2655 3983 item
2709 3928 2834 3982 alibi
2888 3926 3047 3981 docet
3091 3923 3179 3978 his
3214 3919 3393 3975 verbis
3428 3935 3445 3973 :

1875 4019 2128 4074 Narrabo
2161 4036 2348 4074 nomen
2396 4031 2547 4074 tuum
2577 4020 2834 4090 fratribus
2880 4018 3031 4082 meis,
3059 4017 3111 4069 in
3143 4013 3312 4068 medio
3345 4011 3444 4065 Ec-

1873 4114 2046 4168 clesia?
2089 4112 2320 4169 laudabo
2368 4115 2496 4169 te“.
2532 4114 2634 4180 Qui
2666 4122 2845 4168 autem
2883 4111 3004 4166 vitae
3054 4109 3174 4180 ejus
3217 4104 3453 4161 insidias

1872 4205 2160 4274 parabant,
2217 4220 2432 4259 summo
2481 4203 2665 4259 studio
2716 4203 3038 4274 satagebant
3085 4207 3144 4254 ut
3187 4198 3301 4252 haec
3328 4196 3444 4265 ipsa

1874 4297 1994 4350 laus
2023 4297 2244 4352 silentio
2281 4312 2509 4367 prorsus
2539 4299 2865 4353 mitteretur.
2903 4294 3100 4350 Verum
3133 4300 3213 4356 tu,
3246 4290 3444 4359 inquit,

1874 4388 2056 4453 Pater,
2084 4406 2151 4444 ne
2181 4390 2330 4444 sinas
2369 4390 2580 4449 laudem
2628 4390 2798 4446 taceri
2832 4404 3028 4450 meam,
3053 4400 3173 4456 qua}
3202 4385 3256 4437 in
3287 4383 3445 4436 hono-

1872 4495 1984 4534 rem
2021 4489 2075 4534 et
2110 4481 2336 4550 gloriam
2381 4491 2527 4538 tuam
2555 4483 2934 4536 concinnatur.
2963 4479 3102 4543 Quia
3133 4494 3188 4530 os
3211 4484 3447 4545 peccato-

1874 4570 1949 4624 ris
1987 4579 2037 4623 et
2083 4588 2141 4624 os
2191 4572 2384 4626 dolosi.
2417 4588 2573 4639 super
2595 4589 2674 4626 me
2702 4581 2940 4640 apertum
2990 4576 3084 4621 est.
3138 4565 3212 4620 Os
3268 4573 3448 4617 autem

1872 4663 2178 4731 peccatoris
2221 4673 2275 4718 et
2328 4680 2391 4718 os
2422 4664 2597 4718 dolosi
2638 4663 2984 4733 potissimum
3019 4667 3139 4714 erat
3175 4673 3238 4711 os
3265 4654 3453 4710 Phari-
3489 4684 3503 4697 -

1871 4767 2102 4806 sucorum
2143 4761 2197 4807 et
2246 4753 2585 4816 Scribarum,
2622 4754 2712 4824 qui
2759 4768 2883 4806 cum
2941 4747 3218 4821 hypocrisi
3273 4747 3450 4816 ipsum

1878 4835 2213 4906 Magistrum.
2242 4848 2295 4893 et
2324 4839 2520 4894 ,Rabbi
2575 4839 2872 4904 vocabant;
2926 4833 3230 4906 praesertim
3269 4840 3448 4884 autem

1873 4926 2173 4999 Judte,.IIui
2231 4929 2571 4986 Salvatorem
2629 4938 2681 4984 et
2723 4929 3011 4986 Dominum
3065 4939 3225 4980 suum
3261 4921 3453 4979 osculo

1875 5017 2157 5085 prodidit.

201 5099 379 5170 Στόμα
427 5099 484 5153 δὲ
526 5100 848 5172 ἀμαρτωλοῦ
879 5103 973 5155 καὶ
999 5115 1172 5174 στομα
1204 5102 1378 5155 δολίου
1411 5103 1642 5173 μάλιστα
1671 5107 1770 5176 μὲν
1801 5111 1893 5167 καὶ
1915 5115 2023 5171 πᾶν
2049 5116 2110 5168 τὸ
2133 5116 2238 5168 τῶν
2259 5117 2562 5188 Φαρισαίων
2603 5118 2696 5169 καὶ
2731 5110 3113 5186 Γραμματέων
3165 5107 3449 5176 ἐτύγχανε,

201 5193 305 5247 τῶν
347 5195 464 5265 μεθ’
513 5195 852 5267 ὑποκρίσεως
925 5198 1085 5251 αὑτὸν
1129 5198 1453 5253 Διδάσκαλον
1497 5202 1592 5253 καὶ⁸
1638 5202 1828 5260 Ῥα66ὶ
1882 5210 2324 5274 ἀποκαλούντων,
2382 5212 2670 5284 ἐξαιρέτως
2725 5209 2782 5262 δὲ
2829 5208 2923 5265 τοῦ
2987 5203 3192 5272 Ίιῡύδςι,
3249 5199 3306 5270 ὃς
3361 5200 3453 5258 τον

203 5288 394 5342 ἑαυτοῦ
420 5290 646 5362 Σωτῆρα
673 5291 768 5345 καὶ
796 5291 998 5364 Κύριον
1035 5295 1302 5365 φιλήματι
1330 5294 1629 5364 προεδίδου.

285 5412 630 5481 Ἐλάλησαν
663 5413 788 5467 κατ’
816 5413 962 5482 ἐμοῦ
988 5412 1238 5484 γλώσσῃ
1279 5415 1476 5483 δολία,
1532 5417 1635 5471 καὶ
1680 5420 1775 5472 λό-

204 5517 327 5566 γοις
351 5504 575 5571 μίσους
601 5504 955 5559 ἐκύκλωσάν
995 5523 1093 5574 με,
1142 5507 1239 5560 καὶ
1280 5503 1668 5578 ἐπολέμησάν
1697 5530 1774 5580 με

205 5590 444 5662 δωρεάν.
493 5595 640 5650 Ἀντί
669 5597 776 5651 τοῦ
822 5597 1060 5668 ἀγαπᾷν
1103 5617 1181 5668 με
1224 5600 1614 5656 ἐνδιέϐαλιλόν
1663 5622 1772 5674 με·
1811 5627 1818 5634 ·

281 5747 326 5779 ⁸³
364 5749 484 5804 Act.
522 5765 560 5816 ι,
595 5751 685 5806 20.
761 5752 805 5784 ⁸³
845 5752 983 5810 Psal.
1028 5772 1154 5818 xxx.
1187 5757 1275 5814 25.

1953 5421 2114 5478 Vens.
2151 5423 2204 5476 4.
2241 5421 2429 5476 Loculi
2459 5431 2579 5477 sunt
2609 5416 2884 5476 adversum
2921 5435 2999 5472 me
3033 5417 3213 5485 lingua
3242 5415 3448 5480 dolosa,

1879 5523 1927 5565 et
1959 5513 2284 5567 sermonibus
2325 5514 2434 5567 odii
2484 5497 2933 5566 circumdederunt
2970 5524 3068 5572 rue,
3101 5515 3149 5560 et
3182 5521 3453 5575 oppugna-

1881 5614 2062 5660 verunt
2092 5622 2172 5661 me
2204 5608 2393 5677 gratis.
2426 5604 2536 5659 Pro
2567 5621 2624 5660 eo
2655 5613 2710 5656 ut
2744 5619 2822 5657 me
2867 5601 3165 5671 diligerent,
3209 5594 3448 5652 detrahe-
