  <div class='ocr_page' id='page_1' title='image "/cluster/home/n/w/nwhite01/storage/ocr_20150623/23/mdp.39015078384396/695.png"; bbox 0 0 3868 6282; ppageno 0'>
   <div class='ocr_carea' id='block_1_1' title="bbox 428 262 560 340">
    <p class='ocr_par' dir='ltr' id='par_1_1' title="bbox 428 262 560 340">
     <span class='ocr_line' id='line_1_1' title="bbox 428 262 560 340; baseline 0.015 -26"><span class='ocrx_word' id='word_1_1' title='bbox 428 262 560 340; x_wconf 69' lang='lat'><strong>1555</strong></span> 
     </span>
    </p>
   </div>
   <div class='ocr_carea' id='block_1_2' title="bbox 1084 259 2971 319">
    <p class='ocr_par' dir='ltr' id='par_1_2' title="bbox 1084 259 2971 319">
     <span class='ocr_line' id='line_1_2' title="bbox 1084 259 2971 319; baseline 0.001 -4"><span class='ocrx_word' id='word_1_2' title='bbox 1084 260 1350 318; x_wconf 76' lang='lat' dir='ltr'><strong>EUSEBH</strong></span> <span class='ocrx_word' id='word_1_3' title='bbox 1391 259 1869 319; x_wconf 61' lang='lat' dir='ltr'><strong>CIESARIENSIS</strong></span> <span class='ocrx_word' id='word_1_4' title='bbox 1905 260 2055 318; x_wconf 86' lang='lat' dir='ltr'><strong>OPP.</strong></span> <span class='ocrx_word' id='word_1_5' title='bbox 2099 262 2280 319; x_wconf 78' lang='lat' dir='ltr'><strong>PARS</strong></span> <span class='ocrx_word' id='word_1_6' title='bbox 2315 263 2417 318; x_wconf 76' lang='grc' dir='ltr'><em>ιιι.</em></span> <span class='ocrx_word' id='word_1_7' title='bbox 2457 290 2527 302; x_wconf 82' lang='grc'><strong>--</strong></span> <span class='ocrx_word' id='word_1_8' title='bbox 2563 259 2971 316; x_wconf 80' lang='lat' dir='ltr'><strong>EXEGETICA.</strong></span> 
     </span>
    </p>
   </div>
   <div class='ocr_carea' id='block_1_3' title="bbox 3509 265 3617 322">
    <p class='ocr_par' dir='ltr' id='par_1_3' title="bbox 3509 265 3617 322">
     <span class='ocr_line' id='line_1_3' title="bbox 3509 265 3617 322; baseline 0.028 -3"><span class='ocrx_word' id='word_1_9' title='bbox 3509 265 3617 322; x_wconf 73' lang='lat'><strong>1336</strong></span> 
     </span>
    </p>
   </div>
   <div class='ocr_carea' id='block_1_4' title="bbox 423 371 1994 447">
    <p class='ocr_par' dir='ltr' id='par_1_4' title="bbox 423 373 1994 447">
     <span class='ocr_line' id='line_1_4' title="bbox 423 373 1994 447; baseline -0.002 -16"><span class='ocrx_word' id='word_1_10' title='bbox 423 377 540 431; x_wconf 84' lang='lat' dir='ltr'><strong>bant</strong></span> <span class='ocrx_word' id='word_1_11' title='bbox 580 376 749 430; x_wconf 77' lang='lat' dir='ltr'><strong>mihi:</strong></span> <span class='ocrx_word' id='word_1_12' title='bbox 782 393 874 447; x_wconf 87' lang='lat' dir='ltr'><strong><em>ego</em></strong></span> <span class='ocrx_word' id='word_1_13' title='bbox 899 385 1072 430; x_wconf 87' lang='lat' dir='ltr'><strong>autem</strong></span> <span class='ocrx_word' id='word_1_14' title='bbox 1095 377 1336 430; x_wconf 87' lang='lat' dir='ltr'><strong>orabam.</strong></span> <span class='ocrx_word' id='word_1_15' title='bbox 1373 376 1506 429; x_wconf 78' lang='lat' dir='ltr'><strong>Cum</strong></span> <span class='ocrx_word' id='word_1_16' title='bbox 1536 374 1682 429; x_wconf 89' lang='lat' dir='ltr'><strong>enim</strong></span> <span class='ocrx_word' id='word_1_17' title='bbox 1709 373 1884 438; x_wconf 90' lang='lat' dir='ltr'><strong>illum,</strong></span> <span class='ocrx_word' id='word_1_18' title='bbox 1910 382 1994 428; x_wconf 89' lang='lat' dir='ltr'><strong>ut-</strong></span> 
     </span>
    </p>
   </div>
   <div class='ocr_carea' id='block_1_5' title="bbox 2099 371 3619 447">
    <p class='ocr_par' dir='ltr' id='par_1_5' title="bbox 2099 371 3619 446">
     <span class='ocr_line' id='line_1_5' title="bbox 2099 371 3619 446; baseline 0.001 -20"><span class='ocrx_word' id='word_1_19' title='bbox 2099 373 2212 443; x_wconf 85' lang='grc' dir='ltr'><strong>ὲγὼ</strong></span> <span class='ocrx_word' id='word_1_20' title='bbox 2276 373 2346 427; x_wconf 76' lang='grc' dir='ltr'><em>δὲ</em></span> <span class='ocrx_word' id='word_1_21' title='bbox 2392 373 2846 442; x_wconf 81' lang='grc' dir='ltr'><em>προσηυχόμην.</em></span> <span class='ocrx_word' id='word_1_22' title='bbox 2879 371 3008 424; x_wconf 84' lang='grc' dir='ltr'><strong>Δέον</strong></span> <span class='ocrx_word' id='word_1_23' title='bbox 3041 374 3148 444; x_wconf 79' lang='grc' dir='ltr'><em>γὰρ</em></span> <span class='ocrx_word' id='word_1_24' title='bbox 3171 372 3380 442; x_wconf 79' lang='grc' dir='ltr'><em>αγαπᾷν</em></span> <span class='ocrx_word' id='word_1_25' title='bbox 3404 371 3471 435; x_wconf 81' lang='grc' dir='ltr'><strong>ὡς</strong></span> <span class='ocrx_word' id='word_1_26' title='bbox 3504 375 3619 446; x_wconf 78' lang='grc' dir='ltr'><em>εὐερι</em></span> 
     </span>
    </p>
   </div>
   <div class='ocr_carea' id='block_1_6' title="bbox 421 466 1991 542">
    <p class='ocr_par' dir='ltr' id='par_1_6' title="bbox 421 466 1991 542">
     <span class='ocr_line' id='line_1_6' title="bbox 421 466 1991 542; baseline -0.001 -19"><span class='ocrx_word' id='word_1_27' title='bbox 421 478 540 542; x_wconf 89' lang='lat' dir='ltr'><strong>pote</strong></span> <span class='ocrx_word' id='word_1_28' title='bbox 569 467 894 532; x_wconf 75' lang='lat' dir='ltr'><strong>beneﬁcum,</strong></span> <span class='ocrx_word' id='word_1_29' title='bbox 929 483 993 523; x_wconf 91' lang='lat' dir='ltr'><strong>ac</strong></span> <span class='ocrx_word' id='word_1_30' title='bbox 1022 483 1131 523; x_wconf 89' lang='lat' dir='ltr'><strong>non</strong></span> <span class='ocrx_word' id='word_1_31' title='bbox 1158 483 1447 539; x_wconf 77' lang='lat' dir='ltr'><strong>corporum</strong></span> <span class='ocrx_word' id='word_1_32' title='bbox 1488 467 1669 531; x_wconf 90' lang='lat' dir='ltr'><strong>modo,</strong></span> <span class='ocrx_word' id='word_1_33' title='bbox 1705 466 1798 521; x_wconf 88' lang='lat' dir='ltr'><strong>sed</strong></span> <span class='ocrx_word' id='word_1_34' title='bbox 1828 467 1991 522; x_wconf 85' lang='lat' dir='ltr'><strong>ctiam</strong></span> 
     </span>
    </p>
   </div>
   <div class='ocr_carea' id='block_1_7' title="bbox 420 544 1992 630">
    <p class='ocr_par' dir='ltr' id='par_1_7' title="bbox 420 544 1992 630">
     <span class='ocr_line' id='line_1_7' title="bbox 420 544 1992 630; baseline -0.004 -12"><span class='ocrx_word' id='word_1_35' title='bbox 420 544 725 618; x_wconf 74' lang='lat' dir='ltr'><strong>animarum</strong></span> <span class='ocrx_word' id='word_1_36' title='bbox 756 559 1029 615; x_wconf 91' lang='lat' dir='ltr'><strong>medicum</strong></span> <span class='ocrx_word' id='word_1_37' title='bbox 1065 559 1290 630; x_wconf 82' lang='lat' dir='ltr'><strong>diligere</strong></span> <span class='ocrx_word' id='word_1_38' title='bbox 1319 558 1661 624; x_wconf 75' lang='lat' dir='ltr'><strong>debuissent,</strong></span> <span class='ocrx_word' id='word_1_39' title='bbox 1689 558 1766 614; x_wconf 91' lang='lat' dir='ltr'><strong>illi</strong></span> <span class='ocrx_word' id='word_1_40' title='bbox 1800 567 1992 616; x_wconf 81' lang='lat' dir='ltr'><strong>contra</strong></span> 
     </span>
    </p>
   </div>
   <div class='ocr_carea' id='block_1_8' title="bbox 419 647 1534 706">
    <p class='ocr_par' dir='ltr' id='par_1_8' title="bbox 419 647 1534 706">
     <span class='ocr_line' id='line_1_8' title="bbox 419 647 1534 706; baseline -0.004 -2"><span class='ocrx_word' id='word_1_41' title='bbox 419 650 725 706; x_wconf 84' lang='lat' dir='ltr'><strong>calumnias</strong></span> <span class='ocrx_word' id='word_1_42' title='bbox 751 651 1017 706; x_wconf 88' lang='lat' dir='ltr'><strong>adversus</strong></span> <span class='ocrx_word' id='word_1_43' title='bbox 1048 665 1171 704; x_wconf 90' lang='lat' dir='ltr'><strong>eum</strong></span> <span class='ocrx_word' id='word_1_44' title='bbox 1203 647 1534 702; x_wconf 81' lang='lat' dir='ltr'><strong>conﬂabant.</strong></span> 
     </span>
    </p>
   </div>
   <div class='ocr_carea' id='block_1_9' title="bbox 487 736 1993 810">
    <p class='ocr_par' dir='ltr' id='par_1_9' title="bbox 487 736 1993 810">
     <span class='ocr_line' id='line_1_9' title="bbox 487 736 1993 810; baseline -0.003 -16"><span class='ocrx_word' id='word_1_45' title='bbox 487 739 652 796; x_wconf 78' lang='lat' dir='ltr'><strong>Vens.</strong></span> <span class='ocrx_word' id='word_1_46' title='bbox 686 741 738 796; x_wconf 84' lang='lat'><strong>5.</strong></span> <span class='ocrx_word' id='word_1_47' title='bbox 773 740 883 796; x_wconf 87' lang='lat' dir='ltr'><strong>Pro</strong></span> <span class='ocrx_word' id='word_1_48' title='bbox 902 758 960 796; x_wconf 94' lang='lat' dir='ltr'><strong><em>eo</em></strong></span> <span class='ocrx_word' id='word_1_49' title='bbox 985 749 1044 796; x_wconf 90' lang='lat' dir='ltr'><strong>ut</strong></span> <span class='ocrx_word' id='word_1_50' title='bbox 1065 757 1145 794; x_wconf 91' lang='lat' dir='ltr'><strong>me</strong></span> <span class='ocrx_word' id='word_1_51' title='bbox 1163 736 1802 810; x_wconf 73' lang='lat' dir='ltr'><strong>diligerent,detrahebant</strong></span> <span class='ocrx_word' id='word_1_52' title='bbox 1826 737 1953 792; x_wconf 82' lang='lat' dir='ltr'><strong>mihi</strong></span> <span class='ocrx_word' id='word_1_53' title='bbox 1975 753 1993 789; x_wconf 92' lang='lat'><em>:</em></span> 
     </span>
    </p>
   </div>
   <div class='ocr_carea' id='block_1_10' title="bbox 417 830 1996 904">
    <p class='ocr_par' dir='ltr' id='par_1_10' title="bbox 417 830 1996 904">
     <span class='ocr_line' id='line_1_10' title="bbox 417 830 1996 904; baseline -0.001 -17"><span class='ocrx_word' id='word_1_54' title='bbox 417 849 506 904; x_wconf 83' lang='lat' dir='ltr'><strong><em>ego</em></strong></span> <span class='ocrx_word' id='word_1_55' title='bbox 536 843 711 888; x_wconf 88' lang='lat' dir='ltr'><strong>autem</strong></span> <span class='ocrx_word' id='word_1_56' title='bbox 741 835 979 888; x_wconf 86' lang='lat' dir='ltr'><strong>orabam.</strong></span> <span class='ocrx_word' id='word_1_57' title='bbox 1018 831 1086 886; x_wconf 85' lang='lat' dir='ltr'><strong>Et</strong></span> <span class='ocrx_word' id='word_1_58' title='bbox 1112 840 1397 901; x_wconf 83' lang='lat' dir='ltr'><strong>posuerunt</strong></span> <span class='ocrx_word' id='word_1_59' title='bbox 1419 831 1694 884; x_wconf 79' lang='lat' dir='ltr'><strong>adversum</strong></span> <span class='ocrx_word' id='word_1_60' title='bbox 1734 847 1816 886; x_wconf 81' lang='lat' dir='ltr'><strong>me</strong></span> <span class='ocrx_word' id='word_1_61' title='bbox 1849 830 1996 886; x_wconf 90' lang='lat' dir='ltr'><strong>mala</strong></span> 
     </span>
    </p>
   </div>
   <div class='ocr_carea' id='block_1_11' title="bbox 416 921 1995 995">
    <p class='ocr_par' dir='ltr' id='par_1_11' title="bbox 416 921 1995 995">
     <span class='ocr_line' id='line_1_11' title="bbox 416 921 1995 995; baseline 0.001 -17"><span class='ocrx_word' id='word_1_62' title='bbox 416 941 510 995; x_wconf 71' lang='lat' dir='ltr'><strong>pro</strong></span> <span class='ocrx_word' id='word_1_63' title='bbox 543 924 713 988; x_wconf 86' lang='lat' dir='ltr'><strong>bonis,</strong></span> <span class='ocrx_word' id='word_1_64' title='bbox 751 936 800 980; x_wconf 77' lang='lat' dir='ltr'><strong>et</strong></span> <span class='ocrx_word' id='word_1_65' title='bbox 837 927 1017 980; x_wconf 87' lang='lat' dir='ltr'><strong>odium</strong></span> <span class='ocrx_word' id='word_1_66' title='bbox 1050 941 1146 994; x_wconf 84' lang='lat' dir='ltr'><strong>pro</strong></span> <span class='ocrx_word' id='word_1_67' title='bbox 1189 923 1468 978; x_wconf 76' lang='lat' dir='ltr'><strong>dilectione</strong></span> <span class='ocrx_word' id='word_1_68' title='bbox 1497 939 1612 988; x_wconf 82' lang='lat' dir='ltr'><strong>mea</strong></span> <span class='ocrx_word' id='word_1_69' title='bbox 1645 938 1664 976; x_wconf 92' lang='lat'><strong><em>:</em></strong></span> <span class='ocrx_word' id='word_1_70' title='bbox 1694 921 1995 993; x_wconf 85' lang='lat' dir='ltr'><strong>discipulos</strong></span> 
     </span>
    </p>
   </div>
   <div class='ocr_carea' id='block_1_12' title="bbox 419 1015 1994 1087">
    <p class='ocr_par' dir='ltr' id='par_1_12' title="bbox 419 1015 1994 1087">
     <span class='ocr_line' id='line_1_12' title="bbox 419 1015 1994 1087; baseline 0 -17"><span class='ocrx_word' id='word_1_71' title='bbox 419 1032 568 1073; x_wconf 90' lang='lat' dir='ltr'><strong>meos</strong></span> <span class='ocrx_word' id='word_1_72' title='bbox 598 1024 809 1072; x_wconf 83' lang='lat' dir='ltr'><strong>tantum</strong></span> <span class='ocrx_word' id='word_1_73' title='bbox 835 1033 944 1072; x_wconf 85' lang='lat' dir='ltr'><strong>non</strong></span> <span class='ocrx_word' id='word_1_74' title='bbox 968 1032 1132 1087; x_wconf 72' lang='lat' dir='ltr'><strong>onere</strong></span> <span class='ocrx_word' id='word_1_75' title='bbox 1152 1015 1354 1069; x_wconf 90' lang='lat' dir='ltr'><strong>docens</strong></span> <span class='ocrx_word' id='word_1_76' title='bbox 1378 1015 1567 1085; x_wconf 87' lang='lat' dir='ltr'><strong>quales</strong></span> <span class='ocrx_word' id='word_1_77' title='bbox 1593 1029 1716 1074; x_wconf 82' lang='lat' dir='ltr'><strong>esse</strong></span> <span class='ocrx_word' id='word_1_78' title='bbox 1739 1015 1994 1077; x_wconf 87' lang='lat' dir='ltr'><strong>debeant,</strong></span> 
     </span>
    </p>
   </div>
   <div class='ocr_carea' id='block_1_13' title="bbox 417 1106 1996 1182">
    <p class='ocr_par' dir='ltr' id='par_1_13' title="bbox 417 1106 1996 1182">
     <span class='ocr_line' id='line_1_13' title="bbox 417 1106 1996 1182; baseline -0.002 -18"><span class='ocrx_word' id='word_1_79' title='bbox 417 1110 462 1164; x_wconf 84' lang='lat' dir='ltr'><strong>si</strong></span> <span class='ocrx_word' id='word_1_80' title='bbox 497 1111 718 1181; x_wconf 81' lang='lat' dir='ltr'><strong>quando</strong></span> <span class='ocrx_word' id='word_1_81' title='bbox 762 1111 817 1164; x_wconf 91' lang='lat' dir='ltr'><strong>in</strong></span> <span class='ocrx_word' id='word_1_82' title='bbox 866 1111 1016 1182; x_wconf 82' lang='lat' dir='ltr'><strong>paria</strong></span> <span class='ocrx_word' id='word_1_83' title='bbox 1066 1106 1331 1163; x_wconf 88' lang='lat' dir='ltr'><strong>incidant.</strong></span> <span class='ocrx_word' id='word_1_84' title='bbox 1364 1106 1501 1173; x_wconf 89' lang='lat' dir='ltr'><strong>Quia</strong></span> <span class='ocrx_word' id='word_1_85' title='bbox 1552 1121 1682 1160; x_wconf 87' lang='lat' dir='ltr'><strong>vero</strong></span> <span class='ocrx_word' id='word_1_86' title='bbox 1708 1107 1763 1161; x_wconf 93' lang='lat' dir='ltr'><strong>in</strong></span> <span class='ocrx_word' id='word_1_87' title='bbox 1813 1107 1996 1161; x_wconf 85' lang='lat' dir='ltr'><strong>medio</strong></span> 
     </span>
    </p>
   </div>
   <div class='ocr_carea' id='block_1_14' title="bbox 419 1198 1995 1273">
    <p class='ocr_par' dir='ltr' id='par_1_14' title="bbox 419 1198 1995 1273">
     <span class='ocr_line' id='line_1_14' title="bbox 419 1198 1995 1273; baseline -0.002 -17"><span class='ocrx_word' id='word_1_88' title='bbox 419 1201 638 1266; x_wconf 81' lang='lat' dir='ltr'><strong>dicitur,</strong></span> <span class='ocrx_word' id='word_1_89' title='bbox 672 1201 784 1273; x_wconf 86' lang='lat' dir='ltr'><strong>Ego</strong></span> <span class='ocrx_word' id='word_1_90' title='bbox 824 1212 997 1256; x_wconf 79' lang='lat' dir='ltr'><strong>autem</strong></span> <span class='ocrx_word' id='word_1_91' title='bbox 1046 1199 1284 1263; x_wconf 83' lang='lat' dir='ltr'><strong><em>orabam,</em></strong></span> <span class='ocrx_word' id='word_1_92' title='bbox 1316 1198 1411 1254; x_wconf 85' lang='lat' dir='ltr'><strong>sed</strong></span> <span class='ocrx_word' id='word_1_93' title='bbox 1456 1214 1703 1268; x_wconf 65' lang='lat' dir='ltr'><strong>quaenam</strong></span> <span class='ocrx_word' id='word_1_94' title='bbox 1758 1213 1859 1268; x_wconf 90' lang='lat' dir='ltr'><strong>pro</strong></span> <span class='ocrx_word' id='word_1_95' title='bbox 1887 1198 1995 1253; x_wconf 85' lang='lat' dir='ltr'><strong>illis</strong></span> 
     </span>
    </p>
   </div>
   <div class='ocr_carea' id='block_1_15' title="bbox 419 1277 1994 1362">
    <p class='ocr_par' dir='ltr' id='par_1_15' title="bbox 419 1277 1994 1362">
     <span class='ocr_line' id='line_1_15' title="bbox 419 1277 1994 1362; baseline -0.002 -17"><span class='ocrx_word' id='word_1_96' title='bbox 419 1302 739 1362; x_wconf 87' lang='lat' dir='ltr'><strong>precaretur</strong></span> <span class='ocrx_word' id='word_1_97' title='bbox 770 1295 978 1362; x_wconf 82' lang='lat' dir='ltr'><strong>scripto</strong></span> <span class='ocrx_word' id='word_1_98' title='bbox 1013 1305 1119 1343; x_wconf 92' lang='lat' dir='ltr'><strong>non</strong></span> <span class='ocrx_word' id='word_1_99' title='bbox 1152 1289 1426 1360; x_wconf 76' lang='lat' dir='ltr'><strong>traditur;</strong></span> <span class='ocrx_word' id='word_1_100' title='bbox 1456 1289 1728 1359; x_wconf 83' lang='lat' dir='ltr'><strong>quispiam</strong></span> <span class='ocrx_word' id='word_1_101' title='bbox 1767 1277 1876 1342; x_wconf 84' lang='lat' dir='ltr'><strong>non</strong></span> <span class='ocrx_word' id='word_1_102' title='bbox 1907 1287 1994 1342; x_wconf 91' lang='lat' dir='ltr'><strong>in-</strong></span> 
     </span>
    </p>
   </div>
   <div class='ocr_carea' id='block_1_16' title="bbox 417 1380 1996 1453">
    <p class='ocr_par' dir='ltr' id='par_1_16' title="bbox 417 1380 1996 1453">
     <span class='ocr_line' id='line_1_16' title="bbox 417 1380 1996 1453; baseline 0.001 -17"><span class='ocrx_word' id='word_1_103' title='bbox 417 1382 701 1439; x_wconf 87' lang='lat' dir='ltr'><strong>commode</strong></span> <span class='ocrx_word' id='word_1_104' title='bbox 741 1383 958 1445; x_wconf 81' lang='lat' dir='ltr'><strong>dixerit,</strong></span> <span class='ocrx_word' id='word_1_105' title='bbox 995 1383 1173 1452; x_wconf 89' lang='lat' dir='ltr'><strong>ipsum</strong></span> <span class='ocrx_word' id='word_1_106' title='bbox 1219 1382 1333 1439; x_wconf 61' lang='lat' dir='ltr'><strong>hac</strong></span> <span class='ocrx_word' id='word_1_107' title='bbox 1366 1397 1486 1453; x_wconf 62' lang='lat' dir='ltr'><strong>qua:</strong></span> <span class='ocrx_word' id='word_1_108' title='bbox 1526 1381 1710 1449; x_wconf 84' lang='lat' dir='ltr'><strong>jacent</strong></span> <span class='ocrx_word' id='word_1_109' title='bbox 1757 1396 1856 1452; x_wconf 90' lang='lat' dir='ltr'><strong>pro</strong></span> <span class='ocrx_word' id='word_1_110' title='bbox 1888 1380 1996 1437; x_wconf 89' lang='lat' dir='ltr'><strong>illis</strong></span> 
     </span>
    </p>
   </div>
   <div class='ocr_carea' id='block_1_17' title="bbox 416 1471 1996 1544">
    <p class='ocr_par' dir='ltr' id='par_1_17' title="bbox 416 1471 1996 1544">
     <span class='ocr_line' id='line_1_17' title="bbox 416 1471 1996 1544; baseline 0 -18"><span class='ocrx_word' id='word_1_111' title='bbox 416 1471 580 1530; x_wconf 78' lang='lat' dir='ltr'><strong>etiam</strong></span> <span class='ocrx_word' id='word_1_112' title='bbox 637 1480 917 1543; x_wconf 87' lang='lat' dir='ltr'><strong>precatum</strong></span> <span class='ocrx_word' id='word_1_113' title='bbox 951 1489 1094 1538; x_wconf 89' lang='lat' dir='ltr'><strong>csse,</strong></span> <span class='ocrx_word' id='word_1_114' title='bbox 1143 1489 1262 1544; x_wconf 75' lang='lat' dir='ltr'><strong>quze</strong></span> <span class='ocrx_word' id='word_1_115' title='bbox 1303 1473 1566 1528; x_wconf 70' lang='lat' dir='ltr'><strong>doctrina:</strong></span> <span class='ocrx_word' id='word_1_116' title='bbox 1601 1471 1772 1542; x_wconf 87' lang='lat' dir='ltr'><strong>ipsius</strong></span> <span class='ocrx_word' id='word_1_117' title='bbox 1817 1471 1996 1540; x_wconf 83' lang='lat' dir='ltr'><strong>allinia</strong></span> 
     </span>
    </p>
   </div>
   <div class='ocr_carea' id='block_1_18' title="bbox 413 1561 1996 1632">
    <p class='ocr_par' dir='ltr' id='par_1_18' title="bbox 413 1561 1996 1632">
     <span class='ocr_line' id='line_1_18' title="bbox 413 1561 1996 1632; baseline -0.001 -16"><span class='ocrx_word' id='word_1_118' title='bbox 413 1569 573 1616; x_wconf 85' lang='lat' dir='ltr'><strong>crant</strong></span> <span class='ocrx_word' id='word_1_119' title='bbox 603 1562 834 1630; x_wconf 85' lang='lat' dir='ltr'><strong>dicentis</strong></span> <span class='ocrx_word' id='word_1_120' title='bbox 861 1561 1058 1618; x_wconf 89' lang='lat' dir='ltr'><strong>:Orate</strong></span> <span class='ocrx_word' id='word_1_121' title='bbox 1093 1579 1187 1632; x_wconf 84' lang='lat' dir='ltr'><strong>pro</strong></span> <span class='ocrx_word' id='word_1_122' title='bbox 1217 1561 1526 1617; x_wconf 68' lang='lat' dir='ltr'><strong>(ardentibus</strong></span> <span class='ocrx_word' id='word_1_123' title='bbox 1559 1570 1608 1616; x_wconf 89' lang='lat' dir='ltr'><strong>et</strong></span> <span class='ocrx_word' id='word_1_124' title='bbox 1645 1563 1996 1630; x_wconf 81' lang='lat' dir='ltr'><strong>persequenti-</strong></span> 
     </span>
    </p>
   </div>
   <div class='ocr_carea' id='block_1_19' title="bbox 419 1650 1992 1723">
    <p class='ocr_par' dir='ltr' id='par_1_19' title="bbox 419 1650 1992 1723">
     <span class='ocr_line' id='line_1_19' title="bbox 419 1650 1992 1723; baseline 0.002 -19"><span class='ocrx_word' id='word_1_125' title='bbox 419 1651 514 1706; x_wconf 88' lang='lat' dir='ltr'><strong>bus</strong></span> <span class='ocrx_word' id='word_1_126' title='bbox 546 1668 633 1706; x_wconf 78' lang='lat' dir='ltr'><strong>vos</strong></span> <span class='ocrx_word' id='word_1_127' title='bbox 657 1652 723 1707; x_wconf 79' lang='grc'><strong>⁸⁷.</strong></span> <span class='ocrx_word' id='word_1_128' title='bbox 777 1650 844 1706; x_wconf 85' lang='grc' dir='ltr'><em>Ει</em></span> <span class='ocrx_word' id='word_1_129' title='bbox 887 1662 1181 1723; x_wconf 83' lang='lat' dir='ltr'><strong>posuerunt</strong></span> <span class='ocrx_word' id='word_1_130' title='bbox 1213 1654 1490 1708; x_wconf 86' lang='lat' dir='ltr'><strong>adversum</strong></span> <span class='ocrx_word' id='word_1_131' title='bbox 1515 1669 1596 1707; x_wconf 88' lang='lat' dir='ltr'><strong>me</strong></span> <span class='ocrx_word' id='word_1_132' title='bbox 1614 1652 1756 1707; x_wconf 91' lang='lat' dir='ltr'><strong>mala</strong></span> <span class='ocrx_word' id='word_1_133' title='bbox 1777 1669 1870 1722; x_wconf 87' lang='lat' dir='ltr'><strong>pro</strong></span> <span class='ocrx_word' id='word_1_134' title='bbox 1901 1651 1992 1707; x_wconf 55' lang='lat' dir='ltr'><strong><em>bov</em></strong></span> 
     </span>
    </p>
   </div>
   <div class='ocr_carea' id='block_1_20' title="bbox 2095 463 3622 540">
    <p class='ocr_par' dir='ltr' id='par_1_20' title="bbox 2095 463 3622 540">
     <span class='ocr_line' id='line_1_20' title="bbox 2095 463 3622 540; baseline 0 -19"><span class='ocrx_word' id='word_1_135' title='bbox 2095 468 2280 540; x_wconf 81' lang='grc' dir='ltr'><em>γέτην,</em></span> <span class='ocrx_word' id='word_1_136' title='bbox 2329 467 2423 523; x_wconf 78' lang='grc' dir='ltr'><em>καὶ</em></span> <span class='ocrx_word' id='word_1_137' title='bbox 2471 465 2545 537; x_wconf 83' lang='grc' dir='ltr'><em>μὴ</em></span> <span class='ocrx_word' id='word_1_138' title='bbox 2579 464 2738 535; x_wconf 85' lang='grc' dir='ltr'><em>μόνον</em></span> <span class='ocrx_word' id='word_1_139' title='bbox 2779 464 2888 517; x_wconf 85' lang='grc' dir='ltr'><em>τῶν</em></span> <span class='ocrx_word' id='word_1_140' title='bbox 2933 463 3216 534; x_wconf 80' lang='grc' dir='ltr'><em>σωμάτων,</em></span> <span class='ocrx_word' id='word_1_141' title='bbox 3264 463 3398 517; x_wconf 78' lang='grc' dir='ltr'><em>ἀλλὰ</em></span> <span class='ocrx_word' id='word_1_142' title='bbox 3425 465 3622 522; x_wconf 73' lang='grc' dir='ltr'><em>καὶτῶν</em></span> 
     </span>
    </p>
   </div>
   <div class='ocr_carea' id='block_1_21' title="bbox 2092 553 3623 634">
    <p class='ocr_par' dir='ltr' id='par_1_21' title="bbox 2092 553 3623 634">
     <span class='ocr_line' id='line_1_21' title="bbox 2092 553 3623 634; baseline -0.001 -20"><span class='ocrx_word' id='word_1_143' title='bbox 2092 558 2281 634; x_wconf 75' lang='grc' dir='ltr'>ψυχῶν</span> <span class='ocrx_word' id='word_1_144' title='bbox 2316 556 2496 629; x_wconf 61' lang='grc' dir='ltr'><em>ἰατρόν</em></span> <span class='ocrx_word' id='word_1_145' title='bbox 2517 573 2530 586; x_wconf 83' lang='grc' dir='ltr'><strong>ο</strong></span> <span class='ocrx_word' id='word_1_146' title='bbox 2563 556 2612 609; x_wconf 78' lang='lat' dir='ltr'><strong>oi</strong></span> <span class='ocrx_word' id='word_1_147' title='bbox 2648 555 2706 608; x_wconf 84' lang='grc' dir='ltr'><strong>δὲ</strong></span> <span class='ocrx_word' id='word_1_148' title='bbox 2744 554 2995 619; x_wconf 78' lang='grc' dir='ltr'><em>διαϐολὰς</em></span> <span class='ocrx_word' id='word_1_149' title='bbox 3026 553 3294 626; x_wconf 72' lang='grc' dir='ltr'><em>ἔῤῥαπτον</em></span> <span class='ocrx_word' id='word_1_150' title='bbox 3328 556 3443 610; x_wconf 75' lang='grc' dir='ltr'><em>κατ’</em></span> <span class='ocrx_word' id='word_1_151' title='bbox 3469 557 3623 616; x_wconf 68' lang='grc' dir='ltr'><em>αὐτοῦ.</em></span> 
     </span>
    </p>
   </div>
   <div class='ocr_carea' id='block_1_22' title="bbox 2177 707 3627 779">
    <p class='ocr_par' dir='ltr' id='par_1_22' title="bbox 2177 707 3627 779">
     <span class='ocr_line' id='line_1_22' title="bbox 2177 707 3627 779; baseline 0.001 -14"><span class='ocrx_word' id='word_1_152' title='bbox 2177 710 2325 765; x_wconf 80' lang='grc' dir='ltr'><em>Ἄντὶ</em></span> <span class='ocrx_word' id='word_1_153' title='bbox 2351 710 2458 764; x_wconf 81' lang='grc' dir='ltr'><em>τοῦ</em></span> <span class='ocrx_word' id='word_1_154' title='bbox 2485 708 2725 779; x_wconf 80' lang='grc' dir='ltr'><strong>ἀγαπᾷν</strong></span> <span class='ocrx_word' id='word_1_155' title='bbox 2767 726 2843 779; x_wconf 82' lang='grc' dir='ltr'><strong>με</strong></span> <span class='ocrx_word' id='word_1_156' title='bbox 2881 707 3268 763; x_wconf 80' lang='grc' dir='ltr'><em>ἐνδιέϐαλλόν</em></span> <span class='ocrx_word' id='word_1_157' title='bbox 3289 724 3364 777; x_wconf 84' lang='grc' dir='ltr'><strong>με</strong></span> <span class='ocrx_word' id='word_1_158' title='bbox 3385 725 3399 738; x_wconf 90' lang='grc'><strong>·</strong></span> <span class='ocrx_word' id='word_1_159' title='bbox 3439 709 3542 778; x_wconf 72' lang='grc' dir='ltr'><strong>ἐγὼ</strong></span> <span class='ocrx_word' id='word_1_160' title='bbox 3575 710 3627 766; x_wconf 71' lang='grc' dir='ltr'><em>δὲ</em></span> 
     </span>
    </p>
   </div>
   <div class='ocr_carea' id='block_1_23' title="bbox 2094 799 3628 872">
    <p class='ocr_par' dir='ltr' id='par_1_23' title="bbox 2094 799 3628 872">
     <span class='ocr_line' id='line_1_23' title="bbox 2094 799 3628 872; baseline 0 -16"><span class='ocrx_word' id='word_1_161' title='bbox 2094 804 2547 872; x_wconf 71' lang='grc' dir='ltr'><em>προσηυχόμην.</em></span> <span class='ocrx_word' id='word_1_162' title='bbox 2597 800 2706 856; x_wconf 75' lang='grc' dir='ltr'><em>Καὶ</em></span> <span class='ocrx_word' id='word_1_163' title='bbox 2745 800 2949 856; x_wconf 72' lang='grc' dir='ltr'><em>ἔθεντο</em></span> <span class='ocrx_word' id='word_1_164' title='bbox 2992 799 3120 854; x_wconf 83' lang='grc' dir='ltr'><em>κατ’</em></span> <span class='ocrx_word' id='word_1_165' title='bbox 3149 799 3296 868; x_wconf 81' lang='grc' dir='ltr'><em>ἐμοῦ</em></span> <span class='ocrx_word' id='word_1_166' title='bbox 3343 799 3488 852; x_wconf 85' lang='grc' dir='ltr'><em>κακά</em></span> <span class='ocrx_word' id='word_1_167' title='bbox 3523 801 3628 856; x_wconf 69' lang='grc' dir='ltr'><em>ἀντὶ</em></span> 
     </span>
    </p>
   </div>
   <div class='ocr_carea' id='block_1_24' title="bbox 2094 889 3636 964">
    <p class='ocr_par' dir='ltr' id='par_1_24' title="bbox 2094 889 3636 964">
     <span class='ocr_line' id='line_1_24' title="bbox 2094 889 3636 964; baseline 0.001 -15"><span class='ocrx_word' id='word_1_168' title='bbox 2094 893 2350 964; x_wconf 81' lang='grc' dir='ltr'><em>ἀγαθῶν,</em></span> <span class='ocrx_word' id='word_1_169' title='bbox 2401 892 2499 947; x_wconf 79' lang='grc' dir='ltr'><em>καὶ</em></span> <span class='ocrx_word' id='word_1_170' title='bbox 2518 891 2699 963; x_wconf 84' lang='grc' dir='ltr'><em>μῖσος</em></span> <span class='ocrx_word' id='word_1_171' title='bbox 2730 891 2862 946; x_wconf 77' lang='grc' dir='ltr'><em>ἀντὶ</em></span> <span class='ocrx_word' id='word_1_172' title='bbox 2890 891 3001 960; x_wconf 84' lang='grc' dir='ltr'><em>τῆς</em></span> <span class='ocrx_word' id='word_1_173' title='bbox 3027 889 3383 960; x_wconf 82' lang='grc' dir='ltr'><em>ἀγαπήσεώς</em></span> <span class='ocrx_word' id='word_1_174' title='bbox 3407 907 3532 960; x_wconf 86' lang='grc' dir='ltr'><em>μου·</em></span> <span class='ocrx_word' id='word_1_175' title='bbox 3560 911 3636 963; x_wconf 56' lang='lat' dir='ltr'><strong>pa.</strong></span> 
     </span>
    </p>
   </div>
   <div class='ocr_carea' id='block_1_25' title="bbox 2095 981 3636 1058">
    <p class='ocr_par' dir='ltr' id='par_1_25' title="bbox 2095 981 3636 1058">
     <span class='ocr_line' id='line_1_25' title="bbox 2095 981 3636 1058; baseline -0.003 -17"><span class='ocrx_word' id='word_1_176' title='bbox 2095 986 2306 1058; x_wconf 69' lang='grc' dir='ltr'><strong>νονουχ)⁸</strong></span> <span class='ocrx_word' id='word_1_177' title='bbox 2331 986 2577 1048; x_wconf 74' lang='grc' dir='ltr'><em>καὶτοὺς</em></span> <span class='ocrx_word' id='word_1_178' title='bbox 2603 983 2729 1056; x_wconf 74' lang='grc' dir='ltr'><em>ἐμοὶ</em></span> <span class='ocrx_word' id='word_1_179' title='bbox 2747 983 3219 1055; x_wconf 77' lang='grc' dir='ltr'><em>μαθητευομένους.</em></span> <span class='ocrx_word' id='word_1_180' title='bbox 3241 981 3389 1054; x_wconf 76' lang='grc' dir='ltr'><em>ἔργῳ</em></span> <span class='ocrx_word' id='word_1_181' title='bbox 3409 982 3636 1050; x_wconf 75' lang='grc' dir='ltr'><em>διδάσκων</em></span> 
     </span>
    </p>
   </div>
   <div class='ocr_carea' id='block_1_26' title="bbox 2095 1071 3688 1147">
    <p class='ocr_par' dir='ltr' id='par_1_26' title="bbox 2095 1071 3688 1147">
     <span class='ocr_line' id='line_1_26' title="bbox 2095 1071 3688 1147; baseline -0.007 -14"><span class='ocrx_word' id='word_1_182' title='bbox 2095 1079 2310 1142; x_wconf 77' lang='grc' dir='ltr'><strong>ὁποίους</strong></span> <span class='ocrx_word' id='word_1_183' title='bbox 2325 1077 2418 1132; x_wconf 75' lang='grc' dir='ltr'><em>καὶ</em></span> <span class='ocrx_word' id='word_1_184' title='bbox 2439 1077 2636 1140; x_wconf 77' lang='grc' dir='ltr'><em>αὐτοὺς</em></span> <span class='ocrx_word' id='word_1_185' title='bbox 2656 1071 2794 1129; x_wconf 76' lang='grc' dir='ltr'><em>εἶναι</em></span> <span class='ocrx_word' id='word_1_186' title='bbox 2811 1076 3094 1147; x_wconf 78' lang='grc' dir='ltr'><em>προσήκει,</em></span> <span class='ocrx_word' id='word_1_187' title='bbox 3117 1075 3170 1127; x_wconf 81' lang='grc' dir='ltr'><strong>ετ</strong></span> <span class='ocrx_word' id='word_1_188' title='bbox 3191 1091 3324 1128; x_wconf 87' lang='grc' dir='ltr'><em>ποτε</em></span> <span class='ocrx_word' id='word_1_189' title='bbox 3342 1076 3449 1138; x_wconf 82' lang='grc' dir='ltr'>τοῖς</span> <span class='ocrx_word' id='word_1_190' title='bbox 3468 1076 3637 1146; x_wconf 73' lang='grc' dir='ltr'><em>ὁμοίοις</em></span> <span class='ocrx_word' id='word_1_191' title='bbox 3683 1119 3688 1122; x_wconf 88' lang='grc'>.</span> 
     </span>
    </p>
   </div>
   <div class='ocr_carea' id='block_1_27' title="bbox 2096 1166 3639 1242">
    <p class='ocr_par' dir='ltr' id='par_1_27' title="bbox 2096 1166 3639 1242">
     <span class='ocr_line' id='line_1_27' title="bbox 2096 1166 3639 1242; baseline -0.001 -18"><span class='ocrx_word' id='word_1_192' title='bbox 2096 1171 2494 1242; x_wconf 83' lang='grc' dir='ltr'><em>περιπίπτοιεν.</em></span> <span class='ocrx_word' id='word_1_193' title='bbox 2546 1167 2698 1222; x_wconf 83' lang='grc' dir='ltr'><strong>Ἐπεὶ</strong></span> <span class='ocrx_word' id='word_1_194' title='bbox 2727 1167 2784 1221; x_wconf 85' lang='grc' dir='ltr'><strong>δὲ</strong></span> <span class='ocrx_word' id='word_1_195' title='bbox 2821 1168 3002 1240; x_wconf 80' lang='grc' dir='ltr'><strong>μέσως</strong></span> <span class='ocrx_word' id='word_1_196' title='bbox 3050 1167 3263 1239; x_wconf 73' lang='grc' dir='ltr'><em>εἴρηται</em></span> <span class='ocrx_word' id='word_1_197' title='bbox 3306 1166 3401 1220; x_wconf 80' lang='grc' dir='ltr'><em>τό’</em></span> <span class='ocrx_word' id='word_1_198' title='bbox 3441 1167 3564 1236; x_wconf 81' lang='grc' dir='ltr'><strong>Ἐγὼ</strong></span> <span class='ocrx_word' id='word_1_199' title='bbox 3587 1167 3639 1222; x_wconf 81' lang='grc' dir='ltr'><strong>δὲ</strong></span> 
     </span>
    </p>
   </div>
   <div class='ocr_carea' id='block_1_28' title="bbox 2097 1255 3647 1332">
    <p class='ocr_par' dir='ltr' id='par_1_28' title="bbox 2097 1255 3647 1332">
     <span class='ocr_line' id='line_1_28' title="bbox 2097 1255 3647 1332; baseline 0.001 -16"><span class='ocrx_word' id='word_1_200' title='bbox 2097 1262 2533 1331; x_wconf 77' lang='grc' dir='ltr'><em>προσηυχόμην</em></span> <span class='ocrx_word' id='word_1_201' title='bbox 2553 1277 2568 1291; x_wconf 76' lang='grc' dir='ltr'><strong><em>ο</em></strong></span> <span class='ocrx_word' id='word_1_202' title='bbox 2598 1259 2719 1313; x_wconf 83' lang='grc' dir='ltr'><em>τίνα</em></span> <span class='ocrx_word' id='word_1_203' title='bbox 2743 1259 2803 1313; x_wconf 82' lang='grc' dir='ltr'><strong>δὲ</strong></span> <span class='ocrx_word' id='word_1_204' title='bbox 2841 1255 2910 1332; x_wconf 78' lang='grc' dir='ltr'><em>ἦν</em></span> <span class='ocrx_word' id='word_1_205' title='bbox 2959 1258 2995 1314; x_wconf 73' lang='grc' dir='ltr'>ἃ</span> <span class='ocrx_word' id='word_1_206' title='bbox 3030 1257 3373 1331; x_wconf 82' lang='grc' dir='ltr'><strong>προσηύχετο</strong></span> <span class='ocrx_word' id='word_1_207' title='bbox 3415 1258 3503 1312; x_wconf 71' lang='grc' dir='ltr'><em>καὶ</em></span> <span class='ocrx_word' id='word_1_208' title='bbox 3530 1259 3647 1331; x_wconf 73' lang='grc' dir='ltr'><strong>ὑπὲρ.</strong></span> 
     </span>
    </p>
   </div>
   <div class='ocr_carea' id='block_1_29' title="bbox 2097 1349 3644 1425">
    <p class='ocr_par' dir='ltr' id='par_1_29' title="bbox 2097 1349 3644 1425">
     <span class='ocr_line' id='line_1_29' title="bbox 2097 1349 3644 1425; baseline -0.001 -19"><span class='ocrx_word' id='word_1_209' title='bbox 2097 1354 2338 1420; x_wconf 87' lang='grc' dir='ltr'><em>ἐκείνων,</em></span> <span class='ocrx_word' id='word_1_210' title='bbox 2365 1353 2469 1408; x_wconf 86' lang='grc' dir='ltr'><em>οὐκ</em></span> <span class='ocrx_word' id='word_1_211' title='bbox 2502 1353 2834 1425; x_wconf 78' lang='grc' dir='ltr'><strong>ἐμφέρεται·</strong></span> <span class='ocrx_word' id='word_1_212' title='bbox 2871 1349 3074 1406; x_wconf 78' lang='grc' dir='ltr'><strong>εἴποιδ¹</strong></span> <span class='ocrx_word' id='word_1_213' title='bbox 3109 1351 3173 1406; x_wconf 75' lang='grc' dir='ltr'><strong>ἄν</strong></span> <span class='ocrx_word' id='word_1_214' title='bbox 3206 1369 3294 1414; x_wconf 87' lang='grc' dir='ltr'><em>τις</em></span> <span class='ocrx_word' id='word_1_215' title='bbox 3323 1350 3556 1415; x_wconf 73' lang='grc' dir='ltr'><em>εἰκότως,</em></span> <span class='ocrx_word' id='word_1_216' title='bbox 3580 1351 3644 1405; x_wconf 74' lang='grc' dir='ltr'><em>ὅτι</em></span> 
     </span>
    </p>
   </div>
   <div class='ocr_carea' id='block_1_30' title="bbox 2097 1442 3646 1518">
    <p class='ocr_par' dir='ltr' id='par_1_30' title="bbox 2097 1442 3646 1518">
     <span class='ocr_line' id='line_1_30' title="bbox 2097 1442 3646 1518; baseline -0.004 -17"><span class='ocrx_word' id='word_1_217' title='bbox 2097 1446 2271 1501; x_wconf 79' lang='grc' dir='ltr'><em>ταῦτα</em></span> <span class='ocrx_word' id='word_1_218' title='bbox 2291 1445 2631 1518; x_wconf 83' lang='grc' dir='ltr'>προσηύχετο</span> <span class='ocrx_word' id='word_1_219' title='bbox 2662 1445 2758 1500; x_wconf 79' lang='grc' dir='ltr'><em>καὶ</em></span> <span class='ocrx_word' id='word_1_220' title='bbox 2799 1443 2938 1516; x_wconf 80' lang='grc' dir='ltr'><strong>ὑπὲρ</strong></span> <span class='ocrx_word' id='word_1_221' title='bbox 2968 1443 3213 1508; x_wconf 86' lang='grc' dir='ltr'><em>ἐκείνων,</em></span> <span class='ocrx_word' id='word_1_222' title='bbox 3246 1443 3284 1498; x_wconf 76' lang='grc' dir='ltr'>ἃ</span> <span class='ocrx_word' id='word_1_223' title='bbox 3325 1442 3390 1514; x_wconf 78' lang='grc' dir='ltr'><strong>δὴ</strong></span> <span class='ocrx_word' id='word_1_224' title='bbox 3417 1442 3646 1512; x_wconf 52' lang='lat' dir='ltr'><strong>stipatum</strong></span> 
     </span>
    </p>
   </div>
   <div class='ocr_carea' id='block_1_31' title="bbox 2095 1529 3648 1611">
    <p class='ocr_par' dir='ltr' id='par_1_31' title="bbox 2095 1529 3648 1611">
     <span class='ocr_line' id='line_1_31' title="bbox 2095 1529 3648 1611; baseline -0.003 -19"><span class='ocrx_word' id='word_1_225' title='bbox 2095 1534 2164 1611; x_wconf 80' lang='grc' dir='ltr'><strong>ἦν</strong></span> <span class='ocrx_word' id='word_1_226' title='bbox 2189 1540 2307 1603; x_wconf 81' lang='grc' dir='ltr'><em>ταῖς</em></span> <span class='ocrx_word' id='word_1_227' title='bbox 2342 1536 2506 1592; x_wconf 76' lang='grc' dir='ltr'><em>αὑτοῦ</em></span> <span class='ocrx_word' id='word_1_228' title='bbox 2533 1536 2924 1602; x_wconf 80' lang='grc' dir='ltr'><strong>διδασκαλίαις,</strong></span> <span class='ocrx_word' id='word_1_229' title='bbox 2949 1536 3019 1590; x_wconf 86' lang='grc' dir='ltr'><strong>δι’</strong></span> <span class='ocrx_word' id='word_1_230' title='bbox 3040 1529 3115 1590; x_wconf 84' lang='grc' dir='ltr'><strong>ὧν</strong></span> <span class='ocrx_word' id='word_1_231' title='bbox 3146 1535 3358 1605; x_wconf 72' lang='grc' dir='ltr'><em>ἔφασκε</em></span> <span class='ocrx_word' id='word_1_232' title='bbox 3383 1553 3399 1566; x_wconf 88' lang='grc'><strong>·</strong></span> <span class='ocrx_word' id='word_1_233' title='bbox 3430 1535 3648 1602; x_wconf 77' lang='grc' dir='ltr'><em>Προσεύ-</em></span> 
     </span>
    </p>
   </div>
   <div class='ocr_carea' id='block_1_32' title="bbox 2099 1627 3655 1702">
    <p class='ocr_par' dir='ltr' id='par_1_32' title="bbox 2099 1627 3655 1702">
     <span class='ocr_line' id='line_1_32' title="bbox 2099 1627 3655 1702; baseline -0.006 -16"><span class='ocrx_word' id='word_1_234' title='bbox 2099 1635 2282 1702; x_wconf 82' lang='grc' dir='ltr'><em>χεσθε</em></span> <span class='ocrx_word' id='word_1_235' title='bbox 2332 1629 2487 1699; x_wconf 79' lang='grc' dir='ltr'><strong>ὑπὲρ</strong></span> <span class='ocrx_word' id='word_1_236' title='bbox 2530 1627 2652 1683; x_wconf 87' lang='grc' dir='ltr'><em>τῶν</em></span> <span class='ocrx_word' id='word_1_237' title='bbox 2703 1627 3148 1698; x_wconf 79' lang='grc' dir='ltr'><strong>ἐπηρεαζόντων</strong></span> <span class='ocrx_word' id='word_1_238' title='bbox 3198 1627 3304 1682; x_wconf 77' lang='grc' dir='ltr'><em>καὶ</em></span> <span class='ocrx_word' id='word_1_239' title='bbox 3352 1627 3655 1680; x_wconf 75' lang='grc' dir='ltr'><strong>διωκόντων.</strong></span> 
     </span>
    </p>
   </div>
   <div class='ocr_carea' id='block_1_33' title="bbox 417 1715 1994 1814">
    <p class='ocr_par' dir='ltr' id='par_1_33' title="bbox 417 1742 1994 1814">
     <span class='ocr_line' id='line_1_33' title="bbox 417 1742 1994 1814; baseline 0.001 -19"><span class='ocrx_word' id='word_1_240' title='bbox 417 1743 520 1811; x_wconf 79' lang='lat' dir='ltr'><strong>nis,</strong></span> <span class='ocrx_word' id='word_1_241' title='bbox 550 1752 601 1796; x_wconf 90' lang='lat' dir='ltr'><strong>et</strong></span> <span class='ocrx_word' id='word_1_242' title='bbox 643 1742 824 1797; x_wconf 87' lang='lat' dir='ltr'><strong>odium</strong></span> <span class='ocrx_word' id='word_1_243' title='bbox 861 1759 955 1813; x_wconf 88' lang='lat' dir='ltr'><strong>pro</strong></span> <span class='ocrx_word' id='word_1_244' title='bbox 984 1743 1262 1814; x_wconf 78' lang='lat' dir='ltr'><strong>dilectione</strong></span> <span class='ocrx_word' id='word_1_245' title='bbox 1290 1763 1424 1800; x_wconf 87' lang='lat' dir='ltr'><strong>mea.</strong></span> <span class='ocrx_word' id='word_1_246' title='bbox 1471 1743 1583 1800; x_wconf 85' lang='lat' dir='ltr'><strong>Hac</strong></span> <span class='ocrx_word' id='word_1_247' title='bbox 1613 1743 1682 1799; x_wconf 91' lang='lat' dir='ltr'><strong>de</strong></span> <span class='ocrx_word' id='word_1_248' title='bbox 1727 1759 1785 1800; x_wconf 88' lang='lat' dir='ltr'><strong>re</strong></span> <span class='ocrx_word' id='word_1_249' title='bbox 1809 1745 1994 1812; x_wconf 76' lang='lat' dir='ltr'><strong>dicen-</strong></span> 
     </span>
    </p>
   </div>
   <div class='ocr_carea' id='block_1_34' title="bbox 2099 1715 3652 1814">
    <p class='ocr_par' dir='ltr' id='par_1_34' title="bbox 2099 1715 3652 1792">
     <span class='ocr_line' id='line_1_34' title="bbox 2099 1715 3652 1792; baseline 0.003 -15"><span class='ocrx_word' id='word_1_250' title='bbox 2099 1720 2273 1792; x_wconf 71' lang='grc' dir='ltr'><strong>ὑμᾶς.</strong></span> <span class='ocrx_word' id='word_1_251' title='bbox 2295 1751 2366 1762; x_wconf 86' lang='grc'><strong>·-</strong></span> <span class='ocrx_word' id='word_1_252' title='bbox 2385 1721 2494 1776; x_wconf 78' lang='grc' dir='ltr'><strong>Καὶ</strong></span> <span class='ocrx_word' id='word_1_253' title='bbox 2521 1721 2727 1777; x_wconf 78' lang='grc' dir='ltr'><em>ἔθεντο</em></span> <span class='ocrx_word' id='word_1_254' title='bbox 2749 1723 2879 1774; x_wconf 83' lang='grc' dir='ltr'><em>κατ’</em></span> <span class='ocrx_word' id='word_1_255' title='bbox 2907 1719 3054 1790; x_wconf 85' lang='grc' dir='ltr'><strong>ἐμοῦ</strong></span> <span class='ocrx_word' id='word_1_256' title='bbox 3083 1719 3237 1774; x_wconf 79' lang='grc' dir='ltr'><em>κακὰ</em></span> <span class='ocrx_word' id='word_1_257' title='bbox 3262 1718 3400 1774; x_wconf 72' lang='grc' dir='ltr'><em>ἀντὶ</em></span> <span class='ocrx_word' id='word_1_258' title='bbox 3427 1715 3652 1787; x_wconf 46' lang='lat' dir='ltr'><strong>drawn“,</strong></span> 
     </span>
    </p>
   </div>
   <div class='ocr_carea' id='block_1_35' title="bbox 417 1834 1997 1908">
    <p class='ocr_par' dir='ltr' id='par_1_35' title="bbox 417 1834 1997 1908">
     <span class='ocr_line' id='line_1_35' title="bbox 417 1834 1997 1908; baseline 0.001 -20"><span class='ocrx_word' id='word_1_259' title='bbox 417 1834 545 1888; x_wconf 87' lang='lat' dir='ltr'><strong>dum</strong></span> <span class='ocrx_word' id='word_1_260' title='bbox 577 1835 752 1900; x_wconf 88' lang='lat' dir='ltr'><strong>nihil,</strong></span> <span class='ocrx_word' id='word_1_261' title='bbox 794 1851 918 1891; x_wconf 90' lang='lat' dir='ltr'><strong>cum</strong></span> <span class='ocrx_word' id='word_1_262' title='bbox 966 1835 1197 1893; x_wconf 86' lang='lat' dir='ltr'><strong>historia</strong></span> <span class='ocrx_word' id='word_1_263' title='bbox 1243 1837 1553 1908; x_wconf 78' lang='lat' dir='ltr'><strong>evangelica</strong></span> <span class='ocrx_word' id='word_1_264' title='bbox 1593 1836 1997 1891; x_wconf 91' lang='lat' dir='ltr'><strong>multitudinem</strong></span> 
     </span>
    </p>
   </div>
   <div class='ocr_carea' id='block_1_36' title="bbox 415 1923 1997 2000">
    <p class='ocr_par' dir='ltr' id='par_1_36' title="bbox 415 1923 1997 2000">
     <span class='ocr_line' id='line_1_36' title="bbox 415 1923 1997 2000; baseline 0 -19"><span class='ocrx_word' id='word_1_265' title='bbox 415 1923 832 1994; x_wconf 80' lang='lat' dir='ltr'><strong>beneﬁciorum,</strong></span> <span class='ocrx_word' id='word_1_266' title='bbox 857 1942 977 1997; x_wconf 78' lang='lat' dir='ltr'><strong>quae</strong></span> <span class='ocrx_word' id='word_1_267' title='bbox 1013 1929 1332 1996; x_wconf 85' lang='lat' dir='ltr'><strong>incarnatus</strong></span> <span class='ocrx_word' id='word_1_268' title='bbox 1359 1928 1678 1985; x_wconf 89' lang='lat' dir='ltr'><strong>hominibus</strong></span> <span class='ocrx_word' id='word_1_269' title='bbox 1711 1929 1997 2000; x_wconf 88' lang='lat' dir='ltr'><strong>impertiit,</strong></span> 
     </span>
    </p>
   </div>
   <div class='ocr_carea' id='block_1_37' title="bbox 417 2005 1994 2090">
    <p class='ocr_par' dir='ltr' id='par_1_37' title="bbox 417 2005 1994 2090">
     <span class='ocr_line' id='line_1_37' title="bbox 417 2005 1994 2090; baseline 0.001 -19"><span class='ocrx_word' id='word_1_270' title='bbox 417 2017 830 2088; x_wconf 79' lang='lat' dir='ltr'><strong>complectatur,</strong></span> <span class='ocrx_word' id='word_1_271' title='bbox 879 2034 1004 2073; x_wconf 91' lang='lat' dir='ltr'><strong>cum</strong></span> <span class='ocrx_word' id='word_1_272' title='bbox 1038 2020 1252 2078; x_wconf 89' lang='lat' dir='ltr'><strong>scilicet</strong></span> <span class='ocrx_word' id='word_1_273' title='bbox 1299 2029 1517 2090; x_wconf 87' lang='lat' dir='ltr'><strong>curaret</strong></span> <span class='ocrx_word' id='word_1_274' title='bbox 1549 2036 1766 2076; x_wconf 90' lang='lat' dir='ltr'><strong>omnem</strong></span> <span class='ocrx_word' id='word_1_275' title='bbox 1806 2005 1994 2090; x_wconf 76' lang='lat' dir='ltr'><strong>eorum</strong></span> 
     </span>
    </p>
   </div>
   <div class='ocr_carea' id='block_1_38' title="bbox 416 2106 1231 2178">
    <p class='ocr_par' dir='ltr' id='par_1_38' title="bbox 416 2106 1231 2178">
     <span class='ocr_line' id='line_1_38' title="bbox 416 2106 1231 2178; baseline 0.007 -19"><span class='ocrx_word' id='word_1_276' title='bbox 416 2106 732 2178; x_wconf 77' lang='lat' dir='ltr'><strong>languorem</strong></span> <span class='ocrx_word' id='word_1_277' title='bbox 757 2116 810 2163; x_wconf 90' lang='lat' dir='ltr'><strong>et</strong></span> <span class='ocrx_word' id='word_1_278' title='bbox 838 2108 1231 2165; x_wconf 80' lang='lat' dir='ltr'><strong>inﬁrmitatem.</strong></span> 
     </span>
    </p>
   </div>
   <div class='ocr_carea' id='block_1_39' title="bbox 485 2263 2017 2338">
    <p class='ocr_par' dir='ltr' id='par_1_39' title="bbox 485 2263 2017 2338">
     <span class='ocr_line' id='line_1_39' title="bbox 485 2263 2017 2338; baseline 0 -19"><span class='ocrx_word' id='word_1_279' title='bbox 485 2263 650 2321; x_wconf 68' lang='lat' dir='ltr'><strong>Vens.</strong></span> <span class='ocrx_word' id='word_1_280' title='bbox 678 2265 836 2322; x_wconf 75' lang='lat'><strong>6-10.</strong></span> <span class='ocrx_word' id='word_1_281' title='bbox 885 2264 1162 2338; x_wconf 71' lang='lat' dir='ltr'><strong>constitue</strong></span> <span class='ocrx_word' id='word_1_282' title='bbox 1201 2282 1368 2337; x_wconf 79' lang='lat' dir='ltr'><strong>“super</strong></span> <span class='ocrx_word' id='word_1_283' title='bbox 1393 2284 1512 2322; x_wconf 89' lang='lat' dir='ltr'><strong>eum</strong></span> <span class='ocrx_word' id='word_1_284' title='bbox 1558 2281 1901 2338; x_wconf 78' lang='lat' dir='ltr'><strong>peccatorem,</strong></span> <span class='ocrx_word' id='word_1_285' title='bbox 1947 2277 2017 2324; x_wconf 67' lang='lat' dir='ltr'><strong>et.</strong></span> 
     </span>
    </p>
   </div>
   <div class='ocr_carea' id='block_1_40' title="bbox 415 2355 1999 2431">
    <p class='ocr_par' dir='ltr' id='par_1_40' title="bbox 415 2355 1999 2431">
     <span class='ocr_line' id='line_1_40' title="bbox 415 2355 1999 2431; baseline 0.004 -21"><span class='ocrx_word' id='word_1_286' title='bbox 415 2355 660 2412; x_wconf 77' lang='lat' dir='ltr'><strong>diabolus</strong></span> <span class='ocrx_word' id='word_1_287' title='bbox 691 2366 791 2426; x_wconf 86' lang='lat' dir='ltr'><strong>stet</strong></span> <span class='ocrx_word' id='word_1_288' title='bbox 822 2374 854 2412; x_wconf 94' lang='lat' dir='ltr'><strong>a</strong></span> <span class='ocrx_word' id='word_1_289' title='bbox 885 2358 1087 2414; x_wconf 71' lang='lat' dir='ltr'><strong>dextris</strong></span> <span class='ocrx_word' id='word_1_290' title='bbox 1125 2360 1261 2426; x_wconf 82' lang='lat' dir='ltr'><strong>eius.</strong></span> <span class='ocrx_word' id='word_1_291' title='bbox 1288 2359 1392 2426; x_wconf 86' lang='lat' dir='ltr'><strong>Qui</strong></span> <span class='ocrx_word' id='word_1_292' title='bbox 1431 2361 1598 2415; x_wconf 89' lang='lat' dir='ltr'><strong>etiam</strong></span> <span class='ocrx_word' id='word_1_293' title='bbox 1632 2361 1809 2431; x_wconf 88' lang='lat' dir='ltr'><strong>ipsum</strong></span> <span class='ocrx_word' id='word_1_294' title='bbox 1840 2377 1999 2417; x_wconf 87' lang='lat' dir='ltr'><strong>ener-</strong></span> 
     </span>
    </p>
   </div>
   <div class='ocr_carea' id='block_1_41' title="bbox 415 2437 1997 2522">
    <p class='ocr_par' dir='ltr' id='par_1_41' title="bbox 415 2437 1997 2522">
     <span class='ocr_line' id='line_1_41' title="bbox 415 2437 1997 2522; baseline 0.005 -23"><span class='ocrx_word' id='word_1_295' title='bbox 415 2449 582 2513; x_wconf 85' lang='lat' dir='ltr'><strong>vavit,</strong></span> <span class='ocrx_word' id='word_1_296' title='bbox 611 2463 674 2503; x_wconf 88' lang='lat' dir='ltr'><strong>ac</strong></span> <span class='ocrx_word' id='word_1_297' title='bbox 707 2449 980 2519; x_wconf 82' lang='lat' dir='ltr'><strong>omnibus,</strong></span> <span class='ocrx_word' id='word_1_298' title='bbox 1012 2466 1132 2521; x_wconf 82' lang='lat' dir='ltr'><strong>quae</strong></span> <span class='ocrx_word' id='word_1_299' title='bbox 1162 2437 1402 2522; x_wconf 84' lang='lat' dir='ltr'><strong>priusin</strong></span> <span class='ocrx_word' id='word_1_300' title='bbox 1433 2450 1624 2518; x_wconf 65' lang='lat' dir='ltr'><strong>dextra</strong></span> <span class='ocrx_word' id='word_1_301' title='bbox 1661 2453 1858 2506; x_wconf 72' lang='lat' dir='ltr'><strong>animae</strong></span> <span class='ocrx_word' id='word_1_302' title='bbox 1883 2467 1997 2507; x_wconf 82' lang='lat' dir='ltr'><strong>suae</strong></span> 
     </span>
    </p>
   </div>
   <div class='ocr_carea' id='block_1_42' title="bbox 415 2535 1994 2616">
    <p class='ocr_par' dir='ltr' id='par_1_42' title="bbox 415 2535 1994 2616">
     <span class='ocr_line' id='line_1_42' title="bbox 415 2535 1994 2616; baseline 0.006 -25"><span class='ocrx_word' id='word_1_303' title='bbox 415 2549 569 2609; x_wconf 87' lang='lat' dir='ltr'><strong>parte</strong></span> <span class='ocrx_word' id='word_1_304' title='bbox 617 2539 899 2610; x_wconf 86' lang='lat' dir='ltr'><strong>possidere</strong></span> <span class='ocrx_word' id='word_1_305' title='bbox 947 2535 1260 2614; x_wconf 78' lang='lat' dir='ltr'><strong>videbatur,</strong></span> <span class='ocrx_word' id='word_1_306' title='bbox 1307 2545 1486 2616; x_wconf 90' lang='lat' dir='ltr'><strong>ipsum</strong></span> <span class='ocrx_word' id='word_1_307' title='bbox 1535 2546 1809 2616; x_wconf 78' lang='lat' dir='ltr'><strong>spoliavit.</strong></span> <span class='ocrx_word' id='word_1_308' title='bbox 1859 2546 1994 2603; x_wconf 89' lang='lat' dir='ltr'><strong>Cum</strong></span> 
     </span>
    </p>
   </div>
   <div class='ocr_carea' id='block_1_43' title="bbox 411 2629 1994 2710">
    <p class='ocr_par' dir='ltr' id='par_1_43' title="bbox 411 2629 1994 2710">
     <span class='ocr_line' id='line_1_43' title="bbox 411 2629 1994 2710; baseline 0.007 -28"><span class='ocrx_word' id='word_1_309' title='bbox 411 2629 706 2704; x_wconf 69' lang='lat' dir='ltr'><strong>iudicatur,</strong></span> <span class='ocrx_word' id='word_1_310' title='bbox 743 2642 893 2687; x_wconf 71' lang='lat' dir='ltr'><strong>exeat</strong></span> <span class='ocrx_word' id='word_1_311' title='bbox 925 2634 1326 2704; x_wconf 82' lang='lat' dir='ltr'><strong>condemnatus,</strong></span> <span class='ocrx_word' id='word_1_312' title='bbox 1359 2647 1408 2709; x_wconf 77' lang='lat' dir='ltr'><strong>et</strong></span> <span class='ocrx_word' id='word_1_313' title='bbox 1450 2639 1620 2692; x_wconf 86' lang='lat' dir='ltr'><strong>oratio</strong></span> <span class='ocrx_word' id='word_1_314' title='bbox 1656 2639 1768 2710; x_wconf 84' lang='lat' dir='ltr'><strong>ejus</strong></span> <span class='ocrx_word' id='word_1_315' title='bbox 1804 2640 1902 2710; x_wconf 79' lang='lat' dir='ltr'><strong>ﬁat</strong></span> <span class='ocrx_word' id='word_1_316' title='bbox 1939 2641 1994 2693; x_wconf 79' lang='lat' dir='ltr'><strong>in</strong></span> 
     </span>
    </p>
   </div>
   <div class='ocr_carea' id='block_1_44' title="bbox 413 2724 1997 2804">
    <p class='ocr_par' dir='ltr' id='par_1_44' title="bbox 413 2724 1997 2804">
     <span class='ocr_line' id='line_1_44' title="bbox 413 2724 1997 2804; baseline 0.007 -26"><span class='ocrx_word' id='word_1_317' title='bbox 413 2733 702 2792; x_wconf 77' lang='lat' dir='ltr'><strong>peccatum.</strong></span> <span class='ocrx_word' id='word_1_318' title='bbox 739 2724 903 2780; x_wconf 76' lang='lat' dir='ltr'><strong>Fiant</strong></span> <span class='ocrx_word' id='word_1_319' title='bbox 927 2727 1037 2783; x_wconf 87' lang='lat' dir='ltr'><strong>dies</strong></span> <span class='ocrx_word' id='word_1_320' title='bbox 1066 2729 1180 2798; x_wconf 87' lang='lat' dir='ltr'><strong>ejus</strong></span> <span class='ocrx_word' id='word_1_321' title='bbox 1210 2731 1388 2798; x_wconf 82' lang='lat' dir='ltr'><strong>pauci,</strong></span> <span class='ocrx_word' id='word_1_322' title='bbox 1417 2739 1468 2786; x_wconf 89' lang='lat' dir='ltr'><strong>et</strong></span> <span class='ocrx_word' id='word_1_323' title='bbox 1503 2732 1857 2802; x_wconf 78' lang='lat' dir='ltr'><strong>episcOpatum</strong></span> <span class='ocrx_word' id='word_1_324' title='bbox 1881 2732 1997 2804; x_wconf 83' lang='lat' dir='ltr'><strong>ejus</strong></span> 
     </span>
    </p>
   </div>
   <div class='ocr_carea' id='block_1_45' title="bbox 413 2817 1996 2894">
    <p class='ocr_par' dir='ltr' id='par_1_45' title="bbox 413 2817 1996 2894">
     <span class='ocr_line' id='line_1_45' title="bbox 413 2817 1996 2894; baseline 0.006 -24"><span class='ocrx_word' id='word_1_325' title='bbox 413 2818 639 2887; x_wconf 83' lang='lat' dir='ltr'><strong>accipiat</strong></span> <span class='ocrx_word' id='word_1_326' title='bbox 672 2817 806 2873; x_wconf 82' lang='lat' dir='ltr'><strong>alter</strong></span> <span class='ocrx_word' id='word_1_327' title='bbox 845 2835 864 2874; x_wconf 89' lang='lat'><em>:</em></span> <span class='ocrx_word' id='word_1_328' title='bbox 914 2821 1047 2890; x_wconf 79' lang='lat' dir='ltr'><strong>ﬁant</strong></span> <span class='ocrx_word' id='word_1_329' title='bbox 1077 2821 1178 2891; x_wconf 79' lang='lat' dir='ltr'><strong>ﬁlii</strong></span> <span class='ocrx_word' id='word_1_330' title='bbox 1226 2822 1339 2891; x_wconf 90' lang='lat' dir='ltr'><strong>ejus</strong></span> <span class='ocrx_word' id='word_1_331' title='bbox 1363 2822 1607 2892; x_wconf 85' lang='lat' dir='ltr'><strong>orphani,</strong></span> <span class='ocrx_word' id='word_1_332' title='bbox 1641 2834 1689 2878; x_wconf 88' lang='lat' dir='ltr'><strong>et</strong></span> <span class='ocrx_word' id='word_1_333' title='bbox 1724 2840 1860 2878; x_wconf 73' lang='lat' dir='ltr'><strong>uxor</strong></span> <span class='ocrx_word' id='word_1_334' title='bbox 1881 2825 1996 2894; x_wconf 85' lang='lat' dir='ltr'><strong>ejus</strong></span> 
     </span>
    </p>
   </div>
   <div class='ocr_carea' id='block_1_46' title="bbox 412 2908 1995 2985">
    <p class='ocr_par' dir='ltr' id='par_1_46' title="bbox 412 2908 1995 2985">
     <span class='ocr_line' id='line_1_46' title="bbox 412 2908 1995 2985; baseline 0.006 -23"><span class='ocrx_word' id='word_1_335' title='bbox 412 2908 590 2963; x_wconf 76' lang='lat' dir='ltr'><strong>vidua.</strong></span> <span class='ocrx_word' id='word_1_336' title='bbox 611 2908 664 2972; x_wconf 85' lang='grc' dir='ltr'><em>Ν</em></span> <span class='ocrx_word' id='word_1_337' title='bbox 667 2920 881 2976; x_wconf 85' lang='lat' dir='ltr'><strong>utantes</strong></span> <span class='ocrx_word' id='word_1_338' title='bbox 904 2913 1296 2981; x_wconf 71' lang='lat' dir='ltr'><strong>transferantur</strong></span> <span class='ocrx_word' id='word_1_339' title='bbox 1324 2915 1426 2983; x_wconf 82' lang='lat' dir='ltr'><strong>ﬁlii</strong></span> <span class='ocrx_word' id='word_1_340' title='bbox 1452 2916 1587 2985; x_wconf 85' lang='lat' dir='ltr'><strong>ejus,</strong></span> <span class='ocrx_word' id='word_1_341' title='bbox 1607 2925 1656 2973; x_wconf 86' lang='lat' dir='ltr'><strong>et</strong></span> <span class='ocrx_word' id='word_1_342' title='bbox 1680 2917 1995 2983; x_wconf 86' lang='lat' dir='ltr'><strong>mendicent,</strong></span> 
     </span>
    </p>
   </div>
   <div class='ocr_carea' id='block_1_47' title="bbox 413 3000 1998 3074">
    <p class='ocr_par' dir='ltr' id='par_1_47' title="bbox 413 3000 1998 3074">
     <span class='ocr_line' id='line_1_47' title="bbox 413 3000 1998 3074; baseline 0.008 -21"><span class='ocrx_word' id='word_1_343' title='bbox 413 3000 696 3072; x_wconf 82' lang='lat' dir='ltr'><strong>ejiciantur</strong></span> <span class='ocrx_word' id='word_1_344' title='bbox 724 3002 789 3068; x_wconf 81' lang='lat' dir='ltr'><strong>de</strong></span> <span class='ocrx_word' id='word_1_345' title='bbox 813 3002 1229 3071; x_wconf 79' lang='lat' dir='ltr'><strong>habitationibus</strong></span> <span class='ocrx_word' id='word_1_346' title='bbox 1256 3007 1389 3074; x_wconf 84' lang='lat' dir='ltr'><strong>suis.</strong></span> <span class='ocrx_word' id='word_1_347' title='bbox 1425 3007 1735 3064; x_wconf 84' lang='lat' dir='ltr'><strong>Verisimile</strong></span> <span class='ocrx_word' id='word_1_348' title='bbox 1762 3019 1847 3065; x_wconf 89' lang='lat' dir='ltr'><strong>est</strong></span> <span class='ocrx_word' id='word_1_349' title='bbox 1883 3009 1998 3066; x_wconf 70' lang='lat' dir='ltr'><strong>haec</strong></span> 
     </span>
    </p>
   </div>
   <div class='ocr_carea' id='block_1_48' title="bbox 413 3073 2066 3171">
    <p class='ocr_par' dir='ltr' id='par_1_48' title="bbox 413 3073 2066 3171">
     <span class='ocr_line' id='line_1_48' title="bbox 413 3073 2066 3171; baseline 0.007 -27"><span class='ocrx_word' id='word_1_350' title='bbox 413 3091 592 3162; x_wconf 89' lang='lat' dir='ltr'><strong>reipsa</strong></span> <span class='ocrx_word' id='word_1_351' title='bbox 624 3107 686 3162; x_wconf 84' lang='lat' dir='ltr'><strong>ac</strong></span> <span class='ocrx_word' id='word_1_352' title='bbox 713 3095 1012 3169; x_wconf 86' lang='lat' dir='ltr'><strong>secundum</strong></span> <span class='ocrx_word' id='word_1_353' title='bbox 1037 3095 1240 3165; x_wconf 86' lang='lat' dir='ltr'><strong>nudam</strong></span> <span class='ocrx_word' id='word_1_354' title='bbox 1271 3073 1508 3153; x_wconf 83' lang='lat' dir='ltr'><strong>litteram</strong></span> <span class='ocrx_word' id='word_1_355' title='bbox 1540 3107 1728 3158; x_wconf 88' lang='lat' dir='ltr'><strong>contra</strong></span> <span class='ocrx_word' id='word_1_356' title='bbox 1751 3101 1992 3171; x_wconf 87' lang='lat' dir='ltr'><strong>prodito-</strong></span> <span class='ocrx_word' id='word_1_357' title='bbox 2023 3073 2066 3140; x_wconf 62' lang='grc' dir='ltr'>ο</span> 
     </span>
    </p>
   </div>
   <div class='ocr_carea' id='block_1_49' title="bbox 413 3187 1994 3264">
    <p class='ocr_par' dir='ltr' id='par_1_49' title="bbox 413 3187 1994 3264">
     <span class='ocr_line' id='line_1_49' title="bbox 413 3187 1994 3264; baseline 0.008 -31"><span class='ocrx_word' id='word_1_358' title='bbox 413 3195 528 3237; x_wconf 88' lang='lat' dir='ltr'><strong>rem</strong></span> <span class='ocrx_word' id='word_1_359' title='bbox 563 3190 688 3264; x_wconf 83' lang='lat' dir='ltr'><strong>post</strong></span> <span class='ocrx_word' id='word_1_360' title='bbox 723 3187 1142 3255; x_wconf 81' lang='lat' dir='ltr'><strong>suspensionem</strong></span> <span class='ocrx_word' id='word_1_361' title='bbox 1185 3187 1317 3257; x_wconf 84' lang='lat' dir='ltr'><strong>ejus</strong></span> <span class='ocrx_word' id='word_1_362' title='bbox 1361 3189 1629 3260; x_wconf 86' lang='lat' dir='ltr'><strong>completa</strong></span> <span class='ocrx_word' id='word_1_363' title='bbox 1681 3190 1882 3260; x_wconf 83' lang='lat' dir='ltr'><strong>fuisse;</strong></span> <span class='ocrx_word' id='word_1_364' title='bbox 1918 3193 1994 3246; x_wconf 91' lang='lat' dir='ltr'><strong>ita</strong></span> 
     </span>
    </p>
   </div>
   <div class='ocr_carea' id='block_1_50' title="bbox 416 3272 1995 3351">
    <p class='ocr_par' dir='ltr' id='par_1_50' title="bbox 416 3272 1995 3351">
     <span class='ocr_line' id='line_1_50' title="bbox 416 3272 1995 3351; baseline 0.007 -25"><span class='ocrx_word' id='word_1_365' title='bbox 416 3281 476 3344; x_wconf 91' lang='lat' dir='ltr'><strong>ut</strong></span> <span class='ocrx_word' id='word_1_366' title='bbox 502 3272 597 3342; x_wconf 81' lang='lat' dir='ltr'><strong>ﬁlii</strong></span> <span class='ocrx_word' id='word_1_367' title='bbox 623 3275 846 3344; x_wconf 88' lang='lat' dir='ltr'><strong>quidem</strong></span> <span class='ocrx_word' id='word_1_368' title='bbox 872 3275 992 3347; x_wconf 83' lang='lat' dir='ltr'><strong>ejus</strong></span> <span class='ocrx_word' id='word_1_369' title='bbox 1024 3279 1256 3351; x_wconf 80' lang='lat' dir='ltr'><strong>orpliani</strong></span> <span class='ocrx_word' id='word_1_370' title='bbox 1285 3289 1493 3346; x_wconf 85' lang='lat' dir='ltr'><strong>essent,</strong></span> <span class='ocrx_word' id='word_1_371' title='bbox 1518 3289 1574 3337; x_wconf 91' lang='lat' dir='ltr'><strong>et</strong></span> <span class='ocrx_word' id='word_1_372' title='bbox 1602 3297 1740 3350; x_wconf 84' lang='lat' dir='ltr'><strong>uxor</strong></span> <span class='ocrx_word' id='word_1_373' title='bbox 1769 3283 1889 3350; x_wconf 87' lang='lat' dir='ltr'><strong>ejus</strong></span> <span class='ocrx_word' id='word_1_374' title='bbox 1913 3284 1995 3337; x_wconf 86' lang='lat' dir='ltr'><strong>vi-</strong></span> 
     </span>
    </p>
   </div>
   <div class='ocr_carea' id='block_1_51' title="bbox 413 3365 1990 3442">
    <p class='ocr_par' dir='ltr' id='par_1_51' title="bbox 413 3365 1990 3442">
     <span class='ocr_line' id='line_1_51' title="bbox 413 3365 1990 3442; baseline 0.006 -22"><span class='ocrx_word' id='word_1_375' title='bbox 413 3365 544 3430; x_wconf 90' lang='lat' dir='ltr'><strong>dua,</strong></span> <span class='ocrx_word' id='word_1_376' title='bbox 574 3375 878 3438; x_wconf 67' lang='lat' dir='ltr'><strong>caeteraque</strong></span> <span class='ocrx_word' id='word_1_377' title='bbox 900 3370 1084 3438; x_wconf 83' lang='lat' dir='ltr'><strong>omnia</strong></span> <span class='ocrx_word' id='word_1_378' title='bbox 1109 3386 1230 3442; x_wconf 73' lang='lat' dir='ltr'><strong>qua:</strong></span> <span class='ocrx_word' id='word_1_379' title='bbox 1262 3380 1624 3428; x_wconf 85' lang='lat' dir='ltr'><strong>recensentur</strong></span> <span class='ocrx_word' id='word_1_380' title='bbox 1653 3374 1721 3428; x_wconf 90' lang='lat' dir='ltr'><strong>ad</strong></span> <span class='ocrx_word' id='word_1_381' title='bbox 1754 3375 1990 3430; x_wconf 76' lang='lat' dir='ltr'><strong>litteram</strong></span> 
     </span>
    </p>
   </div>
   <div class='ocr_carea' id='block_1_52' title="bbox 417 3455 1992 3532">
    <p class='ocr_par' dir='ltr' id='par_1_52' title="bbox 417 3455 1992 3532">
     <span class='ocr_line' id='line_1_52' title="bbox 417 3455 1992 3532; baseline 0.006 -21"><span class='ocrx_word' id='word_1_382' title='bbox 417 3455 578 3528; x_wconf 78' lang='lat' dir='ltr'><strong>linem</strong></span> <span class='ocrx_word' id='word_1_383' title='bbox 638 3460 990 3526; x_wconf 79' lang='lat' dir='ltr'><strong>sortirentur,</strong></span> <span class='ocrx_word' id='word_1_384' title='bbox 1031 3468 1088 3524; x_wconf 83' lang='lat' dir='ltr'><strong>et</strong></span> <span class='ocrx_word' id='word_1_385' title='bbox 1136 3462 1416 3532; x_wconf 64' lang='lat' dir='ltr'><strong>praedictio</strong></span> <span class='ocrx_word' id='word_1_386' title='bbox 1460 3463 1764 3520; x_wconf 81' lang='lat' dir='ltr'><strong>Salvatoris</strong></span> <span class='ocrx_word' id='word_1_387' title='bbox 1793 3466 1992 3530; x_wconf 90' lang='lat' dir='ltr'><strong>nostri,</strong></span> 
     </span>
    </p>
   </div>
   <div class='ocr_carea' id='block_1_53' title="bbox 414 3547 1994 3634">
    <p class='ocr_par' dir='ltr' id='par_1_53' title="bbox 414 3547 1994 3634">
     <span class='ocr_line' id='line_1_53' title="bbox 414 3547 1994 3634; baseline 0.006 -32"><span class='ocrx_word' id='word_1_388' title='bbox 414 3547 508 3617; x_wconf 90' lang='lat' dir='ltr'><strong>qui</strong></span> <span class='ocrx_word' id='word_1_389' title='bbox 540 3547 654 3604; x_wconf 67' lang='lat' dir='ltr'><strong>haec</strong></span> <span class='ocrx_word' id='word_1_390' title='bbox 688 3547 874 3622; x_wconf 80' lang='lat' dir='ltr'><strong>futura</strong></span> <span class='ocrx_word' id='word_1_391' title='bbox 919 3551 974 3605; x_wconf 91' lang='lat' dir='ltr'><strong>in</strong></span> <span class='ocrx_word' id='word_1_392' title='bbox 1021 3551 1232 3634; x_wconf 81' lang='lat' dir='ltr'><strong>psalmo</strong></span> <span class='ocrx_word' id='word_1_393' title='bbox 1281 3554 1708 3623; x_wconf 60' lang='lat' dir='ltr'><strong>praenuntiabat,</strong></span> <span class='ocrx_word' id='word_1_394' title='bbox 1749 3570 1877 3611; x_wconf 75' lang='lat' dir='ltr'><strong>vera</strong></span> <span class='ocrx_word' id='word_1_395' title='bbox 1900 3555 1994 3611; x_wconf 85' lang='lat' dir='ltr'><strong>dc-</strong></span> 
     </span>
    </p>
   </div>
   <div class='ocr_carea' id='block_1_54' title="bbox 413 3637 1995 3717">
    <p class='ocr_par' dir='ltr' id='par_1_54' title="bbox 413 3637 1995 3717">
     <span class='ocr_line' id='line_1_54' title="bbox 413 3637 1995 3717; baseline 0.007 -26"><span class='ocrx_word' id='word_1_396' title='bbox 413 3637 862 3709; x_wconf 80' lang='lat' dir='ltr'><strong>prehenderetur.</strong></span> <span class='ocrx_word' id='word_1_397' title='bbox 894 3641 1020 3697; x_wconf 68' lang='lat' dir='ltr'><strong>llaac</strong></span> <span class='ocrx_word' id='word_1_398' title='bbox 1059 3643 1189 3699; x_wconf 90' lang='lat' dir='ltr'><strong>item</strong></span> <span class='ocrx_word' id='word_1_399' title='bbox 1216 3642 1489 3715; x_wconf 78' lang='lat' dir='ltr'><strong>intelligas</strong></span> <span class='ocrx_word' id='word_1_400' title='bbox 1524 3648 1726 3717; x_wconf 90' lang='lat' dir='ltr'><strong>populo</strong></span> <span class='ocrx_word' id='word_1_401' title='bbox 1763 3645 1995 3707; x_wconf 70' lang='lat' dir='ltr'><strong>Iudaico</strong></span> 
     </span>
    </p>
   </div>
   <div class='ocr_carea' id='block_1_55' title="bbox 415 3730 1994 3806">
    <p class='ocr_par' dir='ltr' id='par_1_55' title="bbox 415 3730 1994 3806">
     <span class='ocr_line' id='line_1_55' title="bbox 415 3730 1994 3806; baseline 0.006 -24"><span class='ocrx_word' id='word_1_402' title='bbox 415 3736 542 3800; x_wconf 75' lang='lat' dir='ltr'><strong>post</strong></span> <span class='ocrx_word' id='word_1_403' title='bbox 586 3730 814 3803; x_wconf 85' lang='lat' dir='ltr'><strong>insidias</strong></span> <span class='ocrx_word' id='word_1_404' title='bbox 848 3735 904 3788; x_wconf 90' lang='lat' dir='ltr'><strong>in</strong></span> <span class='ocrx_word' id='word_1_405' title='bbox 939 3733 1221 3792; x_wconf 80' lang='lat' dir='ltr'><strong>Christum</strong></span> <span class='ocrx_word' id='word_1_406' title='bbox 1259 3743 1500 3806; x_wconf 81' lang='lat' dir='ltr'><strong>structas</strong></span> <span class='ocrx_word' id='word_1_407' title='bbox 1537 3739 1824 3802; x_wconf 86' lang='lat' dir='ltr'><strong>accidisse.</strong></span> <span class='ocrx_word' id='word_1_408' title='bbox 1855 3737 1994 3793; x_wconf 89' lang='lat' dir='ltr'><strong>Nam</strong></span> 
     </span>
    </p>
   </div>
   <div class='ocr_carea' id='block_1_56' title="bbox 411 3822 2002 3900">
    <p class='ocr_par' dir='ltr' id='par_1_56' title="bbox 411 3822 2002 3900">
     <span class='ocr_line' id='line_1_56' title="bbox 411 3822 2002 3900; baseline 0.006 -24"><span class='ocrx_word' id='word_1_409' title='bbox 411 3822 612 3893; x_wconf 81' lang='lat' dir='ltr'><strong>paucis</strong></span> <span class='ocrx_word' id='word_1_410' title='bbox 642 3824 846 3896; x_wconf 88' lang='lat' dir='ltr'><strong>elapsis</strong></span> <span class='ocrx_word' id='word_1_411' title='bbox 884 3833 1006 3897; x_wconf 80' lang='lat' dir='ltr'><strong>post</strong></span> <span class='ocrx_word' id='word_1_412' title='bbox 1038 3841 1269 3899; x_wconf 21' lang='lat' dir='ltr'><strong>erucem.</strong></span> <span class='ocrx_word' id='word_1_413' title='bbox 1305 3828 1486 3891; x_wconf 89' lang='lat' dir='ltr'><strong>annis,</strong></span> <span class='ocrx_word' id='word_1_414' title='bbox 1537 3835 1652 3884; x_wconf 89' lang='lat' dir='ltr'><strong>tota</strong></span> <span class='ocrx_word' id='word_1_415' title='bbox 1684 3845 1816 3900; x_wconf 77' lang='lat' dir='ltr'><strong>gens</strong></span> <span class='ocrx_word' id='word_1_416' title='bbox 1847 3825 2002 3886; x_wconf 49' lang='lat' dir='ltr'><strong>sedi?</strong></span> 
     </span>
    </p>
   </div>
   <div class='ocr_carea' id='block_1_57' title="bbox 412 3905 1988 3990">
    <p class='ocr_par' dir='ltr' id='par_1_57' title="bbox 412 3905 1988 3990">
     <span class='ocr_line' id='line_1_57' title="bbox 412 3905 1988 3990; baseline 0.005 -23"><span class='ocrx_word' id='word_1_417' title='bbox 412 3906 515 3972; x_wconf 88' lang='lat' dir='ltr'><strong>bus</strong></span> <span class='ocrx_word' id='word_1_418' title='bbox 555 3916 709 3984; x_wconf 87' lang='lat' dir='ltr'><strong>pulsa</strong></span> <span class='ocrx_word' id='word_1_419' title='bbox 748 3923 833 3972; x_wconf 90' lang='lat' dir='ltr'><strong>est</strong></span> <span class='ocrx_word' id='word_1_420' title='bbox 865 3936 877 3971; x_wconf 91' lang='lat'>:</span> <span class='ocrx_word' id='word_1_421' title='bbox 909 3905 1096 3988; x_wconf 80' lang='lat' dir='ltr'><strong>atque</strong></span> <span class='ocrx_word' id='word_1_422' title='bbox 1130 3918 1208 3973; x_wconf 92' lang='lat' dir='ltr'><strong>illi</strong></span> <span class='ocrx_word' id='word_1_423' title='bbox 1257 3919 1475 3989; x_wconf 88' lang='lat' dir='ltr'><strong>quidem</strong></span> <span class='ocrx_word' id='word_1_424' title='bbox 1523 3919 1794 3990; x_wconf 78' lang='lat' dir='ltr'><strong>interfecti</strong></span> <span class='ocrx_word' id='word_1_425' title='bbox 1839 3929 1988 3986; x_wconf 89' lang='lat' dir='ltr'><strong>sunt,</strong></span> 
     </span>
    </p>
   </div>
   <div class='ocr_carea' id='block_1_58' title="bbox 412 4005 1990 4083">
    <p class='ocr_par' dir='ltr' id='par_1_58' title="bbox 412 4005 1990 4083">
     <span class='ocr_line' id='line_1_58' title="bbox 412 4005 1990 4083; baseline 0.006 -25"><span class='ocrx_word' id='word_1_426' title='bbox 412 4005 672 4062; x_wconf 85' lang='lat' dir='ltr'><strong>mulieres</strong></span> <span class='ocrx_word' id='word_1_427' title='bbox 726 4023 857 4062; x_wconf 82' lang='lat' dir='ltr'><strong>vero</strong></span> <span class='ocrx_word' id='word_1_428' title='bbox 922 4023 1046 4064; x_wconf 88' lang='lat' dir='ltr'><strong>cum</strong></span> <span class='ocrx_word' id='word_1_429' title='bbox 1103 4010 1291 4076; x_wconf 86' lang='lat' dir='ltr'><strong>liberis</strong></span> <span class='ocrx_word' id='word_1_430' title='bbox 1361 4011 1417 4072; x_wconf 82' lang='lat' dir='ltr'><strong>in</strong></span> <span class='ocrx_word' id='word_1_431' title='bbox 1478 4011 1796 4078; x_wconf 84' lang='lat' dir='ltr'><strong>servitutem</strong></span> <span class='ocrx_word' id='word_1_432' title='bbox 1855 4022 1990 4083; x_wconf 80' lang='lat' dir='ltr'><strong>actae</strong></span> 
     </span>
    </p>
   </div>
   <div class='ocr_carea' id='block_1_59' title="bbox 413 4103 562 4150">
    <p class='ocr_par' dir='ltr' id='par_1_59' title="bbox 413 4103 562 4150">
     <span class='ocr_line' id='line_1_59' title="bbox 413 4103 562 4150; baseline -0.007 0"><span class='ocrx_word' id='word_1_433' title='bbox 413 4103 562 4150; x_wconf 88' lang='lat' dir='ltr'><strong>sunt.</strong></span> 
     </span>
    </p>
   </div>
   <div class='ocr_carea' id='block_1_60' title="bbox 2099 1806 3652 1883">
    <p class='ocr_par' dir='ltr' id='par_1_60' title="bbox 2099 1806 3652 1883">
     <span class='ocr_line' id='line_1_60' title="bbox 2099 1806 3652 1883; baseline -0.005 -16"><span class='ocrx_word' id='word_1_434' title='bbox 2099 1813 2197 1868; x_wconf 79' lang='grc' dir='ltr'><em>καὶ</em></span> <span class='ocrx_word' id='word_1_435' title='bbox 2233 1812 2416 1883; x_wconf 84' lang='grc' dir='ltr'><em>μῖσος</em></span> <span class='ocrx_word' id='word_1_436' title='bbox 2440 1812 2574 1868; x_wconf 81' lang='grc' dir='ltr'><em>ἀντὶ</em></span> <span class='ocrx_word' id='word_1_437' title='bbox 2604 1811 2716 1881; x_wconf 85' lang='grc' dir='ltr'><em>τῆς</em></span> <span class='ocrx_word' id='word_1_438' title='bbox 2755 1810 3114 1882; x_wconf 77' lang='grc' dir='ltr'><em>ἀγαπήσεως</em></span> <span class='ocrx_word' id='word_1_439' title='bbox 3146 1828 3290 1880; x_wconf 86' lang='grc' dir='ltr'><em>μου.</em></span> <span class='ocrx_word' id='word_1_440' title='bbox 3321 1810 3457 1880; x_wconf 72' lang='grc' dir='ltr'>Περὶ</span> <span class='ocrx_word' id='word_1_441' title='bbox 3479 1806 3652 1861; x_wconf 71' lang='grc' dir='ltr'><em>τούτων</em></span> 
     </span>
    </p>
   </div>
   <div class='ocr_carea' id='block_1_61' title="bbox 2097 1899 3659 1975">
    <p class='ocr_par' dir='ltr' id='par_1_61' title="bbox 2097 1899 3659 1975">
     <span class='ocr_line' id='line_1_61' title="bbox 2097 1899 3659 1975; baseline -0.006 -16"><span class='ocrx_word' id='word_1_442' title='bbox 2097 1906 2249 1960; x_wconf 79' lang='grc' dir='ltr'><em>οὐδὲν</em></span> <span class='ocrx_word' id='word_1_443' title='bbox 2303 1905 2386 1958; x_wconf 83' lang='grc' dir='ltr'><strong>δεῖ</strong></span> <span class='ocrx_word' id='word_1_444' title='bbox 2433 1904 2632 1973; x_wconf 86' lang='grc' dir='ltr'><em>λέγειν,</em></span> <span class='ocrx_word' id='word_1_445' title='bbox 2673 1904 2773 1975; x_wconf 85' lang='grc' dir='ltr'><strong>τῆς</strong></span> <span class='ocrx_word' id='word_1_446' title='bbox 2812 1905 2872 1957; x_wconf 89' lang='grc' dir='ltr'><strong>ἐν</strong></span> <span class='ocrx_word' id='word_1_447' title='bbox 2907 1905 3021 1967; x_wconf 84' lang='grc' dir='ltr'><strong>τοῖς</strong></span> <span class='ocrx_word' id='word_1_448' title='bbox 3065 1901 3423 1971; x_wconf 79' lang='grc' dir='ltr'><em>Εὑαγγελίοις</em></span> <span class='ocrx_word' id='word_1_449' title='bbox 3448 1899 3659 1971; x_wconf 75' lang='grc' dir='ltr'><em>ἱστορίας,</em></span> 
     </span>
    </p>
   </div>
   <div class='ocr_carea' id='block_1_62' title="bbox 2100 1986 3651 2068">
    <p class='ocr_par' dir='ltr' id='par_1_62' title="bbox 2100 1986 3651 2068">
     <span class='ocr_line' id='line_1_62' title="bbox 2100 1986 3651 2068; baseline -0.005 -18"><span class='ocrx_word' id='word_1_450' title='bbox 2100 1995 2458 2068; x_wconf 82' lang='grc' dir='ltr'><strong>περιεχούσης</strong></span> <span class='ocrx_word' id='word_1_451' title='bbox 2479 1993 2542 2049; x_wconf 82' lang='grc' dir='ltr'><em>τὸ</em></span> <span class='ocrx_word' id='word_1_452' title='bbox 2567 1994 2769 2066; x_wconf 84' lang='grc' dir='ltr'><em>πλῆθος</em></span> <span class='ocrx_word' id='word_1_453' title='bbox 2797 1994 2907 2049; x_wconf 88' lang='grc' dir='ltr'><em>τῶν</em></span> <span class='ocrx_word' id='word_1_454' title='bbox 2937 1994 3268 2065; x_wconf 80' lang='grc' dir='ltr'>εὐεργεσιῶν</span> <span class='ocrx_word' id='word_1_455' title='bbox 3315 1986 3394 2047; x_wconf 84' lang='grc' dir='ltr'><strong>ὧν</strong></span> <span class='ocrx_word' id='word_1_456' title='bbox 3419 1991 3651 2064; x_wconf 83' lang='grc' dir='ltr'><em>ἐνανθρω-</em></span> 
     </span>
    </p>
   </div>
   <div class='ocr_carea' id='block_1_63' title="bbox 2097 2083 3652 2159">
    <p class='ocr_par' dir='ltr' id='par_1_63' title="bbox 2097 2083 3652 2159">
     <span class='ocr_line' id='line_1_63' title="bbox 2097 2083 3652 2159; baseline -0.003 -19"><span class='ocrx_word' id='word_1_457' title='bbox 2097 2090 2282 2159; x_wconf 78' lang='grc' dir='ltr'><em>πήσας</em></span> <span class='ocrx_word' id='word_1_458' title='bbox 2310 2089 2494 2158; x_wconf 75' lang='grc' dir='ltr'><em>αὐτοῖς</em></span> <span class='ocrx_word' id='word_1_459' title='bbox 2512 2088 2763 2158; x_wconf 69' lang='grc' dir='ltr'><em>παρεῖχε,</em></span> <span class='ocrx_word' id='word_1_460' title='bbox 2781 2085 3098 2158; x_wconf 65' lang='grc' dir='ltr'><em>θερατπύων</em></span> <span class='ocrx_word' id='word_1_461' title='bbox 3125 2085 3310 2139; x_wconf 82' lang='grc' dir='ltr'><em>αὐτῶν</em></span> <span class='ocrx_word' id='word_1_462' title='bbox 3333 2085 3509 2138; x_wconf 81' lang='grc' dir='ltr'><em>πᾶσαν</em></span> <span class='ocrx_word' id='word_1_463' title='bbox 3526 2083 3652 2137; x_wconf 79' lang='grc' dir='ltr'><em>νόσον</em></span> 
     </span>
    </p>
   </div>
   <div class='ocr_carea' id='block_1_64' title="bbox 2101 2179 2726 2252">
    <p class='ocr_par' dir='ltr' id='par_1_64' title="bbox 2101 2179 2726 2252">
     <span class='ocr_line' id='line_1_64' title="bbox 2101 2179 2726 2252; baseline 0.002 -17"><span class='ocrx_word' id='word_1_464' title='bbox 2101 2183 2194 2250; x_wconf 78' lang='grc' dir='ltr'><em>καὶ</em></span> <span class='ocrx_word' id='word_1_465' title='bbox 2223 2183 2405 2236; x_wconf 74' lang='grc' dir='ltr'><em>πᾶσαν</em></span> <span class='ocrx_word' id='word_1_466' title='bbox 2435 2179 2726 2252; x_wconf 84' lang='grc' dir='ltr'><strong>μαλακίαν.</strong></span> 
     </span>
    </p>
   </div>
   <div class='ocr_carea' id='block_1_65' title="bbox 2168 2265 3652 2340">
    <p class='ocr_par' dir='ltr' id='par_1_65' title="bbox 2168 2265 3652 2340">
     <span class='ocr_line' id='line_1_65' title="bbox 2168 2265 3652 2340; baseline -0.007 -12"><span class='ocrx_word' id='word_1_467' title='bbox 2168 2271 2572 2340; x_wconf 80' lang='grc' dir='ltr'><em>Κατάστησον</em></span> <span class='ocrx_word' id='word_1_468' title='bbox 2586 2271 2679 2325; x_wconf 82' lang='grc' dir='ltr'><strong>ἐπ’</strong></span> <span class='ocrx_word' id='word_1_469' title='bbox 2713 2268 2901 2334; x_wconf 78' lang='grc' dir='ltr'><em>αὑτὸν</em></span> <span class='ocrx_word' id='word_1_470' title='bbox 2940 2267 3322 2339; x_wconf 75' lang='grc' dir='ltr'><em>ἁμαρτωλὸν,</em></span> <span class='ocrx_word' id='word_1_471' title='bbox 3353 2267 3448 2321; x_wconf 74' lang='grc' dir='ltr'><em>καὶ</em></span> <span class='ocrx_word' id='word_1_472' title='bbox 3491 2265 3652 2319; x_wconf 73' lang='grc' dir='ltr'><em>διάϐο-</em></span> 
     </span>
    </p>
   </div>
   <div class='ocr_carea' id='block_1_66' title="bbox 2097 2357 3654 2433">
    <p class='ocr_par' dir='ltr' id='par_1_66' title="bbox 2097 2357 3654 2433">
     <span class='ocr_line' id='line_1_66' title="bbox 2097 2357 3654 2433; baseline -0.006 -12"><span class='ocrx_word' id='word_1_473' title='bbox 2097 2369 2206 2433; x_wconf 86' lang='grc' dir='ltr'><strong>λος</strong></span> <span class='ocrx_word' id='word_1_474' title='bbox 2237 2363 2436 2432; x_wconf 83' lang='grc' dir='ltr'><em>στήτω</em></span> <span class='ocrx_word' id='word_1_475' title='bbox 2455 2365 2526 2418; x_wconf 84' lang='grc' dir='ltr'><em>ἐκ</em></span> <span class='ocrx_word' id='word_1_476' title='bbox 2573 2362 2791 2429; x_wconf 81' lang='grc' dir='ltr'><strong>δεξιῶν</strong></span> <span class='ocrx_word' id='word_1_477' title='bbox 2815 2362 3030 2418; x_wconf 81' lang='grc' dir='ltr'><em>αὐτοῦ.</em></span> <span class='ocrx_word' id='word_1_478' title='bbox 3084 2363 3142 2416; x_wconf 76' lang='grc' dir='ltr'>ὐ</span> <span class='ocrx_word' id='word_1_479' title='bbox 3169 2361 3267 2415; x_wconf 81' lang='grc' dir='ltr'><em>καὶ</em></span> <span class='ocrx_word' id='word_1_480' title='bbox 3316 2358 3558 2421; x_wconf 84' lang='grc' dir='ltr'><em>σκελίσας</em></span> <span class='ocrx_word' id='word_1_481' title='bbox 3575 2357 3654 2411; x_wconf 82' lang='grc' dir='ltr'><strong>αὒ-</strong></span> 
     </span>
    </p>
   </div>
   <div class='ocr_carea' id='block_1_67' title="bbox 2095 2449 3654 2528">
    <p class='ocr_par' dir='ltr' id='par_1_67' title="bbox 2095 2449 3654 2528">
     <span class='ocr_line' id='line_1_67' title="bbox 2095 2449 3654 2528; baseline -0.007 -15"><span class='ocrx_word' id='word_1_482' title='bbox 2095 2459 2210 2521; x_wconf 81' lang='grc' dir='ltr'><em>τὺν,</em></span> <span class='ocrx_word' id='word_1_483' title='bbox 2253 2458 2433 2512; x_wconf 81' lang='grc' dir='ltr'><em>πάντα</em></span> <span class='ocrx_word' id='word_1_484' title='bbox 2473 2457 2510 2512; x_wconf 76' lang='grc' dir='ltr'>ἃ</span> <span class='ocrx_word' id='word_1_485' title='bbox 2561 2456 2823 2528; x_wconf 81' lang='grc' dir='ltr'><em>πρότερον</em></span> <span class='ocrx_word' id='word_1_486' title='bbox 2869 2454 3048 2520; x_wconf 23' lang='grc' dir='ltr'><em>ἐδόκει,</em></span> <span class='ocrx_word' id='word_1_487' title='bbox 3083 2451 3388 2524; x_wconf 84' lang='grc' dir='ltr'><em>κεκτῆσθαι</em></span> <span class='ocrx_word' id='word_1_488' title='bbox 3419 2449 3654 2521; x_wconf 78' lang='grc' dir='ltr'><strong>δεξιᾷτῆς</strong></span> 
     </span>
    </p>
   </div>
   <div class='ocr_carea' id='block_1_68' title="bbox 2099 2542 3653 2622">
    <p class='ocr_par' dir='ltr' id='par_1_68' title="bbox 2099 2542 3653 2622">
     <span class='ocr_line' id='line_1_68' title="bbox 2099 2542 3653 2622; baseline -0.006 -16"><span class='ocrx_word' id='word_1_489' title='bbox 2099 2551 2262 2606; x_wconf 77' lang='grc' dir='ltr'><em>αὐτοῦ</em></span> <span class='ocrx_word' id='word_1_490' title='bbox 2300 2549 2480 2622; x_wconf 71' lang='grc' dir='ltr'>ψυχῆς</span> <span class='ocrx_word' id='word_1_491' title='bbox 2497 2549 2864 2620; x_wconf 78' lang='grc' dir='ltr'><em>ἀποσυλήσας.</em></span> <span class='ocrx_word' id='word_1_492' title='bbox 2895 2547 2991 2601; x_wconf 81' lang='grc' dir='ltr'><em>Ἐν</em></span> <span class='ocrx_word' id='word_1_493' title='bbox 3011 2545 3092 2612; x_wconf 85' lang='grc' dir='ltr'><em>τῷ</em></span> <span class='ocrx_word' id='word_1_494' title='bbox 3112 2546 3428 2615; x_wconf 79' lang='grc' dir='ltr'><em>κρίνεσθαι</em></span> <span class='ocrx_word' id='word_1_495' title='bbox 3454 2542 3653 2607; x_wconf 78' lang='grc' dir='ltr'><em>ἐξέλθω</em></span> 
     </span>
    </p>
   </div>
   <div class='ocr_carea' id='block_1_69' title="bbox 2098 2633 3653 2710">
    <p class='ocr_par' dir='ltr' id='par_1_69' title="bbox 2098 2633 3653 2710">
     <span class='ocr_line' id='line_1_69' title="bbox 2098 2633 3653 2710; baseline -0.008 -13"><span class='ocrx_word' id='word_1_496' title='bbox 2098 2639 2700 2710; x_wconf 80' lang='grc' dir='ltr'><strong>καταδεδικασμένος,</strong></span> <span class='ocrx_word' id='word_1_497' title='bbox 2722 2637 2820 2691; x_wconf 73' lang='grc' dir='ltr'><em>καὶ</em></span> <span class='ocrx_word' id='word_1_498' title='bbox 2835 2638 2873 2707; x_wconf 74' lang='grc' dir='ltr'>ἡ</span> <span class='ocrx_word' id='word_1_499' title='bbox 2887 2635 3201 2706; x_wconf 78' lang='grc' dir='ltr'><strong>προσευχὴ</strong></span> <span class='ocrx_word' id='word_1_500' title='bbox 3214 2633 3408 2690; x_wconf 83' lang='grc' dir='ltr'><em>αὐτοῦ</em></span> <span class='ocrx_word' id='word_1_501' title='bbox 3425 2633 3653 2702; x_wconf 82' lang='grc' dir='ltr'><em>γενέσθω</em></span> 
     </span>
    </p>
   </div>
   <div class='ocr_carea' id='block_1_70' title="bbox 2096 2721 3656 2805">
    <p class='ocr_par' dir='ltr' id='par_1_70' title="bbox 2096 2721 3656 2805">
     <span class='ocr_line' id='line_1_70' title="bbox 2096 2721 3656 2805; baseline -0.009 -16"><span class='ocrx_word' id='word_1_502' title='bbox 2096 2737 2184 2802; x_wconf 81' lang='grc' dir='ltr'><strong>εις</strong></span> <span class='ocrx_word' id='word_1_503' title='bbox 2239 2733 2552 2805; x_wconf 81' lang='grc' dir='ltr'><em>ἁμαρτίαν.</em></span> <span class='ocrx_word' id='word_1_504' title='bbox 2607 2730 3053 2800; x_wconf 83' lang='grc' dir='ltr'><em>Γενηθήτωσαν</em></span> <span class='ocrx_word' id='word_1_505' title='bbox 3096 2729 3156 2782; x_wconf 80' lang='lat' dir='ltr'><strong>al</strong></span> <span class='ocrx_word' id='word_1_506' title='bbox 3208 2727 3427 2797; x_wconf 79' lang='grc' dir='ltr'><strong>ἡμέραι</strong></span> <span class='ocrx_word' id='word_1_507' title='bbox 3501 2721 3656 2779; x_wconf 53' lang='grc' dir='ltr'><em>αὑτοῦ,</em></span> 
     </span>
    </p>
   </div>
   <div class='ocr_carea' id='block_1_71' title="bbox 2099 2813 3652 2896">
    <p class='ocr_par' dir='ltr' id='par_1_71' title="bbox 2099 2813 3652 2896">
     <span class='ocr_line' id='line_1_71' title="bbox 2099 2813 3652 2896; baseline -0.009 -17"><span class='ocrx_word' id='word_1_508' title='bbox 2099 2813 2315 2896; x_wconf 77' lang='grc' dir='ltr'><em>ὀλίγαι,</em></span> <span class='ocrx_word' id='word_1_509' title='bbox 2347 2824 2447 2878; x_wconf 77' lang='grc' dir='ltr'><em>καὶ</em></span> <span class='ocrx_word' id='word_1_510' title='bbox 2486 2823 2602 2890; x_wconf 83' lang='grc' dir='ltr'><em>τὴν</em></span> <span class='ocrx_word' id='word_1_511' title='bbox 2634 2819 2979 2888; x_wconf 60' lang='grc' dir='ltr'><em>ἐπισκοπὴν</em></span> <span class='ocrx_word' id='word_1_512' title='bbox 3023 2817 3213 2873; x_wconf 86' lang='grc' dir='ltr'><em>αὑτοῦ</em></span> <span class='ocrx_word' id='word_1_513' title='bbox 3263 2815 3442 2871; x_wconf 76' lang='grc' dir='ltr'><em>λάϐοι</em></span> <span class='ocrx_word' id='word_1_514' title='bbox 3467 2815 3652 2883; x_wconf 77' lang='grc' dir='ltr'><em>ἔτερος.</em></span> 
     </span>
    </p>
   </div>
   <div class='ocr_carea' id='block_1_72' title="bbox 2097 2904 3654 2984">
    <p class='ocr_par' dir='ltr' id='par_1_72' title="bbox 2097 2904 3654 2984">
     <span class='ocr_line' id='line_1_72' title="bbox 2097 2904 3654 2984; baseline -0.008 -13"><span class='ocrx_word' id='word_1_515' title='bbox 2097 2915 2538 2984; x_wconf 81' lang='grc' dir='ltr'><em>Γενηθήτωσαν</em></span> <span class='ocrx_word' id='word_1_516' title='bbox 2564 2916 2616 2968; x_wconf 81' lang='grc' dir='ltr'><strong>οἱ</strong></span> <span class='ocrx_word' id='word_1_517' title='bbox 2645 2911 2762 2967; x_wconf 75' lang='grc' dir='ltr'><em>υὶοὶ</em></span> <span class='ocrx_word' id='word_1_518' title='bbox 2787 2910 2973 2966; x_wconf 87' lang='grc' dir='ltr'><em>αὐτοῦ</em></span> <span class='ocrx_word' id='word_1_519' title='bbox 3015 2908 3289 2978; x_wconf 69' lang='grc' dir='ltr'><em>ὀρφανοὶ,</em></span> <span class='ocrx_word' id='word_1_520' title='bbox 3339 2907 3439 2960; x_wconf 74' lang='grc' dir='ltr'><em>καὶ</em></span> <span class='ocrx_word' id='word_1_521' title='bbox 3464 2905 3502 2973; x_wconf 77' lang='grc' dir='ltr'><strong>ἠ</strong></span> <span class='ocrx_word' id='word_1_522' title='bbox 3527 2904 3654 2974; x_wconf 54' lang='grc' dir='ltr'><em>γυνὴ</em></span> 
     </span>
    </p>
   </div>
   <div class='ocr_carea' id='block_1_73' title="bbox 2096 2998 3654 3076">
    <p class='ocr_par' dir='ltr' id='par_1_73' title="bbox 2096 2998 3654 3076">
     <span class='ocr_line' id='line_1_73' title="bbox 2096 2998 3654 3076; baseline -0.008 -15"><span class='ocrx_word' id='word_1_523' title='bbox 2096 3006 2283 3060; x_wconf 82' lang='grc' dir='ltr'><em>αὐτοῦ</em></span> <span class='ocrx_word' id='word_1_524' title='bbox 2322 3004 2510 3076; x_wconf 73' lang='grc' dir='ltr'><em>χήρα·</em></span> <span class='ocrx_word' id='word_1_525' title='bbox 2570 3004 2965 3071; x_wconf 74' lang='grc' dir='ltr'><em>σαλευόμενοι</em></span> <span class='ocrx_word' id='word_1_526' title='bbox 3013 2998 3564 3070; x_wconf 83' lang='grc' dir='ltr'><em>μεταναστήτωσαν</em></span> <span class='ocrx_word' id='word_1_527' title='bbox 3612 2999 3654 3049; x_wconf 85' lang='lat' dir='ltr'><strong>ol</strong></span> 
     </span>
    </p>
   </div>
   <div class='ocr_carea' id='block_1_74' title="bbox 2099 3086 3650 3160">
    <p class='ocr_par' dir='ltr' id='par_1_74' title="bbox 2099 3086 3650 3160">
     <span class='ocr_line' id='line_1_74' title="bbox 2099 3086 3650 3160; baseline -0.009 -8"><span class='ocrx_word' id='word_1_528' title='bbox 2099 3097 2216 3152; x_wconf 76' lang='grc' dir='ltr'><em>υἱοὶ</em></span> <span class='ocrx_word' id='word_1_529' title='bbox 2252 3096 2459 3160; x_wconf 84' lang='grc' dir='ltr'><em>αὐτοῦ,</em></span> <span class='ocrx_word' id='word_1_530' title='bbox 2505 3093 2602 3158; x_wconf 72' lang='grc' dir='ltr'><strong>καί</strong></span> <span class='ocrx_word' id='word_1_531' title='bbox 2646 3093 3179 3160; x_wconf 75' lang='grc' dir='ltr'><em>ἐπαιτησάτωσαν·</em></span> <span class='ocrx_word' id='word_1_532' title='bbox 3216 3086 3650 3156; x_wconf 75' lang='grc' dir='ltr'><em>ἐκϐληθήτωσαν</em></span> 
     </span>
    </p>
   </div>
   <div class='ocr_carea' id='block_1_75' title="bbox 2097 3173 3651 3250">
    <p class='ocr_par' dir='ltr' id='par_1_75' title="bbox 2097 3173 3651 3250">
     <span class='ocr_line' id='line_1_75' title="bbox 2097 3173 3651 3250; baseline -0.01 -8"><span class='ocrx_word' id='word_1_533' title='bbox 2097 3189 2167 3241; x_wconf 79' lang='grc' dir='ltr'><em>ἐκ</em></span> <span class='ocrx_word' id='word_1_534' title='bbox 2196 3186 2316 3241; x_wconf 86' lang='grc' dir='ltr'><em>τῶν</em></span> <span class='ocrx_word' id='word_1_535' title='bbox 2357 3183 2688 3240; x_wconf 74' lang='grc' dir='ltr'><em>οἰκοπέδων</em></span> <span class='ocrx_word' id='word_1_536' title='bbox 2735 3181 2953 3237; x_wconf 88' lang='grc' dir='ltr'><em>αὐτῶν.</em></span> <span class='ocrx_word' id='word_1_537' title='bbox 2987 3180 3147 3244; x_wconf 77' lang='grc' dir='ltr'><strong>Εἰκὸς</strong></span> <span class='ocrx_word' id='word_1_538' title='bbox 3198 3179 3299 3233; x_wconf 74' lang='grc' dir='ltr'><em>καὶ</em></span> <span class='ocrx_word' id='word_1_539' title='bbox 3342 3177 3516 3250; x_wconf 78' lang='grc' dir='ltr'><em>ῥητῶς</em></span> <span class='ocrx_word' id='word_1_540' title='bbox 3541 3173 3651 3229; x_wconf 75' lang='grc' dir='ltr'><em>κατὰ</em></span> 
     </span>
    </p>
   </div>
   <div class='ocr_carea' id='block_1_76' title="bbox 2097 3263 3650 3350">
    <p class='ocr_par' dir='ltr' id='par_1_76' title="bbox 2097 3263 3650 3350">
     <span class='ocr_line' id='line_1_76' title="bbox 2097 3263 3650 3350; baseline -0.01 -17"><span class='ocrx_word' id='word_1_541' title='bbox 2097 3277 2259 3350; x_wconf 77' lang='grc' dir='ltr'><em>ψιλὴν</em></span> <span class='ocrx_word' id='word_1_542' title='bbox 2283 3277 2383 3349; x_wconf 83' lang='grc' dir='ltr'><strong>τὴν</strong></span> <span class='ocrx_word' id='word_1_543' title='bbox 2406 3275 2550 3343; x_wconf 82' lang='grc' dir='ltr'><em>λέξιν</em></span> <span class='ocrx_word' id='word_1_544' title='bbox 2573 3273 2748 3329; x_wconf 80' lang='grc' dir='ltr'><em>ταῦτα</em></span> <span class='ocrx_word' id='word_1_545' title='bbox 2787 3273 2968 3342; x_wconf 68' lang='grc' dir='ltr'><em>πάντα</em></span> <span class='ocrx_word' id='word_1_546' title='bbox 2999 3269 3403 3343; x_wconf 68' lang='grc' dir='ltr'><strong>πεπληρῶσθαι</strong></span> <span class='ocrx_word' id='word_1_547' title='bbox 3425 3266 3556 3322; x_wconf 78' lang='grc' dir='ltr'><em>κατὰ</em></span> <span class='ocrx_word' id='word_1_548' title='bbox 3575 3263 3650 3317; x_wconf 68' lang='grc' dir='ltr'><em>τοῦ</em></span> 
     </span>
    </p>
   </div>
   <div class='ocr_carea' id='block_1_77' title="bbox 2099 3357 3651 3443">
    <p class='ocr_par' dir='ltr' id='par_1_77' title="bbox 2099 3357 3651 3443">
     <span class='ocr_line' id='line_1_77' title="bbox 2099 3357 3651 3443; baseline -0.01 -20"><span class='ocrx_word' id='word_1_549' title='bbox 2099 3369 2360 3443; x_wconf 83' lang='grc' dir='ltr'><strong>προδότου</strong></span> <span class='ocrx_word' id='word_1_550' title='bbox 2392 3365 2531 3439; x_wconf 77' lang='grc' dir='ltr'><em>μετὰ</em></span> <span class='ocrx_word' id='word_1_551' title='bbox 2545 3365 2644 3438; x_wconf 75' lang='grc' dir='ltr'><strong>τὴν</strong></span> <span class='ocrx_word' id='word_1_552' title='bbox 2666 3365 2963 3436; x_wconf 79' lang='grc' dir='ltr'><em>ἀνάρτησιν</em></span> <span class='ocrx_word' id='word_1_553' title='bbox 2996 3359 3187 3426; x_wconf 72' lang='grc' dir='ltr'><em>αὑτοῦ,</em></span> <span class='ocrx_word' id='word_1_554' title='bbox 3226 3358 3348 3429; x_wconf 75' lang='grc' dir='ltr'><em>ἅμα</em></span> <span class='ocrx_word' id='word_1_555' title='bbox 3381 3357 3478 3429; x_wconf 79' lang='grc' dir='ltr'><strong>μὲν</strong></span> <span class='ocrx_word' id='word_1_556' title='bbox 3516 3357 3651 3427; x_wconf 77' lang='grc' dir='ltr'><em>ὀρφα-</em></span> 
     </span>
    </p>
   </div>
   <div class='ocr_carea' id='block_1_78' title="bbox 2095 3447 3652 3532">
    <p class='ocr_par' dir='ltr' id='par_1_78' title="bbox 2095 3447 3652 3532">
     <span class='ocr_line' id='line_1_78' title="bbox 2095 3447 3652 3532; baseline -0.012 -15"><span class='ocrx_word' id='word_1_557' title='bbox 2095 3461 2202 3517; x_wconf 88' lang='grc' dir='ltr'><strong>νῶν</strong></span> <span class='ocrx_word' id='word_1_558' title='bbox 2233 3460 2538 3532; x_wconf 79' lang='grc' dir='ltr'><em>γενομένων</em></span> <span class='ocrx_word' id='word_1_559' title='bbox 2559 3456 2737 3531; x_wconf 38' lang='grc' dir='ltr'><em>,αὑτοῦ</em></span> <span class='ocrx_word' id='word_1_560' title='bbox 2781 3455 2889 3509; x_wconf 85' lang='grc' dir='ltr'>τῶν</span> <span class='ocrx_word' id='word_1_561' title='bbox 2915 3455 3140 3518; x_wconf 82' lang='grc' dir='ltr'><em>παίδων,</em></span> <span class='ocrx_word' id='word_1_562' title='bbox 3186 3451 3312 3521; x_wconf 78' lang='grc' dir='ltr'><em>ἅμα</em></span> <span class='ocrx_word' id='word_1_563' title='bbox 3352 3449 3412 3503; x_wconf 83' lang='grc' dir='ltr'><strong>δέ</strong></span> <span class='ocrx_word' id='word_1_564' title='bbox 3445 3447 3534 3502; x_wconf 82' lang='grc' dir='ltr'><em>καὶ</em></span> <span class='ocrx_word' id='word_1_565' title='bbox 3577 3447 3652 3516; x_wconf 69' lang='grc' dir='ltr'><em>τῆς</em></span> 
     </span>
    </p>
   </div>
   <div class='ocr_carea' id='block_1_79' title="bbox 2095 3539 3644 3625">
    <p class='ocr_par' dir='ltr' id='par_1_79' title="bbox 2095 3539 3644 3625">
     <span class='ocr_line' id='line_1_79' title="bbox 2095 3539 3644 3625; baseline -0.011 -18"><span class='ocrx_word' id='word_1_566' title='bbox 2095 3553 2354 3625; x_wconf 82' lang='grc' dir='ltr'><em>γυναικὸς</em></span> <span class='ocrx_word' id='word_1_567' title='bbox 2375 3552 2432 3605; x_wconf 88' lang='grc' dir='ltr'><em>ἐν</em></span> <span class='ocrx_word' id='word_1_568' title='bbox 2463 3549 2664 3622; x_wconf 66' lang='grc' dir='ltr'><em>χηρείᾳ</em></span> <span class='ocrx_word' id='word_1_569' title='bbox 2695 3547 3063 3618; x_wconf 76' lang='grc' dir='ltr'><em>καταστᾴσης,</em></span> <span class='ocrx_word' id='word_1_570' title='bbox 3087 3543 3183 3598; x_wconf 79' lang='grc' dir='ltr'><em>καὶ</em></span> <span class='ocrx_word' id='word_1_571' title='bbox 3227 3541 3348 3595; x_wconf 83' lang='grc' dir='ltr'>τῶν</span> <span class='ocrx_word' id='word_1_572' title='bbox 3369 3539 3496 3610; x_wconf 80' lang='grc' dir='ltr'><strong>ἑξῆς</strong></span> <span class='ocrx_word' id='word_1_573' title='bbox 3523 3553 3644 3592; x_wconf 65' lang='grc' dir='ltr'><em>κατε</em></span> 
     </span>
    </p>
   </div>
   <div class='ocr_carea' id='block_1_80' title="bbox 2095 3627 3648 3716">
    <p class='ocr_par' dir='ltr' id='par_1_80' title="bbox 2095 3627 3648 3716">
     <span class='ocr_line' id='line_1_80' title="bbox 2095 3627 3648 3716; baseline -0.011 -17"><span class='ocrx_word' id='word_1_574' title='bbox 2095 3645 2396 3716; x_wconf 81' lang='grc' dir='ltr'><em>λεχθέντων</em></span> <span class='ocrx_word' id='word_1_575' title='bbox 2419 3643 2672 3697; x_wconf 80' lang='grc' dir='ltr'><em>ἁπάντων</em></span> <span class='ocrx_word' id='word_1_576' title='bbox 2701 3639 2835 3713; x_wconf 84' lang='grc' dir='ltr'>πρὸς</span> <span class='ocrx_word' id='word_1_577' title='bbox 2861 3637 3006 3705; x_wconf 79' lang='grc' dir='ltr'><em>λέξιν</em></span> <span class='ocrx_word' id='word_1_578' title='bbox 3038 3636 3190 3698; x_wconf 84' lang='grc' dir='ltr'><em>τέλος</em></span> <span class='ocrx_word' id='word_1_579' title='bbox 3238 3632 3558 3704; x_wconf 77' lang='grc' dir='ltr'><em>εἰληφότων,</em></span> <span class='ocrx_word' id='word_1_580' title='bbox 3594 3627 3648 3692; x_wconf 84' lang='grc' dir='ltr'><strong>ὡς</strong></span> 
     </span>
    </p>
   </div>
   <div class='ocr_carea' id='block_1_81' title="bbox 2095 3716 3649 3804">
    <p class='ocr_par' dir='ltr' id='par_1_81' title="bbox 2095 3716 3649 3804">
     <span class='ocr_line' id='line_1_81' title="bbox 2095 3716 3649 3804; baseline -0.008 -19"><span class='ocrx_word' id='word_1_581' title='bbox 2095 3730 2392 3804; x_wconf 78' lang='grc' dir='ltr'><em>ἀληθεῦσαι</em></span> <span class='ocrx_word' id='word_1_582' title='bbox 2421 3730 2521 3802; x_wconf 84' lang='grc' dir='ltr'><em>τὴν</em></span> <span class='ocrx_word' id='word_1_583' title='bbox 2547 3729 2851 3801; x_wconf 80' lang='grc' dir='ltr'><em>πρόρρησιν</em></span> <span class='ocrx_word' id='word_1_584' title='bbox 2883 3726 2976 3780; x_wconf 80' lang='grc' dir='ltr'><em>τοῦ</em></span> <span class='ocrx_word' id='word_1_585' title='bbox 3005 3724 3263 3796; x_wconf 83' lang='grc' dir='ltr'><strong>Σωτῆρος</strong></span> <span class='ocrx_word' id='word_1_586' title='bbox 3302 3721 3464 3794; x_wconf 84' lang='grc' dir='ltr'><em>ήμῶν</em></span> <span class='ocrx_word' id='word_1_587' title='bbox 3478 3716 3649 3780; x_wconf 61' lang='lat' dir='ltr'><strong>stare</strong></span> 
     </span>
    </p>
   </div>
   <div class='ocr_carea' id='block_1_82' title="bbox 2095 3806 3648 3898">
    <p class='ocr_par' dir='ltr' id='par_1_82' title="bbox 2095 3806 3648 3898">
     <span class='ocr_line' id='line_1_82' title="bbox 2095 3806 3648 3898; baseline -0.01 -19"><span class='ocrx_word' id='word_1_588' title='bbox 2095 3822 2311 3896; x_wconf 73' lang='grc' dir='ltr'><em>ψαλμοῦ</em></span> <span class='ocrx_word' id='word_1_589' title='bbox 2337 3821 2512 3898; x_wconf 73' lang='grc' dir='ltr'><em>ταῦτα</em></span> <span class='ocrx_word' id='word_1_590' title='bbox 2529 3820 2766 3874; x_wconf 80' lang='grc' dir='ltr'><em>ἔσεσθαι.</em></span> <span class='ocrx_word' id='word_1_591' title='bbox 2796 3819 3029 3890; x_wconf 78' lang='grc' dir='ltr'>Νοὴσεις</span> <span class='ocrx_word' id='word_1_592' title='bbox 3058 3817 3116 3870; x_wconf 89' lang='grc' dir='ltr'><strong>δέ</strong></span> <span class='ocrx_word' id='word_1_593' title='bbox 3146 3816 3328 3870; x_wconf 78' lang='grc' dir='ltr'><em>ταῦτα</em></span> <span class='ocrx_word' id='word_1_594' title='bbox 3358 3814 3451 3870; x_wconf 83' lang='grc' dir='ltr'><em>καὶ</em></span> <span class='ocrx_word' id='word_1_595' title='bbox 3469 3811 3555 3866; x_wconf 79' lang='grc' dir='ltr'><em>ἐπὶ</em></span> <span class='ocrx_word' id='word_1_596' title='bbox 3573 3806 3648 3864; x_wconf 75' lang='grc' dir='ltr'><strong>τοῦ</strong></span> 
     </span>
    </p>
   </div>
   <div class='ocr_carea' id='block_1_83' title="bbox 2095 3901 3646 3976">
    <p class='ocr_par' dir='ltr' id='par_1_83' title="bbox 2095 3901 3646 3976">
     <span class='ocr_line' id='line_1_83' title="bbox 2095 3901 3646 3976; baseline -0.009 -7"><span class='ocrx_word' id='word_1_597' title='bbox 2095 3915 2226 3970; x_wconf 81' lang='grc' dir='ltr'><em>λαοῦ</em></span> <span class='ocrx_word' id='word_1_598' title='bbox 2259 3912 2353 3968; x_wconf 79' lang='grc' dir='ltr'><em>τοῦ</em></span> <span class='ocrx_word' id='word_1_599' title='bbox 2390 3911 2654 3973; x_wconf 78' lang='grc' dir='ltr'><strong>Ἰουδαίων</strong></span> <span class='ocrx_word' id='word_1_600' title='bbox 2682 3911 2868 3975; x_wconf 74' lang='grc' dir='ltr'><em>ἔθνους</em></span> <span class='ocrx_word' id='word_1_601' title='bbox 2903 3907 3046 3969; x_wconf 83' lang='grc' dir='ltr'><em>κατὰ</em></span> <span class='ocrx_word' id='word_1_602' title='bbox 3084 3907 3229 3973; x_wconf 81' lang='grc' dir='ltr'><em>λέξιν</em></span> <span class='ocrx_word' id='word_1_603' title='bbox 3277 3901 3646 3976; x_wconf 78' lang='grc' dir='ltr'><em>πεπληρωμένα</em></span> 
     </span>
    </p>
   </div>
   <div class='ocr_carea' id='block_1_84' title="bbox 2100 3989 3644 4078">
    <p class='ocr_par' dir='ltr' id='par_1_84' title="bbox 2100 3989 3644 4078">
     <span class='ocr_line' id='line_1_84' title="bbox 2100 3989 3644 4078; baseline -0.01 -17"><span class='ocrx_word' id='word_1_604' title='bbox 2100 4006 2238 4078; x_wconf 84' lang='grc' dir='ltr'><em>μετὰ</em></span> <span class='ocrx_word' id='word_1_605' title='bbox 2278 4005 2390 4076; x_wconf 78' lang='grc' dir='ltr'><em>τὴν,</em></span> <span class='ocrx_word' id='word_1_606' title='bbox 2418 4005 2500 4068; x_wconf 79' lang='grc' dir='ltr'><em>είς</em></span> <span class='ocrx_word' id='word_1_607' title='bbox 2544 4003 2636 4056; x_wconf 87' lang='grc' dir='ltr'><strong>τὸν</strong></span> <span class='ocrx_word' id='word_1_608' title='bbox 2668 4001 2910 4075; x_wconf 82' lang='grc' dir='ltr'><em>Χριστὸν</em></span> <span class='ocrx_word' id='word_1_609' title='bbox 2951 3999 3279 4070; x_wconf 72' lang='grc' dir='ltr'><em>ἐπιϐουλήψ</em></span> <span class='ocrx_word' id='word_1_610' title='bbox 3327 3995 3547 4066; x_wconf 80' lang='grc' dir='ltr'><em>Ὀλίγων</em></span> <span class='ocrx_word' id='word_1_611' title='bbox 3563 3989 3644 4060; x_wconf 75' lang='grc' dir='ltr'><em>γὰρ</em></span> 
     </span>
    </p>
   </div>
   <div class='ocr_carea' id='block_1_85' title="bbox 2097 4087 3644 4172">
    <p class='ocr_par' dir='ltr' id='par_1_85' title="bbox 2097 4087 3644 4172">
     <span class='ocr_line' id='line_1_85' title="bbox 2097 4087 3644 4172; baseline -0.01 -17"><span class='ocrx_word' id='word_1_612' title='bbox 2097 4099 2239 4172; x_wconf 81' lang='grc' dir='ltr'><em>μετὰ</em></span> <span class='ocrx_word' id='word_1_613' title='bbox 2273 4099 2366 4152; x_wconf 80' lang='grc' dir='ltr'><em>τὸν</em></span> <span class='ocrx_word' id='word_1_614' title='bbox 2395 4096 2627 4168; x_wconf 86' lang='grc' dir='ltr'><em>σταυρὸν</em></span> <span class='ocrx_word' id='word_1_615' title='bbox 2654 4094 2969 4152; x_wconf 82' lang='grc' dir='ltr'><em>διελθόντων</em></span> <span class='ocrx_word' id='word_1_616' title='bbox 2993 4091 3149 4157; x_wconf 85' lang='grc' dir='ltr'><em>ἐτῶν,</em></span> <span class='ocrx_word' id='word_1_617' title='bbox 3181 4091 3418 4145; x_wconf 75' lang='grc' dir='ltr'><em>ἄστατον</em></span> <span class='ocrx_word' id='word_1_618' title='bbox 3448 4087 3577 4142; x_wconf 75' lang='grc' dir='ltr'><em>ἅπαν</em></span> <span class='ocrx_word' id='word_1_619' title='bbox 3597 4087 3644 4141; x_wconf 73' lang='grc' dir='ltr'><em>τὸ</em></span> 
     </span>
    </p>
   </div>
   <div class='ocr_carea' id='block_1_86' title="bbox 410 4180 3436 4264">
    <p class='ocr_par' dir='ltr' id='par_1_86' title="bbox 410 4180 3436 4264">
     <span class='ocr_line' id='line_1_86' title="bbox 410 4180 3436 4264; baseline -0.001 -25"><span class='ocrx_word' id='word_1_620' title='bbox 410 4186 558 4251; x_wconf 71' lang='grc' dir='ltr'><em>ἔθνος</em></span> <span class='ocrx_word' id='word_1_621' title='bbox 579 4187 824 4263; x_wconf 83' lang='grc' dir='ltr'><em>ἐγένετο·</em></span> <span class='ocrx_word' id='word_1_622' title='bbox 858 4189 950 4243; x_wconf 85' lang='grc' dir='ltr'><strong>καί</strong></span> <span class='ocrx_word' id='word_1_623' title='bbox 977 4191 1024 4242; x_wconf 86' lang='grc' dir='ltr'><strong>οί</strong></span> <span class='ocrx_word' id='word_1_624' title='bbox 1070 4190 1168 4262; x_wconf 76' lang='grc' dir='ltr'><em>μὲν</em></span> <span class='ocrx_word' id='word_1_625' title='bbox 1201 4189 1566 4264; x_wconf 82' lang='grc' dir='ltr'><em>ἀνῃρέθησαν,</em></span> <span class='ocrx_word' id='word_1_626' title='bbox 1601 4194 1658 4246; x_wconf 76' lang='lat' dir='ltr'><strong>al</strong></span> <span class='ocrx_word' id='word_1_627' title='bbox 1691 4193 1748 4248; x_wconf 82' lang='grc' dir='ltr'><strong>δὲ</strong></span> <span class='ocrx_word' id='word_1_628' title='bbox 1787 4192 1993 4254; x_wconf 79' lang='grc' dir='ltr'><em>τούτων</em></span> <span class='ocrx_word' id='word_1_629' title='bbox 2021 4193 2278 4261; x_wconf 82' lang='grc' dir='ltr'><em>γυναῖκες</em></span> <span class='ocrx_word' id='word_1_630' title='bbox 2317 4188 2456 4263; x_wconf 81' lang='grc' dir='ltr'><em>μετὰ</em></span> <span class='ocrx_word' id='word_1_631' title='bbox 2481 4186 2589 4251; x_wconf 84' lang='grc' dir='ltr'><em>τῶν</em></span> <span class='ocrx_word' id='word_1_632' title='bbox 2610 4185 2817 4240; x_wconf 86' lang='grc' dir='ltr'><em>παίδων</em></span> <span class='ocrx_word' id='word_1_633' title='bbox 2842 4180 3436 4255; x_wconf 86' lang='grc' dir='ltr'><em>ἐξηνδραποδίσθησαν.</em></span> 
     </span>
    </p>
   </div>
   <div class='ocr_carea' id='block_1_87' title="bbox 475 4281 2069 4360">
    <p class='ocr_par' dir='ltr' id='par_1_87' title="bbox 475 4281 2069 4360">
     <span class='ocr_line' id='line_1_87' title="bbox 475 4281 2069 4360; baseline 0.004 -24"><span class='ocrx_word' id='word_1_634' title='bbox 475 4281 643 4338; x_wconf 76' lang='lat' dir='ltr'><strong>Vens.</strong></span> <span class='ocrx_word' id='word_1_635' title='bbox 676 4283 861 4337; x_wconf 78' lang='grc'><strong>11-15.</strong></span> <span class='ocrx_word' id='word_1_636' title='bbox 898 4281 1176 4339; x_wconf 87' lang='lat' dir='ltr'><strong>Scrutetur</strong></span> <span class='ocrx_word' id='word_1_637' title='bbox 1225 4287 1491 4360; x_wconf 81' lang='lat' dir='ltr'><strong>fenerator</strong></span> <span class='ocrx_word' id='word_1_638' title='bbox 1514 4305 1716 4343; x_wconf 85' lang='lat' dir='ltr'><strong>omnem</strong></span> <span class='ocrx_word' id='word_1_639' title='bbox 1746 4289 1992 4343; x_wconf 87' lang='lat' dir='ltr'><strong>substan—</strong></span> <span class='ocrx_word' id='word_1_640' title='bbox 2024 4295 2069 4351; x_wconf 72' lang='grc' dir='ltr'><strong>Ι)</strong></span> 
     </span>
    </p>
   </div>
   <div class='ocr_carea' id='block_1_88' title="bbox 414 4375 1988 4445">
    <p class='ocr_par' dir='ltr' id='par_1_88' title="bbox 414 4375 1988 4445">
     <span class='ocr_line' id='line_1_88' title="bbox 414 4375 1988 4445; baseline 0.003 -17"><span class='ocrx_word' id='word_1_641' title='bbox 414 4375 544 4428; x_wconf 87' lang='lat' dir='ltr'><strong>tiam</strong></span> <span class='ocrx_word' id='word_1_642' title='bbox 565 4375 702 4444; x_wconf 88' lang='lat' dir='ltr'><strong>ejus,</strong></span> <span class='ocrx_word' id='word_1_643' title='bbox 730 4384 779 4430; x_wconf 88' lang='lat' dir='ltr'><strong>et</strong></span> <span class='ocrx_word' id='word_1_644' title='bbox 803 4375 1056 4445; x_wconf 86' lang='lat' dir='ltr'><strong>diripiant</strong></span> <span class='ocrx_word' id='word_1_645' title='bbox 1086 4378 1246 4433; x_wconf 89' lang='lat' dir='ltr'><strong>alieni</strong></span> <span class='ocrx_word' id='word_1_646' title='bbox 1286 4381 1499 4436; x_wconf 84' lang='lat' dir='ltr'><strong>divitias</strong></span> <span class='ocrx_word' id='word_1_647' title='bbox 1538 4396 1738 4441; x_wconf 81' lang='lat' dir='ltr'><strong>eorum.</strong></span> <span class='ocrx_word' id='word_1_648' title='bbox 1767 4379 1891 4434; x_wconf 89' lang='lat' dir='ltr'><strong>Non</strong></span> <span class='ocrx_word' id='word_1_649' title='bbox 1917 4380 1988 4434; x_wconf 88' lang='lat' dir='ltr'><strong>sit</strong></span> 
     </span>
    </p>
   </div>
   <div class='ocr_carea' id='block_1_89' title="bbox 409 4465 1988 4542">
    <p class='ocr_par' dir='ltr' id='par_1_89' title="bbox 409 4465 1988 4542">
     <span class='ocr_line' id='line_1_89' title="bbox 409 4465 1988 4542; baseline 0.005 -25"><span class='ocrx_word' id='word_1_650' title='bbox 409 4465 491 4518; x_wconf 88' lang='lat' dir='ltr'><strong>illi</strong></span> <span class='ocrx_word' id='word_1_651' title='bbox 533 4477 823 4535; x_wconf 85' lang='lat' dir='ltr'><strong>susceptor,</strong></span> <span class='ocrx_word' id='word_1_652' title='bbox 856 4483 947 4521; x_wconf 88' lang='lat' dir='ltr'><strong>nec</strong></span> <span class='ocrx_word' id='word_1_653' title='bbox 983 4469 1052 4522; x_wconf 86' lang='lat' dir='ltr'><strong>sit</strong></span> <span class='ocrx_word' id='word_1_654' title='bbox 1080 4470 1360 4533; x_wconf 75' lang='lat' dir='ltr'><strong>miserator</strong></span> <span class='ocrx_word' id='word_1_655' title='bbox 1389 4473 1605 4542; x_wconf 86' lang='lat' dir='ltr'><strong>pupillis</strong></span> <span class='ocrx_word' id='word_1_656' title='bbox 1655 4471 1790 4541; x_wconf 82' lang='lat' dir='ltr'><strong>ejus.</strong></span> <span class='ocrx_word' id='word_1_657' title='bbox 1823 4469 1988 4540; x_wconf 83' lang='lat' dir='ltr'><strong>Fiant</strong></span> 
     </span>
    </p>
   </div>
   <div class='ocr_carea' id='block_1_90' title="bbox 408 4557 1991 4634">
    <p class='ocr_par' dir='ltr' id='par_1_90' title="bbox 408 4557 1991 4634">
     <span class='ocr_line' id='line_1_90' title="bbox 408 4557 1991 4634; baseline 0.004 -24"><span class='ocrx_word' id='word_1_658' title='bbox 408 4557 523 4611; x_wconf 86' lang='lat' dir='ltr'><strong>nati</strong></span> <span class='ocrx_word' id='word_1_659' title='bbox 567 4558 681 4626; x_wconf 90' lang='lat' dir='ltr'><strong>ejus</strong></span> <span class='ocrx_word' id='word_1_660' title='bbox 723 4559 781 4613; x_wconf 87' lang='lat' dir='ltr'><strong>in</strong></span> <span class='ocrx_word' id='word_1_661' title='bbox 824 4559 1118 4626; x_wconf 88' lang='lat' dir='ltr'><strong>interitum,</strong></span> <span class='ocrx_word' id='word_1_662' title='bbox 1153 4563 1207 4616; x_wconf 89' lang='lat' dir='ltr'><strong>in</strong></span> <span class='ocrx_word' id='word_1_663' title='bbox 1250 4565 1583 4634; x_wconf 86' lang='lat' dir='ltr'><strong>generatione</strong></span> <span class='ocrx_word' id='word_1_664' title='bbox 1614 4581 1721 4617; x_wconf 87' lang='lat' dir='ltr'><strong>una</strong></span> <span class='ocrx_word' id='word_1_665' title='bbox 1752 4563 1991 4626; x_wconf 84' lang='lat' dir='ltr'><strong>deleatur</strong></span> 
     </span>
    </p>
   </div>
   <div class='ocr_carea' id='block_1_91' title="bbox 408 4648 1991 4726">
    <p class='ocr_par' dir='ltr' id='par_1_91' title="bbox 408 4648 1991 4726">
     <span class='ocr_line' id='line_1_91' title="bbox 408 4648 1991 4726; baseline 0.003 -22"><span class='ocrx_word' id='word_1_666' title='bbox 408 4664 593 4707; x_wconf 82' lang='lat' dir='ltr'><strong>nomen</strong></span> <span class='ocrx_word' id='word_1_667' title='bbox 615 4649 751 4719; x_wconf 84' lang='lat' dir='ltr'><strong>ejus.</strong></span> <span class='ocrx_word' id='word_1_668' title='bbox 802 4648 1165 4722; x_wconf 76' lang='lat' dir='ltr'><strong>Symmachus</strong></span> <span class='ocrx_word' id='word_1_669' title='bbox 1196 4670 1325 4710; x_wconf 84' lang='lat' dir='ltr'><strong>vero</strong></span> <span class='ocrx_word' id='word_1_670' title='bbox 1358 4655 1439 4711; x_wconf 90' lang='lat' dir='ltr'><strong>sic</strong></span> <span class='ocrx_word' id='word_1_671' title='bbox 1461 4699 1475 4718; x_wconf 88' lang='lat'><strong>,</strong></span> <span class='ocrx_word' id='word_1_672' title='bbox 1517 4655 1746 4726; x_wconf 81' lang='lat' dir='ltr'><strong>Colligat</strong></span> <span class='ocrx_word' id='word_1_673' title='bbox 1771 4665 1991 4714; x_wconf 75' lang='lat' dir='ltr'><strong>exactor</strong></span> 
     </span>
    </p>
   </div>
   <div class='ocr_carea' id='block_1_92' title="bbox 407 4743 1986 4813">
    <p class='ocr_par' dir='ltr' id='par_1_92' title="bbox 407 4743 1986 4813">
     <span class='ocr_line' id='line_1_92' title="bbox 407 4743 1986 4813; baseline 0.005 -19"><span class='ocrx_word' id='word_1_674' title='bbox 407 4743 585 4795; x_wconf 74' lang='lat' dir='ltr'><strong>omnia</strong></span> <span class='ocrx_word' id='word_1_675' title='bbox 611 4757 729 4811; x_wconf 71' lang='lat' dir='ltr'><strong>qua:</strong></span> <span class='ocrx_word' id='word_1_676' title='bbox 759 4752 881 4796; x_wconf 86' lang='lat' dir='ltr'><strong>sunt</strong></span> <span class='ocrx_word' id='word_1_677' title='bbox 912 4743 1034 4813; x_wconf 83' lang='lat' dir='ltr'><strong>ipsi.</strong></span> <span class='ocrx_word' id='word_1_678' title='bbox 1073 4744 1374 4804; x_wconf 78' lang='lat' dir='ltr'><strong>Exactores</strong></span> <span class='ocrx_word' id='word_1_679' title='bbox 1402 4756 1588 4804; x_wconf 88' lang='lat' dir='ltr'><strong>autem</strong></span> <span class='ocrx_word' id='word_1_680' title='bbox 1615 4749 1986 4803; x_wconf 81' lang='lat' dir='ltr'><strong>Romanorum</strong></span> 
     </span>
    </p>
   </div>
   <div class='ocr_carea' id='block_1_93' title="bbox 408 4835 1986 4911">
    <p class='ocr_par' dir='ltr' id='par_1_93' title="bbox 408 4835 1986 4911">
     <span class='ocr_line' id='line_1_93' title="bbox 408 4835 1986 4911; baseline 0.004 -23"><span class='ocrx_word' id='word_1_681' title='bbox 408 4835 768 4903; x_wconf 83' lang='lat' dir='ltr'><strong>imperatores</strong></span> <span class='ocrx_word' id='word_1_682' title='bbox 792 4843 944 4900; x_wconf 88' lang='lat' dir='ltr'><strong>sunt,</strong></span> <span class='ocrx_word' id='word_1_683' title='bbox 971 4835 1285 4907; x_wconf 87' lang='lat' dir='ltr'><strong>impositum</strong></span> <span class='ocrx_word' id='word_1_684' title='bbox 1312 4840 1545 4911; x_wconf 81' lang='lat' dir='ltr'><strong>vectigal</strong></span> <span class='ocrx_word' id='word_1_685' title='bbox 1586 4840 1887 4911; x_wconf 82' lang='lat' dir='ltr'><strong>exigentes.</strong></span> <span class='ocrx_word' id='word_1_686' title='bbox 1919 4840 1986 4895; x_wconf 85' lang='lat' dir='ltr'><strong>Hi</strong></span> 
     </span>
    </p>
   </div>
   <div class='ocr_carea' id='block_1_94' title="bbox 407 4922 1985 5000">
    <p class='ocr_par' dir='ltr' id='par_1_94' title="bbox 407 4922 1985 5000">
     <span class='ocr_line' id='line_1_94' title="bbox 407 4922 1985 5000; baseline 0.006 -23"><span class='ocrx_word' id='word_1_687' title='bbox 407 4937 572 4993; x_wconf 88' lang='lat' dir='ltr'><strong>porro</strong></span> <span class='ocrx_word' id='word_1_688' title='bbox 596 4923 778 4978; x_wconf 88' lang='lat' dir='ltr'><strong>omnia</strong></span> <span class='ocrx_word' id='word_1_689' title='bbox 808 4922 1120 4982; x_wconf 68' lang='lat' dir='ltr'><strong>Iudaeorum</strong></span> <span class='ocrx_word' id='word_1_690' title='bbox 1153 4927 1296 4982; x_wconf 87' lang='lat' dir='ltr'><strong>bona</strong></span> <span class='ocrx_word' id='word_1_691' title='bbox 1327 4929 1693 5000; x_wconf 81' lang='lat' dir='ltr'><strong>diripuerunt,</strong></span> <span class='ocrx_word' id='word_1_692' title='bbox 1731 4939 1985 4986; x_wconf 84' lang='lat' dir='ltr'><strong>accurate</strong></span> 
     </span>
    </p>
   </div>
   <div class='ocr_carea' id='block_1_95' title="bbox 407 5014 1988 5093">
    <p class='ocr_par' dir='ltr' id='par_1_95' title="bbox 407 5014 1988 5093">
     <span class='ocr_line' id='line_1_95' title="bbox 407 5014 1988 5093; baseline 0.006 -25"><span class='ocrx_word' id='word_1_693' title='bbox 407 5014 602 5089; x_wconf 82' lang='lat' dir='ltr'><strong>omnia</strong></span> <span class='ocrx_word' id='word_1_694' title='bbox 621 5023 956 5084; x_wconf 87' lang='lat' dir='ltr'><strong>scrutantes,</strong></span> <span class='ocrx_word' id='word_1_695' title='bbox 987 5019 1062 5078; x_wconf 84' lang='lat' dir='ltr'><strong>ita</strong></span> <span class='ocrx_word' id='word_1_696' title='bbox 1109 5029 1166 5074; x_wconf 94' lang='lat' dir='ltr'><strong>ut</strong></span> <span class='ocrx_word' id='word_1_697' title='bbox 1210 5023 1427 5077; x_wconf 86' lang='lat' dir='ltr'><strong>occulta</strong></span> <span class='ocrx_word' id='word_1_698' title='bbox 1452 5023 1625 5093; x_wconf 80' lang='lat' dir='ltr'><strong>etiam</strong></span> <span class='ocrx_word' id='word_1_699' title='bbox 1673 5023 1988 5080; x_wconf 82' lang='lat' dir='ltr'><strong>invenirent.</strong></span> 
     </span>
    </p>
   </div>
   <div class='ocr_carea' id='block_1_96' title="bbox 406 5109 1978 5188">
    <p class='ocr_par' dir='ltr' id='par_1_96' title="bbox 406 5109 1978 5188">
     <span class='ocr_line' id='line_1_96' title="bbox 406 5109 1978 5188; baseline 0.006 -26"><span class='ocrx_word' id='word_1_700' title='bbox 406 5109 620 5179; x_wconf 86' lang='lat' dir='ltr'><strong>sibique</strong></span> <span class='ocrx_word' id='word_1_701' title='bbox 648 5109 1008 5167; x_wconf 86' lang='lat' dir='ltr'><strong>vindicarent.</strong></span> <span class='ocrx_word' id='word_1_702' title='bbox 1044 5111 1140 5169; x_wconf 86' lang='lat' dir='ltr'><strong>His</strong></span> <span class='ocrx_word' id='word_1_703' title='bbox 1172 5129 1297 5170; x_wconf 87' lang='lat' dir='ltr'><strong>vero</strong></span> <span class='ocrx_word' id='word_1_704' title='bbox 1331 5117 1518 5184; x_wconf 80' lang='lat' dir='ltr'><strong>gestis,</strong></span> <span class='ocrx_word' id='word_1_705' title='bbox 1550 5125 1850 5188; x_wconf 91' lang='lat' dir='ltr'><strong>postquam.</strong></span> <span class='ocrx_word' id='word_1_706' title='bbox 1872 5117 1978 5171; x_wconf 84' lang='lat' dir='ltr'><strong>ini-</strong></span> 
     </span>
    </p>
   </div>
   <div class='ocr_carea' id='block_1_97' title="bbox 407 5199 1982 5272">
    <p class='ocr_par' dir='ltr' id='par_1_97' title="bbox 407 5199 1982 5272">
     <span class='ocr_line' id='line_1_97' title="bbox 407 5199 1982 5272; baseline 0.006 -21"><span class='ocrx_word' id='word_1_707' title='bbox 407 5199 531 5254; x_wconf 85' lang='lat' dir='ltr'><strong>mici</strong></span> <span class='ocrx_word' id='word_1_708' title='bbox 565 5199 709 5255; x_wconf 88' lang='lat' dir='ltr'><strong>bona</strong></span> <span class='ocrx_word' id='word_1_709' title='bbox 737 5202 980 5272; x_wconf 87' lang='lat' dir='ltr'><strong>ipsorum</strong></span> <span class='ocrx_word' id='word_1_710' title='bbox 1010 5202 1152 5264; x_wconf 86' lang='lat' dir='ltr'><strong>inter</strong></span> <span class='ocrx_word' id='word_1_711' title='bbox 1174 5221 1233 5261; x_wconf 90' lang='lat' dir='ltr'><strong>se</strong></span> <span class='ocrx_word' id='word_1_712' title='bbox 1263 5205 1573 5272; x_wconf 85' lang='lat' dir='ltr'><strong>diviserint,</strong></span> <span class='ocrx_word' id='word_1_713' title='bbox 1607 5222 1766 5262; x_wconf 92' lang='lat' dir='ltr'><strong>nemo</strong></span> <span class='ocrx_word' id='word_1_714' title='bbox 1788 5207 1856 5264; x_wconf 90' lang='lat' dir='ltr'><strong>iis</strong></span> <span class='ocrx_word' id='word_1_715' title='bbox 1885 5206 1982 5260; x_wconf 79' lang='lat' dir='ltr'><strong>ad-</strong></span> 
     </span>
    </p>
   </div>
   <div class='ocr_carea' id='block_1_98' title="bbox 408 5288 1981 5368">
    <p class='ocr_par' dir='ltr' id='par_1_98' title="bbox 408 5288 1981 5368">
     <span class='ocr_line' id='line_1_98' title="bbox 408 5288 1981 5368; baseline 0.008 -28"><span class='ocrx_word' id='word_1_716' title='bbox 408 5288 551 5355; x_wconf 80' lang='lat' dir='ltr'><strong>iutor</strong></span> <span class='ocrx_word' id='word_1_717' title='bbox 575 5291 704 5354; x_wconf 91' lang='lat' dir='ltr'><strong>erit,</strong></span> <span class='ocrx_word' id='word_1_718' title='bbox 729 5306 831 5347; x_wconf 92' lang='lat' dir='ltr'><strong>nec</strong></span> <span class='ocrx_word' id='word_1_719' title='bbox 850 5307 1036 5347; x_wconf 90' lang='lat' dir='ltr'><strong>eorum</strong></span> <span class='ocrx_word' id='word_1_720' title='bbox 1062 5294 1188 5350; x_wconf 84' lang='lat' dir='ltr'><strong>ﬁliis</strong></span> <span class='ocrx_word' id='word_1_721' title='bbox 1216 5307 1488 5366; x_wconf 88' lang='lat' dir='ltr'><strong>parcetur.</strong></span> <span class='ocrx_word' id='word_1_722' title='bbox 1514 5297 1720 5354; x_wconf 89' lang='lat' dir='ltr'><strong>Deinde</strong></span> <span class='ocrx_word' id='word_1_723' title='bbox 1747 5298 1981 5368; x_wconf 89' lang='lat' dir='ltr'><strong>quadra-</strong></span> 
     </span>
    </p>
   </div>
   <div class='ocr_carea' id='block_1_99' title="bbox 409 5380 1982 5463">
    <p class='ocr_par' dir='ltr' id='par_1_99' title="bbox 409 5380 1982 5463">
     <span class='ocr_line' id='line_1_99' title="bbox 409 5380 1982 5463; baseline 0.009 -31"><span class='ocrx_word' id='word_1_724' title='bbox 409 5380 552 5446; x_wconf 82' lang='lat' dir='ltr'><strong>ginta</strong></span> <span class='ocrx_word' id='word_1_725' title='bbox 580 5383 821 5438; x_wconf 90' lang='lat' dir='ltr'><strong>nondum</strong></span> <span class='ocrx_word' id='word_1_726' title='bbox 850 5382 1052 5455; x_wconf 88' lang='lat' dir='ltr'><strong>elapsis</strong></span> <span class='ocrx_word' id='word_1_727' title='bbox 1081 5389 1262 5457; x_wconf 88' lang='lat' dir='ltr'><strong>annis,</strong></span> <span class='ocrx_word' id='word_1_728' title='bbox 1292 5387 1602 5461; x_wconf 71' lang='lat' dir='ltr'><strong>Iudaeorum</strong></span> <span class='ocrx_word' id='word_1_729' title='bbox 1641 5392 1873 5463; x_wconf 86' lang='lat' dir='ltr'><strong>populus</strong></span> <span class='ocrx_word' id='word_1_730' title='bbox 1897 5391 1982 5446; x_wconf 90' lang='lat' dir='ltr'><strong>in-</strong></span> 
     </span>
    </p>
   </div>
   <div class='ocr_carea' id='block_1_100' title="bbox 411 5475 1079 5546">
    <p class='ocr_par' dir='ltr' id='par_1_100' title="bbox 411 5475 1079 5546">
     <span class='ocr_line' id='line_1_100' title="bbox 411 5475 1079 5546; baseline 0.018 -26"><span class='ocrx_word' id='word_1_731' title='bbox 411 5475 719 5530; x_wconf 81' lang='lat' dir='ltr'><strong>ternecione</strong></span> <span class='ocrx_word' id='word_1_732' title='bbox 750 5476 970 5540; x_wconf 33' lang='lat' dir='ltr'><strong>deletus,</strong></span> <span class='ocrx_word' id='word_1_733' title='bbox 987 5485 1079 5546; x_wconf 73' lang='lat' dir='ltr'><strong>est</strong></span> 
     </span>
    </p>
   </div>
   <div class='ocr_carea' id='block_1_101' title="bbox 477 5728 970 5802">
    <p class='ocr_par' dir='ltr' id='par_1_101' title="bbox 477 5728 970 5802">
     <span class='ocr_line' id='line_1_101' title="bbox 477 5728 970 5802; baseline 0.016 -21"><span class='ocrx_word' id='word_1_734' title='bbox 477 5731 518 5775; x_wconf 56' lang='grc' dir='ltr'><strong>ιτ</strong></span> <span class='ocrx_word' id='word_1_735' title='bbox 561 5728 748 5798; x_wconf 68' lang='lat' dir='ltr'><strong>Matth.</strong></span> <span class='ocrx_word' id='word_1_736' title='bbox 788 5749 847 5799; x_wconf 73' lang='grc' dir='ltr'><em>ν,</em></span> <span class='ocrx_word' id='word_1_737' title='bbox 880 5734 970 5802; x_wconf 66' lang='lat' dir='ltr'><strong>ﬂ,</strong></span> 
     </span>
    </p>
   </div>
   <div class='ocr_carea' id='block_1_102' title="bbox 2179 4271 3642 4356">
    <p class='ocr_par' dir='ltr' id='par_1_102' title="bbox 2179 4271 3642 4356">
     <span class='ocr_line' id='line_1_102' title="bbox 2179 4271 3642 4356; baseline -0.013 -15"><span class='ocrx_word' id='word_1_738' title='bbox 2179 4282 2664 4356; x_wconf 79' lang='grc' dir='ltr'><em>Ἐξερευνησάτω</em></span> <span class='ocrx_word' id='word_1_739' title='bbox 2701 4276 3028 4347; x_wconf 77' lang='grc' dir='ltr'><em>δανειστὴς</em></span> <span class='ocrx_word' id='word_1_740' title='bbox 3055 4275 3255 4330; x_wconf 82' lang='grc' dir='ltr'><em>πάντα</em></span> <span class='ocrx_word' id='word_1_741' title='bbox 3277 4275 3398 4328; x_wconf 84' lang='grc' dir='ltr'><em>ὅσα</em></span> <span class='ocrx_word' id='word_1_742' title='bbox 3427 4271 3642 4341; x_wconf 72' lang='grc' dir='ltr'><strong>ὑπάρχει</strong></span> 
     </span>
    </p>
   </div>
   <div class='ocr_carea' id='block_1_103' title="bbox 2093 4363 3643 4443">
    <p class='ocr_par' dir='ltr' id='par_1_103' title="bbox 2093 4363 3643 4443">
     <span class='ocr_line' id='line_1_103' title="bbox 2093 4363 3643 4443; baseline -0.01 -11"><span class='ocrx_word' id='word_1_743' title='bbox 2093 4375 2253 4443; x_wconf 85' lang='grc' dir='ltr'><strong>αὺτῷ</strong></span> <span class='ocrx_word' id='word_1_744' title='bbox 2271 4394 2284 4407; x_wconf 90' lang='grc'><strong>·</strong></span> <span class='ocrx_word' id='word_1_745' title='bbox 2309 4375 2408 4436; x_wconf 68' lang='grc' dir='ltr'><strong>καὶ</strong></span> <span class='ocrx_word' id='word_1_746' title='bbox 2428 4370 2932 4443; x_wconf 82' lang='grc' dir='ltr'><em>διαρπασάτωσαν</em></span> <span class='ocrx_word' id='word_1_747' title='bbox 2949 4368 3255 4436; x_wconf 73' lang='grc' dir='ltr'><em>ἀλλότριοι</em></span> <span class='ocrx_word' id='word_1_748' title='bbox 3285 4366 3396 4420; x_wconf 84' lang='grc' dir='ltr'><em>τὸν</em></span> <span class='ocrx_word' id='word_1_749' title='bbox 3412 4363 3643 4419; x_wconf 75' lang='grc' dir='ltr'><em>πλοῦτον</em></span> 
     </span>
    </p>
   </div>
   <div class='ocr_carea' id='block_1_104' title="bbox 2094 4451 3642 4535">
    <p class='ocr_par' dir='ltr' id='par_1_104' title="bbox 2094 4451 3642 4535">
     <span class='ocr_line' id='line_1_104' title="bbox 2094 4451 3642 4535; baseline -0.014 -11"><span class='ocrx_word' id='word_1_750' title='bbox 2094 4469 2314 4526; x_wconf 84' lang='grc' dir='ltr'><em>αὐτῶν.</em></span> <span class='ocrx_word' id='word_1_751' title='bbox 2371 4465 2468 4535; x_wconf 81' lang='grc' dir='ltr'><em>Μὴ</em></span> <span class='ocrx_word' id='word_1_752' title='bbox 2522 4462 2844 4532; x_wconf 77' lang='grc' dir='ltr'><em>ὑπαρξάτω</em></span> <span class='ocrx_word' id='word_1_753' title='bbox 2903 4459 3064 4525; x_wconf 84' lang='grc' dir='ltr'><strong>αὺτῷ</strong></span> <span class='ocrx_word' id='word_1_754' title='bbox 3100 4457 3499 4524; x_wconf 78' lang='grc' dir='ltr'><em>ἀντιλήπτωρ.</em></span> <span class='ocrx_word' id='word_1_755' title='bbox 3515 4451 3642 4525; x_wconf 79' lang='grc' dir='ltr'><em>μηδὲ</em></span> 
     </span>
    </p>
   </div>
   <div class='ocr_carea' id='block_1_105' title="bbox 2093 4548 3639 4642">
    <p class='ocr_par' dir='ltr' id='par_1_105' title="bbox 2093 4548 3639 4642">
     <span class='ocr_line' id='line_1_105' title="bbox 2093 4548 3639 4642; baseline -0.009 -27"><span class='ocrx_word' id='word_1_756' title='bbox 2093 4559 2395 4635; x_wconf 75' lang='grc' dir='ltr'><em>γενηθήτω</em></span> <span class='ocrx_word' id='word_1_757' title='bbox 2425 4558 2743 4627; x_wconf 69' lang='grc' dir='ltr'><em>οἰκτίρμων</em></span> <span class='ocrx_word' id='word_1_758' title='bbox 2777 4553 2904 4620; x_wconf 81' lang='grc' dir='ltr'><em>τοῖς</em></span> <span class='ocrx_word' id='word_1_759' title='bbox 2935 4549 3219 4622; x_wconf 67' lang='grc' dir='ltr'><em>ὀρφανοῖς</em></span> <span class='ocrx_word' id='word_1_760' title='bbox 3242 4548 3449 4603; x_wconf 86' lang='grc' dir='ltr'><em>αὐτοῦ.</em></span> <span class='ocrx_word' id='word_1_761' title='bbox 3483 4548 3639 4642; x_wconf 67' lang='lat' dir='ltr'><strong>rem:</strong></span> 
     </span>
    </p>
   </div>
   <div class='ocr_carea' id='block_1_106' title="bbox 2092 4639 3637 4714">
    <p class='ocr_par' dir='ltr' id='par_1_106' title="bbox 2092 4639 3637 4714">
     <span class='ocr_line' id='line_1_106' title="bbox 2092 4639 3637 4714; baseline -0.011 -8"><span class='ocrx_word' id='word_1_762' title='bbox 2092 4650 2250 4714; x_wconf 80' lang='grc' dir='ltr'><em>θήτω</em></span> <span class='ocrx_word' id='word_1_763' title='bbox 2273 4653 2350 4702; x_wconf 80' lang='grc' dir='ltr'><strong>τὰ</strong></span> <span class='ocrx_word' id='word_1_764' title='bbox 2380 4645 2562 4702; x_wconf 77' lang='grc' dir='ltr'><em>τέκνα</em></span> <span class='ocrx_word' id='word_1_765' title='bbox 2583 4643 2770 4699; x_wconf 84' lang='grc' dir='ltr'><em>αὑτοῦ</em></span> <span class='ocrx_word' id='word_1_766' title='bbox 2817 4646 2903 4708; x_wconf 81' lang='grc' dir='ltr'><strong>εις</strong></span> <span class='ocrx_word' id='word_1_767' title='bbox 2922 4641 3372 4709; x_wconf 78' lang='grc' dir='ltr'><em>ἐξολόθρευσιν,</em></span> <span class='ocrx_word' id='word_1_768' title='bbox 3407 4639 3476 4692; x_wconf 81' lang='grc' dir='ltr'><em>ἐν</em></span> <span class='ocrx_word' id='word_1_769' title='bbox 3494 4639 3637 4707; x_wconf 71' lang='grc' dir='ltr'><em>γενεᾷ</em></span> 
     </span>
    </p>
   </div>
   <div class='ocr_carea' id='block_1_107' title="bbox 2086 4729 3636 4812">
    <p class='ocr_par' dir='ltr' id='par_1_107' title="bbox 2086 4729 3636 4812">
     <span class='ocr_line' id='line_1_107' title="bbox 2086 4729 3636 4812; baseline -0.013 -14"><span class='ocrx_word' id='word_1_770' title='bbox 2086 4740 2193 4812; x_wconf 80' lang='grc' dir='ltr'><em>μιᾷ</em></span> <span class='ocrx_word' id='word_1_771' title='bbox 2210 4737 2589 4808; x_wconf 60' lang='grc' dir='ltr'><em>ἐξαλειφθείη</em></span> <span class='ocrx_word' id='word_1_772' title='bbox 2635 4735 2705 4790; x_wconf 86' lang='grc' dir='ltr'><em>τὸ</em></span> <span class='ocrx_word' id='word_1_773' title='bbox 2736 4735 2923 4812; x_wconf 80' lang='grc' dir='ltr'><em>ὄνομα</em></span> <span class='ocrx_word' id='word_1_774' title='bbox 2955 4731 3162 4787; x_wconf 85' lang='grc' dir='ltr'><em>αὐτοῦ.</em></span> <span class='ocrx_word' id='word_1_775' title='bbox 3217 4731 3276 4784; x_wconf 91' lang='lat'><strong>&#39;0</strong></span> <span class='ocrx_word' id='word_1_776' title='bbox 3296 4730 3353 4782; x_wconf 84' lang='grc' dir='ltr'><strong>δὲ</strong></span> <span class='ocrx_word' id='word_1_777' title='bbox 3379 4729 3636 4800; x_wconf 79' lang='grc' dir='ltr'><strong>Σύμμαχος</strong></span> 
     </span>
    </p>
   </div>
   <div class='ocr_carea' id='block_1_108' title="bbox 2089 4819 3634 4898">
    <p class='ocr_par' dir='ltr' id='par_1_108' title="bbox 2089 4819 3634 4898">
     <span class='ocr_line' id='line_1_108' title="bbox 2089 4819 3634 4898; baseline -0.008 -15"><span class='ocrx_word' id='word_1_778' title='bbox 2089 4829 2252 4893; x_wconf 78' lang='grc' dir='ltr'><em>οὕτω,</em></span> <span class='ocrx_word' id='word_1_779' title='bbox 2279 4825 2658 4898; x_wconf 83' lang='grc' dir='ltr'><em>Συγκρούσαι</em></span> <span class='ocrx_word' id='word_1_780' title='bbox 2681 4821 2957 4892; x_wconf 81' lang='grc' dir='ltr'><em>πράκτωρ</em></span> <span class='ocrx_word' id='word_1_781' title='bbox 2988 4821 3185 4876; x_wconf 80' lang='grc' dir='ltr'><em>πάντα</em></span> <span class='ocrx_word' id='word_1_782' title='bbox 3210 4819 3284 4874; x_wconf 87' lang='grc' dir='ltr'><strong>τὰ</strong></span> <span class='ocrx_word' id='word_1_783' title='bbox 3297 4819 3634 4888; x_wconf 72' lang='grc' dir='ltr'><em>,ὑπάρχοντα</em></span> 
     </span>
    </p>
   </div>
   <div class='ocr_carea' id='block_1_109' title="bbox 2090 4907 3631 4992">
    <p class='ocr_par' dir='ltr' id='par_1_109' title="bbox 2090 4907 3631 4992">
     <span class='ocr_line' id='line_1_109' title="bbox 2090 4907 3631 4992; baseline -0.011 -16"><span class='ocrx_word' id='word_1_784' title='bbox 2090 4921 2270 4987; x_wconf 87' lang='grc' dir='ltr'><em>αὐτῷ.</em></span> <span class='ocrx_word' id='word_1_785' title='bbox 2325 4919 2644 4992; x_wconf 82' lang='grc' dir='ltr'><em>Πράκτορες</em></span> <span class='ocrx_word' id='word_1_786' title='bbox 2671 4917 2728 4969; x_wconf 82' lang='grc' dir='ltr'><strong>δὲ</strong></span> <span class='ocrx_word' id='word_1_787' title='bbox 2759 4917 2853 4970; x_wconf 76' lang='grc' dir='ltr'><em>καὶ</em></span> <span class='ocrx_word' id='word_1_788' title='bbox 2875 4918 2925 4968; x_wconf 84' lang='grc' dir='ltr'><em>οἱ</em></span> <span class='ocrx_word' id='word_1_789' title='bbox 2973 4913 3257 4986; x_wconf 86' lang='grc' dir='ltr'><em>Ῥωμαίων</em></span> <span class='ocrx_word' id='word_1_790' title='bbox 3300 4911 3531 4984; x_wconf 83' lang='grc' dir='ltr'><em>βασιλεῖς</em></span> <span class='ocrx_word' id='word_1_791' title='bbox 3561 4907 3631 4961; x_wconf 67' lang='grc' dir='ltr'><strong>σὺν</strong></span> 
     </span>
    </p>
   </div>
   <div class='ocr_carea' id='block_1_110' title="bbox 2089 4997 3628 5083">
    <p class='ocr_par' dir='ltr' id='par_1_110' title="bbox 2089 4997 3628 5083">
     <span class='ocr_line' id='line_1_110' title="bbox 2089 4997 3628 5083; baseline -0.01 -17"><span class='ocrx_word' id='word_1_792' title='bbox 2089 5011 2434 5083; x_wconf 80' lang='grc' dir='ltr'><em>ἐπικείμενον</em></span> <span class='ocrx_word' id='word_1_793' title='bbox 2466 5007 2914 5080; x_wconf 80' lang='grc' dir='ltr'><em>εἰσπραττόμενοι</em></span> <span class='ocrx_word' id='word_1_794' title='bbox 2947 5003 3132 5075; x_wconf 84' lang='grc' dir='ltr'><em>φόρον.</em></span> <span class='ocrx_word' id='word_1_795' title='bbox 3161 4997 3317 5058; x_wconf 75' lang='grc' dir='ltr'><em>Οὗτοι</em></span> <span class='ocrx_word' id='word_1_796' title='bbox 3347 5002 3405 5054; x_wconf 87' lang='grc' dir='ltr'><strong>δέ</strong></span> <span class='ocrx_word' id='word_1_797' title='bbox 3432 5000 3497 5055; x_wconf 80' lang='grc' dir='ltr'><em>τὰ</em></span> <span class='ocrx_word' id='word_1_798' title='bbox 3529 4999 3628 5051; x_wconf 84' lang='grc' dir='ltr'><em>Ἰον-</em></span> 
     </span>
    </p>
   </div>
   <div class='ocr_carea' id='block_1_111' title="bbox 2087 5088 3626 5176">
    <p class='ocr_par' dir='ltr' id='par_1_111' title="bbox 2087 5088 3626 5176">
     <span class='ocr_line' id='line_1_111' title="bbox 2087 5088 3626 5176; baseline -0.007 -16"><span class='ocrx_word' id='word_1_799' title='bbox 2087 5105 2252 5160; x_wconf 87' lang='grc' dir='ltr'><em>δαίων</em></span> <span class='ocrx_word' id='word_1_800' title='bbox 2279 5104 2608 5176; x_wconf 85' lang='grc' dir='ltr'><em>διήρπασαν,</em></span> <span class='ocrx_word' id='word_1_801' title='bbox 2638 5100 2852 5154; x_wconf 77' lang='grc' dir='ltr'><em>ἅπαντα</em></span> <span class='ocrx_word' id='word_1_802' title='bbox 2876 5098 3120 5170; x_wconf 74' lang='grc' dir='ltr'>ἀκριϐῶς</span> <span class='ocrx_word' id='word_1_803' title='bbox 3150 5099 3542 5171; x_wconf 85' lang='grc' dir='ltr'><em>ἐρευνήσαντες,</em></span> <span class='ocrx_word' id='word_1_804' title='bbox 3567 5088 3626 5150; x_wconf 77' lang='grc' dir='ltr'>ὦς</span> 
     </span>
    </p>
   </div>
   <div class='ocr_carea' id='block_1_112' title="bbox 2087 5177 3621 5266">
    <p class='ocr_par' dir='ltr' id='par_1_112' title="bbox 2087 5177 3621 5266">
     <span class='ocr_line' id='line_1_112' title="bbox 2087 5177 3621 5266; baseline -0.009 -17"><span class='ocrx_word' id='word_1_805' title='bbox 2087 5195 2184 5249; x_wconf 77' lang='grc' dir='ltr'><em>καὶ</em></span> <span class='ocrx_word' id='word_1_806' title='bbox 2201 5193 2269 5248; x_wconf 84' lang='grc' dir='ltr'><em>τὰ</em></span> <span class='ocrx_word' id='word_1_807' title='bbox 2285 5191 2642 5266; x_wconf 83' lang='grc' dir='ltr'><em>κεκρυμμένα</em></span> <span class='ocrx_word' id='word_1_808' title='bbox 2655 5193 2835 5262; x_wconf 75' lang='grc' dir='ltr'>εὑρεῖν</span> <span class='ocrx_word' id='word_1_809' title='bbox 2849 5208 2910 5244; x_wconf 85' lang='grc' dir='ltr'><em>τε</em></span> <span class='ocrx_word' id='word_1_810' title='bbox 2925 5190 3018 5246; x_wconf 73' lang='grc' dir='ltr'><em>καὶ</em></span> <span class='ocrx_word' id='word_1_811' title='bbox 3037 5177 3621 5261; x_wconf 57' lang='grc' dir='ltr'><em>σᾳτερίσαιΧούτωνδὲ</em></span> 
     </span>
    </p>
   </div>
   <div class='ocr_carea' id='block_1_113' title="bbox 2086 5277 3616 5358">
    <p class='ocr_par' dir='ltr' id='par_1_113' title="bbox 2086 5277 3616 5358">
     <span class='ocr_line' id='line_1_113' title="bbox 2086 5277 3616 5358; baseline -0.008 -18"><span class='ocrx_word' id='word_1_812' title='bbox 2086 5285 2414 5358; x_wconf 85' lang='grc' dir='ltr'><em>γενομένων,</em></span> <span class='ocrx_word' id='word_1_813' title='bbox 2455 5285 2549 5349; x_wconf 76' lang='grc' dir='ltr'><em>καὶ</em></span> <span class='ocrx_word' id='word_1_814' title='bbox 2575 5283 2686 5336; x_wconf 83' lang='grc' dir='ltr'><em>τῶν</em></span> <span class='ocrx_word' id='word_1_815' title='bbox 2724 5281 2997 5354; x_wconf 83' lang='grc' dir='ltr'><em>πολεμίων</em></span> <span class='ocrx_word' id='word_1_816' title='bbox 3011 5282 3078 5335; x_wconf 85' lang='grc' dir='ltr'><em>τὰ</em></span> <span class='ocrx_word' id='word_1_817' title='bbox 3092 5279 3299 5344; x_wconf 82' lang='grc' dir='ltr'><em>τούτοις</em></span> <span class='ocrx_word' id='word_1_818' title='bbox 3315 5277 3616 5351; x_wconf 70' lang='grc' dir='ltr'><em>προσήκοντα</em></span> 
     </span>
    </p>
   </div>
   <div class='ocr_carea' id='block_1_114' title="bbox 2085 5367 3661 5449">
    <p class='ocr_par' dir='ltr' id='par_1_114' title="bbox 2085 5367 3661 5449">
     <span class='ocr_line' id='line_1_114' title="bbox 2085 5367 3661 5449; baseline -0.005 -17"><span class='ocrx_word' id='word_1_819' title='bbox 2085 5377 2510 5449; x_wconf 85' lang='grc' dir='ltr'><em>διανεμομένων,</em></span> <span class='ocrx_word' id='word_1_820' title='bbox 2529 5375 2701 5440; x_wconf 69' lang='grc' dir='ltr'><strong>οὐδεὶς</strong></span> <span class='ocrx_word' id='word_1_821' title='bbox 2713 5374 2895 5439; x_wconf 78' lang='grc' dir='ltr'><em>αὐτοῖς</em></span> <span class='ocrx_word' id='word_1_822' title='bbox 2914 5374 3203 5445; x_wconf 87' lang='grc' dir='ltr'><em>ἐπίκουρος</em></span> <span class='ocrx_word' id='word_1_823' title='bbox 3223 5367 3508 5435; x_wconf 71' lang='grc' dir='ltr'><em>ἔσται,οῶ</em></span> <span class='ocrx_word' id='word_1_824' title='bbox 3520 5380 3610 5434; x_wconf 79' lang='grc' dir='ltr'><em>φει-</em></span> <span class='ocrx_word' id='word_1_825' title='bbox 3653 5399 3661 5424; x_wconf 88' lang='grc' dir='ltr'><strong>ι</strong></span> 
     </span>
    </p>
   </div>
   <div class='ocr_carea' id='block_1_115' title="bbox 2087 5457 3606 5539">
    <p class='ocr_par' dir='ltr' id='par_1_115' title="bbox 2087 5457 3606 5539">
     <span class='ocr_line' id='line_1_115' title="bbox 2087 5457 3606 5539; baseline -0.007 -16"><span class='ocrx_word' id='word_1_826' title='bbox 2087 5466 2208 5534; x_wconf 81' lang='grc' dir='ltr'><strong>δοῦς</strong></span> <span class='ocrx_word' id='word_1_827' title='bbox 2235 5469 2474 5538; x_wconf 49' lang='grc' dir='ltr'><em>αὐτῶν,οἱ</em></span> <span class='ocrx_word' id='word_1_828' title='bbox 2502 5468 2690 5532; x_wconf 83' lang='grc' dir='ltr'><em>παῖδες</em></span> <span class='ocrx_word' id='word_1_829' title='bbox 2715 5462 3268 5539; x_wconf 50' lang='grc' dir='ltr'><em>ἀξιωθήσονταιηΕἶτα</em></span> <span class='ocrx_word' id='word_1_830' title='bbox 3279 5471 3331 5536; x_wconf 85' lang='grc' dir='ltr'><em>μ’</em></span> <span class='ocrx_word' id='word_1_831' title='bbox 3344 5465 3405 5518; x_wconf 73' lang='grc' dir='ltr'><strong>οὗ</strong></span> <span class='ocrx_word' id='word_1_832' title='bbox 3419 5457 3606 5516; x_wconf 77' lang='grc' dir='ltr'><strong>διελθόν⁹</strong></span> 
     </span>
    </p>
   </div>
   <div class='ocr_carea' id='block_1_116' title="bbox 2086 5553 3523 5636">
    <p class='ocr_par' dir='ltr' id='par_1_116' title="bbox 2086 5553 3523 5636">
     <span class='ocr_line' id='line_1_116' title="bbox 2086 5553 3523 5636; baseline -0.003 -15"><span class='ocrx_word' id='word_1_833' title='bbox 2086 5579 2193 5630; x_wconf 69' lang='grc' dir='ltr'><em>τῳν</em></span> <span class='ocrx_word' id='word_1_834' title='bbox 2207 5561 2368 5636; x_wconf 78' lang='grc' dir='ltr'><em>ἐτῶν,</em></span> <span class='ocrx_word' id='word_1_835' title='bbox 2381 5559 2612 5617; x_wconf 87' lang='grc' dir='ltr'><em>πανολεθ</em></span> <span class='ocrx_word' id='word_1_836' title='bbox 2618 5560 2738 5633; x_wconf 83' lang='grc' dir='ltr'><em>ρίαν</em></span> <span class='ocrx_word' id='word_1_837' title='bbox 2754 5560 3087 5632; x_wconf 80' lang='grc' dir='ltr'><em>ὑπέμεινενὸ</em></span> <span class='ocrx_word' id='word_1_838' title='bbox 3117 5556 3379 5628; x_wconf 74' lang='grc' dir='ltr'><em>Ἰουδαίων</em></span> <span class='ocrx_word' id='word_1_839' title='bbox 3399 5553 3523 5616; x_wconf 59' lang='grc' dir='ltr'><em>λαός.</em></span> 
     </span>
    </p>
   </div>
  </div>
