3868 6282
182 274 196 331 l
210 276 311 332 557

1272 285 1778 347 COMMENTARIA
1818 292 1883 347 IN
1926 292 2265 353 PSALMOS.

3300 307 3439 364 1358

256 390 684 467 Ἄναμνησθείη
731 398 773 469 ἠ
805 399 1025 472 ἀνομία
1079 403 1199 460 τῶν
1252 409 1524 479 πατέρων
1565 411 1752 468 αὐτοῦ

1927 413 2092 472 Vens.
2126 416 2312 473 14-16.
2375 417 2442 474 In
2474 425 2782 479 memoriam
2832 425 3011 481 redeat
3056 426 3307 497 iniquitas
3341 443 3440 495 pa-

175 486 377 543 ἕναντι
408 491 655 560 Κυρίου,
684 492 782 547 καὶ
813 495 852 564 ἠ
894 496 1149 567 ἁμαρτία
1180 502 1293 571 τῆς
1316 505 1542 574 μητρὸς
1573 509 1760 563 αὐτοῦ

171 580 256 649 μὴ
279 580 682 654 ἐξαλειφθείη.
716 587 1035 657 Γενηθήτω
1062 591 1341 651 ἐναντίον
1372 600 1594 669 Κυρίου
1645 601 1767 656 δια-

171 676 424 743 παντὸς,
443 680 537 733 καὶ
555 680 625 745 ἐξ
628 682 972 750 ολοθρευθεί
974 704 1012 755 η
1047 686 1117 742 ἐκ
1138 687 1254 757 γῆς
1274 690 1340 743 τὸ
1358 696 1765 763 μνημόσυνον

171 766 393 833 αὐτῶν,
424 769 552 823 ἀνθ’
590 764 677 825 ὧν
699 774 811 826 οὐκ
834 773 1107 846 ἐμνήσθη
1140 779 1393 850 ποιῆσαι
1423 783 1617 852 ἕλεος.
1646 788 1762 839 Πα-

170 855 349 929 τέρων
390 858 558 931 ἀρετὴ
601 859 861 927 πολλάκις
909 864 1001 918 καὶ
1042 866 1543 943 πλημμελήσαντας
1585 874 1765 946 ὤνησε

175 950 396 1015 παῖδας,
427 951 505 1015 ὡς
561 954 687 1017 τοὺς
742 954 1027 1021 Ἰουδαίους
1066 959 1156 1013 τοῦ
1214 962 1464 1035 Ἀϐραὰμ
1494 968 1527 1037 ἡ
1561 966 1765 1033 πίστις,

172 1042 254 1106 ὡς
285 1044 377 1098 τὸν
405 1044 724 1117 Σολομῶντα
764 1049 859 1103 τοῦ
897 1051 1061 1107 Δαυῒδ
1081 1054 1115 1124 ἡ
1148 1054 1399 1113 εὐσέϐεια
1420 1077 1431 1089 ·
1459 1061 1691 1133 πονηρία
1710 1063 1767 1118 δὲ

173 1134 429 1225 πατέρων
457 1139 571 1201 τοῖς
615 1139 824 1209 ὁμοίοις
852 1143 1039 1195 παισὶν
1070 1144 1294 1211 ἐπαύξει
1332 1148 1431 1220 τὴν
1463 1152 1761 1225 τιμωρίαν·

171 1222 406 1296 οὐδεμία
443 1229 551 1299 γὰρ
582 1228 879 1300 οὐδαμόθεν
914 1231 1227 1303 εὑρίσκεται
1269 1237 1485 1307 φειδοῦς
1522 1222 1766 1313 ἀφορμή.

185 1318 619 1388 Ἀναμνησθείη
640 1323 674 1390 ἡ
694 1323 914 1392 ἀνομία
929 1322 1049 1377 τῶν
1062 1328 1336 1397 πατέρων
1358 1330 1545 1384 αὐτοῦ
1561 1330 1768 1386 ἔναντι

1864 514 2004 559 trum
2026 507 2141 576 ejus
2173 509 2229 562 in
2276 522 2553 578 conspectu
2588 514 2823 580 Domini,
2861 527 2911 572 et
2949 527 3218 587 peccatum
3248 521 3438 574 matris

1862 599 1976 668 ejus
2004 617 2106 653 non
2127 599 2385 656 deleatur.
2418 602 2544 659 Fiat
2589 618 2776 663 contra
2821 609 3108 665 Dominum
3134 627 3353 681 semper,
3388 625 3439 667 et

1863 692 2127 760 dispereat
2168 694 2233 749 de
2287 704 2429 751 terra
2473 701 2777 756 memoriale
2823 720 3026 768 eorum,
3072 720 3170 772 pro
3206 721 3267 760 eo
3299 703 3440 777 quod

1864 801 1969 839 non
1989 795 2067 840 est
2096 787 2401 844 recordatus
2427 790 2599 859 facere
2624 794 3061 853 misericordiam.
3087 798 3307 852 Patrum
3335 798 3442 852 vir-

1864 885 1955 933 tus
1984 894 2358 948 saepenumero
2385 883 2549 936 etiam
2578 883 2704 940 ﬁliis
2737 888 3090 955 peccantibus
3117 889 3344 959 profuit,
3380 899 3441 943 ut

1866 966 2000 1024 ﬁdes
2023 970 2252 1025 Abrabze
2278 969 2502 1035 Judazis,
2528 970 2749 1029 Davidis
2783 975 2956 1045 pietas
2988 974 3263 1031 Salomoni
3299 995 3314 1032 :
3344 974 3440 1031 sed

1867 1061 2109 1129 pravitas
2143 1071 2433 1132 parentum
2464 1064 2591 1119 ﬁliis
2618 1065 2889 1120 similibus
2922 1081 3139 1137 pmnam
3172 1067 3439 1138 adauget;

1867 1168 1933 1209 ex
1964 1155 2116 1210 nullo
2146 1158 2346 1227 quippe
2388 1156 2510 1210 loco
2555 1158 2737 1227 aliqua
2782 1158 3074 1213 miserendi
3106 1159 3324 1214 occasio
3355 1172 3443 1212 re-

1868 1245 2099 1316 peritur.
2134 1244 2200 1299 In
2244 1248 2553 1300 memoriam
2587 1248 2767 1300 redeat
2804 1247 3057 1317 iniquitas
3086 1258 3299 1317 patrum
3328 1248 3442 1316 ejus

1867 1336 1924 1387 in
1978 1348 2257 1405 conspectu
2298 1337 2533 1392 Domini.
2584 1336 2776 1393 Patres
2827 1348 3003 1393 autem
3048 1354 3237 1394 eorum
3287 1349 3445 1393 vocat

170 1412 423 1479 Κυρίου.
476 1414 726 1486 Πατέρας
766 1416 821 1470 δὲ
866 1418 1048 1473 αὐτῶν
1085 1421 1243 1475 καλεῖ
1258 1422 1382 1487 τοὺς
1407 1425 1466 1476 ὲν
1486 1427 1552 1495 τῇ
1578 1425 1769 1498 ἐρήμῳ

1879 1426 2016 1487 illos.
2065 1428 2158 1497 qui
2194 1428 2248 1483 in
2282 1428 2502 1484 deserto
2547 1428 2711 1499 impie
2740 1443 2801 1483 se
2840 1438 3147 1499 gesserunt,
3186 1429 3278 1499 qui
3308 1435 3448 1483 tem-

170 1505 241 1574 τῇ
302 1502 588 1581 δυσσεϐεία
632 1509 1029 1580 χρησαμένους,
1080 1513 1206 1577 τοὺς
1248 1514 1341 1567 ἐπὶ
1390 1514 1501 1568 τῶν
1539 1517 1761 1589 κριτῶν,

1879 1530 1997 1585 pore
2026 1516 2271 1584 judicum
2320 1525 2376 1572 et
2416 1534 2627 1589 regum,
2670 1518 2873 1587 quique
2914 1528 3034 1587 post
3090 1518 3323 1573 reditum
3378 1534 3447 1573 ex

170 1596 304 1659 τοὺς
325 1597 417 1650 ἐπὶ
430 1598 536 1651 τῶν
554 1598 859 1670 βασιλειῶν,
884 1606 1009 1668 τοὺς
1029 1605 1167 1675 μετὰ
1194 1604 1293 1675 τὴν
1318 1607 1426 1661 ἀπὸ
1447 1608 1766 1673 Βαϐυλῶνος

124 1740 127 1745 ,
171 1684 437 1749 ἐπάνοδον
451 1690 764 1762 παρανομίᾳ.
789 1692 1148 1764 συζήσαντας.
1180 1696 1288 1749 Καὶ
1314 1698 1352 1764 ἡ
1379 1696 1635 1766 ἁμαρτία
1657 1698 1768 1767 τῆς

163 1777 399 1846 μητρός
444 1780 630 1835 αὑτοῦ
677 1780 763 1850 μὴ
822 1782 1222 1853 ἐξαλειφθείη.
1287 1786 1518 1858 Μητέρα
1568 1787 1621 1840 δὲ
1671 1786 1770 1858 τὴν

179 1868 560 1942 Ἰερουσαλὴμ,
610 1873 668 1925 ἐν
760 1874 857 1946 τῆς
897 1874 1039 1928 κατὰ
1081 1876 1175 1930 τοῦ
1216 1878 1487 1932 Δεσπότου
1530 1878 1768 1951 Χριστοῦ

175 1963 494 2043 μιαιφονίας
521 1964 790 2038 ἐτολμήθη
819 1967 880 2020 τὸ
900 1967 1089 2038 μῦσος.
1126 1969 1451 2039 Γενηθήτω
1490 1970 1771 2026 ἐναντίον

172 2053 401 2120 Κυρίου
433 2053 778 2123 διαπαντὸς,
806 2058 903 2111 καί
946 2058 1397 2131 ἐξολοθρευθείη
1440 2062 1509 2116 ἐκ
1555 2063 1670 2133 γῆς
1700 2063 1769 2117 τὸ

167 2146 579 2214 μνημόσυνον
632 2149 851 2216 αὐτῶν,
886 2153 1016 2207 ἀνθ’
1051 2144 1138 2207 ὧν
1159 2155 1271 2207 οὐκ
1299 2155 1571 2224 ἐμνήσθη
1605 2155 1772 2225 non}.

174 2254 286 2293 σαι
315 2239 507 2307 ἕλεος.
544 2242 748 2308 Πάντα,
798 2247 954 2316 φησι,
986 2245 1054 2299 τὰ
1095 2247 1187 2299 ὑπ’
1220 2246 1399 2302 αὐτῶν
1430 2248 1773 2320 τολμηθέντα

174 2330 476 2402 παράνομα
532 2332 621 2386 ἀεὶ
669 2332 939 2405 θεώμενος
991 2338 1018 2389 ὁ
1052 2337 1221 2401 Θεὸς,
1270 2340 1528 2411 οὐδεμιᾶς
1574 2341 1774 2406 αὐτοὺς

173 2423 404 2490 ἀξιώσει
447 2424 684 2493 φειδοῦς,
721 2427 858 2481 ἀλλὰ
903 2427 1231 2500 πανολεθρία
1283 2429 1613 2502 παραδώσει.
1661 2433 1772 2487 Καὶ

174 2517 431 2571 ἐντεῦθεν
459 2519 640 2588 μέντοι
672 2519 850 2590 δῆλον,
875 2519 952 2584 ὡς
976 2522 1035 2574 οὐ
1067 2523 1195 2594 περὶ
1245 2524 1408 2594 μόνου
1446 2522 1540 2576 τοῦ
1576 2523 1766 2590 Ἰούδα,

177 2610 322 2665 ἀλλὰ
355 2613 481 2684 περὶ
514 2613 732 2667 πάντων
755 2613 865 2666 τῶν
893 2614 1275 2686 ὴπιστηκότων
1292 2614 1557 2669 Ἰουδαίων
1586 2616 1767 2687 λέγει·

1871 1609 2167 1681 Babylonia
2197 1610 2383 1680 inique
2411 1613 2687 1666 vixerunt.
2720 1610 2788 1664 Et
2814 1622 3084 1682 peccatum
3116 1613 3305 1665 matris
3332 1612 3449 1681 ejus

1874 1716 1976 1753 non
2013 1698 2273 1755 deleatur.
2308 1700 2535 1756 Matrem
2568 1718 2697 1757 vero
2748 1711 2908 1757 vocat
2943 1701 3361 1773 Jerosolymam,
3393 1704 3451 1758 in

1871 1805 1977 1860 qua
2006 1799 2295 1847 cruentum
2348 1799 2541 1847 contra
2579 1792 2866 1848 Dominum
2911 1793 3195 1849 Christum
3239 1793 3452 1849 facinus

1875 1891 2189 1956 perpetrare
2218 1885 2339 1940 ausi
2359 1894 2504 1941 sunt.
2536 1885 2666 1940 Fiat
2694 1896 2878 1941 contra
2908 1887 3195 1942 Dominum
3227 1902 3451 1956 semper,

1874 1985 1924 2030 et
1947 1976 2212 2047 dispereat
2244 1979 2308 2033 de
2349 1988 2492 2034 terra
2527 1980 2835 2035 memoriale
2858 1997 3062 2045 eorum,
3101 1996 3196 2049 pro
3226 1997 3285 2034 eo
3314 1984 3453 2051 quod

1874 2087 1981 2125 non
2008 2080 2084 2125 est
2116 2071 2424 2126 recordatus
2468 2073 2644 2142 facere
2688 2074 3132 2129 misericordiam.
3167 2073 3305 2129 Cum
3337 2089 3458 2128 om-

1874 2163 1987 2226 nia,
2018 2163 2218 2233 inquit,
2246 2164 2315 2219 ab
2341 2166 2422 2220 eis
2448 2165 2688 2221 admissa
2713 2166 2922 2222 scelera
2944 2165 3088 2222 Deus
3129 2179 3345 2234 semper
3371 2164 3460 2219 in-

1871 2263 2115 2321 tueatur,
2139 2256 2299 2327 ;nulla
2345 2258 2495 2328 ipsos
2524 2260 2685 2313 venia
2725 2260 3058 2330 dignabitur,
3092 2259 3185 2314 sed
3214 2259 3459 2313 interne-

1872 2346 2019 2401 cioni
2066 2347 2269 2403 tradet.
2317 2349 2496 2420 Atque
2530 2350 2661 2405 hinc
2706 2353 2885 2421 palam
2928 2362 3033 2415 est,
3089 2366 3200 2406 non
3239 2349 3308 2404 de
3340 2349 3461 2405 solo

1870 2435 2033 2504 Juda,
2072 2439 2171 2495 sed
2202 2440 2269 2495 de
2302 2442 2556 2497 omnibus
2586 2442 2888 2499 incredulis
2916 2442 3120 2499 Iudaeis
3149 2444 3264 2497 haec
3293 2441 3404 2496 diei
3440 2458 3457 2496 :

1870 2546 1997 2585 nam
2027 2545 2058 2585 a
2076 2533 2591 2605 singularipersona
2616 2534 2683 2588 ad
2716 2534 2920 2590 multos
2941 2549 3249 2589 sermonem
3275 2541 3464 2588 trans-

1872 2624 2025 2691 tulit;
2056 2640 2164 2705 non
2192 2625 2337 2681 enim
2362 2627 2476 2696 jam
2508 2626 2661 2694 dicit,
2690 2626 2828 2695 ejus,
2885 2626 3004 2691 sed,
3032 2642 3233 2681 eorum.

176 2705 449 2799 dno—7&9
495 2706 676 2760 ἑνικοῦ
724 2707 1018 2779 προσώπου
1058 2709 1150 2761 ἐπὶ
1198 2709 1263 2763 τὸ
1316 2709 1677 2781 πληθυντικὸν
1728 2714 1819 2769 τὸν
1869 2715 2027 2787 λόγον
2076 2720 2438 2792 μετήνεγκεν·
2471 2720 2654 2776 οὐκέτι
2699 2720 2810 2793 γὰρ
2860 2716 3033 2781 εἷπεν,
3081 2719 3290 2785 αὐτοῦ,
3322 2716 3465 2799 ἀλλ’,

176 2797 408 2853 αὐτῶν.

250 2911 368 2966 Καὶ
406 2912 765 2977 κατεδίωξεν
790 2912 1104 2982 ἄνθρωπον
1126 2916 1356 2983 πένητα
1382 2916 1484 2971 καὶ
1509 2917 1769 2989 πτωχὸν,

1946 2919 2115 2987 Vens,
2158 2922 2342 2978 17-20.
2385 2922 2457 2977 Et
2484 2932 2789 2993 persecutus
2828 2932 2906 2979 est
2956 2924 3219 2979 hominem
3257 2926 3469 2997 inopem

177 3005 286 3060 καὶ
324 3004 849 3075 κατανενυγμένον
888 3004 964 3075 τῇ
987 3006 1203 3076 καρδίᾳ
1240 3008 1349 3063 τοῦ
1391 3010 1732 3065 θανατῶσαι
1757 3028 1771 3043 ·

178 3097 433 3154 τουτέστι
457 3098 841 3169 πεπληγμένον
872 3098 943 3152 διλ
969 3098 1036 3162 ἃς
1061 3099 1208 3172 ἐώρα
1243 3100 1301 3153 ἐν
1329 3100 1513 3165 αὐτοῖς
1538 3120 1777 3175 παρανο-

183 3192 340 3265 μίας.
375 3190 536 3246 Ὅθεν
560 3193 653 3248 καὶ
680 3192 818 3263 πρὸς
846 3192 944 3264 τὴν
1003 3192 1359 3263 Ἰερουσαλὴμ
1390 3193 1543 3263 ἔλεγε
1574 3194 1778 3250 κλαίων

181 3289 388 3359 αὐτὴν·
408 3288 481 3341 Εἰ
514 3285 706 3355 ἔγνως
735 3270 933 3340 καὶσὺ
961 3284 1032 3338 τὰ
1052 3284 1479 3353 πρὸςέἱρήνην
1507 3299 1636 3340 σοι·
1660 3286 1780 3341 νῦν

180 3380 255 3433 δὲ
271 3379 506 3447 ιὲκρύϐη
555 3376 675 3432 ἀπὸ
708 3375 828 3432 τῶν
877 3374 1200 3445 ὀφθαλμῶν
1247 3391 1385 3430 σου.
1443 3376 1779 3431 Ἐθανάτωσε

181 3473 243 3526 δὲ
295 3470 477 3535 αὐτὸν,
523 3469 698 3534 αίτιος
723 3469 1016 3541 γενόμενος
1045 3467 1138 3521 τοῦ
1175 3469 1255 3533 είς
1286 3468 1515 3524 θάνατον
1546 3470 1782 3541 παραδο-

185 3566 372 3636 Θῆναι.
407 3561 819 3633 Καὶὴγάπησε
848 3559 1135 3630 κατάραν,
1173 3562 1271 3616 καὶ
1303 3562 1436 3629 ἥξει
1458 3562 1652 3629 αὐτῷ’
1681 3563 1779 3617 καὶ

186 3659 302 3711 οὐκ
327 3654 633 3724 ἠθέλησεν
652 3655 957 3723 εὐλογίαν,
1015 3654 1113 3708 καὶ
1157 3655 1650 3724 μακρυνθήσεται
1679 3656 1780 3710 ἀπ’

186 3748 398 3803 αὐτοῦ.
429 3747 543 3802 Καὶ
583 3746 913 3801 ἐνεδύσατο
940 3745 1207 3813 κατάραν
1246 3746 1327 3811 ὡς
1375 3747 1635 3815 ἱμάτιον,
1680 3746 1782 3801 καί

187 3839 483 3907 εισῆλθεν
507 3840 588 3905 ὡς
604 3837 761 3907 ὕδωρ
787 3840 875 3904 εὶς
897 3838 971 3892 τὰ
1014 3836 1241 3907 ἔγκατα
1263 3838 1472 3900 αὐτοῦ,
1504 3837 1604 3891 καὶ
1636 3838 1781 3893 ὡσεὶ

187 3931 403 3985 ἔλαιον
428 3930 499 3984 ἐν
528 3930 655 3997 τοῖς
687 3929 924 3996 ὀστέοις
946 3929 1159 3991 αὑτοῦ.¹
1188 3927 1507 3995 Γενηθήτω
1523 3926 1683 3993 αὐτῷ
1704 3928 1784 3994 ὠς

189 4022 427 4093 ἱμάτιον
456 4022 489 4077 ὃ
534 4022 971 4093 περιϐάλλεται,
1026 4022 1126 4077 καὶ
1182 4021 1326 4076 ὡσεὶ
1352 4021 1500 4089 ζὶῦνη
1546 4019 1627 4090 ἣν
1658 4020 1785 4075 δια-

190 4115 421 4182 παντὸς
471 4113 911 4183 περιζώννωται.
962 4115 1143 4169 Τοῦτο
1190 4113 1257 4168 τὸ
1292 4113 1470 4182 ἔργον
1512 4111 1632 4166 τῶν
1662 4113 1785 4171 δια-

194 4208 545 4262 ϐαλλόντων
572 4223 650 4276 με
694 4204 854 4275 παρὰ
881 4206 1125 4273 Κυρίου,
1152 4204 1253 4259 καὶ
1288 4205 1409 4259 τῶν
1430 4204 1785 4259 λαλούντων

1877 3021 1926 3066 et
1960 3014 2277 3078 mendicum,
2312 3026 2363 3070 et
2413 3026 2783 3084 compunctum
2816 3015 2971 3070 corde
3028 3018 3369 3087 morti/icore,
3409 3019 3465 3075 id

1879 3113 1983 3170 est,
2016 3121 2338 3177 percussum
2379 3108 2450 3162 ob
2479 3108 2797 3179 iniquitates
2822 3124 2959 3179 quas
2986 3110 3038 3162 in
3066 3109 3200 3179 ipsis
3222 3110 3463 3165 videbat.

1880 3197 2062 3263 Quare
2104 3197 2500 3270 Jerosolymam
2544 3200 2751 3257 deﬂens
2789 3201 3026 3256 dixitei:
3055 3200 3116 3256 Si
3136 3203 3466 3273 cognovisses

1878 3301 1928 3345 et
1958 3301 2015 3344 tu
2067 3308 2184 3362 qute
2234 3292 2304 3346 ad
2345 3309 2529 3362 pacem
2581 3292 2714 3347 tibi:
2754 3310 2889 3347 nunc
2925 3305 3102 3349 autem
3154 3294 3475 3357 abscondita.

1880 3391 2003 3436 sunt
2041 3382 2107 3435 ab
2151 3383 2319 3437 oculis
2375 3384 2480 3438 tuis
2508 3382 2575 3439 ⁸⁸.
2636 3382 2983 3440 Mortilicavit
3038 3392 3219 3440 autem
3259 3385 3465 3456 ipsum,

1880 3474 2007 3545 quia
2044 3474 2098 3527 in
2155 3489 2323 3530 causa
2372 3474 2474 3530 fuit
2512 3491 2613 3530 cur
2646 3476 2713 3531 ad
2750 3485 2981 3532 mortem
3028 3476 3357 3531 traderetur.
3395 3475 3469 3529 Ει

1881 3566 2069 3621 dilexit
2112 3566 2557 3632 maledictionem,
2593 3576 2641 3621 et
2688 3569 2856 3621 veniet
2901 3568 2985 3631 ei;
3018 3577 3067 3620 et
3109 3566 3279 3619 noluit
3315 3568 3469 3621 bene-

1881 3659 2186 3724 dictionem,
2235 3668 2284 3713 et
2316 3659 2656 3729 elongabitur
2688 3658 2753 3711 ab
2787 3676 2868 3712 eo.
2923 3658 2988 3711 Et
3036 3658 3207 3711 induit
3245 3657 3473 3712 maledi.

1883 3749 2108 3802 ctionem
2134 3748 2271 3801 sicut
2316 3748 2701 3807 vestimentum,
2738 3754 2787 3799 et
2819 3744 3034 3798 intravit
3058 3744 3195 3797 sicut
3246 3760 3383 3812 aqua
3410 3743 3469 3797 in

1883 3839 2139 3896 interiora
2166 3837 2304 3907 ejus,
2337 3847 2388 3891 et
2417 3838 2553 3892 sicut
2583 3837 2755 3890 oleum
2794 3838 2849 3889 in
2875 3834 3080 3890 ossibus
3101 3836 3235 3905 ejus.
3265 3834 3391 3889 Fiat
3419 3834 3477 3890 ei

1882 3931 2019 3984 sicut
2071 3930 2439 3983 vestimentum
2477 3945 2577 4000 quo
2613 3928 2865 3996 operitur,
2904 3936 2952 3980 et
2998 3927 3134 3979 sicut
3179 3944 3335 3991 zona,
3363 3944 3474 3995 qua-

1884 4037 2087 4091 semper
2128 4021 2491 4091 prwcingitur.
2519 4020 2635 4074 Hoc
2675 4036 2803 4089 opus
2836 4036 3017 4074 eorum
3056 4020 3146 4089 qui
3187 4019 3469 4073 detrahunt

1886 4114 2013 4169 mihi
2039 4132 2073 4169 a
2103 4114 2350 4177 Domino,
2383 4125 2432 4168 et
2462 4113 2550 4184 qui
2581 4115 2866 4184 loquuntur
2902 4111 3047 4165 mala
3081 4111 3329 4164 adversus
3352 4110 3472 4163 ani-

1886 4222 2028 4259 mam
2058 4222 2249 4259 meam.
2284 4204 2420 4259 Cum
2468 4204 2755 4276 prOpbetia
2794 4203 2862 4258 de
2900 4217 3135 4273 persona
3172 4201 3481 4261 Salvatoria

191 4298 436 4367 πονηρὰ
478 4298 630 4353 κατὰ
681 4296 793 4367 τῆς
844 4297 1053 4367 ψυχῆς
1097 4315 1239 4368 μου.
1279 4297 1393 4367 Τῆς
1448 4297 1777 4370 προφητείας

1886 4297 2033 4353 dicat
2058 4297 2196 4363 :Qui
2243 4296 2603 4353 benedixerint
2628 4306 2675 4351 te
2702 4294 2956 4350 benedicti
2983 4303 3144 4357 sunt;
3171 4303 3219 4346 et
3246 4294 3335 4363 qui
3362 4308 3477 4346 ma.

192 4388 464 4459 λεγούσης
501 4389 580 4451 είς
601 4387 894 4459 πρόσωπον
918 4387 1011 4440 τοῦ
1036 4387 1287 4458 Σωτῆρος
1314 4401 1328 4415 ⁸
1368 4388 1431 4440 Ol
1454 4385 1785 4456 εὐλογοῦν-

193 4482 296 4548 τές
318 4496 394 4535 σε
427 4480 810 4549 εὐλόγηνται,
846 4479 947 4533 καὶ
978 4481 1033 4533 οὶ
1060 4476 1464 4547 καταρώμενοί
1497 4494 1573 4531 σε
1610 4494 1787 4537 κεκα-

194 4570 505 4640 τήρανται,
540 4570 688 4631 ὅπως
715 4568 814 4640 μὲν
844 4569 893 4621 οἱ
916 4566 1038 4621 καθ’
1068 4567 1196 4639 ὅλης
1210 4566 1311 4637 τῆς
1336 4566 1662 4637 οἰκουμένης
1696 4565 1795 4620 τὸν,

196 4665 330 4718 Θεὸν
359 4664 426 4717 δι’
448 4661 613 4716 αὐτοῦ
648 4658 988 4728 ἐπιγνόντες,
1024 4659 1120 4712 καὶ
1158 4657 1547 4720 πιστεύσαντες
1580 4657 1662 4719 εἰς
1690 4655 1788 4710 αὐ-

196 4756 311 4820 τὸν,
342 4755 441 4825 τῆς
494 4755 559 4807 ὲκ
625 4752 760 4807 Θεοῦ
808 4748 1192 4815 καταξιοῦνται
1226 4746 1497 4818 εὐλογίας,
1538 4746 1613 4809 ὡς
1651 4746 1789 4817 πλη-

199 4843 380 4897 θύνειν
410 4844 503 4897 καὶ
525 4841 730 4908 αὔξειν,
750 4842 842 4897 καί
859 4841 931 4896 τὰ
954 4840 1249 4912 σύμπαντα
1274 4837 1515 4910 πληροῦν
1536 4837 1637 4907 τὴν
1657 4837 1792 4909 Χρις

201 4937 328 4990 στοῦ
363 4936 711 5007 Ἐκκλησίαν,
734 4939 848 5000 τοῖς
870 4937 1005 4990 πᾶσι
1032 4933 1293 5006 τυγχάνει
1317 4929 1587 5004 πρόδηλον
1609 4947 1623 4960 ⁸
1642 4931 1793 4994 ὅπως

198 5031 257 5085 δὲ
292 5031 558 5096 Ἰουδαῖοι,
584 5029 858 5102 ἀρώμενοι
899 5029 1062 5083 αὐτὸν
1084 5029 1181 5081 καὶ
1220 5022 1667 5097 βλασφημοῦντες
1699 5022 1785 5091 ἐφ’

201 5123 440 5194 ἑκάστης
468 5122 700 5195 ἡμέρας,
732 5122 833 5192 τὴν
875 5121 939 5174 ὲκ
962 5118 1098 5173 Θεοῦ
1144 5118 1392 5189 κατάραν
1438 5116 1520 5179 είς
1558 5114 1787 5176 ἑαυτοὺς

202 5215 565 5281 ἐπισπῶνται,
598 5214 694 5269 καὶ
730 5213 887 5267 τοῦτο
915 5212 1073 5282 δῆλον
1103 5211 1213 5265 ἀπὸ
1235 5208 1329 5263 τοῦ
1354 5209 1428 5281 μὴ
1454 5203 1586 5279 ἆραι
1614 5223 1787 5274 κεφα-

202 5311 323 5384 λὴν,
362 5309 497 5382 μηδὲ
558 5309 855 5369 ἀνανεῦσαι
899 5308 1098 5371 αὐτοὺς
1142 5307 1251 5361 ἀπὸ
1299 5304 1409 5359 τῶν
1452 5304 1659 5376 χρόνων
1687 5302 1787 5373 τῆς

205 5400 348 5455 κατὰ
377 5401 472 5454 τοῦ
495 5402 747 5472 Σωτῆρος
776 5398 932 5471 ἡμῶν
963 5396 1276 5467 ἐπιϐουλῆς.

277 5493 386 5547 Καὶ
411 5490 514 5556 σὺ,
564 5491 762 5558 Κύριε,
791 5490 1052 5556 ποίησον
1077 5488 1206 5555 μετ’
1258 5486 1404 5556 ἐμοῦ
1441 5485 1651 5541 ἕνεκεν
1683 5482 1790 5538 τοῦ

214 5584 503 5653 ὀνόματός
525 5596 662 5649 σου,
697 5580 793 5635 ὅτι.
809 5579 1077 5650 χρηστὸν
1104 5577 1171 5633 τὸ
1196 5578 1369 5645 ἔλεός
1394 5594 1532 5634 σου.
1582 5570 1795 5639 Ῥὗσαί

287 5738 332 5770 ⁸⁸
371 5738 504 5792 Luc.
543 5752 629 5790 χιι
657 5704 796 5801 ,ιε
875 5735 917 5770 ⁸³
957 5732 1101 5801 Gen.
1129 5734 1315 5801 x'xm,
1347 5733 1453 5795 29..

1888 4389 2166 4445 ledixerint
2210 4397 2256 4445 te
2289 4388 2557 4443 maledicti
2595 4397 2719 4443 sunt
2743 4389 2825 4455 ⁸⁹;
2879 4386 3155 4457 quomodo
3185 4384 3405 4454 quidem
3434 4383 3478 4447 ii

1889 4479 1983 4549 qui
2012 4479 2067 4532 in
2098 4485 2214 4535 toto
2248 4479 2380 4533 orbe
2427 4478 2592 4533 Deum
2638 4493 2732 4548 per
2760 4478 2937 4547 ipsum
2981 4480 3377 4543 cognoverunt,
3410 4486 3479 4526 ac

1890 4571 1946 4624 in
1986 4570 2164 4637 ipsum
2195 4570 2571 4633 crediderunt,
2615 4567 2709 4623 Dei
2741 4566 3119 4622 benedictione
3148 4564 3484 4634 dignentur;

1888 4663 1964 4719 ita
1978 4670 2038 4717 ut
2061 4662 2492 4732 multiplicentur
2512 4667 2565 4715 et
2584 4666 2907 4730 augeantur,
2934 4665 2988 4712 et
3008 4656 3251 4711 Ecclesia
3268 4652 3483 4711 Christi

1886 4757 2068 4813 omnia
2104 4757 2349 4827 impleat,
2410 4753 2692 4825 prOpalam
2727 4750 2982 4805 omnibus
3028 4754 3158 4802 est:
3201 4743 3487 4815 quomodo.

1887 4857 2070 4903 autem
2099 4846 2293 4910 Judaei,
2345 4846 2439 4917 qui
2491 4845 2546 4898 in
2598 4844 2777 4913 ipsum
2823 4841 3065 4911 quouidie
3096 4837 3383 4891 maledicta
3422 4842 3481 4890 et.

1888 4941 2209 5012 blasphema
2238 4938 2406 4994 verba
2432 4935 2740 5007 proferunt,
2775 4933 2871 4990 Dei
2901 4930 3340 4988 maledictionem
3370 4925 3485 4983 sibi.

1892 5036 2030 5105 ipsis
2082 5032 2385 5096 attrabant,
2417 5030 2581 5084 etiam
2632 5028 2737 5081 boc
2787 5023 3137 5080 manifestum
3186 5025 3373 5075 estex
3410 5030 3488 5070 eo

1894 5125 2041 5196 quod
2072 5132 2236 5195 caput
2259 5139 2368 5178 non
2410 5122 2683 5184 attollant,
2715 5132 2895 5188 neque
2933 5119 3234 5183 emergant,
3264 5125 3331 5166 ex
3364 5121 3487 5178 quo.

1896 5227 2143 5289 tempore
2173 5214 2443 5277 Salvatori
2476 5224 2669 5275 nostro
2696 5208 2925 5265 insidias
2957 5209 3295 5261 struxerunt.

1974 5476 2140 5533 Vens.
2170 5475 2364 5530 21-24.
2400 5473 2467 5527 Et
2503 5482 2579 5537 tu,
2617 5471 2855 5537 Domine,
2894 5468 2981 5537 fac
3026 5481 3227 5520 mecum
3263 5473 3481 5535 propter»

1904 5588 2089 5631 nomen
2122 5580 2290 5636 tuum,
2320 5569 2446 5639 quia
2491 5565 2670 5622 suavis
2714 5573 2792 5622 est
2838 5558 3206 5618 misericordia
3235 5567 3349 5612 tua.
3381 5554 3484 5621 ιε,
