3868 6282
439 312 587 374 i359

1160 311 1431 370 EUSEBII
1465 307 1946 369 CAESARIENSIS
1984 308 2134 365 OPP.
2172 306 2357 363 PARS
2392 305 2478 362 Ill.
2510 338 2576 348 —
2602 301 3017 360 EXEGETICA.

3528 305 3638 361 15ιο

433 427 557 482 bera
589 444 690 495 me,
714 427 842 500 quia
863 442 1056 498 egenus
1081 434 1131 479 et
1151 439 1350 494 pauper
1374 441 1469 496 ego
1489 440 1629 487 sum,
1657 431 1709 476 et
1730 437 1820 475 cor
1849 436 2018 476 meum

2136 436 2213 484 us,
2249 418 2338 474 ὅτι
2370 417 2605 488 πτωχὸς
2630 417 2727 473 καί
2751 416 2940 485 πένης
2962 412 3081 485 εἰμί
3108 412 3239 483 ἐγὼ,
3264 412 3360 466 καί
3396 412 3432 482 ἠ
3470 417 3645 482 καρδία

432 517 810 573 conturbatum
833 528 911 573 est
945 518 1090 573 intra
1113 531 1215 571 me.
1249 515 1403 571 Sicut
1428 513 1619 568 umbra
1639 528 1758 568 cum
1782 511 2014 567 declinat

2136 530 2238 568 ιιου
2292 511 2637 583 τετάρακται
2663 512 2834 577 ἐντός
2851 527 2993 579 μου.
3039 506 3194 563 Ὠσεὶ
3221 508 3364 562 σκιὰ
3393 508 3460 563 ἐν
3486 509 3554 576 τῷ
3571 513 3645 566 ἐκ·

435 608 646 663 ablatus
674 626 815 675 sum,
837 624 1091 664 excussus
1110 625 1228 664 sum
1258 608 1395 662 sicut
1424 606 1665 661 locusta.
1692 602 1875 661 Genua
1901 621 2017 660 mea

435 704 712 772 inﬁrmata
750 713 873 759 sunt
906 721 938 757 a
952 702 1183 773 jejunio.
1229 714 1278 758 et
1315 718 1442 756 caro
1477 717 1595 755 mea
1626 700 1912 754 immutata
1939 708 2019 753 est

437 803 647 863 propter
688 794 883 852 oleum.
926 793 1062 850 Cum
1111 794 1183 850 de
1209 793 1517 848 animarum
1564 799 1674 846 tam
1719 790 2019 862 proditoris

436 901 600 955 quam
650 887 1035 943 insidiatorum
1069 886 1334 957 pernicie,
1379 899 1591 941 necnon
1622 883 1691 939 de
1725 884 1898 939 totius
1921 880 2020 937 Ju-

435 975 608 1032 daica‘.
648 978 828 1048 gentis
868 976 1248 1047 repudiatione
1291 975 1585 1031 admodum
1620 975 1892 1031 sollicitus
1924 976 2017 1043 sit,

437 1076 626 1138 utpote
671 1068 957 1123 hominum
1003 1083 1225 1132 amans;
1266 1082 1328 1123 se
1367 1081 1558 1123 eorum
1602 1082 1772 1124 causa
1807 1067 2018 1124 turbari

435 1158 764 1229 proﬁtetur:
814 1174 987 1231 quare
1030 1159 1127 1226 ait,
1177 1156 1248 1213 Et
1294 1174 1389 1213 cor
1426 1174 1598 1214 meum
1644 1159 2021 1216 conturbatum

435 1262 515 1307 est
544 1254 689 1307 intra
717 1269 819 1309 me.

507 1429 676 1488 Vens.
705 1431 895 1487 25-29.
929 1429 996 1485 Et
1029 1447 1123 1503 ego
1146 1431 1323 1502 factus
1350 1448 1470 1487 sum
1500 1430 1848 1504 opprobrium
1871 1431 1981 1488 illis
2000 1446 2023 1486 :

439 1521 682 1577 viderunt
723 1540 825 1587 me,
872 1532 921 1578 et
965 1534 1237 1580 mouerunt
1283 1525 1461 1596 capita
1498 1541 1619 1580 sua.
1667 1525 1877 1595 Adjuva
1911 1541 2019 1590 me,

438 1615 665 1671 Domine
692 1615 834 1671 Deus
866 1633 1032 1683 meus,
1060 1626 1110 1673 et
1139 1618 1347 1673 salvum
1372 1634 1454 1674 me
1474 1617 1562 1688 fac
1588 1617 1876 1673 secundum
1918 1618 2023 1671 mi-

438 1708 784 1764 sericordiam
811 1719 981 1766 tuam.
1020 1710 1089 1765 Et
1120 1712 1290 1765 sciant
1315 1711 1440 1782 quia
1465 1726 1655 1765 manus
1686 1719 1778 1765 tua
1817 1710 1949 1777 lucc,
1971 1718 2023 1765 et

2123 610 2324 667 κλῖναι
2373 607 2566 677 αὐτὴν
2610 604 3053 674 ἀντανῃρέθην,
3115 600 3493 670 ἐξετινάχθην
3535 604 3645 660 ὠσεί

2123 702 2383 773 ἀκρίδες.
2416 700 2494 756 Τὰ
2521 696 2742 771 γόνατά
2755 715 2872 767 μου
2887 694 3239 765 ὴσθένησαν
3252 694 3370 750 ἀπὸ
3386 697 3645 763 νηστείας,

2124 797 2223 852 καί
2255 796 2297 864 ή
2332 794 2489 863 σάρξ
2530 811 2651 863 μου
2681 791 2980 861 ἠλλοιώθη
3027 788 3103 843 δι’
3135 789 3360 844 ἔλαιον.
3392 787 3649 859 Φρωτίζων

2126 883 2254 953 περ)⁵
2313 883 2414 953 τῆς
2467 880 2741 944 ἀπωλείας
2784 879 2893 933 τῶν
2951 878 3139 949 ψυχῶν
3183 877 3385 937 αὐτῶν.
3430 876 3573 930 αὑτοῦ
3604 895 3650 931 τε

2125 974 2333 1030 ἐκείνου
2364 972 2461 1028 τοῦ
2497 972 2758 1045 προδότου
2796 972 2893 1026 καί
2924 970 3035 1024 τῶν
3080 970 3178 1042 τὴν
3223 969 3507 1040 ἐπιϐουλὴν
3538 970 3652 1042 αὐτῷ

2127 1065 2665 1137 συνεσκευασμένων,
2689 1062 2817 1136 περί
2836 1079 2896 1116 τε
2915 1062 3016 1135 τῆς
3033 1060 3306 1130 ἀποϐολῆς
3338 1061 3430 1114 καὶ
3447 1061 3655 1115 ἁποπτώ-
3744 1072 3747 1079 ’

2126 1175 2266 1222 σεως
2294 1156 2390 1212 τοῦ
2426 1157 2630 1221 παντὸς
2673 1153 2962 1210 Ἰουδαϊκοῦ
2992 1153 3198 1219 ἔθνους,
3232 1153 3576 1227 ταράττεσθαι
3598 1155 3656 1221 ὡς

2126 1250 2506 1323 φιλάνθρωπος
2531 1250 2670 1321 ὑπὲρ
2702 1247 2886 1303 αὐτῶν
2927 1248 3194 1319 ὁμολογεῖ·
3226 1247 3323 1300 Διό
3350 1263 3496 1317 φησι·
3520 1250 3661 1321 Καίὴ

2126 1342 2340 1412 καρδία
2361 1361 2481 1412 μου
2506 1340 2856 1412 τετάρακται
2875 1340 3048 1407 ἐντός
3060 1359 3203 1412 μου.

2200 1434 2371 1503 Κάγὼ
2396 1431 2689 1503 ἐγενήθην
2712 1430 2945 1498 ὄνειδος
2967 1429 3192 1498 αὐτοῖς·
3213 1430 3466 1486 ειδοσὰν
3472 1448 3559 1500 με,
3586 1433 3665 1487 καί»

2127 1525 2477 1582 ἐσάλευσαν
2513 1521 2786 1593 κεφαλὰς
2814 1520 3034 1577 αὐτῶν.
3067 1521 3393 1591 Βοήθησόν
3431 1538 3546 1591 μοι,
3580 1524 3667 1577 Κύ-

2120 1637 2216 1690 ριε
2243 1620 2436 1685 ὀΘεός
2462 1635 2602 1689 μου,
2632 1616 2731 1672 καί
2748 1613 2959 1671 σῶσόν
2980 1632 3060 1686 με
3077 1615 3229 1670 κατὰ
3259 1614 3331 1668 τὸ
3362 1614 3527 1681 ἔλεός
3558 1631 3665 1672 σου.

2128 1711 2242 1768 Kal
2261 1708 2605 1781 γνώτωσαν,
2636 1707 2728 1763 ὅτι
2753 1709 2793 1778 ἠ
2822 1707 2952 1779 χείρ
2976 1721 3094 1763 σου
3119 1706 3301 1776 αὕτη,
3326 1706 3426 1760 καί
3455 1705 3557 1772 σὺ,
3576 1706 3668 1761 Κύ-

438 1809 521 1863 tu,
557 1797 797 1864 Domine,
829 1799 1002 1869 fecisti
1026 1816 1165 1854 eam.
1193 1798 1252 1854 In
1282 1800 1687 1855 resurrectione
1715 1812 1746 1851 a
1768 1797 2022 1862 mortuis,

2136 1820 2234 1867 ριε,
2272 1803 2566 1871 ἐποίησας
2586 1800 2800 1871 αὐτήν.
2849 1801 2937 1855 Ἐν
2974 1803 3042 1872 τῇ
3084 1801 3150 1855 ὲκ
3173 1799 3388 1871 νεκρῶν
3421 1800 3675 1856 ἀναστάσει

438 1903 639 1947 manus
671 1889 790 1957 Dei,
819 1890 874 1947 id
902 1898 1004 1947 est-
1042 1890 1388 1962 unigenitum
1421 1892 1544 1962 ejus
1578 1888 1837 1955 Verbum,
1866 1889 2029 1944 inno-

439 1982 568 2050 tuit,
609 1991 665 2038 et
703 1983 752 2038 is
795 1984 889 2053 qui
940 1983 1212 2041 hactenus
1261 1982 1516 2055 plurimis
1558 1982 1818 2046 latuerat,
1859 1995 2028 2051 appa-

442 2074 586 2140 ruit;
627 2074 851 2145 quando
879 2089 1075 2146 nempe
1111 2075 1230 2146 ipse
1265 2074 1458 2131 volens
1485 2075 1744 2130 sustinuit
1788 2089 2025 2141 crucem,

440 2166 752 2235 confusione
783 2178 1085 2239 contempta
1122 2170 1192 2234 '°,
1224 2175 1389 2240 atque
1437 2167 1579 2224 idem
1618 2181 1823 2238 corpus
1863 2182 2024 2223 suum

442 2260 756 2327 suscitavit,
785 2275 912 2316 cum
941 2260 1015 2316 sit
1045 2260 1272 2317 dextera
1313 2268 1367 2317 et
1395 2261 1574 2316 virtus
1602 2259 1805 2317 Patris.
1840 2258 2028 2316 Sciant

441 2350 630 2422 igitur,
661 2352 759 2416 ait,
795 2354 920 2423 quia
965 2369 1159 2407 manus
1198 2361 1289 2405 tua
1333 2351 1466 2414 haec,
1503 2368 1670 2423 quam
1712 2351 2027 2422 opprobriis

441 2450 498 2498 et
518 2444 804 2500 cachinnis
841 2444 1159 2509 traducunt,
1187 2454 1237 2498 et
1264 2453 1340 2510 tu,
1383 2443 1627 2508 Domine,
1658 2443 1835 2513 fecisti
1867 2459 1985 2497 eam
2007 2457 2027 2496 :

440 2533 591 2603 quod
637 2533 735 2588 tibi
780 2534 1050 2604 placuerit
1082 2541 1145 2589 ut
1188 2548 1255 2589 ea
1285 2549 1487 2605 corpus
1517 2542 1844 2590 assumeret.
1885 2531 2024 2588 Nam

442 2640 642 2681 manus
685 2624 781 2680 Dei
816 2632 901 2681 est
941 2626 1063 2696 ejus
1108 2626 1287 2682 virtus
1322 2625 1570 2682 omnium
1599 2624 1870 2690 effectrix,
1903 2638 2027 2695 quae

443 2732 555 2771 non
584 2717 691 2772 alia
722 2724 809 2774 est
852 2732 884 2772 a
932 2716 1027 2774 Dei
1078 2715 1282 2783 Verbo,
1316 2732 1416 2790 per
1456 2715 1607 2789 quod
1648 2719 1833 2772 omnia
1880 2715 2027 2772 facta

443 2817 597 2865 sunt.
631 2808 956 2865 Haledicent
992 2809 1098 2877 illi,
1127 2821 1179 2865 et
1205 2820 1259 2865 tu
1285 2809 1579 2867 benedices.
1608 2811 1715 2878 Qui
1744 2811 2028 2881 insurgunt

439 2903 500 2959 in
529 2918 612 2958 me
656 2903 1054 2973 confundantur
1079 2922 1099 2961 :
1143 2922 1323 2962 servus
1363 2914 1540 2960 autem
1579 2915 1702 2959 tuus
1735 2902 2027 2959 lwtabitur.

444 2994 530 3051 Ad
579 2996 724 3051 hanc
754 3012 931 3068 usque
976 2997 1122 3053 diem
1173 3004 1531 3070 perseverant
1560 2995 1735 3052 Judaei
1770 2993 2029 3052 Servato-

445 3101 562 3142 rem
598 3087 937 3158 blasphemis
965 3088 1132 3146 dictis
1158 3090 1458 3161 impetere:
1487 3095 1545 3144 at
1569 3089 1681 3145 illis
1709 3087 2030 3158 blasphema

2127 1896 2344 1967 γνωστὴ
2364 1896 2586 1965 γέγονεν
2606 1896 2640 1965 ἡ
2663 1895 2787 1966 χεὶρ
2810 1893 2905 1947 τοῦ
2937 1892 3095 1957 Θεοῦ,
3125 1891 3411 1948 τουτέστιν
3436 1895 3464 1946 ό
3485 1910 3671 1962 μονογε-

2127 1988 2223 2060 νὴς
2252 1987 2419 2043 αὐτοῦ
2442 1988 2637 2056 Λόγος,
2666 1987 2761 2041 καί
2784 1989 2812 2041 ό
2838 1986 2978 2050 τέως
3005 1985 3132 2050 τοὺς
3154 1984 3391 2049 πολλοὺς
3418 1985 3677 2051 λανθάνων,

2126 2078 2470 2152 ἐφανερώθη,
2508 2080 2585 2144 ὡς
2613 2079 2774 2143 αὐτὸς
2804 2076 2947 2133 ἑκὼν
2976 2077 3263 2148 ὑπέμεινε
3300 2078 3575 2146 σταυρὸν,
3605 2080 3672 2131 al-

2126 2171 2365 2242 σχύνης
2408 2166 2892 2240 καταφρονήσας,
2937 2169 3033 2224 καὶ
3058 2168 3221 2233 αὐτὸς
3249 2168 3316 2223 τὸ
3367 2168 3549 2222 ἑαυτοῦ
3578 2169 3673 2222 ἀνέ-

2130 2280 2295 2337 στησε
2354 2262 2536 2335 σῶμα,
2576 2261 2729 2328 δεξιά
2774 2260 2868 2316 καὶ
2919 2260 3152 2331 δύναμις
3202 2259 3282 2315 ὣν
3338 2260 3435 2315 τοῦ
3480 2262 3676 2334 Πατρός,

2127 2356 2469 2412 Γνὼτωσαν
2500 2354 2702 2420 τοίνυν,
2733 2353 2919 2426 φησὶν,
2953 2353 3043 2408 ὅτι
3065 2355 3104 2423 ἠ
3134 2355 3266 2423 χείρ
3297 2370 3418 2409 σου
3441 2355 3597 2422 αὕτη,
3625 2355 3679 2424 ἢν

2126 2447 2446 2513 ὀνειδίζουσι
2472 2448 2565 2500 καί
2592 2446 2932 2518 χλευάζουσι,
2954 2446 3053 2500 καὶ
3079 2445 3184 2510 σὺ,
3210 2447 3413 2514 Κύριε,
3430 2446 3675 2512 ἐποίησας

2130 2537 2341 2607 αὐτὴν,
2380 2536 2459 2608 τῷ
2498 2537 2787 2608 εύδοκῆσαι
2821 2537 2983 2608 σῶμα
3015 2537 3188 2610 αὐτὴν
3223 2536 3531 2591 ἀναλαϐεῖν.
3570 2536 3675 2609 Χείρ

2128 2628 2239 2701 γὰρ
2267 2628 2362 2682 τοῦ
2387 2625 2573 2700 Θεοῦη
2607 2627 2866 2699 ποιητικὴ
2900 2628 3154 2684 ἁπάντων
3171 2628 3410 2699 δύναμις
3426 2627 3676 2700 αύτοῦ,οὐχ

2130 2720 2292 2792 ἑτέρα
2314 2713 2449 2774 οὖσα
2458 2718 2552 2772 τοῦ
2578 2718 2646 2772 δι’
2674 2711 2735 2772 οῦ
2755 2717 2946 2788 γέγονε
2972 2717 3041 2772 τά
3058 2719 3239 2773 πάντα
3252 2718 3350 2772 τοῦ
3367 2717 3498 2773 Θεοῦ
3516 2719 3672 2787 Δότου.

2131 2811 2583 2881 Καταράσονται
2606 2811 2799 2877 αὐτοὶ,
2832 2811 2931 2865 καί
2961 2811 3044 2866 σὺ
3080 2811 3465 2882 εὐλογήσεις.
3501 2813 3559 2865 οι
3594 2811 3675 2864 ἐκ·

2129 2902 2519 2974 ιινιστάμενοί
2534 2920 2635 2974 μοι
2652 2901 3175 2973 αίσχυνθήτωσαν·
3205 2906 3240 2958 ό
3264 2902 3337 2957 δὲ
3355 2901 3566 2969 δοῦλός
3587 2917 3676 2956 σου

2130 2995 2627 3066 εὐφρανθήσεται.
2686 2996 2866 3069 Μέχρι
2895 2997 2990 3050 καὶ
3048 2998 3293 3068 σήμερον
3347 2996 3603 3067 διέμειναν
3636 2994 3674 3045 ol

2148 3088 2388 3143 Ἰουδαῖοι
2430 3091 2553 3153 ταῖς
2592 3088 2735 3143 κατὰ
2765 3086 2862 3142 τοῦ
2889 3088 3141 3160 Σωτῆρος
3174 3085 3456 3160 χρώμενοι
3481 3086 3676 3157 βλασφηο

446 3178 877 3251 proferentibus,
914 3181 1255 3252 splendidior
1287 3180 1534 3252 quotidie
1560 3178 1882 3252 pmdicatio
1903 3194 2031 3235 eva-

2140 3180 2311 3253 μίαις·
2344 3180 2460 3235 ἀλλ’
2485 3180 2710 3235 ἐκείνων
2736 3180 3221 3253 βλασφημούντων,
3260 3178 3675 3252 περιφανέστερον

446 3272 549 3326 dit.
597 3270 904 3326 Induantur
934 3274 1026 3344 qui
1070 3273 1357 3329 detrahunt
1392 3273 1521 3328 mihi
1554 3273 1776 3344 pudore,
1823 3285 1875 3333 et
1914 3291 2036 3347 ope—

449 3363 662 3417 riuntur
686 3363 821 3416 sicut
850 3363 1085 3433 diploide
1108 3365 1419 3435 confusione
1448 3382 1568 3421 sua.
1599 3364 1772 3423 Judaei
1799 3384 2038 3440 namque

448 3462 575 3524 post
615 3454 847 3512 insidias
892 3456 1157 3513 adversus
1198 3456 1504 3523 Christum,
1555 3457 1652 3514 Dei
1698 3459 2038 3530 providentia

449 3545 722 3612 destituti,
758 3546 968 3618 pudore
997 3548 1325 3606 circumfusi
1353 3558 1527 3605 sunt:
1571 3549 1823 3606 Salvator
1853 3559 2036 3607 autem
2073 3610 2080 3619 ,

449 3647 507 3694 et
538 3637 801 3696 Dominus
827 3648 1017 3697 noster
1045 3640 1237 3695 laetitia
1265 3640 1335 3698 ad
1366 3641 1472 3697 hoc
1500 3657 1677 3714 usque
1698 3650 1914 3714 tempus
1943 3645 2043 3698 im-

456 3731 659 3803 pletur,
704 3730 951 3789 Ecclesia
989 3748 1087 3804 per
1115 3739 1292 3789 totum
1338 3733 1531 3790 orbem
1561 3735 1618 3789 in
1655 3735 1878 3791 nomine
1916 3734 2038 3806 ejus

451 3825 774 3880 constituta.
802 3825 995 3882 Seruus
1024 3837 1203 3882 autem
1230 3838 1351 3882 tuus
1384 3827 1678 3895 laetabitur.
1712 3827 1903 3899 Neque
1931 3828 2040 3885 alio

456 3916 619 3971 modo
657 3924 715 3972 et
753 3918 1025 3974 sententia
1064 3919 1210 3975 servi
1258 3935 1461 3977 nomen
1506 3920 1596 3976 hic
1644 3919 1900 3992 accipere
1942 3936 2043 3977 ne-

451 4023 611 4063 cesse
630 4014 716 4065 est
736 4028 750 4065 :
776 4009 1021 4065 divinum
1048 4014 1250 4082 quippe
1268 4011 1502 4068 Paulum
1524 4011 1780 4067 audimus
1810 4011 1926 4067 haec
1957 4011 2042 4066 di-

452 4110 667 4156 centem
700 4100 1086 4172 :Semetipsum
1120 4106 1409 4160 exinanivit
1443 4105 1675 4175 formam
1720 4105 1857 4159 serui
1899 4105 2042 4158 acci-

454 4196 602 4261 piens
631 4196 714 4263 ⁹¹;
768 4197 994 4269 ipseque
1020 4214 1116 4267 per
1145 4198 1340 4254 Isaiam
1373 4199 1614 4254 clamat:
1645 4198 1735 4252 Sic
1767 4197 1896 4252 dicit
1930 4196 2042 4252 Do-

457 4287 632 4340 minus
668 4284 909 4356 formans
938 4303 1020 4341 me
1047 4302 1114 4342 ea:
1142 4296 1290 4341 utero
1320 4303 1527 4343 servum
1560 4287 1664 4342 sibi
1695 4288 1763 4342 “.
1802 4285 2042 4341 Induan-

458 4388 548 4430 tur
581 4380 670 4449 qui
705 4378 989 4452 detrahunt
1021 4379 1149 4434 mihi
1194 4379 1413 4450 pudore,
1461 4389 1512 4435 et
1558 4380 1866 4450 operiuntur
1902 4380 2040 4434 sicut

456 4469 690 4539 diploide
718 4471 1026 4541 confusione
1045 4489 1164 4527 sua.
1194 4471 1311 4527 Hoc
1344 4480 1528 4528 autem
1557 4473 1794 4541 ediscas,
1823 4472 1870 4529 si
1901 4487 2039 4528 con-

2137 3272 2409 3344 ὁσημέραι
2467 3273 2532 3327 τὸ
2596 3274 2862 3345 κήρυγμα
2916 3273 3146 3344 γίνεται.
3209 3269 3676 3327 Ἐνδυσὰσθωσαγ

2137 3365 2193 3417 οἱ
2214 3361 2716 3429 ἐνδιαϐάλλοντές
2736 3379 2815 3432 με
2828 3361 3149 3431 ἐντροπὴν,
3170 3361 3273 3416 καί
3295 3357 3680 3428 περιϐαλέσθαι-

2138 3472 2262 3511 σαν
2280 3455 2427 3510 ὠσεί
2458 3453 2739 3509 διπλοΐδα
2775 3453 2890 3522 τὴν
2926 3455 3235 3522 αἰσχύνην
3272 3448 3492 3507 αὐτῶν.
3519 3448 3578 3505 Οἰ
3596 3447 3676 3521 γὰρ

2152 3547 2396 3602 Ἰουδαῖοι
2433 3546 2572 3618 μετά
2602 3547 2705 3618 τὴν
2740 3546 2883 3599 κατά
2915 3544 3152 3618 Χριστοῦ
3184 3543 3500 3615 ἐπιϐουλὴν,
3522 3542 3671 3613 ἔρημοι

2138 3641 2241 3711 τῆς
2257 3639 2353 3695 τοῦ
2387 3638 2523 3694 Θεοῦ
2560 3638 2869 3707 ἐπισκοπῆς
2921 3639 3226 3709 γενόμενοι,
3267 3637 3528 3707 αἰσχύνην
3561 3649 3675 3703 περι·

2141 3732 2414 3788 εϐἀλοντο·
2462 3734 2491 3786 ό
2535 3732 2593 3788 δὲ
2624 3732 2816 3804 Σωτὴρ
2845 3732 2938 3785 καὶ
2971 3731 3173 3803 Κύριος
3203 3730 3366 3802 ήμῶν
3391 3725 3676 3799 εὐφροσύνης

2139 3826 2308 3880 εἰσέτι
2341 3826 2437 3881 καὶ
2464 3824 2558 3880 νῦν
2604 3823 2930 3897 πληροῦται,
2980 3824 3069 3878 διὰ
3117 3823 3214 3878 τοῦ
3248 3822 3511 3896 ὀνόματος
3549 3815 3675 3874 αὑτοῦ

2141 3919 2262 3973 καθ’
2291 3918 2419 3990 ὅλης
2465 3918 2565 3991 τῆς
2619 3918 2944 3991 οἰκουμένης
2975 3917 3330 3991 καθεστώσης
3383 3913 3674 3984 Ἐκκλησξας.

2153 4014 2217 4066 '0
2231 4013 2300 4066 δὲ
2330 4011 2551 4078 δοῦλός
2567 4026 2683 4066 σου
2706 4009 3200 4080 εὐφρανθήσεται.
3227 4010 3366 4064 Οὐδὲ
3395 4007 3543 4062 τοῦτο
3564 4005 3673 4076 ἡμᾶς

2140 4103 2203 4157 τὸ
2255 4103 2407 4175 ῥῆμα
2464 4102 2649 4156 λαϐεῖν
2709 4103 2791 4166 εἰς
2850 4103 3051 4173 ἑτέραν
3095 4101 3356 4155 ὑπόθεσιν
3406 4099 3670 4169 ἀναγκάσει·

2143 4193 2414 4265 ἀκούομεν
2461 4192 2569 4265 γὰρ
2600 4193 2694 4247 καὶ
2739 4192 2841 4246 τοῦ.
2862 4193 3148 4246 θεσπεσίου
3191 4193 3407 4246 Παύλου
3453 4192 3670 4260 λέγοντος,

2140 4289 2223 4343 ὅτι
2261 4286 2513 4342 Ἑαυτὸν
2533 4285 2813 4351 ἐκένωσε,
2850 4284 3093 4356 μορφὴν
3132 4284 3362 4339 δούλου
3384 4282 3583 4339 λαϐών·
3605 4278 3673 4333 καὶ

2142 4379 2304 4443 αὐτὸς
2356 4379 2415 4433 δὲ
2458 4378 2549 4433 διὰ
2603 4378 2825 4432 Ἡσαΐου
3074 4377 3238 4431 Οὕτω
3296 4376 3462 4447 λέγει
3506 4374 3672 4442 Κύριος

2144 4475 2178 4527 ό
2207 4471 2453 4538 πλάσας
2472 4489 2549 4542 με
2579 4472 2648 4525 ἐκ
2673 4470 2908 4538 κοιλίας
2935 4469 3159 4524 δοῦλον
3184 4467 3398 4535 ἐαυτῷ.
3443 4463 3673 4521 Eudemi-

459 4562 669 4619 sideres
690 4579 797 4634 qua
823 4573 1004 4620 mente
1038 4565 1150 4620 sint
1177 4564 1372 4631 Judaei,
1416 4566 1667 4623 videntes
1694 4566 1915 4637 quidem
1944 4581 2031 4619 ve-

2147 4567 2394 4619 σθωσαν
2425 4567 2478 4618 οἱ
2509 4561 3010 4629 ἐνδιαϐάλλοντές
3039 4579 3117 4632 με
3145 4560 3464 4630 ἐντροπὴν,
3487 4558 3573 4614 καί
3597 4572 3671 4610 xs-

459 4655 705 4710 neranda
737 4666 792 4711 et
821 4668 1011 4713 sancta
1042 4673 1142 4714 sua
1174 4659 1422 4716 funditus
1451 4660 1661 4727 deleta;
1707 4659 1858 4716 illius
1887 4673 2038 4722 vero,

458 4750 553 4818 qui
582 4750 653 4805 ab
692 4750 827 4819 ipsis
870 4751 1174 4822 ignominia
1224 4753 1476 4822 allectus,
1510 4769 1578 4808 ac
1619 4755 1677 4808 in
1720 4767 1941 4809 crucem
1988 4760 2043 4808 et

459 4849 692 4897 mortem
738 4844 972 4900 traditus
1005 4853 1112 4914 est,
1147 4848 1460 4917 sepulcrum
1490 4847 1678 4902 studio
1717 4855 1773 4902 et
1811 4846 2041 4903 honori-

459 4935 565 4991 bus
597 4935 895 5004 celebrari;
929 4937 1206 4997 Ecclesias
1239 4957 1371 4995 vero
1400 4955 1523 5011 quae
1557 4940 1679 5011 ejus
1703 4942 1906 5000 virtute
1942 4957 2042 5013 per

461 5032 635 5079 totum
685 5026 872 5082 orbem
899 5025 1143 5086 fundatae
1187 5039 1317 5086 sunt
1356 5031 1412 5086 in
1458 5032 1577 5088 dies
1618 5046 1933 5088 accrescere
1976 5048 2041 5088 ac

434 5114 840 5185 ’multiplicari,
876 5132 944 5173 ac
972 5135 1097 5174 cum
1125 5120 1301 5191 gloria
1330 5122 1661 5193 promoveri.
1689 5120 1815 5176 llaec
1841 5123 2043 5194 quippe

458 5208 802 5278 ipsis‘oculis
826 5220 1116 5269 cernentes
1141 5211 1338 5279 Judaei,
1363 5215 1455 5286 qui
1493 5229 1604 5270 non
1634 5215 1962 5270 confusione
1987 5223 2043 5271 et

466 5299 671 5371 pudore
700 5301 897 5355 merito
931 5301 1266 5358 induantur?

2138 4655 2600 4725 ριϐαλέσθωσαν
2622 4656 2702 4722 ὡς
2727 4653 3008 4709 διπλοΐδα
3037 4654 3151 4723 τὴν
3180 4655 3480 4724 αἰσχύνην
3498 4647 3668 4705 αὐτῶν.

2147 4750 2259 4802 Καὶ
2284 4747 2444 4802 τοῦτο
2473 4748 2667 4820 μάθοις
2696 4747 2764 4802 ἂν
2792 4749 3091 4819 ἐπιστήσας
3124 4746 3280 4810 ποίας
3313 4746 3422 4819 ἄρα
3454 4741 3668 4798 Ἰουδαίων

2147 4842 2336 4907 παῖδες
2379 4842 2673 4912 κέκτηνται
2708 4840 2944 4904 διανοίας
2990 4839 3225 4912 ὁρῶντες
3269 4839 3342 4892 τὰ
3390 4839 3484 4911 μὲν
3508 4832 3667 4889 ἑαυτῶν

2148 4934 2324 5005 σεμνά
2352 4934 2446 4987 καὶ
2471 4933 2603 5003 ἆγια
2635 4936 2701 4988 ὲκ
2729 4932 2946 5004 βάθρων
2969 4932 3335 5003 ἠφανισμέναι,
3368 4928 3537 4985 τοῦδέ
3566 4926 3664 5001 πρὸς

2148 5029 2328 5082 αὐτῶν
2357 5029 2551 5100 ἀτιμίᾳ
2581 5028 3017 5099 περιϐληθέντος,
3054 5027 3269 5099 σταυρῷ
3300 5045 3361 5081 τε
3389 5027 3478 5080 καί
3498 5022 3667 5089 θανάτῳ

2150 5118 2570 5192 παραδοθέντος,
2623 5117 2687 5173 τδ
2737 5121 2835 5191 μὲν
2861 5118 2956 5172 τοῦ
2985 5118 3216 5172 θανάτου
3246 5118 3431 5189 μνῆμα
3460 5112 3661 5171 σπουδαῖς

2146 5229 2209 5266 τε
2240 5212 2336 5266 καὶ
2378 5211 2711 5282 φιλοτιμίαις
2738 5209 3121 5282 τετιμημένον,
3154 5209 3252 5274 τὰς
3287 5209 3345 5261 δὲ
3383 5206 3467 5261 διὰ
3489 5208 3570 5275 τῆς
3590 5201 3657 5253 αύ-

2144 5305 2240 5359 τοῦ
2270 5304 2553 5375 δυνάμεως
2598 5303 2718 5357 καθ’
2752 5303 2881 5376 ὅλης
2908 5303 3008 5375 τῆς
3046 5302 3366 5373 οἰκουμένης
3411 5297 3654 5373 tamen;

475 5391 798 5464 Ἐκκλησίας
826 5395 1095 5461 αύξούσας
1115 5397 1406 5470 ὁσημέραι,
1438 5398 1535 5452 καὶ
1567 5397 1963 5469 πληθυνούσας,
1991 5399 2085 5452 καὶ
2109 5397 2189 5452 ἔτι
2220 5397 2361 5469 μετὰ
2402 5397 2560 5469 δόξης
2585 5395 2903 5468 προῖούσας.
2953 5394 3138 5449 Ταῦτα
3174 5394 3282 5466 γὰρ
3324 5393 3538 5464 ὁρῶντες
3583 5385 3653 5453 ὐφ-

468 5479 688 5553 θαλμοῖς
728 5487 998 5551 Ἰουδαίων
1025 5489 1233 5557 παῖδες,
1263 5490 1383 5555 πῶς
1411 5491 1514 5545 οὐκ
1548 5492 1816 5563 ἐντροπὴν
1839 5492 1930 5545 καὶ
1956 5491 2218 5564 αἰσχύνην
2251 5491 2476 5555 εἰκότως
2504 5488 2952 5563 περιϐάλλονταις

540 5572 707 5632 Vens.
740 5579 932 5635 50-51.
963 5580 1265 5653 Conﬁtebor
1282 5583 1507 5640 Domino
1528 5585 1685 5639 nimis
1711 5585 1767 5639 in
1782 5601 1871 5640 ore
1896 5602 2032 5649 meo,

469 5672 514 5716 et
564 5665 617 5717 in
662 5669 834 5724 medio
864 5672 1153 5728 multorum
1197 5673 1430 5728 laudabo
1466 5691 1606 5738 eum,
1634 5676 1758 5746 quia
1805 5677 1978 5731 astitit
2006 5694 2040 5730 a

2230 5583 2782 5656 Ἐξομολοτήσομαι
2803 5580 2885 5648 τῷ
2905 5580 3099 5649 Κυρίῳ
3124 5578 3355 5650 σφόδρα
3382 5578 3447 5633 ἐν
3473 5572 3633 5642 τῷστό

2141 5678 2285 5747 nar!
2302 5695 2444 5748 μου,
2469 5675 2567 5732 καὶ
2592 5677 2663 5732 ὲν
2684 5672 3120 5746 μέσῳπουίλὼν
3146 5671 3360 5729 αἰνέσω
3387 5669 3560 5727 αὐτόν’
3581 5662 3643 5720 ὅτι

539 5778 585 5811 ’⁸
628 5777 794 5837 Hebr.
831 5798 938 5840 xu.
970 5784 1026 5838 2.
1102 5786 1149 5820 ⁸⁸
1194 5786 1425 5855 Philipp.
1462 5805 1537 5853 tt.
1573 5791 1628 5849 τι
1705 5793 1749 5825 ⁹²
1792 5790 1874 5850 lsa
1932 5809 2051 5853 χιιι
2079 5833 2093 5860 ,
2132 5795 2183 5850 5.
