3868 6282
218 327 345 384 1541

1300 318 1806 375 COMMENTARlA
1848 319 1914 372 IN
1947 318 2284 374 PSALMOS.

3332 321 3353 375 Ι
3363 318 3465 374 5-H

213 431 478 503 παρέστη
495 435 564 488 ἐκ
599 431 813 499 δεξιῶν
844 435 1121 503 πένητος,
1163 434 1268 489 τοῦ
1308 434 1504 489 σῶσαι
1548 423 1616 488 ἐκ
1673 438 1788 488 τῶν

1896 435 2090 490 dextris
2124 433 2391 506 pauperis,
2419 444 2477 487 ut
2510 435 2716 490 salvam
2745 434 2942 504 faceret
2968 434 3011 488 ἰι
3043 435 3464 505 persequentibus

211 523 694 584 καταδιωκόντων
729 525 843 595 τὴν
863 526 1074 596 ψυχήν
1087 543 1228 595 μου.
1265 525 1535 580 Πολλῶν-ο
1570 527 1730 580 τίνων
1758 527 1790 597 ἣ

211 615 429 671 πάντων
451 617 558 671 τῶν
583 619 663 682 είς
695 619 854 673 αὐτὸν
887 618 1330 673 πεπιστευκότων
1355 618 1544 684 ἐθνῶν,
1570 620 1661 672 καὶ
1687 618 1793 672 τῶν

211 707 334 762 καθ’
386 708 515 779 ὅλης
545 709 646 780 τῆς
681 709 1006 780 οἰκουμένης
1031 709 1407 780 Ἐκκλησιῶν;
1460 710 1632 774 Αὐτὸς
1684 711 1793 782 γάρ

95 853 106 867 ,
211 801 362 860 ἐστιν
385 801 413 852 6
437 800 625 855 εἰπών·
652 803 834 856 Ὅπου
863 801 971 856 δύο
987 802 1024 871 ἢ
1043 801 1200 871 τρεῖς
1217 803 1585 872 συνηγμένοι
1614 803 1684 857 ἐν
1712 802 1793 868 τῷ

210 893 459 960 ὀνόματί
487 911 626 961 μου,
681 893 812 946 ἐκεῖ
846 896 978 962 -εὶμι
1007 893 1076 946 ἐν
1110 892 1279 962 μέσῳ
1306 891 1524 948 αὐτῶν.
1551 894 1641 947 Διὸ
1669 894 1791 948 καθ’

209 981 340 1052 ὅλης
383 983 480 1052 τῆς
506 983 828 1055 οἰκουμένης
861 986 918 1036 ὲν
959 983 1106 1054 μέσῳ
1135 982 1240 1038 τῶν
1272 984 1609 1056 Ἐκκλησιῶν
1642 983 1793 1056 παρὰ

208 1071 304 1124 τοῦ
337 1073 541 1144 Κυρίου
566 1073 642 1143 τῷ
672 1074 846 1144 Πατρὶ
879 1075 1107 1145 μεγίστη
1164 1075 1408 1146 πρόεισιν
1445 1076 1790 1147 εὐχαριστία.

602 1170 894 1227 ΨΑΛΜΟΣ
923 1171 1010 1240 Τῼ
1043 1171 1259 1224 ΔΑΥΙΔ.
1285 1170 1406 1228 ΡΘ’.

280 1253 472 1311 Εἶπεν
500 1261 532 1311 ὀ
555 1260 771 1327 Κύριος
791 1259 869 1326 τῷ
893 1261 1086 1329 Κυρίῳ
1107 1278 1246 1331 μου·
1266 1261 1466 1317 Κάθου
1493 1263 1560 1316 ἐκ
1577 1262 1792 1329 δεξιῶν

206 1364 347 1414 μου,
384 1346 494 1413 ἓως
519 1348 596 1401 ἂν
623 1348 704 1403 θῶ
726 1348 865 1416 τοὺς
890 1349 1143 1419 ἐχθρούς
1169 1365 1285 1404 σου
1314 1352 1648 1407 ὑποπόδιον
1673 1351 1792 1406 τῶν

205 1435 414 1500 ποδῶν
437 1452 572 1503 σου.
609 1439 819 1512 Σφόδρα
845 1440 1047 1513 ἀκριϐῆ
1083 1441 1176 1496 καὶ
1207 1441 1383 1514 ἀληθῆ
1415 1443 1571 1513 λόγον
1591 1445 1790 1515 ἐπεση-

207 1528 421 1598 μήνατο
446 1531 475 1582 6
521 1530 708 1602 Σωτὴρ
743 1530 900 1605 ἡμῶν
942 1532 1196 1604 εἰρηκώςο
1253 1537 1323 1588 Et
1355 1530 1469 1589 οὖν
1515 1535 1697 1594 Δαυῒδ
1722 1535 1792 1588 ἐν

204 1620 505 1690 πνεύματι
547 1623 719 1675 καλεῖ
762 1622 948 1686 αὐτόν
979 1625 1219 1692 Κύριον,
1273 1623 1400 1691 πῶς
1443 1625 1573 1692 υἱὸς
1602 1626 1789 1680 αὐτοῦ

203 1711 416 1776 ἑστιν;
447 1713 507 1776 οὐ
539 1712 648 1782 γὰρ
683 1713 836 1777 ἐκτὸς
864 1713 1182 1785 Πνεύματος
1227 1715 1382 1785 ἁγίου
1410 1711 1522 1781 οἷός
1551 1734 1612 1769 τε
1645 1711 1713 1788 ῆν
1759 1717 1788 1770 6

1896 530 2132 583 animam
2174 542 2363 580 meam.
2397 524 2693 580 Multorum
2728 543 2746 580 :
2787 541 3018 597 quorum
3064 525 3171 579 nisi
3221 525 3465 583 omnium

1893 620 2134 691 gentium
2169 633 2290 688 qua:
2319 618 2374 672 in
2409 616 2587 686 ipsum
2617 615 2987 680 crediderunt,
3014 625 3066 670 et
3097 615 3464 672 Ecclesiarum
3520 665 3524 672 .

1894 725 2014 779 qua:
2045 709 2097 762 in
2137 716 2251 761 toto
2277 707 2409 762 orbe
2449 705 2614 761 sunt?
2637 704 2758 775 Ipse
2785 719 3023 775 namque
3058 712 3143 759 est
3172 703 3264 774 qui
3291 703 3462 757 dixit:

1899 800 1999 854 Ubi
2029 800 2134 854 duo
2173 799 2250 854 vel
2293 808 2396 852 tres
2437 798 2737 867 congregati
2768 797 2964 865 fuerint
2997 797 3053 850 in
3093 797 3300 850 nomine
3327 813 3465 860 meo,
3506 786 3508 790 ’

1892 893 1966 948 ibi
1993 909 2110 947 sum
2139 894 2192 946 in
2218 891 2387 946 medio
2421 906 2602 944 eorum
2631 889 2697 941 ³³.
2725 887 2848 944 ideo
2868 905 2965 958 per
2987 896 3158 943 totum
3185 887 3371 942 orbem
3407 885 3464 941 in

1892 985 2073 1039 medio
2121 983 2490 1037 Ecclesiarum
2542 996 2752 1050 magna:
2807 995 2837 1034 a
2886 978 3119 1034 Domino
3165 980 3466 1050 gratiarum

1892 1078 2138 1132 actiones
2174 1074 2320 1131 Patri
2352 1074 2694 1128 emittuntur.
2764 1136 2780 1152 ⁸

2207 1162 2532 1238 PSALMUS
2571 1162 2698 1216 iPSl
2739 1160 2970 1215 DAVID.
3009 1159 3148 1216 CIX.

1963 1257 2130 1314 Vens.
2156 1257 2210 1322 ‘l,
2227 1257 2282 1310 2.
2303 1256 2452 1309 Dixit
2475 1255 2730 1309 Dominus
2745 1246 2970 1308 Domino
2994 1270 3107 1307 meo
3129 1269 3146 1307 :
3171 1252 3304 1308 Sede
3332 1269 3364 1305 a
3385 1251 3470 1306 de.

1889 1348 2027 1401 turis
2051 1346 2201 1411 meis,
2234 1344 2396 1398 donec
2434 1358 2627 1412 ponam
2657 1343 2896 1398 inimicos
2926 1352 3042 1396 tuos
3069 1340 3355 1396 scabellum
3377 1356 3469 1409 pe-

1891 1438 2016 1492 dum
2047 1446 2277 1492 tuorum.
2311 1433 2427 1490 Hoc
2473 1433 2681 1488 dictum
2713 1431 2869 1487 valde
2915 1439 3232 1486 accuratum
3279 1444 3343 1484 ac
3375 1447 3468 1484 ve-

1891 1543 2010 1582 rum
2035 1542 2157 1583 esse
2189 1526 2441 1582 Salvator
2477 1524 2806 1597 signiﬁcavit
2841 1524 3070 1579 dicens:
3109 1523 3169 1577 Si
3201 1540 3321 1593 ergo
3357 1521 3470 1576 Da~

1891 1619 1976 1674 vid
2012 1619 2065 1678 in
2098 1619 2289 1686 spiritu
2319 1627 2468 1674 vocat
2511 1634 2630 1672 eum
2671 1615 2976 1679 Dominum,
3017 1614 3277 1686 quomodo
3323 1612 3469 1683 ﬁlius

1889 1709 2005 1778 ejus
2041 1718 2118 1763 est
2143 1708 2226 1762 “?
2251 1722 2429 1777 neque
2465 1706 2611 1762 enim
2643 1707 2762 1761 sine
2794 1704 3002 1775 Spiritu
3038 1711 3227 1758 sancto
3254 1709 3470 1772 poterat

203 1803 370 1858 Δαυῒδ
392 1807 565 1860 εἰπεῖν
587 1807 665 1859 τόο
686 1802 870 1861 Elaeu-
893 1810 925 1862 ὀ
955 1783 1170 1878 Κόριος
1203 1783 1283 1875 τῶ
1302 1811 1496 1878 Κυρίῳ
1509 1827 1646 1880 μουο
1669 1783 1788 1865 kd-

1896 1799 2063 1853 David
2098 1799 2215 1854 hac
2263 1799 2529 1870 proferre,
2573 1797 2723 1852 Dixit
2759 1796 3019 1850 Dominus
3062 1794 3288 1847 Domino
3330 1809 3468 1858 meo,

201 1900 317 1951 θου
344 1896 412 1950 ἐκ
429 1896 644 1962 δεξιῶν
656 1917 795 1968 μου.
822 1899 992 1954 Πόθεν
1017 1900 1126 1973 γὰρ
1149 1903 1325 1974 παρῆν
1353 1901 1675 1974 ἀνθρωπίνῳ
1699 1902 1786 1955 λοε

202 1986 439 2058 γισμῴἡ
475 1988 729 2061 γνῶσιςή
758 1988 852 2042 τοῦ
873 1990 1086 2062 Πατρὸς
1115 1992 1250 2065 πρὸς
1281 1993 1372 2045 τὸν
1401 1992 1785 2064 ὠνομασμένον

201 2077 373 2130 αὑτοῦ
400 2077 603 2150 Κύριον
649 2079 1014 2149 κοινολογίας;
1055 2080 1114 2134 '0
1173 2081 1269 2153 μὲν
1321 2077 1414 2135 οὗν
1448 2081 1633 2154 θρόνος
1684 2082 1785 2154 τὴν

200 2165 488 2238 βασιλικήν
522 2167 688 2220 αὐτοῦ
715 2168 868 2232 ἀξίαν
897 2170 1319 2240 κατασημαίνει,
1353 2171 1386 2241 ἡ
1412 2171 1468 2223 δὲ
1483 2169 1698 2234 κάθισις
1725 2172 1788 2226 τὸ

200 2256 424 2327 βέϐαιον
441 2259 535 2311 καὶ
559 2258 766 2330 ἑδραῖον
793 2259 887 2312 καὶ
914 2259 1206 2323 ἀσάλευτον
1241 2260 1341 2331 τῆς
1371 2261 1428 2314 ὲν
1443 2263 1506 2331 τῇ
1541 2260 1788 2334 βασιλείᾳ

200 2349 484 2421 διαμονῆς·
513 2351 574 2402 τὸ
619 2351 697 2418 δὲ,
748 2352 817 2404 ἐκ
865 2351 1097 2420 δεξιῶν,
1145 2348 1283 2412 εἶναι
1331 2353 1426 2410 καὶ
1475 2353 1663 2423 δεξιῶν
1692 2354 1785 2412 τοῦ

201 2442 421 2512 Πατρὸς
462 2441 798 2526 δωρηματων
829 2444 1101 2498 κοινωνόν.
1138 2444 1322 2505 Πάντα
1367 2447 1476 2518 γὰρ
1514 2445 1582 2506 τὰ
1614 2446 1784 2514 δεξιὰ,

199 2535 412 2607 φαιδρά
436 2553 495 2588 τε
523 2539 617 2600 καὶ
647 2537 827 2606 ἀγαθὰ
855 2540 948 2592 καὶ¹
972 2541 1214 2611 σωτήρια
1241 2544 1467 2614 χορηγεῖ
1495 2543 1523 2595 6
1549 2542 1678 2606 Υἱὸς
1710 2541 1786 2607 ὼς

199 2625 359 2696 παρὰ
381 2627 610 2697 Πατρός.
664 2629 920 2700 Ἐχθροὺς
943 2630 999 2684 δὲ
1035 2632 1166 2703 φησὶ
1198 2633 1323 2696 τοὺς
1353 2632 1441 2686 διὰ
1461 2633 1554 2686 τοῦ
1587 2650 1784 2704 προτε-

200 2716 477 2786 ταγμένου
508 2717 720 2790 ψαλμοῦ
752 2720 1170 2792 δεδηλωμένους
1202 2724 1296 2777 καὶ
1339 2724 1397 2776 οὐ
1437 2723 1614 2794 μόνον,
1650 2724 1785 2778 ἀλλὰ

199 2808 301 2859 καὶ
346 2808 526 2873 πάσας
571 2809 671 2874 τὰς
704 2811 1080 2882 ἀντικειμένας
1121 2814 1393 2886 δυνάμεις.
1437 2816 1651 2879 Πάντας
1678 2815 1786 2887 γὰρ

200 2896 312 2948 ὑπὸ
342 2898 466 2961 τοὺς
516 2899 680 2963 πόδας
714 2901 874 2953 αὑτοῦ
916 2902 1100 2972 θήσειν
1127 2907 1155 2957 6
1202 2906 1389 2977 Πατὴρ
1413 2906 1785 2976 διαγγέλλεται

201 2987 296 3040 διὰ
325 2990 419 3041 τοῦ
454 2993 814 3063 προκειμένου
838 2993 1074 3066 ψαλμοῦ,

292 3164 542 3220 Ῥάϐδον
569 3166 875 3238 δυνάμεως
893 3170 1290 3234 ἐξαποστελεῖ
1302 3173 1518 3243 Κύριος
1531 3175 1599 3230 ἐκ
1614 3176 1787 3243 Σιὼν,

201 3256 309 3311 καὶ
339 3261 732 3328 real-amiple
791 3263 1048 3333 ἐνμέσῳ
1075 3264 1194 3319 τῶν
1222 3265 1452 3335 ἐχθρῶν
1487 3284 1623 3323 σου.
1670 3270 1790 3324 Ῥά-

202 3346 334 3398 ϐδον
363 3347 644 3419 δυνάμεως
664 3351 720 3404 ὲν
740 3351 946 3416 τούτοις
973 3353 1104 3423 ήγοῢ
1112 3372 1209 3425 μαι
1230 3355 1319 3410 τὸν
1333 3357 1683 3426 εὐαγγελικὸν
1704 3359 1793 3412 λό-

202 3453 306 3506 γον
344 3438 614 3509 είρῆσθαι.
654 3441 974 3514 Ἐπίστησον
996 3443 1051 3496 δὲ
1078 3446 1286 3515 μήποτε
1320 3446 1441 3500 καθ’
1469 3448 1654 3521 ἕτερον
1676 3450 1793 3521 τρόο

204 3545 313 3580 πον
348 3528 542 3598 ῥάϐδος
568 3529 852 3602 δυνάμεως
889 3533 1105 3605 εἴρηται
1143 3525 1378 3590 ἐνταῦθα
1415 3539 1449 3609 ἡ
1477 3541 1534 3592 ὲν
1563 3539 1640 3610 τῷ
1671 3539 1791 3594 δευ-

203 3617 352 3689 τέρῳ
391 3618 589 3691 ψαλμῴ
619 3622 930 3694 κεκλημένη
973 3625 1165 3696 ῥάϐδος
1209 3627 1422 3700 σιδηρᾶ.
1465 3629 1525 3682 '0
1554 3629 1652 3700 μὲν
1697 3627 1790 3686 οὖν

203 3711 560 3780 εὐαγγελικὸς
598 3713 774 3782 λόγος,
822 3716 851 3766 6
878 3716 976 3786 τῆς
1017 3716 1110 3770 τοῦ
1163 3719 1412 3790 Σωτῆρος
1443 3720 1600 3790 ἡμῶν
1635 3721 1792 3776 δυνά-

209 3820 377 3873 μεως,
407 3803 500 3856 καὶ
530 3807 627 3875 τῆς
648 3805 768 3858 κατ’
795 3806 956 3858 αὑτὸν
986 3808 1296 3878 οἰκονομίας
1314 3809 1730 3878 ἁπαγγελτικὸς,
1756 3813 1789 3883 ή

206 3893 532 3970 παιδευτική
564 3890 659 3947 καὶ⁸
703 3897 968 3968 σωτήριος
997 3899 1081 3968 εἴη
1123 3897 1189 3951 ἂν
1238 3899 1451 3970 ῥάϐδος*
1482 3901 1516 3972 ή
1549 3901 1606 3953 δὲ
1649 3893 1792 3954 κατὰ

207 3985 316 4038 τῶν
351 3981 560 4057 ἐχθρῶν
599 3987 893 4063 αὐτοῦ’καὶ
925 3988 1198 4061 πολεμίων
1220 3979 1320 4059 τῆς
1357 3989 1520 4044 αὐτοῦ
1561 3993 1790 4064 Ἐκκλη-

209 4075 330 4139 σίας
367 4076 723 4149 καθαιρετικὴ
772 4079 1038 4151 λεγομένη
1081 4080 1295 4152 σιδηρᾶ,
1328 4081 1394 4134 δι’
1428 4077 1495 4153 ἧς
1521 4083 1596 4146 ὡς
1619 4083 1788 4154 σκεύη

209 4169 496 4244 κεραμέως
535 4167 842 4244 συντρίψειν
891 4171 1107 4242 λέγεται
1149 4175 1282 4244 τοὺς
1324 4175 1549 4247 ἐχθροὺς
1603 4177 1785 4231 αὐτοῦ.

220 4261 370 4314 Ἐπεὶ
383 4262 561 4315 τοίνυν
585 4263 613 4314 6
637 4259 869 4332 Χριστὸς
884 4255 982 4326 τὰς
1003 4264 1201 4335 Ἐκκλη
1210 4266 1328 4328 σίας
1343 4267 1505 4335 αὑτοῦ
1526 4269 1582 4321 ὲν
1598 4269 1790 4338 μέσαις

210 4353 326 4416 ταῖς
360 4354 547 4406 πόλεσι
574 4354 667 4406 καὶ
701 4354 758 4406 ὲν
796 4355 977 4417 αὐτοῖς
1011 4355 1196 4424 μέσοις
1223 4356 1397 4411 ἔθνεσι
1428 4359 1630 4430 μεταξὺ
1679 4360 1788 4414 τῶν

1894 1893 2026 1948 Sede
2061 1910 2092 1946 a
2123 1893 2325 1952 dextris
2362 1891 2511 1948 meis.
2563 1887 2846 1956 Quomodo
2886 1886 3032 1942 enim
3080 1885 3332 1938 humana:
3375 1897 3468 1936 co-

1893 1985 2124 2055 mitioni
2174 1983 2466 2041 accidisset
2501 1981 2693 2037 notitia
2741 1975 3253 2035 communicationis
3302 1987 3468 2044 quam

1892 2077 2054 2134 Pater
2083 2076 2248 2136 habet
2280 2090 2403 2130 cum
2439 2088 2506 2129 eo
2549 2073 2642 2143 qui
2680 2071 2943 2126 Dominus
2972 2069 3144 2138 ipsius
3173 2065 3343 2120 David
3385 2063 3469 2118 di-

1892 2169 2075 2228 citur?
2103 2168 2361 2223 Thronus
2404 2165 2588 2236 itaque
2622 2163 2824 2234 regiam
2856 2161 2976 2231 ejus
3014 2157 3332 2228 dignitatem
3373 2153 3468 2208 de-

1892 2263 2094 2329 clarat;
2150 2261 2326 2316 sessio
2391 2265 2572 2312 autem
2621 2255 2965 2318 ﬁrmitatem,
3010 2249 3362 2306 stabilitatem
3414 2253 3468 2301 et

1894 2353 2330 2409 immobilitatem
2383 2347 2786 2420 permansionis
2830 2345 2952 2416 ejus
2993 2345 3046 2398 in
3098 2357 3290 2413 regno.
3332 2337 3466 2392 Illud

1893 2461 2096 2516 autem,
2125 2467 2157 2503 a
2179 2449 2401 2514 dextris,
2429 2447 2674 2502 declarat
2711 2445 2891 2514 ipsum
2937 2441 3255 2496 dextrorum
3289 2433 3470 2490 Patris

1893 2558 2182 2598 numerum
2220 2556 2343 2596 esse
2387 2537 2726 2610 participem.
2761 2533 2955 2590 Omnia
2983 2531 3186 2605 quippe
3222 2528 3468 2592 dextera,

1894 2637 2037 2701 laeta,
2070 2635 2214 2691 bona
2242 2644 2296 2689 et
2318 2625 2580 2688 salutaria
2611 2628 2768 2699 quasi
2807 2642 2835 2680 a
2867 2625 3028 2679 Patre
3053 2621 3225 2678 Filius
3256 2620 3468 2676 submi~

1893 2729 2115 2785 nistrat.
2137 2726 2391 2782 Inimicos
2418 2730 2598 2778 autem
2621 2727 2781 2776 vocat
2807 2734 2904 2774 eos
2926 2717 3020 2787 qui
3056 2716 3111 2770 in
3141 2712 3467 2786 praecedenti

1893 2822 2106 2893 psalmo
2131 2818 2576 2881 declarati'sunt;
2607 2828 2782 2884 neque
2805 2820 3012 2864 tantum
3046 2822 3161 2872 eos,
3189 2806 3284 2862 sed
3304 2805 3466 2862 etiam

1894 2928 2086 2968 omnes
2110 2909 2455 2966 adversarius
2488 2907 2739 2962 virtutes.
2773 2901 2935 2957 Pater
2955 2899 3098 2956 enim
3127 2899 3183 2953 in
3213 2893 3467 2969 praesenti

1893 3001 2105 3073 psalmo
2128 3014 2188 3054 se
2212 3013 2404 3060 omnes
2430 2996 2532 3051 sub
2566 2993 2730 3065 pedes
2760 2991 2878 3062 ejus
2915 2995 3315 3060 prostraturum
3344 2999 3466 3042 esse

1895 3094 2204 3156 denuntiat.

1964 3189 2132 3246 Vens.
2181 3189 2235 3243 5.
2309 3186 2524 3257 Virgam
2571 3184 2783 3239 virtutis
2843 3181 3041 3236 emittet
3099 3175 3353 3231 Dominus
3400 3188 3465 3228 ea

1891 3279 2040 3342 Sion,
2069 3287 2117 3332 et
2149 3277 2421 3339 dominare
2450 3276 2504 3334 in
2531 3274 2700 3330 medio
2724 3273 3058 3327 inimicorum
3089 3279 3318 3322 tuorum.
3343 3263 3464 3319 Vir-

1891 3387 2014 3442 gam
2047 3369 2292 3432 [virtutis
2333 3369 2572 3426 arbitror
2611 3367 2717 3421 hoc
2759 3365 2882 3420 loco
2919 3360 3294 3432 evangelicum
3344 3371 3464 3414 ser-

1891 3479 2108 3519 monem
2136 3463 2342 3522 dictum
2375 3477 2518 3517 esse.
2555 3460 2795 3516 Observa
2827 3471 3012 3528 porro,
3044 3469 3174 3509 num
3219 3452 3359 3508 forte
3386 3467 3464 3508 se-

1892 3554 2129 3610 cundum
2159 3554 2322 3608 aliam
2368 3552 2632 3607 rationem
2673 3551 2826 3620 virga
2858 3544 3075 3602 virtutis
3121 3544 3212 3598 hic
3252 3543 3464 3597 dicatur

1891 3656 1978 3706 ea,
2010 3655 2131 3710 quas
2165 3641 2219 3694 in
2248 3640 2489 3695 secundo
2521 3639 2732 3710 psalmo
2772 3636 2923 3706 virga
2962 3635 3138 3688 ferrea
3179 3646 3462 3701 nuncupa-

1893 3739 2002 3786 tur.
2034 3730 2391 3802 Evangelicus
2421 3731 2603 3798 itaque
2646 3741 2847 3786 sermo,
2887 3725 2981 3794 qui
3021 3720 3329 3778 Servatoris
3363 3735 3464 3774 no-

1893 3821 1991 3876 stri
2025 3822 2278 3874 virtutem
2317 3827 2372 3875 et
2415 3819 2536 3887 ejus
2579 3815 2939 3872 (nconomiam
2971 3814 3278 3878 annuntiat,
3312 3812 3464 3882 virga

1891 3913 2211 3977 doctrinalis
2257 3921 2310 3968 et
2343 3910 2601 3968 salutaris
2632 3910 2826 3977 fuerit;
2859 3909 2950 3962 illa
2982 3923 3111 3963 vero
3145 3922 3251 3977 qua
3285 3906 3461 3960 inimi-

1891 4021 1986 4061 cos
2016 4020 2147 4062 suos
2176 4012 2230 4058 et
2273 4004 2528 4063 Ecclesiae
2558 4003 2743 4058 hostes
2793 4000 3088 4071 prosternit
3117 4014 3180 4053 ac
3208 3997 3463 4064 destruit,

1893 4096 2066 4150 ferrea
2098 4103 2345 4161 vocetur,
2375 4109 2482 4164 qua
2512 4093 2715 4147 dicitur
2738 4093 2990 4147 inimicos
3033 4106 3163 4146 suos
3205 4099 3461 4160 tanquam

1889 4203 2020 4242 vasa
2071 4186 2219 4255 liguli
2265 4185 2602 4240 conti-iturus
2643 4199 2783 4239 esse.
2833 4182 2969 4249 Quia
3007 4181 3171 4252 igitur
3211 4179 3463 4234 Christus

1891 4276 2166 4332 Ecclesias
2209 4292 2338 4332 suas
2366 4277 2420 4329 in
2456 4277 2648 4332 mediis
2692 4275 2919 4329 urbibus
2951 4281 3004 4328 et
3033 4271 3284 4342 gentibus
3324 4269 3460 4323 inter

1891 4368 2145 4422 inimicos
2189 4374 2244 4422 et
2289 4367 2476 4421 hostes
2524 4367 2829 4430 constituit,
2889 4361 3202 4419 necessario
3254 4359 3460 4413 dictum

211 4445 419 4517 ἐχθρῶν
451 4445 546 4498 καὶ
601 4444 874 4514 πολεμίων
933 4448 1315 4518 συνεστήσατο,
1352 4451 1659 4520 ἀναγκαίως
1699 4452 1788 4504 λέ-

1896 4467 1978 4516 est
2009 4478 2023 4512 :
2059 4460 2268 4529 Virgam
2301 4460 2508 4513 virtutis
2539 4469 2641 4513 tua:
2667 4459 2867 4512 emittet
2890 4455 3169 4517 Dominus,
3202 4461 3260 4505 ut
3287 4451 3458 4505 domi-

211 4537 393 4588 λεκται
439 4534 543 4597 ὅτι,
592 4532 840 4586 Ῥάϐδον
887 4533 1194 4605 δυνάμεώς
1236 4552 1353 4609 σου
1392 4539 1793 4604 ἐξαποστελεῖ

213 4628 438 4696 Κύριος,
470 4626 571 4680 ἵνα
613 4627 1088 4695 κατακυριεύσῃς
1114 4626 1183 4680 ἐν
1215 4627 1383 4697 μέσῳ
1403 4629 1522 4683 τῶν
1562 4630 1791 4700 ἐχθρῶν

212 4735 348 4772 σου.

278 4810 440 4863 Μετὰ
467 4809 584 4864 σοῦ
603 4811 640 4880 ἡ
678 4809 834 4880 ἀρχὴ
868 4810 939 4866 ἐν
967 4812 1156 4880 ἡμέρᾳ
1198 4811 1307 4880 τῆς
1335 4811 1641 4881 δυνάμεώς
1671 4827 1787 4867 σου

213 4904 276 4956 ἐν
300 4904 431 4970 ταῖς
461 4894 840 4973 λαμπρότησι
869 4903 990 4958 τῶν
1025 4905 1230 4974 ἁγίων,
1277 4904 1347 4957 ἐκ
1390 4904 1645 4976 γαστρὸς
1673 4904 1787 4972 πρὸ

214 4993 520 5062 ἑωσφόρον
580 4993 878 5061 ἐγέννησά
929 5010 1022 5047 σε.
1077 4991 1326 5057 Ἀκύλας,
1384 4991 1518 5046 Ἅπό
1557 4993 1789 5061 μήτρας

215 5084 683 5157 ἐξωρθρισμένης
711 5100 810 5138 σοι
850 5083 1068 5151 δρόσος
1096 5084 1476 5152 παιδιότητός
1506 5099 1640 5138 σου·
1673 5087 1701 5138 6
1731 5085 1787 5138 δὲ

215 5176 525 5247 Σύμμαχοςσ
567 5176 662 5240 Ὣς
690 5175 817 5228 κατ’
850 5176 1062 5243 ὄρθρον
1095 5191 1195 5229 σοι
1237 5168 1470 5242 δρόσος
1491 5175 1530 5243 ἡ
1576 5177 1789 5244 νεότης

215 5283 347 5322 σοιν
379 5269 490 5339 ήδὲ
524 5268 747 5343 πέμπτη
779 5266 1006 5331 ἔκδυσις,
1053 5267 1147 5320 Ἐκ
1173 5267 1403 5336 μήτρας
1433 5267 1549 5342 ἀπὸ
1575 5267 1787 5336 ὄρθρου

216 5373 310 5413 σοι
336 5359 556 5426 δρόσος
578 5339 862 5426 νεότητός
898 5373 1034 5411 σου.
1071 5358 1181 5410 Καὶ
1212 5357 1354 5411 ἔοικέ
1383 5339 1565 5426 γεδιὰ
1583 5359 1787 5412 τούτων

216 5450 312 5520 τῆς
342 5449 605 5521 ὲνσάρκου
659 5450 963 5519 γεννήσεως
1007 5447 1171 5523 αὑτοῦ
1212 5448 1309 5519 τὴν
1346 5446 1785 5520 οἰκονομίανση-

218 5542 448 5609 μαίνειν.
489 5539 632 5593 Ἀπὸ
654 5539 762 5610 γὰρ
803 5540 1032 5610 μήτρας,
1067 5539 1222 5613 φησὶ,
1268 5541 1555 5610 γενήσεται
1601 5533 1788 5611 δρόσος

220 5629 622 5701 ἱξωρθρισμένη
652 5630 750 5699 τῆς
767 5629 1107 5699 παιδιότητός
1135 5646 1248 5683 σου·
1290 5630 1323 5700 ἦ
1357 5632 1422 5684 ὲκ
1455 5633 1664 5703 μήτρας
1696 5649 1787 5700 γεέ

287 5739 332 5770 ³³
370 5737 557 5804 Matth.
594 5753 758 5805 xvlu,
792 5738 882 5796 20.
957 5740 1002 5773 ⁸⁸⁸
1041 5739 1229 5796 Matth.
1268 5757 1415 5806 xm,
1448 5742 1535 5798 45.

1892 4553 2032 4621 neris
2062 4553 2118 4605 in
2147 4552 2318 4615 medio
2343 4552 2680 4609 inimicorum
2715 4558 2944 4603 tuorum.

1960 4795 2126 4849 Vens.
2156 4794 2209 4848 4.
2258 4792 2448 4846 Tecum
2505 4789 2824 4859 principium
2877 4787 2931 4839 in
2984 4784 3069 4839 die
3109 4784 3322 4838 virtutis
3360 4792 3458 4837 tute

1890 4896 1942 4948 in
1967 4892 2330 4963 splendoribus
2360 4901 2690 4950 sanctorum,
2727 4903 2792 4942 ea:
2822 4896 2969 4940 utero
3003 4895 3124 4938 ante
3157 4883 3459 4952 Luciferum

1889 4995 2044 5065 genui
2073 5004 2139 5048 te.
2171 4992 2388 5063 Aquila,
2421 4990 2485 5045 ab
2518 5000 2666 5047 utero
2713 4988 2948 5050 diluculo
2981 4987 3208 5040 excitato
3245 4984 3338 5037 tibi
3374 4998 3458 5036 ros

1889 5095 2132 5166 pueritia:
2158 5104 2261 5152 tua:
2281 5111 2295 5161 ;
2315 5092 2675 5164 Symmachus
2703 5130 2718 5154 ,
2740 5090 2875 5143 uelut
2899 5087 3130 5141 diluculo
3155 5087 3246 5140 tibi
3271 5102 3353 5140 ros
3366 5084 3457 5153 ju-

1890 5209 2071 5254 ventus
2103 5207 2229 5260 tua;
2256 5195 2448 5265 quinta
2499 5201 2680 5247 autem
2714 5191 2904 5255 editio,
2938 5205 3003 5244 ea:
3055 5197 3202 5242 utero
3235 5188 3457 5242 dilicutu

1891 5287 1986 5341 tibi
2023 5303 2109 5340 ros
2137 5285 2428 5356 juventutis
2455 5291 2575 5336 ture.
2613 5279 2816 5350 Hisque
2847 5279 3063 5335 videtur
3093 5277 3458 5349 generationis

1889 5379 2009 5448 cjus
2071 5361 2309 5431 carnalis
2366 5372 2727 5429 (Bconomiam
2789 5369 3118 5440 signiﬁcare.
3178 5367 3260 5422 Ab
3301 5374 3458 5420 utero

1889 5471 2057 5532 enim,
2091 5469 2187 5532 ait,
2220 5467 2322 5530 erit
2344 5481 2435 5522 ros
2464 5465 2765 5524 matutinus
2794 5461 3040 5534 pueritiae
3067 5468 3204 5528 tuae;
3239 5460 3353 5514 sive
3389 5475 3455 5516 ex

1889 5569 2045 5632 utero
2077 5561 2166 5624 lict
2213 5558 2313 5614 tibi
2361 5572 2452 5614 ros
2481 5566 2607 5611 tuus
2649 5555 2892 5610 diluculo
2925 5555 2979 5608 in
3016 5551 3302 5624 juventute
3339 5558 3454 5606 tua.

1893 5653 2095 5723 Hisque
2127 5651 2363 5708 arbitror
2390 5648 2680 5714 declarari,
2733 5662 2840 5702 non
2867 5663 2930 5702 cx
2961 5646 3168 5702 semine
3197 5643 3322 5711 viri,
3359 5641 3460 5700 sed
