3868 6282
445 344 461 394 l
471 342 576 397 343

1145 334 1413 392 EUSEBII
1443 333 1920 391 CESARIENSIS
1953 333 2106 391 OPP.
2141 333 2318 388 PARS
2356 333 2444 425 lll.
2484 365 2553 374 -κ-
2591 331 2997 388 EXEGETICA.

3514 338 3617 392 ιδιι

443 477 502 518 ex
538 460 746 530 Spiritu
792 466 1005 523 sancto,
1057 458 1341 513 carnalem
1377 457 1784 529 generationem
1807 458 2014 513 consti-

2121 456 2334 527 νήσεταί
2369 472 2450 508 σοι
2481 455 2670 526 δρόσος
2688 472 2778 508 σου
2803 455 2999 525 ὄρθρου
3029 455 3086 508 ὲν
3106 456 3170 525 τῇ
3194 453 3395 525 νεότητί
3421 471 3520 510 σου.
3545 457 3622 528 Σή-

441 553 536 606 ιυί.
570 551 704 606 Nam
743 551 1201 622 quemadmodum
1244 567 1336 606 ros
1381 565 1616 618 superne
1645 549 1714 604 de
1743 550 1883 606 caelo
1918 550 2013 605 de-

441 643 629 707 ﬂuens,
664 643 744 697 sic
783 642 836 696 in
882 650 1040 697 utero
1063 641 1396 713 praegnantis
1430 641 1620 696 matris
1652 639 1794 711 ejus,
1829 642 2014 697 carnis

440 735 756 790 constitutio
774 735 913 789 facta
930 743 1015 791 est
1030 735 1084 788 in
1102 734 1330 788 infantia
1349 735 1542 804 ipsius.
1562 733 1668 787 Pro
1689 734 1780 788 illo
1808 741 2011 801 autem,

438 841 499 880 ea:
530 835 723 890 ventre,
757 827 878 882 sive
902 841 968 881 ea:
995 836 1166 890 utero,
1197 823 1520 879 ilcbraicum
1550 825 1714 879 habet
1756 823 2012 878 Mariam.

439 915 632 984 Aliquo
672 923 854 970 autem
886 923 1144 969 narrante
1163 914 1310 974 novi.
1344 913 1667 968 llebraicam
1696 929 1884 968 vocem
1924 913 2013 967 hic

439 1006 659 1060 Mariam
695 1006 1012 1062 meminisse
1039 1024 1053 1060 :
1084 1019 1210 1060 nam
1245 1005 1400 1067 illud,
1424 1003 1680 1069 Mariam,
1713 1003 1894 1059 Maria:
1910 1019 2006 1058 no-

438 1115 561 1153 men
597 1099 902 1169 signiﬁcat;
925 1100 1000 1154 ita
1023 1106 1083 1153 ut
1111 1098 1198 1154 his
1228 1097 1550 1153 nominatim
1595 1096 1827 1170 Deipara
1859 1112 2011 1152 com-

441 1197 790 1243 memoretur.

2117 546 2402 618 μαίνεσθαι
2432 547 2488 599 δὲ
2508 546 2595 598 διὰ
2618 546 2819 599 τούτων
2842 545 2972 616 ήγοῦ
2981 563 3078 614 μαι
3097 545 3157 598 τὸ
3188 545 3260 615 μὴ
3288 547 3350 598 ὲκ
3369 547 3623 616 σπέρματος

2114 639 2326 710 ἀνδρὸς,
2353 638 2464 692 ἀλλ’
2497 636 2558 702 ἐξ
2584 638 2738 706 ἁγίου
2763 637 2900 690 Πνεύ
2909 653 3078 706 ματος
3097 637 3348 707 συστῆναι
3361 636 3448 707 τὴν
3478 637 3626 709 ἐνσαρ-

2115 747 2208 783 κον
2235 729 2506 800 γέννησιν.
2558 725 2660 782 Οἷα
2708 729 2816 801 γὰρ
2847 728 3036 800 δρόσος
3079 727 3281 782 ἀνωθεν
3336 729 3392 792 ἐξ
3443 729 3626 798 οὐρανοῦ

2116 822 2414 892 φερομένη,
2440 820 2582 873 οὕτω
2612 839 2729 884 πως
2775 824 2832 874 ὲν
2867 823 2934 891 τῇ
2970 821 3154 892 μήτρᾳ
3183 820 3280 890 τῆς
3317 823 3629 892 κυοφοροὺσῃ

2115 916 2276 967 αὐτὸν
2313 915 2518 986 μητρὸς
2547 917 2579 985 ἡ
2612 915 2712 986 τῆς
2746 915 2947 985 σαρκδς
2983 914 3192 984 ὑπέστη
3223 915 3468 977 σύστασις
3507 918 3554 968 ὲν
3582 919 3631 985 τῇ

2116 1005 2420 1076 παιδιότητι
2447 1005 2633 1060 αὐτοῦ.
2680 1006 2823 1058 Ἀντὶ
2848 1005 2906 1058 δὲ
2926 1005 3042 1069 τοῦ,
3075 1006 3143 1059 ἐκ
3182 1006 3453 1075 γαστρὸς,
3472 1005 3520 1075 ἢ,
3546 1005 3632 1059 ἀπὸ

2109 1097 2360 1168 μήτρας,
2400 1099 2460 1152 τὸ
2491 1097 2775 1170 Ἐἦραῖκδν
2805 1099 2936 1169 ἔχει,
2964 1097 3216 1168 Μαριάμ.
3243 1095 3519 1161 υἷδαδὲείς
3541 1099 3636 1152 τοῦ·

2116 1205 2177 1241 το
2192 1189 2335 1252 τινος
2368 1189 2627 1252 ἀκούσας,
2665 1189 2740 1252 ὡς
2769 1191 2871 1259 τῆς
2910 1190 3199 1260 Ἐϐραῑκῆς
3239 1190 3420 1258 φωνῆς
3450 1188 3636 1243 ἐνταῦθα

440 1279 534 1349 τῆς
561 1281 781 1352 Μαρίας
805 1246 1276 1352 μνημονευσάσηςο
1309 1280 1518 1353 τὸγὰρ,
1570 1270 1825 1351 Μαριὰμ,
1869 1281 1930 1335 τὸ
1957 1283 2176 1353 Μαρίας
2219 1246 2387 1354 ὄνομα
2438 1246 3134 1354 σημαίνειίώςνόνομαστὶ
3332 1246 3518 1336 eo.me
3565 1284 3636 1352 τῆς

439 1361 696 1425 Θεοτόκου
727 1391 828 1443 μνη
838 1373 1208 1443 μονευΘείσης.

508 1463 673 1518 Vens.
735 1465 852 1520 5-8.
906 1464 1117 1520 Juravit
1177 1466 1456 1530 Dominus,
1499 1476 1548 1520 et
1606 1483 1708 1520 non
1745 1465 2012 1534 panitebit

438 1571 576 1616 eum,
606 1554 683 1608 Tu
708 1573 761 1609 es
815 1555 1060 1609 sacerdos
1091 1558 1143 1610 in
1182 1566 1435 1611 internum
1461 1558 1745 1612 secundum
1776 1557 2010 1612 ordinem

441 1645 837 1701 Melchisedech.
888 1648 1147 1702 Dominus
1195 1667 1226 1703 a
1272 1649 1474 1704 dextris
1527 1653 1634 1706 tuis
1677 1653 1931 1724 confregit
1957 1655 2012 1708 in

438 1737 518 1789 die
551 1737 646 1789 ira:
671 1753 781 1790 sua:
812 1755 976 1808 reges.
1013 1737 1289 1793 Judicabit
1330 1742 1385 1795 in
1417 1743 1742 1807 nationibus,
1780 1744 2013 1814 implebit

438 1829 643 1891 ruinas,
687 1831 1061 1899 conquassabit
1095 1834 1271 1900 capita
1315 1834 1370 1887 in
1403 1843 1566 1890 terra.
1597 1834 1670 1890 De
1705 1844 1932 1892 torrente
1958 1838 2013 1890 in

437 1918 519 1972 via
547 1918 703 1986 bibet,
729 1932 1000 1990 propterea
1054 1923 1316 1976 exaltabit
1351 1934 1530 1992 caput.
1565 1924 1691 1980 Haec
1721 1925 2012 1980 admodum

437 2019 839 2080 consequenter
909 2012 1166 2067 videntur
1213 2013 1491 2084 przedictis
1545 2015 1728 2070 verbis
1771 2016 2015 2072 subnexa

437 2117 580 2156 esse.
611 2101 837 2157 Etiamsi
872 2104 1016 2158 enim
1048 2112 1228 2158 ortum
1261 2119 1325 2159 ex
1356 2114 1513 2160 utero
1535 2120 1730 2176 passus
1765 2108 1877 2175 sis,
1916 2106 2014 2175 ait,

437 2199 600 2262 atque
621 2193 788 2247 veluti
818 2209 909 2249 ros
939 2210 1002 2249 ex
1035 2194 1242 2265 Spiritu
1269 2208 1481 2260 sancto,
1513 2205 1794 2268 assumpta
1825 2206 2012 2262 carne,

438 2283 618 2338 factus
648 2285 724 2340 sis
745 2285 799 2339 in
831 2285 1059 2340 infantia
1093 2295 1225 2354 tua;
1263 2299 1318 2341 at
1354 2305 1461 2344 non
1497 2291 1616 2361 pari
1648 2299 1812 2361 atque
1837 2292 2016 2346 cmteri

437 2376 687 2432 homines
731 2379 944 2434 ratione
967 2381 1092 2434 vilic
1121 2383 1329 2436 exitum
1351 2383 1635 2452 sortieris;
1667 2384 1762 2441 sed
1786 2386 1840 2439 in
1865 2395 2018 2441 aeter-

436 2483 565 2520 num
595 2467 703 2523 Deo
737 2479 789 2524 et
834 2467 982 2524 Patri
1021 2473 1278 2527 sacerdos
1327 2475 1572 2530 manebis
1601 2493 1616 2530 :
1651 2475 1920 2544 siquidem
1962 2475 2014 2530 id

438 2557 742 2620 definitum.
761 2566 814 2612 et
837 2575 866 2612 a
893 2559 1055 2616 Patre
1070 2572 1161 2617 tuo
1186 2577 1310 2618 cum
1331 2563 1628 2634 juramenti
1662 2565 2018 2623 afﬁrmatione

438 2647 850 2718 pronuntiatum
885 2657 992 2707 est.

952 2849 1316 2906 ALLELUIA.
1343 2851 1454 2907 CX.

505 2937 671 2996 Vens.
707 2941 822 2996 1-5.
855 2942 1161 3013 Conﬁtebor
1197 2944 1313 3009 tibi,
1352 2943 1594 3010 Domine,
1632 2947 1686 3000 in
1721 2956 1829 3000 toto
1863 2949 2017 3002 corde

436 3043 570 3090 meo,
601 3029 654 3081 in
674 3031 1182 3100 consiliojustorum
1206 3043 1253 3088 et
1281 3038 1698 3106 congregatione.
1726 3037 2016 3111 Inscriptio

2214 1468 2412 1534 Ωμοσε
2456 1467 2689 1536 Κύριος,
2740 1465 2839 1518 καὶ
2895 1467 2968 1519 οὑ
2999 1465 3552 1535 μεταμεληθήσεται,
3579 1468 3642 1525 Σὺ

2117 1557 2308 1623 ἱερεὺς
2327 1559 2416 1623 είς
2445 1557 2550 1609 τὸν
2573 1556 2759 1610 αἰῶνα
2788 1557 2940 1610 κατὰ
2963 1556 3076 1627 τὴν
3099 1557 3272 1622 τάξιν
3297 1560 3642 1627 Μελχισεδέκ.

2116 1647 2329 1714 Κύριος
2360 1649 2428 1700 ἐκ
2446 1647 2660 1712 δεξιῶν
2679 1663 2794 1702 σου
2823 1647 3205 1702 συνέθλασεν
3217 1649 3290 1702 ἐν
3311 1650 3488 1718 ἡμέρᾳ
3502 1651 3646 1721 ὀργῆς

2116 1739 2302 1793 αὐτοῦ
2327 1739 2631 1806 βασιλεῖς.
2659 1739 2947 1808 Κρινεῖέν
2980 1741 3105 1807 τοῖς
3134 1740 3362 1802 ἔθνεσι,
3394 1743 3648 1810 πληρώσει

2116 1829 2413 1899 πτώματα,
2455 1829 2789 1884 συνθλάσει
2828 1831 3096 1900 κεφαλὰς
3137 1831 3235 1884 ἐπὶ
3267 1831 3401 1901 γῆς.
3446 1834 3530 1886 Ἐκ
3554 1852 3643 1902 χει-

2111 1921 2340 1991 μάρῤου
2370 1921 2570 1986 ἐνόδῷ
2597 1921 2810 1987 πίεται,
2833 1921 2930 1974 διὰ
2946 1921 3118 1975 τοῦτο
3137 1922 3372 1989 ὑψώσει
3399 1921 3646 1991 κεφαλήν,

2117 2013 2328 2083 Σφόδρα
2359 2030 2447 2083 μοι
2477 2013 2624 2066 δοκεῖ
2647 2012 2952 2075 ἀκολούθως
2974 2015 3040 2083 τῇ
3069 2014 3526 2086 προγεγραμμένῃ
3541 2014 3652 2080 λέξει

2118 2105 2362 2178 ωνήφθη
2394 2105 2464 2159 τὰ
2495 2106 2848 2178 προκείμενα.
2873 2105 2935 2157 El
2973 2104 3082 2173 γὰρ
3115 2103 3209 2157 καὶ
3233 2103 3305 2157 τὰ
3333 2104 3549 2173 μάλιστα
3577 2104 3652 2172 γέ-

2115 2217 2261 2254 νεσιν
2276 2199 2372 2270 τὴν
2400 2197 2508 2252 ἀπὸ
2528 2199 2740 2269 μήτρας
2768 2196 3086 2268 ὑπέμεινας,
3119 2195 3274 2265 φησὶ,
3296 2197 3387 2248 καὶ
3406 2196 3652 2267 γεγένησαι

2115 2286 2202 2345 οἷα
2237 2289 2424 2360 δρόσος
2448 2288 2508 2353 ἐξ
2545 2289 2700 2357 ἁγίου
2733 2287 3046 2358 Πνεύματος
3081 2289 3138 2340 ὲν
3167 2289 3232 2356 τῇ
3269 2287 3556 2356 παιδιότητί
3583 2303 3652 2340 σω

2119 2383 2296 2456 σάρκα
2327 2380 2630 2445 ἀναλαϐὼν,
2651 2381 2764 2434 ἀλλ’
2779 2381 2874 2451 οὐχ
2898 2379 3098 2452 ὁμοίως
3126 2382 3236 2442 τοῖς
3259 2377 3464 2443 λοιποῖς
3484 2379 3653 2450 ἀνθρώ-

2117 2492 2239 2538 ποις
2267 2473 2361 2527 καὶ
2390 2474 2487 2544 τὴν
2520 2474 2902 2544 καταστροφὴν
2923 2472 3016 2524 τοῦ
3054 2472 3166 2542 βίου
3205 2473 3470 2542 ποιήσεις·
3498 2473 3652 2541 διαμιο

2117 2569 2225 2628 νεῖς
2254 2564 2312 2617 δὲ
2357 2565 2436 2626 εἰς
2467 2564 2558 2617 τὸν
2585 2563 2755 2616 αίῶνα
2789 2562 3082 2632 ἱερώμενος
3227 2561 3353 2632 θεῷ
3376 2562 3466 2616 καὶ
3495 2563 3650 2632 Πατρί.

2117 2655 2288 2710 Τοῦτο
2301 2655 2410 2726 γάρ
2443 2654 2692 2727 ὥρισται,
2723 2655 2815 2708 καὶ
2838 2654 2954 2724 μεθ’
2984 2655 3145 2724 ὅρκου
3167 2653 3505 2724 βεϐαιώσεως
3531 2653 3653 2708 scim

2118 2747 2500 2817 ἀποπέφανται
2530 2747 2665 2817 πρὸς
2679 2745 2772 2799 τοῦ
2806 2745 2898 2798 σοῦ
2931 2745 3160 2816 Πατρός.

2637 2859 3060 2912 ΑΛΛΗΛΟΥΙΑ.
3082 2859 3186 2910 Pl'.

2200 2948 2749 3022 Ἑξομολογήσομαί
2808 2965 2926 3012 σοι,
2979 2950 3174 3018 Κύριε,
3207 2949 3280 3002 ἐν
3321 2948 3434 3018 ὅλῃ
3484 2947 3654 3016 καρδίᾳ

2113 3064 2252 3116 μου,
2299 3047 2370 3099 ἐν
2414 3043 2619 3113 ,βουλῇ
2652 3041 2874 3097 εὐθέων
2923 3042 3020 3094 καὶ
3073 3040 3418 3111 συναγωγῇ.
3467 3040 3540 3094 Τὰ
3579 3040 3654 3107 τῆς

436 3119 721 3187 praesentis
750 3135 812 3176 ac
855 3124 1199 3193 sequentium
1237 3127 1573 3195 psalmorum
1605 3127 1867 3192 declarat,
1900 3129 2016 3184 hrec

2121 3135 2445 3207 προγραφῆς
2484 3131 2578 3185 τοῦ
2637 3131 2996 3203 προκειμένου
3033 3131 3127 3184 καὶ
3169 3130 3281 3183 τῶν
3329 3130 3520 3200 ἐφεξῆς
3539 3129 3654 3197 αὐτῷ

438 3225 546 3265 non
574 3227 667 3281 per
693 3213 1010 3282 psalterium
1044 3219 1394 3284 pronuntiata
1411 3219 1594 3283 fuisse,
1615 3235 1791 3291 neque
1819 3225 2019 3276 cantici

439 3301 618 3354 locum
653 3309 857 3366 tenere,
885 3309 1060 3375 neque
1079 3309 1364 3368 orationis.
1388 3327 1564 3380 neque
1581 3312 1812 3366 aliorum
1831 3317 2017 3382 qumin

437 3395 612 3449 titulis
627 3394 896 3463 feruntur;
917 3398 1010 3452 scd
1033 3415 1156 3454 esse
1189 3401 1420 3470 hymnos
1436 3403 1731 3473 gratiarum
1751 3405 2014 3460 actionis:

437 3502 607 3555 quare
637 3486 885 3557 inscripti
905 3496 1054 3552 sunt,
1085 3489 1339 3554 Alleluia,
1373 3493 1518 3561 quod
1548 3493 1734 3549 Graece
1775 3511 2017 3560 versum,

439 3580 649 3632 laudem
677 3579 769 3634 Dei
795 3581 1089 3650 significat.
1111 3580 1416 3652 Conﬁtebor
1434 3585 1550 3650 tibi,
1580 3585 1818 3650 Domine,
1841 3587 1895 3640 in
1911 3596 2018 3640 toto

433 3672 596 3726 corde
639 3689 772 3736 meo,
831 3675 886 3727 in
943 3676 1166 3728 consilio
1199 3676 1465 3740 iustorum
1497 3689 1548 3732 et
1594 3679 2016 3748 congregatione.

441 3761 638 3834 Magna
668 3781 824 3834 opera
852 3765 1084 3830 Domini,
1117 3769 1385 3838 exquisita
1417 3771 1472 3823 in
1502 3787 1678 3826 omnes
1723 3773 2017 3826 voluntates

437 3854 574 3923 ejus.
605 3852 884 3923 Confessio
916 3865 966 3910 et
1001 3859 1396 3927 magniﬁcentia
1425 3876 1552 3929 opus
1575 3859 1711 3928 ejus,
1737 3871 1786 3914 et
1799 3861 2020 3931 justitia

437 3945 553 4013 ejus
595 3957 768 4000 manet
799 3947 850 3999 in
873 3949 1130 4001 sa'culum
1160 3949 1362 4003 saculi.
1397 3949 1704 4005 Admodum
1729 3968 1859 4007 vero
1887 3969 2020 4008 con-

437 4043 698 4106 gruenter
727 4048 848 4107 post
871 4039 1128 4092 traditam
1153 4040 1218 4095 de
1247 4039 1533 4096 Salvatore
1567 4052 1758 4099 nostro
1793 4047 2022 4115 prophe-

438 4129 594 4187 tiam,
645 4128 882 4198 hymnus
917 4131 1215 4199 gratiarum
1271 4134 1504 4188 actionis
1553 4134 1639 4191 his
1678 4137 1859 4192 verbis
1888 4139 2022 4193 sub-

441 4216 720 4285 jungitur,
779 4233 845 4271 ex
876 4219 1050 4286 ipsius
1100 4217 1408 4277 Servatoris
1453 4237 1686 4290 persona
1730 4228 2016 4291 recitatos.

437 4310 534 4376 qui
569 4305 716 4360 Patri
751 4323 852 4362 suo
912 4309 978 4363 de
1007 4309 1182 4363 salute
1222 4311 1480 4366 omnibus
1541 4312 1856 4369 hominibus
1885 4331 2021 4370 con-

439 4415 595 4454 cessa
619 4401 824 4470 gratias
881 4399 1068 4455 refert.
1115 4401 1249 4455 Nam
1308 4404 1585 4458 confessio
1620 4421 1687 4460 ex
1724 4405 2020 4477 Scriptura:

443 4505 546 4549 usu
599 4490 759 4545 modo
813 4502 1160 4561 peccatorum
1215 4493 1643 4551 declarationem
1704 4499 2013 4569 signiﬁcat,

443 4580 607 4637 modo
631 4581 927 4651 gratiarum
953 4583 1224 4638 actionem
1272 4585 1514 4640 exhibet.
1555 4584 1751 4640 Statim
1782 4591 1927 4643 enim
1961 4591 2017 4646 in

445 4671 750 4744 Evangeliis
779 4673 892 4744 ipse
927 4672 1184 4729 Servator
1215 4686 1402 4731 noster
1433 4678 1510 4731 ait
1553 4696 1566 4732 :
1600 4677 1870 4749 Conﬁteor
1899 4683 2017 4748 tibi,

447 4762 629 4828 Pater,
653 4763 872 4820 Domine
899 4766 1014 4818 caeli
1055 4775 1103 4819 et
1126 4776 1300 4833 terra,
1325 4771 1451 4839 quia
1488 4771 1814 4826 abscondisti
1846 4773 1957 4828 haec
1987 4793 2020 4830 a

445 4856 763 4924 sapientibus
792 4866 841 4909 et
879 4858 1246 4926 prudentibus,
1277 4871 1325 4914 et
1369 4861 1612 4916 revelasti
1657 4880 1720 4916 ea
1757 4867 2013 4932 parvulis.

448 4947 555 5010 Ita,
585 4949 768 5012 Pater,
798 4951 1043 5020 quoniam
1063 4953 1137 5025 sic
1168 4952 1270 5020 fuit
1298 4953 1550 5022 placitum
1574 4966 1694 5009 ante
1717 4966 1783 5010 te.
1821 4958 2018 5012 Omnia

447 5042 572 5093 mihi
602 5041 803 5094 tradita
848 5053 970 5096 sunt
999 5061 1031 5096 a
1071 5043 1251 5108 Patre,
1303 5056 1352 5100 et
1399 5064 1548 5100 nemo
1601 5049 1743 5101 novit
1775 5051 1891 5119 quis
1939 5059 2019 5105 est

449 5130 620 5184 Filius
657 5132 760 5185 nisi
812 5130 991 5196 Pater,
1030 5137 1221 5202 etquis
1260 5144 1335 5189 est
1368 5134 1532 5191 Pater
1564 5138 1665 5212 nisi
1688 5134 1863 5190 Filius
1886 5181 1901 5204 ,
1969 5148 2020 5193 et

449 5223 532 5275 cui
575 5223 795 5276 voluerit
837 5221 1011 5278 Filius
1074 5226 1300 5278 revelare
1329 5227 1396 5277 ⁸⁵.
1446 5257 1513 5268 --
1547 5224 1614 5279 In
1667 5227 1892 5280 consilio
1930 5226 2024 5297 ju-

449 5326 649 5370 stornm
709 5325 758 5370 et
798 5317 1218 5387 congregatione.
1288 5316 1488 5388 Magna
1547 5334 1707 5387 opera
1776 5318 2020 5384 Domini,

463 5412 728 5479 exquisita
785 5412 840 5465 in
885 5429 1062 5466 omnes
1119 5411 1411 5467 voluntates
1459 5412 1593 5482 ejus.
1652 5413 1771 5467 Non
1826 5429 2021 5484 pravo-

454 5517 570 5556 rum
611 5512 666 5558 et
708 5519 1086 5572 perversorum
1135 5504 1414 5572 virorum;
1471 5504 1566 5560 sed
1614 5506 1906 5576 probarum
1967 5515 2022 5561 ct

455 5599 720 5649 rectarum
746 5596 1072 5661 animarum,
1106 5596 1404 5668 gratiarum
1441 5599 1717 5653 actionum
1757 5599 2016 5670 hymnum

529 5749 572 5788 "
605 5748 738 5804 Luc.
777 5765 806 5808 κ
832 5789 845 5812 ,
881 5751 977 5815 21,
1012 5751 1100 5805 '22.

2121 3227 2416 3298 παρίστησι
2468 3225 2542 3297 μὴ
2597 3223 2686 3278 διὰ
2727 3223 3022 3294 ψαλτηρίου
3077 3223 3331 3293 εἰρῆσθαι
3370 3223 3438 3276 τὰ
3471 3221 3654 3294 προκεί·

2124 3333 2280 3386 μενα,
2318 3315 2450 3387 μηδὲ
2487 3314 2630 3385 ᾠδῆς
2675 3314 2894 3384 ἐπέχειν
2921 3311 3104 3369 τόπον.
3137 3310 3269 3364 ἀλλά
3307 3312 3442 3382 μηδὲ
3465 3327 3655 3381 προσευο

2119 3410 2240 3479 χῆς,
2293 3408 2426 3480 μήδὲ
2468 3424 2611 3470 τινος
2659 3406 2768 3458 τῶν
2817 3404 2988 3458 ἄλλων
3029 3403 3404 3475 προγραφῶν,
3457 3398 3580 3454 εἶναι
3617 3400 3659 3452 δὲ

2123 3500 2324 3572 ὕμνους
2389 3497 2866 3569 εὐχαριστηρίους·
2925 3495 3004 3548 διὸ
3072 3494 3164 3547 καὶ
3231 3491 3659 3564 ἐπιγεγραμμένοι

2121 3591 2278 3653 εἰσὶν,
2337 3587 2720 3656 Ἀλληλοιπα,
2774 3586 2911 3656 ὅπερ
2962 3582 3432 3655 μεταϐαλλόμενον
3479 3582 3552 3644 εἰς
3586 3581 3657 3649 τὴν

2135 3681 2358 3736 Ἐλλάδα
2415 3680 2598 3750 φωνὴν
2624 3679 2796 3733 αἶνον
2813 3676 2961 3732 Θεοῦ
3007 3676 3276 3747 σημαίνει.
3311 3672 3659 3744 Ἐξομολογή-

2121 3775 2304 3844 σομαί
2339 3790 2457 3835 σοι,
2488 3773 2681 3840 Κύριε,
2719 3771 2788 3824 ἐν
2835 3770 2946 3838 ὅλῃ
2979 3767 3190 3836 καρδίᾳ
3207 3785 3355 3837 μου.
3377 3769 3446 3820 ἐν
3494 3760 3659 3830 βουλῇ

2121 3868 2342 3923 εῠθέων
2387 3868 2484 3921 καὶ
2535 3863 2879 3934 συναγωγῇ.
2904 3861 3149 3931 Meg-ala
3179 3862 3251 3914 τὰ
3284 3860 3432 3928 ἔργα
3458 3857 3658 3925 Κυρίου,

2121 3958 2515 4028 ἐξεζητημένα
2551 3959 2638 4022 εἱς
2668 3955 2864 4008 πάντα
2889 3957 2959 4008 τὰ
2995 3951 3302 4021 θελήματα
3331 3949 3529 4003 αὑτοῦ.
3564 3943 3658 4008 Ἐε-

2123 4052 2489 4120 ομολόγησις
2540 4047 2636 4101 καὶ
2659 4043 3139 4116 μεγαλοπρέπεια
3183 4042 3248 4094 τὸ
3287 4041 3467 4110 ἔργον
3490 4035 3655 4097 αὐτοῦ,

2123 4142 2219 4194 καὶ
2246 4143 2284 4209 ἡ
2310 4139 2662 4204 δικαιοσύνη
2693 4135 2877 4192 αὑτοῦ
2912 4135 3076 4204 μένει
3113 4135 3201 4198 είς
3223 4131 3333 4184 τὸν
3357 4129 3532 4184 αἰῶνα
3577 4126 3656 4180 τοῦ

2122 4231 2357 4296 αἰῶνος.
2391 4229 2602 4300 Σφόδρα
2627 4229 2684 4282 δὲ
2720 4226 3026 4288 ἀκολούθως
3056 4225 3191 4296 μετὰ
3220 4223 3319 4295 τὴν
3350 4223 3656 4276 ἀποδοθεῖσαν

2123 4321 2252 4392 περὶ
2298 4319 2391 4373 τοῦ
2426 4320 2675 4389 Σωτῆρος
2703 4317 2860 4388 ἡμῶν
2901 4315 3234 4387 προφητείαν
3287 4313 3656 4386 εὐχαριστήριος

2124 4411 2290 4484 ὕμνος
2303 4411 2389 4463 διὰ
2419 4409 2526 4462 τῶν
2542 4409 2914 4480 προκειμένων
2947 4409 3292 4468 συνάπτεται,
3325 4409 3388 4459 ἐκ
3413 4404 3655 4476 προσώπω

2123 4502 2446 4574 λελεγμένος
2479 4501 2643 4554 αὐτοῦ
2689 4501 2783 4554 τοῦ
2823 4500 3092 4571 Σωτῆρος,
3125 4498 3560 4570 εὐχαριστοῦντος
3601 4491 3657 4562 τῷ

2126 4593 2318 4649 ἑαυτοῦ
2337 4595 2510 4664 Πατρὶ
2531 4593 2624 4646 ἐπὶ
2638 4594 2704 4663 τῇ
2734 4592 2949 4646 πάντων
2974 4591 3084 4644 τῶν
3111 4590 3207 4645 ἀνθ
3215 4589 3416 4661 ρώπων
3439 4586 3655 4658 σωτηρίᾳ.

2139 4687 2203 4739 Ἠ
2230 4686 2338 4757 γὰρ
2362 4683 2743 4755 ἐξομολόγησίς
2761 4684 2874 4736 ἐστι
2897 4682 2994 4754 μὲν
3013 4683 3100 4735 ὅτε
3129 4680 3270 4735 κατά
3283 4683 3384 4752 τὴν
3420 4678 3655 4749 συνήθειαν

2124 4779 2223 4849 τῆς
2268 4778 2491 4850 Γραφῆς
2533 4776 2816 4849 ἁμαρτιῶν
2862 4774 3150 4845 ὁμολογίαν
3180 4774 3454 4844 σημαίνει,
3486 4772 3585 4825 ἔστι
3615 4768 3652 4819 δὲ

2123 4871 2210 4924 ὅτε
2230 4870 2580 4942 εὐχαριστίαν
2615 4868 2958 4940 παρίστησιν.
2975 4867 3183 4920 Αὐτίκα
3198 4867 3243 4918 δ’
3266 4861 3360 4919 οὖν
3384 4868 3441 4918 ὲν
3460 4865 3650 4930 libant:-

2123 4961 2255 5024 λίοις
2275 4961 2436 5024 αὐτὸς
2455 4962 2484 5014 ὁ
2503 4961 2694 5033 Σωτὴρ
2707 4960 2860 5031 ἡμῶν
2881 4959 3046 5027 λέγει·
3066 4953 3548 5027 Ἐξομολογοῦμαί
3563 4967 3650 5010 σειν

2125 5052 2335 5121 Πάτερ,
2372 5054 2548 5121 Κύριε
2579 5054 2683 5107 τοῦ
2735 5052 2992 5120 οὐρανοῦ
3018 5051 3116 5106 καὶ
3149 5049 3257 5118 τῆς
3287 5048 3424 5120 γῆς,
3449 5046 3530 5099 ὅτι
3573 5043 3648 5096 d1-

2125 5143 2394 5213 έκρυψας
2426 5145 2612 5199 ταῦτα
2636 5144 2753 5199 ἀπὸ
2780 5143 2987 5214 σοφῶν
3015 5143 3110 5196 καὶ
3135 5140 3424 5203 συνετῶν,
3461 5135 3545 5191 καὶ
3566 5132 3646 5188 ἀστσ

2127 5235 2439 5305 excitch
2453 5237 2606 5290 αὐτὰ
2627 5237 2884 5304 νηπίοις.
2920 5235 3052 5300 Ναὶ,
3087 5239 3119 5288 ὀ
3147 5233 3368 5300 Πατὴρ,
3399 5230 3481 5284 ὅτι
3504 5227 3643 5283 οὕτω(

2127 5327 2364 5398 ἐγένετο
2389 5327 2632 5382 εὐδοκία
2661 5327 3001 5398 ἔμπροσθέν
3013 5342 3149 5380 σου.
3178 5324 3378 5379 Πάντα
3403 5315 3642 5388 παρεδόθη

2121 5438 2224 5488 μοι
2275 5419 2394 5474 ὑπὸ
2437 5419 2542 5473 τοῦ
2595 5419 2847 5487 Πατρός,
2899 5419 3000 5474 καὶ
3048 5418 3247 5484 οὐδεὶς
3284 5415 3537 5486 γινώσκει
3578 5406 3639 5468 τίς

2125 5511 2343 5564 ἐστινό
2374 5511 2502 5577 Υἱὸς
2522 5513 2572 5565 εί
2593 5510 2679 5580 μὴ
2696 5515 2728 5566 ό
2756 5512 2974 5580 Πατὴρ,
3008 5511 3104 5566 καὶ
3129 5511 3222 5576 τίς
3248 5510 3414 5563 ἐστιν
3433 5509 3463 5559 ό
3489 5497 3637 5565 Πατίδε

2125 5604 2176 5655 εἰ
2207 5601 2289 5672 μὴ
2332 5606 2364 5656 ὀ
2389 5604 2537 5672 Υἱὸς,
2574 5604 2672 5658 καὶ
2714 5596 2763 5670 ᾧ
2798 5604 2906 5658 ἐὰν
2925 5601 3228 5672 ,βούληται
3259 5603 3292 5655 ὁ
3315 5597 3437 5664 Υἱὸς
3463 5594 3635 5651 (how
