3868 6282
222 347 360 401 1545

1382 344 1890 401 COMMENTARIA
1925 345 1993 401 IN
2032 344 2374 405 PSALMOS.

3338 354 3477 409 ιδιῡ

204 460 422 526 deum.
464 459 562 511 Ἐν
581 457 787 527 ,ϐουλῇ
815 458 933 512 τῶν
951 458 1136 527 ἁγίων
1161 459 1258 513 καὶ
1302 459 1647 531 συναγωγῇ.
1677 463 1795 515 Με-

1917 460 1995 515 .ibi
2021 460 2172 515 Patri
2201 476 2324 516 meo
2358 461 2607 517 reddam.
2654 462 2754 522 His
2794 479 2964 537 porro
2992 465 3264 537 signiﬁcat
3294 465 3489 523 Eccle—

205 550 366 618 γάλα
397 550 468 605 τὰ
500 549 646 620 ἔργα
677 551 919 618 Κυρίου,
952 549 1350 620 ἐξεζητημένα
1372 553 1457 617 εὶς
1480 550 1677 605 πάντα
1718 552 1793 606 τὰ

205 643 513 713 θελήματα
546 643 752 696 αὑτοῦ.
790 642 984 696 Οὐκέτι
1019 642 1246 696 σκολιῶν
1279 642 1489 711 ἀνδρῶν
1526 642 1647 697 οὐδὲ
1678 642 1793 696 δια-

206 737 478 807 στρόφων,
507 735 622 789 ἀλλ*
652 734 874 803 ἀγαθῶν
896 734 987 787 καὶ
1015 733 1237 787 εὐθειῶν
1275 733 1464 804 ψυχῶν
1500 734 1593 787 τὸν
1633 735 1795 804 εὐχα-

206 829 490 899 ριστήριον
518 826 686 897 ὕμνον
713 826 869 881 δώσω
886 844 967 879 σοι
998 824 1076 896 τῷ
1102 825 1338 896 ἐμαυτοῦ
1372 826 1566 895 Πατρί.
1595 826 1796 897 Σημαί-

204 935 288 972 νει
320 920 377 973 δὲ
421 919 510 973 διὰ
549 920 758 972 τούτων
813 917 911 989 τὴν
946 918 1067 972 καθ’
1123 917 1252 989 ὅλης
1307 917 1406 987 τῆς
1468 918 1795 990 οἰκουμένης

1898 554 2035 608 siam
2061 554 2183 624 ejus
2214 555 2389 624 gratia
2416 572 2514 625 per
2563 563 2740 611 torum
2783 559 2971 615 urbem
3016 559 3330 627 fundatam;
3362 576 3489 615 con-

1898 648 2080 702 silium
2117 656 2317 704 autem
2346 660 2621 705 rectorum
2660 653 2879 707 vocavit
2907 654 3130 709 ordines
3161 669 3387 708 suorum
3430 654 3487 709 in

1900 740 2143 797 Ecclesia
2166 750 2519 809 sanctorum;
2545 746 3022 815 congregationem
3054 761 3202 809 vero,
3234 745 3488 799 ordinem

1900 833 2131 887 alterum
2158 842 2283 904 post
2317 834 2613 888 consilium
2652 843 2930 889 rectorum
2963 845 3264 905 nuncupat,
3311 837 3403 906 qui
3428 837 3487 891 in

1908 920 2150 976 Ecclesia
2167 924 2289 991 ejus
2310 924 2542 977 alterum
2572 924 2858 978 constituit
2875 926 3241 983 multitudinis
3257 935 3483 981 emtum.

205 1012 518 1078 ἱδρυθεῖσαν
555 1012 644 1066 διὰ
705 1014 804 1083 τῆς
856 1011 1022 1065 αὑτοῦ
1070 1013 1291 1084 χάριτος
1343 1012 1692 1084 Ἐκκλησίαν.
1747 1015 1952 1084 Βουλὴν
1992 1017 2048 1070 δὲ
2083 1017 2287 1072 εὐθέων
2309 1017 2561 1090 ὠνόμασε
2621 1020 2689 1072 τὰ
2721 1020 2978 1091 τάγματα
3012 1022 3119 1076 τῶν
3157 1025 3215 1076 ὲν
3250 1025 3317 1093 τῇ
3365 1022 3487 1074 Ἐκ-

200 1107 409 1180 κλησιᾳ
443 1108 609 1163 αὐτοῦ
671 1109 863 1177 ἁγίωνο
902 1108 1223 1179 συναγωγὴν
1272 1108 1328 1161 δὲ
1382 1107 1635 1181 δεύτερον
1668 1110 1855 1179 τάγμα
1909 1112 2049 1183 μετὰ
2100 1112 2200 1184 τὴν
2248 1113 2442 1185 βουλὴν
2481 1113 2589 1168 τῶν
2633 1114 2834 1169 εὐθέων
2882 1116 3158 1186 σημαίνει,
3211 1116 3272 1170 τὺ
3316 1118 3373 1169 ἐν
3417 1117 3487 1187 τῇ

219 1203 518 1275 Ἐκκλησία
548 1204 714 1259 αὑτοῦ
744 1203 996 1277 δεύτερον
1022 1204 1116 1257 τοῦ
1135 1203 1371 1276 πλήθους
1396 1204 1688 1277 ἄθροισμα.

292 1317 757 1389 Ἐξομολόγησις
788 1318 884 1371 καὶ
909 1316 1387 1388 μεγαλοπρέπεια
1415 1318 1479 1371 τὸ
1500 1318 1680 1390 ἔργον
1693 1321 1799 1373 αὐ-

1977 1316 2146 1373 VEns.
2181 1318 2340 1372 4-10.
2375 1318 2650 1386 Confessio
2683 1327 2733 1372 et
2760 1321 3153 1390 magniﬁcentia
3191 1336 3318 1389 opus
3349 1323 3486 1392 ejus,

199 1412 335 1475 τοῦ,
366 1413 463 1465 καὶ
500 1412 539 1479 ἡ
579 1411 931 1477 δικαιοσύνη
964 1411 1151 1465 αὐτοῦ
1174 1411 1342 1479 μένει
1372 1413 1458 1478 εἰς
1484 1411 1591 1465 τὸν
1611 1410 1798 1464 αἰῶνα

1917 1420 1953 1465 ει
1989 1410 2205 1481 iustitia
2237 1412 2351 1481 ejus
2381 1424 2555 1466 manet
2582 1413 2635 1467 in
2661 1412 2917 1467 swculum
2945 1415 3148 1468 sazculi.
3174 1413 3490 1469 Memoriam

200 1505 315 1559 τοῦ
363 1503 597 1569 αἰῶνος.
644 1504 874 1557 Μνείαν
910 1502 1238 1569 ἐποιήσατο
1295 1503 1415 1558 τῶν
1446 1506 1796 1575 θαυμασίων

1917 1505 2028 1558 recit
2056 1504 2385 1559 mirabilium
2416 1522 2635 1559 suorum
2667 1506 2964 1560 misericors
3004 1515 3052 1560 et
3077 1507 3358 1561 miserator
3386 1506 3491 1561 Do-

200 1597 415 1651 αῠτοῦ’
452 1595 725 1665 ἐλεήμων
756 1597 855 1651 καὶ
892 1597 1208 1667 οἰκτίρμων
1234 1601 1267 1652 ό
1286 1600 1521 1668 Κύριος,
1567 1597 1799 1668 τροφὴν

1917 1596 2102 1656 minus,
2129 1612 2302 1650 escam
2323 1595 2468 1650 dedit
2501 1597 2808 1650 timentibus
2843 1613 2916 1651 se.
2944 1595 3151 1650 Memor
3180 1599 3278 1650 erit
3306 1599 3360 1652 in
3385 1614 3491 1653 sa:-

202 1687 396 1740 ἕδωκε
417 1686 543 1753 τοῖς
572 1685 967 1756 φοϐουμένοις
996 1688 1199 1742 αὐτόν.
1249 1688 1681 1759 Μνησθήσεται
1711 1691 1800 1757 εἰς

1917 1688 2083 1741 :ulum
2113 1688 2413 1742 testamenti
2445 1688 2529 1742 sui
2557 1705 2575 1743 :
2602 1689 2847 1742 virtutem
2886 1705 3102 1757 operum
3142 1706 3363 1743 suorum
3392 1706 3492 1744 ar:-

203 1779 318 1833 τὸν
348 1777 533 1831 αἰῶνα
589 1777 881 1846 διαθήκης
924 1779 1132 1835 αὐτοῦ’
1178 1781 1362 1849 ἰσχὺν
1396 1781 1586 1850 ἔργων
1613 1782 1802 1836 αὑτοῦ

1917 1782 2170 1835 nuntiavit
2215 1780 2409 1850 populo
2458 1798 2590 1847 suo;
2622 1789 2678 1834 ut
2712 1781 2799 1835 det
2838 1782 2948 1835 illis
2975 1780 3337 1835 htereditatem
3366 1797 3491 1851 gen-

206 1870 528 1941 ἁνήγγειλε
555 1869 635 1935 τῷ
666 1869 793 1936 λαῷ
817 1873 1026 1939 αὐτοῦ,
1056 1872 1163 1927 τοῦ
1178 1872 1387 1938 δοῦναι
1422 1873 1625 1940 αὐτοῖς
1649 1877 1798 1942 κλη-

206 1961 497 2031 ρονομίαν
524 1959 734 2015 ἐθνῶν·
770 1962 913 2032 ἔργα
953 1961 1169 2033 χειρῶν
1190 1964 1378 2018 αὐτοῦ
1417 1963 1668 2031 ἀλήθεια
1700 1963 1799 2016 καὶ

209 2053 431 2120 κρίσις.
484 2052 698 2105 Πισταῑ
753 2051 944 2107 πᾶσαι.
999 2056 1060 2107 αἱ
1098 2052 1340 2108 ἐντολαὶ
1388 2054 1800 2125 αὐτοῦ,ἐστη-

209 2142 480 2212 ριγμέναι
500 2145 587 2209 εὶς
610 2141 717 2195 τὸν
741 2142 926 2197 αἰῶνα
975 2143 1082 2197 τοῦ
1134 2144 1370 2210 αἰῶνος,
1407 2146 1803 2215 πεποιημέναι

212 2235 286 2289 ἐν
312 2235 564 2303 ἀληθείᾳ
591 2234 687 2289 καὶ
709 2236 1005 2303 εὐθύτητι.
1029 2236 1341 2304 Λύτρωσιν
1368 2236 1690 2291 ἀπέστειλε
1722 2237 1804 2303 τῷ

212 2327 341 2394 λαῷ
388 2328 597 2392 αὐτοῦ,
643 2328 982 2382 ἐνετείλατο
1032 2331 1119 2395 εἰς
1166 2328 1274 2382 τὸν
1296 2328 1481 2383 αἰῶνα
1511 2328 1807 2399 διαθήκην

211 2421 419 2478 αὐτοῦ.
441 2424 648 2491 Ἀγιον
668 2421 766 2473 καὶ
796 2420 1053 2489 φοϐερὸν
1086 2419 1153 2474 τὸ
1186 2420 1372 2489 ὄνομα
1403 2421 1609 2475 αὐτοῦ’
1645 2421 1803 2491 ἀρχὴ

212 2516 435 2585 σοφίας
476 2515 658 2583 φόϐος
694 2514 944 2581 Κυρίου.
975 2513 1224 2584 Μήποτε,
1257 2512 1381 2565 ἐπεὶ
1416 2516 1444 2566 6
1472 2513 1806 2584 φοϐούμενος

212 2608 334 2662 οὕτε
352 2606 653 2673 τελείωται,
687 2607 721 2676 ἡ
761 2604 861 2675 μὲν
887 2604 1168 2677 εἰσαγωγὴ
1192 2604 1280 2657 διὰ
1312 2604 1478 2674 φόϐου
1505 2605 1805 2677 κατορθοῦ-

213 2720 321 2765 ται,
358 2701 419 2753 τὸ
455 2700 514 2753 δὲ
565 2699 717 2762 τέλος
748 2698 814 2751 δι’
839 2698 1093 2768 ἀγάπης;
1127 2697 1166 2765 ἡ
1211 2697 1321 2769 γὰρ
1366 2698 1568 2751 τελεία
1603 2697 1805 2767 ἀγάπη

212 2793 328 2857 ἔξω
350 2791 576 2857 βάλλει
603 2791 712 2845 τὸν
726 2791 932 2860 φόϐον.
968 2788 1223 2853 Τοιοῦτος
1254 2789 1298 2841 δ’
1324 2789 1391 2843 ἂν
1410 2789 1494 2860 εἴη
1531 2791 1559 2842 6
1591 2788 1650 2854 ἐξ
1679 2790 1808 2861 ὅλης

214 2884 439 2955 καρδίας
468 2883 562 2936 καὶ
593 2882 772 2953 ψυχῆς
792 2881 885 2934 καὶ
916 2880 1198 2952 δυνάμεως
1220 2879 1455 2949 ἀγαπῶν
1483 2879 1688 2951 Κύριον
1715 2880 1808 2934 τὸν

214 2976 366 3028 Θεόν.
396 2975 653 3038 Σύνεσις
676 2972 743 3025 δὲ
764 2970 956 3042 ἀγαθὴ
972 2971 1123 3025 πᾶσι
1139 2970 1261 3037 τοῖς
1285 2971 1570 3026 ποιοῦσιν
1590 2970 1805 3038 αὐτήν.

223 3065 741 3132 Ὴαῖνεσιςαὺτοῦ
767 3065 935 3135 μένει
967 3066 1053 3131 εὶς
1085 3064 1193 3117 τὸν
1217 3063 1404 3117 αἰῶνα
1425 3064 1532 3118 τοῦ
1568 3063 1804 3130 αἰῶνος.

214 3160 372 3229 Rati)
409 3159 624 3222 σύνεσις
662 3159 784 3211 τότε
818 3157 999 3229 ἀγαθὴ
1034 3157 1315 3227 τυγχάνει,
1348 3158 1437 3210 ὅτε
1461 3157 1647 3231 ἔργοις
1682 3158 1806 3210 ὲπι-

214 3250 469 3305 τελεῖται’
504 3248 585 3301 διὸ
637 3248 735 3320 τὴν
762 3247 977 3300 σύνεσιν
1030 3248 1130 3318 οὐχ
1174 3247 1360 3311 ἁπλῶς
1391 3248 1602 3320 ἀγαθὴν
1630 3245 1803 3312 εἶπεν,

215 3340 350 3395 ἀλλά
391 3342 527 3394 πᾶσι
558 3343 671 3404 τοῖς
711 3338 955 3393 ποιοῦσιν
1008 3340 1199 3411 αὐτήν.
1238 3341 1301 3398 Ἡ
1351 3342 1584 3408 αἷνεσις
1617 3344 1806 3398 αὐτοῦ

215 3432 379 3501 μένει
404 3435 491 3498 εις
535 3432 641 3485 τὸν
671 3432 859 3486 αἰῶνα
896 3431 1006 3485 τοῦ
1052 3431 1289 3500 αἰῶνος.
1330 3434 1497 3498 Τέλος
1543 3433 1654 3508 γὰρ
1696 3434 1806 3489 τῶν

1904 1872 2036 1925 tium
2058 1887 2076 1925 .'
2095 1887 2253 1940 opera
2275 1888 2528 1925 manuum
2548 1873 2662 1943 ejus
2686 1873 2879 1927 veritas
2896 1880 2944 1926 et
2957 1872 3245 1941 judicium.
3279 1870 3494 1926 Fidelia

1904 1962 2084 2017 omnia
2110 1962 2368 2017 mandata
2394 1963 2533 2032 ejus,
2570 1965 2890 2033 conﬁrmata
2913 1965 2966 2017 in
2994 1964 3249 2017 swculum
3283 1964 3490 2025 swculi,

1902 2055 2048 2124 facta
2065 2055 2118 2107 in
2135 2056 2354 2109 veritate
2364 2062 2413 2107 et
2433 2053 2697 2124 aequitate.
2715 2052 3133 2122 Redemptionem
3150 2053 3291 2106 misit
3302 2052 3495 2122 populo

1903 2162 2020 2212 suo,
2039 2136 2306 2200 mandavit
2324 2148 2379 2200 in
2399 2156 2652 2200 trternum
2674 2154 3041 2199 testamentum
3054 2144 3493 2199 suunt.Sanctunt

1902 2248 1953 2293 et
1991 2237 2223 2293 terribile
2256 2255 2445 2292 nomen
2474 2237 2591 2307 ejus
2622 2253 2640 2291 :
2666 2240 2875 2292 initium
2910 2238 3183 2307 sapientia:
3208 2238 3366 2289 timor
3393 2236 3495 2290 Do-

1905 2331 2058 2386 mini.
2091 2330 2234 2385 Num
2259 2330 2421 2396 forte,
2456 2333 2720 2402 quoniam
2752 2332 2845 2402 qui
2881 2330 3036 2385 timet
3076 2346 3185 2384 non
3215 2328 3499 2401 perfectus

1906 2430 2013 2488 est,
2076 2424 2319 2478 initiatio
2373 2440 2472 2495 per
2527 2425 2801 2489 timorem,
2848 2423 3253 2478 consummatio
3290 2438 3386 2492 per
3411 2422 3496 2476 di-

1907 2513 2197 2568 lectionem
2221 2512 2634 2568 eliicitur?Nam
2657 2514 2887 2584 perfecta
2907 2512 3138 2565 Charitas
3162 2512 3308 2581 {oras
3337 2512 3499 2565 mittit

1909 2604 2152 2658 timorem
2183 2605 2252 2657 ³⁸.
2309 2603 2462 2659 Talis
2525 2614 2709 2660 autem
2766 2604 2934 2659 fuerit
2974 2604 3228 2675 quisquis
3270 2620 3337 2658 ex
3384 2611 3502 2658 toto

1909 2694 2096 2760 corde,
2136 2702 2251 2748 tota
2282 2696 2463 2749 anima
2507 2704 2562 2751 et
2614 2694 2815 2750 virtute
2847 2694 3139 2748 Dominum
3179 2692 3347 2748 Deum
3381 2692 3501 2748 dili-

1907 2788 2005 2858 git.
2043 2786 2349 2841 Intellectus
2377 2788 2540 2841 bonus
2576 2788 2815 2842 omnibus
2851 2787 3164 2856 facientibus
3186 2803 3325 2841 eum.
3354 2784 3500 2840 Lau-

1908 2880 2055 2932 datio
2095 2880 2210 2950 ejus
2250 2890 2426 2934 manet
2458 2881 2515 2934 in
2544 2881 2796 2935 swculum
2822 2880 3026 2934 swculi.
3058 2878 3214 2934 Tunc
3237 2879 3382 2933 bona
3413 2878 3501 2934 in-

1910 2972 2211 3044 telligcntia
2241 2980 2323 3028 est
2343 3014 2357 3040 ,
2394 2973 2617 3044 quando
2649 2972 2910 3043 operibus
2950 2973 3256 3043 completur
3288 2990 3301 3026 :
3328 2987 3505 3042 quare

1913 3080 2034 3119 non
2062 3064 2199 3119 dixit
2234 3073 2446 3120 tantum
2485 3065 2895 3136 intelligentiam
2929 3065 3163 3130 bonam,
3204 3064 3300 3119 sed
3332 3064 3503 3118 etiam

1910 3159 2167 3213 omnibus
2200 3156 2533 3213 facientibus
2565 3173 2708 3214 eam.
2764 3156 3031 3211 Laudatio
3075 3157 3189 3227 ejus
3228 3163 3406 3209 manet
3445 3154 3502 3207 in

1912 3252 2169 3308 sa’culum
2198 3251 2402 3307 steculi.
2436 3250 2590 3307 Finis
2628 3251 2773 3307 enim
2806 3252 3087 3306 beatorum
3128 3257 3232 3313 est,
3261 3260 3323 3302 ut
3357 3247 3502 3318 apud

1915 3344 2085 3400 Deum
2111 3344 2243 3408 sint,
2279 3351 2333 3399 et
2360 3344 2465 3414 ipsi
2495 3344 2781 3413 assistant,
2820 3342 3033 3414 solique
3072 3342 3192 3414 ejus
3215 3339 3508 3412 theologia

1914 3444 1970 3493 et
2000 3437 2148 3492 laudi
2178 3443 2395 3492 vacent.

220 3521 505 3594 μακαρίων
536 3523 597 3577 τὸ
628 3522 765 3596 πρὸς
811 3522 903 3577 τὸν
950 3523 1083 3577 Θεὸν
1124 3518 1283 3590 εἶναι,
1336 3525 1431 3578 καλ⁸
1468 3526 1807 3597 παρεστάναι
1867 3527 2037 3601 αὐτῷ,
2081 3528 2178 3585 καὶ
2210 3530 2351 3604 μόνῃ
2385 3530 2450 3600 τῇ
2499 3524 2664 3581 αὐτοῦ
2696 3524 2943 3598 θεολογίᾳ
2986 3526 3082 3580 καὶ
3129 3523 3335 3580 αἰνέσει
3376 3539 3503 3593 σχοκ

216 3612 425 3678 λάζειν.

736 3727 1160 3780 ΑΛΛΗΛΟΥΙΔ.
1202 3729 1349 3783 PIA'.

290 3818 594 3888 Μακάριος
641 3818 797 3887 ἀνὴρ
846 3821 879 3871 ὀ
925 3820 1297 3888 φοϐούμενος
1315 3821 1425 3874 τὸν
1473 3823 1714 3891 Κύριον,
1743 3826 1814 3878 ἐν
1906 3829 1910 3833 ’

219 3912 350 3980 ταῖς
376 3910 653 3978 ἐντολαῖς
674 3910 861 3965 αὐτοῦ
892 3910 1136 3981 θελήσει
1164 3912 1422 3981 σφόδρα.
1447 3915 1716 3969 Δυνατὸν
1743 3916 1813 3969 ἐν

219 4003 298 4074 τῇ
327 4002 407 4073 γῇ
439 4002 608 4056 ἔσται
641 4000 709 4055 τὸ
740 4000 980 4070 σπέρμα
1007 3999 1215 4065 αὑτοῦ,
1249 3999 1425 4070 γενεὰ
1457 4002 1681 4058 εύθέων
1722 4004 1815 4057 εύ-

222 4095 647 4166 λογηθήσεται.
685 4092 841 4158 Δόξα
878 4094 979 4147 καὶ
1011 4094 1277 4161 πλοῦτος
1312 4096 1384 4149 ἐν
1418 4094 1498 4160 τῷ
1526 4097 1669 4164 οἴκῳ
1704 4099 1815 4151 αὐ-

222 4189 351 4255 τοῦ,
382 4188 482 4241 καὶ
526 4188 564 4255 η
591 4185 945 4253 δικαιοσύνη
971 4184 1159 4239 αὑτοῦ
1183 4185 1353 4256 μένει
1379 4188 1467 4254 εἰς
1498 4186 1606 4241 τὸν
1632 4187 1818 4242 αἰῶνα

223 4280 332 4335 τοῦ
371 4278 604 4345 αἰῶνος.
638 4278 826 4342 Οὕτως
853 4277 1009 4331 εἴωθε
1033 4277 1222 4332 καλεῖν
1256 4278 1434 4331 πάντα
1453 4277 1545 4333 τὸν
1567 4278 1629 4344 ἐξ
1648 4278 1818 4333 ἐθνῶν

224 4371 518 4443 προσιόντα
549 4368 627 4441 τῷ
659 4368 798 4440 Θεῷ.
821 4369 1158 4441 Παρίσταται
1182 4370 1239 4422 δὲ
1267 4370 1428 4424 τοῦτο
1457 4371 1565 4424 ἀπὸ
1613 4371 1707 4425 τοῦ
1736 4372 1814 4425 δι·-

224 4463 574 4533 εςταὶμένως
607 4463 745 4533 μετὰ
774 4463 865 4516 τὸν
883 4462 1097 4534 Ἰσραὴλ
1128 4464 1224 4516 καὶ
1250 4462 1389 4534 μετά
1418 4462 1509 4518 τὸν
1528 4460 1815 4519 οἷκονἈα-

228 4556 360 4629 ρὼν,
393 4555 485 4609 καὶ
521 4555 659 4626 μετὰ
687 4554 779 4608 τὸν
809 4550 954 4607 οἷκον
984 4554 1135 4618 Λευῖ,
1166 4555 1294 4619 τοὺς
1322 4554 1688 4627 φοϐουμένους
1724 4556 1817 4610 τὸν

228 4646 431 4719 Κύριον
464 4647 556 4699 ἐπὶ
585 4645 674 4699 τὸν
707 4644 874 4717 ὕμνον
902 4645 998 4700 τοῦ
1032 4644 1169 4699 Θεοῦ
1197 4646 1499 4711 καλεῖσθαι,
1523 4647 1600 4711 ὡς
1624 4649 1682 4701 ὲν
1704 4648 1820 4701 ἐτέ-

231 4756 344 4813 pot;
373 4738 609 4810 εἴρηται.
649 4740 807 4802 Τίνες
836 4738 945 4810 γὰρ
978 4739 1043 4793 ἂν
1073 4735 1183 4793 εἷεν
1225 4739 1363 4811 μετὰ
1385 4738 1607 4804 τούτους
1644 4742 1693 4794 oi
1727 4758 1822 4811 φο-

229 4830 483 4902 ϐούμενοι
505 4830 597 4884 τὸν
626 4832 830 4903 Κύριον
856 4832 970 4886 ἀλλ’
1002 4831 1037 4903 ἢ
1057 4833 1107 4885 οἱ
1133 4831 1193 4897 ἐξ
1215 4832 1384 4886 ἐθνῶν
1416 4831 1707 4902 ἀλλόφυλοι
1730 4834 1823 4887 καὶ

231 4923 574 4992 ἀλλογενεῖςς
610 4923 817 4976 Οὐκοῦν
868 4926 926 4978 ὲν
962 4923 1039 4995 τῷ
1074 4926 1211 4997 μετά
1264 4928 1453 4997 χεῖρας
1493 4924 1692 4997 ψαλμῷ
1724 4927 1825 4979 οὐκ

233 5015 391 5079 ἄλλος
422 5031 506 5078 τις
528 5014 594 5068 ἂν
618 5017 703 5086 εἴη
729 5018 757 5069 6
787 5017 1224 5089 μακαριζόμενος
1253 5018 1347 5071 τοῦ
1377 5017 1435 5084 ἐξ
1456 5016 1624 5071 ἐθνῶν
1651 5036 1821 5090 προσ-

232 5106 553 5178 εληλυθότος
585 5105 661 5178 τῷ
694 5106 811 5176 Θεῷ
842 5106 971 5161 λαοῦ
992 5126 1003 5138 ·
1033 5110 1216 5163 ὅντινα
1261 5109 1517 5180 ὀνομάζει
1561 5109 1823 5181 φοϐούμε-

234 5216 323 5253 νον
349 5199 442 5252 τὸν
464 5198 688 5270 Κύριον.
714 5200 789 5252 Οὐ
818 5198 922 5269 μὴν
951 5200 1053 5271 ἤδη
1082 5218 1184 5253 που
1215 5203 1483 5273 μακάριος
1507 5203 1535 5256 6
1558 5200 1830 5283 τοιοῦτος’

235 5292 284 5343 εξ
318 5288 395 5361 μὴ
425 5289 602 5341 καὶτὸ
627 5289 753 5360 ἑξῆς
781 5289 959 5343 αὐτῶν
987 5292 1251 5345 ἐποιεῖτοο
1279 5294 1524 5347 τουτέστι
1546 5293 1608 5346 τὸ
1632 5295 1688 5347 ἐν
1713 5296 1833 5358 ταῖς

238 5382 480 5445 ἐντολαῖς
523 5380 688 5435 αὐτοῦ
726 5382 899 5435 θέλειν
932 5384 1156 5455 σφόδρα,
1192 5385 1449 5454 ἀσφαλῶς
1476 5386 1531 5439 δὲ
1566 5386 1628 5438 τὸ
1661 5384 1833 5439 θέλειν

240 5474 521 5544 κέκτηται,
560 5472 634 5534 ὡς
675 5471 741 5524 ἂν
773 5474 846 5543 μὴ
877 5474 1183 5542 ἐπάναγκες
1210 5476 1343 5547 μηδὲ
1384 5477 1535 5547 παρὰ
1570 5476 1828 5547 προαίρει-

244 5582 328 5619 σιν
369 5563 689 5634 φυλάττοιτο
721 5582 803 5627 τις
834 5565 932 5628 τὰς
974 5567 1211 5633 ἐντολὰς,
1250 5569 1364 5622 ἀλλ’
1401 5568 1701 5640 ἐθελοντὴς,
1732 5569 1828 5621 καὶ

2436 3726 2804 3781 ALLELUIA.
2843 3723 2980 3780 CXI.

1996 3819 2138 3876 Vens
2193 3820 2310 3874 1-5.
2365 3819 2563 3873 Beatus
2618 3818 2697 3871 vir
2754 3818 2844 3887 qui
2895 3818 3044 3870 timet
3092 3815 3398 3883 Dominum,
3448 3820 3509 3874 in

1919 3909 2190 3965 mandatis
2213 3906 2326 3978 ejus
2354 3906 2489 3961 volet
2529 3906 2707 3961 nimis.
2736 3904 2932 3959 l’otens
2954 3907 3011 3958 in
3043 3914 3185 3959 terra
3211 3910 3311 3960 erit
3332 3924 3507 3963 semen

1917 4006 2055 4075 ejus,
2097 4003 2364 4073 generatio
2396 4008 2660 4053 rectorum
2690 3998 3043 4053 benedicetur.
3102 3997 3287 4053 Gloria
3325 4011 3375 4055 et
3420 4000 3507 4055 di-

1916 4095 2060 4150 vitia:
2094 4096 2149 4148 in
2171 4093 2327 4147 domo
2361 4091 2497 4161 ejus,
2522 4100 2571 4145 et
2596 4090 2813 4173 justitia
2834 4090 2950 4153 eius
2973 4102 3147 4145 manet
3169 4091 3222 4145 in
3251 4092 3507 4146 sa‘culum

1918 4191 2125 4247 swculi.
2180 4189 2261 4243 lta
2299 4190 2440 4245 solet
2489 4187 2764 4257 appellare
2797 4202 2991 4241 omnes
3020 4187 3111 4258 qui
3149 4202 3215 4241 ex
3250 4187 3511 4256 gentibus

1932 4283 1999 4338 ad
2054 4282 2224 4338 Deum
2254 4280 2543 4336 accedunt.
2568 4280 2625 4333 Id
2646 4284 2777 4334 vero
2805 4278 3115 4332 declaratur
3143 4293 3208 4331 ex
3236 4294 3323 4341 eo,
3359 4279 3508 4347 quod

1920 4374 2180 4431 distincte
2218 4380 2342 4444 post
2372 4371 2651 4433 lsraelem,
2685 4380 2808 4441 post
2857 4368 3082 4424 domum
3134 4368 3392 4436 Aaronis,
3452 4380 3508 4426 et

1920 4475 2048 4538 post
2076 4465 2299 4521 domum
2348 4462 2500 4528 Levi,
2538 4463 2795 4516 timentes
2821 4459 3110 4513 Dominum
3141 4458 3209 4512 ad
3243 4460 3508 4531 hymnum

1921 4558 2017 4612 Dei
2047 4553 2437 4627 provocentur,
2475 4560 2535 4607 ut
2581 4551 2709 4606 alibi
2754 4550 2977 4605 dicitur.
3039 4547 3167 4602 Post
3202 4548 3325 4603 illos
3362 4549 3508 4603 enim

1916 4649 2141 4721 quinam
2175 4645 2253 4699 illi
2288 4643 2578 4697 Dominum
2608 4641 2862 4694 timentes
2895 4652 3017 4693 esse
3043 4646 3287 4707 possent,
3312 4638 3420 4693 nisi
3443 4656 3508 4693 ex

1918 4734 2176 4814 gentibus
2228 4735 2503 4808 peregrini
2531 4742 2586 4789 et
2615 4730 2974 4801 alienigenae?
3003 4729 3191 4799 Itaque
3222 4729 3275 4782 in
3302 4730 3515 4799 psalmo

1921 4850 2084 4906 quem
2116 4838 2442 4892 tractamus,
2470 4842 2581 4881 non
2616 4826 2759 4879 alius
2790 4823 2953 4877 luerit
2988 4823 3224 4892 populus
3255 4823 3350 4891 qui
3378 4822 3511 4877 bea-

1921 4936 2012 4982 tus
2038 4922 2391 4996 praedicatur,
2422 4919 2489 4973 ab
2517 4933 2585 4973 eo
2615 4916 2707 4988 qui
2739 4932 2806 4971 ex
2833 4915 3091 4986 gentibus
3115 4914 3182 4969 ad
3212 4913 3385 4968 Deum
3413 4930 3508 4967 ac-

1926 5008 2093 5073 cessit
2130 5032 2145 5069 :
2176 5026 2340 5085 quem
2376 5008 2616 5081 appellat
2645 5008 2931 5061 timentem
2965 5004 3280 5059 Dominum.
3323 5002 3515 5075 Neque

1928 5118 2112 5164 tamen
2156 5105 2248 5160 ille
2281 5102 2466 5159 statim
2514 5100 2731 5164 beatus,
2785 5097 2893 5153 nisi
2932 5112 3053 5167 qua:
3098 5104 3405 5166 sequuntur
3437 5096 3511 5150 fc-

1935 5199 2112 5265 cerit;
2164 5195 2219 5251 id
2252 5203 2335 5249 est
2367 5200 2425 5246 ut
2455 5189 2711 5247 mandata
2744 5188 2865 5258 ejus
2894 5187 3052 5243 valde
3078 5187 3284 5257 cupiat,
3322 5201 3385 5239 ac
3419 5201 3511 5239 vo-

1936 5292 2204 5346 luntatem
2236 5284 2465 5339 ﬁrmiter
2514 5289 2728 5347 teneat;
2761 5294 2862 5334 nec
2894 5285 3145 5342 coactus,
3198 5287 3292 5330 aut
3319 5283 3510 5345 prarter

1936 5378 2105 5435 animi
2146 5374 2400 5431 atl‘ectum
2457 5370 2714 5425 mandata
2763 5369 3058 5433 custodiat,
3104 5365 3201 5423 sed
3254 5366 3430 5421 libens
3462 5374 3515 5420 et

1935 5487 2061 5527 cum
2104 5467 2389 5522 alacritate
2442 5462 2864 5532 complectatur,
2926 5475 2991 5514 ac
3048 5460 3264 5515 sincere
3325 5459 3515 5529 diligat

1934 5563 2320 5618 mandatorum
2351 5557 2447 5611 Dei
2483 5554 2946 5610 observationem.

246 5658 384 5732 μετὰ
412 5658 507 5711 τοῦ
544 5658 792 5728 στέργειν
827 5660 922 5713 σὺν
964 5661 1112 5735 πάσῃ
1154 5663 1432 5736 προθυμίᾳ
1462 5665 1556 5718 καὶ
1583 5662 1822 5735 γνησίως
1851 5660 2070 5729 ἀγαπᾷν
2102 5656 2199 5727 τὴν
2224 5653 2331 5707 τῶν
2356 5650 2584 5706 ἐντολῶν
2606 5648 2699 5702 τοῦ
2729 5646 2864 5702 Θεοῦ
2895 5647 3159 5719 φυλακήν.

315 5817 361 5846 ’δ
401 5812 419 5865 ι
452 5809 610 5865 Joan.
646 5827 718 5871 tv.
758 5812 842 5868 18.
