3868 6282
473 311 604 371 1547

535 429 703 486 Vsus.
735 430 856 485 4-6.
893 431 1149 486 Exortum
1179 443 1258 488 est
1297 435 1350 489 in
1379 433 1604 489 tenebris
1639 435 1810 489 lumen
1852 436 2030 500 rectis,

471 524 762 578 misericors
784 536 833 579 et
859 527 1140 581 miserator
1158 538 1206 581 et
1220 527 1422 596 justus.
1478 528 1529 583 ls
1551 529 1644 597 qui
1671 529 1860 582 beatus
1895 543 2032 598 prae-

470 615 700 681 dicatur,
735 619 1014 688 pr0prium
1058 619 1242 674 lumen
1299 637 1407 674 non
1453 620 1677 683 deserit,
1731 620 2035 675 doctrinam

469 721 619 762 suam
650 725 760 764 non
795 710 1075 775 omnibus,
1106 712 1201 765 sed
1248 713 1412 766 rectis
1445 711 1646 766 exoriri
1694 709 1921 775 faciens,
1971 727 2035 766 ac

468 811 646 857 lumen
680 804 1008 874 cognitionis
1051 804 1198 858 intus
1260 803 1315 858 in
1381 811 1654 859 rectorum
1688 805 2035 874 generatione

467 895 732 962 prmbens,
753 911 816 950 ac
847 904 1025 950 rectos
1056 897 1390 950 illuminans.
1412 897 1687 950 Iucundus
1715 898 1793 950 vir
1811 899 1902 968 qui
1934 898 2034 950 mi—

467 996 664 1040 seretur
705 997 753 1041 et
781 987 1098 1041 commodat.
1124 987 1242 1041 Non
1275 987 1515 1042 occludit
1550 988 1758 1043 viscera
1786 1002 1905 1051 sua,
1937 986 2032 1042 scd

465 1078 603 1132 bona
634 1094 732 1134 sua
769 1080 1054 1150 egentibus
1088 1079 1327 1147 impertit
1363 1098 1375 1133 :
1409 1079 1538 1150 quia
1565 1080 1669 1133 hoc
1702 1089 2031 1149 praeceptum

464 1168 652 1241 implet
679 1189 690 1225 :
719 1171 851 1238 Quis
875 1183 952 1226 est
976 1173 1149 1241 ﬁdelis
1176 1182 1224 1226 et
1240 1173 1467 1242 prudens
1503 1189 1821 1236 meonomus,
1859 1174 1949 1243 qui
1979 1173 2032 1226 in

463 1271 691 1329 tempore
722 1263 982 1316 conservis
1021 1262 1169 1316 dabit
1228 1263 1392 1316 tritici
1434 1266 1787 1318 mensuram?
1837 1263 2030 1316 Beatus

462 1352 550 1406 ille
580 1370 755 1408 servus
789 1372 937 1424 quem
964 1370 1083 1408 cum
1112 1356 1303 1408 venerit
1345 1353 1590 1409 dominus
1625 1357 1760 1419 eius,
1808 1355 2030 1408 inveniet

460 1444 538 1497 sic
565 1443 864 1513 facientem.
901 1441 1028 1500 Vere
1057 1443 1175 1500 dico
1202 1445 1365 1509 vobis,
1397 1447 1645 1516 quoniam
1673 1463 1827 1515 super
1854 1449 2032 1500 omnia

459 1534 593 1588 bona
629 1552 728 1589 sua
760 1535 1041 1590 constituet
1070 1553 1190 1591 eum
1221 1537 1288 1591 '7.
1331 1537 1583 1607 Disponet
1619 1556 1882 1593 sermones
1908 1557 2031 1595 suos

458 1627 512 1680 in
531 1626 898 1698 judicio,quia
925 1623 977 1681 in
1013 1637 1266 1684 azternum
1290 1646 1394 1684 non
1416 1629 1842 1688 commovebitur.
1861 1621 2030 1698 Talis,

458 1718 656 1789 inquit,
684 1720 866 1785 homo,
891 1730 944 1777 et
971 1721 1064 1792 qui
1101 1719 1231 1777 talia
1264 1723 1398 1795 agit,
1441 1740 1618 1796 neque
1649 1725 1829 1790 cadet,
1855 1742 2032 1796 neque

455 1812 888 1867 commovebitur
927 1828 957 1867 a
989 1829 1088 1869 sua
1120 1829 1285 1885 supra
1343 1823 1556 1885 petram
1603 1817 1860 1873 statione.
1911 1816 2031 1872 Non

453 1901 598 1954 enim
639 1901 948 1972 principum
1000 1904 1176 1959 minas
1239 1901 1637 1970 reformidabit,
1697 1922 1807 1962 non
1865 1908 2032 1978 perti-

453 2001 659 2048 mescct
687 2009 802 2058 eos,
835 1997 929 2065 qui
961 1995 1016 2049 in
1053 2004 1298 2066 tempore
1327 1998 1656 2054 calamitatis
1703 2013 1764 2055 se
1799 2008 2030 2056 contur-

453 2080 584 2138 bare
614 2099 678 2139 ac
701 2083 1038 2141 confundere
1065 2097 1353 2142 conantur.

520 2275 688 2332 Vens.
716 2277 773 2344 7,
801 2277 855 2334 8.
891 2276 958 2331 In
982 2279 1236 2333 memoria
1260 2289 1459 2334 (eterna
1479 2281 1580 2334 erit
1605 2280 1809 2350 justus,
1832 2295 1896 2333 ao
1925 2298 2026 2333 au-

449 2364 648 2420 ditione
677 2367 822 2421 mala
852 2385 952 2422 non
985 2369 1203 2424 timebit.
1241 2368 1358 2424 Non
1401 2386 1466 2424 ex
1503 2371 1686 2426 verbis
1733 2371 2025 2437 mendacii,

447 2475 569 2532 quae
596 2461 879 2515 veritatem
915 2463 1135 2532 quidem
1183 2463 1508 2533 praal'erunt,
1559 2464 1655 2518 sed
1696 2475 1886 2518 contra
1932 2463 2027 2520 Dei

448 2552 816 2623 cognitionem
872 2568 995 2608 sese
1034 2560 1316 2617 asserunt,
1366 2554 1578 2608 sinistri
1619 2554 1896 2624 quidpiam
1930 2570 2028 2625 pa-

447 2646 638 2710 tietur,
675 2653 865 2717 utpote
897 2644 1160 2700 fundatus
1203 2659 1370 2714 supra
1403 2653 1638 2716 petram,
1696 2661 1856 2716 quem
1888 2646 2026 2700 nihil

447 2753 706 2810 separare
735 2739 909 2808 possit
938 2753 970 2792 a
1003 2737 1272 2792 charitate
1303 2736 1420 2801 Dei,
1453 2753 1574 2809 quae
1605 2745 1690 2793 est
1717 2741 1774 2792 in
1805 2738 2026 2793 Christo

443 2829 596 2887 Jesu.
651 2829 918 2884 Paratum
957 2845 1048 2884 cor
1081 2829 1197 2899 ejus
1224 2846 1438 2899 sperare
1465 2831 1520 2884 in
1552 2830 1800 2895 Domino,
1831 2833 2025 2901 conﬁr-

445 2930 652 2974 matum
703 2929 782 2974 est
841 2935 934 2974 cor
987 2918 1100 2989 ejus
1143 2935 1162 2973 :
1217 2935 1322 2974 non
1393 2920 1800 2974 commovebitur
1861 2921 2024 2976 donec

444 3009 702 3080 despiciat
742 3009 985 3064 inimicos
1014 3026 1162 3065 suos.
1221 3008 1369 3076 ldeo,
1398 3011 1596 3080 inquit,
1628 3026 1737 3066 non
1778 3026 2024 3066 commo-

1111 311 1381 374 EUSEBII
1419 315 1900 374 CASSARIENSIS
1934 317 2084 375 OPP.
2129 318 2309 374 PARS
2345 317 2433 375 Ill.
2475 351 2544 361 —
2582 318 2989 377 EXEGETICA.

3536 330 3639 387 ιιιε

2219 435 2625 500 Ἐξανέτειλεν
2645 437 2716 490 ἐν
2742 438 2945 492 σκότει
2973 436 3097 506 φῶς
3131 437 3249 504 τοῖς
3267 438 3643 511 εὐθέσιν,ὲ.ιεή.

2130 542 2262 594 μων
2312 525 2410 578 καί
2451 526 2764 595 eluuntur
2788 527 2884 580 καὶ
2917 526 3165 592 δίκαιος.
3184 528 3237 580 '0
3273 530 3642 600 μακαριζόμενος

2133 617 2194 669 τὸ
2239 620 2435 671 οἰκεῖον
2482 619 2598 687 φῶς
2633 619 2691 671 οὐ
2733 618 3017 682 διαλείπει,
3044 619 3399 686 ἐξανατέλλων
3431 623 3484 674 οὐ
3527 627 3642 692 πᾶσι,

2132 710 2230 782 τὴν
2259 710 2603 766 διδασκαλίαν
2637 712 2693 764 δὲ
2724 714 2836 774 τοῖς
2879 711 3094 764 εὐθέσιν
3146 711 3331 776 αὐτοῦ,
3366 714 3453 766 καὶ
3488 715 3538 767 τὸ
3573 719 3644 787 τῆς

2133 803 2385 872 γνώσεως
2406 803 2522 873 φῶς
2549 803 2696 857 ἔνδον
2724 806 2782 858 ἐν
2800 808 2866 875 τῇ
2888 804 2996 857 τῶν
3020 803 3224 857 εὐθέων
3248 807 3404 875 γενεᾷ
3430 807 3644 878 παρέχων,

2132 897 2226 950 καὶ
2255 898 2384 960 τοὺς
2417 896 2593 960 εὐθείς
2625 895 2891 964 φωτίζων.
2924 895 3200 964 Χρηστὸς
3234 895 3387 964 ἀνὴρ
3424 901 3454 951 ό
3487 901 3649 952 οἰκτεί-

2123 1006 2249 1058 ρων
2270 989 2368 1042 καὶ
2393 989 2763 1060 κιγρῶν.1οὐκ
2789 989 3064 1043 ἀποκλείει
3093 988 3160 1042 τὰ
3191 989 3380 1042 ἑαυτοῦ
3405 989 3648 1061 σπλάγχνα,

2131 1079 2267 1133 ἀλλὰ
2297 1080 2614 1150 μεταδίδωσι
2637 1080 2744 1133 τῶν
2775 1079 3126 1151 ὑπαρχόντων
3158 1082 3271 1142 τοῖς
3302 1079 3567 1149 δεομένοις,
3589 1082 3652 1134 διὰ

2129 1171 2190 1224 τὸ
2221 1171 2508 1240 φυλάττειν
2529 1172 2746 1242 ἐντολὴν
2772 1172 2870 1243 τὴν
2901 1171 3192 1240 λὲγουσανο
3227 1171 3324 1236 Τίς
3351 1164 3461 1239 ἆρα
3487 1173 3653 1240 πιστὸς

2131 1263 2229 1315 καὶ
2255 1264 2540 1331 φρόνιμος
2565 1264 2898 1331 οἰκονόμος,
2924 1262 2994 1328 ὃς
3020 1263 3089 1316 ὲν
3109 1260 3291 1330 καιρῷ
3319 1261 3490 1315 δώσει
3518 1263 3570 1315 τὸ
3595 1281 3654 1316 σι-

2130 1352 2436 1422 τομέτριον
2471 1353 2596 1420 τοῖς
2636 1352 3036 1419 συνδούλοις;
3073 1352 3376 1421 Μακάριος
3416 1355 3448 1406 ὁ
3484 1352 3656 1419 δοῦλος

2131 1431 2379 1507 ἐκεῖνος,
2419 1429 2492 1495 δν
2528 1443 2719 1496 ἐλθὼν
2759 1443 2792 1496 ό
2841 1442 3043 1508 κύριος
3063 1441 3266 1511 ζαὺτοῦ
3295 1441 3535 1509 ξείψήσει
3566 1461 3657 1497 ποι-

2132 1534 2317 1588 οῦντα
2359 1534 2566 1600 οὔτως.
2585 1523 2837 1602 Ἀληθῶς
2883 1533 3038 1603 λέγω
3070 1526 3233 1602 ὑμῖν,
3280 1532 3368 1585 ὅτι
3414 1534 3502 1586 ἐπὶ
3544 1534 3657 1588 πᾶσι

2132 1624 2259 1692 τοῖς
2285 1623 2668 1696 ὑπάρχουσιν
2698 1625 2884 1680 αὐτοῦ
2919 1623 3291 1693 καταστήσει
3322 1625 3514 1678 αὐτόν.
3539 1628 3658 1678 Οἰκο-

2134 1716 2384 1787 νομήσει
2409 1718 2548 1784 τοὺς
2571 1718 2792 1787 λόγους
2823 1717 3008 1772 αὐτοῦ
3034 1715 3104 1770 ἐν
3126 1718 3342 1785 κρίσει,
3373 1715 3454 1768 ὅτι
3485 1718 3558 1781 εὶς
3584 1717 3660 1769 τίν

2131 1807 2315 1861 αἰῶνα
2336 1811 2409 1863 οὐ
2449 1807 2908 1876 σαλευθήσεται.
2927 1809 2984 1862 ’0
3013 1807 3274 1872 τοιοῦτος,
3308 1807 3456 1878 φησὶ,
3478 1795 3560 1861 καί
3576 1825 3659 1860 τοι-

2131 1899 2269 1953 αῦτα
2305 1900 2580 1972 πράττων,
2605 1899 2726 1954 οὔτε
2751 1903 3015 1964 πεσεῖται,
3041 1892 3166 1953 οὔτε
3197 1898 3571 1969 σαλευθήσεται
3587 1899 3661 1967 τῆς

2129 1992 2222 2044 ἐπὶ
2246 1990 2344 2064 τὴν
2378 1993 2586 2065 πέτραν
2620 1993 2883 2057 στάσεως.
2921 1992 3057 2047 Οὔτε
3093 1993 3202 2064 γὰρ
3242 1991 3488 2056 ἀπειλαῖς
3511 1993 3662 2063 ἀρχόν-

2127 2101 2234 2138 των
2263 2084 2476 2156 πτήξει,
2509 2083 2632 2137 οὔτε
2656 2085 2766 2137 τῶν
2799 2084 3047 2156 Οορυϐεἴν
3073 2073 3168 2137 καὶ
3215 2084 3498 2154 ταράττειν
3536 2084 3662 2137 αὐτὸν

2128 2173 2482 2248 πειρωμένων
2515 2181 2574 2232 ἐν
2607 2181 2820 2250 καιροῖς
2851 2180 3281 2250 περιστατικοῖς.

2064 443 2107 499 Α

2065 1781 2106 1837 Β

2195 2293 2302 2358 Εἰς
2344 2291 2740 2361 μνημόσυνον
2793 2291 3034 2346 αίώνιον
3079 2291 3252 2346 ἔσται
3314 2291 3547 2358 δίκαιος,
3571 2291 3660 2345 dab

2125 2382 2314 2451 ἀκοῆς
2335 2381 2604 2450 πονηρᾶς
2632 2384 2703 2437 οὐ
2725 2383 3145 2452 φοϐηθήσεται.
3167 2384 3292 2436 Οὐδ’
3307 2384 3373 2436 ἐκ
3398 2383 3552 2452 λόγων
3567 2385 3662 2451 ςεν-

2124 2475 2249 2537 δῶν,
2293 2465 2776 2546 ἐπαγγελλομένων
2818 2475 2916 2546 μὲν
2965 2474 3243 2547 ἀλήθειαν,
3279 2475 3582 2547 ἐπηρμένων
3618 2475 3659 2527 δὲ

2125 2566 2267 2620 κατὰ
2307 2565 2408 2635 τῆς
2437 2565 2690 2635 γνώσεως
2714 2565 2807 2619 τοῦ
2841 2557 2998 2630 Θεοῦ,
3031 2567 3280 2621 πείσεταί
3305 2585 3359 2620 τι
3388 2566 3560 2630 δεινὸν,
3589 2568 3658 2620 am

2123 2659 2188 2730 δὴ
2219 2657 2683 2730 τεθεμελιωμένος
2716 2658 2810 2712 ἐπὶ
2837 2658 2936 2729 τὴν
2964 2659 3189 2730 πέτραν,
3221 2659 3320 2713 καὶ
3353 2659 3562 2729 μηδενὸς
3585 2658 3657 2710 αὑ-

2121 2750 2214 2804 τὸν
2241 2751 2563 2822 χωρίζοντος
2595 2751 2825 2823 ἀπὸτῆς
2845 2751 3064 2821 ἀγάπης
3085 2751 3176 2804 τοῦ
3199 2751 3338 2804 Θεοῦ
3363 2752 3460 2821 τῆς
3481 2754 3530 2804 ἐν
3553 2750 3656 2821 Χρι-

2125 2841 2234 2912 στῷ
2283 2841 2475 2912 Ἰησοῦ.
2495 2841 2725 2912 Ἑτοίμη
2759 2844 2798 2911 ἡ
2832 2842 3045 2911 καρδία
3079 2844 3267 2897 αὑτοῦ
3308 2843 3551 2903 ἐλπίζειν
3584 2841 3657 2895 iul

2121 2933 2363 3004 Κύριον,
2403 2932 2748 3001 ἐστήρικται
2792 2935 2830 3001 ἡ
2883 2933 3095 3001 καρδία
3117 2933 3340 2987 αὐτοῦ’
3381 2935 3449 2987 οὐ
3477 2933 3551 3002 μὴ
3572 2948 3654 3001 9ο-

2122 3024 2298 3094 ϐηθῇ,
2331 3026 2441 3091 ἕως
2469 3021 2540 3080 οὗ
2567 3025 2742 3093 ἐπίδῃ
2783 3024 2879 3078 ἐπὶ
2922 3025 3064 3091 τοὺς
3090 3025 3346 3094 ἐχθροὺς
3375 3023 3562 3078 αὐτοῦ.
3584 3022 3656 3074 Διά

443 3101 696 3169 rebitur;
729 3099 825 3157 sed
849 3117 1027 3172 neque
1057 3100 1122 3154 ab
1163 3099 1431 3154 auditione
1461 3101 1606 3155 mata
1635 3102 1866 3167 timebit,
1891 3104 2018 3173 quia

2124 3117 2313 3182 ταῦτα,
2337 3118 2593 3188 φησὶν,οὑ
2623 3115 3033 3188 σαλευθήσεται,
3069 3117 3181 3170 ἀλλ’
3221 3117 3347 3170 οὐδὲ
3372 3116 3484 3171 ἀετό
3508 3113 3655 3180 ἀκοῆς

442 3203 692 3247 paratum
717 3209 808 3247 cor
830 3192 944 3261 ejus
966 3201 1049 3247 est
1079 3205 1288 3259 sperare
1325 3192 1380 3245 in
1407 3189 1654 3246 Domino.
1682 3191 1836 3258 Quod
1864 3193 2022 3265 Sym-

443 3285 676 3340 machus
706 3286 887 3346 verlit,
944 3284 1161 3354 ﬁrmum
1191 3301 1281 3338 cor
1300 3284 1413 3354 ejus
1445 3285 1555 3338 sine
1581 3285 1939 3340 sollicitudine
1968 3288 2022 3340 in

443 3375 693 3430 Domino.
727 3373 851 3429 Ideo
885 3371 1199 3444 huiusmodi
1253 3377 1520 3430 tumultus
1545 3374 1814 3445 despicit:
1848 3389 2024 3446 neque

443 3467 607 3522 modo
669 3467 921 3521 inimicos
984 3482 1094 3521 non
1159 3467 1539 3537 pertimescit;
1618 3482 1804 3521 verum
1855 3467 2022 3521 etiam

441 3572 632 3614 eorum
661 3558 893 3621 cladem,
922 3558 993 3613 ob
1026 3572 1176 3628 spem
1208 3557 1264 3612 in
1295 3556 1405 3613 Deo
1435 3557 1696 3623 locatam,
1715 3564 2018 3629 exspectat.

513 3757 678 3813 Vens.
713 3757 768 3821 9,
800 3757 882 3814 10.
913 3757 1197 3826 Dispersit,
1246 3757 1388 3811 dedit
1436 3756 1778 3827 pauperibus,
1801 3757 2022 3827 justitia

441 3850 556 3916 eius
590 3857 765 3902 manet
795 3849 848 3902 in
878 3850 1130 3903 saxulum
1149 3849 1531 3926 swculi,cornu
1556 3849 1669 3917 eius
1697 3850 2022 3904 exaltabitur

441 3942 498 3994 in
527 3939 718 4010 gloria.
754 3939 1010 3994 Peccator
1031 3937 1222 3994 videbit
1253 3950 1302 3995 et
1331 3937 1612 4006 irascetur,
1637 3940 1880 3996 dentibus
1909 3942 2020 3998 suis

445 4033 630 4102 fremet
676 4042 726 4086 et
769 4031 994 4086 tabescet
1036 4049 1054 4087 :
1099 4032 1421 4087 desiderium
1472 4036 1760 4102 peccatoris
1808 4034 2018 4104 peribit.

441 4119 711 4186 Quoniam
731 4126 876 4174 totus
905 4119 994 4173 hic
1023 4136 1204 4175 sermo
1224 4120 1290 4176 de
1319 4123 1385 4177 iis
1403 4124 1495 4193 qui
1526 4122 1629 4178 lide
1654 4123 1850 4178 initiati
1869 4133 2018 4190 sunt,

440 4217 496 4265 et
525 4209 592 4264 de
620 4211 820 4280 populo
873 4225 938 4265 ex
971 4212 1248 4281 gentibus,
1282 4215 1374 4284 qui
1411 4230 1508 4284 per
1537 4215 1779 4270 divinam
1815 4217 2022 4272 doctri-

440 4317 566 4357 nam
596 4301 688 4358 Dei
729 4303 934 4358 cultum
965 4307 1230 4376 suscepit,
1272 4309 1662 4376 pronuntiatus
1689 4315 1794 4374 est,
1826 4325 2020 4365 conse-

439 4404 670 4463 quenter
702 4395 866 4450 etiam
899 4406 1164 4452 memorat
1197 4413 1293 4454 eos
1321 4414 1388 4453 ex
1420 4400 1858 4464 circumcisione,
1923 4400 2018 4471 qui

439 4485 744 4556 profectum
789 4488 1030 4558 gentium
1082 4489 1300 4561 indigne
1359 4489 1756 4558 ferunt.Quare
1807 4492 2014 4546 dictum

438 4583 544 4643 est,
569 4575 826 4632 Peccator
848 4579 1039 4633 videbit
1068 4591 1118 4633 et
1151 4582 1431 4646 irascettr,
1478 4583 1720 4637 dentibus
1755 4584 1866 4638 suis
1904 4585 2013 4654 fre-

437 4676 543 4721 met
579 4679 628 4722 et
677 4668 939 4733 tabescet;
977 4671 1105 4741 quia
1144 4673 1369 4744 iniquus
1397 4675 1616 4745 quidem
1652 4676 1825 4746 legem
1857 4692 2015 4731 acce-

437 4762 538 4830 pit,
589 4761 686 4815 sed
714 4777 834 4816 eam
875 4767 1256 4835 transgressus
1303 4773 1405 4821 est.
1469 4765 1794 4837 Hujusmodi
1832 4778 2012 4826 autem

437 4860 519 4906 est
542 4852 796 4922 quisquis
827 4871 893 4910 ex
925 4857 1348 4913 circumcisione
1393 4857 1464 4912 ob
1503 4859 1732 4915 salutem
1768 4869 2013 4916 nostram

437 4942 694 4999 dentibus
733 4946 848 5001 suis
880 4946 1078 5002 fremit.
1116 4947 1229 5004 lmo
1258 4949 1422 5004 etiam
1454 4951 1688 5021 idipsum
1731 4969 1836 5008 usu
1865 4954 2012 5007 venit

437 5036 732 5105 gentilibus
763 5038 856 5108 qui
903 5039 1150 5096 inﬁdeles
1194 5049 1343 5106 sunt,
1401 5058 1465 5098 ac
1499 5043 1564 5098 de
1599 5042 1844 5115 profectu
1880 5061 2011 5100 suo-

437 5143 581 5193 rum,
619 5129 713 5197 qui
740 5130 806 5184 ad
836 5130 1076 5185 divinam
1113 5133 1238 5187 vitae
1274 5134 1540 5190 rationem
1571 5137 1821 5191 translati
1861 5146 2010 5201 sunt,

437 5219 756 5276 infremunt.
786 5221 1054 5278 Caeterum
1089 5226 1307 5296 utrique
1344 5227 1586 5290 ordines,
1627 5229 1696 5282 de
1732 5229 1800 5283 iis
1828 5229 1922 5298 qui
1957 5229 2011 5282 in

437 5312 657 5368 Christo
699 5314 929 5383 perfecti
970 5325 1097 5371 sunt
1137 5316 1402 5385 furentes,
1434 5319 1737 5386 tabescent,
1771 5335 1833 5374 ac
1867 5321 2013 5377 desi-

437 5403 648 5460 derium
683 5420 874 5462 eorum
907 5409 1123 5478 peribit.

503 5721 545 5750 ’7
587 5718 718 5773 Luc.
760 5737 868 5788 ιιι,
902 5727 1090 5781 4244.

2123 3207 2389 3278 πονηρᾶς
2410 3208 2792 3280 φοϐηθήσεται,
2824 3208 3010 3278 ἐπειδὴ
3036 3209 3242 3278 ἑτοίμη
3272 3210 3311 3275 ἡ
3349 3208 3547 3277 καρδία
3577 3207 3654 3257 αὐ-

2123 3300 2230 3362 τοῦ
2257 3299 2516 3360 ἐλπίζειν
2533 3300 2631 3352 ἐπὶ
2653 3304 2890 3366 Κυριον.
2911 3301 3050 3354 Ἀνο’
3071 3295 3179 3361 οὒὸ
3205 3300 3496 3371 Σύμμαχος
3513 3297 3654 3360 ἐποίη-

2125 3408 2214 3444 σεν
2230 3408 2243 3421 ·
2278 3391 2518 3459 Ἐδραία
2540 3393 2578 3460 ἡ
2599 3391 2811 3458 καρδιά
2837 3391 3023 3446 αὐτοῦ
3051 3390 3373 3461 ὰμέριμνος
3399 3393 3466 3444 ἐν
3487 3390 3652 3458 Κιφίῳ.

2122 3483 2222 3536 Διὰ
2247 3483 2405 3537 τοῦτο
2435 3483 2543 3537 τῶν
2567 3483 2821 3537 τοιούτων
2860 3481 3104 3554 θορύὸων
3133 3486 3487 3554 καταφρονεῖ·
3515 3483 3590 3536 καὶ
3611 3481 3654 3534 οὐ

2126 3574 2286 3647 μόνον
2311 3576 2372 3629 οὐ
2408 3574 2550 3628 δέδιε
2581 3575 2706 3637 τοὺς
2729 3573 3031 3644 δυσμενεῖς,
3068 3573 3204 3628 ἀλλὰ
3239 3577 3335 3628 καὶ
3362 3575 3456 3646 τὴν
3477 3572 3652 3626 ἐκείνων

2128 3663 2298 3740 ἧτταν
2329 3667 2420 3720 διὰ
2449 3666 2547 3737 τὴν
2577 3666 2656 3730 είς
2673 3665 2804 3719 Θεὸν
2831 3665 3022 3719 ἐλπίδα
3056 3667 3385 3737 παραμένει.

2206 3781 2617 3848 Ἐσκόρπισεν,
2645 3777 2829 3832 ἔδωκε
2861 3778 2984 3844 τοῖς
3004 3776 3268 3845 πένησιν
3287 3796 3302 3810 ·
3334 3779 3372 3846 ἡ
3411 3776 3652 3831 δικαιοσύ-

2121 3887 2198 3937 νη
2231 3869 2417 3922 αὐτοῦ
2453 3868 2620 3937 μένει
2658 3871 2744 3934 είς
2776 3868 2884 3921 τὸν
2914 3868 3098 3922 αἰῶνα
3121 3869 3228 3922 τοῦ
3251 3867 3480 3934 αἰῶνος,
3505 3866 3560 3920 τὸ
3587 3865 3652 3916 κέ»

2113 3976 2229 4027 ρας
2257 3959 2442 4012 αὑτοῦ
2478 3958 2860 4027 ὑψωθήσεται
2903 3960 2972 4013 ἐν
2999 3959 3168 4027 δόξῃ.
3184 3961 3534 4028 Ἀμαρτωλός
3553 3958 3649 4025 ὄψε-

2119 4068 2214 4104 ται
2248 4051 2345 4104 καὶ
2379 4049 2819 4119 ὀργισθήσεται,
2854 4051 2995 4118 τοὺς
3044 4053 3295 4121 ὀδόντας
3341 4052 3514 4108 αὐτοῦ
3534 4051 3646 4117 ,βρύ-

2121 4145 2211 4210 ξει
2253 4144 2352 4200 καὶ
2381 4143 2724 4210 τακήσεται,
2762 4142 3042 4212 ἐπιθυμία
3073 4143 3418 4213 ἀμαρτωλοῦ
3459 4138 3646 4197 ἀπολεῖ-

2119 4252 2233 4288 ται.
2265 4233 2481 4305 Ἐπειδὴ
2531 4233 2660 4305 περὶ
2700 4232 2808 4286 τῶν
2846 4233 2934 4286 διὰ
2985 4233 3220 4298 πίστεως
3261 4229 3646 4302 τελειουμὲνωνὸ

2121 4327 2228 4386 πᾶς
2259 4323 2436 4392 λόγος,
2463 4323 2554 4376 καὶ
2588 4323 2716 4393 περὶ
2739 4320 2832 4374 τοῦ
2859 4321 2915 4388 ἐξ
2940 4321 3108 4374 ἐθνῶν
3141 4321 3274 4375 λαοῦ
3305 4320 3398 4374 τοῦ
3429 4317 3551 4372 κατὰ
3575 4315 3643 4383 τὴν

2121 4414 2272 4468 Θείαν
2309 4413 2657 4467 διδασκαλίαν
2705 4412 3104 4478 θεοσεϐοὖντος,
3135 4415 3371 4485 εἴρηται,
3397 4411 3643 4470 ἀκολούθως

2050 4480 2092 4535 D
2124 4505 2450 4576 μνημονεύει
2479 4505 2574 4558 καὶ
2602 4503 2710 4556 τῶν
2750 4505 2814 4556 ἐκ
2859 4504 3158 4574 περιτομῆς
3184 4503 3558 4576 διαπριομένων
3580 4500 3642 4552 ἐπὶ

2115 4599 2181 4668 τῇ
2218 4599 2467 4668 προκοπῇ
2516 4595 2624 4650 τῶν
2653 4596 2712 4662 ἐξ
2742 4595 2930 4650 ἐθνῶν.
2965 4596 3054 4648 Διὸ
3096 4596 3375 4650 λέλεκταιο
3418 4596 3640 4665 Ἀμιιρτω⁵

2115 4691 2226 4756 λὸς
2258 4690 2465 4758 ὄψεται
2512 4688 2613 4742 καὶ
2659 4686 3100 4757 ὀργισθήσεται,
3141 4688 3283 4754 τοὺς
3322 4688 3550 4750 ὀδόντας
3573 4685 3639 4736 uiL

2116 4783 2222 4836 τοῦ
2254 4781 2469 4850 βρύξει
2501 4781 2595 4834 καί
2627 4779 2970 4846 τακήσεται,
3007 4779 3082 4842 ὼς
3109 4778 3203 4832 τοῦ
3231 4780 3530 4852 παρανόμου
3568 4777 3636 4855 μὲν

2116 4873 2396 4945 είληφότος
2427 4873 2613 4942 νόμον,
2644 4869 3090 4942 παραϐεϐηκότος
3133 4870 3189 4923 δὲ
3233 4871 3414 4924 αὐτόν.
3442 4867 3634 4926 Τοιοῦτος

2115 4959 2174 5016 δέ
2207 4964 2314 5026 πᾶς
2344 4965 2372 5015 ὁ
2414 4964 2479 5015 ἐκ
2522 4960 2844 5033 περιτομῆς,
2872 4961 2932 5024 ὃς
2958 4961 3051 5013 ἐπὶ
3074 4963 3139 5032 τῇ
3173 4960 3413 5031 ἡμετέρᾳ
3445 4956 3632 5026 σωτηρίᾳ

2116 5055 2242 5118 τοὺς
2287 5053 2501 5117 ὀδόντας
2544 5054 2707 5106 αὑτοῦ
2754 5052 3138 5124 βρύχει.Ἀλλὰ
3171 5053 3265 5106 καὶ
3292 5055 3342 5106 oi
3370 5052 3470 5105 τῶν
3509 5045 3630 5101 ἐθνῶκ

2121 5145 2334 5199 ἄπιστοι
2356 5146 2552 5198 ταύτὸν
2575 5146 2872 5216 πάσχουσιν
2903 5145 2997 5197 ἐπὶ
3016 5147 3080 5216 τῇ
3105 5148 3352 5216 προκοπῇ
3384 5142 3480 5197 τῶν
3501 5141 3546 5206 ἐξ
3563 5138 3626 5190 αὖ·

2120 5235 2229 5289 τῶν
2279 5235 2726 5307 μεταϐεϐηκότων
2773 5237 2865 5289 ἐπὶ
2917 5237 3017 5306 τὴν
3063 5235 3203 5290 κατὰ
3231 5236 3358 5289 Θεὸν
3395 5230 3630 5288 πολιτείαν.

2119 5327 2266 5398 Πλὴν
2297 5329 2582 5399 ἀμφότερα
2626 5327 2694 5381 τὰ
2739 5328 2994 5400 τάγματα
3025 5329 3377 5401 διαπριόμενα
3403 5324 3523 5380 κατὰ
3549 5320 3620 5374 ubi

2119 5413 2177 5466 ἐν
2204 5414 2422 5485 Χριστῷ
2444 5413 2560 5467 τελε
2570 5433 2645 5467 ιου
2651 5416 2829 5485 μένων
2865 5419 3248 5490 ἐκτακήσεται,
3269 5419 3366 5488 τῆς
3377 5410 3620 5483 ,ἐπιθυμίας

2119 5503 2297 5558 αὐτῶν
2326 5504 2526 5559 ἀπολλυ
2535 5506 2722 5579 μένης.
