3868 6282
200 329 335 383 1549
904 378 905 381 η
1355 340 1727 396 ΟΟΜΜΕΝΤΑ

1927 340 1970 395 Ν
2009 342 2348 402 PSALMOS.
3300 358 3454 418 1550

226 443 626 498 ΑΛΛΙΙΔΟΥΙΑ
664 446 956 502 ΛΓΓΑΙΟΥ
995 451 1113 504 ΚΑΙ
1153 454 1519 509 ΖΑΧΔΡΙΟΥ.
1562 456 1707 509 ΡΙΒ’.

1811 462 1855 517 Α
1988 458 2328 514 ALLELUIA
2359 459 2594 516 AGGIEI
2625 464 2712 519 ET
2741 465 3139 525 ZACHARIAS.
3175 471 3336 527 CX".

260 555 510 620 Αἰνεῖτε,
541 557 769 625 παῖδες,
800 559 909 613 τὸν
938 563 1178 631 Κύριον,
1219 566 1436 619 alr-sits
1478 567 1545 621 τὸ
1592 568 1778 636 ὄνομα

1954 569 2119 625 Vens.
2160 571 2212 634 l,
2250 571 2304 623 2.
2354 570 2613 638 Laudate,
2661 579 2835 644 pueri,
2886 578 3194 645 Dominum,
3244 583 3457 641 laudate

192 647 435 714 Κυρίου.
476 646 581 716 Εἵη
610 649 673 702 τὸ
705 650 891 720 ὄνομα
940 654 1157 721 Κυρίου
1196 657 1610 727 εὐλογημένον
1658 660 1719 713 ἀι

1931 678 2063 716 )men
2108 662 2346 718 Domini.
2381 663 2464 719 Sit
2509 682 2695 720 nomen
2742 668 2955 725 Domini
3003 673 3354 738 benedictum.
3394 693 3458 731 ex

192 739 298 793 τοῦ
352 739 471 793 νῦν
533 742 630 795 καὶ
688 743 798 810 ἓως
856 748 962 801 τοῦ
1017 748 1251 814 αἰῶνος.
1302 750 1489 804 Πάντα
1542 750 1634 805 τὸν
1688 752 1717 805 δ

1928 772 1975 808 2c
2009 772 2145 808 nunc
2170 765 2221 809 et
2271 772 2428 826 usque
2456 757 2511 810 in
2544 760 2820 815 swculum.
2855 764 2992 818 Cum
3029 766 3081 820 in
3129 769 3455 836 praecedenti

191 831 250 883 τὸ
302 832 583 902 φοϐεῖσθαι
629 834 832 906 Κύριον
886 840 1152 910 μακάριον
1201 843 1566 913 γεγενημένον
1611 844 1718 917 ave,

1926 847 2091 900 salmo
2143 848 2290 901 viros
2328 862 2540 913 omnes,
2572 851 2664 920 qui
2706 854 2849 921 quod
2898 856 3123 911 timeant
3166 859 3453 914 Dominum

189 923 690 997 ύποτυπωσάμενος
735 931 763 981 ὁ
816 930 974 999 λόγος
1010 935 1067 985 ὲν
1095 933 1173 1004 τῷ
1207 935 1314 1004 πρὸ
1337 936 1527 989 τούτου
1554 937 1716 1010 ψαλμι

1928 939 2020 991 3ati
2052 937 2227 992 eﬂ‘ecti
2260 950 2411 1003 sunt,
2441 947 2934 1009 repraesentaverit,
2967 963 3029 1002 ac
3070 967 3259 1005 eorum
3290 954 3455 1007 vitam

188 1015 280 1068 τόν
322 1034 381 1070 τε
429 1018 542 1087 βίον
578 1018 687 1073 τῶν
716 1022 969 1077 τοιούτων
1002 1025 1097 1079 καὶ
1137 1025 1237 1097 τὴν
1270 1028 1411 1081 κατὰ
1454 1028 1585 1081 Θεὸν
1627 1032 1715 1084 πο)

1930 1068 1931 1074 η
1964 1027 2275 1082 institutum
2322 1034 2622 1085 secundum
2670 1030 2862 1099 Deum,
2897 1036 3056 1089 ﬁnem
3086 1056 3303 1110 quoque
3348 1058 3457 1112 quo

188 1108 362 1174 τείαν,
390 1110 484 1162 καὶ
507 1110 569 1163 τὸ
598 1113 691 1165 ἐπὶ
713 1114 921 1179 τούτοις
952 1117 1103 1187 παρὰ
1135 1118 1253 1189 Θεῷ
1270 1119 1421 1183 τέλος
1452 1121 1715 1194 ὑπογράψι

1929 1122 2118 1175 mandi
2148 1121 2289 1191 apud
2318 1121 2485 1177 Deum
2522 1132 2669 1189 sunt,
2699 1126 3091 1198 descripserit;
3122 1132 3173 1185 in
3200 1135 3456 1202 prarsenti

187 1200 248 1253 ὲν
277 1200 356 1271 τῷ
392 1205 756 1276 προκειμένῳ,
780 1207 926 1271 τίνες
955 1209 1085 1262 ποτέ
1130 1210 1267 1262 εἰσιν
1290 1204 1455 1276 οὗτοι,
1491 1214 1586 1268 καὶ
1614 1215 1714 1269 τίνι

1930 1217 2099 1269 tinam
2129 1216 2203 1269 illi
2230 1226 2283 1271 et
2313 1217 2641 1287 quibusnam
2668 1219 2875 1275 similes
2902 1222 3013 1276 sint
3038 1200 3299 1288 declarat,
3334 1244 3457 1296 pue-

187 1294 514 1363 τυγχάνουσι
541 1299 909 1370 παραπλήσιοι
938 1302 1198 1370 διδάσκει,
1226 1305 1419 1369 παῖδας
1450 1307 1649 1371 αὐτοὺς
1676 1326 1714 1361 κ

1929 1324 1968 1361 ιε
2012 1308 2313 1377 appellans,
2347 1310 2475 1379 quia
2516 1311 2695 1379 quoad
2743 1312 2938 1367 animze
2975 1322 3189 1370 artatem
3226 1318 3456 1385 juvenes

188 1384 295 1439 λῶν
324 1386 412 1439 διὰ
435 1388 495 1440 τὸ
523 1389 711 1462 νεαρὸν
744 1392 835 1443 καὶ
858 1393 1139 1464 ἀρτιγενὲς
1164 1396 1263 1465 τῆς
1292 1396 1432 1450 κατὰ
1455 1398 1632 1470 ψυχὴν
1658 1400 1715 1468 ἡ)

1962 1417 2154 1457 recens
2203 1403 2316 1455 nati
2358 1411 2528 1457 sunt:
2575 1402 2676 1458 bos
2709 1417 2927 1472 quoque
2983 1406 3051 1459 ad
3096 1408 3313 1463 laudem
3362 1409 3455 1464 Dei

190 1474 333 1540 χίας,
364 1478 456 1531 καὶ
490 1479 709 1543 τούτους
734 1482 829 1535 ἐπὶ
854 1482 943 1536 τὸν
975 1480 1120 1538 αἶνον
1153 1488 1310 1539 καλεῖ
1332 1488 1423 1541 τοῦ
1451 1490 1607 1543 Θεοῦ.
1628 1492 1717 1545 Ἀν

1925 1503 2158 1549 rovocat.
2207 1491 2317 1547 Pro
2359 1494 2474 1560 illo,
2525 1495 2704 1563 pueri,
2750 1495 2944 1565 Aquila
2977 1504 3031 1551 et
3070 1496 3452 1569 Symmachus,

189 1568 303 1631 τοῦ,
351 1570 581 1639 παῖδες,
628 1575 657 1627 6
702 1574 929 1640 Ἀκύλας
974 1578 1067 1631 καὶ
1110 1580 1139 1631 6
1168 1579 1461 1652 Σύμμαχος
1513 1583 1716 1639 δούλοί

1925 1588 2031 1650 τυὶ,
2054 1586 2397 1655 interpretati
2430 1597 2558 1641 sunt
2587 1588 2835 1643 dicentes
2871 1604 2884 1639 :
2923 1568 3147 1659 Hymnis
3175 1592 3452 1654 celebrate,

189 1661 479 1732 ὠνόμασαν
534 1667 835 1736 φήσαντεςο
906 1669 1181 1739 Ὑμνεῒτε,
1244 1674 1471 1739 δοῦλοι,
1529 1678 1716 1745 Κύριοῑ

1924 1681 2033 1738 rrvi.
2072 1678 2377 1742 Dominum,
2430 1679 2639 1748 hymnis
2690 1678 2948 1732 celebrate
2995 1696 3181 1734 nomen
3216 1681 3451 1737 Domini.

189 1753 426 1821 ὑμνεῖτε
453 1756 520 1808 τὸ
543 1757 729 1826 ὄνομα
772 1761 1009 1827 Κύριον.
1036 1763 1247 1817 Δούλων
1271 1765 1381 1838 γὰρ
1409 1768 1561 1821 οὐδὲν
1596 1770 1716 1824 διεν·

1927 1771 2035 1826 ueri
2063 1786 2302 1841 namque
2328 1770 2465 1828 nihil
2498 1786 2526 1824 a
2562 1769 2738 1824 servis
2765 1769 3043 1835 dill'erunt,
3077 1780 3263 1841 utpote
3292 1774 3454 1827 timo-

190 1859 405 1914 νοχασιν
437 1848 487 1899 οἱ
523 1850 731 1914 παῖδες,
768 1852 917 1923 φόϐῳ
960 1854 1204 1921 δουλείας
1239 1859 1717 1934 παιδαγωγούμενε

1927 1886 1931 1916 ι
1963 1864 2244 1919 servitutis
2266 1862 2522 1918 instituti.
2560 1860 2643 1917 Sit
2671 1878 2860 1915 nomen
2888 1860 3105 1915 Domini
3127 1862 3454 1917 benedictum

193 1932 300 2023 Εῖη
327 1937 400 2023 τὸ
436 1937 623 2007 ὄνομα
649 1942 870 2009 Κυρίου
898 1946 1321 2016 εὐλογημένονί
1344 1951 1463 2004 ἀπὸ
1491 1932 1607 2005 τοῦ.
1654 1954 1720 2007 ri

1929 1970 1935 2002 :
1963 1954 2060 2009 hoc
2090 1970 2226 2007 nunc
2245 1961 2297 2007 et
2321 1968 2482 2021 usque
2506 1952 2562 2004 in
2592 1952 2869 2005 swculum.
2902 1949 3068 2015 Quasi
3090 1951 3279 2021 pueris
3301 1952 3456 2023 igno-

189 2020 288 2073 καὶ
317 2020 428 2089 ἕως
460 2025 565 2079 τοῦ
593 2026 828 2094 αἰῶνος.
861 2031 947 2095 Ὡς
976 2033 1230 2102 ἀγνοοῦσι
1252 2041 1364 2103 τοῖς
1401 2042 1589 2095 παισὶν
1622 2044 1716 2097 ὄπιι

1925 2048 2144 2112 intibus,
2200 2044 2482 2117 quomodo
2536 2043 2827 2098 Dominum
2887 2043 3111 2099 laudare
3164 2052 3452 2115 Oporteat,

189 2111 292 2183 χρὴ
334 2112 424 2167 τὸν
452 2114 655 2187 Κύριον
686 2118 875 2189 ὑμνεῖν
902 2122 961 2175 τὸ
993 2128 1329 2197 προφητικὸν
1358 2130 1582 2202 Πνεῦμα
1614 2134 1716 2187 δίκη

1928 2111 2234 2204 ὀριιεῑὶουέ
2272 2132 2515 2205 Spiritus
2552 2133 2728 2189 instar
2758 2132 3036 2203 paedagogi
3066 2147 3130 2188 ac
3159 2111 3455 2204 praecepto-

188 2202 536 2273 παιδαγωγοῦ
571 2208 664 2261 καὶ
693 2208 1011 2267 διδασκάλου
1042 2216 1139 2281 τὰς
1173 2218 1355 2286 φωνὰς
1396 2222 1564 2287 αὑτὰς
1592 2243 1715 2298 παρέ

1927 2243 1950 2281 s
1976 2202 2167 2282 _voces
2212 2202 2399 2279 tradit.
2429 2224 2555 2280 llzee
2605 2241 2771 2295 porro
2809 2226 2989 2279 oratio
3028 2234 3113 2281 est
3154 2241 3252 2295 pro
3295 2225 3454 2280 nobis

186 2290 419 2348 δίδωσιν.
454 2296 600 2369 Εύχὴ
641 2298 698 2351 δὲ
730 2300 870 2372 αῦτη
907 2303 1055 2357 ἐστὶν
1083 2305 1222 2378 ὑπὲρ
1257 2308 1414 2378 ἡμῶν
1441 2311 1620 2365 αὐτῶν
1662 2290 1713 2366 τί

1927 2316 2057 2371 teris
2084 2316 2309 2380 emissa,
2342 2324 2401 2369 ut
2424 2332 2621 2370 nomen
2647 2314 2863 2370 Domini
2886 2324 3149 2386 perpetuo
3167 2316 3452 2371 nobiscum

187 2385 392 2442 παίδων
432 2388 885 2465 ἀναπεμπομένη,
912 2395 988 2459 ὡς
1034 2395 1099 2449 ἂν
1135 2398 1386 2471 διαμείνῃ
1427 2402 1559 2472 ἡμῖν
1588 2403 1648 2457 τὸ
1676 2423 1714 2458 τι

1930 2416 2112 2472 aneat,
2157 2424 2261 2464 nos
2303 2408 2533 2465 minime
2578 2406 2821 2479 fugiens,
2856 2408 2953 2464 sed
3000 2409 3058 2463 in
3106 2410 3219 2464 vita
3265 2418 3453 2465 nostra

185 2479 390 2550 Κυρίου
422 2479 593 2552 ὄνομα
622 2485 701 2547 εἰς
727 2484 788 2537 τὸ
818 2486 1084 2558 διηνεκὲς,
1119 2488 1193 2561 μὴ
1221 2489 1421 2561 φεῦγον
1456 2495 1624 2565 ἡμᾶς,
1654 2495 1712 2548 ἁλ

765 2484 788 2537 ὸ
818 2486 1084 2558 διηνεκὲς,
1119 2488 1193 2561 μὴ
1221 2489 1421 2561 φεῦγον
1456 2495 1624 2565 ἡμᾶς,
1654 2495 1769 2549 ἁλλ’
1871 2501 2292 2572 conquiescens.

185 2569 601 2643 ἀναπαυόμενον
632 2574 710 2645 τῷ
742 2578 995 2651 ἡμετέρῳ
1029 2578 1149 2651 βίῳ.

270 2664 403 2717 Ἀπὸ
432 2666 746 2721 ἀνατολῶν
770 2671 949 2738 ἡλίου
976 2672 1148 2743 μέχρι
1175 2674 1423 2745 δυσμῶν
1446 2680 1683 2734 alit-etot"
1701 2683 1769 2736 τὸ

1947 2671 2112 2729 Vens.
2143 2674 2199 2738 5,
2227 2673 2281 2729 4.
2314 2672 2358 2726 Λ
2395 2673 2525 2727 solis
2557 2682 2678 2727 ortu
2702 2690 2866 2744 usque
2893 2673 2961 2727 ad
2983 2691 3227 2729 occasum
3263 2675 3454 2730 lauda-

184 2750 373 2824 ὄνομα
396 2759 641 2826 Κυρίου.
660 2760 917 2829 Ὑψηλὸς
953 2764 1050 2816 ἐπὶ
1080 2764 1276 2819 πάντα
1307 2767 1381 2821 τὰ
1410 2770 1553 2838 ἔθνη
1584 2776 1617 2825 ό
1648 2776 1711 2827 Κῖ

1928 2765 1974 2819 le
1996 2781 2183 2819 nomen
2209 2765 2444 2819 Domini.
2469 2764 2728 2820 Excelsus
2760 2782 2917 2832 super
2936 2783 3113 2841 omnes
3145 2776 3322 2837 gentes
3354 2767 3454 2822 Do-

177 2861 330 2912 ριος,
369 2848 468 2901 ἐπὶ
503 2850 646 2917 τοὺς
677 2853 973 2921 οὐρανοὺς
1004 2857 1042 2925 ἡ
1081 2856 1231 2922 δόξα
1260 2860 1467 2915 αὐτοῦ.
1502 2862 1613 2915 Καὶ
1639 2864 1704 2918 πό

1927 2859 2071 2924 inus,
2105 2874 2263 2928 super
2297 2857 2453 2912 caelos
2499 2858 2672 2929 gloria
2715 2858 2850 2927 ejus.
2885 2858 2952 2914 Et
2984 2861 3334 2930 quandonam
3366 2862 3454 2917 hic

181 2936 373 3002 τέλους
406 2938 595 3011 ἔτυχεν
642 2942 671 2995 6
721 2943 878 3013 λόγος
923 2946 1039 3000 ἀλλ’
1070 2947 1104 3018 ἢ
1153 2950 1291 3020 μετὰ
1320 2951 1416 3023 τὴν
1447 2956 1708 3023 ἐπιφάνειι

1926 2965 2055 3005 :rmo
2102 2949 2264 3004 ﬁnem
2306 2951 2539 3020 accepit,
2574 2950 2681 3005 nisi
2713 2958 2836 3020 post
2864 2950 3158 3005 adventum
3192 2950 3453 3007 Servato-

180 3026 277 3086 τοῦ
326 3036 579 3109 Σωτῆρος
627 3040 782 3111 ἡμῶν
823 3044 995 3114 Ἰησοῦ
1025 3045 1293 3115 Χριστοῦ;
1329 3047 1442 3117 Πρὸ
1476 3047 1606 3117 γοῦν
1638 3065 1707 3103 τα

1925 3057 1950 3096 s
1978 3038 2150 3096 nostri
2181 3038 2311 3095 Jesu
2342 3039 2583 3095 Christi?
2607 3040 2739 3093 Nam
2790 3048 2920 3095 ante
2951 3042 3105 3095 illum
3140 3042 3195 3096 in
3225 3043 3339 3097 sola
3359 3041 3452 3096 Ju-

179 3142 283 3197 της
307 3127 365 3179 ὲν
389 3131 459 3200 τῇ
500 3130 731 3204 Ἰουδαίᾳ
757 3134 892 3207 μόνῃ
923 3134 1141 3204 ἐλέγετο
1179 3138 1419 3206 γνωστὸς
1445 3135 1583 3194 εἷναι
1611 3139 1706 3193 Θεὸ

1927 3146 1987 3185 ea
2024 3129 2170 3186 Deus
2212 3139 2378 3186 notus
2409 3146 2533 3185 esse
2576 3130 2885 3195 dicebatur,
2917 3142 2969 3186 et
3004 3132 3058 3186 in
3095 3134 3213 3187 solo
3253 3132 3454 3188 Israele

178 3221 276 3273 καὶ
302 3221 361 3273 ὲν
394 3222 539 3295 μόνῳ
584 3223 662 3295 τῷ
709 3227 925 3300 Ἰσραὴλ
975 3229 1119 3299 μέγα
1150 3229 1211 3282 τὸ
1237 3230 1407 3301 ὅνομα
1436 3232 1622 3297 αὑτοῦ,
1658 3235 1705 3286 τι

1930 3239 2130 3294 agnum
2161 3239 2360 3278 nomen
2387 3223 2505 3293 ejus
2533 3233 2671 3289 erat,
2724 3224 2853 3278 dum
2897 3233 3087 3295 gentes
3134 3241 3255 3295 quae
3296 3235 3452 3281 extra

179 3312 288 3376 ἔξω
314 3315 414 3384 τῆς
450 3316 710 3383 Ἰουδαίας
751 3320 919 3374 ἐθνῶν
961 3322 1181 3394 δαίμοσι.
1214 3325 1706 3397 καταδεδουλωμένι

1926 3314 2113 3369 Idaeam
2136 3314 2668 3377 erant,daemonibus
2695 3323 2749 3367 et
2765 3314 3001 3384 impuris
3016 3316 3300 3385 spiritibus
3320 3317 3453 3371 sub--

180 3402 278 3455 καὶ
319 3405 623 3476 πνεύμασιν
660 3409 1011 3481 ἀκαθάρτοις,
1044 3413 1140 3467 καὶ
1172 3416 1284 3477 τοῖς
1329 3414 1431 3485 τῆς
1477 3415 1707 3469 εἰδωλολι

1929 3412 2016 3469 tte,
2062 3418 2127 3459 ac
2170 3404 2498 3458 idololatriae
2532 3404 2764 3459 addicta:
2806 3414 2992 3461 essent
3022 3426 3035 3460 :
3071 3422 3198 3461 cum
3249 3423 3450 3463 nomen

179 3494 365 3563 τρείας
412 3499 787 3571 ἀντεχομένοις
838 3503 932 3557 τοῦ
976 3506 1237 3577 ὀνόματος
1262 3505 1357 3559 τοῦ
1390 3508 1597 3579 Κυρίου
1630 3526 1703 3580 μη

1925 3496 2087 3552 omini
2116 3511 2186 3551 ne
2217 3495 2438 3566 quidem
2466 3499 2523 3549 in
2549 3506 2786 3552 mentem
2814 3498 3023 3565 veniret
3056 3499 3188 3558 illis.
3221 3499 3452 3565 Quando

176 3587 261 3650 εἰς
284 3586 491 3643 ἔννοιαν
513 3592 894 3661 ἦκοντος.”υτε
916 3615 978 3666 γε
1004 3598 1109 3670 μὴν
1124 3601 1408 3669 ἐπιφανεὶς
1429 3601 1591 3665 αὐτὸς
1610 3604 1638 3655 ὁ
1659 3603 1703 3654 Κ

1923 3598 2051 3645 ttem
2086 3590 2203 3660 ipse
2252 3588 2518 3645 Dominus
2561 3598 2751 3646 noster
2793 3589 2955 3646 Jesus
2998 3592 3249 3647 Christus
3290 3591 3450 3645 adve-

181 3696 298 3749 ριος
326 3682 483 3752 ἡμῶν
517 3684 720 3755 Ἰησοῦς
745 3688 773 3740 6
799 3689 1030 3758 Χριστὸς
1057 3692 1183 3754 τοὺς
1210 3691 1374 3745 αὐτοῦ
1404 3692 1648 3763 μαθητὰς
1671 3694 1708 3744 ὲι

1928 3698 2048 3749 ens,
2080 3682 2387 3751 discipulos
2425 3697 2555 3737 suos
2584 3684 2639 3736 in
2661 3698 2854 3737 omnes
2876 3692 3065 3754 gentes
3098 3683 3300 3748 emisit,
3322 3691 3450 3746 tunc

180 3771 358 3824 πάντα
387 3773 723 3846 διεπέμψατο
766 3778 836 3831 τὰ
877 3778 1026 3851 ἔθνη,
1061 3781 1363 3851 τηνικαῦτα
1391 3782 1695 3853 πληροῦται

1922 3774 2126 3843 ιριειυε
2155 3780 2242 3828 est
2281 3772 2517 3844 hymnus
2546 3788 2645 3844 per
2678 3773 2782 3829 bas
2820 3789 2987 3830 voces
3026 3776 3303 3834 universis
3339 3783 3449 3829 tra-

176 3859 268 3916 διά
313 3864 422 3917 τῶν
474 3868 849 3940 προκειμένων
897 3871 1089 3941 φωνῶν
1131 3874 1246 3937 τοῖς
1274 3874 1410 3926 πᾶσι
1439 3874 1765 3945 παραδοθεὶς
1866 3865 2035 3920 dims-

179 3949 369 4023 ὕμνος.

258 4049 352 4113 Τίς
376 4049 457 4113 ὡς
484 4052 697 4119 Κύριος
720 4054 754 4107 ό
780 4053 923 4119 Θεὸς
949 4054 1118 4124 ἡμῶν
1139 4059 1172 4111 o'
1195 4055 1264 4112 ἐν
1285 4058 1547 4126 ὑψηλοῖς
1566 4074 1761 4113 κατοι-

1936 4063 2106 4119 Vnus.
2139 4063 2194 4124 5,
2221 4064 2274 4119 6.
2308 4064 2440 4129 Quis
2482 4063 2620 4118 sicut
2650 4063 2913 4121 Dominus
2969 4065 3113 4123 Deus
3155 4078 3335 4123 noster
3360 4070 3449 4141 qui

178 4140 323 4208 κῶν,
351 4141 449 4195 καὶ
471 4143 542 4197 τὰ
569 4143 818 4198 ταπεινὰ
846 4146 1079 4216 ἐφορῶν
1106 4149 1175 4203 ἐν
1202 4149 1282 4216 τῷ
1303 4152 1537 4219 οὐρανῷ
1561 4152 1661 4206 καὶ
1693 4172 1705 4206 t

1932 4157 2059 4211 altis
2086 4155 2315 4222 habitat,
2333 4166 2381 4211 et
2399 4156 2628 4209 humilia
2653 4158 2863 4225 respicit
2882 4158 2936 4212 in
2970 4158 3097 4212 ctelo
3120 4169 3169 4213 et
3194 4140 3448 4216 interra?

176 4232 255 4300 τῇ
278 4231 390 4302 γῇ;
421 4234 740 4288 Διδάσκεται
774 4236 830 4289 δὲ
863 4238 951 4291 διὰ
982 4239 1188 4295 τούτων
1211 4243 1239 4294 6
1265 4241 1383 4305 νέος
1412 4242 1557 4307 λαὸς.
1594 4244 1670 4307 ὼς

1917 4251 1963 4305 is
1994 4251 2224 4305 docetur
2264 4264 2440 4305 novus
2490 4250 2753 4320 populus,
2794 4251 3012 4307 etiamsi
3054 4251 3319 4307 Dominus
3350 4267 3444 4307 no-

176 4325 272 4375 καὶ
306 4322 581 4396 ἀνελήφθη
611 4327 639 4378 6
661 4325 865 4397 Κύριος
900 4329 1080 4399 ἡμῶν,
1109 4331 1206 4384 καὶ
1233 4331 1378 4386 ἐστιν
1407 4335 1465 4387 ὲν
1495 4334 1645 4407 δεξιᾷ
1666 4354 1703 4389 τι

1919 4359 1979 4400 er
2007 4349 2327 4413 assumptus
2370 4349 2479 4407 est,
2516 4348 2573 4396 et
2614 4343 2681 4397 ad
2714 4343 2995 4397 dexteram
3044 4343 3227 4400 Patris
3270 4348 3446 4417 sedet,

177 4415 412 4487 Πατρὸς,
441 4416 552 4469 ἀλλ’
581 4413 687 4471 οὖν
717 4422 812 4473 καὶ
854 4419 995 4473 οὕτω
1052 4423 1264 4496 πλήρης
1305 4427 1422 4480 ἐστὶ
1447 4429 1596 4481 πᾶσα
1622 4430 1655 4500 ή
1685 4448 1704 4499 γ

1919 4448 2108 4493 tamen
2132 4444 2301 4492 totam
2344 4444 2550 4491 terram
2585 4438 2800 4508 plenam
2826 4453 2956 4493 esse.
2981 4446 3035 4493 et
3061 4440 3300 4509 gaudere
3328 4444 3446 4514 ejus

174 4508 273 4561 καὶ
301 4509 564 4563 ἀπολαύει
588 4512 689 4581 τῆς
719 4514 1022 4586 ἐπισκοπῆς
1040 4515 1377 4592 αὐτοῦῙΑρα
1401 4522 1462 4574 οὐ
1488 4523 1637 4577 δοκεῖ
1666 4542 1701 4595 μ

1918 4527 2229 4598 ιεροοιίοηο.
2275 4527 2475 4581 Annon
2514 4528 2647 4581 illud
2688 4542 2946 4598 magnum
2997 4544 3123 4585 esse
3165 4531 3445 4589 videaturi

173 4616 249 4670 γα
281 4599 420 4655 εἶναι
454 4601 513 4655 τὸ
540 4604 866 4675 εἰρημένονς
908 4608 1045 4661 Ἀλλ’
1077 4611 1205 4663 ὅταν
1234 4612 1492 4686 ἐννοήσῃς
1526 4617 1654 4687 περὶ
1679 4635 1700 4670 τ

1917 4624 1937 4671 t
1968 4616 2014 4671 si
2040 4615 2360 4671 consideres
2389 4617 2457 4672 de
2483 4632 2593 4686 quo
2620 4616 2829 4670 dictum
2861 4617 2954 4680 sit,
2991 4618 3093 4673 hoc
3123 4620 3284 4691 longe
3317 4622 3444 4679 infe-

174 4706 267 4753 νος
293 4691 527 4763 εἴρηται,
547 4693 750 4764 σφόδρα
778 4695 895 4748 ἐστὶ⁵
919 4698 1195 4762 καταδεές.
1233 4701 1358 4765 Πῶς
1382 4703 1487 4773 γὰρ
1513 4706 1571 4756 ὲν
1601 4705 1698 4776 ούρ

1917 4725 1981 4764 us
2016 4708 2108 4762 illo
2138 4710 2264 4763 erit.
2299 4709 2586 4775 Quomodo
2626 4709 2770 4763 enim
2808 4710 2865 4763 in
2904 4711 3061 4765 curiis
3090 4711 3324 4778 habitat,
3351 4718 3444 4785 qui

174 4784 287 4845 νοῖς
326 4787 569 4837 κατοικεῖ
599 4787 628 4837 6
654 4785 745 4839 τὸν
780 4787 1008 4858 οὐρανὸν
1037 4792 1129 4845 καὶ
1167 4791 1266 4863 τὴν
1308 4794 1411 4864 γῆν
1460 4797 1701 4869 πληρῶν,

1914 4802 2061 4855 plum
2078 4812 2133 4855 et
2157 4810 2354 4856 terram
2378 4802 2587 4872 implet,
2625 4803 2718 4872 qui
2751 4802 2955 4872 ubique
2975 4819 3217 4873 praesens
3251 4784 3387 4862 dicit
3428 4829 3441 4863 :

175 4874 453 4945 πανταχοῦ
486 4876 699 4947 παρὼν,
734 4880 763 4931 6
809 4880 1012 4949 λέγων’
1052 4884 1196 4951 Θεὸς
1222 4886 1466 4955 ἐγγίζὶυν
1495 4890 1630 4960 ἐγὼ,
1662 4910 1702 4945 κη

1916 4910 2004 4947 eus
2048 4895 2472 4963 appropinquans
2513 4910 2604 4963 ego
2629 4911 2768 4959 sum,
2815 4904 2865 4948 et
2893 4912 2999 4949 non
3042 4895 3180 4951 Deus
3223 4900 3443 4967 procul:

174 4968 248 5020 οὺ
274 4967 418 5032 Θεὸς
446 4968 769 5036 πόρῤωθεν,
798 4974 831 5024 ὀ
865 4974 1174 5043 μετρήσας
1200 4978 1307 5031 τὸν
1332 4981 1593 5048 οὐρανὸν
1623 5001 1701 5038 σει

1915 4987 1954 5041 ti
1998 5002 2207 5039 mensus
2257 5003 2374 5039 sum
2404 4986 2593 5039 cwlum
2619 4991 2817 5055 palmo,
2844 4996 2893 5042 ct
2920 4997 3115 5042 terram
3156 4992 3357 5059 pugillo
3377 4994 3442 5056 9°,

175 5056 336 5128 θαμῇ
362 5061 460 5113 καὶ
488 5061 601 5129 τὴν
614 5060 732 5129 γῆν
761 5062 953 5130 δρακὶ,
974 5070 1007 5121 ὀ
1029 5070 1297 5138 κατέχων
1312 5072 1418 5125 τὸν
1434 5075 1615 5142 γῦρον
1646 5074 1702 5130 τνὶ

1913 5080 1948 5131 ιε
2000 5078 2236 5131 contineo
2275 5094 2461 5147 gyrum
2494 5090 2649 5132 terra:
2672 5079 2697 5131 ε’
2729 5077 2837 5133 Sed
2872 5079 3135 5148 quoniam
3192 5087 3325 5135 tunc
3364 5082 3440 5136 illi

174 5149 325 5219 γῆς;
369 5150 506 5204 Ἀλλ’
537 5152 724 5223 ἐπειδὴ
757 5154 893 5225 πρὸς
929 5157 1217 5223 Ἰουδαίους
1246 5157 1315 5232 ἦν
1342 5162 1490 5234 αύτῷ
1524 5166 1552 5216 6
1578 5165 1701 5233 λόγο

1913 5186 2049 5223 πιηο
2081 5186 2205 5224 cum
2230 5170 2434 5225 ludatis
2460 5180 2612 5237 erat;
2644 5170 2768 5225 ideo
2792 5170 3025 5227 fortasse
3054 5172 3157 5227 hoc
3188 5173 3440 5241 loquendi

175 5240 264 5293 διὰ
292 5240 450 5296 τοῦτο
473 5243 610 5305 τέως
633 5242 774 5298 οὕτω
802 5246 1064 5319 κέχρηται
1091 5251 1168 5321 τῷ
1199 5251 1360 5324 λόγῳ,
1392 5257 1702 5323 συγκαταϐα

1912 5261 2030 5314 nodo
2057 5268 2142 5314 est
2183 5277 2338 5323 usus,
2375 5276 2563 5315 eorum
2610 5277 2731 5316 sese
2772 5263 3130 5318 crassitudini
3180 5271 3439 5332 attempe-

174 5350 283 5385 νων
432 5334 702 5405 παχύτητι
733 5336 911 5389 αὐτῶν
935 5355 948 5368 ·
997 5335 1114 5394 εἶτα
1149 5345 1289 5398 κατὰ
1325 5347 1517 5418 μικρὸν
1540 5348 1701 5417 ἁνάγι

1910 5367 2032 5406 ms:
2076 5366 2139 5403 ac
2170 5350 2366 5407 deinde
2410 5354 2672 5423 paulatim
2718 5369 2909 5409 eorum
2959 5366 3193 5410 mentem
3227 5356 3437 5425 erigens

174 5423 358 5476 αὐτῶν
387 5425 485 5493 τὴν
503 5426 739 5480 διάνοιαν
765 5429 857 5480 καὶ
883 5431 1098 5501 πτερῶν
1126 5432 1221 5504 τὴν
1244 5435 1469 5508 γνώμην
1494 5439 1587 5491 καὶ
1618 5441 1701 5492 ἀνι

1907 5452 1916 5496 ι
1944 5444 2222 5509 attollens,
2253 5446 2308 5499 in
2343 5446 2542 5499 cmlum
2576 5454 2630 5500 et
2657 5447 2712 5500 in
2749 5456 2948 5501 terram
2981 5447 3226 5511 adducit,
3259 5448 3312 5502 id
3356 5458 3434 5504 est

174 5514 437 5579 διδάξων,
469 5517 651 5587 ἡρέμα
676 5518 868 5587 ἐπάγει
901 5522 958 5571 ὲν
992 5522 1069 5592 τῷ
1096 5524 1309 5594 οὐρανῷ
1359 5529 1453 5581 καὶ
1478 5528 1535 5581 ἐν
1567 5532 1631 5599 τῇ
1659 5537 1701 5597 γε

1906 5550 2083 5589 trsum
2113 5545 2166 5589 et
2196 5537 2476 5592 deorsum.
2518 5535 2574 5590 1d
2610 5553 2739 5591 vero
2774 5539 2850 5591 ait
2878 5539 2949 5592 ob
2994 5537 3306 5593 Judaeorum
3329 5540 3433 5611 lim-

175 5605 419 5658 τουτέστι
474 5608 568 5658 καὶ
614 5607 725 5661 ἄνω
773 5611 867 5663 καὶ
912 5612 1078 5666 κάτω.
1108 5614 1275 5669 Τοῦτο
1305 5618 1359 5670 δὲ
1392 5616 1511 5673 εἷπε
1543 5621 1631 5675 διά
1659 5622 1702 5675 τί

1906 5626 2234 5693 ecillitatem,
2263 5629 2355 5699 qui
2386 5628 2565 5699 idolis
2595 5629 2765 5684 dediti
2797 5636 2976 5698 erant,
2999 5639 3054 5686 et
3080 5631 3215 5687 deos
3250 5605 3433 5687 adora-

253 5758 299 5789 "
334 5758 445 5815 Jer.
487 5776 551 5824 ι,
592 5761 683 5828 il;
721 5763 823 5820 lsa.
859 5781 961 5831 XL,
988 5766 1090 5824 12.
