3868 6282
499 316 633 375 4351
1158 310 1428 371 ΕῸΒΕΒῙΙ
1463 310 1948 371 CESARIENSIS
1982 312 2137 371 OPP.
2170 313 2354 371 PARS
2391 312 2479 371 Ill.
2519 344 2592 357 —
2616 311 3027 372 EXEGETICA.
3374 352 3381 357 .
3560 316 3656 401 η,δέ

498 440 631 496 bant
674 437 731 492 in
762 436 899 492 locis
926 449 990 491 ac
1035 435 1261 507 templis
1299 433 1567 491 inclusos.
1598 432 1737 489 Cum
1768 434 1847 488 ait
1885 433 2021 505 igitu

2132 441 2152 495 ι
2180 432 2465 489 ἀσθένειαν
2494 432 2595 506 τὴν
2636 431 2951 505 Ἰουδαῖκὴν,
2974 431 3076 505 τήν
3097 432 3232 505 πρὸς
3251 433 3316 488 τά
3334 435 3497 493 ἐῐόωλα
3514 440 3659 515 iam}-

499 528 551 580 in
579 529 710 582 creto
742 539 791 582 et
832 527 887 581 in
929 537 1098 594 terra,
1150 540 1343 580 ansam
1382 525 1589 596 praebet
1630 522 1908 595 cogitandi
1949 538 2026 579 eu:

2184 527 2377 598 μένην,
2407 526 2507 581 καὶ
2544 525 2700 591 θεοὺς
2731 525 3145 598 προσκυνοῦσαν
3178 527 3299 591 τοὺς
3334 530 3387 582 ὲν
3424 530 3574 599 τόποις
3593 540 3661 592 καὶ

498 619 700 690 ubique
735 627 901 690 atque
926 619 1014 675 hic
1047 626 1103 675 et
1134 618 1246 674 illic
1277 633 1422 681 esse,
1461 626 1517 672 et
1542 614 1728 671 omnia
1756 612 2025 685 pervaden

2180 620 2328 682 ναοῖς
2354 602 2900 687 συγκεκλεισμένους.
2936 615 3125 671 Εἰπὼν
3150 616 3297 688 γοῦν,
3325 620 3387 674 ἐν
3406 621 3475 689 τῷ
3492 627 3660 695 οὐραγῷ

497 708 614 764 Non
654 709 801 764 enim
839 717 897 764 ut
937 709 1210 781 quispiam
1252 708 1306 763 in
1348 710 1490 763 coelo
1522 705 1847 774 conclusus,
1883 720 2024 777 proc

2179 709 2281 764 καί
2318 710 2389 763 ἐν
2410 707 2487 778 τῇ
2513 707 2613 779 τῇ,
2641 707 2826 762 δίδωσι
2866 710 3027 772 νοεῖν,
3056 709 3143 762 ὅτι
3183 713 3437 782 πανταχοῦ
3468 717 3575 781 ἐστι,
3593 721 3661 774 κά.

495 809 713 865 terrena
751 801 1058 873 conspicit;
1091 800 1187 857 sed
1225 800 1427 871 ubique
1475 813 1738 869 prasens,
1775 798 2022 868 incompr

2177 802 2267 855 κεῖ
2291 800 2386 854 καὶ
2417 799 2677 864 ἐνταῦθα,
2704 800 2798 853 καὶ
2819 798 2909 853 διὰ
2936 799 3159 854 πάντων
3186 801 3326 872 ἥκεις
3356 805 3422 857 Οὐ
3442 807 3660 879 γάρῶςᾱν

495 893 727 959 hensus,
751 892 1289 963 incircumscriptus,
1326 890 1691 962 omnibusque
1730 897 1941 945 astans.
1983 887 2022 943 γ

2177 906 2262 958 τις
2290 894 2348 947 ὲν
2389 890 2607 964 οὐρανῷ
2646 892 3136 964 συγκεκλεισμένος
3164 894 3429 966 πόρρωθεν
3456 896 3601 967 βλέπει
3616 903 3662 957 τὰ

493 985 617 1042 den’
646 1002 755 1057 quo
802 994 961 1057 pacto
995 985 1254 1056 paulatim
1280 982 1594 1038 auditorum
1627 992 1866 1038 mentem
1888 981 2020 1039 80bit

2176 988 2234 1041 ὲν
2252 988 2319 1057 τῇ
2349 987 2444 1057 γῇ,
2467 983 2602 1039 ἀλλά
2633 983 2908 1056 πανταχοῦ
2930 984 3122 1055 παρὼν
3143 986 3238 1039 καὶ
3261 985 3513 1060 ἀχώρητος
3532 990 3590 1047 ὢν
3601 993 3665 1049 καὶ

494 1079 614 1134 vet?
650 1078 768 1134 Non
803 1079 949 1134 enim
984 1078 1106 1153 ideo
1163 1077 1484 1146 interrogat,
1530 1083 1589 1128 ut
1632 1075 1757 1146 quis
1794 1073 1863 1130 de
1904 1073 2021 1144 glor

2175 1080 2588 1153 ἀπερίγραπτος
2635 1078 2733 1134 καὶ
2779 1081 2917 1134 πᾶσι
2961 1081 3392 1152 περιιστάμενος.
3433 1080 3555 1149 Εἶδες
3586 1088 3666 1153 πῶς

490 1171 586 1228 Dei
616 1172 780 1243 digna
826 1174 1104 1243 loquatur,
1145 1170 1242 1225 sed
1292 1184 1392 1240 pro
1440 1176 1604 1240 captu
1656 1167 1962 1223 hominum.
2010 1166 2017 1221 1

2175 1172 2318 1227 κατὰ
2344 1174 2540 1246 μικρὸν
2569 1176 2764 1246 πτεροτ
2789 1174 2888 1246 τὴν
2915 1173 3155 1229 διάνοιαν
3186 1175 3295 1228 τῶν
3314 1176 3598 1246 ἀκουόντωνς
3616 1182 3668 1235 Οὐ

490 1266 620 1322 alibi
650 1282 869 1337 quoque
895 1264 1096 1320 coelum
1127 1262 1331 1317 dicitur
1360 1277 1487 1318 esse
1527 1262 1762 1317 thronus
1791 1259 1909 1326 Dei,
1945 1276 2015 1332 qu

2172 1266 2283 1337 γάρ
2308 1264 2465 1337 ζητεί
2486 1267 2635 1328 ὅπως
2656 1267 2722 1322 ἄν
2743 1283 2831 1331 τις
2853 1269 2955 1340 τῆς
2979 1267 3138 1339 δόξης
3162 1269 3306 1322 εἴποι
3331 1269 3420 1323 τοῦ
3446 1269 3557 1325 Θεοῦ
3575 1272 3672 1339 τέως

489 1360 743 1415 cmlcstes
769 1359 1001 1413 virtutes
1026 1357 1151 1414 istic
1172 1356 1268 1412 Det
1286 1355 1516 1427 gloriam
1544 1354 1776 1409 ﬁrmiter
1801 1353 2016 1408 obtinen

2172 1356 2416 1424 ἐπάξων,
2451 1356 2565 1411 ἀλλ’
2588 1358 2736 1421 ὅπως
2757 1359 2987 1423 ἐκείνοις
3010 1357 3274 1431 χωρητόν.
3306 1361 3411 1414 Καὶ
3437 1359 3675 1433 ἀλλαχοῦῶ

490 1459 636 1508 terra
670 1467 801 1508 vero
829 1451 1150 1515 scabellum,
1183 1449 1311 1522 quia
1342 1449 1590 1503 homines
1620 1447 1674 1502 in
1704 1457 1852 1504 terra
1879 1454 2017 1502 extri

2173 1447 2360 1520 θρόνος
2402 1447 2538 1502 Θεοῦ
2585 1448 2804 1518 λέγεται
2837 1450 2867 1503 ὁ
2898 1450 3127 1521 οὐρανὸς
3156 1449 3346 1520 ὲκετοῦ
3369 1450 3459 1515 τάς
3482 1453 3677 1523 οὐρανίας

486 1558 578 1598 ma
615 1544 925 1599 divinorum
968 1544 1056 1598 vix
1090 1558 1290 1614 capere
1323 1544 1528 1599 valent.
1574 1540 1676 1597 Hic
1725 1555 1858 1597 vero
1901 1538 2012 1594 Dav

2170 1540 2429 1612 δυνάμεις
2457 1539 2681 1610 παγίως·
2713 1543 2773 1594 ὲν
2818 1542 3010 1606 αὑταῖς
3034 1542 3135 1614 τήν
3178 1542 3275 1596 τοῦ
3304 1541 3431 1595 Θεοῦ
3469 1543 3595 1610 δόξαν
3617 1546 3678 1600 ἒν-

487 1642 775 1706 postquam
817 1633 1125 1690 auditorem
1156 1635 1224 1690 «Ie
1269 1641 1415 1689 terra
1461 1634 1654 1697 erexit,
1693 1630 1764 1686 ad
1803 1629 2014 1686 aliudD

2175 1631 2465 1704 ιδρυμένην
2496 1633 2641 1704 ἔχειν
2658 1648 2671 1661 ⁸
2709 1633 2805 1686 καὶ
2830 1634 2865 1704 ή
2896 1633 2971 1704 γῆ
3004 1633 3316 1699 ὑποπόδιον,
3339 1632 3424 1688 διὰ
3445 1630 3678 1707 τὸὲπὶγῆς

485 1728 702 1783 virtutis
729 1737 1110 1798 argumentum
1142 1727 1484 1797 progreditur
1514 1725 1705 1784 dicens
1735 1740 1749 1777 :

2171 1723 2301 1786 τοὺς
2329 1720 2652 1795 ἀνθρώπους
2699 1721 2770 1776 τὰ
2818 1723 3104 1779 τελευταῖα
3135 1723 3245 1779 τῶν
3277 1724 3399 1796 περὶ
3420 1724 3536 1778 Θεοῦ
3568 1725 3679 1797 μόλις

484 1821 729 1893 χωρῆσαι
774 1820 1051 1875 δύνασθαι.
1108 1819 1371 1874 Ἐνταῦθα
1414 1820 1472 1874 δὲ
1504 1820 1818 1891 ἀναστήσας
1861 1817 1971 1872 ἀπὸ
2010 1817 2111 1890 τῆς
2144 1815 2251 1888 γῆς
2299 1816 2393 1872 τὸν
2444 1816 2720 1890 ἀκροατὴν
2762 1820 2793 1873 ὁ
2836 1818 3019 1888 Δαιπδ,
3079 1820 3165 1890 ἐφ’
3191 1821 3374 1893 ἕτερον
3401 1821 3586 1895 ἔρχεται
3609 1823 3680 1893 τῆς

482 1913 763 1985 δυνάμεως
791 1913 885 1969 τοῦ
917 1914 1052 1969 Θεοῦ
1081 1914 1279 1985 δεῖγμα
1310 1914 1484 1984 λέγων
1504 1930 1517 1944 ·

552 2025 720 2083 Vens.
767 2027 880 2082 7-9.
916 2027 1198 2083 Suscitans
1246 2029 1310 2083 de
1342 2038 1485 2083 terra
1525 2029 1734 2098 inopem
1761 2038 1811 2082 et
1842 2026 1908 2082 de
1929 2036 2069 2083 ster-

2256 2022 2310 2079 '0
2355 2024 2602 2096 ἐγείρων
2639 2020 2758 2079 ἀπὸ
2795 2018 2910 2094 τῆς
2941 2024 3202 2094 πτωχὸν,
3233 2026 3333 2080 καί
3356 2028 3464 2084 ἀπὸ
3492 2034 3681 2101 κοπρίας

481 2133 601 2172 rore
627 2119 831 2189 erigens
870 2133 1184 2187 pauperem,
1211 2128 1268 2172 ut
1302 2120 1520 2174 collocet
1558 2136 1678 2173 eum
1713 2134 1834 2173 cum
1865 2119 2008 2188 print

2168 2115 2423 2187 ἀνυψῶν
2436 2115 2796 2185 πένητα,τώ
2810 2116 3051 2171 καθίσαι
3063 2117 3258 2171 αὐτὸν
3259 2118 3406 2188 μετὰ
3422 2121 3679 2191 ἀρχόντων,

481 2209 655 2278 pibus.
682 2226 799 2263 cum
829 2211 1157 2281 principibus
1181 2212 1365 2281 populi
1397 2212 1521 2276 sui;
1551 2214 1642 2284 qui
1668 2211 1910 2266 habitare
1936 2212 2008 2282 {at

2162 2206 2316 2277 μετὰ
2352 2207 2663 2277 ἀρχόντων
2696 2203 2852 2259 λαοῦ
2892 2205 3079 2260 αὑτοῦ
3103 2220 3118 2236 ·
3160 2210 3196 2260 ὁ
3238 2208 3555 2270 scatat:de
3568 2214 3682 2266 στεί-

481 2302 713 2357 sterilem
741 2304 798 2357 in
822 2302 1000 2363 domo.
1027 2317 1249 2359 matrem
1289 2306 1355 2360 de
1399 2306 1529 2376 ﬁliis
1557 2308 1850 2363 lwlantem.
1880 2305 2008 2362 Virtl

2161 2318 2283 2371 ραν
2303 2302 2373 2356 ὲν
2404 2301 2568 2366 οἴκῳ,
2589 2297 2818 2370 μητέρα
2857 2298 2953 2352 ἐπὶ
2993 2299 3227 2367 τέκνοις
3263 2302 3680 2376 εὐφραινομένην.

481 2402 590 2449 tem
621 2393 719 2450 Dei
756 2410 855 2466 pro
896 2397 1177 2453 voluntate
1207 2413 1305 2453 sua
1334 2399 1591 2468 quaelibet
1634 2406 2007 2455 commutante

2179 2393 2373 2466 ’Υμνεῖ
2399 2392 2500 2465 τήν
2540 2391 2771 2464 δύναμιν
2821 2386 2917 2446 τοῦ
2965 2391 3122 2456 Θεοῦ,
3154 2392 3356 2465 ῥᾳδίως
3395 2395 3682 2467 μεταϐάλλω-

481 2485 742 2543 celebrat.
776 2487 897 2542 Non
938 2488 1117 2542 solum
1148 2489 1317 2553 enim,
1353 2490 1551 2561 inquit,
1596 2505 1892 2562 pauperem
1923 2491 2008 2548 div

2168 2502 2268 2540 σαν
2292 2484 2330 2540 ἀ
2364 2483 2631 2557 βούλεται.
2667 2485 2743 2538 Οὐ
2794 2484 2955 2555 μόνον
3003 2483 3135 2556 γὰρ,
3170 2486 3328 2556 φησὶ,
3356 2486 3592 2552 πλουτίζει
3619 2487 3682 2544 τὸν

480 2574 571 2631 tiis
590 2583 644 2631 et
673 2575 845 2647 gloria
880 2575 1043 2631 aﬂlcit
1063 2617 1079 2642 ,
1110 2577 1203 2634 sed
1234 2579 1399 2633 etiam
1432 2595 1558 2634 cum
1595 2580 1937 2651 principibus
1966 2597 2007 2652 pl

2168 2578 2375 2649 πένητα
2397 2576 2491 2630 καὶ
2517 2575 2749 2643 δοξάζει,
2788 2575 2926 2629 ἀλλά
2955 2575 3051 2629 καὶ
3083 2578 3199 2640 τοῖς
3230 2576 3453 2650 ἄρχουσι
3482 2580 3561 2634 τοῦ
3586 2580 3680 2635 λαοῦ

479 2667 591 2739 ρυιί
623 2668 878 2732 collocat,
911 2678 965 2725 et
992 2667 1061 2724 ad
1085 2668 1376 2741 imperium
1408 2671 1839 2745 evehit.Magna:
1860 2673 2006 2746 quip]

2167 2665 2583 2738 συγκαθίστησι,
2615 2665 2711 2718 καὶ
2754 2667 2835 2729 είς
2880 2665 3053 2738 ἀρχὴν
3094 2666 3311 2735 ἀνάγει.
3357 2669 3580 2741 Μεγάλης
3601 2671 3677 2743 γὰρ

477 2767 533 2815 et
569 2760 956 2817 inenarrabilis
1013 2763 1235 2819 virtutis
1280 2770 1366 2818 est
1402 2778 1565 2835 parva
1608 2765 1839 2836 erigere.
1877 2764 2004 2822 Pote

2163 2760 2445 2833 δυνάμεως
2473 2760 2571 2815 καὶ
2600 2760 2812 2831 ἀφάτου
2840 2761 2902 2815 ab
2924 2760 2994 2814 τὰ
3025 2761 3200 2834 μικρά
3227 2763 3483 2835 ἐπαίρειν.
3510 2765 3679 2818 Abram

475 2851 605 2908 item
635 2851 724 2909 hic
751 2867 945 2909 versus
975 2852 1043 2909 de
1071 2855 1273 2925 populo
1304 2871 1369 2911 ex
1399 2857 1654 2928 gentibus
1675 2857 1782 2912 dici
1814 2878 1827 2913 :
1859 2858 1928 2914 de
1952 2875 2002 2930 (ιι

2163 2853 2220 2908 δὲ
2261 2855 2291 2906 ὁ
2325 2852 2509 2925 στίχος
2540 2852 2636 2907 καὶ
2666 2853 2794 2926 περὶ
2825 2852 2920 2906 τοῦ
2949 2853 3059 2907 ἀπὸ
3101 2853 3212 2908 τῶν
3243 2853 3410 2910 ἐθνῶν
3434 2855 3545 2909 λαοῦ
3569 2855 3678 2926 λέγι-

476 2937 552 2992 ait
590 2939 855 3010 propheta
904 2960 917 2996 :
956 2940 1028 2995 Et
1078 2954 1353 3013 propterea
1394 2944 1659 3001 benedicet
1702 2946 1798 3001 tibi
1834 2948 2003 3019 populi

2164 2945 2311 3012 σθαι,
2326 2946 2455 3019 περὶ
2473 2939 2534 3001 οῦ
2556 2962 2721 3017 φησιν
2740 2946 2769 2999 ὁ
2788 2947 3076 3018 προφήτης
3094 2963 3108 2977 ’
3132 2947 3248 3002 Καὶ
3268 2948 3365 3001 διὰ
3381 2948 3539 3003 τοῦτο
3559 2951 3672 3011 eiu,-

476 3043 692 3099 pauper,
722 3041 772 3085 et
801 3033 1040 3088 civitates
1069 3034 1340 3090 hominum
1383 3037 1589 3107 injuria
1627 3039 1943 3109 aﬂ'ectorum
1974 3040 2003 3093 b

2162 3038 2338 3111 γήσει
2370 3054 2445 3094 σε
2468 3042 2502 3094 ὁ
2531 3042 2684 3106 λαὸς
2718 3041 2752 3093 ό
2775 3040 3032 3109 πτωχὸς,
3059 3040 3160 3094 καί
3194 3041 3408 3109 πόλεις
3429 3041 3678 3113 ἀνθρώπια

475 3120 714 3178 nedicent
748 3125 865 3181 tibi.
902 3126 1080 3181 Fuisti
1112 3129 1255 3182 enim
1287 3131 1431 3184 omni
1477 3132 1684 3185 civitati
1739 3131 1932 3186 humili
1960 3149 2002 3187 at

2160 3132 2572 3202 ἀδικουμένων
2610 3128 3026 3201 εὐλογήσουσί
3049 3145 3143 3187 σε.
3173 3131 3413 3201 Ἐτένου
3436 3134 3537 3202 τὰρ
3559 3132 3678 3199 πάσῃ

475 3211 639 3279 iutor,
686 3223 736 3269 et
768 3216 834 3270 iis
861 3218 953 3286 qui
998 3219 1180 3274 animo
1222 3220 1540 3290 deﬁciebant
1574 3232 1789 3294 propter
1822 3223 2002 3294 indiga

2160 3226 2336 3279 πόλει
2359 3221 2613 3292 ταπεινῇ
2630 3220 2882 3291 ξβοηθὸς,
2907 3221 3152 3290 καὶτοῖς
3185 3223 3523 3295 ἀθυμήσασι
3539 3219 3597 3279 ὄι⁴
3616 3224 3679 3277 ἐν·

475 3305 627 3370 tiam,
678 3315 1032 3378 tegumentum
1074 3327 1093 3365 :
1147 3311 1211 3365 ab
1249 3311 1551 3369 hominibus
1608 3315 1858 3387 malignis
1907 3331 1998 3370 eru

2160 3316 2329 3372 δειαν
2344 3314 2543 3385 σκέπη
2551 3332 2566 3348 ο
2578 3315 2697 3371 ἀπὸ
2712 3315 3039 3384 ἁνθριὶιπων
3048 3315 3331 3385 πονηρῶν
3330 3319 3486 3388 ῥύσῃ
3498 3319 3675 3384 αὐτούς·

475 3411 559 3449 eos
590 3410 610 3449 :
655 3404 1007 3468 tegumentum
1048 3402 1361 3469 sitientium,
1412 3414 1462 3458 et
1510 3406 1728 3474 spiritus
1780 3407 1997 3460 homiuu

2156 3407 2358 3475 σκέπη
2387 3406 2718 3476 διψώντων,
2731 3407 2831 3460 καὶ
2844 3406 3080 3478 πνεῦμα
3096 3408 3424 3477 ἀνθρώπων
3440 3407 3678 3480 ἀδικουμέ-

474 3487 675 3555 injuria
724 3490 1035 3560 aﬁ'ectorum
1050 3493 1116 3547 η.
1165 3492 1324 3551 Hunc
1369 3497 1516 3552 enim
1549 3513 1843 3570 pauperem
1873 3509 1926 3555 et
1959 3515 2001 3572 μ

2160 3514 2302 3554 νων.
2318 3497 2519 3552 Τοῦτον
2531 3497 2640 3571 γὰρ
2659 3498 2751 3552 τὸν
2772 3498 2988 3569 πτωχὸν
3011 3499 3106 3553 καὶ
3127 3501 3336 3572 πένητα
3350 3502 3485 3566 λαὸν,
3503 3502 3596 3557 ἀπὸ
3610 3503 3677 3556 τῶν

474 3581 661 3652 pulum
690 3599 921 3655 egenum
951 3600 983 3641 a
1027 3586 1231 3643 vilibus
1279 3589 1465 3657 rebus,
1498 3606 1530 3645 a
1558 3591 1830 3649 dedecore
1861 3595 2001 3649 turbl

2162 3587 2518 3663 χαμαιζήλων
2538 3591 2878 3663 πραγμάτων
2903 3590 3144 3661 ἐγείρας,
3163 3593 3263 3646 καὶ
3280 3593 3382 3665 τῆς
3394 3593 3592 3666 ἀτιμίας
3608 3592 3673 3646 τῶν

473 3674 745 3730 Ientorum
787 3676 959 3732 animi
1003 3685 1275 3743 motuum,
1319 3686 1376 3735 et
1408 3696 1441 3737 a
1482 3691 1730 3739 stercore
1767 3684 2000 3757 gentiliti

2162 3683 2353 3738 παθῶν
2372 3685 2584 3756 καὶτῆς
2609 3685 2843 3757 κοπρίας
2864 3686 2975 3740 τῶν
2998 3685 3327 3758 Ἑλληνικῶν
3354 3687 3674 3758 μυσαγμάτων.

474 3781 591 3822 rum
615 3767 1082 3825 abominationum
1105 3774 1344 3845 erigens,
1365 3774 1558 3831 sedere
1575 3774 1737 3832 faciet
1763 3793 1887 3833 cum
1910 3778 2001 3846 pri]

2160 3775 2374 3830 καθίσει
2408 3774 2547 3847 μετὰ
2587 3775 2701 3831 τῶν
2744 3777 3022 3848 ἀρχόντων
3045 3777 3141 3831 τοῦ
3171 3778 3404 3850 Ἰσραήλ,
3432 3777 3569 3840 ὄντος
3588 3773 3674 3829 λαιῦ

471 3859 686 3931 c'pibus
716 3859 957 3927 lsraelis,
991 3864 1086 3933 qui
1138 3866 1375 3936 populus
1404 3868 1525 3938 ejus
1566 3876 1672 3924 est.
1707 3868 1846 3924 Sunt
1875 3876 1998 3924 aute

2160 3865 2344 3919 αὐτοῦ.
2373 3866 2496 3919 Εἰσὶ
2542 3865 2601 3920 δὲ
2646 3868 2694 3920 oi
2728 3867 3015 3922 ἀπόστολοι
3058 3869 3320 3941 ἄρχοντες
3350 3870 3438 3924 τοῦ
3471 3869 3675 3941 Ἑϐραίων

472 3951 707 4021 apostoli
763 3952 1046 4026 principes
1095 3956 1179 4010 vel
1224 3959 1550 4027 patriarchae
1601 3957 1886 4015 Hebraicas
1927 3975 1999 4032 ge]

2158 3956 2310 4024 λαοῦ,
2344 3958 2378 4029 ἢ
2413 3959 2509 4012 καὶ
2538 3959 2587 4012 οἱ
2634 3959 2992 4032 πατριάρχαι,
3031 3960 3151 4031 μεθ’
3183 3955 3262 4015 ὧν
3299 3957 3674 4033 κατασκηνὼσου-

471 4042 543 4098 tis
580 4057 596 4093 :
630 4043 959 4114 quibuscum
1008 4047 1338 4105 habitabunt
1381 4058 1652 4122 quotquot
1694 4067 1761 4107 ex
1802 4052 1998 4124 gentibt

2160 4065 2246 4102 σιν
2270 4051 2319 4103 oi
2346 4048 2406 4115 ἐξ
2430 4048 2600 4105 ἐθνῶν
2634 4053 3043 4116 πιστεύσαντες.
3079 4053 3188 4107 Καὶ
3209 4053 3370 4107 τοῦτό
3396 4071 3542 4126 φησιν
3558 4050 3673 4106 6K6-

471 4133 856 4191 crediderunt.
914 4135 1270 4212 ldipsumque
1328 4141 1464 4197 dicit
1513 4141 1779 4202 Dominus
1836 4163 1850 4199 :
1896 4143 1998 4198 Μαι

2159 4157 2277 4214 ριος
2297 4157 2314 4174 ο
2336 4143 2564 4197 Πολλοί
2594 4143 2855 4211 ἥξουσιν
2874 4144 2995 4200 ἀπὸ
3015 4145 3331 4201 ἀνατολῶν
3350 4146 3443 4201 καὶ
3467 4142 3670 4216 θυσμῶνι

471 4229 671 4284 venient
707 4230 773 4284 ab
829 4232 1028 4286 oriente
1067 4243 1118 4287 et
1153 4234 1446 4303 occidente,
1491 4246 1542 4291 et
1595 4232 1897 4292 recumbenl
1937 4254 1998 4291 cu

2157 4233 2259 4287 καὶ
2316 4233 2828 4300 ἀνακλιθήσονται
2874 4236 3026 4306 μετὰ
3062 4237 3330 4307 Ἀϐραὰμ,
3376 4236 3472 4291 καί
3502 4234 3668 4293 Ἰσαὰκ.

471 4321 760 4389 Abraham,
802 4322 963 4379 Isaac
1007 4336 1059 4381 et
1096 4325 1265 4381 Jacob
1308 4330 1364 4383 in
1406 4346 1567 4401 regno
1606 4330 1857 4385 calorum
1881 4330 1920 4384 ¹.
1960 4329 1998 4384 Ε

2156 4324 2258 4378 καὶ
2342 4324 2543 4379 Ἰακὼό
2611 4326 2682 4379 ἐν
2754 4324 2832 4396 τῇ
2900 4328 3189 4396 ,βασιλεία
3262 4328 3384 4383 τῶν
3444 4323 3666 4397 ovi-paniu-

411 4409 415 4413 ’
470 4415 651 4488 itaque
704 4432 887 4473 sermo
929 4418 1019 4475 ille
1050 4420 1399 4478 universalis.
1448 4420 1605 4489 Quod
1651 4423 1697 4479 si
1730 4423 1856 4493 quis
1899 4423 1935 4477 il

2160 4417 2318 4471 Ἐστι
2351 4417 2448 4488 μὲν
2479 4413 2572 4471 οὖν
2600 4420 2629 4471 ὁ
2652 4417 2809 4487 λόγος
2833 4419 3139 4484 καθολικός.
3178 4421 3243 4474 Εἰ
3271 4420 3329 4474 δέ
3358 4438 3439 4486 τις
3469 4416 3669 4473 καὶκατὰ

471 4510 769 4580 anagogico
816 4526 970 4568 more
1007 4516 1260 4584 excipere
1284 4514 1436 4582 velit,
1467 4515 1516 4571 is
1548 4514 1920 4586 deprehendet
1950 4516 1998 4570 bl

2157 4510 2448 4581 ἀναγωγήν
2491 4511 2651 4566 αὐτὸν
2699 4511 3008 4583 βουληθείη,
3036 4512 3227 4583 ὄψεται
3257 4513 3415 4567 τοῦτο
3452 4510 3585 4565 πάλιν
3605 4507 3665 4561 ἐπὶ

469 4602 647 4673 ipsum
678 4603 735 4658 in
774 4603 1012 4659 adventu
1040 4604 1248 4661 Christi
1301 4604 1507 4662 factum
1538 4622 1683 4664 esse.
1732 4606 1877 4675 Quid
1905 4607 1994 4663 eni

2151 4602 2254 4674 τῆς
2289 4603 2594 4675 παρουσίας
2644 4601 2738 4657 τοῦ
2781 4603 3018 4675 Χριστοῦ
3064 4605 3372 4676 γενόμενον.
3404 4603 3580 4680 Τίγάρ
3599 4599 3663 4666 τῆς

468 4704 665 4752 natura
714 4705 908 4754 nostra
954 4700 1241 4770 egentius?
1273 4700 1535 4755 Attamen
1588 4701 1736 4783 illam
1790 4702 1995 4757 excitat

2152 4694 2431 4767 ἡμετέρας
2480 4694 2695 4765 φύσεως
2747 4695 3122 4769 πτωχότερονς
3177 4698 3327 4752 Ἀλλ’·
3363 4700 3501 4769 ὅμως
3547 4680 3672 4783 abdit;

467 4789 846 4860 primitiasque
890 4798 1112 4848 nostras
1160 4793 1378 4858 extulit,
1418 4778 1673 4864 atquein
1717 4792 1993 4849 altissimu

2157 4786 2347 4859 ἦγεῳε
2373 4787 2469 4840 καὶ
2501 4787 2745 4858 ἀνήγαγε
2773 4786 2872 4858 τὴν
2906 4787 3160 4860 ἀπαρχὴν
3184 4789 3360 4861 ἡμῶν,
3385 4790 3473 4843 καί
3511 4788 3576 4849 είς
3602 4784 3662 4835 οὖα

467 4881 663 4935 coelum
696 4882 888 4938 sedere
943 4881 1095 4937 fecit.
1129 4882 1352 4939 Stercus
1399 4891 1581 4939 autem
1633 4883 1736 4938 hoc
1768 4883 1891 4939 loco
1918 4883 1994 4937 dit

2159 4876 2321 4948 ρανὺν
2368 4877 2591 4932 ἐκάθισε
2630 4876 2723 4933 τὸν
2765 4877 3115 4952 ὑψηλότερον.
3147 4880 3395 4953 Κοπρίαν
3416 4880 3469 4932 δὲ
3492 4869 3661 4930 ἐνταῦθα

467 4974 728 5029 vilitatem
760 4975 910 5030 illam
934 5018 949 5042 ,
980 4983 1035 5032 et
1066 4977 1432 5047 repentinam,
1461 4992 1584 5047 quae
1606 4976 1734 5032 inde
1767 4975 1912 5031 facta
1942 4992 1994 5032 es

2154 4968 2217 5022 τὸ
2258 4970 2475 5034 εὐτελὲς
2516 4969 2684 5040 λέγει,
2713 4971 2808 5025 καλ⁷
2849 4971 2947 5043 τὴν
2977 4971 3187 5029 ἐκεῖθεν
3224 4974 3416 5046 ἀθρόον
3440 4968 3660 5041 γινομένην

466 5068 844 5135 mutationem,
877 5070 1062 5123 omnia
1104 5069 1209 5140 ipsi
1253 5069 1434 5124 facilia
1491 5076 1547 5125 et
1579 5069 1764 5140 pervia
1796 5082 1921 5124 esse
1949 5069 1993 5123 d4

2159 5061 2483 5134 μεταϐολὴν,
2513 5062 2728 5127 δεικνὺς
2776 5064 2858 5117 ὅτι
2900 5063 3079 5121 πάντα
3103 5066 3253 5138 αὐτῷ
3282 5066 3430 5139 ῥᾴδια
3453 5064 3531 5118 καὶ
3549 5058 3658 5113 εὔκο-

466 5158 702 5216 clarans.
739 5158 865 5216 Haec
893 5167 948 5214 et
980 5161 1136 5215 beata
1164 5162 1342 5228 Anna,
1366 5161 1629 5233 hymnum
1658 5160 1715 5215 in
1747 5160 1989 5231 gratiora

2154 5153 2243 5209 λα.
2262 5154 2449 5209 Ταῦτα
2481 5155 2539 5209 δὲ
2567 5157 2663 5209 καὶ
2695 5159 2728 5228 ή
2760 5158 3003 5230 μακαρία
3033 5159 3203 5216 Ἀννα
3228 5162 3427 5233 εἴρηκε,
3448 5156 3525 5210 τὸν
3544 5167 3656 5224 χαρι-

466 5253 736 5308 actionem
768 5251 879 5308 Deo
910 5252 1168 5317 oﬂerens,
1196 5254 1332 5309 dicit
1380 5273 1395 5309 :
1457 5252 1713 5308 Dominus
1767 5268 1993 5324 paupere

2157 5248 2378 5319 στήριον
2425 5247 2593 5319 ὕμνον
2622 5249 3008 5322 προσφέρουσα
3031 5251 3111 5324 τῷ
3148 5253 3298 5325 Θεῷ·
3328 5253 3521 5321 Κύριος
3548 5258 3654 5298 πω·

468 5345 613 5412 facit,
643 5355 695 5400 et
722 5345 895 5409 ditat;
924 5345 1192 5408 humiliat,
1221 5354 1271 5400 et
1313 5346 1507 5416 erigit;
1540 5347 1762 5401 suscitat
1795 5344 1859 5399 de
1907 5355 1995 5399 ter:

2151 5341 2297 5412 χίζει
2336 5341 2437 5397 καὶ
2475 5342 2795 5409 πλουτίζει,
2830 5346 3103 5401 ταπεινοῖ
3124 5347 3223 5402 καὶ
3249 5344 3476 5416 ἀνυψοῇ
3493 5329 3651 5399 ἀνιστᾷ

467 5438 690 5511 inopem,
724 5449 775 5495 et
800 5439 866 5495 de
894 5453 1122 5495 stercore
1147 5440 1300 5510 erigit
1326 5455 1628 5509 pauperem,
1652 5449 1711 5494 ut
1747 5438 1927 5493 sedere
1962 5437 1994 5508 ft

2154 5436 2275 5490 ἀπὸ
2307 5436 2420 5507 γῆς
2460 5435 2709 5506 πένητα,
2737 5437 2836 5492 καὶ
2882 5438 3002 5493 ἀπὸ
3041 5442 3288 5510 κοπρίας
3315 5437 3501 5511 ἐγείρει
3540 5441 3648 5484 πτειν

470 5529 569 5582 ciat
599 5547 721 5584 cum
751 5532 1097 5600 optimatibus
1143 5531 1343 5601 populi,
1393 5541 1443 5586 et
1491 5531 1737 5585 thronum
1779 5532 1997 5602 gloriam

2155 5526 2288 5597 χὸν,
2336 5528 2577 5584 καθίσαι
2633 5529 2784 5599 μετὰ
2841 5530 3163 5587 δυναστῶν
3214 5532 3388 5600 λαοῦ,
3434 5527 3517 5583 και
3554 5518 3643 5588 θρδ⁴

470 5618 823 5675 ίισιννεάὶιαιεπι
865 5622 993 5691 ipsis
1048 5621 1281 5678 tribuens
1317 5623 1358 5675 '.
1390 5620 1518 5677 Haec
1576 5638 1740 5693 porro
1795 5622 1997 5679 videmt

2154 5640 2268 5677 νον
2336 5622 2525 5693 δόξης
2605 5625 3148 5697 καταιιηρονομῶν
3209 5624 3418 5690 αὐτοῖς.
3462 5612 3640 5691 ὀρῶμεν

541 5832 585 5861 ³⁵³
622 5831 725 5888 lsa.
758 5849 923 5901 xxxv,
954 5836 1026 5902 ὃ,
1059 5839 1112 5893 4.
1192 5841 1209 5871 ¹
1253 5839 1441 5896 Matth.
1478 5854 1610 5909 vm,
1633 5841 1722 5897 il.
1789 5844 1810 5875 ³
1848 5844 1868 5898 ι
1900 5840 2034 5915 Reg.

805 5849 923 5901 ιχν,
954 5836 1026 5902 5,
1059 5839 1112 5893 4.
1192 5841 1209 5871 ¹
1253 5839 1441 5896 Matth.
1478 5854 1610 5909 vm,
1633 5841 1722 5897 il.
1789 5844 1810 5875 ³
1848 5844 1868 5898 1
1900 5840 2034 5915 Reg.
2070 5857 2109 5899 II
2135 5882 2150 5911 ,
2190 5842 2242 5911 7,
2278 5844 2332 5900 8.
