3868 6282
204 321 230 372 I
245 321 354 374 Ε’Ξὸ

1359 306 1861 368 COMMENTARIA
1900 309 1965 365 IN
2006 306 2346 363 PSALMOS.

3303 310 3323 361 ί
3336 309 3441 363 334

195 439 263 492 δὲ
283 436 419 491 αὐτὰ
448 435 705 507 διηνεκῶς
736 434 840 486 ὑπὸ
888 433 978 486 τοῦ
1021 432 1128 485 τῶν
1153 433 1289 487 ὅλων
1324 432 1459 485 Θεοῦ
1490 432 1768 504 γινόμενα.

1879 430 2077 500 passim
2106 429 2176 482 ab
2202 427 2583 481 universorum
2625 424 2736 481 Deo
2767 424 2926 482 emci.
2966 426 3055 479 Sic
3085 426 3302 482 beatum
3342 428 3445 481 lla-

199 527 363 582 Οὖτω
388 526 480 580 τὸν
517 525 781 596 μακάριον
810 523 988 587 Δαυῖδ,
1012 522 1240 593 ποιμένα
1264 523 1414 589 ὅντα,
1438 523 1659 595 βασιλέα
1680 540 1776 577 πε-

204 620 406 691 ποίηκε
424 635 439 650 ο
473 618 616 672 οὕτω
651 617 739 670 τὸν
776 615 991 686 Ἰωσὴφ,
1019 617 1098 677 είς
1118 614 1357 668 δουλείαν
1382 615 1774 687 μεταπεσόντα,

202 712 304 765 ἐπὶ
332 711 420 763 τὸν
455 707 729 779 βασιλικὸν
761 707 979 760 ἐκάθισε
1018 706 1204 776 θρόνον
1223 723 1236 736 ·
1272 705 1413 759 οὕτω
1440 706 1528 760 τὸν
1550 705 1776 769 Μωσέα,

201 802 480 874 προσατέα
506 801 812 871 γενόμενον,
835 799 1161 870 δημαγωγὸν
1206 800 1449 870 ἀπέφηνε
1495 797 1589 853 τοῦ
1626 798 1774 863 λαοῦ,

201 896 305 947 καὶ
331 893 450 947 θεὸν
488 894 853 964 ἐχειροτόνησε
886 890 979 944 τοῦ
1009 890 1206 964 Φαραὼ
1225 909 1237 922 °
1268 891 1409 945 οὕτω
1433 891 1499 945 τὰ
1525 892 1673 961 ἔθνη,
1709 893 1775 962 τῇ

200 983 419 1055 δουλείᾳ
452 983 550 1053 τῆς
585 983 835 1045 ἀσεϐείας
862 982 1175 1036 δουλεύοντα
1209 982 1299 1035 καὶ
1341 986 1406 1054 τῇ
1448 983 1637 1054 κόπρῳ
1677 982 1778 1051 τῆς

200 1076 477 1147 ἁμαρτίας
503 1078 595 1129 καὶ
629 1075 952 1145 βδελυγμίας
983 1074 1377 1145 ἐπικαθήμενα,
1412 1073 1520 1125 τῶν
1549 1073 1642 1126 τοῦ
1674 1074 1775 1126 Ἰσ-

202 1166 343 1237 ραὴλ
384 1166 769 1237 δεδωρημένων
806 1164 1037 1236 ἠξίωσεν
1066 1165 1284 1234 ἀγαθῶν
1308 1183 1321 1195 ·
1365 1164 1506 1218 οὕτω
1543 1165 1643 1235 τὴν
1681 1167 1776 1218 ἁν-

198 1255 477 1326 θρωπείαν
508 1255 666 1324 φύσιν
693 1257 773 1319 εἰς
796 1254 957 1308 αὐτὸν
984 1254 1395 1308 καταπεσοῦσαν
1416 1254 1506 1306 τὸν
1534 1253 1627 1308 τοῦ
1650 1254 1777 1326 ᾅδου

195 1346 475 1417 πυθμένα,
507 1346 736 1399 ἀνέλαϐε
781 1347 876 1399 καὶ
906 1347 1167 1417 ἀνήγαγε,
1198 1347 1291 1400 καὶ
1314 1346 1565 1399 ἐκάθισεν
1594 1346 1780 1400 ἐπάνω

197 1440 386 1509 πάσης
427 1440 598 1509 ἀρχῆς
625 1439 716 1491 καὶ
744 1438 993 1501 ἐξουσίας
1022 1439 1117 1491 καὶ
1150 1438 1485 1510 κυριότητος,
1512 1437 1606 1492 καὶ
1640 1455 1777 1493 παν-

193 1530 293 1594 τὸς
338 1530 597 1599 ὀνόματος
639 1530 1062 1601 ὀνομαζομένου,
1093 1532 1154 1583 οὐ
1211 1530 1367 1601 μόνον
1416 1531 1474 1582 ἐν
1516 1530 1595 1601 τῷ
1622 1530 1777 1584 αἰῶνι

196 1622 397 1692 τούτῳ,
428 1622 561 1675 ἀλλὰ
588 1623 681 1675 καὶ
707 1624 762 1675 ἐν
794 1622 871 1693 τῷ
898 1622 1159 1693 μέλλοντι.

698 1737 1116 1791 ΑΛΛΗΛΟΥῙΑ.
1162 1734 1301 1788 PII".

1878 522 2076 585 videm,
2103 519 2194 589 qui
2230 526 2415 589 pastor
2439 526 2577 585 erat,
2607 534 2789 589 regem
2825 519 3145 587 constituit,
3176 520 3255 574 sic
3288 518 3444 575 Iose-

1876 612 2044 683 phum
2077 612 2133 666 in
2164 610 2479 666 servitutem
2510 609 2813 679 delapsum,
2850 611 2906 663 in
2937 612 3088 680 regio
3132 610 3331 665 throno
3356 624 3444 665 se—

1877 706 2007 760 dere
2052 703 2215 771 fecit;
2244 704 2326 759 sic
2357 701 2621 774 Moysem,
2659 702 2752 773 qui
2795 711 2985 773 pastor
3034 703 3232 769 fuerat,
3260 713 3443 757 orato-

1878 812 1991 853 rem
2014 797 2196 867 populi
2228 795 2607 858 denuntiavit,
2634 804 2688 851 et
2713 795 2873 849 deum
2902 794 3206 850 Pharaonis
3235 796 3445 851 consti-

1878 889 2013 954 tuit;
2049 890 2129 943 sic
2160 896 2351 958 gentes
2407 902 2527 958 quae
2565 886 2859 957 impietatis
2911 888 3161 943 servituti
3202 888 3445 944 subactae

1878 989 2050 1045 erant,
2086 990 2140 1034 et
2170 979 2398 1035 stercori
2435 979 2641 1049 peccati
2672 984 2725 1032 et
2764 978 3187 1034 abominationis
3240 977 3447 1033 inside-

1877 1075 2027 1137 bant,
2053 1072 2211 1128 bonis
2235 1070 2420 1128 Israeli
2448 1071 2664 1127 collatis
2692 1070 2947 1141 dignatus
2979 1078 3097 1136 est;
3131 1071 3210 1125 sic
3253 1071 3446 1124 huma-

1878 1180 2003 1220 nam
2043 1171 2295 1218 naturam
2318 1176 2440 1233 quae
2467 1161 2523 1216 in
2553 1161 2731 1231 ipsum
2763 1161 2961 1216 inferni
2991 1160 3321 1232 profundum
3350 1160 3446 1215 de-

1876 1256 2104 1320 ciderat,
2146 1254 2370 1324 recepit,
2402 1251 2640 1318 reduxit,
2668 1260 2723 1307 et
2745 1267 2909 1323 supra
2936 1266 3151 1307 omnem
3177 1252 3448 1323 principa-

1876 1356 2017 1410 tum,
2058 1354 2382 1418 potestatem
2425 1351 2478 1401 et
2510 1344 2936 1400 dominationem
2989 1344 3177 1400 sedere
3211 1343 3357 1406 fecit,
3383 1359 3448 1398 ac

1878 1455 2042 1509 supra
2071 1455 2233 1495 omne
2269 1452 2490 1502 nomen,
2520 1452 2631 1492 non
2658 1437 2836 1492 solum
2869 1437 2923 1490 in
2957 1437 3059 1491 hoc
3086 1436 3308 1501 saeculo,
3351 1436 3447 1491 sed

1876 1532 2039 1586 etiam
2077 1532 2131 1585 in
2169 1530 2350 1585 futuro
2380 1530 2673 1603 prolatum.

2374 1728 2736 1784 ALLEIJJIA.
2768 1728 2955 1784 CXIII.

284 1823 379 1877 Ἐν
404 1824 591 1892 ἐξόδῳ
631 1826 869 1895 Ἰσραὴλ
898 1826 967 1891 ἐξ
1000 1826 1322 1895 Αἰγύπτου,
1354 1825 1526 1879 οἴκου
1574 1824 1773 1880 Ἰακὼϐ

1950 1817 2110 1874 Vens.
2164 1820 2213 1883 I,
2245 1820 2300 1875 ‘2.
2350 1820 2415 1873 In
2465 1823 2609 1874 exitu
2656 1818 2826 1873 Israel
2865 1819 2928 1873 de
2958 1819 3210 1889 zEgypto,
3261 1818 3449 1872 domus

189 1915 268 1969 ἐκ
293 1916 447 1969 λαοῦ
460 1918 786 1985 βαρϐάρου,
824 1916 1074 1986 ἐγενήθη
1115 1916 1361 1970 Ἰουδαία
1385 1917 1647 1986 άγίασμα
1672 1920 1775 1971 αὺ-

190 2006 329 2073 τοῦ,
360 2008 599 2076 Ἰσραὴλ
630 2010 882 2073 ἐξουσία
906 2009 1112 2063 αὐτοῦ.
1137 2009 1343 2079 ’Ύμνος
1364 2009 1457 2063 καὶ
1483 2003 1634 2073 οὗτός
1660 2011 1773 2062 ἐστι

190 2099 300 2161 τὰς
342 2098 616 2163 Ἰουδαίοις
648 2100 752 2154 ὑπὸ
785 2100 881 2154 τοῦ
916 2101 1050 2155 Θεοῦ
1084 2102 1521 2172 παρασχεθείσας
1550 2104 1773 2175 εὐεργεσ-

195 2189 324 2252 σίας
346 2186 574 2254 διεξιὼν,
609 2189 702 2242 καὶ
727 2189 821 2243 τοῦ
855 2189 989 2243 Θεοῦ
1018 2191 1116 2262 τὴν
1143 2190 1369 2261 δύναμιν
1396 2191 1770 2264 διηγούμενος,

192 2277 294 2329 καὶ
319 2276 425 2329 τῶν
454 2276 685 2331 είδώλων
712 2279 989 2350 κωμῳδῶν
1017 2279 1115 2351 τὴν
1145 2281 1446 2337 ἀσθένειαν.
1491 2283 1773 2354 Ἀρμόττει

191 2370 255 2422 δὲ
306 2370 398 2422 κα¹ι
444 2364 597 2434 οὗτος
634 2371 662 2421 6
711 2369 879 2441 ὕμνος
922 2374 1033 2435 τοῖς
1068 2372 1127 2436 ἐξ
1159 2372 1327 2426 ἐθνῶν
1360 2378 1770 2443 πεπιστευκόσι,

193 2459 295 2512 καὶ
318 2459 416 2529 τῆς
448 2457 557 2511 τῶν
588 2457 818 2512 εἰδώλων
867 2460 1075 2531 πλάνης
1108 2462 1547 2534 ἀπηλλαγμένοις
1566 2482 1578 2495 ·
1636 2485 1771 2538 μαν-

192 2554 419 2609 θάνουσι
448 2553 555 2626 γὰρ
587 2555 708 2608 ὅσον
737 2554 798 2608 τὸ
834 2555 997 2626 μέσον
1026 2558 1135 2609 τῶν
1176 2557 1276 2610 οὐκ
1312 2558 1480 2612 ὄντων
1517 2561 1653 2631 πρὸς
1682 2561 1774 2614 τὸν

189 2644 346 2709 ὅντα,
383 2646 475 2699 καὶ
491 2645 566 2709 ὡς
598 2639 678 2709 εἷς
709 2648 823 2699 ἐστι
858 2647 989 2709 Θεὸς
1021 2648 1263 2711 Παλαιᾶς
1293 2649 1387 2702 καὶ
1424 2651 1632 2720 Καινῆς
1652 2653 1774 2704 Δια-

191 2737 394 2808 Θήκης.
448 2738 593 2790 ’Λντι
622 2738 678 2791 δὲ
724 2738 838 2801 τοῦ,
886 2740 986 2791 Ἐκ
1041 2740 1194 2793 λαοῦ
1240 2741 1578 2810 βαρϐάρου,
1612 2744 1640 2794 6
1675 2744 1773 2813 μὲν

206 2828 465 2893 Ἀκύλας,
493 2829 635 2883 Ἀπὸ
658 2829 810 2883 λαοῦ
839 2831 1307 2899 ἐτερογλώσσου·
1332 2833 1429 2885 ὁδὲ
1458 2834 1770 2905 Σύμμαχος,

203 2920 305 2973 Ἐκ
330 2922 483 2973 λαοῦ
527 2920 908 2989 ἀλλοφὼνυυ,
936 2922 1248 2976 ἐκδέδωκεν.
1295 2925 1580 2994 Ἐγεννήθη
1627 2927 1772 2981 Ἰου-

188 3011 339 3065 δαιά
388 3011 652 3081 ἀγίασμα
705 3013 912 3077 αὑτοῦ,
977 3012 1212 3081 Ἰσραὴλ
1267 3016 1520 3078 ἐξουσία
1564 3018 1769 3071 αὑτοῦ.

190 3102 372 3157 Πάλαι
421 3103 521 3171 μὲν
551 3104 682 3173 γὰρ,
721 3105 809 3157 ὅτε
838 3104 926 3157 διὰ
969 3104 1251 3169 Μωῦσέως
1282 3104 1378 3175 τὴν
1417 3105 1474 3173 ἐξ
1494 3107 1771 3175 Αἰγύπτου

187 3195 425 3267 πορείαν
438 3197 761 3268 ἐποιήσαντο
784 3197 833 3249 οί
851 3197 957 3251 ἀπὸ
973 3196 1066 3250 τοῦ
1084 3198 1348 3269 προτέρου
1368 3199 1513 3258 Λαοῦ.
1539 3200 1708 3270 βραχύ
1725 3218 1778 3254 τι

188 3288 389 3360 μόριον
404 3288 502 3359 τῆς
515 3289 617 3358 γῆς
638 3288 729 3341 καὶ
761 3288 963 3358 σφόδρα
992 3289 1213 3361 εὐτελὴς
1230 3290 1399 3358 γωνία
1428 3292 1525 3362 τῆς
1556 3292 1777 3364 ἁπάσης

186 3379 813 3450 οἱκουμένης,“Ιουδαία,
853 3379 1121 3444 ἐξείλεκτο
1144 3381 1219 3451 τῷ
1242 3381 1380 3452 Θεῷ,
1409 3384 1502 3436 καὶ
1539 3382 1687 3446 ἔθνος
1720 3384 1779 3436 ἒν

187 3472 257 3525 τὸ
303 3472 572 3526 Ἰουδαίων
593 3490 606 3504 ’
630 3474 752 3526 ἐπεὶ
784 3472 861 3539 δὲ,
897 3473 996 3544 τῆς
1029 3474 1295 3546 σωτηρίου
1338 3476 1658 3545 ἐπιφανείας
1677 3476 1777 3547 τῆς

189 3568 418 3638 χάριτος
444 3564 789 3637 ἁπλωθείσης
817 3566 938 3621 καθ’
967 3566 1094 3638 ὅλης
1140 3568 1237 3637 τῆς
1279 3569 1621 3642 οἰκουμένης,
1670 3570 1777 3624 ἀπὸ

190 3657 471 3712 ἀνατολῶν
517 3657 667 3729 ἡλίου
728 3658 889 3729 μέχρι
942 3657 1164 3729 δυσμῶν
1222 3660 1429 3713 αίνετὸν
1474 3662 1536 3714 τὸ
1605 3662 1777 3732 ὄνομα

189 3749 404 3821 Κυρίου
422 3789 438 3816 ,
473 3750 568 3802 καὶ
598 3748 802 3818 ὑψηλὸς
844 3749 945 3801 οὐκ
974 3750 1063 3802 ἐπ’
1095 3749 1246 3814 ἔθνος
1271 3751 1362 3803 τὸν
1400 3751 1630 3823 Ἰσραὴλ,
1659 3753 1773 3805 ἀλλ’

190 3840 401 3911 ὑψηλὸς
426 3841 519 3893 ἐπὶ⁵
544 3840 721 3894 πάντα
756 3838 826 3892 τὰ
855 3839 981 3911 ἔθνη
1014 3841 1235 3909 γέγονεν
1262 3843 1289 3894 6
1315 3841 1538 3914 Κύριος.

278 3931 343 3986 Ἠ
371 3931 662 3986 θάλασσα-
707 3927 864 3997 εἷδε,
907 3932 1005 3986 καὶ
1068 3934 1324 4003 ἔφυγεν,
1373 3938 1404 3989 ό
1466 3936 1773 4005 Ἰορδάνης

192 4022 466 4093 ἐστράφη
503 4026 591 4089 εις
617 4025 688 4079 τὰ
726 4024 949 4078 ὀπίσω·
989 4024 1060 4080 τὰ
1093 4026 1198 4095 ὅρη
1220 4028 1593 4097 ἐσκίρτησαν
1628 4032 1771 4084 ὡσεὶ

194 4114 373 4183 κριοὶ,
410 4114 508 4167 καὶ
532 4116 587 4168 οἱ
612 4116 829 4179 βουνοί
864 4118 1005 4173 ὡσεὶ
1025 4120 1541 4189 ἀρνίαηπροϐάτων.
1580 4123 1639 4175 Τί
1669 4123 1772 4176 σοι

193 4207 350 4268 ἐστι,
398 4206 697 4273 θάλασσα,
748 4208 837 4263 ὅτι
885 4210 1125 4281 ἔφυγες,
1168 4213 1263 4266 καὶ
1315 4213 1435 4277 σοὶ,
1477 4213 1767 4282 Ἰορδάνῃ,

197 4299 288 4351 ὅτι
319 4299 622 4368 ἐστράφης
652 4302 738 4366 εἰς
774 4302 847 4355 τὰ
881 4304 1111 4367 ὀπίσω;
1165 4303 1235 4356 τὰ
1288 4304 1417 4373 ὄρη,
1447 4304 1538 4358 ὅτι
1565 4307 1770 4376 ἐσκιρ-

196 4389 425 4454 fricare
454 4390 598 4445 ὡσεὶ
658 4392 832 4460 κριοὶ,
881 4393 980 4446 καὶ
1025 4398 1077 4447 οὶ
1106 4395 1345 4459 βουνοί,
1398 4395 1541 4450 ὡσεὶ
1590 4398 1769 4465 ἀρνία

198 4479 553 4574 προβάτων;
590 4481 731 4574 ’ᾼπὸ
783 4481 1109 4574 προσώπου
1130 4484 1353 4553 Κυρίου
1381 4485 1682 4555 ἐσαλεύθη
1727 4489 1766 4558 ὴ
1802 4518 1845 4574 D

196 4571 298 4643 τῆ,
314 4572 431 4627 ἀπὸ
459 4571 782 4639 προσώπου
799 4573 904 4627 τοῦ
924 4574 1070 4627 Θεοῦ
1097 4574 1323 4642 Ἰακὼϐ,
1346 4576 1453 4630 τοῦ
1471 4575 1773 4645 στρέψαν-

198 4682 303 4729 τος
328 4664 441 4733 τὴν
462 4663 685 4732 πέτραν
710 4666 797 4730 είς
823 4666 1041 4734 λᾲινας
1068 4665 1320 4731 ὑδάτων,
1338 4668 1436 4722 καὶ
1463 4668 1577 4737 τὴν
1595 4654 1773 4738 άκρόέ

200 4771 384 4823 τομον
414 4756 500 4819 είς
523 4753 718 4823 πηγὰς
749 4752 1002 4809 ὑδάτων.
1030 4758 1185 4808 Δοκεῖ
1210 4773 1297 4827 μοι
1330 4756 1493 4810 πάλιν
1525 4758 1773 4811 ἐντεῦθεν

201 4846 231 4898 6
275 4843 427 4911 λόγος
469 4844 567 4914 τὴν
617 4844 951 4914 προφητείαν
985 4845 1257 4898 ποιεῖσθαι
1304 4845 1404 4917 τῆς
1450 4846 1556 4899 τῶν
1603 4846 1773 4901 ἐθνῶν

202 4936 454 4992 ἁπάντων
503 4937 765 5007 κλήσεως.
802 4936 979 4991 Πάλαι
1009 4938 1104 5007 μὲν
1130 4937 1260 5010 γὰρ,
1291 4939 1442 5008 φησὶ,
1492 4938 1632 4992 κατὰ
1675 4939 1774 5011 τὴν

205 5029 263 5096 ἐξ
293 5029 563 5098 Αἰγύπτου
583 5029 829 5101 πορείαν,
860 5030 1087 5085 Ἰουδαία
1115 5032 1248 5103 μόνη
1280 5032 1500 5100 γέγονεν
1526 5032 1773 5103 ἀγίασμα

204 5119 295 5173 τοῦ
322 5120 476 5183 Θεοῦ,
495 5122 586 5173 καὶ
621 5120 777 5191 μόνος
800 5120 1013 5191 Ἰσραὴλ
1046 5122 1150 5175 ὑπὸ
1178 5120 1274 5193 τὴν
1303 5122 1548 5189 ἐξουσίαν
1585 5123 1772 5180 αὑτοῦ.

206 5212 313 5266 Καὶ
348 5212 513 5266 πάλαι
545 5213 644 5283 μὲν
676 5212 876 5284 μερική
926 5229 1009 5276 τις
1045 5213 1265 5282 γέγονεν
1290 5215 1542 5287 αἴσθησις
1570 5216 1772 5273 θαλάσ-

210 5320 325 5374 σης,
363 5305 456 5358 καὶ
489 5303 733 5374 ποταμοῦ
774 5304 866 5357 καὶ
902 5303 1044 5373 ὀρῶν
1075 5306 1169 5359 καὶ
1210 5305 1450 5376 βουνῶν·
1489 5306 1584 5361 νῦν
1613 5309 1669 5362 δὲ
1710 5310 1772 5363 τὸ

210 5394 313 5445 πᾶν
356 5396 612 5465 στοιχεῖον
656 5397 755 5466 τῆς
818 5396 921 5466 γῆς
963 5395 1215 5450 κινείσθω
1269 5401 1361 5453 καὶ
1420 5401 1729 5455 σαλευέσθω
1756 5417 1769 5431 ·

212 5483 406 5554 μᾶλλον
432 5487 488 5541 δέ
518 5486 659 5540 κατὰ
683 5488 773 5541 τὸν
802 5487 1051 5551 Ἀκύλαν,
1074 5487 1434 5558 ὼδινησάτω,
1469 5494 1615 5557 ὅπως
1640 5493 1775 5564 πλη-

213 5573 351 5645 ρωθῇ
403 5576 463 5629 τὸ
517 5578 805 5647 εἰρημένον
864 5580 968 5633 ὑπὸ
1028 5582 1247 5637 Ἡσαΐου
1303 5585 1612 5655 προφήτου’
1679 5585 1775 5651 Τίς

279 5729 297 5759 ³
334 5727 437 5785 Isa.
474 5746 628 5794 uvr,
653 5730 704 5785 8.

444 5825 718 5885 Ριτιιοι..
765 5824 883 5885 Gn.
932 5824 1167 5887 XXIII.

1879 1910 2045 1966 Iacob
2077 1912 2140 1966 de
2160 1913 2349 1981 populo
2378 1911 2627 1976 barbaro,
2662 1911 2807 1981 facta
2826 1920 2901 1965 est
2920 1910 3113 1964 Iudaea
3143 1912 3448 1979 saucii/ica-

1881 2006 1955 2057 tio
2002 2004 2136 2075 ejus,
2175 2003 2348 2058 Israel
2387 2014 2619 2074 potestas
2658 2003 2791 2072 ejus.
2846 2002 2944 2056 Hic
2976 2017 3190 2072 quoque
3218 2002 3451 2073 hymnus

1879 2101 1987 2157 est,
2009 2094 2101 2163 qui
2134 2092 2394 2147 beneﬁcia
2434 2101 2825 2148 commemorat
2857 2090 3059 2146 Iudaeis
3091 2106 3120 2144 a
3153 2090 3260 2146 Deo
3282 2092 3452 2145 colla-

1879 2192 1954 2248 ta,
1983 2193 2144 2255 atque
2165 2183 2258 2240 Dei
2292 2186 2545 2239 virtutem
2575 2192 2818 2250 enarrat,
2866 2184 3247 2253 idolorumque
3279 2183 3451 2238 imbe-

1879 2277 2157 2332 cillitatem
2185 2276 2413 2331 deridet.
2439 2274 2707 2332 Convenit
2728 2275 2855 2332 item
2894 2277 2981 2330 hic
3008 2276 3241 2347 hymnus
3270 2278 3452 2347 genti-

1881 2366 2024 2420 libus
2048 2366 2139 2435 qui
2163 2366 2534 2431 crediderunt,
2563 2376 2617 2423 et
2638 2368 2707 2422 ab
2736 2367 3005 2422 idolorum
3029 2382 3217 2423 errore
3241 2368 3452 2422 liberati

1881 2467 2009 2513 sunt
2035 2478 2046 2513 :
2073 2458 2295 2514 discunt
2330 2460 2475 2514 enim
2506 2467 2770 2530 quantum
2811 2461 3028 2516 intersit
3064 2462 3207 2515 inter
3234 2476 3330 2515 eos
3360 2462 3453 2531 qui

1879 2567 1989 2606 non
2018 2562 2146 2607 sunt
2173 2561 2225 2607 et
2251 2568 2373 2607 eum
2396 2553 2490 2623 qui
2526 2562 2631 2617 est,
2663 2562 2717 2609 et
2744 2553 2889 2625 quod
2919 2570 3061 2609 unus
3104 2552 3355 2624 idemque
3384 2556 3455 2608 sit

1881 2643 2093 2701 Veteris
2114 2655 2167 2700 et
2205 2644 2339 2699 Novi
2379 2644 2716 2702 Testamenti
2762 2645 2928 2701 Deus.
2967 2645 3073 2701 Pro
3114 2647 3207 2701 illo
3248 2657 3451 2712 autem,

1880 2736 1957 2790 De
1978 2738 2168 2806 populo
2200 2737 2465 2801 barbaro;
2493 2738 2709 2809 Aquila,
2752 2738 2830 2792 De
2864 2738 3054 2807 populo
3088 2738 3308 2793 alterius
3350 2738 3455 2791 lin-

1880 2844 2027 2897 gute;
2066 2828 2445 2899 Symmachus,
2477 2829 2554 2883 De
2590 2830 2780 2898 populo
2811 2832 3033 2885 alterius
3072 2832 3230 2897 vocis,
3264 2831 3452 2887 edidit.

1884 2918 2055 2973 Facta
2093 2931 2169 2974 est
2215 2920 2408 2974 Iudam
2454 2923 2809 2991 sanctiﬁcatio
2852 2922 2989 2991 ejus,
3022 2921 3198 2976 Israel
3224 2932 3453 2991 potestas

1879 3013 2012 3081 ejus.
2049 3012 2187 3071 Olim
2221 3030 2455 3085 namque
2488 3030 2611 3069 cum
2654 3016 2803 3085 prior
2838 3016 2926 3069 ille
2964 3016 3233 3086 populus,
3270 3015 3454 3087 Moyse

1881 3102 2040 3169 duce,
2065 3090 2355 3159 transitu'm
2389 3106 2590 3160 faceret
2605 3121 2667 3160 ex
2687 3104 2943 3177 Egypto,
2977 3107 3189 3161 modica
3206 3109 3451 3179 quaedam

1803 3163 1850 3226 ο
1882 3203 2040 3248 terras
2058 3197 2255 3265 portio,
2276 3204 2328 3250 et
2350 3196 2579 3267 exiguus
2607 3197 2777 3253 totius
2795 3163 2956 3254 brbis
2981 3163 3241 3272 angulus:
3262 3200 3452 3255 Iudaea

1880 3285 2111 3349 scilicet,
2144 3302 2175 3340 a
2209 3286 2317 3342 Deo
2347 3289 2521 3343 electa
2566 3290 2763 3357 fuerat,
2798 3301 2961 3362 atque
3000 3308 3107 3346 una
3138 3291 3451 3349 Iudaeorum

1879 3378 2050 3431 natio.
2082 3377 2219 3433 Cum
2266 3389 2447 3435 autem
2491 3396 2589 3451 per
2620 3383 2915 3438 salutarem
2962 3385 3252 3441 adventum
3280 3388 3455 3457 gratia

1880 3470 1934 3525 in
1971 3478 2088 3526 toto
2122 3473 2252 3527 orbe
2282 3472 2453 3528 eﬂ‘usa
2483 3482 2651 3539 esset,
2683 3490 2713 3528 a
2754 3477 2886 3531 solis
2912 3490 3035 3532 ortu
3065 3494 3238 3549 usque
3262 3480 3329 3534 ad
3360 3495 3456 3533 oc-

1878 3576 2069 3619 casum
2130 3564 2402 3621 laudabile
2436 3566 2536 3620 fuit
2581 3583 2781 3623 nomen
2810 3568 3024 3623 Domini
3060 3589 3073 3624 :
3110 3584 3174 3625 ac
3204 3572 3456 3627 excelsus

1878 3668 1989 3708 non
2032 3670 2198 3725 super
2226 3672 2387 3710 unam
2420 3659 2640 3713 Israelis
2683 3667 2923 3729 gentem,
2959 3662 3055 3714 sed
3084 3662 3334 3717 excelsus
3361 3679 3456 3716 su-

1878 3762 1979 3815 per
2010 3762 2202 3803 omnes
2230 3759 2419 3817 gentes
2446 3749 2548 3804 fuit
2576 3750 2864 3807 Dominus.

1948 3932 2115 3986 Vens.
2149 3933 2256 3988 5-8.
2289 3932 2343 3986 Μ
2350 3950 2439 3987 are
2460 3933 2608 3998 vidit,
2635 3943 2684 3988 et
2711 3934 2868 4004 fugit,
2894 3933 3151 3989 Iordanis
3172 3953 3453 3994 conversus

1872 4035 1950 4080 est
1980 4036 2287 4080 retrorsum.
2328 4026 2530 4079 Ilvates
2557 4026 2951 4081 exsultaverunt
2997 4028 3130 4081 sicut
3162 4031 3373 4092 arietes,
3406 4040 3455 4084 et

1872 4118 2031 4172 colles
2074 4118 2211 4170 sicut
2243 4118 2365 4185 agni
2396 4118 2589 4171 ovium.
2644 4116 2784 4183 Quid
2818 4128 2896 4173 est
2944 4119 3058 4187 tibi,
3098 4137 3265 4184 mare,
3317 4124 3455 4192 quod

1871 4208 2075 4278 fugisti,
2100 4216 2149 4260 et
2181 4216 2256 4270 tu,
2278 4206 2557 4275 Iordanis,
2581 4211 2705 4279 quia
2723 4224 3002 4265 conversus
3033 4229 3087 4266 es
3122 4224 3409 4268 retrorsum
3430 4220 3453 4271 .’

1871 4299 2101 4361 Montes,
2135 4298 2444 4353 exsultastis
2473 4300 2609 4353 sicut
2645 4302 2857 4367 arietes,
2880 4312 2929 4357 et
2956 4303 3139 4368 colles,
3173 4306 3308 4359 sicut
3329 4294 3454 4377 agni

1871 4391 2089 4444 ovium?
2123 4389 2165 4442 Α
2198 4389 2334 4457 [acie
2368 4388 2577 4443 Domini
2632 4399 2776 4444 mota
2807 4401 2885 4446 est
2913 4402 3077 4456 terra,
3125 4410 3159 4447 a
3188 4394 3324 4464 facie
3357 4396 3453 4451 Dei

1872 4481 2040 4535 Iacob
2062 4524 2076 4547 ,
2109 4482 2199 4551 qui
2236 4484 2489 4539 convertit
2528 4492 2730 4552 petram
2777 4484 2832 4536 in
2864 4492 3053 4555 stagna
3084 4502 3365 4555 aquarum,
3399 4497 3450 4542 et

1874 4584 2200 4644 prceruptum
2233 4577 2287 4629 in
2309 4574 2476 4643 fontes
2506 4592 2783 4646 aquarum.
2810 4573 3039 4630 Videtur
3065 4576 3198 4630 mihi
3231 4594 3452 4633 rursum

1880 4668 1967 4722 hic
1992 4682 2173 4723 sermo
2222 4668 2562 4739 prOphetiam
2610 4669 2773 4723 edere
2804 4666 2872 4723 de
2918 4668 3160 4740 gentium
3206 4672 3451 4725 omnium

1878 4758 2187 4813 vocatione.
2246 4758 2389 4815 Olim
2445 4774 2709 4829 namque,
2768 4759 2873 4825 ait,
2920 4774 3044 4813 cum
3100 4760 3335 4831 populus
3382 4778 3453 4816 ex

1883 4847 2120 4921 JEgypto
2142 4850 2518 4919 egrederetur,
2553 4848 2668 4904 sola
2707 4846 2894 4903 Iudaea
2928 4847 3070 4904 facta
3100 4855 3184 4905 est
3211 4852 3453 4906 sanctitl-

1880 4943 2025 4997 catio
2057 4941 2173 5005 Dei,
2206 4949 2258 4997 et
2275 4941 2425 4997 solus
2447 4940 2617 4995 Israel
2648 4940 2752 4996 sub
2785 4948 3057 5011 potestate
3077 4942 3197 5012 ejus
3222 4951 3360 4999 erat.
3385 4942 3453 4997 Et

1881 5034 2010 5090 olim
2039 5033 2257 5104 quidem
2281 5032 2628 5103 particularis
2658 5047 2855 5088 sensus
2889 5032 3057 5087 maris
3082 5041 3227 5098 erat,
3254 5041 3310 5090 et
3344 5035 3449 5089 llu-

1880 5127 2045 5181 minis
2072 5134 2126 5181 et
2156 5127 2420 5181 montium
2451 5134 2504 5182 et
2521 5126 2739 5181 collium
2766 5140 2946 5181 :nunc
2974 5140 3104 5181 vero
3135 5126 3450 5183 universum

1878 5227 2037 5273 teme
2066 5218 2391 5274 elementum
2416 5225 2696 5273 moveatur
2722 5227 2776 5272 et
2802 5216 3179 5279 concutiatur;
3206 5217 3315 5273 imo
3348 5235 3450 5288 po-

1878 5310 1989 5368 tius
2036 5310 2341 5366 secundum
2389 5309 2660 5381 Aquilam,
2703 5310 2989 5378 parturiat,
3045 5319 3105 5365 ut
3161 5310 3445 5381 impleatur

1880 5402 2023 5474 quod
2047 5402 2251 5457 dictum
2280 5411 2363 5458 est
2390 5417 2487 5473 per
2511 5402 2704 5457 Isaiam
2732 5401 3056 5472 prophetam
3100 5420 3114 5457 :
3143 5400 3273 5466 Quis
3301 5401 3450 5454 audi-

1880 5495 1952 5549 vit
1996 5495 2148 5556 talia,
2178 5502 2227 5548 et
2267 5493 2385 5565 quis
2423 5492 2552 5549 vidit
2582 5493 2695 5549 sic?
2721 5493 2779 5549 Si
2810 5494 3092 5563 parturivit
3121 5505 3262 5549 terra
3286 5496 3340 5548 in
3368 5494 3453 5548 die

1883 5603 2008 5658 una,
2028 5596 2076 5639 et
2105 5593 2231 5640 nata
2257 5595 2334 5641 est
2365 5601 2487 5655 gens
2512 5592 2623 5640 tota
2647 5584 2806 5638 simul
2828 5584 2885 5637 ιι
2911 5582 3046 5637 Nam
3079 5600 3203 5639 cum
3239 5588 3455 5642 vocatio

3045 5832 3121 5889 £3
