  <div class='ocr_page' id='page_1' title='image "/cluster/home/n/w/nwhite01/storage/ocr_20150623/23/mdp.39015078384396/705.png"; bbox 0 0 3868 6282; ppageno 0'>
   <div class='ocr_carea' id='block_1_1' title="bbox 471 273 3632 343">
    <p class='ocr_par' dir='ltr' id='par_1_1' title="bbox 471 273 3632 343">
     <span class='ocr_line' id='line_1_1' title="bbox 471 273 3632 343; baseline -0.002 -8"><span class='ocrx_word' id='word_1_1' title='bbox 471 279 610 335; x_wconf 69' lang='grc' dir='ltr'>ισκες</span> <span class='ocrx_word' id='word_1_2' title='bbox 1170 277 1433 335; x_wconf 83' lang='lat' dir='ltr'><strong>EUSEBII</strong></span> <span class='ocrx_word' id='word_1_3' title='bbox 1468 276 1942 334; x_wconf 61' lang='lat' dir='ltr'><strong>CAESARIENSIS</strong></span> <span class='ocrx_word' id='word_1_4' title='bbox 1977 274 2130 332; x_wconf 82' lang='lat' dir='ltr'><strong>OPP.</strong></span> <span class='ocrx_word' id='word_1_5' title='bbox 2173 274 2352 333; x_wconf 79' lang='lat' dir='ltr'><strong>PARS</strong></span> <span class='ocrx_word' id='word_1_6' title='bbox 2387 275 2476 331; x_wconf 83' lang='lat' dir='ltr'><strong>Ill.</strong></span> <span class='ocrx_word' id='word_1_7' title='bbox 2503 306 2572 320; x_wconf 88' lang='lat'><strong>-</strong></span> <span class='ocrx_word' id='word_1_8' title='bbox 2609 273 3016 331; x_wconf 76' lang='lat' dir='ltr'><strong>EXEGETICA.</strong></span> <span class='ocrx_word' id='word_1_9' title='bbox 3526 287 3632 343; x_wconf 64' lang='lat'><strong>1355</strong></span> 
     </span>
    </p>
   </div>
   <div class='ocr_carea' id='block_1_2' title="bbox 469 387 1996 463">
    <p class='ocr_par' dir='ltr' id='par_1_2' title="bbox 469 389 1996 463">
     <span class='ocr_line' id='line_1_2' title="bbox 469 389 1996 463; baseline -0.001 -16"><span class='ocrx_word' id='word_1_10' title='bbox 469 392 710 463; x_wconf 84' lang='lat' dir='ltr'><strong>gentium</strong></span> <span class='ocrx_word' id='word_1_11' title='bbox 738 397 792 447; x_wconf 87' lang='lat' dir='ltr'><strong>et</strong></span> <span class='ocrx_word' id='word_1_12' title='bbox 848 389 942 446; x_wconf 88' lang='lat' dir='ltr'><strong>Dei</strong></span> <span class='ocrx_word' id='word_1_13' title='bbox 994 389 1166 461; x_wconf 82' lang='lat' dir='ltr'><strong>gratia</strong></span> <span class='ocrx_word' id='word_1_14' title='bbox 1199 392 1255 446; x_wconf 92' lang='lat' dir='ltr'><strong>in</strong></span> <span class='ocrx_word' id='word_1_15' title='bbox 1285 392 1598 448; x_wconf 77' lang='lat' dir='ltr'><strong>universum</strong></span> <span class='ocrx_word' id='word_1_16' title='bbox 1634 392 1916 447; x_wconf 83' lang='lat' dir='ltr'><strong>hominum</strong></span> <span class='ocrx_word' id='word_1_17' title='bbox 1940 405 1996 446; x_wconf 87' lang='lat' dir='ltr'><strong>Ol</strong></span> 
     </span>
    </p>
   </div>
   <div class='ocr_carea' id='block_1_3' title="bbox 2111 387 3638 463">
    <p class='ocr_par' dir='ltr' id='par_1_3' title="bbox 2140 387 3638 461">
     <span class='ocr_line' id='line_1_3' title="bbox 2140 387 3638 461; baseline 0.001 -16"><span class='ocrx_word' id='word_1_18' title='bbox 2140 391 2371 461; x_wconf 81' lang='grc' dir='ltr'>ἤκουσε</span> <span class='ocrx_word' id='word_1_19' title='bbox 2387 388 2647 451; x_wconf 84' lang='grc' dir='ltr'>τοιαῦτα,</span> <span class='ocrx_word' id='word_1_20' title='bbox 2673 387 2771 442; x_wconf 77' lang='grc' dir='ltr'>καὶ</span> <span class='ocrx_word' id='word_1_21' title='bbox 2790 388 2884 455; x_wconf 80' lang='grc' dir='ltr'>τίς</span> <span class='ocrx_word' id='word_1_22' title='bbox 2906 388 3165 456; x_wconf 80' lang='grc' dir='ltr'>ἑώρακεν</span> <span class='ocrx_word' id='word_1_23' title='bbox 3182 390 3391 456; x_wconf 68' lang='grc' dir='ltr'>οὔτως-ς</span> <span class='ocrx_word' id='word_1_24' title='bbox 3433 392 3491 446; x_wconf 83' lang='lat' dir='ltr'><strong>Et</strong></span> <span class='ocrx_word' id='word_1_25' title='bbox 3506 395 3638 452; x_wconf 63' lang='lat' dir='ltr'><strong>diem</strong></span> 
     </span>
    </p>
   </div>
   <div class='ocr_carea' id='block_1_4' title="bbox 468 477 1995 556">
    <p class='ocr_par' dir='ltr' id='par_1_4' title="bbox 468 481 1995 554">
     <span class='ocr_line' id='line_1_4' title="bbox 468 481 1995 554; baseline -0.001 -16"><span class='ocrx_word' id='word_1_26' title='bbox 468 483 592 538; x_wconf 80' lang='lat' dir='ltr'><strong>hem</strong></span> <span class='ocrx_word' id='word_1_27' title='bbox 613 481 937 538; x_wconf 76' lang='lat' dir='ltr'><strong>eﬂundenda</strong></span> <span class='ocrx_word' id='word_1_28' title='bbox 962 490 1126 546; x_wconf 87' lang='lat' dir='ltr'><strong>esset,</strong></span> <span class='ocrx_word' id='word_1_29' title='bbox 1158 499 1380 540; x_wconf 89' lang='lat' dir='ltr'><strong>necesse</strong></span> <span class='ocrx_word' id='word_1_30' title='bbox 1417 500 1644 554; x_wconf 78' lang='lat' dir='ltr'><strong>prorsus</strong></span> <span class='ocrx_word' id='word_1_31' title='bbox 1672 496 1789 539; x_wconf 84' lang='lat' dir='ltr'><strong>erat</strong></span> <span class='ocrx_word' id='word_1_32' title='bbox 1813 483 1995 538; x_wconf 80' lang='lat' dir='ltr'><strong>simula</strong></span> 
     </span>
    </p>
   </div>
   <div class='ocr_carea' id='block_1_5' title="bbox 2113 477 3640 556">
    <p class='ocr_par' dir='ltr' id='par_1_5' title="bbox 2141 477 3640 556">
     <span class='ocr_line' id='line_1_5' title="bbox 2141 477 3640 556; baseline -0.002 -21"><span class='ocrx_word' id='word_1_33' title='bbox 2141 480 2216 556; x_wconf 60' lang='grc' dir='ltr'>γῆ</span> <span class='ocrx_word' id='word_1_34' title='bbox 2241 482 2311 535; x_wconf 87' lang='grc' dir='ltr'><strong>ἐν</strong></span> <span class='ocrx_word' id='word_1_35' title='bbox 2334 479 2444 547; x_wconf 83' lang='grc' dir='ltr'>μιᾷ</span> <span class='ocrx_word' id='word_1_36' title='bbox 2469 479 2681 548; x_wconf 73' lang='grc' dir='ltr'>ᾑμέρᾳ,</span> <span class='ocrx_word' id='word_1_37' title='bbox 2716 477 2814 532; x_wconf 75' lang='grc' dir='ltr'>καὶ</span> <span class='ocrx_word' id='word_1_38' title='bbox 2838 479 3048 546; x_wconf 73' lang='grc' dir='ltr'>ἐτέχθη</span> <span class='ocrx_word' id='word_1_39' title='bbox 3074 478 3239 545; x_wconf 77' lang='grc' dir='ltr'>ἔθνος</span> <span class='ocrx_word' id='word_1_40' title='bbox 3265 482 3535 548; x_wconf 62' lang='lat' dir='ltr'><strong>statiuis;</strong></span> <span class='ocrx_word' id='word_1_41' title='bbox 3556 487 3640 556; x_wconf 71' lang='grc' dir='ltr'>Τῆς</span> 
     </span>
    </p>
   </div>
   <div class='ocr_carea' id='block_1_6' title="bbox 470 568 1997 644">
    <p class='ocr_par' dir='ltr' id='par_1_6' title="bbox 470 574 1997 644">
     <span class='ocr_line' id='line_1_6' title="bbox 470 574 1997 644; baseline -0.001 -15"><span class='ocrx_word' id='word_1_42' title='bbox 470 588 563 629; x_wconf 87' lang='lat' dir='ltr'><strong>cra</strong></span> <span class='ocrx_word' id='word_1_43' title='bbox 616 574 859 644; x_wconf 87' lang='lat' dir='ltr'><strong>gentium</strong></span> <span class='ocrx_word' id='word_1_44' title='bbox 908 589 938 628; x_wconf 91' lang='lat' dir='ltr'><strong>a</strong></span> <span class='ocrx_word' id='word_1_45' title='bbox 987 575 1190 628; x_wconf 61' lang='lat' dir='ltr'><strong>seculo</strong></span> <span class='ocrx_word' id='word_1_46' title='bbox 1219 575 1482 638; x_wconf 79' lang='lat' dir='ltr'><strong>stabilita,</strong></span> <span class='ocrx_word' id='word_1_47' title='bbox 1522 575 1944 630; x_wconf 79' lang='lat' dir='ltr'><strong>commotionem</strong></span> <span class='ocrx_word' id='word_1_48' title='bbox 1985 592 1997 627; x_wconf 75' lang='grc' dir='ltr'><strong>ι</strong></span> 
     </span>
    </p>
   </div>
   <div class='ocr_carea' id='block_1_7' title="bbox 2114 568 3641 644">
    <p class='ocr_par' dir='ltr' id='par_1_7' title="bbox 2141 568 3641 644">
     <span class='ocr_line' id='line_1_7' title="bbox 2141 568 3641 644; baseline 0.001 -20"><span class='ocrx_word' id='word_1_49' title='bbox 2141 572 2248 642; x_wconf 74' lang='grc' dir='ltr'>γὰρ</span> <span class='ocrx_word' id='word_1_50' title='bbox 2280 571 2529 642; x_wconf 83' lang='grc' dir='ltr'><strong>κλήσεως</strong></span> <span class='ocrx_word' id='word_1_51' title='bbox 2569 568 2680 623; x_wconf 83' lang='grc' dir='ltr'><strong>τῶν</strong></span> <span class='ocrx_word' id='word_1_52' title='bbox 2710 568 2880 622; x_wconf 84' lang='grc' dir='ltr'>ὲθνῶν</span> <span class='ocrx_word' id='word_1_53' title='bbox 2923 569 3016 622; x_wconf 78' lang='grc' dir='ltr'>καὶ</span> <span class='ocrx_word' id='word_1_54' title='bbox 3061 568 3162 638; x_wconf 83' lang='grc' dir='ltr'>τῆς</span> <span class='ocrx_word' id='word_1_55' title='bbox 3192 569 3284 623; x_wconf 78' lang='grc' dir='ltr'>τοῦ</span> <span class='ocrx_word' id='word_1_56' title='bbox 3313 571 3441 624; x_wconf 79' lang='grc' dir='ltr'>Θεοῦ</span> <span class='ocrx_word' id='word_1_57' title='bbox 3471 574 3641 644; x_wconf 67' lang='grc' dir='ltr'>χάριτος</span> 
     </span>
    </p>
   </div>
   <div class='ocr_carea' id='block_1_8' title="bbox 472 658 1999 736">
    <p class='ocr_par' dir='ltr' id='par_1_8' title="bbox 472 665 1999 735">
     <span class='ocr_line' id='line_1_8' title="bbox 472 665 1999 735; baseline 0.004 -20"><span class='ocrx_word' id='word_1_58' title='bbox 472 665 886 720; x_wconf 68' lang='lat' dir='ltr'><strong>concessionem</strong></span> <span class='ocrx_word' id='word_1_59' title='bbox 927 666 1063 734; x_wconf 88' lang='lat' dir='ltr'><strong>pati,</strong></span> <span class='ocrx_word' id='word_1_60' title='bbox 1094 673 1148 721; x_wconf 87' lang='lat' dir='ltr'><strong>et</strong></span> <span class='ocrx_word' id='word_1_61' title='bbox 1174 666 1446 722; x_wconf 67' lang='lat' dir='ltr'><strong>daemones</strong></span> <span class='ocrx_word' id='word_1_62' title='bbox 1480 666 1535 720; x_wconf 92' lang='lat' dir='ltr'><strong>in</strong></span> <span class='ocrx_word' id='word_1_63' title='bbox 1574 666 1707 735; x_wconf 85' lang='lat' dir='ltr'><strong>ipsis</strong></span> <span class='ocrx_word' id='word_1_64' title='bbox 1740 666 1999 721; x_wconf 66' lang='lat' dir='ltr'><strong>habitanti</strong></span> 
     </span>
    </p>
   </div>
   <div class='ocr_carea' id='block_1_9' title="bbox 2117 658 3644 736">
    <p class='ocr_par' dir='ltr' id='par_1_9' title="bbox 2147 658 3644 736">
     <span class='ocr_line' id='line_1_9' title="bbox 2147 658 3644 736; baseline 0.002 -23"><span class='ocrx_word' id='word_1_65' title='bbox 2147 661 2441 733; x_wconf 74' lang='grc' dir='ltr'><strong>μελλούσης</strong></span> <span class='ocrx_word' id='word_1_66' title='bbox 2471 659 2684 731; x_wconf 85' lang='grc' dir='ltr'>χεῖσθαι</span> <span class='ocrx_word' id='word_1_67' title='bbox 2717 658 2837 714; x_wconf 85' lang='grc' dir='ltr'>καθ’</span> <span class='ocrx_word' id='word_1_68' title='bbox 2868 659 2996 729; x_wconf 78' lang='grc' dir='ltr'>ὅλης</span> <span class='ocrx_word' id='word_1_69' title='bbox 3022 661 3123 730; x_wconf 81' lang='grc' dir='ltr'>τῆς</span> <span class='ocrx_word' id='word_1_70' title='bbox 3144 659 3245 712; x_wconf 72' lang='grc' dir='ltr'><strong>ὑπὸ</strong></span> <span class='ocrx_word' id='word_1_71' title='bbox 3276 661 3381 716; x_wconf 85' lang='grc' dir='ltr'><strong>τῶν</strong></span> <span class='ocrx_word' id='word_1_72' title='bbox 3404 664 3644 736; x_wconf 71' lang='grc' dir='ltr'>ἀνθρὼτασι</span> 
     </span>
    </p>
   </div>
   <div class='ocr_carea' id='block_1_10' title="bbox 473 747 2000 828">
    <p class='ocr_par' dir='ltr' id='par_1_10' title="bbox 473 754 2000 828">
     <span class='ocr_line' id='line_1_10' title="bbox 473 754 2000 828; baseline 0 -20"><span class='ocrx_word' id='word_1_73' title='bbox 473 754 683 824; x_wconf 79' lang='lat' dir='ltr'><strong>fugere,</strong></span> <span class='ocrx_word' id='word_1_74' title='bbox 715 762 775 810; x_wconf 93' lang='lat' dir='ltr'><strong>ut</strong></span> <span class='ocrx_word' id='word_1_75' title='bbox 812 757 1045 826; x_wconf 89' lang='lat' dir='ltr'><strong>populus</strong></span> <span class='ocrx_word' id='word_1_76' title='bbox 1088 773 1152 812; x_wconf 80' lang='lat' dir='ltr'><strong>ex</strong></span> <span class='ocrx_word' id='word_1_77' title='bbox 1193 758 1449 828; x_wconf 77' lang='lat' dir='ltr'><strong>gentibus</strong></span> <span class='ocrx_word' id='word_1_78' title='bbox 1496 773 1595 828; x_wconf 90' lang='lat' dir='ltr'><strong>per</strong></span> <span class='ocrx_word' id='word_1_79' title='bbox 1636 765 1809 812; x_wconf 91' lang='lat' dir='ltr'><strong>totum</strong></span> <span class='ocrx_word' id='word_1_80' title='bbox 1857 756 2000 812; x_wconf 74' lang='lat' dir='ltr'><strong>urbe:</strong></span> 
     </span>
    </p>
   </div>
   <div class='ocr_carea' id='block_1_11' title="bbox 2119 747 3646 828">
    <p class='ocr_par' dir='ltr' id='par_1_11' title="bbox 2144 747 3646 826">
     <span class='ocr_line' id='line_1_11' title="bbox 2144 747 3646 826; baseline 0.001 -20"><span class='ocrx_word' id='word_1_81' title='bbox 2144 750 2490 822; x_wconf 77' lang='grc' dir='ltr'><strong>οἰκουμένης,</strong></span> <span class='ocrx_word' id='word_1_82' title='bbox 2521 750 2734 822; x_wconf 81' lang='grc' dir='ltr'><strong>ἀνάγκη</strong></span> <span class='ocrx_word' id='word_1_83' title='bbox 2762 751 2909 804; x_wconf 83' lang='grc' dir='ltr'>πᾶσα</span> <span class='ocrx_word' id='word_1_84' title='bbox 2936 747 3006 821; x_wconf 79' lang='grc' dir='ltr'><strong>ἦν</strong></span> <span class='ocrx_word' id='word_1_85' title='bbox 3035 752 3103 804; x_wconf 83' lang='grc' dir='ltr'>τὰ</span> <span class='ocrx_word' id='word_1_86' title='bbox 3132 752 3189 817; x_wconf 75' lang='grc' dir='ltr'><strong>ἐξ</strong></span> <span class='ocrx_word' id='word_1_87' title='bbox 3222 752 3409 816; x_wconf 78' lang='grc' dir='ltr'>αἰῶνος</span> <span class='ocrx_word' id='word_1_88' title='bbox 3445 755 3646 826; x_wconf 77' lang='grc' dir='ltr'>ἱδρυμένα</span> 
     </span>
    </p>
   </div>
   <div class='ocr_carea' id='block_1_12' title="bbox 473 840 2000 913">
    <p class='ocr_par' dir='ltr' id='par_1_12' title="bbox 473 842 961 902">
     <span class='ocr_line' id='line_1_12' title="bbox 473 842 961 902; baseline 0.004 -3"><span class='ocrx_word' id='word_1_89' title='bbox 473 842 588 900; x_wconf 86' lang='lat' dir='ltr'><strong>Deo</strong></span> <span class='ocrx_word' id='word_1_90' title='bbox 620 855 961 902; x_wconf 88' lang='lat' dir='ltr'><strong>nasceretur.</strong></span> 
     </span>
    </p>
   </div>
   <div class='ocr_carea' id='block_1_13' title="bbox 2123 840 3650 913">
    <p class='ocr_par' dir='ltr' id='par_1_13' title="bbox 2148 840 3650 913">
     <span class='ocr_line' id='line_1_13' title="bbox 2148 840 3650 913; baseline 0.004 -19"><span class='ocrx_word' id='word_1_91' title='bbox 2148 841 2467 913; x_wconf 73' lang='grc' dir='ltr'>σεϐάσματα</span> <span class='ocrx_word' id='word_1_92' title='bbox 2495 840 2604 895; x_wconf 86' lang='grc' dir='ltr'><strong>τῶν</strong></span> <span class='ocrx_word' id='word_1_93' title='bbox 2634 840 2801 895; x_wconf 82' lang='grc' dir='ltr'>ὲθνῶν</span> <span class='ocrx_word' id='word_1_94' title='bbox 2830 841 2990 896; x_wconf 84' lang='grc' dir='ltr'>σάλον</span> <span class='ocrx_word' id='word_1_95' title='bbox 3019 842 3114 895; x_wconf 80' lang='grc' dir='ltr'><strong>καὶ</strong></span> <span class='ocrx_word' id='word_1_96' title='bbox 3154 843 3336 896; x_wconf 76' lang='grc' dir='ltr'>κλόνον</span> <span class='ocrx_word' id='word_1_97' title='bbox 3369 845 3556 909; x_wconf 79' lang='grc' dir='ltr'>παθεῖν,</span> <span class='ocrx_word' id='word_1_98' title='bbox 3585 848 3650 900; x_wconf 71' lang='grc' dir='ltr'>καὶ</span> 
     </span>
    </p>
   </div>
   <div class='ocr_carea' id='block_1_14' title="bbox 472 933 3358 1010">
    <p class='ocr_par' dir='ltr' id='par_1_14' title="bbox 472 933 3358 1010">
     <span class='ocr_line' id='line_1_14' title="bbox 472 933 3358 1010; baseline -0.001 -19"><span class='ocrx_word' id='word_1_99' title='bbox 472 938 597 1002; x_wconf 74' lang='grc' dir='ltr'>τοὺς</span> <span class='ocrx_word' id='word_1_100' title='bbox 624 939 682 991; x_wconf 81' lang='grc' dir='ltr'><strong>ὲν</strong></span> <span class='ocrx_word' id='word_1_101' title='bbox 710 939 891 1002; x_wconf 82' lang='grc' dir='ltr'>αὐτοῖς</span> <span class='ocrx_word' id='word_1_102' title='bbox 918 938 1176 1010; x_wconf 81' lang='grc' dir='ltr'>δαίμονας</span> <span class='ocrx_word' id='word_1_103' title='bbox 1204 941 1414 1008; x_wconf 81' lang='grc' dir='ltr'><strong>φυγεῖν,</strong></span> <span class='ocrx_word' id='word_1_104' title='bbox 1457 939 1544 993; x_wconf 82' lang='grc' dir='ltr'>ἶνα</span> <span class='ocrx_word' id='word_1_105' title='bbox 1566 938 1645 1010; x_wconf 85' lang='grc' dir='ltr'>τῷ</span> <span class='ocrx_word' id='word_1_106' title='bbox 1669 937 1788 1009; x_wconf 82' lang='grc' dir='ltr'><strong>Θεῷ</strong></span> <span class='ocrx_word' id='word_1_107' title='bbox 1804 935 2033 1008; x_wconf 76' lang='grc' dir='ltr'>γεννηθῇ</span> <span class='ocrx_word' id='word_1_108' title='bbox 2068 934 2190 988; x_wconf 82' lang='grc' dir='ltr'>καθ’</span> <span class='ocrx_word' id='word_1_109' title='bbox 2229 935 2356 1005; x_wconf 82' lang='grc' dir='ltr'>ὅλης</span> <span class='ocrx_word' id='word_1_110' title='bbox 2384 934 2486 1004; x_wconf 78' lang='grc' dir='ltr'><strong>τῆς</strong></span> <span class='ocrx_word' id='word_1_111' title='bbox 2518 933 2841 1004; x_wconf 80' lang='grc' dir='ltr'>οἰκουμένης</span> <span class='ocrx_word' id='word_1_112' title='bbox 2870 937 2899 988; x_wconf 82' lang='grc' dir='ltr'><strong>ὁ</strong></span> <span class='ocrx_word' id='word_1_113' title='bbox 2931 933 2991 999; x_wconf 78' lang='grc' dir='ltr'>ἐξ</span> <span class='ocrx_word' id='word_1_114' title='bbox 3013 933 3181 988; x_wconf 73' lang='grc' dir='ltr'>ἐθνῶν</span> <span class='ocrx_word' id='word_1_115' title='bbox 3212 934 3358 998; x_wconf 80' lang='grc' dir='ltr'>λαός.</span> 
     </span>
    </p>
   </div>
   <div class='ocr_carea' id='block_1_15' title="bbox 548 1024 2075 1102">
    <p class='ocr_par' dir='ltr' id='par_1_15' title="bbox 548 1027 2044 1102">
     <span class='ocr_line' id='line_1_15' title="bbox 548 1027 2044 1102; baseline 0 -21"><span class='ocrx_word' id='word_1_116' title='bbox 548 1027 718 1084; x_wconf 71' lang='lat' dir='ltr'><strong>Vsus.</strong></span> <span class='ocrx_word' id='word_1_117' title='bbox 759 1029 853 1083; x_wconf 71' lang='grc'><strong>1-4</strong></span> <span class='ocrx_word' id='word_1_118' title='bbox 878 1029 975 1102; x_wconf 86' lang='lat' dir='ltr'><strong>(l).</strong></span> <span class='ocrx_word' id='word_1_119' title='bbox 1015 1029 1138 1084; x_wconf 88' lang='lat' dir='ltr'><strong>Non</strong></span> <span class='ocrx_word' id='word_1_120' title='bbox 1155 1030 1327 1095; x_wconf 87' lang='lat' dir='ltr'><strong>nobis,</strong></span> <span class='ocrx_word' id='word_1_121' title='bbox 1360 1027 1605 1094; x_wconf 84' lang='lat' dir='ltr'><strong>Domine,</strong></span> <span class='ocrx_word' id='word_1_122' title='bbox 1635 1046 1738 1085; x_wconf 87' lang='lat' dir='ltr'><strong>non</strong></span> <span class='ocrx_word' id='word_1_123' title='bbox 1759 1029 1932 1092; x_wconf 86' lang='lat' dir='ltr'><strong>nobis,</strong></span> <span class='ocrx_word' id='word_1_124' title='bbox 1954 1027 2044 1083; x_wconf 91' lang='lat' dir='ltr'><strong>sed</strong></span> 
     </span>
    </p>
   </div>
   <div class='ocr_carea' id='block_1_16' title="bbox 2128 1024 3655 1102">
    <p class='ocr_par' dir='ltr' id='par_1_16' title="bbox 2223 1024 3655 1095">
     <span class='ocr_line' id='line_1_16' title="bbox 2223 1024 3655 1095; baseline 0.002 -16"><span class='ocrx_word' id='word_1_125' title='bbox 2223 1024 2320 1093; x_wconf 78' lang='grc' dir='ltr'><strong>Μὴ</strong></span> <span class='ocrx_word' id='word_1_126' title='bbox 2360 1025 2525 1094; x_wconf 77' lang='grc' dir='ltr'>ἡμῖν,</span> <span class='ocrx_word' id='word_1_127' title='bbox 2568 1026 2768 1093; x_wconf 84' lang='grc' dir='ltr'>Κύριε,</span> <span class='ocrx_word' id='word_1_128' title='bbox 2795 1024 2883 1095; x_wconf 77' lang='grc' dir='ltr'><strong><em>μὴ</em></strong></span> <span class='ocrx_word' id='word_1_129' title='bbox 2925 1025 3087 1094; x_wconf 69' lang='grc' dir='ltr'>ἡμῖν,</span> <span class='ocrx_word' id='word_1_130' title='bbox 3118 1026 3254 1080; x_wconf 70' lang='grc' dir='ltr'><strong>ἀλλ’</strong></span> <span class='ocrx_word' id='word_1_131' title='bbox 3285 1026 3323 1093; x_wconf 81' lang='grc' dir='ltr'><strong>ἢ</strong></span> <span class='ocrx_word' id='word_1_132' title='bbox 3349 1026 3426 1091; x_wconf 82' lang='grc' dir='ltr'>τῷ</span> <span class='ocrx_word' id='word_1_133' title='bbox 3467 1028 3655 1095; x_wconf 72' lang='grc' dir='ltr'><strong>ὀνόματί</strong></span> 
     </span>
    </p>
   </div>
   <div class='ocr_carea' id='block_1_17' title="bbox 476 1115 2003 1192">
    <p class='ocr_par' dir='ltr' id='par_1_17' title="bbox 476 1121 2003 1192">
     <span class='ocr_line' id='line_1_17' title="bbox 476 1121 2003 1192; baseline -0.001 -17"><span class='ocrx_word' id='word_1_134' title='bbox 476 1121 679 1175; x_wconf 78' lang='lat' dir='ltr'><strong>nomini</strong></span> <span class='ocrx_word' id='word_1_135' title='bbox 729 1133 819 1176; x_wconf 88' lang='lat' dir='ltr'><strong>tuo</strong></span> <span class='ocrx_word' id='word_1_136' title='bbox 862 1121 933 1174; x_wconf 90' lang='lat' dir='ltr'><strong>da</strong></span> <span class='ocrx_word' id='word_1_137' title='bbox 971 1122 1197 1192; x_wconf 86' lang='lat' dir='ltr'><strong>gloriam</strong></span> <span class='ocrx_word' id='word_1_138' title='bbox 1229 1138 1249 1176; x_wconf 89' lang='lat'><strong><em>:</em></strong></span> <span class='ocrx_word' id='word_1_139' title='bbox 1277 1137 1431 1187; x_wconf 87' lang='lat' dir='ltr'><strong>super</strong></span> <span class='ocrx_word' id='word_1_140' title='bbox 1472 1121 1838 1178; x_wconf 70' lang='lat' dir='ltr'><strong>misericordia</strong></span> <span class='ocrx_word' id='word_1_141' title='bbox 1880 1131 2003 1174; x_wconf 54' lang='lat' dir='ltr'><strong>tuat</strong></span> 
     </span>
    </p>
   </div>
   <div class='ocr_carea' id='block_1_18' title="bbox 2133 1115 3660 1192">
    <p class='ocr_par' dir='ltr' id='par_1_18' title="bbox 2153 1115 3660 1186">
     <span class='ocr_line' id='line_1_18' title="bbox 2153 1115 3660 1186; baseline 0.001 -16"><span class='ocrx_word' id='word_1_142' title='bbox 2153 1131 2269 1170; x_wconf 89' lang='grc' dir='ltr'><strong>σου</strong></span> <span class='ocrx_word' id='word_1_143' title='bbox 2291 1115 2396 1182; x_wconf 82' lang='grc' dir='ltr'>δὸς</span> <span class='ocrx_word' id='word_1_144' title='bbox 2413 1116 2619 1179; x_wconf 79' lang='grc' dir='ltr'>δόξαν·</span> <span class='ocrx_word' id='word_1_145' title='bbox 2651 1116 2750 1169; x_wconf 73' lang='grc' dir='ltr'><strong>ἐπὶ</strong></span> <span class='ocrx_word' id='word_1_146' title='bbox 2787 1116 2868 1181; x_wconf 88' lang='grc' dir='ltr'>τῷ</span> <span class='ocrx_word' id='word_1_147' title='bbox 2890 1116 3046 1171; x_wconf 73' lang='grc' dir='ltr'>ἐλέει</span> <span class='ocrx_word' id='word_1_148' title='bbox 3070 1133 3184 1172; x_wconf 87' lang='grc' dir='ltr'><strong>σου</strong></span> <span class='ocrx_word' id='word_1_149' title='bbox 3215 1118 3316 1171; x_wconf 81' lang='grc' dir='ltr'>καὶ</span> <span class='ocrx_word' id='word_1_150' title='bbox 3355 1116 3425 1185; x_wconf 80' lang='grc' dir='ltr'>τῇ</span> <span class='ocrx_word' id='word_1_151' title='bbox 3464 1119 3660 1186; x_wconf 71' lang='grc' dir='ltr'>ἀληθείᾳ</span> 
     </span>
    </p>
   </div>
   <div class='ocr_carea' id='block_1_19' title="bbox 476 1205 2003 1284">
    <p class='ocr_par' dir='ltr' id='par_1_19' title="bbox 476 1210 2003 1284">
     <span class='ocr_line' id='line_1_19' title="bbox 476 1210 2003 1284; baseline -0.003 -16"><span class='ocrx_word' id='word_1_152' title='bbox 476 1214 696 1268; x_wconf 71' lang='lat' dir='ltr'><strong>ueritate</strong></span> <span class='ocrx_word' id='word_1_153' title='bbox 747 1222 861 1273; x_wconf 89' lang='lat' dir='ltr'><strong>tua.</strong></span> <span class='ocrx_word' id='word_1_154' title='bbox 911 1212 1182 1283; x_wconf 75' lang='lat' dir='ltr'><strong>nequando</strong></span> <span class='ocrx_word' id='word_1_155' title='bbox 1215 1211 1399 1266; x_wconf 77' lang='lat' dir='ltr'><strong>dicant</strong></span> <span class='ocrx_word' id='word_1_156' title='bbox 1430 1223 1606 1284; x_wconf 87' lang='lat' dir='ltr'><strong>gentes</strong></span> <span class='ocrx_word' id='word_1_157' title='bbox 1632 1231 1651 1268; x_wconf 90' lang='lat'><strong><em>:</em></strong></span> <span class='ocrx_word' id='word_1_158' title='bbox 1677 1211 1776 1268; x_wconf 86' lang='lat' dir='ltr'><strong>Ubi</strong></span> <span class='ocrx_word' id='word_1_159' title='bbox 1802 1221 1879 1267; x_wconf 88' lang='lat' dir='ltr'><strong>est</strong></span> <span class='ocrx_word' id='word_1_160' title='bbox 1909 1210 2003 1265; x_wconf 79' lang='lat' dir='ltr'><strong>Det</strong></span> 
     </span>
    </p>
   </div>
   <div class='ocr_carea' id='block_1_20' title="bbox 2134 1205 3661 1284">
    <p class='ocr_par' dir='ltr' id='par_1_20' title="bbox 2157 1205 3661 1276">
     <span class='ocr_line' id='line_1_20' title="bbox 2157 1205 3661 1276; baseline 0.001 -16"><span class='ocrx_word' id='word_1_161' title='bbox 2157 1221 2296 1269; x_wconf 91' lang='grc' dir='ltr'>σου,</span> <span class='ocrx_word' id='word_1_162' title='bbox 2334 1205 2420 1276; x_wconf 81' lang='grc' dir='ltr'><strong>μή</strong></span> <span class='ocrx_word' id='word_1_163' title='bbox 2452 1221 2596 1260; x_wconf 83' lang='grc' dir='ltr'>ποτε</span> <span class='ocrx_word' id='word_1_164' title='bbox 2626 1206 2840 1260; x_wconf 77' lang='grc' dir='ltr'>ετπωσι</span> <span class='ocrx_word' id='word_1_165' title='bbox 2885 1205 2956 1259; x_wconf 84' lang='grc' dir='ltr'>τὰ</span> <span class='ocrx_word' id='word_1_166' title='bbox 2971 1206 3134 1274; x_wconf 76' lang='grc' dir='ltr'>ἔθνη,</span> <span class='ocrx_word' id='word_1_167' title='bbox 3161 1207 3285 1261; x_wconf 86' lang='grc' dir='ltr'>Ποῦ</span> <span class='ocrx_word' id='word_1_168' title='bbox 3318 1206 3482 1260; x_wconf 82' lang='grc' dir='ltr'>ἐστιν</span> <span class='ocrx_word' id='word_1_169' title='bbox 3501 1210 3528 1259; x_wconf 82' lang='lat' dir='ltr'><strong>d</strong></span> <span class='ocrx_word' id='word_1_170' title='bbox 3556 1209 3661 1274; x_wconf 72' lang='grc' dir='ltr'>Θεὸς</span> 
     </span>
    </p>
   </div>
   <div class='ocr_carea' id='block_1_21' title="bbox 477 1296 2004 1368">
    <p class='ocr_par' dir='ltr' id='par_1_21' title="bbox 477 1304 2004 1368">
     <span class='ocr_line' id='line_1_21' title="bbox 477 1304 2004 1368; baseline -0.003 -9"><span class='ocrx_word' id='word_1_171' title='bbox 477 1321 660 1359; x_wconf 86' lang='lat' dir='ltr'><strong>eorum</strong></span> <span class='ocrx_word' id='word_1_172' title='bbox 682 1307 708 1360; x_wconf 68' lang='grc'><em>2</em></span> <span class='ocrx_word' id='word_1_173' title='bbox 726 1304 866 1359; x_wconf 86' lang='lat' dir='ltr'><strong>Deus</strong></span> <span class='ocrx_word' id='word_1_174' title='bbox 890 1314 1064 1358; x_wconf 87' lang='lat' dir='ltr'><strong>autem</strong></span> <span class='ocrx_word' id='word_1_175' title='bbox 1088 1312 1265 1358; x_wconf 80' lang='lat' dir='ltr'><strong>noster</strong></span> <span class='ocrx_word' id='word_1_176' title='bbox 1292 1304 1345 1358; x_wconf 89' lang='lat' dir='ltr'><strong>in</strong></span> <span class='ocrx_word' id='word_1_177' title='bbox 1377 1304 1504 1358; x_wconf 70' lang='lat' dir='ltr'><strong>caelo</strong></span> <span class='ocrx_word' id='word_1_178' title='bbox 1524 1314 1574 1359; x_wconf 89' lang='lat' dir='ltr'><strong>et</strong></span> <span class='ocrx_word' id='word_1_179' title='bbox 1600 1305 1654 1359; x_wconf 86' lang='lat' dir='ltr'><strong>in</strong></span> <span class='ocrx_word' id='word_1_180' title='bbox 1678 1314 1840 1368; x_wconf 88' lang='lat' dir='ltr'><strong>terra,</strong></span> <span class='ocrx_word' id='word_1_181' title='bbox 1874 1319 2004 1356; x_wconf 60' lang='lat' dir='ltr'><strong>omni</strong></span> 
     </span>
    </p>
   </div>
   <div class='ocr_carea' id='block_1_22' title="bbox 2135 1296 3662 1368">
    <p class='ocr_par' dir='ltr' id='par_1_22' title="bbox 2149 1296 3662 1367">
     <span class='ocr_line' id='line_1_22' title="bbox 2149 1296 3662 1367; baseline -0.001 -15"><span class='ocrx_word' id='word_1_182' title='bbox 2149 1298 2379 1362; x_wconf 86' lang='grc' dir='ltr'>αὺτῶν;</span> <span class='ocrx_word' id='word_1_183' title='bbox 2415 1297 2478 1351; x_wconf 80' lang='grc'><strong>’0</strong></span> <span class='ocrx_word' id='word_1_184' title='bbox 2509 1296 2578 1351; x_wconf 79' lang='grc' dir='ltr'>δὲ</span> <span class='ocrx_word' id='word_1_185' title='bbox 2601 1296 2743 1363; x_wconf 81' lang='grc' dir='ltr'>Θεὸς</span> <span class='ocrx_word' id='word_1_186' title='bbox 2767 1297 2937 1366; x_wconf 74' lang='grc' dir='ltr'>ἡμῶν</span> <span class='ocrx_word' id='word_1_187' title='bbox 2954 1297 3022 1349; x_wconf 81' lang='grc' dir='ltr'><strong>ἐν</strong></span> <span class='ocrx_word' id='word_1_188' title='bbox 3043 1296 3125 1362; x_wconf 77' lang='grc' dir='ltr'><strong>τῷ</strong></span> <span class='ocrx_word' id='word_1_189' title='bbox 3150 1296 3384 1366; x_wconf 82' lang='grc' dir='ltr'>οὐρανῷ</span> <span class='ocrx_word' id='word_1_190' title='bbox 3411 1298 3502 1351; x_wconf 81' lang='grc' dir='ltr'>καὶ</span> <span class='ocrx_word' id='word_1_191' title='bbox 3537 1298 3594 1351; x_wconf 81' lang='grc' dir='ltr'>ὲν</span> <span class='ocrx_word' id='word_1_192' title='bbox 3610 1299 3662 1367; x_wconf 75' lang='grc' dir='ltr'>τῇ</span> 
     </span>
    </p>
   </div>
   <div class='ocr_carea' id='block_1_23' title="bbox 478 1389 2005 1466">
    <p class='ocr_par' dir='ltr' id='par_1_23' title="bbox 478 1392 2005 1466">
     <span class='ocr_line' id='line_1_23' title="bbox 478 1392 2005 1466; baseline -0.001 -19"><span class='ocrx_word' id='word_1_193' title='bbox 478 1410 798 1465; x_wconf 71' lang='lat' dir='ltr'><strong>quacunque</strong></span> <span class='ocrx_word' id='word_1_194' title='bbox 829 1394 990 1449; x_wconf 79' lang='lat' dir='ltr'><strong>voluit</strong></span> <span class='ocrx_word' id='word_1_195' title='bbox 1020 1394 1164 1464; x_wconf 73' lang='lat' dir='ltr'><strong>fecit.</strong></span> <span class='ocrx_word' id='word_1_196' title='bbox 1189 1392 1494 1452; x_wconf 81' lang='lat' dir='ltr'><strong>Simulacra</strong></span> <span class='ocrx_word' id='word_1_197' title='bbox 1528 1396 1756 1466; x_wconf 84' lang='lat' dir='ltr'><strong>gentium</strong></span> <span class='ocrx_word' id='word_1_198' title='bbox 1782 1404 2005 1465; x_wconf 82' lang='lat' dir='ltr'><strong>argentu:</strong></span> 
     </span>
    </p>
   </div>
   <div class='ocr_carea' id='block_1_24' title="bbox 2138 1389 3665 1466">
    <p class='ocr_par' dir='ltr' id='par_1_24' title="bbox 2149 1389 3665 1462">
     <span class='ocr_line' id='line_1_24' title="bbox 2149 1389 3665 1462; baseline -0.001 -15"><span class='ocrx_word' id='word_1_199' title='bbox 2149 1390 2254 1462; x_wconf 77' lang='grc' dir='ltr'><strong>τῇ,</strong></span> <span class='ocrx_word' id='word_1_200' title='bbox 2304 1391 2502 1445; x_wconf 80' lang='grc' dir='ltr'>πάντα</span> <span class='ocrx_word' id='word_1_201' title='bbox 2546 1389 2662 1446; x_wconf 87' lang='grc' dir='ltr'>ὅσα</span> <span class='ocrx_word' id='word_1_202' title='bbox 2701 1390 3003 1458; x_wconf 75' lang='grc' dir='ltr'>ἠθέλησεν</span> <span class='ocrx_word' id='word_1_203' title='bbox 3056 1391 3326 1459; x_wconf 81' lang='grc' dir='ltr'>ἐποίησε.</span> <span class='ocrx_word' id='word_1_204' title='bbox 3381 1391 3456 1445; x_wconf 84' lang='grc' dir='ltr'><em>Τὰ</em></span> <span class='ocrx_word' id='word_1_205' title='bbox 3495 1392 3665 1446; x_wconf 66' lang='lat' dir='ltr'><strong>stantia</strong></span> 
     </span>
    </p>
   </div>
   <div class='ocr_carea' id='block_1_25' title="bbox 479 1482 2006 1555">
    <p class='ocr_par' dir='ltr' id='par_1_25' title="bbox 479 1484 2006 1555">
     <span class='ocr_line' id='line_1_25' title="bbox 479 1484 2006 1555; baseline -0.004 -12"><span class='ocrx_word' id='word_1_206' title='bbox 479 1495 532 1543; x_wconf 81' lang='lat' dir='ltr'><strong>et</strong></span> <span class='ocrx_word' id='word_1_207' title='bbox 564 1502 775 1550; x_wconf 86' lang='lat' dir='ltr'><strong>aurum,</strong></span> <span class='ocrx_word' id='word_1_208' title='bbox 812 1502 968 1555; x_wconf 89' lang='lat' dir='ltr'><strong>opera</strong></span> <span class='ocrx_word' id='word_1_209' title='bbox 997 1503 1249 1540; x_wconf 90' lang='lat' dir='ltr'><strong>manuum</strong></span> <span class='ocrx_word' id='word_1_210' title='bbox 1284 1487 1571 1542; x_wconf 82' lang='lat' dir='ltr'><strong>hominum.</strong></span> <span class='ocrx_word' id='word_1_211' title='bbox 1609 1485 1709 1541; x_wconf 79' lang='lat' dir='ltr'><strong>Hic</strong></span> <span class='ocrx_word' id='word_1_212' title='bbox 1740 1485 1874 1540; x_wconf 85' lang='lat' dir='ltr'><strong>mihi</strong></span> <span class='ocrx_word' id='word_1_213' title='bbox 1902 1484 2006 1541; x_wconf 70' lang='grc' dir='ltr'>νίιιι</span> 
     </span>
    </p>
   </div>
   <div class='ocr_carea' id='block_1_26' title="bbox 2141 1482 3668 1555">
    <p class='ocr_par' dir='ltr' id='par_1_26' title="bbox 2149 1482 3668 1553">
     <span class='ocr_line' id='line_1_26' title="bbox 2149 1482 3668 1553; baseline 0.001 -17"><span class='ocrx_word' id='word_1_214' title='bbox 2149 1483 2269 1536; x_wconf 82' lang='grc' dir='ltr'><strong>τῶν</strong></span> <span class='ocrx_word' id='word_1_215' title='bbox 2285 1482 2473 1539; x_wconf 78' lang='grc' dir='ltr'>ἐθνῶν</span> <span class='ocrx_word' id='word_1_216' title='bbox 2490 1483 2772 1552; x_wconf 74' lang='grc' dir='ltr'>ἀργύριον</span> <span class='ocrx_word' id='word_1_217' title='bbox 2787 1485 2883 1537; x_wconf 79' lang='grc' dir='ltr'>καὶ</span> <span class='ocrx_word' id='word_1_218' title='bbox 2910 1485 3185 1551; x_wconf 81' lang='grc' dir='ltr'>χρυσίον,</span> <span class='ocrx_word' id='word_1_219' title='bbox 3205 1483 3351 1553; x_wconf 74' lang='grc' dir='ltr'>ἔργα</span> <span class='ocrx_word' id='word_1_220' title='bbox 3369 1484 3489 1537; x_wconf 83' lang='grc' dir='ltr'><strong>τῶν</strong></span> <span class='ocrx_word' id='word_1_221' title='bbox 3504 1484 3668 1552; x_wconf 79' lang='grc' dir='ltr'>χειριῖη·</span> 
     </span>
    </p>
   </div>
   <div class='ocr_carea' id='block_1_27' title="bbox 479 1572 2006 1668">
    <p class='ocr_par' dir='ltr' id='par_1_27' title="bbox 479 1575 2006 1647">
     <span class='ocr_line' id='line_1_27' title="bbox 479 1575 2006 1647; baseline -0.001 -17"><span class='ocrx_word' id='word_1_222' title='bbox 479 1583 574 1631; x_wconf 85' lang='lat' dir='ltr'><strong>tur</strong></span> <span class='ocrx_word' id='word_1_223' title='bbox 609 1575 844 1646; x_wconf 74' lang='lat' dir='ltr'><strong>Spiritus</strong></span> <span class='ocrx_word' id='word_1_224' title='bbox 892 1583 1117 1633; x_wconf 88' lang='lat' dir='ltr'><strong>sanctus</strong></span> <span class='ocrx_word' id='word_1_225' title='bbox 1166 1577 1350 1647; x_wconf 91' lang='lat' dir='ltr'><strong>populi</strong></span> <span class='ocrx_word' id='word_1_226' title='bbox 1385 1593 1453 1633; x_wconf 78' lang='lat' dir='ltr'><strong>ex</strong></span> <span class='ocrx_word' id='word_1_227' title='bbox 1499 1576 1922 1633; x_wconf 84' lang='lat' dir='ltr'><strong>circumcisione</strong></span> <span class='ocrx_word' id='word_1_228' title='bbox 1964 1575 2006 1629; x_wconf 88' lang='lat' dir='ltr'><strong>al</strong></span> 
     </span>
    </p>
   </div>
   <div class='ocr_carea' id='block_1_28' title="bbox 2142 1572 3669 1668">
    <p class='ocr_par' dir='ltr' id='par_1_28' title="bbox 2155 1572 3669 1645">
     <span class='ocr_line' id='line_1_28' title="bbox 2155 1572 3669 1645; baseline 0 -16"><span class='ocrx_word' id='word_1_229' title='bbox 2155 1572 2496 1641; x_wconf 81' lang='grc' dir='ltr'>ἀνθρώπων.</span> <span class='ocrx_word' id='word_1_230' title='bbox 2544 1573 2807 1627; x_wconf 86' lang='grc' dir='ltr'><strong>Ἐνταῦθά</strong></span> <span class='ocrx_word' id='word_1_231' title='bbox 2837 1592 2928 1645; x_wconf 88' lang='grc' dir='ltr'><strong>μοι</strong></span> <span class='ocrx_word' id='word_1_232' title='bbox 2957 1574 3104 1628; x_wconf 87' lang='grc' dir='ltr'>δοκεῖ</span> <span class='ocrx_word' id='word_1_233' title='bbox 3133 1574 3195 1627; x_wconf 78' lang='grc' dir='ltr'>τὸ</span> <span class='ocrx_word' id='word_1_234' title='bbox 3217 1573 3445 1644; x_wconf 76' lang='grc' dir='ltr'>Πνεῦμα</span> <span class='ocrx_word' id='word_1_235' title='bbox 3473 1574 3527 1626; x_wconf 69' lang='grc' dir='ltr'>τὸ</span> <span class='ocrx_word' id='word_1_236' title='bbox 3554 1574 3669 1642; x_wconf 76' lang='grc' dir='ltr'>ἅγιον</span> 
     </span>
    </p>
   </div>
   <div class='ocr_carea' id='block_1_29' title="bbox 478 1665 2005 1741">
    <p class='ocr_par' dir='ltr' id='par_1_29' title="bbox 478 1666 2005 1741">
     <span class='ocr_line' id='line_1_29' title="bbox 478 1666 2005 1741; baseline -0.002 -18"><span class='ocrx_word' id='word_1_237' title='bbox 478 1667 774 1737; x_wconf 86' lang='lat' dir='ltr'><strong>jectionem</strong></span> <span class='ocrx_word' id='word_1_238' title='bbox 802 1668 1173 1736; x_wconf 87' lang='lat' dir='ltr'><strong>subindicare,</strong></span> <span class='ocrx_word' id='word_1_239' title='bbox 1208 1678 1371 1741; x_wconf 86' lang='lat' dir='ltr'><strong>atque</strong></span> <span class='ocrx_word' id='word_1_240' title='bbox 1403 1670 1679 1725; x_wconf 86' lang='lat' dir='ltr'><strong>orationes</strong></span> <span class='ocrx_word' id='word_1_241' title='bbox 1713 1668 1849 1740; x_wconf 86' lang='lat' dir='ltr'><strong>ipsis</strong></span> <span class='ocrx_word' id='word_1_242' title='bbox 1881 1666 2005 1721; x_wconf 28' lang='lat' dir='ltr'><strong>tradi</strong></span> 
     </span>
    </p>
   </div>
   <div class='ocr_carea' id='block_1_30' title="bbox 2144 1665 3671 1741">
    <p class='ocr_par' dir='ltr' id='par_1_30' title="bbox 2154 1665 3671 1738">
     <span class='ocr_line' id='line_1_30' title="bbox 2154 1665 3671 1738; baseline 0.003 -20"><span class='ocrx_word' id='word_1_243' title='bbox 2154 1665 2480 1720; x_wconf 75' lang='grc' dir='ltr'>αἰνίττεσθαι</span> <span class='ocrx_word' id='word_1_244' title='bbox 2521 1666 2617 1720; x_wconf 81' lang='grc' dir='ltr'>τοῦ</span> <span class='ocrx_word' id='word_1_245' title='bbox 2670 1668 2735 1719; x_wconf 82' lang='grc' dir='ltr'>ὲκ</span> <span class='ocrx_word' id='word_1_246' title='bbox 2780 1666 3080 1738; x_wconf 76' lang='grc' dir='ltr'><strong>περιτομῆς</strong></span> <span class='ocrx_word' id='word_1_247' title='bbox 3130 1666 3258 1720; x_wconf 77' lang='grc' dir='ltr'>λαοῦ</span> <span class='ocrx_word' id='word_1_248' title='bbox 3296 1666 3394 1737; x_wconf 84' lang='grc' dir='ltr'><strong>τὴν</strong></span> <span class='ocrx_word' id='word_1_249' title='bbox 3434 1667 3671 1737; x_wconf 72' lang='grc' dir='ltr'>ἀποϐολὴν,</span> 
     </span>
    </p>
   </div>
   <div class='ocr_carea' id='block_1_31' title="bbox 481 1758 2008 1833">
    <p class='ocr_par' dir='ltr' id='par_1_31' title="bbox 481 1759 2008 1833">
     <span class='ocr_line' id='line_1_31' title="bbox 481 1759 2008 1833; baseline -0.003 -19"><span class='ocrx_word' id='word_1_250' title='bbox 481 1774 545 1814; x_wconf 86' lang='lat' dir='ltr'><strong>re</strong></span> <span class='ocrx_word' id='word_1_251' title='bbox 574 1759 642 1815; x_wconf 87' lang='lat' dir='ltr'><strong>ad</strong></span> <span class='ocrx_word' id='word_1_252' title='bbox 677 1760 1069 1825; x_wconf 76' lang='lat' dir='ltr'><strong>conﬁtendum,</strong></span> <span class='ocrx_word' id='word_1_253' title='bbox 1108 1762 1332 1832; x_wconf 67' lang='lat' dir='ltr'><strong>haecque</strong></span> <span class='ocrx_word' id='word_1_254' title='bbox 1360 1764 1527 1817; x_wconf 80' lang='lat' dir='ltr'><strong>verba</strong></span> <span class='ocrx_word' id='word_1_255' title='bbox 1554 1778 1619 1817; x_wconf 84' lang='lat' dir='ltr'><strong>ex</strong></span> <span class='ocrx_word' id='word_1_256' title='bbox 1656 1761 1896 1833; x_wconf 88' lang='lat' dir='ltr'><strong>ipsorum</strong></span> <span class='ocrx_word' id='word_1_257' title='bbox 1933 1774 2008 1832; x_wconf 67' lang='lat' dir='ltr'><strong>pe:</strong></span> 
     </span>
    </p>
   </div>
   <div class='ocr_carea' id='block_1_32' title="bbox 2148 1758 3675 1833">
    <p class='ocr_par' dir='ltr' id='par_1_32' title="bbox 2155 1758 3675 1830">
     <span class='ocr_line' id='line_1_32' title="bbox 2155 1758 3675 1830; baseline 0.002 -20"><span class='ocrx_word' id='word_1_258' title='bbox 2155 1758 2319 1830; x_wconf 81' lang='grc' dir='ltr'>εὐχήν</span> <span class='ocrx_word' id='word_1_259' title='bbox 2355 1775 2417 1811; x_wconf 86' lang='grc' dir='ltr'><strong>τε</strong></span> <span class='ocrx_word' id='word_1_260' title='bbox 2464 1758 2646 1822; x_wconf 77' lang='grc' dir='ltr'>αὐτοῖς</span> <span class='ocrx_word' id='word_1_261' title='bbox 2690 1758 3036 1829; x_wconf 77' lang='grc' dir='ltr'><strong>παραδιδόναι</strong></span> <span class='ocrx_word' id='word_1_262' title='bbox 3078 1760 3156 1822; x_wconf 73' lang='grc' dir='ltr'><strong>εἰς</strong></span> <span class='ocrx_word' id='word_1_263' title='bbox 3204 1758 3589 1830; x_wconf 74' lang='grc' dir='ltr'>ἐξομολόγησιν,</span> <span class='ocrx_word' id='word_1_264' title='bbox 3628 1762 3675 1813; x_wconf 75' lang='grc' dir='ltr'>ἐκ</span> 
     </span>
    </p>
   </div>
   <div class='ocr_carea' id='block_1_33' title="bbox 485 1843 2012 1926">
    <p class='ocr_par' dir='ltr' id='par_1_33' title="bbox 485 1849 2012 1926">
     <span class='ocr_line' id='line_1_33' title="bbox 485 1849 2012 1926; baseline 0.001 -21"><span class='ocrx_word' id='word_1_265' title='bbox 485 1864 621 1905; x_wconf 85' lang='lat' dir='ltr'><strong>sona</strong></span> <span class='ocrx_word' id='word_1_266' title='bbox 655 1849 938 1921; x_wconf 79' lang='lat' dir='ltr'><strong>proferre;</strong></span> <span class='ocrx_word' id='word_1_267' title='bbox 964 1853 1120 1923; x_wconf 86' lang='lat' dir='ltr'><strong>queis</strong></span> <span class='ocrx_word' id='word_1_268' title='bbox 1162 1853 1405 1908; x_wconf 83' lang='lat' dir='ltr'><strong>declarat</strong></span> <span class='ocrx_word' id='word_1_269' title='bbox 1452 1854 1602 1926; x_wconf 87' lang='lat' dir='ltr'><strong>ipsos</strong></span> <span class='ocrx_word' id='word_1_270' title='bbox 1642 1854 1900 1909; x_wconf 79' lang='lat' dir='ltr'><strong>virtutem</strong></span> <span class='ocrx_word' id='word_1_271' title='bbox 1951 1852 2012 1907; x_wconf 86' lang='lat' dir='ltr'><strong>sil</strong></span> 
     </span>
    </p>
   </div>
   <div class='ocr_carea' id='block_1_34' title="bbox 2147 1843 3674 1926">
    <p class='ocr_par' dir='ltr' id='par_1_34' title="bbox 2156 1843 3674 1922">
     <span class='ocr_line' id='line_1_34' title="bbox 2156 1843 3674 1922; baseline 0 -20"><span class='ocrx_word' id='word_1_272' title='bbox 2156 1848 2445 1922; x_wconf 80' lang='grc' dir='ltr'>προσώπου</span> <span class='ocrx_word' id='word_1_273' title='bbox 2472 1866 2532 1903; x_wconf 89' lang='grc' dir='ltr'><strong>τε</strong></span> <span class='ocrx_word' id='word_1_274' title='bbox 2562 1849 2740 1904; x_wconf 80' lang='grc' dir='ltr'>αὐτῶν</span> <span class='ocrx_word' id='word_1_275' title='bbox 2764 1849 2835 1903; x_wconf 83' lang='grc' dir='ltr'>τὰ</span> <span class='ocrx_word' id='word_1_276' title='bbox 2849 1850 3092 1921; x_wconf 81' lang='grc' dir='ltr'>παρόντα</span> <span class='ocrx_word' id='word_1_277' title='bbox 3125 1850 3457 1918; x_wconf 77' lang='grc' dir='ltr'>φάσκειν,δι’</span> <span class='ocrx_word' id='word_1_278' title='bbox 3478 1843 3543 1902; x_wconf 79' lang='grc' dir='ltr'>ὧν</span> <span class='ocrx_word' id='word_1_279' title='bbox 3568 1868 3674 1921; x_wconf 77' lang='grc' dir='ltr'>παρ·</span> 
     </span>
    </p>
   </div>
   <div class='ocr_carea' id='block_1_35' title="bbox 486 1940 2013 2016">
    <p class='ocr_par' dir='ltr' id='par_1_35' title="bbox 486 1943 2009 2016">
     <span class='ocr_line' id='line_1_35' title="bbox 486 1943 2009 2016; baseline 0.002 -22"><span class='ocrx_word' id='word_1_280' title='bbox 486 1943 913 2013; x_wconf 86' lang='lat' dir='ltr'><strong>prospicientem</strong></span> <span class='ocrx_word' id='word_1_281' title='bbox 962 1960 1070 1999; x_wconf 92' lang='lat' dir='ltr'><strong>non</strong></span> <span class='ocrx_word' id='word_1_282' title='bbox 1105 1943 1336 2001; x_wconf 88' lang='lat' dir='ltr'><strong>ulterius</strong></span> <span class='ocrx_word' id='word_1_283' title='bbox 1383 1945 1584 2002; x_wconf 83' lang='lat' dir='ltr'><strong>habere</strong></span> <span class='ocrx_word' id='word_1_284' title='bbox 1616 1945 1850 2016; x_wconf 86' lang='lat' dir='ltr'><strong>:hisque</strong></span> <span class='ocrx_word' id='word_1_285' title='bbox 1900 1945 2009 1999; x_wconf 89' lang='lat' dir='ltr'><strong>inst</strong></span> 
     </span>
    </p>
   </div>
   <div class='ocr_carea' id='block_1_36' title="bbox 2151 1940 3678 2016">
    <p class='ocr_par' dir='ltr' id='par_1_36' title="bbox 2160 1940 3678 2013">
     <span class='ocr_line' id='line_1_36' title="bbox 2160 1940 3678 2013; baseline 0 -18"><span class='ocrx_word' id='word_1_286' title='bbox 2160 1940 2398 1996; x_wconf 78' lang='grc' dir='ltr'>ιστανται</span> <span class='ocrx_word' id='word_1_287' title='bbox 2418 1942 2612 2013; x_wconf 84' lang='grc' dir='ltr'>μηκέτι</span> <span class='ocrx_word' id='word_1_288' title='bbox 2628 1941 2839 2012; x_wconf 74' lang='grc' dir='ltr'>ἔχοντες</span> <span class='ocrx_word' id='word_1_289' title='bbox 2858 1940 2953 2012; x_wconf 77' lang='grc' dir='ltr'>τὴν</span> <span class='ocrx_word' id='word_1_290' title='bbox 2973 1941 3379 1996; x_wconf 74' lang='grc' dir='ltr'>ἐπισκοποῦσαν</span> <span class='ocrx_word' id='word_1_291' title='bbox 3393 1942 3555 2005; x_wconf 57' lang='lat' dir='ltr'><strong>uinci;</strong></span> <span class='ocrx_word' id='word_1_292' title='bbox 3568 1941 3678 1995; x_wconf 82' lang='grc' dir='ltr'>θείαν</span> 
     </span>
    </p>
   </div>
   <div class='ocr_carea' id='block_1_37' title="bbox 488 2026 2015 2107">
    <p class='ocr_par' dir='ltr' id='par_1_37' title="bbox 488 2033 2015 2107">
     <span class='ocr_line' id='line_1_37' title="bbox 488 2033 2015 2107; baseline 0 -18"><span class='ocrx_word' id='word_1_293' title='bbox 488 2042 719 2089; x_wconf 86' lang='lat' dir='ltr'><strong>tuuntur</strong></span> <span class='ocrx_word' id='word_1_294' title='bbox 769 2033 839 2090; x_wconf 82' lang='lat' dir='ltr'><strong>ad</strong></span> <span class='ocrx_word' id='word_1_295' title='bbox 884 2035 1287 2092; x_wconf 87' lang='lat' dir='ltr'><strong>obsecrandum</strong></span> <span class='ocrx_word' id='word_1_296' title='bbox 1322 2044 1377 2092; x_wconf 89' lang='lat' dir='ltr'><strong>et</strong></span> <span class='ocrx_word' id='word_1_297' title='bbox 1406 2034 1695 2092; x_wconf 84' lang='lat' dir='ltr'><strong>dicendum</strong></span> <span class='ocrx_word' id='word_1_298' title='bbox 1739 2055 1753 2091; x_wconf 90' lang='lat'><strong>:</strong></span> <span class='ocrx_word' id='word_1_299' title='bbox 1786 2034 1899 2091; x_wconf 81' lang='lat' dir='ltr'><strong>Nos</strong></span> <span class='ocrx_word' id='word_1_300' title='bbox 1930 2036 2015 2107; x_wconf 87' lang='lat' dir='ltr'><strong>qui</strong></span> 
     </span>
    </p>
   </div>
   <div class='ocr_carea' id='block_1_38' title="bbox 2151 2026 3678 2107">
    <p class='ocr_par' dir='ltr' id='par_1_38' title="bbox 2156 2026 3678 2104">
     <span class='ocr_line' id='line_1_38' title="bbox 2156 2026 3678 2104; baseline -0.003 -17"><span class='ocrx_word' id='word_1_301' title='bbox 2156 2034 2416 2104; x_wconf 76' lang='grc' dir='ltr'>δύναμινο</span> <span class='ocrx_word' id='word_1_302' title='bbox 2453 2032 2520 2086; x_wconf 78' lang='grc' dir='ltr'>δι’</span> <span class='ocrx_word' id='word_1_303' title='bbox 2545 2026 2620 2086; x_wconf 84' lang='grc' dir='ltr'><strong>ὧν</strong></span> <span class='ocrx_word' id='word_1_304' title='bbox 2656 2031 2999 2086; x_wconf 84' lang='grc' dir='ltr'>διδάσκονται</span> <span class='ocrx_word' id='word_1_305' title='bbox 3032 2031 3247 2085; x_wconf 83' lang='grc' dir='ltr'>δέεσθαι</span> <span class='ocrx_word' id='word_1_306' title='bbox 3282 2033 3379 2086; x_wconf 74' lang='grc' dir='ltr'><strong>καὶ</strong></span> <span class='ocrx_word' id='word_1_307' title='bbox 3402 2034 3678 2104; x_wconf 74' lang='grc' dir='ltr'>παρακαλεῖν</span> 
     </span>
    </p>
   </div>
   <div class='ocr_carea' id='block_1_39' title="bbox 488 2119 2015 2198">
    <p class='ocr_par' dir='ltr' id='par_1_39' title="bbox 488 2124 2015 2198">
     <span class='ocr_line' id='line_1_39' title="bbox 488 2124 2015 2198; baseline 0.002 -20"><span class='ocrx_word' id='word_1_308' title='bbox 488 2124 614 2181; x_wconf 87' lang='lat' dir='ltr'><strong>dem</strong></span> <span class='ocrx_word' id='word_1_309' title='bbox 664 2125 875 2197; x_wconf 77' lang='lat' dir='ltr'><strong>indigni</strong></span> <span class='ocrx_word' id='word_1_310' title='bbox 928 2143 1122 2183; x_wconf 88' lang='lat' dir='ltr'><strong>sumus</strong></span> <span class='ocrx_word' id='word_1_311' title='bbox 1161 2127 1357 2198; x_wconf 84' lang='lat' dir='ltr'><strong>gratia,</strong></span> <span class='ocrx_word' id='word_1_312' title='bbox 1386 2143 1491 2198; x_wconf 82' lang='lat' dir='ltr'><strong>qua</strong></span> <span class='ocrx_word' id='word_1_313' title='bbox 1542 2128 1822 2183; x_wconf 84' lang='lat' dir='ltr'><strong>donantur</strong></span> <span class='ocrx_word' id='word_1_314' title='bbox 1870 2142 2015 2183; x_wconf 66' lang='lat' dir='ltr'><strong>omne</strong></span> 
     </span>
    </p>
   </div>
   <div class='ocr_carea' id='block_1_40' title="bbox 2153 2119 3680 2198">
    <p class='ocr_par' dir='ltr' id='par_1_40' title="bbox 2158 2119 3680 2195">
     <span class='ocr_line' id='line_1_40' title="bbox 2158 2119 3680 2195; baseline -0.001 -19"><span class='ocrx_word' id='word_1_315' title='bbox 2158 2122 2248 2177; x_wconf 82' lang='grc' dir='ltr'>διὰ</span> <span class='ocrx_word' id='word_1_316' title='bbox 2267 2122 2361 2176; x_wconf 78' lang='grc' dir='ltr'><strong>τοῦ</strong></span> <span class='ocrx_word' id='word_1_317' title='bbox 2390 2121 2569 2190; x_wconf 82' lang='grc' dir='ltr'>λέγειν</span> <span class='ocrx_word' id='word_1_318' title='bbox 2588 2139 2601 2152; x_wconf 87' lang='grc'><strong>·</strong></span> <span class='ocrx_word' id='word_1_319' title='bbox 2644 2122 2836 2192; x_wconf 78' lang='grc' dir='ltr'>Ἡμεῖς</span> <span class='ocrx_word' id='word_1_320' title='bbox 2869 2123 2967 2193; x_wconf 81' lang='grc' dir='ltr'>μὲν</span> <span class='ocrx_word' id='word_1_321' title='bbox 2997 2120 3201 2185; x_wconf 82' lang='grc' dir='ltr'>ἀνάξιοι</span> <span class='ocrx_word' id='word_1_322' title='bbox 3247 2124 3352 2192; x_wconf 80' lang='grc' dir='ltr'>τῆς</span> <span class='ocrx_word' id='word_1_323' title='bbox 3400 2124 3610 2195; x_wconf 76' lang='grc' dir='ltr'>χάριτος,</span> <span class='ocrx_word' id='word_1_324' title='bbox 3633 2119 3680 2192; x_wconf 80' lang='grc' dir='ltr'>ἧς</span> 
     </span>
    </p>
   </div>
   <div class='ocr_carea' id='block_1_41' title="bbox 490 2213 2017 2290">
    <p class='ocr_par' dir='ltr' id='par_1_41' title="bbox 490 2217 2017 2290">
     <span class='ocr_line' id='line_1_41' title="bbox 490 2217 2017 2290; baseline 0.001 -17"><span class='ocrx_word' id='word_1_325' title='bbox 490 2226 680 2290; x_wconf 84' lang='lat' dir='ltr'><strong>gentes</strong></span> <span class='ocrx_word' id='word_1_326' title='bbox 719 2237 731 2272; x_wconf 92' lang='lat'><strong>:</strong></span> <span class='ocrx_word' id='word_1_327' title='bbox 770 2227 825 2272; x_wconf 84' lang='lat' dir='ltr'><strong>at</strong></span> <span class='ocrx_word' id='word_1_328' title='bbox 853 2234 922 2274; x_wconf 91' lang='lat' dir='ltr'><strong>ne</strong></span> <span class='ocrx_word' id='word_1_329' title='bbox 951 2219 1111 2274; x_wconf 87' lang='lat' dir='ltr'><strong>nobis</strong></span> <span class='ocrx_word' id='word_1_330' title='bbox 1147 2219 1263 2274; x_wconf 67' lang='lat' dir='ltr'><strong>haec</strong></span> <span class='ocrx_word' id='word_1_331' title='bbox 1290 2217 1481 2284; x_wconf 82' lang='lat' dir='ltr'><strong>iacias,</strong></span> <span class='ocrx_word' id='word_1_332' title='bbox 1512 2218 1775 2287; x_wconf 86' lang='lat' dir='ltr'><strong>Domine;</strong></span> <span class='ocrx_word' id='word_1_333' title='bbox 1807 2220 1903 2275; x_wconf 88' lang='lat' dir='ltr'><strong>sed</strong></span> <span class='ocrx_word' id='word_1_334' title='bbox 1932 2235 2017 2290; x_wconf 83' lang='lat' dir='ltr'><strong>prc</strong></span> 
     </span>
    </p>
   </div>
   <div class='ocr_carea' id='block_1_42' title="bbox 2139 2213 3666 2290">
    <p class='ocr_par' dir='ltr' id='par_1_42' title="bbox 2160 2213 3666 2285">
     <span class='ocr_line' id='line_1_42' title="bbox 2160 2213 3666 2285; baseline -0.001 -17"><span class='ocrx_word' id='word_1_335' title='bbox 2160 2214 2522 2285; x_wconf 80' lang='grc' dir='ltr'>κατηξίωνται</span> <span class='ocrx_word' id='word_1_336' title='bbox 2552 2213 2730 2268; x_wconf 80' lang='grc' dir='ltr'>πάντα</span> <span class='ocrx_word' id='word_1_337' title='bbox 2763 2213 2833 2266; x_wconf 82' lang='grc' dir='ltr'>τὰ</span> <span class='ocrx_word' id='word_1_338' title='bbox 2860 2213 2983 2285; x_wconf 79' lang='grc' dir='ltr'>ἔθνη</span> <span class='ocrx_word' id='word_1_339' title='bbox 3004 2232 3020 2246; x_wconf 87' lang='grc'><strong>·</strong></span> <span class='ocrx_word' id='word_1_340' title='bbox 3055 2214 3185 2268; x_wconf 78' lang='grc' dir='ltr'>ἀλλὰ</span> <span class='ocrx_word' id='word_1_341' title='bbox 3217 2214 3297 2284; x_wconf 80' lang='grc' dir='ltr'>μὴ</span> <span class='ocrx_word' id='word_1_342' title='bbox 3320 2217 3452 2284; x_wconf 80' lang='grc' dir='ltr'>ἡμῖν</span> <span class='ocrx_word' id='word_1_343' title='bbox 3480 2216 3666 2285; x_wconf 78' lang='grc' dir='ltr'>ποιήσῃς</span> 
     </span>
    </p>
   </div>
   <div class='ocr_carea' id='block_1_43' title="bbox 492 2306 2019 2382">
    <p class='ocr_par' dir='ltr' id='par_1_43' title="bbox 492 2310 2019 2382">
     <span class='ocr_line' id='line_1_43' title="bbox 492 2310 2019 2382; baseline 0.003 -19"><span class='ocrx_word' id='word_1_344' title='bbox 492 2321 617 2382; x_wconf 72' lang='lat' dir='ltr'><strong>pter</strong></span> <span class='ocrx_word' id='word_1_345' title='bbox 645 2324 842 2365; x_wconf 89' lang='lat' dir='ltr'><strong>nomen</strong></span> <span class='ocrx_word' id='word_1_346' title='bbox 877 2317 1031 2365; x_wconf 88' lang='lat' dir='ltr'><strong>tuum</strong></span> <span class='ocrx_word' id='word_1_347' title='bbox 1065 2311 1211 2381; x_wconf 86' lang='lat' dir='ltr'><strong>quod</strong></span> <span class='ocrx_word' id='word_1_348' title='bbox 1234 2310 1303 2365; x_wconf 88' lang='lat' dir='ltr'><strong>ab</strong></span> <span class='ocrx_word' id='word_1_349' title='bbox 1332 2311 1491 2366; x_wconf 89' lang='lat' dir='ltr'><strong>initio</strong></span> <span class='ocrx_word' id='word_1_350' title='bbox 1518 2312 1830 2367; x_wconf 80' lang='lat' dir='ltr'><strong>invocatum</strong></span> <span class='ocrx_word' id='word_1_351' title='bbox 1863 2321 1948 2368; x_wconf 91' lang='lat' dir='ltr'><strong>est</strong></span> <span class='ocrx_word' id='word_1_352' title='bbox 1970 2329 2019 2368; x_wconf 79' lang='lat' dir='ltr'><strong>st</strong></span> 
     </span>
    </p>
   </div>
   <div class='ocr_carea' id='block_1_44' title="bbox 2156 2306 3683 2382">
    <p class='ocr_par' dir='ltr' id='par_1_44' title="bbox 2162 2306 3683 2377">
     <span class='ocr_line' id='line_1_44' title="bbox 2162 2306 3683 2377; baseline -0.002 -17"><span class='ocrx_word' id='word_1_353' title='bbox 2162 2307 2436 2361; x_wconf 70' lang='grc' dir='ltr'>Δέσποτα*</span> <span class='ocrx_word' id='word_1_354' title='bbox 2473 2306 2609 2361; x_wconf 82' lang='grc' dir='ltr'>ἀλλὰ</span> <span class='ocrx_word' id='word_1_355' title='bbox 2638 2306 2799 2361; x_wconf 84' lang='grc' dir='ltr'>διὰτὸ</span> <span class='ocrx_word' id='word_1_356' title='bbox 2828 2306 2998 2377; x_wconf 74' lang='grc' dir='ltr'>ὄνομά</span> <span class='ocrx_word' id='word_1_357' title='bbox 3030 2324 3119 2359; x_wconf 86' lang='grc' dir='ltr'><strong>σου</strong></span> <span class='ocrx_word' id='word_1_358' title='bbox 3144 2307 3204 2360; x_wconf 77' lang='grc' dir='ltr'><strong>τὸ</strong></span> <span class='ocrx_word' id='word_1_359' title='bbox 3223 2306 3285 2372; x_wconf 79' lang='grc' dir='ltr'>ἐξ</span> <span class='ocrx_word' id='word_1_360' title='bbox 3312 2307 3480 2377; x_wconf 72' lang='grc' dir='ltr'>ἀρχῆς</span> <span class='ocrx_word' id='word_1_361' title='bbox 3505 2307 3683 2375; x_wconf 75' lang='grc' dir='ltr'>ἐπικληο</span> 
     </span>
    </p>
   </div>
   <div class='ocr_carea' id='block_1_45' title="bbox 493 2397 2020 2472">
    <p class='ocr_par' dir='ltr' id='par_1_45' title="bbox 493 2401 2016 2472">
     <span class='ocr_line' id='line_1_45' title="bbox 493 2401 2016 2472; baseline 0 -17"><span class='ocrx_word' id='word_1_362' title='bbox 493 2415 592 2471; x_wconf 90' lang='lat' dir='ltr'><strong>per</strong></span> <span class='ocrx_word' id='word_1_363' title='bbox 619 2416 721 2457; x_wconf 89' lang='lat' dir='ltr'><strong>nos</strong></span> <span class='ocrx_word' id='word_1_364' title='bbox 740 2440 756 2465; x_wconf 92' lang='lat'><strong>,</strong></span> <span class='ocrx_word' id='word_1_365' title='bbox 786 2416 963 2470; x_wconf 90' lang='lat' dir='ltr'><strong>neque</strong></span> <span class='ocrx_word' id='word_1_366' title='bbox 984 2417 1049 2457; x_wconf 78' lang='lat' dir='ltr'><strong>ex</strong></span> <span class='ocrx_word' id='word_1_367' title='bbox 1077 2401 1307 2472; x_wconf 85' lang='lat' dir='ltr'><strong>justitiis</strong></span> <span class='ocrx_word' id='word_1_368' title='bbox 1337 2401 1568 2469; x_wconf 87' lang='lat' dir='ltr'><strong>nostris,</strong></span> <span class='ocrx_word' id='word_1_369' title='bbox 1599 2401 1695 2458; x_wconf 89' lang='lat' dir='ltr'><strong>sed</strong></span> <span class='ocrx_word' id='word_1_370' title='bbox 1745 2417 1809 2457; x_wconf 78' lang='lat' dir='ltr'><strong>ex</strong></span> <span class='ocrx_word' id='word_1_371' title='bbox 1853 2404 2016 2458; x_wconf 84' lang='lat' dir='ltr'><strong>miser</strong></span> 
     </span>
    </p>
   </div>
   <div class='ocr_carea' id='block_1_46' title="bbox 2158 2397 3685 2472">
    <p class='ocr_par' dir='ltr' id='par_1_46' title="bbox 2165 2397 3685 2469">
     <span class='ocr_line' id='line_1_46' title="bbox 2165 2397 3685 2469; baseline 0 -18"><span class='ocrx_word' id='word_1_372' title='bbox 2165 2398 2254 2452; x_wconf 80' lang='grc' dir='ltr'><strong>θὲν</strong></span> <span class='ocrx_word' id='word_1_373' title='bbox 2283 2399 2366 2467; x_wconf 77' lang='grc' dir='ltr'><strong>ἐφ’</strong></span> <span class='ocrx_word' id='word_1_374' title='bbox 2399 2399 2568 2469; x_wconf 79' lang='grc' dir='ltr'>ἡμᾶς,</span> <span class='ocrx_word' id='word_1_375' title='bbox 2596 2398 2690 2450; x_wconf 76' lang='grc' dir='ltr'><strong>καὶ</strong></span> <span class='ocrx_word' id='word_1_376' title='bbox 2717 2398 2790 2469; x_wconf 85' lang='grc' dir='ltr'><strong>μὴ</strong></span> <span class='ocrx_word' id='word_1_377' title='bbox 2818 2400 2939 2462; x_wconf 84' lang='grc' dir='ltr'>ταῖς</span> <span class='ocrx_word' id='word_1_378' title='bbox 2979 2398 3134 2469; x_wconf 77' lang='grc' dir='ltr'>ἡμῶν</span> <span class='ocrx_word' id='word_1_379' title='bbox 3162 2397 3546 2462; x_wconf 78' lang='grc' dir='ltr'>δικαιοσύναις,</span> <span class='ocrx_word' id='word_1_380' title='bbox 3586 2398 3685 2451; x_wconf 68' lang='grc' dir='ltr'>ἀλλὰ</span> 
     </span>
    </p>
   </div>
   <div class='ocr_carea' id='block_1_47' title="bbox 496 2489 2023 2561">
    <p class='ocr_par' dir='ltr' id='par_1_47' title="bbox 496 2490 2021 2547">
     <span class='ocr_line' id='line_1_47' title="bbox 496 2490 2021 2547; baseline 0 -1"><span class='ocrx_word' id='word_1_381' title='bbox 496 2490 685 2547; x_wconf 88' lang='lat' dir='ltr'><strong>cordia</strong></span> <span class='ocrx_word' id='word_1_382' title='bbox 706 2498 761 2545; x_wconf 89' lang='lat' dir='ltr'><strong>et</strong></span> <span class='ocrx_word' id='word_1_383' title='bbox 788 2490 1014 2545; x_wconf 84' lang='lat' dir='ltr'><strong>veritate</strong></span> <span class='ocrx_word' id='word_1_384' title='bbox 1039 2497 1129 2543; x_wconf 85' lang='lat' dir='ltr'><strong>tua</strong></span> <span class='ocrx_word' id='word_1_385' title='bbox 1161 2490 1214 2544; x_wconf 88' lang='lat' dir='ltr'><strong>id</strong></span> <span class='ocrx_word' id='word_1_386' title='bbox 1249 2490 1540 2547; x_wconf 83' lang='lat' dir='ltr'><strong>concedas.</strong></span> <span class='ocrx_word' id='word_1_387' title='bbox 1585 2490 1718 2544; x_wconf 83' lang='lat' dir='ltr'><strong>Nam</strong></span> <span class='ocrx_word' id='word_1_388' title='bbox 1757 2490 1802 2546; x_wconf 91' lang='lat' dir='ltr'><strong>si</strong></span> <span class='ocrx_word' id='word_1_389' title='bbox 1833 2506 1941 2544; x_wconf 82' lang='lat' dir='ltr'><strong>non</strong></span> <span class='ocrx_word' id='word_1_390' title='bbox 1970 2506 2021 2546; x_wconf 85' lang='lat' dir='ltr'><strong>tu</strong></span> 
     </span>
    </p>
   </div>
   <div class='ocr_carea' id='block_1_48' title="bbox 2153 2489 3680 2561">
    <p class='ocr_par' dir='ltr' id='par_1_48' title="bbox 2165 2489 3680 2561">
     <span class='ocr_line' id='line_1_48' title="bbox 2165 2489 3680 2561; baseline 0 -18"><span class='ocrx_word' id='word_1_391' title='bbox 2165 2489 2241 2560; x_wconf 83' lang='grc' dir='ltr'><strong>τῷ</strong></span> <span class='ocrx_word' id='word_1_392' title='bbox 2282 2489 2358 2561; x_wconf 83' lang='grc' dir='ltr'><strong>σῷ</strong></span> <span class='ocrx_word' id='word_1_393' title='bbox 2392 2489 2529 2542; x_wconf 72' lang='grc' dir='ltr'>ἐλέει</span> <span class='ocrx_word' id='word_1_394' title='bbox 2560 2490 2781 2561; x_wconf 80' lang='grc' dir='ltr'>χάρισαι</span> <span class='ocrx_word' id='word_1_395' title='bbox 2816 2491 2909 2543; x_wconf 82' lang='grc' dir='ltr'><strong>καὶ</strong></span> <span class='ocrx_word' id='word_1_396' title='bbox 2934 2493 2997 2561; x_wconf 83' lang='grc' dir='ltr'>τῇ</span> <span class='ocrx_word' id='word_1_397' title='bbox 3023 2493 3087 2561; x_wconf 80' lang='grc' dir='ltr'>σῇ</span> <span class='ocrx_word' id='word_1_398' title='bbox 3121 2489 3377 2561; x_wconf 75' lang='grc' dir='ltr'>ἀληθείᾳ.</span> <span class='ocrx_word' id='word_1_399' title='bbox 3413 2490 3475 2543; x_wconf 79' lang='lat' dir='ltr'><strong>Ei</strong></span> <span class='ocrx_word' id='word_1_400' title='bbox 3511 2489 3600 2559; x_wconf 76' lang='grc' dir='ltr'><strong>γὰρ</strong></span> <span class='ocrx_word' id='word_1_401' title='bbox 3626 2490 3680 2558; x_wconf 74' lang='grc' dir='ltr'>μὴ</span> 
     </span>
    </p>
   </div>
   <div class='ocr_carea' id='block_1_49' title="bbox 499 2578 2026 2654">
    <p class='ocr_par' dir='ltr' id='par_1_49' title="bbox 499 2580 2026 2654">
     <span class='ocr_line' id='line_1_49' title="bbox 499 2580 2026 2654; baseline -0.002 -17"><span class='ocrx_word' id='word_1_402' title='bbox 499 2582 756 2647; x_wconf 86' lang='lat' dir='ltr'><strong>screaris,</strong></span> <span class='ocrx_word' id='word_1_403' title='bbox 787 2588 976 2654; x_wconf 88' lang='lat' dir='ltr'><strong>gentes</strong></span> <span class='ocrx_word' id='word_1_404' title='bbox 1006 2581 1190 2636; x_wconf 88' lang='lat' dir='ltr'><strong>dicent</strong></span> <span class='ocrx_word' id='word_1_405' title='bbox 1230 2600 1244 2636; x_wconf 86' lang='lat'><strong>:</strong></span> <span class='ocrx_word' id='word_1_406' title='bbox 1290 2580 1391 2634; x_wconf 84' lang='lat' dir='ltr'><strong>Ubi</strong></span> <span class='ocrx_word' id='word_1_407' title='bbox 1423 2593 1499 2635; x_wconf 84' lang='lat' dir='ltr'><strong>est</strong></span> <span class='ocrx_word' id='word_1_408' title='bbox 1558 2581 1698 2635; x_wconf 85' lang='lat' dir='ltr'><strong>Deus</strong></span> <span class='ocrx_word' id='word_1_409' title='bbox 1728 2584 1956 2637; x_wconf 86' lang='lat' dir='ltr'><strong>eorum?</strong></span> <span class='ocrx_word' id='word_1_410' title='bbox 1990 2580 2026 2634; x_wconf 79' lang='grc' dir='ltr'>Ν</span> 
     </span>
    </p>
   </div>
   <div class='ocr_carea' id='block_1_50' title="bbox 2157 2578 3684 2654">
    <p class='ocr_par' dir='ltr' id='par_1_50' title="bbox 2168 2578 3684 2651">
     <span class='ocr_line' id='line_1_50' title="bbox 2168 2578 3684 2651; baseline -0.003 -18"><span class='ocrx_word' id='word_1_411' title='bbox 2168 2581 2466 2649; x_wconf 79' lang='grc' dir='ltr'>ὲλεήσειας,</span> <span class='ocrx_word' id='word_1_412' title='bbox 2501 2578 2682 2651; x_wconf 79' lang='grc' dir='ltr'>ὲροῦσι</span> <span class='ocrx_word' id='word_1_413' title='bbox 2713 2578 2782 2632; x_wconf 76' lang='grc' dir='ltr'>τὰ</span> <span class='ocrx_word' id='word_1_414' title='bbox 2820 2579 2945 2650; x_wconf 76' lang='grc' dir='ltr'>ἔθνη</span> <span class='ocrx_word' id='word_1_415' title='bbox 2972 2597 2986 2610; x_wconf 91' lang='grc'><strong>·</strong></span> <span class='ocrx_word' id='word_1_416' title='bbox 3033 2580 3157 2634; x_wconf 84' lang='grc' dir='ltr'>Ποῦ</span> <span class='ocrx_word' id='word_1_417' title='bbox 3192 2582 3372 2634; x_wconf 80' lang='grc' dir='ltr'>ἐστιν</span> <span class='ocrx_word' id='word_1_418' title='bbox 3404 2583 3435 2633; x_wconf 82' lang='grc' dir='ltr'><em>ὁ</em></span> <span class='ocrx_word' id='word_1_419' title='bbox 3467 2579 3589 2643; x_wconf 72' lang='grc' dir='ltr'>Θεὸς</span> <span class='ocrx_word' id='word_1_420' title='bbox 3607 2580 3684 2630; x_wconf 81' lang='grc' dir='ltr'><strong>αὺ-</strong></span> 
     </span>
    </p>
   </div>
   <div class='ocr_carea' id='block_1_51' title="bbox 495 2670 2022 2747">
    <p class='ocr_par' dir='ltr' id='par_1_51' title="bbox 495 2673 2022 2747">
     <span class='ocr_line' id='line_1_51' title="bbox 495 2673 2022 2747; baseline -0.001 -20"><span class='ocrx_word' id='word_1_421' title='bbox 495 2689 630 2730; x_wconf 66' lang='grc' dir='ltr'>οειο</span> <span class='ocrx_word' id='word_1_422' title='bbox 650 2691 890 2747; x_wconf 85' lang='lat' dir='ltr'><strong>unquam</strong></span> <span class='ocrx_word' id='word_1_423' title='bbox 914 2674 1018 2731; x_wconf 86' lang='lat' dir='ltr'><strong>hoc</strong></span> <span class='ocrx_word' id='word_1_424' title='bbox 1043 2674 1248 2730; x_wconf 90' lang='lat' dir='ltr'><strong>dictum</strong></span> <span class='ocrx_word' id='word_1_425' title='bbox 1278 2673 1578 2744; x_wconf 83' lang='lat' dir='ltr'><strong>proferant,</strong></span> <span class='ocrx_word' id='word_1_426' title='bbox 1605 2674 1844 2729; x_wconf 79' lang='lat' dir='ltr'><strong>concede</strong></span> <span class='ocrx_word' id='word_1_427' title='bbox 1877 2689 1939 2728; x_wconf 85' lang='lat' dir='ltr'><strong>ac</strong></span> <span class='ocrx_word' id='word_1_428' title='bbox 1967 2676 2022 2726; x_wconf 80' lang='lat' dir='ltr'><strong>tri</strong></span> 
     </span>
    </p>
   </div>
   <div class='ocr_carea' id='block_1_52' title="bbox 2156 2670 3683 2747">
    <p class='ocr_par' dir='ltr' id='par_1_52' title="bbox 2171 2670 3683 2743">
     <span class='ocr_line' id='line_1_52' title="bbox 2171 2670 3683 2743; baseline -0.002 -17"><span class='ocrx_word' id='word_1_429' title='bbox 2171 2673 2322 2737; x_wconf 78' lang='grc' dir='ltr'>τῶν;</span> <span class='ocrx_word' id='word_1_430' title='bbox 2362 2673 2499 2725; x_wconf 80' lang='grc' dir='ltr'>Ἀλλ’</span> <span class='ocrx_word' id='word_1_431' title='bbox 2534 2673 2623 2727; x_wconf 81' lang='grc' dir='ltr'>ἵνα</span> <span class='ocrx_word' id='word_1_432' title='bbox 2648 2674 2721 2743; x_wconf 83' lang='grc' dir='ltr'>μή</span> <span class='ocrx_word' id='word_1_433' title='bbox 2759 2689 2888 2725; x_wconf 84' lang='grc' dir='ltr'>ποτε</span> <span class='ocrx_word' id='word_1_434' title='bbox 2931 2672 3120 2725; x_wconf 77' lang='grc' dir='ltr'>τοῦτον</span> <span class='ocrx_word' id='word_1_435' title='bbox 3173 2674 3376 2726; x_wconf 76' lang='grc' dir='ltr'>εἴπωσι</span> <span class='ocrx_word' id='word_1_436' title='bbox 3426 2672 3511 2724; x_wconf 80' lang='grc' dir='ltr'><strong>τὸν</strong></span> <span class='ocrx_word' id='word_1_437' title='bbox 3554 2670 3683 2738; x_wconf 76' lang='grc' dir='ltr'>λόγον,</span> 
     </span>
    </p>
   </div>
   <div class='ocr_carea' id='block_1_53' title="bbox 504 2759 2031 2833">
    <p class='ocr_par' dir='ltr' id='par_1_53' title="bbox 504 2766 2031 2825">
     <span class='ocr_line' id='line_1_53' title="bbox 504 2766 2031 2825; baseline -0.003 -2"><span class='ocrx_word' id='word_1_438' title='bbox 504 2768 612 2823; x_wconf 82' lang='lat' dir='ltr'><strong>hue</strong></span> <span class='ocrx_word' id='word_1_439' title='bbox 640 2767 800 2825; x_wconf 89' lang='lat' dir='ltr'><strong>nobis</strong></span> <span class='ocrx_word' id='word_1_440' title='bbox 830 2767 1265 2823; x_wconf 81' lang='lat' dir='ltr'><strong>misericordiam</strong></span> <span class='ocrx_word' id='word_1_441' title='bbox 1300 2775 1474 2821; x_wconf 86' lang='lat' dir='ltr'><strong>tuam.</strong></span> <span class='ocrx_word' id='word_1_442' title='bbox 1514 2766 1737 2821; x_wconf 82' lang='lat' dir='ltr'><strong>Etiamsi</strong></span> <span class='ocrx_word' id='word_1_443' title='bbox 1776 2769 1920 2821; x_wconf 87' lang='lat' dir='ltr'><strong>enim</strong></span> <span class='ocrx_word' id='word_1_444' title='bbox 1968 2780 2031 2819; x_wconf 81' lang='lat' dir='ltr'><strong>no</strong></span> 
     </span>
    </p>
   </div>
   <div class='ocr_carea' id='block_1_54' title="bbox 2160 2759 3687 2833">
    <p class='ocr_par' dir='ltr' id='par_1_54' title="bbox 2171 2759 3687 2833">
     <span class='ocr_line' id='line_1_54' title="bbox 2171 2759 3687 2833; baseline -0.001 -19"><span class='ocrx_word' id='word_1_445' title='bbox 2171 2763 2391 2832; x_wconf 83' lang='grc' dir='ltr'>χάρισαι</span> <span class='ocrx_word' id='word_1_446' title='bbox 2434 2765 2566 2833; x_wconf 82' lang='grc' dir='ltr'>ἡμῖν</span> <span class='ocrx_word' id='word_1_447' title='bbox 2606 2762 2700 2815; x_wconf 76' lang='grc' dir='ltr'><strong>καὶ</strong></span> <span class='ocrx_word' id='word_1_448' title='bbox 2742 2760 2985 2833; x_wconf 83' lang='grc' dir='ltr'>δώρησαι</span> <span class='ocrx_word' id='word_1_449' title='bbox 3028 2761 3175 2825; x_wconf 77' lang='grc' dir='ltr'>ἔλεός</span> <span class='ocrx_word' id='word_1_450' title='bbox 3215 2778 3338 2815; x_wconf 87' lang='grc' dir='ltr'>σου.</span> <span class='ocrx_word' id='word_1_451' title='bbox 3369 2761 3486 2814; x_wconf 79' lang='grc' dir='ltr'><strong>Κᾶν</strong></span> <span class='ocrx_word' id='word_1_452' title='bbox 3519 2760 3605 2830; x_wconf 76' lang='grc' dir='ltr'><strong>γὰρ</strong></span> <span class='ocrx_word' id='word_1_453' title='bbox 3635 2759 3687 2828; x_wconf 71' lang='grc' dir='ltr'>μὴ</span> 
     </span>
    </p>
   </div>
   <div class='ocr_carea' id='block_1_55' title="bbox 503 2851 2030 2929">
    <p class='ocr_par' dir='ltr' id='par_1_55' title="bbox 503 2857 2030 2929">
     <span class='ocr_line' id='line_1_55' title="bbox 503 2857 2030 2929; baseline -0.003 -17"><span class='ocrx_word' id='word_1_454' title='bbox 503 2858 773 2929; x_wconf 79' lang='lat' dir='ltr'><strong>inspectio</strong></span> <span class='ocrx_word' id='word_1_455' title='bbox 800 2866 893 2912; x_wconf 87' lang='lat' dir='ltr'><strong>tua</strong></span> <span class='ocrx_word' id='word_1_456' title='bbox 917 2872 1026 2912; x_wconf 89' lang='lat' dir='ltr'><strong>non</strong></span> <span class='ocrx_word' id='word_1_457' title='bbox 1059 2858 1292 2927; x_wconf 89' lang='lat' dir='ltr'><strong>amplius</strong></span> <span class='ocrx_word' id='word_1_458' title='bbox 1324 2857 1610 2927; x_wconf 84' lang='lat' dir='ltr'><strong>gubernet,</strong></span> <span class='ocrx_word' id='word_1_459' title='bbox 1635 2857 1727 2912; x_wconf 90' lang='lat' dir='ltr'><strong>sed</strong></span> <span class='ocrx_word' id='word_1_460' title='bbox 1750 2871 2030 2926; x_wconf 78' lang='lat' dir='ltr'><strong>persuasui</strong></span> 
     </span>
    </p>
   </div>
   <div class='ocr_carea' id='block_1_56' title="bbox 2162 2851 3689 2929">
    <p class='ocr_par' dir='ltr' id='par_1_56' title="bbox 2173 2851 3689 2925">
     <span class='ocr_line' id='line_1_56' title="bbox 2173 2851 3689 2925; baseline -0.003 -20"><span class='ocrx_word' id='word_1_461' title='bbox 2173 2854 2319 2923; x_wconf 80' lang='grc' dir='ltr'>ἡμᾶς</span> <span class='ocrx_word' id='word_1_462' title='bbox 2353 2853 2546 2923; x_wconf 82' lang='grc' dir='ltr'>μηκέτι</span> <span class='ocrx_word' id='word_1_463' title='bbox 2582 2854 2616 2923; x_wconf 84' lang='grc' dir='ltr'>ὴ</span> <span class='ocrx_word' id='word_1_464' title='bbox 2666 2853 2732 2924; x_wconf 80' lang='grc' dir='ltr'>σὴ</span> <span class='ocrx_word' id='word_1_465' title='bbox 2775 2853 3048 2925; x_wconf 82' lang='grc' dir='ltr'>ὲπισκοπὴ</span> <span class='ocrx_word' id='word_1_466' title='bbox 3083 2853 3450 2924; x_wconf 82' lang='grc' dir='ltr'>διακυϐερνᾷ,</span> <span class='ocrx_word' id='word_1_467' title='bbox 3485 2851 3600 2905; x_wconf 77' lang='grc' dir='ltr'>ἀλλὰ</span> <span class='ocrx_word' id='word_1_468' title='bbox 3622 2867 3689 2902; x_wconf 83' lang='grc' dir='ltr'>πε-</span> 
     </span>
    </p>
   </div>
   <div class='ocr_carea' id='block_1_57' title="bbox 497 2940 2024 3016">
    <p class='ocr_par' dir='ltr' id='par_1_57' title="bbox 497 2943 1997 3016">
     <span class='ocr_line' id='line_1_57' title="bbox 497 2943 1997 3016; baseline 0.001 -19"><span class='ocrx_word' id='word_1_469' title='bbox 497 2943 769 2999; x_wconf 78' lang='lat' dir='ltr'><strong>iiabemus</strong></span> <span class='ocrx_word' id='word_1_470' title='bbox 793 2950 850 2999; x_wconf 90' lang='lat' dir='ltr'><strong>te</strong></span> <span class='ocrx_word' id='word_1_471' title='bbox 879 2959 1000 2999; x_wconf 87' lang='lat' dir='ltr'><strong>esse</strong></span> <span class='ocrx_word' id='word_1_472' title='bbox 1031 2946 1084 2998; x_wconf 89' lang='lat' dir='ltr'><strong>in</strong></span> <span class='ocrx_word' id='word_1_473' title='bbox 1122 2945 1284 3012; x_wconf 86' lang='lat' dir='ltr'><strong>coelo,</strong></span> <span class='ocrx_word' id='word_1_474' title='bbox 1309 2953 1363 3000; x_wconf 89' lang='lat' dir='ltr'><strong>et</strong></span> <span class='ocrx_word' id='word_1_475' title='bbox 1391 2960 1454 3000; x_wconf 84' lang='lat' dir='ltr'><strong>ea</strong></span> <span class='ocrx_word' id='word_1_476' title='bbox 1482 2944 1661 3001; x_wconf 81' lang='lat' dir='ltr'><strong>facere</strong></span> <span class='ocrx_word' id='word_1_477' title='bbox 1693 2962 1814 3016; x_wconf 78' lang='lat' dir='ltr'><strong>quae</strong></span> <span class='ocrx_word' id='word_1_478' title='bbox 1850 2947 1997 3001; x_wconf 83' lang='lat' dir='ltr'><strong>velis.</strong></span> 
     </span>
    </p>
   </div>
   <div class='ocr_carea' id='block_1_58' title="bbox 2161 2940 3688 3016">
    <p class='ocr_par' dir='ltr' id='par_1_58' title="bbox 2174 2940 3688 3016">
     <span class='ocr_line' id='line_1_58' title="bbox 2174 2940 3688 3016; baseline -0.002 -22"><span class='ocrx_word' id='word_1_479' title='bbox 2174 2943 2447 3014; x_wconf 81' lang='grc' dir='ltr'>πείσμεθά</span> <span class='ocrx_word' id='word_1_480' title='bbox 2476 2961 2535 2996; x_wconf 90' lang='grc' dir='ltr'><strong>σε</strong></span> <span class='ocrx_word' id='word_1_481' title='bbox 2570 2940 2707 2997; x_wconf 81' lang='grc' dir='ltr'>εἶναι</span> <span class='ocrx_word' id='word_1_482' title='bbox 2743 2945 2802 2995; x_wconf 82' lang='grc' dir='ltr'>ὲν</span> <span class='ocrx_word' id='word_1_483' title='bbox 2843 2945 2921 3015; x_wconf 79' lang='grc' dir='ltr'>τῷ</span> <span class='ocrx_word' id='word_1_484' title='bbox 2952 2945 3184 3016; x_wconf 81' lang='grc' dir='ltr'>οὐρανῷ,</span> <span class='ocrx_word' id='word_1_485' title='bbox 3206 2946 3308 2998; x_wconf 70' lang='grc' dir='ltr'><strong>καὶ</strong></span> <span class='ocrx_word' id='word_1_486' title='bbox 3358 2943 3520 2997; x_wconf 79' lang='grc' dir='ltr'>ταῦτα</span> <span class='ocrx_word' id='word_1_487' title='bbox 3564 2945 3688 2994; x_wconf 77' lang='grc' dir='ltr'>ποιεῖν</span> 
     </span>
    </p>
   </div>
   <div class='ocr_carea' id='block_1_59' title="bbox 2181 3034 2675 3106">
    <p class='ocr_par' dir='ltr' id='par_1_59' title="bbox 2181 3034 2675 3106">
     <span class='ocr_line' id='line_1_59' title="bbox 2181 3034 2675 3106; baseline -0.004 -16"><span class='ocrx_word' id='word_1_488' title='bbox 2181 3036 2320 3106; x_wconf 69' lang='grc' dir='ltr'>ἅπερ</span> <span class='ocrx_word' id='word_1_489' title='bbox 2353 3034 2675 3106; x_wconf 68' lang='grc' dir='ltr'>ἠϐουλήθης.</span> 
     </span>
    </p>
   </div>
   <div class='ocr_carea' id='block_1_60' title="bbox 567 3116 2094 3196">
    <p class='ocr_par' dir='ltr' id='par_1_60' title="bbox 567 3116 2070 3185">
     <span class='ocr_line' id='line_1_60' title="bbox 567 3116 2070 3185; baseline 0 -14"><span class='ocrx_word' id='word_1_490' title='bbox 567 3116 923 3174; x_wconf 72' lang='lat' dir='ltr'><strong>’Vsns.3-i8.</strong></span> <span class='ocrx_word' id='word_1_491' title='bbox 955 3117 1077 3174; x_wconf 90' lang='lat' dir='ltr'><strong>Non</strong></span> <span class='ocrx_word' id='word_1_492' title='bbox 1112 3118 1285 3185; x_wconf 87' lang='lat' dir='ltr'><strong>nobis,</strong></span> <span class='ocrx_word' id='word_1_493' title='bbox 1335 3119 1582 3184; x_wconf 81' lang='lat' dir='ltr'><strong>Domine,</strong></span> <span class='ocrx_word' id='word_1_494' title='bbox 1628 3136 1731 3173; x_wconf 88' lang='lat' dir='ltr'><strong>non</strong></span> <span class='ocrx_word' id='word_1_495' title='bbox 1779 3119 1947 3182; x_wconf 77' lang='lat' dir='ltr'><strong>nobis,</strong></span> <span class='ocrx_word' id='word_1_496' title='bbox 1982 3120 2070 3174; x_wconf 86' lang='lat' dir='ltr'><strong>sed</strong></span> 
     </span>
    </p>
   </div>
   <div class='ocr_carea' id='block_1_61' title="bbox 2164 3116 3691 3196">
    <p class='ocr_par' dir='ltr' id='par_1_61' title="bbox 2250 3125 3691 3196">
     <span class='ocr_line' id='line_1_61' title="bbox 2250 3125 3691 3196; baseline -0.005 -15"><span class='ocrx_word' id='word_1_497' title='bbox 2250 3127 2346 3193; x_wconf 79' lang='grc' dir='ltr'><strong>Μὴ</strong></span> <span class='ocrx_word' id='word_1_498' title='bbox 2382 3125 2545 3195; x_wconf 73' lang='grc' dir='ltr'>ἡμῖν,</span> <span class='ocrx_word' id='word_1_499' title='bbox 2593 3128 2786 3194; x_wconf 76' lang='grc' dir='ltr'>Κύριε,</span> <span class='ocrx_word' id='word_1_500' title='bbox 2811 3127 2897 3196; x_wconf 79' lang='grc' dir='ltr'>μὴ</span> <span class='ocrx_word' id='word_1_501' title='bbox 2956 3126 3117 3196; x_wconf 71' lang='grc' dir='ltr'>ἡμῖν,</span> <span class='ocrx_word' id='word_1_502' title='bbox 3150 3128 3293 3181; x_wconf 73' lang='grc' dir='ltr'><strong>ἀλλ’</strong></span> <span class='ocrx_word' id='word_1_503' title='bbox 3328 3127 3366 3195; x_wconf 86' lang='grc' dir='ltr'><em>ἧ</em></span> <span class='ocrx_word' id='word_1_504' title='bbox 3394 3126 3474 3192; x_wconf 81' lang='grc' dir='ltr'>τῷ</span> <span class='ocrx_word' id='word_1_505' title='bbox 3501 3125 3691 3192; x_wconf 75' lang='grc' dir='ltr'>ὀνόμαιὶ</span> 
     </span>
    </p>
   </div>
   <div class='ocr_carea' id='block_1_62' title="bbox 507 3209 2034 3283">
    <p class='ocr_par' dir='ltr' id='par_1_62' title="bbox 507 3209 2034 3281">
     <span class='ocr_line' id='line_1_62' title="bbox 507 3209 2034 3281; baseline -0.001 -17"><span class='ocrx_word' id='word_1_506' title='bbox 507 3212 707 3264; x_wconf 80' lang='lat' dir='ltr'><strong>nomini</strong></span> <span class='ocrx_word' id='word_1_507' title='bbox 739 3220 826 3263; x_wconf 91' lang='lat' dir='ltr'><strong>tuo</strong></span> <span class='ocrx_word' id='word_1_508' title='bbox 859 3211 929 3263; x_wconf 87' lang='lat' dir='ltr'><strong>da</strong></span> <span class='ocrx_word' id='word_1_509' title='bbox 963 3210 1189 3281; x_wconf 83' lang='lat' dir='ltr'><strong>gloriam</strong></span> <span class='ocrx_word' id='word_1_510' title='bbox 1218 3227 1237 3264; x_wconf 91' lang='lat'><strong><em>:</em></strong></span> <span class='ocrx_word' id='word_1_511' title='bbox 1272 3226 1428 3281; x_wconf 82' lang='lat' dir='ltr'><strong>super</strong></span> <span class='ocrx_word' id='word_1_512' title='bbox 1471 3209 1835 3265; x_wconf 82' lang='lat' dir='ltr'><strong>misericordia</strong></span> <span class='ocrx_word' id='word_1_513' title='bbox 1885 3221 1975 3264; x_wconf 89' lang='lat' dir='ltr'><strong>tua</strong></span> <span class='ocrx_word' id='word_1_514' title='bbox 2023 3232 2034 3263; x_wconf 81' lang='grc' dir='ltr'><strong>ι</strong></span> 
     </span>
    </p>
   </div>
   <div class='ocr_carea' id='block_1_63' title="bbox 2165 3209 3692 3283">
    <p class='ocr_par' dir='ltr' id='par_1_63' title="bbox 2179 3213 3692 3283">
     <span class='ocr_line' id='line_1_63' title="bbox 2179 3213 3692 3283; baseline -0.003 -13"><span class='ocrx_word' id='word_1_515' title='bbox 2179 3232 2295 3270; x_wconf 89' lang='grc' dir='ltr'><strong>σου</strong></span> <span class='ocrx_word' id='word_1_516' title='bbox 2319 3215 2424 3281; x_wconf 81' lang='grc' dir='ltr'>δὸς</span> <span class='ocrx_word' id='word_1_517' title='bbox 2451 3216 2640 3279; x_wconf 78' lang='grc' dir='ltr'>δόξαν</span> <span class='ocrx_word' id='word_1_518' title='bbox 2657 3234 2671 3245; x_wconf 89' lang='grc'><strong>·</strong></span> <span class='ocrx_word' id='word_1_519' title='bbox 2699 3215 2797 3269; x_wconf 80' lang='grc' dir='ltr'><strong>ἐπὶ</strong></span> <span class='ocrx_word' id='word_1_520' title='bbox 2820 3215 2901 3281; x_wconf 80' lang='grc' dir='ltr'>τῷ</span> <span class='ocrx_word' id='word_1_521' title='bbox 2923 3214 3075 3269; x_wconf 72' lang='grc' dir='ltr'>ἐλέει</span> <span class='ocrx_word' id='word_1_522' title='bbox 3118 3233 3234 3269; x_wconf 92' lang='grc' dir='ltr'><strong>σου</strong></span> <span class='ocrx_word' id='word_1_523' title='bbox 3269 3216 3377 3268; x_wconf 79' lang='grc' dir='ltr'>καὶ</span> <span class='ocrx_word' id='word_1_524' title='bbox 3408 3213 3482 3283; x_wconf 77' lang='grc' dir='ltr'>τῇ</span> <span class='ocrx_word' id='word_1_525' title='bbox 3502 3214 3692 3280; x_wconf 68' lang='grc' dir='ltr'>ἀληθείᾳ</span> 
     </span>
    </p>
   </div>
   <div class='ocr_carea' id='block_1_64' title="bbox 499 3298 2026 3375">
    <p class='ocr_par' dir='ltr' id='par_1_64' title="bbox 499 3298 2026 3372">
     <span class='ocr_line' id='line_1_64' title="bbox 499 3298 2026 3372; baseline 0 -18"><span class='ocrx_word' id='word_1_526' title='bbox 499 3302 724 3354; x_wconf 67' lang='lat' dir='ltr'><strong>veritate</strong></span> <span class='ocrx_word' id='word_1_527' title='bbox 764 3311 874 3364; x_wconf 89' lang='lat' dir='ltr'><strong>tua,</strong></span> <span class='ocrx_word' id='word_1_528' title='bbox 916 3302 1191 3370; x_wconf 87' lang='lat' dir='ltr'><strong>nequando</strong></span> <span class='ocrx_word' id='word_1_529' title='bbox 1246 3300 1428 3356; x_wconf 83' lang='lat' dir='ltr'><strong>dicant</strong></span> <span class='ocrx_word' id='word_1_530' title='bbox 1453 3311 1626 3372; x_wconf 78' lang='lat' dir='ltr'><strong>gentes</strong></span> <span class='ocrx_word' id='word_1_531' title='bbox 1655 3315 1674 3353; x_wconf 91' lang='lat'><strong><em>:</em></strong></span> <span class='ocrx_word' id='word_1_532' title='bbox 1706 3298 1806 3353; x_wconf 86' lang='lat' dir='ltr'><strong>Ubi</strong></span> <span class='ocrx_word' id='word_1_533' title='bbox 1831 3310 1907 3354; x_wconf 87' lang='lat' dir='ltr'><strong>est</strong></span> <span class='ocrx_word' id='word_1_534' title='bbox 1935 3300 2026 3354; x_wconf 80' lang='lat' dir='ltr'><strong>Det</strong></span> 
     </span>
    </p>
   </div>
   <div class='ocr_carea' id='block_1_65' title="bbox 2167 3298 3694 3375">
    <p class='ocr_par' dir='ltr' id='par_1_65' title="bbox 2181 3305 3694 3375">
     <span class='ocr_line' id='line_1_65' title="bbox 2181 3305 3694 3375; baseline -0.003 -15"><span class='ocrx_word' id='word_1_535' title='bbox 2181 3323 2317 3369; x_wconf 84' lang='grc' dir='ltr'>σου,</span> <span class='ocrx_word' id='word_1_536' title='bbox 2342 3305 2426 3375; x_wconf 78' lang='grc' dir='ltr'><em>μή</em></span> <span class='ocrx_word' id='word_1_537' title='bbox 2456 3323 2599 3359; x_wconf 86' lang='grc' dir='ltr'>ποτε</span> <span class='ocrx_word' id='word_1_538' title='bbox 2625 3306 2838 3359; x_wconf 73' lang='grc' dir='ltr'>εἴπωσι</span> <span class='ocrx_word' id='word_1_539' title='bbox 2878 3306 2949 3360; x_wconf 86' lang='grc' dir='ltr'>τὰ</span> <span class='ocrx_word' id='word_1_540' title='bbox 2980 3305 3141 3373; x_wconf 82' lang='grc' dir='ltr'>ἔθνη·</span> <span class='ocrx_word' id='word_1_541' title='bbox 3182 3306 3310 3359; x_wconf 86' lang='grc' dir='ltr'><strong>Ποῦ</strong></span> <span class='ocrx_word' id='word_1_542' title='bbox 3351 3306 3516 3359; x_wconf 81' lang='grc' dir='ltr'>ἐστιν</span> <span class='ocrx_word' id='word_1_543' title='bbox 3537 3308 3567 3358; x_wconf 79' lang='grc' dir='ltr'><em>ὁ</em></span> <span class='ocrx_word' id='word_1_544' title='bbox 3596 3305 3694 3363; x_wconf 69' lang='grc' dir='ltr'>Θειῖς</span> 
     </span>
    </p>
   </div>
   <div class='ocr_carea' id='block_1_66' title="bbox 496 3389 2023 3466">
    <p class='ocr_par' dir='ltr' id='par_1_66' title="bbox 496 3391 2023 3455">
     <span class='ocr_line' id='line_1_66' title="bbox 496 3391 2023 3455; baseline -0.002 -9"><span class='ocrx_word' id='word_1_545' title='bbox 496 3394 732 3447; x_wconf 75' lang='lat' dir='ltr'><strong>eorum?</strong></span> <span class='ocrx_word' id='word_1_546' title='bbox 763 3391 904 3445; x_wconf 82' lang='lat' dir='ltr'><strong>Deus</strong></span> <span class='ocrx_word' id='word_1_547' title='bbox 942 3401 1116 3445; x_wconf 87' lang='lat' dir='ltr'><strong>autem</strong></span> <span class='ocrx_word' id='word_1_548' title='bbox 1149 3400 1325 3446; x_wconf 82' lang='lat' dir='ltr'><strong>noster</strong></span> <span class='ocrx_word' id='word_1_549' title='bbox 1354 3394 1410 3446; x_wconf 89' lang='lat' dir='ltr'><strong>in</strong></span> <span class='ocrx_word' id='word_1_550' title='bbox 1442 3394 1568 3447; x_wconf 79' lang='lat' dir='ltr'><strong>caelo</strong></span> <span class='ocrx_word' id='word_1_551' title='bbox 1602 3401 1653 3446; x_wconf 90' lang='lat' dir='ltr'><strong>et</strong></span> <span class='ocrx_word' id='word_1_552' title='bbox 1682 3393 1736 3446; x_wconf 86' lang='lat' dir='ltr'><strong>in</strong></span> <span class='ocrx_word' id='word_1_553' title='bbox 1770 3400 1928 3455; x_wconf 91' lang='lat' dir='ltr'><strong>terra,</strong></span> <span class='ocrx_word' id='word_1_554' title='bbox 1962 3409 2023 3446; x_wconf 86' lang='lat' dir='ltr'><strong>on</strong></span> 
     </span>
    </p>
   </div>
   <div class='ocr_carea' id='block_1_67' title="bbox 2167 3389 3694 3466">
    <p class='ocr_par' dir='ltr' id='par_1_67' title="bbox 2181 3389 3694 3466">
     <span class='ocr_line' id='line_1_67' title="bbox 2181 3389 3694 3466; baseline -0.005 -14"><span class='ocrx_word' id='word_1_555' title='bbox 2181 3397 2418 3462; x_wconf 84' lang='grc' dir='ltr'>αὺτῶν;</span> <span class='ocrx_word' id='word_1_556' title='bbox 2462 3399 2523 3451; x_wconf 91' lang='lat'><strong>&#39;0</strong></span> <span class='ocrx_word' id='word_1_557' title='bbox 2547 3396 2614 3450; x_wconf 83' lang='grc' dir='ltr'>δὲ</span> <span class='ocrx_word' id='word_1_558' title='bbox 2639 3396 2783 3463; x_wconf 88' lang='grc' dir='ltr'>Θεὸς</span> <span class='ocrx_word' id='word_1_559' title='bbox 2807 3396 2975 3466; x_wconf 76' lang='grc' dir='ltr'>ἡμῶν</span> <span class='ocrx_word' id='word_1_560' title='bbox 2998 3397 3069 3450; x_wconf 81' lang='grc' dir='ltr'>ὲν</span> <span class='ocrx_word' id='word_1_561' title='bbox 3085 3396 3166 3462; x_wconf 85' lang='grc' dir='ltr'>τῷ</span> <span class='ocrx_word' id='word_1_562' title='bbox 3195 3396 3437 3465; x_wconf 78' lang='grc' dir='ltr'><strong>οὐρανῷ</strong></span> <span class='ocrx_word' id='word_1_563' title='bbox 3456 3396 3545 3449; x_wconf 68' lang='grc' dir='ltr'>καὶ</span> <span class='ocrx_word' id='word_1_564' title='bbox 3570 3394 3628 3448; x_wconf 75' lang='grc' dir='ltr'>ἐν</span> <span class='ocrx_word' id='word_1_565' title='bbox 3649 3389 3694 3457; x_wconf 69' lang='grc' dir='ltr'>τῇ</span> 
     </span>
    </p>
   </div>
   <div class='ocr_carea' id='block_1_68' title="bbox 438 3482 1965 3560">
    <p class='ocr_par' dir='ltr' id='par_1_68' title="bbox 438 3482 1941 3555">
     <span class='ocr_line' id='line_1_68' title="bbox 438 3482 1941 3555; baseline -0.002 -17"><span class='ocrx_word' id='word_1_566' title='bbox 438 3546 439 3555; x_wconf 15' lang='grc' dir='ltr'>γ</span> <span class='ocrx_word' id='word_1_567' title='bbox 509 3485 601 3538; x_wconf 88' lang='lat' dir='ltr'><strong>nia</strong></span> <span class='ocrx_word' id='word_1_568' title='bbox 621 3500 937 3554; x_wconf 65' lang='lat' dir='ltr'><strong>quacunque</strong></span> <span class='ocrx_word' id='word_1_569' title='bbox 968 3484 1129 3537; x_wconf 73' lang='lat' dir='ltr'><strong>voluit</strong></span> <span class='ocrx_word' id='word_1_570' title='bbox 1176 3484 1321 3554; x_wconf 80' lang='lat' dir='ltr'><strong>fecit.</strong></span> <span class='ocrx_word' id='word_1_571' title='bbox 1371 3482 1671 3538; x_wconf 86' lang='lat' dir='ltr'><strong>Simulacra</strong></span> <span class='ocrx_word' id='word_1_572' title='bbox 1711 3485 1941 3553; x_wconf 86' lang='lat' dir='ltr'><strong>gentium</strong></span> 
     </span>
    </p>
   </div>
   <div class='ocr_carea' id='block_1_69' title="bbox 2167 3482 3694 3560">
    <p class='ocr_par' dir='ltr' id='par_1_69' title="bbox 2182 3485 3694 3560">
     <span class='ocr_line' id='line_1_69' title="bbox 2182 3485 3694 3560; baseline -0.007 -13"><span class='ocrx_word' id='word_1_573' title='bbox 2182 3490 2281 3560; x_wconf 65' lang='grc' dir='ltr'><strong>τῇ,</strong></span> <span class='ocrx_word' id='word_1_574' title='bbox 2326 3490 2521 3545; x_wconf 82' lang='grc' dir='ltr'>πάντα</span> <span class='ocrx_word' id='word_1_575' title='bbox 2570 3490 2686 3544; x_wconf 86' lang='grc' dir='ltr'>ὅσα</span> <span class='ocrx_word' id='word_1_576' title='bbox 2729 3488 3035 3558; x_wconf 73' lang='grc' dir='ltr'>ἠθέλησεν</span> <span class='ocrx_word' id='word_1_577' title='bbox 3068 3488 3382 3556; x_wconf 83' lang='grc' dir='ltr'>ἐποίησεν.</span> <span class='ocrx_word' id='word_1_578' title='bbox 3433 3489 3505 3542; x_wconf 82' lang='grc' dir='ltr'><strong>Τὰ</strong></span> <span class='ocrx_word' id='word_1_579' title='bbox 3532 3485 3694 3539; x_wconf 64' lang='lat' dir='ltr'><strong>eidem</strong></span> 
     </span>
    </p>
   </div>
   <div class='ocr_carea' id='block_1_70' title="bbox 498 3574 2025 3653">
    <p class='ocr_par' dir='ltr' id='par_1_70' title="bbox 498 3574 2025 3644">
     <span class='ocr_line' id='line_1_70' title="bbox 498 3574 2025 3644; baseline -0.001 -17"><span class='ocrx_word' id='word_1_580' title='bbox 498 3584 719 3644; x_wconf 79' lang='lat' dir='ltr'><strong>‘gentum</strong></span> <span class='ocrx_word' id='word_1_581' title='bbox 745 3584 794 3628; x_wconf 89' lang='lat' dir='ltr'><strong>et</strong></span> <span class='ocrx_word' id='word_1_582' title='bbox 823 3590 1030 3631; x_wconf 75' lang='lat' dir='ltr'><strong>aurum.</strong></span> <span class='ocrx_word' id='word_1_583' title='bbox 1075 3590 1231 3644; x_wconf 86' lang='lat' dir='ltr'><strong>opera</strong></span> <span class='ocrx_word' id='word_1_584' title='bbox 1267 3591 1517 3627; x_wconf 85' lang='lat' dir='ltr'><strong>manuum</strong></span> <span class='ocrx_word' id='word_1_585' title='bbox 1563 3574 1867 3637; x_wconf 81' lang='lat' dir='ltr'><strong>hominum;</strong></span> <span class='ocrx_word' id='word_1_586' title='bbox 1892 3591 1948 3627; x_wconf 92' lang='lat' dir='ltr'><strong>os</strong></span> <span class='ocrx_word' id='word_1_587' title='bbox 1982 3574 2025 3625; x_wconf 70' lang='grc' dir='ltr'>Ιιι</span> 
     </span>
    </p>
   </div>
   <div class='ocr_carea' id='block_1_71' title="bbox 2163 3574 3690 3653">
    <p class='ocr_par' dir='ltr' id='par_1_71' title="bbox 2182 3576 3690 3653">
     <span class='ocr_line' id='line_1_71' title="bbox 2182 3576 3690 3653; baseline -0.002 -18"><span class='ocrx_word' id='word_1_588' title='bbox 2182 3582 2301 3636; x_wconf 82' lang='grc' dir='ltr'><strong>τῶν</strong></span> <span class='ocrx_word' id='word_1_589' title='bbox 2332 3582 2525 3637; x_wconf 82' lang='grc' dir='ltr'>ἐθνῶν</span> <span class='ocrx_word' id='word_1_590' title='bbox 2566 3583 2846 3653; x_wconf 77' lang='grc' dir='ltr'>ἀργύριον</span> <span class='ocrx_word' id='word_1_591' title='bbox 2891 3581 2989 3637; x_wconf 80' lang='grc' dir='ltr'>καὶ</span> <span class='ocrx_word' id='word_1_592' title='bbox 3029 3582 3310 3650; x_wconf 80' lang='grc' dir='ltr'>χρυσίον,</span> <span class='ocrx_word' id='word_1_593' title='bbox 3355 3582 3492 3650; x_wconf 75' lang='grc' dir='ltr'>ἔργα</span> <span class='ocrx_word' id='word_1_594' title='bbox 3538 3576 3690 3649; x_wconf 72' lang='grc' dir='ltr'>χειριὶι</span> 
     </span>
    </p>
   </div>
   <div class='ocr_carea' id='block_1_72' title="bbox 514 3666 2041 3742">
    <p class='ocr_par' dir='ltr' id='par_1_72' title="bbox 514 3666 2041 3735">
     <span class='ocr_line' id='line_1_72' title="bbox 514 3666 2041 3735; baseline -0.002 -15"><span class='ocrx_word' id='word_1_595' title='bbox 514 3669 652 3732; x_wconf 87' lang='lat' dir='ltr'><strong>bent,</strong></span> <span class='ocrx_word' id='word_1_596' title='bbox 685 3676 736 3721; x_wconf 90' lang='lat' dir='ltr'><strong>et</strong></span> <span class='ocrx_word' id='word_1_597' title='bbox 779 3684 883 3720; x_wconf 89' lang='lat' dir='ltr'><strong>non</strong></span> <span class='ocrx_word' id='word_1_598' title='bbox 926 3668 1233 3735; x_wconf 81' lang='lat' dir='ltr'><strong>loquentur;</strong></span> <span class='ocrx_word' id='word_1_599' title='bbox 1268 3667 1444 3721; x_wconf 86' lang='lat' dir='ltr'><strong>oculos</strong></span> <span class='ocrx_word' id='word_1_600' title='bbox 1477 3666 1687 3729; x_wconf 81' lang='lat' dir='ltr'><strong>habent,</strong></span> <span class='ocrx_word' id='word_1_601' title='bbox 1727 3676 1775 3720; x_wconf 88' lang='lat' dir='ltr'><strong>et</strong></span> <span class='ocrx_word' id='word_1_602' title='bbox 1808 3683 1911 3719; x_wconf 89' lang='lat' dir='ltr'><strong>non</strong></span> <span class='ocrx_word' id='word_1_603' title='bbox 1940 3666 2041 3719; x_wconf 74' lang='lat' dir='ltr'><strong>vide</strong></span> 
     </span>
    </p>
   </div>
   <div class='ocr_carea' id='block_1_73' title="bbox 2166 3666 3693 3742">
    <p class='ocr_par' dir='ltr' id='par_1_73' title="bbox 2183 3670 3693 3742">
     <span class='ocr_line' id='line_1_73' title="bbox 2183 3670 3693 3742; baseline -0.003 -14"><span class='ocrx_word' id='word_1_604' title='bbox 2183 3673 2526 3741; x_wconf 82' lang='grc' dir='ltr'>ἀνθρώπων·</span> <span class='ocrx_word' id='word_1_605' title='bbox 2567 3676 2761 3742; x_wconf 81' lang='grc' dir='ltr'>στόμα</span> <span class='ocrx_word' id='word_1_606' title='bbox 2817 3672 3029 3741; x_wconf 76' lang='grc' dir='ltr'>έχουσι</span> <span class='ocrx_word' id='word_1_607' title='bbox 3071 3672 3169 3724; x_wconf 79' lang='grc' dir='ltr'>καὶ</span> <span class='ocrx_word' id='word_1_608' title='bbox 3223 3674 3299 3725; x_wconf 90' lang='grc' dir='ltr'>οὐ</span> <span class='ocrx_word' id='word_1_609' title='bbox 3350 3670 3693 3734; x_wconf 68' lang='grc' dir='ltr'>λαλήσουσιν.</span> 
     </span>
    </p>
   </div>
   <div class='ocr_carea' id='block_1_74' title="bbox 512 3757 2039 3833">
    <p class='ocr_par' dir='ltr' id='par_1_74' title="bbox 512 3757 2039 3824">
     <span class='ocr_line' id='line_1_74' title="bbox 512 3757 2039 3824; baseline 0.001 -13"><span class='ocrx_word' id='word_1_610' title='bbox 512 3758 674 3820; x_wconf 78' lang='lat' dir='ltr'><strong>bunt;</strong></span> <span class='ocrx_word' id='word_1_611' title='bbox 705 3774 858 3812; x_wconf 85' lang='lat' dir='ltr'><strong>aures</strong></span> <span class='ocrx_word' id='word_1_612' title='bbox 886 3757 1100 3821; x_wconf 79' lang='lat' dir='ltr'><strong>habent,</strong></span> <span class='ocrx_word' id='word_1_613' title='bbox 1133 3768 1183 3813; x_wconf 90' lang='lat' dir='ltr'><strong>et</strong></span> <span class='ocrx_word' id='word_1_614' title='bbox 1204 3775 1309 3812; x_wconf 90' lang='lat' dir='ltr'><strong>non</strong></span> <span class='ocrx_word' id='word_1_615' title='bbox 1337 3759 1580 3821; x_wconf 87' lang='lat' dir='ltr'><strong>audient;</strong></span> <span class='ocrx_word' id='word_1_616' title='bbox 1611 3774 1763 3812; x_wconf 82' lang='lat' dir='ltr'><strong>nares</strong></span> <span class='ocrx_word' id='word_1_617' title='bbox 1793 3757 2039 3824; x_wconf 73' lang='lat' dir='ltr'><strong>habent,t</strong></span> 
     </span>
    </p>
   </div>
   <div class='ocr_carea' id='block_1_75' title="bbox 2167 3757 3694 3833">
    <p class='ocr_par' dir='ltr' id='par_1_75' title="bbox 2186 3758 3694 3832">
     <span class='ocr_line' id='line_1_75' title="bbox 2186 3758 3694 3832; baseline 0.001 -17"><span class='ocrx_word' id='word_1_618' title='bbox 2186 3763 2528 3832; x_wconf 71' lang='grc' dir='ltr'>ὀφθαλμοὺς</span> <span class='ocrx_word' id='word_1_619' title='bbox 2552 3763 2764 3831; x_wconf 76' lang='grc' dir='ltr'>ἔχουσι</span> <span class='ocrx_word' id='word_1_620' title='bbox 2791 3764 2888 3817; x_wconf 77' lang='grc' dir='ltr'>καὶ</span> <span class='ocrx_word' id='word_1_621' title='bbox 2916 3763 3027 3815; x_wconf 84' lang='grc' dir='ltr'>οὐκ</span> <span class='ocrx_word' id='word_1_622' title='bbox 3056 3761 3341 3829; x_wconf 72' lang='grc' dir='ltr'>ὄψονται·</span> <span class='ocrx_word' id='word_1_623' title='bbox 3376 3759 3495 3814; x_wconf 84' lang='grc' dir='ltr'>ὦτα</span> <span class='ocrx_word' id='word_1_624' title='bbox 3520 3758 3694 3828; x_wconf 68' lang='grc' dir='ltr'>ἔχουσι.</span> 
     </span>
    </p>
   </div>
   <div class='ocr_carea' id='block_1_76' title="bbox 513 3844 2040 3919">
    <p class='ocr_par' dir='ltr' id='par_1_76' title="bbox 513 3844 2040 3917">
     <span class='ocr_line' id='line_1_76' title="bbox 513 3844 2040 3917; baseline 0.003 -20"><span class='ocrx_word' id='word_1_625' title='bbox 513 3861 617 3898; x_wconf 88' lang='lat' dir='ltr'><strong>non</strong></span> <span class='ocrx_word' id='word_1_626' title='bbox 658 3844 990 3908; x_wconf 79' lang='lat' dir='ltr'><strong>odorabunt&#39;;</strong></span> <span class='ocrx_word' id='word_1_627' title='bbox 1039 3863 1226 3900; x_wconf 86' lang='lat' dir='ltr'><strong>manus</strong></span> <span class='ocrx_word' id='word_1_628' title='bbox 1257 3846 1468 3908; x_wconf 87' lang='lat' dir='ltr'><strong>habent,</strong></span> <span class='ocrx_word' id='word_1_629' title='bbox 1527 3856 1575 3900; x_wconf 90' lang='lat' dir='ltr'><strong>et</strong></span> <span class='ocrx_word' id='word_1_630' title='bbox 1614 3865 1724 3901; x_wconf 87' lang='lat' dir='ltr'><strong>non</strong></span> <span class='ocrx_word' id='word_1_631' title='bbox 1755 3848 2040 3917; x_wconf 86' lang='lat' dir='ltr'><strong>palpabunt</strong></span> 
     </span>
    </p>
   </div>
   <div class='ocr_carea' id='block_1_77' title="bbox 2168 3844 3695 3919">
    <p class='ocr_par' dir='ltr' id='par_1_77' title="bbox 2185 3847 3695 3919">
     <span class='ocr_line' id='line_1_77' title="bbox 2185 3847 3695 3919; baseline -0.005 -13"><span class='ocrx_word' id='word_1_632' title='bbox 2185 3853 2285 3906; x_wconf 80' lang='grc' dir='ltr'>καὶ</span> <span class='ocrx_word' id='word_1_633' title='bbox 2344 3853 2457 3905; x_wconf 82' lang='grc' dir='ltr'>οὐκ</span> <span class='ocrx_word' id='word_1_634' title='bbox 2522 3852 2916 3918; x_wconf 79' lang='grc' dir='ltr'>ἀκούσονται,</span> <span class='ocrx_word' id='word_1_635' title='bbox 2972 3850 3147 3919; x_wconf 72' lang='grc' dir='ltr'>ῥῖνας</span> <span class='ocrx_word' id='word_1_636' title='bbox 3207 3851 3428 3918; x_wconf 74' lang='grc' dir='ltr'>ἔχουσι</span> <span class='ocrx_word' id='word_1_637' title='bbox 3486 3849 3575 3902; x_wconf 80' lang='grc' dir='ltr'>καὶ</span> <span class='ocrx_word' id='word_1_638' title='bbox 3625 3847 3695 3899; x_wconf 77' lang='grc' dir='ltr'><strong>οὐκ</strong></span> 
     </span>
    </p>
   </div>
   <div class='ocr_carea' id='block_1_78' title="bbox 500 3933 2027 4014">
    <p class='ocr_par' dir='ltr' id='par_1_78' title="bbox 500 3933 2027 4002">
     <span class='ocr_line' id='line_1_78' title="bbox 500 3933 2027 4002; baseline -0.001 -15"><span class='ocrx_word' id='word_1_639' title='bbox 500 3934 664 4001; x_wconf 71' lang='lat' dir='ltr'><strong>pedes</strong></span> <span class='ocrx_word' id='word_1_640' title='bbox 689 3933 901 3993; x_wconf 84' lang='lat' dir='ltr'><strong>habent,</strong></span> <span class='ocrx_word' id='word_1_641' title='bbox 927 3945 1101 3987; x_wconf 88' lang='lat' dir='ltr'><strong>et-non</strong></span> <span class='ocrx_word' id='word_1_642' title='bbox 1131 3933 1508 3997; x_wconf 84' lang='lat' dir='ltr'><strong>ambulabunt;</strong></span> <span class='ocrx_word' id='word_1_643' title='bbox 1534 3951 1634 3987; x_wconf 87' lang='lat' dir='ltr'><strong>non</strong></span> <span class='ocrx_word' id='word_1_644' title='bbox 1656 3935 2027 4002; x_wconf 75' lang='lat' dir='ltr'><strong>vociferabuntz</strong></span> 
     </span>
    </p>
   </div>
   <div class='ocr_carea' id='block_1_79' title="bbox 2171 3933 3698 4014">
    <p class='ocr_par' dir='ltr' id='par_1_79' title="bbox 2187 3935 3698 4014">
     <span class='ocr_line' id='line_1_79' title="bbox 2187 3935 3698 4014; baseline -0.005 -15"><span class='ocrx_word' id='word_1_645' title='bbox 2187 3942 2712 4014; x_wconf 73' lang='grc' dir='ltr'>ὀσφρανθήσονται</span> <span class='ocrx_word' id='word_1_646' title='bbox 2730 3958 2744 3973; x_wconf 90' lang='grc'><strong>·</strong></span> <span class='ocrx_word' id='word_1_647' title='bbox 2779 3943 2977 4012; x_wconf 71' lang='grc' dir='ltr'>χεῖρας</span> <span class='ocrx_word' id='word_1_648' title='bbox 3001 3941 3211 4009; x_wconf 80' lang='grc' dir='ltr'>ἔχουσι</span> <span class='ocrx_word' id='word_1_649' title='bbox 3243 3939 3347 3993; x_wconf 74' lang='grc' dir='ltr'>καὶ</span> <span class='ocrx_word' id='word_1_650' title='bbox 3384 3941 3453 3993; x_wconf 86' lang='grc' dir='ltr'>οὐ</span> <span class='ocrx_word' id='word_1_651' title='bbox 3485 3935 3698 4008; x_wconf 53' lang='lat' dir='ltr'><strong>philagri-</strong></span> 
     </span>
    </p>
   </div>
   <div class='ocr_carea' id='block_1_80' title="bbox 513 4024 2040 4102">
    <p class='ocr_par' dir='ltr' id='par_1_80' title="bbox 513 4024 2040 4094">
     <span class='ocr_line' id='line_1_80' title="bbox 513 4024 2040 4094; baseline 0 -17"><span class='ocrx_word' id='word_1_652' title='bbox 513 4026 567 4078; x_wconf 86' lang='lat' dir='ltr'><strong>in</strong></span> <span class='ocrx_word' id='word_1_653' title='bbox 595 4033 807 4094; x_wconf 76' lang='lat' dir='ltr'><strong>gutture</strong></span> <span class='ocrx_word' id='word_1_654' title='bbox 830 4040 945 4078; x_wconf 88' lang='lat' dir='ltr'><strong>suo.</strong></span> <span class='ocrx_word' id='word_1_655' title='bbox 979 4024 1191 4079; x_wconf 76' lang='lat' dir='ltr'><strong>Similes</strong></span> <span class='ocrx_word' id='word_1_656' title='bbox 1228 4024 1336 4078; x_wconf 83' lang='lat' dir='ltr'><strong>illis</strong></span> <span class='ocrx_word' id='word_1_657' title='bbox 1368 4026 1499 4094; x_wconf 85' lang='lat' dir='ltr'><strong>ﬁant</strong></span> <span class='ocrx_word' id='word_1_658' title='bbox 1545 4026 1633 4094; x_wconf 86' lang='lat' dir='ltr'><strong>qui</strong></span> <span class='ocrx_word' id='word_1_659' title='bbox 1668 4025 1873 4094; x_wconf 80' lang='lat' dir='ltr'><strong>faciunt</strong></span> <span class='ocrx_word' id='word_1_660' title='bbox 1912 4042 1994 4090; x_wconf 88' lang='lat' dir='ltr'><strong>ea,</strong></span> <span class='ocrx_word' id='word_1_661' title='bbox 2031 4048 2040 4077; x_wconf 77' lang='grc' dir='ltr'><strong>ι</strong></span> 
     </span>
    </p>
   </div>
   <div class='ocr_carea' id='block_1_81' title="bbox 2169 4024 3696 4102">
    <p class='ocr_par' dir='ltr' id='par_1_81' title="bbox 2188 4026 3696 4102">
     <span class='ocr_line' id='line_1_81' title="bbox 2188 4026 3696 4102; baseline -0.007 -14"><span class='ocrx_word' id='word_1_662' title='bbox 2188 4049 2394 4100; x_wconf 89' lang='grc' dir='ltr'>σουσι,</span> <span class='ocrx_word' id='word_1_663' title='bbox 2418 4032 2608 4098; x_wconf 81' lang='grc' dir='ltr'>πόδας</span> <span class='ocrx_word' id='word_1_664' title='bbox 2639 4032 2853 4102; x_wconf 71' lang='grc' dir='ltr'>ἔχουσι</span> <span class='ocrx_word' id='word_1_665' title='bbox 2887 4034 2987 4085; x_wconf 80' lang='grc' dir='ltr'>καὶ</span> <span class='ocrx_word' id='word_1_666' title='bbox 3017 4033 3088 4085; x_wconf 86' lang='grc' dir='ltr'>οὐ</span> <span class='ocrx_word' id='word_1_667' title='bbox 3123 4030 3632 4098; x_wconf 78' lang='grc' dir='ltr'>περιπατήσουσιν,</span> <span class='ocrx_word' id='word_1_668' title='bbox 3650 4026 3696 4075; x_wconf 67' lang='grc' dir='ltr'><strong>σὺ</strong></span> 
     </span>
    </p>
   </div>
   <div class='ocr_carea' id='block_1_82' title="bbox 514 4115 2041 4194">
    <p class='ocr_par' dir='ltr' id='par_1_82' title="bbox 514 4115 2041 4187">
     <span class='ocr_line' id='line_1_82' title="bbox 514 4115 2041 4187; baseline 0.001 -18"><span class='ocrx_word' id='word_1_669' title='bbox 514 4131 692 4169; x_wconf 83' lang='lat' dir='ltr'><strong>omnes</strong></span> <span class='ocrx_word' id='word_1_670' title='bbox 722 4116 812 4184; x_wconf 90' lang='lat' dir='ltr'><strong>qui</strong></span> <span class='ocrx_word' id='word_1_671' title='bbox 840 4115 1109 4184; x_wconf 85' lang='lat' dir='ltr'><strong>conﬁdunt</strong></span> <span class='ocrx_word' id='word_1_672' title='bbox 1140 4120 1193 4168; x_wconf 87' lang='lat' dir='ltr'><strong>in</strong></span> <span class='ocrx_word' id='word_1_673' title='bbox 1221 4117 1316 4170; x_wconf 84' lang='lat' dir='ltr'><strong>eis.</strong></span> <span class='ocrx_word' id='word_1_674' title='bbox 1340 4116 1541 4170; x_wconf 88' lang='lat' dir='ltr'><strong>Domus</strong></span> <span class='ocrx_word' id='word_1_675' title='bbox 1574 4116 1748 4172; x_wconf 83' lang='lat' dir='ltr'><strong>Israel</strong></span> <span class='ocrx_word' id='word_1_676' title='bbox 1779 4118 2041 4187; x_wconf 83' lang='lat' dir='ltr'><strong>speraviti</strong></span> 
     </span>
    </p>
   </div>
   <div class='ocr_carea' id='block_1_83' title="bbox 2171 4115 3698 4194">
    <p class='ocr_par' dir='ltr' id='par_1_83' title="bbox 2188 4115 3698 4194">
     <span class='ocr_line' id='line_1_83' title="bbox 2188 4115 3698 4194; baseline -0.007 -16"><span class='ocrx_word' id='word_1_677' title='bbox 2188 4124 2580 4194; x_wconf 76' lang='grc' dir='ltr'>φωνήσουσιν</span> <span class='ocrx_word' id='word_1_678' title='bbox 2622 4124 2692 4177; x_wconf 80' lang='grc' dir='ltr'><strong>ἐν</strong></span> <span class='ocrx_word' id='word_1_679' title='bbox 2720 4123 2802 4188; x_wconf 81' lang='grc' dir='ltr'>τῷ</span> <span class='ocrx_word' id='word_1_680' title='bbox 2831 4122 3082 4193; x_wconf 70' lang='grc' dir='ltr'>λάρυγγι</span> <span class='ocrx_word' id='word_1_681' title='bbox 3141 4120 3363 4176; x_wconf 82' lang='grc' dir='ltr'>αὐτῶν.</span> <span class='ocrx_word' id='word_1_682' title='bbox 3403 4123 3595 4188; x_wconf 80' lang='grc' dir='ltr'>Ὅμοιοι</span> <span class='ocrx_word' id='word_1_683' title='bbox 3628 4115 3698 4167; x_wconf 81' lang='grc' dir='ltr'><strong>οὐ·</strong></span> 
     </span>
    </p>
   </div>
   <div class='ocr_carea' id='block_1_84' title="bbox 515 4205 2042 4285">
    <p class='ocr_par' dir='ltr' id='par_1_84' title="bbox 515 4205 2042 4275">
     <span class='ocr_line' id='line_1_84' title="bbox 515 4205 2042 4275; baseline 0.001 -15"><span class='ocrx_word' id='word_1_684' title='bbox 515 4208 764 4271; x_wconf 80' lang='lat' dir='ltr'><strong>Domino,</strong></span> <span class='ocrx_word' id='word_1_685' title='bbox 799 4205 1014 4274; x_wconf 85' lang='lat' dir='ltr'><strong>adjutor</strong></span> <span class='ocrx_word' id='word_1_686' title='bbox 1041 4221 1221 4261; x_wconf 89' lang='lat' dir='ltr'><strong>eorum</strong></span> <span class='ocrx_word' id='word_1_687' title='bbox 1261 4216 1311 4260; x_wconf 89' lang='lat' dir='ltr'><strong>et</strong></span> <span class='ocrx_word' id='word_1_688' title='bbox 1342 4215 1604 4275; x_wconf 73' lang='lat' dir='ltr'><strong>protector</strong></span> <span class='ocrx_word' id='word_1_689' title='bbox 1632 4225 1812 4261; x_wconf 85' lang='lat' dir='ltr'><strong>eorum</strong></span> <span class='ocrx_word' id='word_1_690' title='bbox 1843 4218 1939 4263; x_wconf 85' lang='lat' dir='ltr'><strong>est.</strong></span> <span class='ocrx_word' id='word_1_691' title='bbox 1974 4208 2042 4262; x_wconf 82' lang='lat' dir='ltr'><strong>Dc</strong></span> 
     </span>
    </p>
   </div>
   <div class='ocr_carea' id='block_1_85' title="bbox 2169 4205 3696 4285">
    <p class='ocr_par' dir='ltr' id='par_1_85' title="bbox 2188 4205 3696 4285">
     <span class='ocr_line' id='line_1_85' title="bbox 2188 4205 3696 4285; baseline -0.004 -17"><span class='ocrx_word' id='word_1_692' title='bbox 2188 4215 2314 4281; x_wconf 84' lang='grc' dir='ltr'>τοῖς</span> <span class='ocrx_word' id='word_1_693' title='bbox 2338 4214 2606 4285; x_wconf 74' lang='grc' dir='ltr'>γένοιντο</span> <span class='ocrx_word' id='word_1_694' title='bbox 2646 4216 2700 4267; x_wconf 81' lang='grc' dir='ltr'>οἱ</span> <span class='ocrx_word' id='word_1_695' title='bbox 2744 4214 3057 4279; x_wconf 83' lang='grc' dir='ltr'>ποιοῦντες</span> <span class='ocrx_word' id='word_1_696' title='bbox 3080 4212 3252 4276; x_wconf 83' lang='grc' dir='ltr'>αὐτὰ,</span> <span class='ocrx_word' id='word_1_697' title='bbox 3288 4213 3393 4265; x_wconf 79' lang='grc' dir='ltr'>καὶ</span> <span class='ocrx_word' id='word_1_698' title='bbox 3437 4211 3628 4271; x_wconf 76' lang='grc' dir='ltr'>πάντες</span> <span class='ocrx_word' id='word_1_699' title='bbox 3661 4205 3696 4256; x_wconf 67' lang='lat' dir='ltr'><strong>ci</strong></span> 
     </span>
    </p>
   </div>
   <div class='ocr_carea' id='block_1_86' title="bbox 517 4299 2044 4371">
    <p class='ocr_par' dir='ltr' id='par_1_86' title="bbox 517 4299 2044 4370">
     <span class='ocr_line' id='line_1_86' title="bbox 517 4299 2044 4370; baseline 0.001 -18"><span class='ocrx_word' id='word_1_700' title='bbox 517 4317 635 4353; x_wconf 81' lang='lat' dir='ltr'><strong>mus</strong></span> <span class='ocrx_word' id='word_1_701' title='bbox 669 4299 851 4355; x_wconf 83' lang='lat' dir='ltr'><strong>Aaron</strong></span> <span class='ocrx_word' id='word_1_702' title='bbox 892 4301 1118 4370; x_wconf 84' lang='lat' dir='ltr'><strong>speravit</strong></span> <span class='ocrx_word' id='word_1_703' title='bbox 1171 4301 1226 4352; x_wconf 91' lang='lat' dir='ltr'><strong>in</strong></span> <span class='ocrx_word' id='word_1_704' title='bbox 1278 4300 1521 4364; x_wconf 88' lang='lat' dir='ltr'><strong>Domino,</strong></span> <span class='ocrx_word' id='word_1_705' title='bbox 1563 4301 1777 4369; x_wconf 86' lang='lat' dir='ltr'><strong>adjutor</strong></span> <span class='ocrx_word' id='word_1_706' title='bbox 1817 4317 1996 4356; x_wconf 87' lang='lat' dir='ltr'><strong>eorum</strong></span> <span class='ocrx_word' id='word_1_707' title='bbox 2035 4323 2044 4354; x_wconf 75' lang='grc' dir='ltr'><strong>ι</strong></span> 
     </span>
    </p>
   </div>
   <div class='ocr_carea' id='block_1_87' title="bbox 2171 4299 3698 4371">
    <p class='ocr_par' dir='ltr' id='par_1_87' title="bbox 2187 4299 3698 4371">
     <span class='ocr_line' id='line_1_87' title="bbox 2187 4299 3698 4371; baseline -0.008 -12"><span class='ocrx_word' id='word_1_708' title='bbox 2187 4307 2533 4370; x_wconf 82' lang='grc' dir='ltr'>πεποιθότες</span> <span class='ocrx_word' id='word_1_709' title='bbox 2582 4304 2673 4357; x_wconf 85' lang='grc' dir='ltr'><strong>ἐπ’</strong></span> <span class='ocrx_word' id='word_1_710' title='bbox 2728 4303 2953 4369; x_wconf 82' lang='grc' dir='ltr'>αὐτοῖς.</span> <span class='ocrx_word' id='word_1_711' title='bbox 3005 4299 3179 4369; x_wconf 75' lang='grc' dir='ltr'>Οἶκος</span> <span class='ocrx_word' id='word_1_712' title='bbox 3214 4301 3455 4371; x_wconf 73' lang='grc' dir='ltr'>Ἰσραὴλ</span> <span class='ocrx_word' id='word_1_713' title='bbox 3498 4301 3698 4368; x_wconf 67' lang='grc' dir='ltr'>ἤλπισεν</span> 
     </span>
    </p>
   </div>
   <div class='ocr_carea' id='block_1_88' title="bbox 515 4384 2042 4463">
    <p class='ocr_par' dir='ltr' id='par_1_88' title="bbox 515 4391 2042 4461">
     <span class='ocr_line' id='line_1_88' title="bbox 515 4391 2042 4461; baseline 0.001 -17"><span class='ocrx_word' id='word_1_714' title='bbox 515 4400 778 4460; x_wconf 87' lang='lat' dir='ltr'><strong>protector</strong></span> <span class='ocrx_word' id='word_1_715' title='bbox 805 4406 985 4445; x_wconf 87' lang='lat' dir='ltr'><strong>eorum</strong></span> <span class='ocrx_word' id='word_1_716' title='bbox 1027 4400 1125 4446; x_wconf 86' lang='lat' dir='ltr'><strong>est.</strong></span> <span class='ocrx_word' id='word_1_717' title='bbox 1167 4392 1272 4458; x_wconf 80' lang='lat' dir='ltr'><strong>Qui</strong></span> <span class='ocrx_word' id='word_1_718' title='bbox 1314 4393 1496 4446; x_wconf 86' lang='lat' dir='ltr'><strong>timent</strong></span> <span class='ocrx_word' id='word_1_719' title='bbox 1529 4391 1810 4445; x_wconf 87' lang='lat' dir='ltr'><strong>Dominum</strong></span> <span class='ocrx_word' id='word_1_720' title='bbox 1848 4408 2042 4461; x_wconf 61' lang='lat' dir='ltr'><strong>speravi</strong></span> 
     </span>
    </p>
   </div>
   <div class='ocr_carea' id='block_1_89' title="bbox 2171 4384 3698 4463">
    <p class='ocr_par' dir='ltr' id='par_1_89' title="bbox 2191 4384 3698 4463">
     <span class='ocr_line' id='line_1_89' title="bbox 2191 4384 3698 4463; baseline -0.007 -15"><span class='ocrx_word' id='word_1_721' title='bbox 2191 4395 2290 4448; x_wconf 76' lang='grc' dir='ltr'><strong>ἐπὶ</strong></span> <span class='ocrx_word' id='word_1_722' title='bbox 2337 4394 2576 4463; x_wconf 82' lang='grc' dir='ltr'>Κύριον,</span> <span class='ocrx_word' id='word_1_723' title='bbox 2625 4393 2856 4461; x_wconf 81' lang='grc' dir='ltr'>,βοηθὸς</span> <span class='ocrx_word' id='word_1_724' title='bbox 2916 4393 3012 4446; x_wconf 76' lang='grc' dir='ltr'>καὶ</span> <span class='ocrx_word' id='word_1_725' title='bbox 3064 4390 3521 4460; x_wconf 70' lang='grc' dir='ltr'>ὑπερασπιστὴς</span> <span class='ocrx_word' id='word_1_726' title='bbox 3556 4384 3698 4441; x_wconf 65' lang='grc' dir='ltr'>αὐτῶν</span> 
     </span>
    </p>
   </div>
   <div class='ocr_carea' id='block_1_90' title="bbox 516 4475 2043 4555">
    <p class='ocr_par' dir='ltr' id='par_1_90' title="bbox 516 4481 2043 4553">
     <span class='ocr_line' id='line_1_90' title="bbox 516 4481 2043 4553; baseline 0.001 -18"><span class='ocrx_word' id='word_1_727' title='bbox 516 4491 643 4536; x_wconf 84' lang='lat' dir='ltr'><strong>runt</strong></span> <span class='ocrx_word' id='word_1_728' title='bbox 680 4482 735 4536; x_wconf 89' lang='lat' dir='ltr'><strong>in</strong></span> <span class='ocrx_word' id='word_1_729' title='bbox 772 4481 1020 4551; x_wconf 85' lang='lat' dir='ltr'><strong>Domino,</strong></span> <span class='ocrx_word' id='word_1_730' title='bbox 1056 4483 1272 4552; x_wconf 82' lang='lat' dir='ltr'><strong>adjutor</strong></span> <span class='ocrx_word' id='word_1_731' title='bbox 1300 4499 1479 4536; x_wconf 83' lang='lat' dir='ltr'><strong>eorum</strong></span> <span class='ocrx_word' id='word_1_732' title='bbox 1526 4493 1576 4537; x_wconf 90' lang='lat' dir='ltr'><strong>et</strong></span> <span class='ocrx_word' id='word_1_733' title='bbox 1617 4494 1878 4553; x_wconf 84' lang='lat' dir='ltr'><strong>protector</strong></span> <span class='ocrx_word' id='word_1_734' title='bbox 1905 4501 2043 4539; x_wconf 71' lang='lat' dir='ltr'><strong>carui</strong></span> 
     </span>
    </p>
   </div>
   <div class='ocr_carea' id='block_1_91' title="bbox 2169 4475 3696 4555">
    <p class='ocr_par' dir='ltr' id='par_1_91' title="bbox 2198 4475 3696 4555">
     <span class='ocr_line' id='line_1_91' title="bbox 2198 4475 3696 4555; baseline 0 -17"><span class='ocrx_word' id='word_1_735' title='bbox 2198 4485 2393 4539; x_wconf 83' lang='grc' dir='ltr'>ἐστιν.</span> <span class='ocrx_word' id='word_1_736' title='bbox 2426 4482 2601 4553; x_wconf 80' lang='grc' dir='ltr'>Οἶκος</span> <span class='ocrx_word' id='word_1_737' title='bbox 2620 4486 2835 4553; x_wconf 82' lang='grc' dir='ltr'>Ἀαρὼν</span> <span class='ocrx_word' id='word_1_738' title='bbox 2858 4486 3120 4555; x_wconf 73' lang='grc' dir='ltr'>ἤλπισεν</span> <span class='ocrx_word' id='word_1_739' title='bbox 3149 4485 3247 4538; x_wconf 77' lang='grc' dir='ltr'><strong>ἐπὶ</strong></span> <span class='ocrx_word' id='word_1_740' title='bbox 3272 4486 3508 4552; x_wconf 83' lang='grc' dir='ltr'>Κύριον,</span> <span class='ocrx_word' id='word_1_741' title='bbox 3528 4475 3696 4546; x_wconf 74' lang='grc' dir='ltr'>βοηθὸς</span> 
     </span>
    </p>
   </div>
   <div class='ocr_carea' id='block_1_92' title="bbox 518 4572 2045 4647">
    <p class='ocr_par' dir='ltr' id='par_1_92' title="bbox 518 4572 2045 4631">
     <span class='ocr_line' id='line_1_92' title="bbox 518 4572 2045 4631; baseline 0.003 -4"><span class='ocrx_word' id='word_1_742' title='bbox 518 4583 618 4627; x_wconf 83' lang='lat' dir='ltr'><strong>est.</strong></span> <span class='ocrx_word' id='word_1_743' title='bbox 667 4572 925 4629; x_wconf 85' lang='lat' dir='ltr'><strong>Dominus</strong></span> <span class='ocrx_word' id='word_1_744' title='bbox 972 4591 1170 4629; x_wconf 91' lang='lat' dir='ltr'><strong>memor</strong></span> <span class='ocrx_word' id='word_1_745' title='bbox 1205 4574 1376 4628; x_wconf 89' lang='lat' dir='ltr'><strong>nostri</strong></span> <span class='ocrx_word' id='word_1_746' title='bbox 1421 4573 1683 4629; x_wconf 68' lang='lat' dir='ltr'><strong>benedixit</strong></span> <span class='ocrx_word' id='word_1_747' title='bbox 1719 4576 1889 4631; x_wconf 91' lang='lat' dir='ltr'><strong>nobis.</strong></span> <span class='ocrx_word' id='word_1_748' title='bbox 1928 4577 2045 4631; x_wconf 67' lang='lat' dir='ltr'><strong>Bern</strong></span> 
     </span>
    </p>
   </div>
   <div class='ocr_carea' id='block_1_93' title="bbox 2170 4572 3697 4647">
    <p class='ocr_par' dir='ltr' id='par_1_93' title="bbox 2193 4576 3697 4647">
     <span class='ocr_line' id='line_1_93' title="bbox 2193 4576 3697 4647; baseline -0.003 -16"><span class='ocrx_word' id='word_1_749' title='bbox 2193 4577 2294 4631; x_wconf 74' lang='grc' dir='ltr'>καὶ</span> <span class='ocrx_word' id='word_1_750' title='bbox 2324 4577 2782 4647; x_wconf 80' lang='grc' dir='ltr'>ὑπερασπιστὴς</span> <span class='ocrx_word' id='word_1_751' title='bbox 2830 4576 3028 4632; x_wconf 83' lang='grc' dir='ltr'>αὐτῶν</span> <span class='ocrx_word' id='word_1_752' title='bbox 3071 4578 3260 4632; x_wconf 80' lang='grc' dir='ltr'>ἐστιν.</span> <span class='ocrx_word' id='word_1_753' title='bbox 3315 4580 3380 4631; x_wconf 80' lang='lat' dir='ltr'><strong>Ol</strong></span> <span class='ocrx_word' id='word_1_754' title='bbox 3414 4577 3697 4647; x_wconf 71' lang='grc' dir='ltr'>φοϐούμενοι</span> 
     </span>
    </p>
   </div>
   <div class='ocr_carea' id='block_1_94' title="bbox 519 4663 2046 4742">
    <p class='ocr_par' dir='ltr' id='par_1_94' title="bbox 519 4663 2046 4732">
     <span class='ocr_line' id='line_1_94' title="bbox 519 4663 2046 4732; baseline 0.005 -16"><span class='ocrx_word' id='word_1_755' title='bbox 519 4663 658 4717; x_wconf 78' lang='lat' dir='ltr'><strong>dixit</strong></span> <span class='ocrx_word' id='word_1_756' title='bbox 689 4665 870 4719; x_wconf 86' lang='lat' dir='ltr'><strong>domui</strong></span> <span class='ocrx_word' id='word_1_757' title='bbox 914 4665 1107 4732; x_wconf 71' lang='lat' dir='ltr'><strong>israel,</strong></span> <span class='ocrx_word' id='word_1_758' title='bbox 1137 4664 1400 4720; x_wconf 73' lang='lat' dir='ltr'><strong>benedixit</strong></span> <span class='ocrx_word' id='word_1_759' title='bbox 1451 4665 1632 4720; x_wconf 85' lang='lat' dir='ltr'><strong>domui</strong></span> <span class='ocrx_word' id='word_1_760' title='bbox 1676 4667 1860 4722; x_wconf 80' lang='lat' dir='ltr'><strong>Aaron</strong></span> <span class='ocrx_word' id='word_1_761' title='bbox 1890 4685 1907 4723; x_wconf 90' lang='lat'><strong><em>:</em></strong></span> <span class='ocrx_word' id='word_1_762' title='bbox 1936 4669 2046 4724; x_wconf 78' lang='lat' dir='ltr'><strong>bent</strong></span> 
     </span>
    </p>
   </div>
   <div class='ocr_carea' id='block_1_95' title="bbox 2170 4663 3697 4742">
    <p class='ocr_par' dir='ltr' id='par_1_95' title="bbox 2194 4667 3697 4742">
     <span class='ocr_line' id='line_1_95' title="bbox 2194 4667 3697 4742; baseline -0.006 -14"><span class='ocrx_word' id='word_1_763' title='bbox 2194 4675 2301 4728; x_wconf 82' lang='grc' dir='ltr'>τὸν</span> <span class='ocrx_word' id='word_1_764' title='bbox 2318 4675 2538 4742; x_wconf 83' lang='grc' dir='ltr'>Κύριον</span> <span class='ocrx_word' id='word_1_765' title='bbox 2547 4673 2817 4742; x_wconf 79' lang='grc' dir='ltr'>ἤλπισαν</span> <span class='ocrx_word' id='word_1_766' title='bbox 2829 4671 2929 4725; x_wconf 75' lang='grc' dir='ltr'><strong>ἐπὶ</strong></span> <span class='ocrx_word' id='word_1_767' title='bbox 2958 4673 3193 4739; x_wconf 85' lang='grc' dir='ltr'>Κύριον,</span> <span class='ocrx_word' id='word_1_768' title='bbox 3218 4671 3441 4738; x_wconf 79' lang='grc' dir='ltr'>,βοηθὸς</span> <span class='ocrx_word' id='word_1_769' title='bbox 3469 4667 3555 4722; x_wconf 81' lang='grc' dir='ltr'>καὶ</span> <span class='ocrx_word' id='word_1_770' title='bbox 3571 4669 3697 4728; x_wconf 73' lang='grc' dir='ltr'>ὑπερ-</span> 
     </span>
    </p>
   </div>
   <div class='ocr_carea' id='block_1_96' title="bbox 508 4752 2035 4832">
    <p class='ocr_par' dir='ltr' id='par_1_96' title="bbox 508 4755 2035 4828">
     <span class='ocr_line' id='line_1_96' title="bbox 508 4755 2035 4828; baseline 0.003 -20"><span class='ocrx_word' id='word_1_771' title='bbox 508 4755 658 4809; x_wconf 62' lang='lat' dir='ltr'><strong>iixit</strong></span> <span class='ocrx_word' id='word_1_772' title='bbox 697 4758 762 4809; x_wconf 84' lang='lat' dir='ltr'><strong>iis</strong></span> <span class='ocrx_word' id='word_1_773' title='bbox 815 4759 904 4828; x_wconf 85' lang='lat' dir='ltr'><strong>qui</strong></span> <span class='ocrx_word' id='word_1_774' title='bbox 959 4758 1144 4811; x_wconf 85' lang='lat' dir='ltr'><strong>timent</strong></span> <span class='ocrx_word' id='word_1_775' title='bbox 1191 4757 1503 4822; x_wconf 74' lang='lat' dir='ltr'><strong>Dominum,</strong></span> <span class='ocrx_word' id='word_1_776' title='bbox 1553 4758 1761 4825; x_wconf 71' lang='lat' dir='ltr'><strong>pusillis</strong></span> <span class='ocrx_word' id='word_1_777' title='bbox 1816 4776 1933 4813; x_wconf 90' lang='lat' dir='ltr'><strong>cum</strong></span> <span class='ocrx_word' id='word_1_778' title='bbox 1975 4779 2035 4815; x_wconf 50' lang='lat' dir='ltr'><strong>mi</strong></span> 
     </span>
    </p>
   </div>
   <div class='ocr_carea' id='block_1_97' title="bbox 2170 4752 3697 4832">
    <p class='ocr_par' dir='ltr' id='par_1_97' title="bbox 2194 4752 3697 4832">
     <span class='ocr_line' id='line_1_97' title="bbox 2194 4752 3697 4832; baseline -0.002 -13"><span class='ocrx_word' id='word_1_779' title='bbox 2194 4764 2501 4832; x_wconf 81' lang='grc' dir='ltr'>ασπιστὴς</span> <span class='ocrx_word' id='word_1_780' title='bbox 2541 4763 2739 4819; x_wconf 83' lang='grc' dir='ltr'>αὐτῶν</span> <span class='ocrx_word' id='word_1_781' title='bbox 2782 4765 2971 4818; x_wconf 80' lang='grc' dir='ltr'>ἐστιν.</span> <span class='ocrx_word' id='word_1_782' title='bbox 3012 4764 3227 4831; x_wconf 85' lang='grc' dir='ltr'>Κύριος</span> <span class='ocrx_word' id='word_1_783' title='bbox 3275 4759 3555 4832; x_wconf 76' lang='grc' dir='ltr'>μνησθεὶς</span> <span class='ocrx_word' id='word_1_784' title='bbox 3578 4752 3697 4824; x_wconf 70' lang='grc' dir='ltr'><strong>ήμιῖπ</strong></span> 
     </span>
    </p>
   </div>
   <div class='ocr_carea' id='block_1_98' title="bbox 523 4844 2050 4925">
    <p class='ocr_par' dir='ltr' id='par_1_98' title="bbox 523 4846 2050 4918">
     <span class='ocr_line' id='line_1_98' title="bbox 523 4846 2050 4918; baseline 0.005 -18"><span class='ocrx_word' id='word_1_785' title='bbox 523 4846 745 4909; x_wconf 84' lang='lat' dir='ltr'><strong>ioribus.</strong></span> <span class='ocrx_word' id='word_1_786' title='bbox 807 4848 1041 4916; x_wconf 79' lang='lat' dir='ltr'><strong>Adjiciat</strong></span> <span class='ocrx_word' id='word_1_787' title='bbox 1083 4848 1337 4902; x_wconf 84' lang='lat' dir='ltr'><strong>Dominus</strong></span> <span class='ocrx_word' id='word_1_788' title='bbox 1374 4864 1528 4917; x_wconf 78' lang='lat' dir='ltr'><strong>super</strong></span> <span class='ocrx_word' id='word_1_789' title='bbox 1566 4865 1677 4913; x_wconf 81' lang='lat' dir='ltr'><strong>vos,</strong></span> <span class='ocrx_word' id='word_1_790' title='bbox 1717 4864 1871 4918; x_wconf 83' lang='lat' dir='ltr'><strong>super</strong></span> <span class='ocrx_word' id='word_1_791' title='bbox 1912 4868 1999 4907; x_wconf 81' lang='lat' dir='ltr'><strong>uos</strong></span> <span class='ocrx_word' id='word_1_792' title='bbox 2039 4873 2050 4907; x_wconf 76' lang='grc' dir='ltr'><strong>ι</strong></span> 
     </span>
    </p>
   </div>
   <div class='ocr_carea' id='block_1_99' title="bbox 2166 4844 3693 4925">
    <p class='ocr_par' dir='ltr' id='par_1_99' title="bbox 2196 4844 3693 4925">
     <span class='ocr_line' id='line_1_99' title="bbox 2196 4844 3693 4925; baseline -0.004 -16"><span class='ocrx_word' id='word_1_793' title='bbox 2196 4857 2533 4925; x_wconf 74' lang='grc' dir='ltr'>εὐλόγησεν</span> <span class='ocrx_word' id='word_1_794' title='bbox 2573 4852 2751 4924; x_wconf 69' lang='grc' dir='ltr'>ἡμᾶς.</span> <span class='ocrx_word' id='word_1_795' title='bbox 2799 4855 3115 4924; x_wconf 75' lang='grc' dir='ltr'>Εὺλόγησε</span> <span class='ocrx_word' id='word_1_796' title='bbox 3156 4853 3264 4907; x_wconf 74' lang='grc' dir='ltr'><strong>τὸν</strong></span> <span class='ocrx_word' id='word_1_797' title='bbox 3311 4854 3477 4907; x_wconf 80' lang='grc' dir='ltr'>οἷκον</span> <span class='ocrx_word' id='word_1_798' title='bbox 3500 4844 3693 4915; x_wconf 68' lang='grc' dir='ltr'>Ἰσραὴλ.</span> 
     </span>
    </p>
   </div>
   <div class='ocr_carea' id='block_1_100' title="bbox 523 4938 2050 5020">
    <p class='ocr_par' dir='ltr' id='par_1_100' title="bbox 523 4938 2050 5013">
     <span class='ocr_line' id='line_1_100' title="bbox 523 4938 2050 5013; baseline 0.002 -20"><span class='ocrx_word' id='word_1_799' title='bbox 523 4955 680 5007; x_wconf 85' lang='lat' dir='ltr'><strong>super</strong></span> <span class='ocrx_word' id='word_1_800' title='bbox 734 4938 875 5007; x_wconf 82' lang='lat' dir='ltr'><strong>ﬁlios</strong></span> <span class='ocrx_word' id='word_1_801' title='bbox 937 4948 1154 4995; x_wconf 78' lang='lat' dir='ltr'><strong>vestros.</strong></span> <span class='ocrx_word' id='word_1_802' title='bbox 1196 4939 1464 4995; x_wconf 82' lang='lat' dir='ltr'><strong>Benedicti</strong></span> <span class='ocrx_word' id='word_1_803' title='bbox 1517 4956 1604 4995; x_wconf 79' lang='lat' dir='ltr'><strong>vos</strong></span> <span class='ocrx_word' id='word_1_804' title='bbox 1638 4956 1673 4992; x_wconf 87' lang='grc' dir='ltr'><strong>α</strong></span> <span class='ocrx_word' id='word_1_805' title='bbox 1708 4940 1955 5007; x_wconf 85' lang='lat' dir='ltr'><strong>Domino,</strong></span> <span class='ocrx_word' id='word_1_806' title='bbox 2002 4960 2050 5013; x_wconf 74' lang='lat' dir='ltr'><strong>qi</strong></span> 
     </span>
    </p>
   </div>
   <div class='ocr_carea' id='block_1_101' title="bbox 2168 4938 3695 5020">
    <p class='ocr_par' dir='ltr' id='par_1_101' title="bbox 2197 4943 3695 5020">
     <span class='ocr_line' id='line_1_101' title="bbox 2197 4943 3695 5020; baseline -0.003 -17"><span class='ocrx_word' id='word_1_807' title='bbox 2197 4950 2495 5020; x_wconf 73' lang='grc' dir='ltr'>εὑλότησε</span> <span class='ocrx_word' id='word_1_808' title='bbox 2517 4950 2625 5004; x_wconf 84' lang='grc' dir='ltr'>τὸν</span> <span class='ocrx_word' id='word_1_809' title='bbox 2656 4946 2828 5004; x_wconf 80' lang='grc' dir='ltr'>οἷκον</span> <span class='ocrx_word' id='word_1_810' title='bbox 2855 4946 3097 5017; x_wconf 64' lang='grc' dir='ltr'>Ἁιιρώνθ</span> <span class='ocrx_word' id='word_1_811' title='bbox 3139 4950 3436 5017; x_wconf 73' lang='grc' dir='ltr'>εὑλόγησε</span> <span class='ocrx_word' id='word_1_812' title='bbox 3471 4943 3590 5007; x_wconf 78' lang='grc' dir='ltr'>τοὺς</span> <span class='ocrx_word' id='word_1_813' title='bbox 3623 4954 3695 5007; x_wconf 73' lang='lat'><strong>90-</strong></span> 
     </span>
    </p>
   </div>
   <div class='ocr_carea' id='block_1_102' title="bbox 523 5027 2050 5112">
    <p class='ocr_par' dir='ltr' id='par_1_102' title="bbox 523 5030 2050 5098">
     <span class='ocr_line' id='line_1_102' title="bbox 523 5030 2050 5098; baseline 0.002 -13"><span class='ocrx_word' id='word_1_814' title='bbox 523 5030 648 5098; x_wconf 79' lang='lat' dir='ltr'><strong>fccit</strong></span> <span class='ocrx_word' id='word_1_815' title='bbox 686 5030 871 5085; x_wconf 65' lang='lat' dir='ltr'><strong>caelum</strong></span> <span class='ocrx_word' id='word_1_816' title='bbox 899 5040 949 5085; x_wconf 90' lang='lat' dir='ltr'><strong>et</strong></span> <span class='ocrx_word' id='word_1_817' title='bbox 984 5040 1200 5087; x_wconf 87' lang='lat' dir='ltr'><strong>terram.</strong></span> <span class='ocrx_word' id='word_1_818' title='bbox 1241 5030 1440 5086; x_wconf 68' lang='lat' dir='ltr'><strong>Gnatum</strong></span> <span class='ocrx_word' id='word_1_819' title='bbox 1469 5032 1587 5085; x_wconf 74' lang='grc' dir='ltr'><strong>οωἾί</strong></span> <span class='ocrx_word' id='word_1_820' title='bbox 1616 5030 1863 5098; x_wconf 74' lang='lat' dir='ltr'><strong>Domino,</strong></span> <span class='ocrx_word' id='word_1_821' title='bbox 1897 5042 2050 5088; x_wconf 78' lang='lat' dir='ltr'><strong>terra:</strong></span> 
     </span>
    </p>
   </div>
   <div class='ocr_carea' id='block_1_103' title="bbox 2171 5027 3698 5112">
    <p class='ocr_par' dir='ltr' id='par_1_103' title="bbox 2200 5027 3698 5112">
     <span class='ocr_line' id='line_1_103' title="bbox 2200 5027 3698 5112; baseline -0.009 -16"><span class='ocrx_word' id='word_1_822' title='bbox 2200 5041 2527 5112; x_wconf 74' lang='grc' dir='ltr'>ϐουμένους</span> <span class='ocrx_word' id='word_1_823' title='bbox 2557 5043 2663 5097; x_wconf 84' lang='grc' dir='ltr'>τὸν</span> <span class='ocrx_word' id='word_1_824' title='bbox 2713 5044 2952 5112; x_wconf 86' lang='grc' dir='ltr'>Κύριον,</span> <span class='ocrx_word' id='word_1_825' title='bbox 3002 5041 3145 5108; x_wconf 81' lang='grc' dir='ltr'>τοὺς</span> <span class='ocrx_word' id='word_1_826' title='bbox 3177 5040 3426 5110; x_wconf 76' lang='grc' dir='ltr'>μικροὺς</span> <span class='ocrx_word' id='word_1_827' title='bbox 3463 5035 3593 5109; x_wconf 78' lang='grc' dir='ltr'>μετὰ</span> <span class='ocrx_word' id='word_1_828' title='bbox 3618 5027 3698 5083; x_wconf 62' lang='grc' dir='ltr'>τῶν</span> 
     </span>
    </p>
   </div>
   <div class='ocr_carea' id='block_1_104' title="bbox 525 5119 2052 5202">
    <p class='ocr_par' dir='ltr' id='par_1_104' title="bbox 525 5123 2052 5194">
     <span class='ocr_line' id='line_1_104' title="bbox 525 5123 2052 5194; baseline 0.003 -16"><span class='ocrx_word' id='word_1_829' title='bbox 525 5132 700 5178; x_wconf 87' lang='lat' dir='ltr'><strong>autem</strong></span> <span class='ocrx_word' id='word_1_830' title='bbox 739 5123 880 5178; x_wconf 87' lang='lat' dir='ltr'><strong>dedit</strong></span> <span class='ocrx_word' id='word_1_831' title='bbox 915 5125 1040 5194; x_wconf 76' lang='lat' dir='ltr'><strong>ﬁliis</strong></span> <span class='ocrx_word' id='word_1_832' title='bbox 1076 5124 1365 5180; x_wconf 85' lang='lat' dir='ltr'><strong>hominum.</strong></span> <span class='ocrx_word' id='word_1_833' title='bbox 1412 5124 1535 5180; x_wconf 90' lang='lat' dir='ltr'><strong>Non</strong></span> <span class='ocrx_word' id='word_1_834' title='bbox 1574 5126 1769 5180; x_wconf 88' lang='lat' dir='ltr'><strong>mortui</strong></span> <span class='ocrx_word' id='word_1_835' title='bbox 1802 5126 2052 5181; x_wconf 74' lang='lat' dir='ltr'><strong>laudabar</strong></span> 
     </span>
    </p>
   </div>
   <div class='ocr_carea' id='block_1_105' title="bbox 2170 5119 3697 5202">
    <p class='ocr_par' dir='ltr' id='par_1_105' title="bbox 2194 5119 3697 5202">
     <span class='ocr_line' id='line_1_105' title="bbox 2194 5119 3697 5202; baseline -0.008 -16"><span class='ocrx_word' id='word_1_836' title='bbox 2194 5131 2490 5201; x_wconf 76' lang='grc' dir='ltr'><strong>μεγάλων.</strong></span> <span class='ocrx_word' id='word_1_837' title='bbox 2533 5133 2825 5201; x_wconf 81' lang='grc' dir='ltr'>Προσθεὶη</span> <span class='ocrx_word' id='word_1_838' title='bbox 2880 5133 3092 5200; x_wconf 83' lang='grc' dir='ltr'>Κύριος</span> <span class='ocrx_word' id='word_1_839' title='bbox 3132 5132 3224 5202; x_wconf 74' lang='grc' dir='ltr'><strong>ἐφ’</strong></span> <span class='ocrx_word' id='word_1_840' title='bbox 3260 5129 3431 5201; x_wconf 81' lang='grc' dir='ltr'>ὑμᾶς,</span> <span class='ocrx_word' id='word_1_841' title='bbox 3478 5129 3560 5197; x_wconf 76' lang='grc' dir='ltr'><strong>ἐφ’</strong></span> <span class='ocrx_word' id='word_1_842' title='bbox 3588 5119 3697 5190; x_wconf 78' lang='grc' dir='ltr'>ὑμᾶς</span> 
     </span>
    </p>
   </div>
   <div class='ocr_carea' id='block_1_106' title="bbox 514 5206 2041 5294">
    <p class='ocr_par' dir='ltr' id='par_1_106' title="bbox 514 5216 2041 5288">
     <span class='ocr_line' id='line_1_106' title="bbox 514 5216 2041 5288; baseline 0.001 -16"><span class='ocrx_word' id='word_1_843' title='bbox 514 5226 600 5280; x_wconf 72' lang='lat' dir='ltr'><strong>‘te,</strong></span> <span class='ocrx_word' id='word_1_844' title='bbox 628 5217 868 5281; x_wconf 80' lang='lat' dir='ltr'><strong>Domine,</strong></span> <span class='ocrx_word' id='word_1_845' title='bbox 895 5233 1055 5287; x_wconf 81' lang='lat' dir='ltr'><strong>neque</strong></span> <span class='ocrx_word' id='word_1_846' title='bbox 1079 5234 1254 5272; x_wconf 87' lang='lat' dir='ltr'><strong>omnes</strong></span> <span class='ocrx_word' id='word_1_847' title='bbox 1276 5217 1367 5288; x_wconf 88' lang='lat' dir='ltr'><strong>qui</strong></span> <span class='ocrx_word' id='word_1_848' title='bbox 1389 5216 1705 5272; x_wconf 86' lang='lat' dir='ltr'><strong>descendunt</strong></span> <span class='ocrx_word' id='word_1_849' title='bbox 1724 5219 1780 5271; x_wconf 87' lang='lat' dir='ltr'><strong>in</strong></span> <span class='ocrx_word' id='word_1_850' title='bbox 1805 5218 2041 5288; x_wconf 69' lang='lat' dir='ltr'><strong>infernum</strong></span> 
     </span>
    </p>
   </div>
   <div class='ocr_carea' id='block_1_107' title="bbox 2169 5206 3696 5294">
    <p class='ocr_par' dir='ltr' id='par_1_107' title="bbox 2200 5206 3696 5294">
     <span class='ocr_line' id='line_1_107' title="bbox 2200 5206 3696 5294; baseline -0.004 -17"><span class='ocrx_word' id='word_1_851' title='bbox 2200 5222 2300 5277; x_wconf 74' lang='lat' dir='ltr'><strong>xuii</strong></span> <span class='ocrx_word' id='word_1_852' title='bbox 2345 5222 2444 5276; x_wconf 85' lang='grc' dir='ltr'><strong>ἐπὶ</strong></span> <span class='ocrx_word' id='word_1_853' title='bbox 2478 5223 2617 5289; x_wconf 84' lang='grc' dir='ltr'>τοὺς</span> <span class='ocrx_word' id='word_1_854' title='bbox 2646 5222 2814 5290; x_wconf 77' lang='grc' dir='ltr'>υἱοὺς</span> <span class='ocrx_word' id='word_1_855' title='bbox 2831 5223 3018 5294; x_wconf 81' lang='grc' dir='ltr'>ὑμῶν.</span> <span class='ocrx_word' id='word_1_856' title='bbox 3048 5222 3449 5294; x_wconf 70' lang='grc' dir='ltr'>Εὑλοτημένοι</span> <span class='ocrx_word' id='word_1_857' title='bbox 3475 5215 3614 5288; x_wconf 82' lang='grc' dir='ltr'>ὑμεῖς</span> <span class='ocrx_word' id='word_1_858' title='bbox 3645 5206 3696 5271; x_wconf 65' lang='grc' dir='ltr'><strong>τῷ</strong></span> 
     </span>
    </p>
   </div>
   <div class='ocr_carea' id='block_1_108' title="bbox 520 5303 2047 5385">
    <p class='ocr_par' dir='ltr' id='par_1_108' title="bbox 520 5304 2047 5382">
     <span class='ocr_line' id='line_1_108' title="bbox 520 5304 2047 5382; baseline -0.001 -16"><span class='ocrx_word' id='word_1_859' title='bbox 520 5310 636 5367; x_wconf 87' lang='lat' dir='ltr'><strong>&#39;Sed</strong></span> <span class='ocrx_word' id='word_1_860' title='bbox 673 5328 768 5365; x_wconf 88' lang='lat' dir='ltr'><strong>nos</strong></span> <span class='ocrx_word' id='word_1_861' title='bbox 799 5312 889 5382; x_wconf 87' lang='lat' dir='ltr'><strong>qui</strong></span> <span class='ocrx_word' id='word_1_862' title='bbox 926 5311 1144 5364; x_wconf 83' lang='lat' dir='ltr'><strong>vivimus</strong></span> <span class='ocrx_word' id='word_1_863' title='bbox 1192 5304 1547 5364; x_wconf 88' lang='lat' dir='ltr'><strong>benedicemus</strong></span> <span class='ocrx_word' id='word_1_864' title='bbox 1596 5308 1845 5372; x_wconf 84' lang='lat' dir='ltr'><strong>Domino,</strong></span> <span class='ocrx_word' id='word_1_865' title='bbox 1888 5325 1953 5363; x_wconf 75' lang='lat' dir='ltr'><strong>ea:</strong></span> <span class='ocrx_word' id='word_1_866' title='bbox 2002 5310 2047 5364; x_wconf 74' lang='grc' dir='ltr'>Ιιι</span> 
     </span>
    </p>
   </div>
   <div class='ocr_carea' id='block_1_109' title="bbox 2255 5303 3782 5385">
    <p class='ocr_par' dir='ltr' id='par_1_109' title="bbox 2256 5303 3692 5385">
     <span class='ocr_line' id='line_1_109' title="bbox 2256 5303 3692 5385; baseline -0.004 -17"><span class='ocrx_word' id='word_1_867' title='bbox 2256 5314 2414 5381; x_wconf 75' lang='grc' dir='ltr'>ιρίῳ,</span> <span class='ocrx_word' id='word_1_868' title='bbox 2446 5314 2526 5380; x_wconf 82' lang='grc' dir='ltr'>τῷ</span> <span class='ocrx_word' id='word_1_869' title='bbox 2555 5313 2878 5383; x_wconf 76' lang='grc' dir='ltr'>ποιήσαντι</span> <span class='ocrx_word' id='word_1_870' title='bbox 2910 5316 3017 5371; x_wconf 86' lang='grc' dir='ltr'><strong>τὸν</strong></span> <span class='ocrx_word' id='word_1_871' title='bbox 3047 5315 3307 5385; x_wconf 79' lang='grc' dir='ltr'>οὐρανὸν</span> <span class='ocrx_word' id='word_1_872' title='bbox 3339 5311 3435 5368; x_wconf 80' lang='grc' dir='ltr'>καὶ</span> <span class='ocrx_word' id='word_1_873' title='bbox 3466 5311 3568 5379; x_wconf 78' lang='grc' dir='ltr'>τὴν</span> <span class='ocrx_word' id='word_1_874' title='bbox 3594 5303 3692 5376; x_wconf 72' lang='grc' dir='ltr'><strong>τήν·</strong></span> 
     </span>
    </p>
   </div>
   <div class='ocr_carea' id='block_1_110' title="bbox 531 5386 2058 5478">
    <p class='ocr_par' dir='ltr' id='par_1_110' title="bbox 531 5399 2058 5474">
     <span class='ocr_line' id='line_1_110' title="bbox 531 5399 2058 5474; baseline 0.002 -18"><span class='ocrx_word' id='word_1_875' title='bbox 531 5420 669 5457; x_wconf 84' lang='lat' dir='ltr'><strong>nunc</strong></span> <span class='ocrx_word' id='word_1_876' title='bbox 700 5413 749 5458; x_wconf 88' lang='lat' dir='ltr'><strong>et</strong></span> <span class='ocrx_word' id='word_1_877' title='bbox 781 5419 942 5474; x_wconf 85' lang='lat' dir='ltr'><strong>usque</strong></span> <span class='ocrx_word' id='word_1_878' title='bbox 971 5403 1029 5457; x_wconf 84' lang='lat' dir='ltr'><strong>in</strong></span> <span class='ocrx_word' id='word_1_879' title='bbox 1055 5402 1328 5457; x_wconf 76' lang='lat' dir='ltr'><strong>sa‘culum.</strong></span> <span class='ocrx_word' id='word_1_880' title='bbox 1378 5399 1445 5455; x_wconf 80' lang='lat' dir='ltr'><strong>iii</strong></span> <span class='ocrx_word' id='word_1_881' title='bbox 1488 5401 1738 5456; x_wconf 88' lang='lat' dir='ltr'><strong>versiculi</strong></span> <span class='ocrx_word' id='word_1_882' title='bbox 1780 5403 1833 5456; x_wconf 89' lang='lat' dir='ltr'><strong>in</strong></span> <span class='ocrx_word' id='word_1_883' title='bbox 1865 5402 2058 5473; x_wconf 85' lang='lat' dir='ltr'><strong>quibus</strong></span> 
     </span>
    </p>
   </div>
   <div class='ocr_carea' id='block_1_111' title="bbox 2167 5386 3694 5478">
    <p class='ocr_par' dir='ltr' id='par_1_111' title="bbox 2213 5386 3694 5478">
     <span class='ocr_line' id='line_1_111' title="bbox 2213 5386 3694 5478; baseline -0.004 -20"><span class='ocrx_word' id='word_1_884' title='bbox 2213 5405 2277 5458; x_wconf 81' lang='grc' dir='ltr'><em>Ὀ</em></span> <span class='ocrx_word' id='word_1_885' title='bbox 2305 5386 2560 5473; x_wconf 84' lang='grc' dir='ltr'>οὐρανὸς</span> <span class='ocrx_word' id='word_1_886' title='bbox 2592 5410 2699 5462; x_wconf 87' lang='grc' dir='ltr'>τοῦ</span> <span class='ocrx_word' id='word_1_887' title='bbox 2739 5408 2999 5476; x_wconf 80' lang='grc' dir='ltr'>οὐρανοῦ</span> <span class='ocrx_word' id='word_1_888' title='bbox 3041 5404 3123 5474; x_wconf 79' lang='grc' dir='ltr'><strong>τῷ</strong></span> <span class='ocrx_word' id='word_1_889' title='bbox 3152 5409 3365 5478; x_wconf 81' lang='grc' dir='ltr'><strong>Κυρίῳ,</strong></span> <span class='ocrx_word' id='word_1_890' title='bbox 3396 5405 3504 5474; x_wconf 80' lang='grc' dir='ltr'>τὴν</span> <span class='ocrx_word' id='word_1_891' title='bbox 3525 5400 3583 5454; x_wconf 80' lang='grc' dir='ltr'>δὲ</span> <span class='ocrx_word' id='word_1_892' title='bbox 3612 5392 3694 5465; x_wconf 73' lang='grc' dir='ltr'><strong>τῆν</strong></span> 
     </span>
    </p>
   </div>
   <div class='ocr_carea' id='block_1_112' title="bbox 521 5481 2048 5568">
    <p class='ocr_par' dir='ltr' id='par_1_112' title="bbox 521 5491 2048 5567">
     <span class='ocr_line' id='line_1_112' title="bbox 521 5491 2048 5567; baseline -0.001 -19"><span class='ocrx_word' id='word_1_893' title='bbox 521 5496 657 5548; x_wconf 71' lang='lat' dir='ltr'><strong>dam</strong></span> <span class='ocrx_word' id='word_1_894' title='bbox 696 5494 1097 5567; x_wconf 80' lang='lat' dir='ltr'><strong>exemplaribus</strong></span> <span class='ocrx_word' id='word_1_895' title='bbox 1127 5509 1157 5546; x_wconf 92' lang='lat' dir='ltr'><strong>a</strong></span> <span class='ocrx_word' id='word_1_896' title='bbox 1180 5494 1388 5564; x_wconf 86' lang='lat' dir='ltr'><strong>psalmo</strong></span> <span class='ocrx_word' id='word_1_897' title='bbox 1416 5508 1552 5546; x_wconf 79' lang='lat' dir='ltr'><strong>cxiu</strong></span> <span class='ocrx_word' id='word_1_898' title='bbox 1583 5491 1823 5546; x_wconf 87' lang='lat' dir='ltr'><strong>distincti</strong></span> <span class='ocrx_word' id='word_1_899' title='bbox 1850 5508 1913 5548; x_wconf 88' lang='lat' dir='ltr'><strong>ac</strong></span> <span class='ocrx_word' id='word_1_900' title='bbox 1941 5509 2048 5564; x_wconf 88' lang='lat' dir='ltr'><strong>sep:</strong></span> 
     </span>
    </p>
   </div>
   <div class='ocr_carea' id='block_1_113' title="bbox 2166 5481 3693 5568">
    <p class='ocr_par' dir='ltr' id='par_1_113' title="bbox 2202 5481 3693 5568">
     <span class='ocr_line' id='line_1_113' title="bbox 2202 5481 3693 5568; baseline -0.001 -18"><span class='ocrx_word' id='word_1_901' title='bbox 2202 5495 2386 5550; x_wconf 79' lang='grc' dir='ltr'>ἔδωκε</span> <span class='ocrx_word' id='word_1_902' title='bbox 2430 5496 2554 5564; x_wconf 83' lang='grc' dir='ltr'>τοῖς</span> <span class='ocrx_word' id='word_1_903' title='bbox 2590 5497 2743 5566; x_wconf 85' lang='grc' dir='ltr'>υἱοῖς</span> <span class='ocrx_word' id='word_1_904' title='bbox 2774 5496 2893 5554; x_wconf 86' lang='grc' dir='ltr'><strong>τῶν</strong></span> <span class='ocrx_word' id='word_1_905' title='bbox 2919 5497 3266 5568; x_wconf 80' lang='grc' dir='ltr'>ἀνθρώπων.</span> <span class='ocrx_word' id='word_1_906' title='bbox 3299 5488 3418 5567; x_wconf 81' lang='grc' dir='ltr'><strong>Οὐχ</strong></span> <span class='ocrx_word' id='word_1_907' title='bbox 3462 5499 3509 5549; x_wconf 85' lang='lat' dir='ltr'><strong>oi</strong></span> <span class='ocrx_word' id='word_1_908' title='bbox 3546 5481 3693 5555; x_wconf 66' lang='grc' dir='ltr'>νεκροί</span> 
     </span>
    </p>
   </div>
   <div class='ocr_carea' id='block_1_114' title="bbox 515 5572 2042 5660">
    <p class='ocr_par' dir='ltr' id='par_1_114' title="bbox 515 5572 2042 5653">
     <span class='ocr_line' id='line_1_114' title="bbox 515 5572 2042 5653; baseline 0.001 -13"><span class='ocrx_word' id='word_1_909' title='bbox 515 5588 635 5640; x_wconf 72' lang='grc' dir='ltr'>τιιῑί</span> <span class='ocrx_word' id='word_1_910' title='bbox 664 5572 825 5653; x_wconf 77' lang='lat' dir='ltr'><strong>sunt;</strong></span> <span class='ocrx_word' id='word_1_911' title='bbox 852 5588 925 5641; x_wconf 89' lang='lat' dir='ltr'><strong>ita</strong></span> <span class='ocrx_word' id='word_1_912' title='bbox 956 5593 1013 5641; x_wconf 86' lang='lat' dir='ltr'><strong>ut</strong></span> <span class='ocrx_word' id='word_1_913' title='bbox 1032 5588 1146 5641; x_wconf 63' lang='lat' dir='ltr'><strong>haec</strong></span> <span class='ocrx_word' id='word_1_914' title='bbox 1169 5601 1295 5641; x_wconf 77' lang='lat' dir='ltr'><strong>cxrv</strong></span> <span class='ocrx_word' id='word_1_915' title='bbox 1326 5587 1590 5649; x_wconf 85' lang='lat' dir='ltr'><strong>psalmum</strong></span> <span class='ocrx_word' id='word_1_916' title='bbox 1615 5586 1968 5640; x_wconf 80' lang='lat' dir='ltr'><strong>constituant.</strong></span> <span class='ocrx_word' id='word_1_917' title='bbox 2005 5586 2042 5641; x_wconf 80' lang='grc' dir='ltr'><strong>Α</strong></span> 
     </span>
    </p>
   </div>
   <div class='ocr_carea' id='block_1_115' title="bbox 2167 5572 3694 5660">
    <p class='ocr_par' dir='ltr' id='par_1_115' title="bbox 2198 5575 3694 5660">
     <span class='ocr_line' id='line_1_115' title="bbox 2198 5575 3694 5660; baseline -0.008 -18"><span class='ocrx_word' id='word_1_918' title='bbox 2198 5587 2522 5643; x_wconf 75' lang='grc' dir='ltr'>ἀὶνέσουσι</span> <span class='ocrx_word' id='word_1_919' title='bbox 2576 5606 2669 5657; x_wconf 87' lang='grc' dir='ltr'><strong>σε,</strong></span> <span class='ocrx_word' id='word_1_920' title='bbox 2718 5590 2915 5660; x_wconf 76' lang='grc' dir='ltr'>Κύριε,</span> <span class='ocrx_word' id='word_1_921' title='bbox 2951 5590 3093 5647; x_wconf 79' lang='grc' dir='ltr'>οὐδὲ</span> <span class='ocrx_word' id='word_1_922' title='bbox 3127 5590 3347 5658; x_wconf 80' lang='grc' dir='ltr'>πάντες</span> <span class='ocrx_word' id='word_1_923' title='bbox 3397 5591 3448 5643; x_wconf 77' lang='lat' dir='ltr'><strong>ot</strong></span> <span class='ocrx_word' id='word_1_924' title='bbox 3483 5575 3694 5639; x_wconf 77' lang='grc' dir='ltr'>κατασαί·</span> 
     </span>
    </p>
   </div>
   <div class='ocr_carea' id='block_1_116' title="bbox 591 5673 2528 5756">
    <p class='ocr_par' dir='ltr' id='par_1_116' title="bbox 591 5673 2528 5756">
     <span class='ocr_line' id='line_1_116' title="bbox 591 5673 2528 5756; baseline 0.005 -29"><span class='ocrx_word' id='word_1_925' title='bbox 591 5677 683 5746; x_wconf 53' lang='grc'><strong>41)</strong></span> <span class='ocrx_word' id='word_1_926' title='bbox 717 5676 863 5730; x_wconf 82' lang='lat' dir='ltr'><strong>Psal.</strong></span> <span class='ocrx_word' id='word_1_927' title='bbox 906 5692 1051 5744; x_wconf 80' lang='lat' dir='ltr'><strong>cxw,</strong></span> <span class='ocrx_word' id='word_1_928' title='bbox 1096 5678 1251 5748; x_wconf 76' lang='lat' dir='ltr'><strong>juxta</strong></span> <span class='ocrx_word' id='word_1_929' title='bbox 1295 5676 1568 5734; x_wconf 70' lang='lat' dir='ltr'><strong>Hebrazos.</strong></span> <span class='ocrx_word' id='word_1_930' title='bbox 1605 5675 1719 5731; x_wconf 65' lang='grc' dir='ltr'>για.</span> <span class='ocrx_word' id='word_1_931' title='bbox 1763 5673 1905 5730; x_wconf 84' lang='lat' dir='ltr'><strong>infra</strong></span> <span class='ocrx_word' id='word_1_932' title='bbox 1954 5678 2096 5748; x_wconf 90' lang='lat' dir='ltr'><strong>apud</strong></span> <span class='ocrx_word' id='word_1_933' title='bbox 2139 5677 2339 5756; x_wconf 79' lang='lat' dir='ltr'><strong>Euseb.</strong></span> <span class='ocrx_word' id='word_1_934' title='bbox 2369 5678 2528 5736; x_wconf 80' lang='lat' dir='ltr'><strong>Enn.</strong></span> 
     </span>
    </p>
   </div>
  </div>
