3868 6282
249 289 345 340 357
1301 276 1800 347 COMMENTARIA
1837 276 1901 329 IN
1944 274 2274 330 PSALMOS.
3321 272 3457 326 {338

207 425 417 475 νοντες
443 411 530 474 εὶς
580 408 748 475 ᾅδου.
784 408 934 462 Ἀλλ’
969 406 1140 476 ἡμεῖς
1184 406 1238 459 οι
1274 402 1484 469 ζῶντες
1532 401 1785 472 εὐλογή-

1892 415 2009 453 cuIn
2041 399 2287 468 inspecto
2315 397 2664 455 Hebraeorum
2705 400 2863 464 IIbro,
2899 413 3089 454 eorum
3118 397 3382 452 dictiones
3405 404 3460 452 et

206 513 401 566 σομεν
425 497 532 550 τὸν
555 498 778 564 Κύριον
805 495 924 551 ἀπὸ
963 494 1068 549 τοῦ
1105 495 1221 549 νῦν
1242 493 1340 548 καὶ
1370 494 1483 559 ἕως
1507 493 1611 547 τοῦ
1651 490 1785 547 αἰῶ-

1892 494 2230 548 characteres
2256 493 2578 561 conjunctos
2606 509 2728 550 esse
2752 492 3071 564 repererim,
3106 490 3457 545 Hebraeorum

207 602 336 652 νος.
372 586 688 640 Διέσταλται
721 587 816 640 καὶ
865 585 1008 650 ἰδίως
1048 583 1352 655 ἀφώρισται
1381 582 1474 636 τοῦ
1521 589 1619 655 ριγ¹
1653 580 1785 652 ψαλ-

1892 587 2083 640 librum
2128 584 2463 654 sequendum
2508 599 2649 649 esse,
2690 595 2852 654 atque
2881 584 3157 654 prioribus
3181 583 3297 637 haec
3325 598 3459 636 con-

211 677 317 748 μοῦ
349 677 406 731 ἐν
439 695 548 731 τισι
588 677 694 731 τῶν
748 679 1096 751 ἀντιγράφων
1141 677 1209 730 τά
1258 677 1612 748 προκείμενα,
1647 675 1785 727 ὥστε

1892 676 2158 747 iungenda
2191 691 2310 732 esse
2338 675 2622 740 :estimavi,
2653 674 2725 729 ita
2758 685 2818 728 ut
2844 676 2958 730 haec
2981 690 3108 745 pars
3137 675 3248 730 sint
3275 685 3459 730 cente—

209 766 348 824 εἶναι
380 770 475 840 ριδ¹
499 770 708 840 ψαλμὸν
729 771 820 822 τὸν
852 770 990 840 μετά
1019 774 1225 842 χεῖρας.
1273 768 1486 839 Ἐπειδὴ
1515 767 1592 829 δὲ,
1622 765 1785 833 ἐγκύ-

1892 770 2007 826 simi
2034 769 2228 824 decimi
2256 769 2400 824 tertii
2421 767 2622 839 hymni.
2645 766 2908 822 Videntur
2925 768 3108 837 itaque
3123 768 3239 822 hac
3256 784 3459 838 praece—

207 862 318 932 ψας
349 864 484 934 αὐτῇ
519 866 585 935 τῇ
629 863 892 934 Ἐϐραίων
934 863 1118 933 βίϐλῳ,
1148 863 1272 926 τοὺς
1305 861 1481 914 αὐτῶν
1514 859 1785 931 χαρακτῆ-

1892 861 2141 915 dentibus
2175 859 2467 912 cohaerere.
2509 855 2645 910 Nam
2687 857 2840 926 pueri
2879 856 2977 922 illi,
3018 856 3218 926 quibus
3249 856 3454 911 dictum

213 974 312 1027 ρας
353 956 729 1027 συνημμένους
773 949 931 1026 εὗρον
977 955 1069 1008 καὶ
1113 953 1211 1017 τὰς
1269 953 1461 1017 λέξεις,
1515 951 1788 1020 ἐπέστησα

211 1045 391 1110 καλῶς
420 1046 782 1118 ἀκολουθῆσαι
829 1049 893 1117 τῇ
935 1044 1196 1116 Ἐϐραίων
1231 1043 1417 1114 βίϐλῳ,
1449 1041 1680 1110 συνάψαι
1727 1056 1787 1092 τε

207 1141 322 1202 τοῖς
351 1139 634 1210 προτέροις
660 1138 728 1190 τὰ
754 1138 1110 1210 προκείμενα,
1147 1135 1287 1189 ὥστε
1317 1131 1456 1189 εἶναι
1504 1133 1666 1206 μέρος
1692 1132 1790 1184 αὺ-

208 1231 279 1284 τά
308 1231 402 1284 τοῦ
446 1237 547 1302 ριγ¹
577 1229 771 1301 ὕμνου.
803 1233 961 1284 Δοκεῖ
1003 1225 1096 1284 οὖν
1141 1229 1210 1282 τὰ
1261 1226 1597 1299 προκείμενα
1626 1225 1791 1296 ἀνηρ-

207 1324 406 1394 τῆσθαι
425 1324 530 1377 τῶν
560 1323 840 1395 προτέρων
861 1341 873 1354 ⁸
904 1322 1245 1377 παιδεύονται
1279 1322 1386 1393 γάρ
1419 1322 1468 1372 οἱ
1496 1319 1682 1382 παῖδες
1709 1312 1790 1379 οἷς

209 1417 429 1485 ἐλέγετο
447 1434 461 1446 ο
496 1417 744 1481 Αἰνεῖτε,
780 1414 1011 1481 παῖδες,
1045 1416 1288 1483 Κύριον,
1315 1413 1592 1467 τουτέστιν
1620 1414 1649 1467 ὁ
1674 1412 1792 1474 νέος

209 1509 356 1572 λαός,
399 1511 549 1561 ποῖον
579 1508 782 1578 Κύριον
812 1508 1074 1578 προσήκει
1104 1507 1272 1558 αἰνεῖν
1295 1521 1311 1537 ο
1359 1505 1515 1576 δῆλον
1547 1504 1602 1557 δὲ
1633 1503 1791 1557 αὑτὸν

209 1603 416 1655 ἐκεῖνον
437 1602 528 1656 τὸν
563 1604 617 1653 ἐν
647 1605 711 1672 τῇ
741 1600 904 1671 ἐξόδῳ
939 1599 1155 1670 Ἰσραὴλ
1205 1602 1270 1670 τῇ
1314 1595 1372 1662 ἐξ
1404 1597 1681 1666 Αἰγύπτου
1724 1594 1791 1649 τά

207 1689 445 1744 τοσαῦτα
508 1691 787 1761 θαυμάσια
845 1689 1302 1760 διαπραξάμενον.
1382 1689 1640 1750 Ἐκείνοις
1699 1684 1792 1739 οὖν

207 1781 516 1847 ἀκολούθως
543 1784 592 1836 οἱ
632 1783 786 1836 αὐτοὶ
814 1783 1155 1836 διδάσκονται
1197 1782 1321 1845 τοὺς
1369 1781 1534 1834 πάλαι
1577 1797 1790 1850 νενομι-

210 1871 441 1943 σμένους
476 1874 655 1925 αὐτῶν
689 1872 847 1936 θεοὺς
885 1873 1058 1926 ὁποῖοί
1100 1889 1244 1936 τινες
1273 1867 1414 1943 ἦσαν
1445 1871 1519 1944 μὴ
1553 1873 1785 1941 ἀγνοεῖν,

207 1962 290 2015 ὅτι
325 1962 520 2034 ἄψυχοι
571 1965 664 2016 καὶ
700 1963 880 2035 πάσης
934 1963 1238 2034 αἰσθήσεως
1286 1963 1662 2034 ἐστερημένοι,
1689 1965 1792 2016 ¹ὅτι

208 2055 398 2127 νεκρὰ,
448 2057 541 2110 καὶ
581 2057 742 2127 κωφὰ
787 2059 882 2112 καὶ
922 2057 1099 2127 τυφλὰ
1149 2055 1363 2119 εἴδωλα,
1403 2054 1555 2108 οὐδὲν
1609 2055 1792 2125 ὅμοιον

207 2147 420 2216 ἔχοντα,
437 2149 498 2201 οὐ
531 2152 670 2218 φημι
686 2149 762 2220 τῷ
793 2149 1015 2219 μεγάλῳ
1043 2150 1136 2204 καὶ
1151 2145 1562 2220 παραδοξοποιῷ
1588 2148 1783 2217 ποιητῇ

1885 961 1990 1018 est,
2023 951 2282 1018 Laudate,
2315 951 2485 1020 pueri,
2522 949 2829 1014 Dominum,
2863 949 2918 1003 id
2948 957 3053 1015 est,
3086 963 3262 1006 novus
3285 964 3458 1020 popu-

1887 1047 1992 1110 lus,
2016 1045 2316 1101 edocentur
2334 1059 2497 1114 quem
2530 1042 2818 1096 Dominum
2849 1042 3073 1096 laudare
3099 1058 3198 1111 par
3227 1042 3320 1097 sit.
3348 1041 3456 1095 Pa-

1889 1140 1994 1193 lam
2025 1147 2204 1193 autem
2230 1144 2315 1192 est
2346 1152 2470 1191 eum
2502 1136 2682 1207 ipsum
2712 1150 2854 1199 esse,
2895 1134 2988 1204 qui
3021 1134 3076 1188 in
3109 1135 3256 1188 exitu
3289 1132 3456 1190 Israel

1889 1232 1957 1288 de
2005 1230 2241 1302 Egypto
2286 1236 2440 1284 tanta
2494 1228 2763 1283 miracula
2808 1227 2998 1284 edidit.
3046 1227 3459 1297 Consequentcr

1890 1323 2055 1395 igitur
2087 1324 2151 1376 ad
2197 1323 2289 1376 illa
2335 1321 2637 1377 edocentur
2681 1319 2808 1390 ipsi,
2848 1335 2918 1375 ne
2951 1320 3204 1390 ignorent
3234 1319 3455 1390 quinam

1890 1413 2094 1468 fuerint
2125 1412 2202 1466 illi
2243 1412 2312 1466 ah
2343 1427 2401 1467 se
2433 1410 2562 1466 olim
2597 1410 2672 1466 dii
2699 1410 3018 1476 existimati,
3059 1411 3206 1482 quod
3250 1410 3462 1466 scilicet

1891 1505 2072 1561 anima
2102 1507 2360 1575 omnique
2380 1519 2546 1558 sensu
2569 1502 2866 1569 caruerint,
2890 1501 3200 1573 fuerintque
3220 1509 3458 1565 mortua,

1892 1606 2041 1653 muta
2065 1607 2118 1652 et
2146 1613 2288 1652 caeca
2323 1597 2486 1661 idola,
2519 1596 2654 1650 nihil
2683 1596 2862 1652 simile
2885 1595 3163 1660 trahentia,
3197 1610 3306 1649 non
3337 1595 3462 1650 dico

1892 1704 2092 1760 magno
2121 1696 2174 1744 et
2209 1688 2540 1742 mirabilium
2573 1687 2807 1751 editori,
2842 1687 3085 1742 omnium
3125 1685 3326 1756 opiliei,
3367 1685 3463 1741 sed

1892 1798 1961 1838 ne
1986 1783 2072 1836 vel
2114 1780 2406 1851 postremis
2435 1795 2623 1834 eorum
2670 1795 2792 1850 qua:
2830 1779 3010 1833 anima
3043 1785 3097 1832 et
3129 1793 3296 1833 sensu
3326 1791 3464 1846 prae-

1887 1874 2000 1930 dita
2039 1882 2166 1928 sunt
2199 1892 2212 1926 :
2243 1872 2339 1928 sed
2376 1870 2680 1926 inanimata
2711 1887 2938 1941 prorsus
2971 1871 3198 1925 materia
3238 1869 3457 1924 fuerint.

1887 1964 1954 2019 Et
1977 1965 2066 2020 illa
2096 1964 2339 2035 quidem,
2373 1963 2632 2018 animalia
2664 1962 2886 2034 inquam
2914 1962 3172 2027 animata,
3204 1960 3300 2016 Dei
3333 1960 3467 2016 Ver-

1888 2057 1959 2112 bo
1985 2058 2356 2112 constiterunt
2385 2076 2398 2111 :
2435 2063 2492 2110 at
2517 2055 2596 2110 illi
2627 2055 2872 2126 gentium
2905 2054 3003 2118 dii,
3028 2062 3087 2109 ut
3110 2053 3463 2124 putabantur.

1889 2147 2254 2202 humanorum
2291 2163 2518 2218 operum
2552 2147 2809 2218 ﬁgmenta
2841 2153 2988 2203 sunt.

205 2237 313 2288 τῶν
341 2235 496 2299 ὅλων,
524 2237 636 2290 ἀλλ’
666 2238 788 2290 οὐδὲ
811 2241 920 2301 τοῖς
954 2239 1200 2308 ἐσχάτοις
1260 2238 1368 2291 τῶν
1417 2234 1698 2306 ἐμψύχων,
1738 2230 1820 2300 οἷς
1854 2237 2105 2308 μέτεστιν
2137 2237 2470 2309 αἰσθήσεωςο
2508 2238 2684 2308 πάντη
2709 2237 2766 2290 δὲ
2796 2236 3000 2307 ἄψυχος
3032 2237 3133 2307 ὕλη
3192 2235 3462 2308 καθέστη-

207 2345 321 2382 κεν.
357 2331 598 2383 Κάκεῖνα
657 2331 775 2400 μὲν,
825 2331 966 2399 λέγω
998 2330 1061 2401 δὴ
1092 2331 1159 2384 τά
1209 2329 1428 2402 ἔμψυχα
1484 2330 1618 2395 ζῶα,
1666 2327 1801 2381 Θεοῦ
1851 2331 2008 2402 Λόγῳ
2064 2331 2392 2403 συνέστηκεν
2436 2349 2450 2362 ·

208 2421 320 2473 θεοὶ
353 2420 709 2490 ἀνθρωπίνων
742 2420 917 2492 ἔργων
949 2422 1348 2494 ἁναπλάσματα
1378 2424 1747 2493 τυγχάνουσιν.

698 2538 1118 2593 ΑΛΛΗΛΟΥΙᾹ.
1160 2537 1301 2594 Ρ1Δ’.

289 2631 612 2700 Ἠγάπησα,
635 2630 722 2683 ὅτι
744 2632 1165 2684 εὶσακούσεται
1207 2633 1424 2699 Κύριος
1450 2630 1560 2699 τῆς
1582 2629 1786 2699 φωνῆς

205 2723 317 2792 τῆς
351 2721 614 2788 δεήσεως
641 2741 782 2791 μου,
817 2722 903 2775 ὅτι
937 2723 1136 2777 ἔκλινε
1183 2722 1250 2776 τὸ
1278 2719 1386 2788 οὖς
1418 2722 1603 2775 αὑτοῦ
1630 2722 1781 2790 ἐμοὶ,

207 2816 306 2868 καὶ
342 2816 411 2868 ὲν
437 2815 566 2880 ταῖς
593 2813 840 2883 ἡμέραις
871 2833 990 2883 μου
1034 2813 1480 2884 ἐπικαλέσομαι.
1525 2815 1582 2866 '0
1617 2813 1782 2866 πάλαι

207 2905 538 2978 φοϐούμενος
573 2906 665 2959 τὸν
692 2906 917 2978 Κύριον,
958 2907 1057 2977 ἤδη
1096 2905 1376 2979 προκόψας
1426 2906 1533 2960 άπὸ
1556 2905 1650 2960 τοῦ
1684 2906 1781 2975 φό-

208 2999 324 3063 ϐου,
368 2999 460 3050 καὶ
507 2998 744 3069 μεταϐὰς
771 3000 863 3050 ἐπὶ
905 2999 1003 3070 τὴν
1034 2999 1253 3068 ἀγάπην
1305 2997 1398 3051 τοῦ
1449 2998 1606 3062 Θεοῦ,
1640 2997 1780 3052 εἴποι

209 3091 293 3153 ἂν,
331 3090 639 3160 Ἡγάπησα
660 3106 676 3122 ⁸
726 3091 847 3144 τίνα
873 3091 951 3154 δὲ,
984 3090 1241 3161 ἣδηλαδὴ
1291 3089 1493 3161 Κύριον
1521 3091 1613 3144 τὸν
1646 3091 1778 3144 Θεὸν

2505 2332 2555 2384 οἱ
2614 2329 2672 2382 δὲ
2716 2327 2825 2382 τῶν
2875 2329 3042 2383 ἐθνῶν
3089 2346 3464 2400 νενομισμέναι

2387 2532 2751 2590 ALLELUIA.
2793 2535 2976 2590 CXIV.

1964 2625 2130 2681 Vens.
2166 2627 2218 2690 1,
2246 2625 2301 2680 2.
2336 2624 2517 2679 Dilexi
2547 2628 2798 2696 quoniam
2820 2628 3067 2682 exaudiet
3098 2628 3357 2682 Dominus
3387 2645 3468 2684 vo-

1890 2734 1999 2772 cem
2030 2704 2293 2771 orationis
2311 2734 2459 2785 mete,
2484 2721 2609 2790 quia
2633 2720 2906 2774 inclinavit
2935 2737 3116 2775 aurem
3139 2737 3290 2776 suam
3315 2725 3468 2788 mihi,

1887 2820 1936 2864 et
1963 2811 2017 2863 in
2041 2809 2225 2863 diebus
2258 2810 2386 2864 meis
2409 2810 2678 2864 invocabo.
2711 2812 2814 2875 Qui
2841 2813 2971 2866 olim
3004 2811 3289 2867 Dominum
3316 2815 3468 2869 time-

1887 2903 2000 2964 bat,
2029 2902 2140 2971 jam
2173 2915 2202 2954 a
2237 2902 2432 2956 timore
2461 2900 2762 2972 profectus,
2793 2910 2846 2957 et
2875 2904 2942 2957 ad
2981 2903 3325 2959 dilectionem
3365 2904 3464 2961 Dei

1888 3003 2288 3064 transgressus,
2311 2994 2434 3063 jure
2456 2993 2676 3058 dixerit,
2711 2994 2890 3049 Dilexi
2915 3013 2932 3049 :
2958 3012 3116 3063 quem
3143 3012 3325 3066 porro,
3355 2999 3465 3053 nisi

1888 3083 2177 3138 Dominum
2195 3083 2384 3146 Deum,
2404 3100 2469 3139 ex
2489 3091 2602 3138 toto
2626 3085 2814 3150 corde,
2834 3085 3038 3139 virtute
3060 3094 3222 3155 atque
3247 3089 3461 3155 anima;

208 3179 267 3243 ἐξ
304 3179 432 3248 ὅλης
461 3180 707 3249 καρδίας,
737 3179 829 3232 καὶ
855 3180 1133 3250 δυνάμεως
1156 3180 1248 3232 καὶ
1268 3180 1464 3250 ψυχῆς,
1493 3180 1632 3234 ὥστε
1661 3182 1779 3234 ἓνε-

1892 3179 1960 3231 ita
1990 3185 2050 3231 ut
2079 3186 2305 3247 propter
2338 3177 2540 3245 ipsum,
2572 3177 2658 3231 vel
2684 3175 2749 3230 ad
2774 3187 3006 3232 mortem
3042 3194 3215 3248 usque
3243 3195 3467 3235 concer-

207 3287 301 3323 κεν
323 3269 488 3323 αὑτοῦ
512 3273 604 3324 καὶ
631 3271 788 3342 μέχρι
816 3270 1045 3324 θανάτου
1083 3271 1445 3339 ἀγωνίζεσθαι
1474 3273 1612 3345 ὑπὲρ
1648 3273 1780 3343 άλη-

209 3358 379 3423 θείας,
431 3358 610 3412 πάντα
645 3376 702 3410 τε
744 3359 1032 3427 ὑπομεῖναι
1084 3357 1408 3430 πειρασμὸν,
1462 3360 1555 3412 καὶ
1607 3359 1783 3412 πάντα

210 3450 450 3504 κίνδυνον
503 3451 800 3520 ὑποστῆναι
861 3449 1154 3521 προθύμως
1201 3449 1288 3503 διὰ
1331 3447 1428 3521 τὴν
1482 3451 1616 3523 πρὸς
1654 3449 1785 3504 Θεὸν

209 3543 466 3612 άγάπην;
502 3543 622 3595 Ὅτι
683 3543 884 3596 ἔκλινε
923 3543 989 3595 τὸ
1035 3539 1144 3609 οὖς
1172 3543 1358 3597 αὐτοῦ
1405 3543 1554 3613 ἐμοὶ,
1588 3543 1686 3596 καὶ
1718 3544 1786 3595 ἑν

207 3631 339 3697 ταῖς
387 3631 632 3700 ἡμέραις
678 3650 796 3700 μου
842 3633 1293 3700 ἐπικαλέσομαι.
1348 3631 1682 3700 Περιὲσχον
1708 3649 1786 3700 με

207 3724 417 3790 ὠδῖνες
457 3722 735 3787 θανάτου,
772 3723 1040 3776 κίνδυνοι
1066 3723 1213 3789 ᾅδου
1241 3723 1504 3790 εὕροσάν
1519 3740 1595 3790 με
1614 3738 1627 3752 ·
1656 3723 1786 3777 0.11-

207 3820 320 3884 ψιν
349 3815 446 3868 καὶ
477 3815 703 3881 ὀδύνην
735 3808 935 3880 εὗρον,
962 3813 1060 3865 καὶ
1093 3813 1156 3865 τὸ
1190 3813 1377 3882 ὄνομα
1403 3813 1622 3879 Κυρίου
1655 3812 1788 3865 ἑπε-

209 3907 582 3976 καλεσάμην.
615 3903 682 3959 Ὦ
754 3907 947 3973 Κύριε,
997 3905 1184 3972 ῥῦσαι
1235 3905 1347 3973 τὴν
1384 3903 1594 3974 ψυχήν
1645 3922 1782 3974 μου·

207 3997 484 4066 ἐλεήμων
513 3997 612 4050 καὶ
645 3996 874 4062 δίκαιος
907 3999 940 4049 ὁ
972 3997 1208 4063 Κύριος,
1239 3993 1336 4048 καὶ
1375 3997 1408 4048 ὁ
1435 3994 1579 4060 Θεὸς
1618 3993 1786 4063 ἡμῶν

207 4089 385 4144 ἐλεεῖ.
421 4088 760 4142 Φυλάσσων
803 4088 876 4140 τὰ
911 4087 1094 4153 νήπια
1136 4090 1167 4139 o'
1217 4087 1447 4153 Κύριος,
1471 4085 1784 4138 ἐταπεινώ-

209 4182 346 4244 θην,
380 4178 477 4231 καὶ
510 4178 707 4231 ἔσωσέ
741 4195 839 4246 με.
898 4177 1311 4243 Ἐπίο-τρειειον,
1338 4174 1506 4243 ψυχή
1530 4192 1672 4244 μου,
1699 4177 1785 4240 εἰς

209 4269 328 4336 τὴν
350 4268 698 4322 ἀνάπαυσίν
729 4284 865 4330 σου,
894 4267 981 4319 ὅτι
1015 4268 1228 4334 Κύριος
1263 4264 1625 4334 εὐηργέτησέ
1677 4281 1783 4342 σε’·

209 4360 303 4413 ὅτι
345 4359 608 4425 ἐξείλετο
657 4359 772 4428 τὴν
804 4358 1014 4428 ψυχήν
1049 4376 1166 4426 μου
1216 4359 1284 4410 ἐκ
1323 4356 1600 4420 θανάτου,
1647 4356 1786 4422 τοὺς

209 4454 557 4521 ὀφθαλμούς
610 4470 729 4521 μου
761 4451 878 4504 ἀπὸ
928 4450 1219 4517 δακρύων,
1249 4446 1374 4502 καί
1401 4450 1542 4514 τοὺς
1595 4449 1785 4514 πόδας

1884 3275 1961 3324 tet
1999 3283 2098 3339 pro
2133 3269 2380 3333 veritate,
2417 3284 2480 3322 ac
2505 3270 2758 3337 quamvis
2787 3274 3143 3325 tentationem
3170 3273 3464 3336 sustineat,

1885 3361 2119 3434 quodvis
2151 3362 2456 3431 periculum
2482 3361 2742 3415 alacriter
2765 3377 2876 3430 pra:
2906 3362 2996 3415 Dei
3021 3379 3207 3417 amore
3235 3363 3468 3419 subeat?

1883 3451 2142 3509 --VI-:ns.
2175 3454 2290 3507 5-8.
2326 3454 2466 3520 Quia
2505 3454 2783 3509 inclinavit
2831 3471 3013 3508 aurem
3056 3472 3208 3509 suam
3239 3457 3387 3521 mihi,
3415 3466 3467 3510 et

1885 3545 1941 3599 in
1969 3544 2152 3598 diebus
2185 3545 2312 3597 meis
2345 3544 2616 3599 invocabo.
2647 3546 3120 3600 Circumdederunt
3148 3564 3229 3600 me
3255 3549 3466 3602 dolores

1887 3636 2094 3699 mortis,
2139 3634 2374 3703 pericula
2415 3634 2610 3702 inferni
2652 3636 2960 3689 invenerunt
2998 3652 3095 3688 me.
3136 3637 3467 3690 Tribulatio-

1886 3742 2004 3778 nem
2050 3735 2100 3778 et
2137 3724 2372 3778 dolorem
2414 3726 2606 3788 inveni,
2637 3735 2687 3778 et
2722 3741 2908 3778 nomen
2953 3724 3168 3779 Domini
3207 3728 3462 3781 invocavi.

1891 3815 1934 3871 0
1960 3816 2206 3880 Domine,
2231 3815 2398 3869 libera
2422 3817 2659 3869 animam
2682 3834 2872 3884 meam,
2901 3819 3197 3872 misericors
3221 3820 3462 3888 etjustus

1893 3905 2169 3971 Dominus,
2199 3919 2247 3961 et
2286 3907 2426 3960 Deus
2458 3921 2635 3961 noster
2658 3910 2952 3963 miseretur.
2991 3910 3301 3964 Custodiens
3335 3928 3463 3980 par-

1886 3999 2033 4053 vulos
2083 3999 2363 4065 Dominus,
2413 4000 2724 4055 humiliatus
2782 4018 2934 4065 sum,
2994 4012 3043 4056 et
3096 4004 3322 4057 salvabit
3361 4022 3461 4058 me.

1888 4089 2217 4152 Convertere,
2262 4094 2442 4145 anima
2481 4110 2624 4151 mea,
2662 4095 2715 4146 in
2746 4095 2972 4163 requiem
3009 4106 3174 4159 tuam,
3207 4098 3331 4166 quia
3363 4097 3469 4151 Do-

1889 4183 2062 4235 minus
2097 4182 2345 4250 benefecit
2379 4185 2492 4236 tibi.
2539 4187 2680 4250 Quia
2719 4187 2912 4253 eripuit
2943 4189 3177 4240 animam
3207 4205 3374 4241 meam
3403 4190 3468 4240 de

1889 4282 2076 4336 morte,
2107 4273 2285 4326 oculos
2323 4291 2461 4328 meos
2493 4292 2524 4327 a
2559 4275 2834 4345 lacrymis,
2864 4277 3016 4346 pedes
3050 4295 3189 4332 meos
3224 4297 3257 4332 a
3292 4280 3464 4348 lapsu.

1890 4362 2035 4428 Haec,
2071 4365 2267 4434 inquit,
2299 4369 2482 4419 omnia
2518 4377 2743 4437 propter
2776 4369 2944 4423 Deum
2979 4387 3274 4440 perpessus
3303 4371 3468 4426 dilexi

1889 4455 2059 4508 illum.
2097 4455 2214 4510 Non
2252 4459 2395 4511 enim
2449 4471 2641 4527 praeter
2689 4461 3049 4526 voluntatem,
3099 4477 3276 4531 neque
3319 4462 3468 4517 rein-

207 4563 326 4613 μου
356 4543 472 4598 ἀπὸ
513 4543 932 4612 ὀλισθήματος.
967 4543 1146 4594 Πάντα
1171 4541 1276 4612 γὰρ
1313 4541 1504 4608 ταῦτα,
1535 4541 1785 4613 φησὶ,διὰ

1892 4547 2121 4618 giendo,
2171 4550 2264 4603 sed
2315 4551 2572 4605 alacriter
2607 4567 2692 4605 me
2735 4553 2817 4607 his
2864 4554 3122 4608 omnibus
3157 4555 3380 4618 tradidi,
3414 4565 3469 4611 et

207 4637 304 4689 τὸν
330 4635 460 4690 Θεὸν
499 4635 798 4706 ὑπομείνας
836 4634 1118 4704 ἠγάπησα.
1154 4635 1226 4686 Ob
1256 4633 1364 4704 γὰρ
1398 4633 1549 4703 παρὰ
1590 4634 1784 4706 προαί-

213 4745 385 4800 ρεσιν,
435 4727 557 4780 οὔτε
613 4727 848 4796 φεύγων,
885 4724 1178 4798 προθύμως
1226 4724 1282 4778 δὲ
1313 4724 1548 4794 ἐμαυτὸν
1577 4724 1784 4786 τούτοις

212 4820 417 4888 ἅπασιν
458 4817 746 4881 ἐπιδιδοὺς,
783 4816 1009 4888 ἔστερξα
1047 4817 1134 4870 διὰ
1182 4817 1278 4886 τὴν
1327 4816 1462 4886 πρὸς
1517 4817 1606 4870 τὸν
1652 4816 1784 4870 Θεὸν

207 4912 460 4982 ἀγάπην·
506 4910 582 4973 ὡς
622 4909 878 4963 δύνασθαι
912 4910 1125 4977 λέγειν’
1163 4907 1407 4961 Ἕνεκέν
1441 4923 1554 4961 σου
1602 4913 1784 4963 θανα-

1894 4641 2005 4693 haec
2030 4640 2313 4709 amplexus
2342 4657 2460 4694 sum
2491 4627 2713 4712 pro'pter
2749 4659 2990 4699 amorem
3023 4644 3155 4712 Dei;
3195 4646 3269 4699 ita
3301 4654 3361 4699 ut
3382 4645 3466 4701 di-

1890 4745 2011 4784 cere
2059 4730 2370 4786 valeamus:
2402 4732 2620 4800 Propter
2663 4744 2710 4786 te
2749 4736 3135 4804 mortiﬁcamur
3169 4744 3279 4789 tota
3318 4736 3402 4790 die
3425 4737 3468 4792 ⁸.

1892 4819 2016 4875 ΙΙαεε
2061 4821 2259 4891 quippe
2308 4824 2491 4878 omnia
2538 4825 2702 4880 dilexi
2755 4835 2978 4896 propter
3030 4824 3364 4892 Dominum;
3406 4843 3468 4881 ac

1890 4929 2012 4967 cum
2043 4913 2343 4984 diligerem,
2376 4931 2573 4971 nomen
2603 4916 2819 4972 Domini
2847 4919 3120 4974 invocavi.

209 5003 470 5071 τούμεθα
490 4999 643 5068 ὅλην
673 5001 788 5068 τὴν
812 5001 1058 5069 ἡμέραν.
1099 5000 1282 5054 Πάντα
1320 5000 1428 5070 γὰρ
1471 4999 1641 5053 ταῦτα
1679 5001 1941 5075 ἠγάπησα
1997 5004 2084 5059 διὰ
2142 5007 2232 5060 τὸν
2263 5007 2483 5078 Κύριον,
2512 4995 2910 5080 καῖάγαπήσας
2945 5009 3006 5062 τὸ
3051 5009 3222 5081 ὄνομα
3267 5006 3470 5079 Κυρῖου

211 5093 654 5164 ἐπεκαλεσάμην.

286 5184 692 5256 Εὐαρεστήσω
717 5183 971 5238 ἐνώπιον
995 5187 1213 5255 Κυρίου
1259 5186 1328 5239 ἐν
1355 5185 1514 5256 χώρᾳ
1539 5185 1787 5247 ζώντων.

222 5277 288 5334 Ὀ
315 5279 516 5348 κόσμος
556 5272 710 5341 οὗτος
757 5277 917 5339 αὐτός
947 5277 1006 5328 τέ
1046 5279 1161 5330 ἐστι
1207 5279 1418 5349 θνητὸς,
1464 5279 1558 5333 καὶ
1595 5280 1791 5349 χωρίον

212 5371 666 5442 ἀποθνησκόντων
695 5369 860 5422 ἐστίν.
890 5369 1106 5440 Ἐπειδὴ
1130 5368 1237 5441 γὰρ
1271 5370 1520 5434 σύνθετός
1541 5372 1653 5422 ἐστι
1685 5370 1793 5423 τῶν

214 5461 564 5532 ὁρωμένωνὴ
597 5459 884 5523 σύστασιςο
912 5460 972 5512 τὸ
1015 5461 1072 5514 δὲ
1120 5461 1370 5516 σύνθετον
1409 5463 1551 5518 ἆπαν
1585 5463 1794 5517 διαλύε-

219 5551 344 5604 σθαι
377 5553 618 5620 πέφυκεν
640 5569 653 5580 ·
687 5553 744 5604 ἐν
781 5551 858 5621 τῷ
888 5552 1075 5622 κόσμῳ
1104 5553 1273 5619 ὄντες,
1317 5554 1479 5629 μέρος
1515 5554 1664 5617 ὄντες
1700 5554 1792 5608 τοῦ

295 5708 318 5738 ⁸
354 5706 500 5762 Psal.
535 5721 662 5760 ιιιιι
689 5747 702 5771 ,
737 5706 826 5763 22.

1959 5184 2127 5241 Vens.
2162 5186 2214 5240 9.
2254 5185 2482 5241 Placebo
2517 5205 2698 5242 coram
2732 5187 2959 5244 Domino
2984 5190 3041 5243 in
3068 5189 3275 5260 regione
3307 5191 3472 5244 viven‘

1893 5281 2044 5334 tium.
2101 5268 2199 5332 H‘ic
2242 5280 2480 5334 mundus
2518 5296 2645 5336 vere
2682 5290 2736 5336 et
2773 5282 2888 5352 ipse
2932 5283 3207 5346 mortalis,
3254 5291 3308 5337 et
3352 5299 3471 5337 mo-

1891 5351 2148 5427 rientium
2195 5373 2348 5428 locus
2395 5381 2498 5429 est.
2541 5371 2680 5439 Quia
2729 5377 2876 5430 enim
2931 5391 3114 5430 rerum
3165 5376 3468 5430 visibilium

1893 5463 2214 5518 constitutio
2259 5465 2561 5534 composita
2594 5474 2698 5531 est,
2730 5481 2892 5521 omne
2925 5480 3058 5522 vero
3099 5465 3467 5537 compositum
3536 5493 3542 5502 -

1853 5602 1856 5606 .
1895 5557 2160 5623 solvitur;
2197 5572 2321 5612 eum
2351 5557 2408 5631 in
2442 5558 2646 5613 mundo
2675 5567 2728 5612 et
2759 5573 2887 5628 pars
2927 5558 3117 5613 mundi
3145 5558 3341 5624 simus,
3370 5571 3484 5614 ητα
