3868 6282
209 364 345 422 1361

1376 369 1570 426 εοΜΜ
1583 369 1885 426 ENTARIA
1926 369 1990 426 ΙΝ
2027 371 2365 432 PSALMOS.

3336 386 3354 440 Ι
3363 385 3468 440 362

205 477 432 545 δοῦλος
463 478 572 546 σὸς
633 481 728 534 καί
771 482 900 549 υἰός
936 482 1046 553 τῆς
1091 484 1420 554 παιδίσκης
1453 502 1590 542 σου.
1633 487 1778 556 Διέῤ-

1898 487 2105 541 vincula
2136 506 2270 543 mea.
2306 489 2375 544 Se
2407 491 2572 548 lilium
2618 496 2827 550 ancillm
2862 495 3013 560 dicit,
3043 484 3251 552 scilicet
3283 493 3470 550 Eccle-

195 571 396 638 ρηξας
441 571 581 639 τοὺς
620 573 881 644 δεσμούς
906 595 1048 647 μου.
1114 578 1238 631 Υιὸν
1290 580 1578 652 παιδίσκης
1625 582 1788 653 φησιν

204 663 422 728 ἑαυτὸν,
460 665 560 736 τῆς
605 666 940 739 Ἐκκλησίας.
969 671 1210 742 Δεσμους
1251 672 1305 725 δὲ
1337 667 1416 737 οἷς
1447 677 1654 746 σειραῖς
1681 673 1789 727 τῶν

203 753 402 808 ἐαυτοῦ
445 757 858 828 ἁμαρτημάτων
911 762 1327 832 κατεσφίγγετο.
1377 764 1788 838 Ἐλευθερωθεὶς

200 843 266 896 δὲ
305 845 404 914 τῆς
439 848 728 918 ἁμαρτίας,
771 852 861 903 καὶ
895 852 1007 915 υἱὸς
1035 853 1132 923 τῆς
1175 855 1272 924 σῆς
1317 857 1608 928 παιδίσκης
1647 858 1790 926 γινό-

204 945 368 1005 μενος
396 940 495 1009 τῆς
531 939 877 1012 Ἐκκλησίας,
913 942 1017 999 τῶν
1061 945 1340 1016 προτέρων
1385 940 1580 1020 ἀνέϐην
1609 950 1789 1022 ἁμαρ-

198 1029 462 1099 τημάτων
502 1031 591 1084 διὰ
645 1035 744 1103 τῆς
796 1033 897 1105 σῆς
930 1036 1169 1108 χάριτος.
1232 1040 1332 1092 Σοί
1372 1041 1534 1095 θύσω
1571 1043 1790 1097 θυσίαν

197 1122 512 1190 αἰνέσεως,
546 1127 645 1180 καὶ
674 1127 745 1181 ἐν
790 1129 1036 1199 ὀνόματι
1071 1132 1294 1200 Κυρίου
1335 1133 1784 1206 ἐπικαλέσομαι.

207 1215 321 1280 Τὰς
345 1215 533 1285 εὐχάς
555 1236 676 1288 μου
702 1220 780 1286 τῷ
807 1225 1002 1293 Κυρίῳ
1022 1224 1313 1279 ἀποδώσω
1344 1226 1624 1284 ἐναντίον
1642 1243 1790 1286 παν-

196 1306 306 1372 τὸς
356 1308 462 1362 τοῦ
499 1311 653 1366 λαοῦ
695 1315 901 1379 αὑτοῦ,
951 1317 1022 1370 ἐν
1071 1320 1287 1386 αὐλαῖς
1321 1323 1492 1377 οἴκου
1544 1324 1787 1392 Κυρίου,

193 1397 272 1450 ἐν
297 1398 467 1467 μέσῳ
495 1402 1068 1476 σου,⁹1ερουσανίήμ.
1102 1409 1391 1482 Προκοπὴν
1427 1413 1679 1484 σημαίνει
1711 1415 1790 1486 τῷ

193 1489 374 1544 ταῦτα
433 1491 666 1562 λέγοντι,
701 1498 845 1568 φημὶ
873 1497 931 1550 δὲ
978 1499 1054 1571 τῷ
1094 1500 1152 1566 ἐξ
1183 1502 1352 1556 ἐθνῶν
1385 1504 1517 1576 λαῷ.
1542 1505 1632 1577 Τῷ
1659 1506 1788 1578 γὰρ,

193 1582 304 1634 Σοὶ
339 1584 503 1637 θύσω
533 1587 755 1640 θυσίαν
786 1587 1094 1658 αἰνέσεως,
1135 1592 1230 1646 τοῦ
1265 1592 1513 1666 σώματος
1548 1598 1644 1651 καὶ
1693 1598 1788 1651 τοῦ

193 1673 452 1744 αἵματος,
481 1677 634 1746 φησὶ,
661 1678 1060 1751 μεταλήψομαι,
1086 1683 1180 1736 καὶ
1215 1683 1272 1736 ἐν
1296 1687 1360 1756 τῇ
1387 1685 1591 1739 τούτων
1625 1705 1790 1759 μετα-

193 1760 360 1833 λήψει
403 1765 464 1817 τὸ
518 1765 690 1837 ὄνομά
737 1784 827 1821 σου
869 1770 1299 1848 ἐπικαλέσομαι,
1345 1775 1439 1828 καὶ
1483 1776 1580 1840 τὰς
1623 1779 1785 1848 εὐχα-

1891 579 2005 633 size.
2033 577 2259 634 Vincula
2293 595 2421 637 vero
2449 593 2626 648 erant,
2663 586 2864 655 quibus
2893 601 2991 640 ceu
3037 585 3252 640 catenis
3275 598 3470 654 pecca-

1891 680 2068 726 torum
2124 689 2348 729 suorum
2379 675 2877 747 constringebatur.
2901 677 3190 733 Liberatus
3225 687 3402 732 autem
3434 691 3468 731 ι

1889 771 2132 834 peccato,
2155 780 2218 819 ac
2242 767 2384 822 illius
2415 765 2624 822 ancilla:
2649 776 2772 836 tum,
2799 769 3054 826 Ecclesia:
3077 770 3308 834 scilicet,
3337 766 3468 824 etfa-

1888 864 2032 921 ctus,
2068 859 2240 928 gratia
2271 867 2364 912 tua
2405 873 2434 913 a
2469 859 2713 930 pristinis
2751 863 2990 932 peccatis
3031 862 3171 918 liber
3199 861 3370 918 evasi.
3395 888 3467 903 --

1893 947 2055 1002 Vens.
2101 950 2190 1014 18,
2225 949 2312 1006 l9.
2360 950 2478 1004 Tibi
2529 955 2841 1020 sacriﬁcabo
2897 955 3123 1009 hostiam
3189 953 3384 1020 laudis,
3415 961 3467 1008 et

1889 1059 2073 1096 nomen
2110 1041 2320 1098 Domini
2345 1045 2614 1100 invocabo.
2654 1045 2786 1100 Vota
2831 1064 2946 1101 mea
2999 1048 3216 1103 Domino
3246 1046 3465 1102 reddam

1888 1135 1942 1187 in
1971 1145 2250 1205 conspectu
2291 1138 2461 1190 omnis
2504 1138 2682 1206 populi
2711 1137 2846 1205 ejus,
2875 1141 2931 1190 in
2958 1139 3109 1193 atriis
3131 1139 3318 1193 domus
3351 1140 3468 1196 Βο-

1889 1225 2042 1292 mini,
2084 1226 2139 1279 in
2175 1227 2346 1282 medio
2387 1229 2483 1293 tui,
2516 1227 2835 1284 Jerusalem.
2876 1229 3189 1286 Proiectum
3218 1233 3336 1299 ejus
3367 1233 3463 1303 qui

1889 1316 2018 1370 talia
2049 1315 2182 1372 dicit
2221 1318 2514 1388 significat,
2542 1320 2594 1373 id
2626 1331 2730 1386 est,
2765 1321 2948 1391 populi
2973 1337 3038 1376 ex
3062 1324 3332 1390 gentibus.
3359 1322 3465 1380 Per

1891 1405 2023 1460 illud
2049 1405 2195 1460 enim
2233 1427 2244 1461 :
2276 1407 2394 1462 Tibi
2425 1411 2740 1476 sacriﬁcabo
2773 1411 3001 1464 hostiam
3029 1411 3227 1475 laudis,
3247 1414 3461 1481 corpori

1889 1504 1944 1551 et
1994 1497 2246 1567 sanguini
2305 1501 2744 1566 communicabo,
2781 1503 2876 1566 ait,
2910 1510 2963 1557 et
3009 1503 3064 1556 in
3094 1502 3287 1557 horum
3319 1520 3467 1558 com-

1890 1589 2150 1644 munione
2177 1605 2373 1646 nomen
2409 1599 2561 1646 tuum
2593 1594 2878 1658 invocabo,
2916 1609 2979 1648 ac
3013 1603 3137 1649 vota
3167 1597 3464 1665 gratiarum

1890 1681 2123 1738 actionis
2165 1683 2261 1738 tibi
2289 1683 2516 1740 Domino
2548 1687 2698 1742 intus
2721 1686 2776 1741 in
2801 1687 3142 1742 medio-vera:
3163 1685 3463 1748 lerusalent

1889 1780 1942 1827 et
1975 1773 2029 1828 in
2057 1783 2351 1846 conspectu
2385 1777 2565 1832 omnis
2596 1778 2784 1847 populi
2815 1778 3059 1842 reddam,
3097 1793 3308 1834 necnon
3339 1792 3465 1849 pro-

199 1855 518 1927 ριστηρίους
558 1857 723 1928 εὐχάς
776 1876 856 1912 σοι
900 1859 978 1931 τῷ
1014 1863 1204 1934 Κυρίῳ
1237 1845 1498 1918 ἆποδώσω
1539 1845 1778 1923 ἔνδον-ἐν

1894 1845 2207 1931 missiones,
2231 1882 2369 1938 quas
2402 1868 2696 1938 aliquando
2726 1868 2988 1925 feceram.

195 1946 352 2018 μέσῳ
379 1948 482 2018 τῆς
507 1949 738 2021 ἀληθοῦς
776 1953 1150 2025 Ἰερουσαλὴμ,
1186 1957 1280 2010 καὶ
1312 1958 1552 2011 ἐναντίον
1586 1962 1786 2026 παντδς

190 2036 292 2089 τοῦ
316 2037 468 2103 λαοῦ,
514 2039 609 2092 καὶ
640 2039 740 2104 τὰς
777 2043 1111 2112 ἐπαγγελίας
1144 2047 1209 2109 ἃς
1246 2065 1374 2100 ποτε
1421 2050 1780 2121 ἐποιησάμην.

676 2153 1096 2212 ᾹΛΛΗΛΟΥΙΑ.
1147 2158 1308 2226 ptq'.

267 2240 496 2296 Αἰνεῖτε
541 2242 649 2298 τόν
681 2246 921 2314 Κύριον,
973 2249 1171 2302 πάντα
1223 2251 1294 2306 τὰ
1333 2251 1501 2322 ἔθνη,
1548 2254 1783 2309 ἐπαινέ-

192 2345 348 2384 σατε
373 2332 580 2398 αὐτόν,
639 2335 864 2404 πάντες
894 2341 946 2392 οἰ
973 2341 1112 2393 λαοί
1137 2358 1150 2372 ’
1177 2340 1265 2394 ὅτι
1312 2344 1674 2415 ἐκωταιώθη
1717 2349 1783 2401 τὸ

190 2419 370 2489 ἕλεος
407 2426 593 2480 αὑτοῦ
649 2427 742 2497 ἐφ’
773 2428 952 2499 ἡμᾶς,
995 2431 1094 2485 καὶ
1154 2435 1192 2502 ἠ
1228 2433 1478 2501 ἀλήθεια
1520 2438 1627 2493 τοῦ
1664 2442 1782 2493 Κυ-

181 2514 327 2584 ρίου
347 2515 515 2586 μένει
548 2520 764 2584 εἰς.τὸν
801 2519 1007 2577 αἰῶνα.
1043 2524 1415 2581 Ἀνακαλεῖται
1445 2529 1622 2581 τοίνυν
1642 2531 1670 2584 ό
1697 2530 1782 2584 λό-

192 2622 291 2675 γος
323 2609 415 2662 ἐπὶ
460 2610 550 2662 τὸν
579 2610 745 2683 ὕμνον
778 2614 872 2668 τοῦ
912 2615 1048 2669 Θεοῦ
1083 2618 1262 2672 πάντα
1291 2619 1359 2674 τὰ
1390 2620 1646 2695 ἀλλογενῆ
1690 2627 1784 2680 καὶ

191 2696 465 2768 ἀλλόφυλα
499 2701 626 2773 ἔθνη
665 2720 679 2734 ο
717 2700 834 2758 εἶτα
863 2707 1282 2775 ἀποδιαστείλας
1314 2713 1421 2766 τῶν
1454 2713 1624 2769 ἐθνῶν
1654 2715 1781 2780 τοὺς

191 2789 360 2856 λαοὺς
413 2795 655 2865 ἐπιλέγει
688 2814 703 2830 ο
745 2799 1274 2858 Ἐπαινεσάτωσαν
1317 2807 1505 2861 αὐτὸν
1558 2809 1782 2878 πάντες

191 2886 249 2938 οὶ
280 2886 438 2941 λαοί.
464 2887 695 2959 Νοήσεις
728 2889 783 2944 δὲ
808 2890 906 2963 τὴν
930 2892 1192 2967 διαφορὰν
1220 2898 1520 2971 ἐπιστήσας
1548 2903 1612 2972 τῇ
1651 2919 1782 2974 προ-

191 2975 394 3048 φητείᾳ
435 2981 499 3050 τῇ
558 2979 788 3054 λεγούσῃ
838 2982 991 3055 παρὰ
1041 2984 1117 3055 τῷ
1163 2989 1438 3061 Ζαχαρία·
1473 2992 1648 3060 Χαῖρε
1679 2993 1778 3046 καὶ

190 3069 543 3136 εὐφραίνου,
565 3075 814 3143 θύγατερ
844 3075 998 3130 Σιών
1023 3094 1035 3108 '
1069 3077 1198 3132 ἰδοὺ
1239 3080 1354 3149 ἐγὼ
1382 3081 1632 3153 ἔρχομαι
1679 3085 1777 3139 καὶ

2385 2156 2756 2213 ALLELUIA-
2786 2156 2973 2213 CXVI.

1959 2245 2124 2304 Vens.
2155 2250 2207 2313 l,
2233 2247 2286 2302 2.
2310 2248 2550 2305 Laudate
2582 2251 2888 2318 Dominum,
2917 2265 3100 2306 omnes
3119 2259 3314 2320 gentes,
3344 2251 3463 2303 latt-

1885 2339 2006 2394 date
2027 2357 2166 2406 eum,
2187 2359 2364 2396 omnes
2383 2344 2593 2412 populi:
2607 2345 2852 2414 quoniam
2874 2343 3192 2412 conﬁrmata
3215 2352 3292 2397 est
3309 2356 3466 2411 super

1885 2449 1978 2486 nos
2035 2434 2401 2488 misericordia
2426 2436 2559 2503 eius,
2606 2445 2655 2491 et
2701 2437 2892 2490 ueritas
2947 2435 3159 2490 Domini
3191 2442 3364 2488 manet
3405 2434 3473 2486 in

1885 2533 2157 2581 (uernum.
2188 2525 2289 2582 Hic
2319 2527 2502 2598 itaque
2535 2543 2716 2584 sermo
2746 2536 2936 2600 gentes
2968 2541 3162 2583 omnes
3205 2526 3463 2595 alienige-

1885 2630 1989 2674 nas
2014 2628 2067 2674 et
2097 2621 2413 2690 peregrinas
2443 2622 2507 2676 ad
2543 2621 2753 2676 laudem
2785 2619 2880 2676 Dei
2921 2627 3217 2692 provocat;
3245 2616 3465 2672 deinde-

1883 2727 1989 2782 qne
2041 2727 2072 2765 a
2116 2713 2369 2782 gentibus
2413 2714 2642 2784 populos
2672 2713 3017 2783 distinguens
3061 2711 3147 2765 ait,-
3176 2730 3189 2764 :
3221 2709 3463 2766 Laudent

1883 2821 2001 2859 eum
2047 2820 2224 2858 omnes
2265 2805 2464 2875 populi.
2511 2804 2814 2859 Discrimen
2862 2813 3042 2858 autem
3095 2802 3382 2871 intelliges.
3415 2802 3461 2855 si

1885 2896 2184 2952 attenderis
2206 2895 2503 2966 prophetizc
2519 2895 2660 2965 apud
2680 2893 3000 2948 Zachariam
3019 2892 3224 2947 dicenti
3244 2910 3257 2946 :
3279 2889 3461 2945 Gaude

1881 3003 1928 3045 et
1975 2991 2204 3055 exsulta,
2239 2990 2353 3059 [ilia
2386 2988 2553 3044 Sion»:
2576 3005 2690 3042 ecce
2729 3005 2822 3058 ego
2860 2987 3009 3042 uenio
3048 2996 3095 3039 et
3130 2982 3376 3038 habitabo
3406 2984 3460 3036 in

1882 3079 2053 3135 medio
2084 3081 2184 3146 tui,
2226 3079 2356 3134 dicit
2385 3079 2664 3133 Dominus.
2698 3076 2766 3131 Et
2798 3076 3096 3146 confugient
3120 3082 3294 3146 gentes
3322 3072 3460 3126 mul-

188 3162 645 3229 κατασκηνώσω
674 3165 746 3218 ἐν
781 3165 945 3236 μέσῳ
989 3185 1127 3235 σου,
1184 3172 1345 3240 λέγει
1383 3175 1616 3241 Κύριος.
1667 3177 1778 3230 Καὶ

1884 3183 1950 3228 ιω
1975 3173 2046 3226 ad
2079 3172 2380 3236 Dominum,
2403 3182 2451 3226 et
2474 3181 2625 3225 erunt
2647 3173 2694 3226 ei
2710 3171 2763 3225 in
2779 3169 3050 3240 populum,
3078 3176 3128 3223 et
3155 3183 3248 3237 ego
3271 3182 3360 3221 ero
3381 3166 3470 3220 eis

186 3252 668 3321 καταφεύξονται
711 3256 855 3327 ἔθνη
890 3261 1092 3315 πολλὰ
1121 3261 1218 3316 ἐπὶ
1249 3264 1356 3318 τὸν
1391 3267 1632 3334 Κύριον,
1675 3269 1775 3323 καὶ

188 3341 441 3398 ἔσονται
473 3346 633 3413 αὐτῷ
664 3350 751 3415 εἰς
777 3351 951 3417 λαὸν,
979 3353 1141 3424 κάγὼ
1178 3354 1393 3424 ἔσομαι
1448 3359 1653 3426 αὐτοῖς
1688 3362 1776 3427 εἰς

193 3435 365 3489 Θεόν.
428 3438 577 3502 Τέως
612 3441 710 3510 μὲν
749 3440 858 3514 γὰρ
895 3443 1022 3515 ἔθνη
1054 3446 1409 3517 τυγχάνοντα,
1471 3449 1622 3505 οὔπω
1649 3452 1777 3517 λαὸς

187 3521 264 3598 ἦν
306 3526 491 3590 αὐτοῦ,
533 3530 904 3600 μεταϐαλόντα
937 3533 992 3587 δὲ
1045 3535 1140 3590 τοῦ
1176 3538 1441 3610 προτέρου
1498 3539 1633 3610 βίου,
1683 3543 1778 3597 καλ⁸

191 3618 536 3688 μετασχόντα
585 3621 697 3673 τῶν
747 3622 840 3676 τοῦ
906 3624 1040 3678 Θεοῦ
1087 3629 1400 3700 μυστηρίων
1441 3630 1510 3682 δι’
1549 3631 1778 3701 ἀναγεν-

185 3710 403 3779 νήσεως
440 3712 534 3764 καὶ
560 3712 788 3784 λουτροῦ
823 3716 1281 3786 παλιγγενεσίας,
1323 3721 1563 3789 γίνονται
1610 3726 1774 3778 αὐτοῦ

184 3798 330 3852 λαοί.
370 3802 435 3854 Ὀ
469 3801 534 3874 δὴ
567 3803 734 3856 εἰσέτι
767 3806 860 3859 καὶ
893 3805 987 3860 νῦν
1022 3808 1320 3880 πληροῦται
1360 3811 1482 3864 καθ’
1517 3813 1644 3882 ὅλης
1679 3816 1783 3886 τῆς,

184 3890 302 3944 τῶν
328 3892 629 3965 ἀνθρώπων
658 3896 1000 3968 οἰκουμένης,
1040 3901 1378 3971 μυριάνδρων
1411 3902 1552 3956 λαῶν
1585 3905 1775 3976 ὥσπερ

185 3979 333 4034 κατὰ
361 3985 554 4054 χοροὺς
586 3987 884 4056 ἱσταμένων
913 3989 1006 4041 καὶ
1037 3990 1127 4042 τὸν
1168 3992 1297 4063 παρ’
1341 3993 1611 4064 Ἑϐραίοις
1634 4009 1768 4067 προ-

186 4073 383 4143 φτητῶν
413 4076 547 4130 Θεὸν
581 4078 912 4149 ὑμνούντων,
944 4082 1038 4134 καὶ
1073 4081 1141 4136 τὰ
1174 4085 1311 4138 αὐτὰ
1344 4087 1768 4159 ἁναγνώσματα,

189 4165 496 4238 μαθήματά
543 4185 603 4222 τε
658 4170 754 4224 καὶ
806 4171 1049 4242 δόγματα
1100 4173 1520 4246 διδασκομένων,
1586 4179 1770 4232 Ταῦτα

1882 3266 1937 3320 in
1990 3265 2207 3321 Deum".
2243 3265 2495 3332 Quandtu
2558 3265 2702 3320 enim
2754 3269 2945 3334 gentes
2998 3269 3174 3322 erant,
3211 3256 3458 3313 nondum

1881 3363 2036 3413 erant
2084 3336 2316 3427 populus
2346 3357 2499 3426 ejus;
2531 3372 2560 3409 a
2591 3354 2761 3426 priori
2795 3362 2975 3406 autem
3014 3352 3125 3405 vita
3157 3363 3456 3414 conversae,

1880 3461 1945 3501 ac
2000 3461 2098 3518 per
2145 3449 2421 3502 lavacrum
2467 3445 2901 3518 regenerationis
2943 3441 3328 3514 mysteriorum
3364 3438 3470 3493 Dei.

1880 3537 2177 3609 participes
2231 3536 2463 3604 εποίησε,
2499 3537 2621 3607 ejus
2672 3534 2858 3608 p0puli
2893 3532 3151 3590 evadunt.
3184 3529 3340 3597 Quod
3387 3528 3472 3582 ad!

1876 3629 2019 3684 bam:
2072 3644 2246 3699 usque
2289 3629 2433 3685 diem
2465 3645 2561 3698 per
2599 3629 2920 3682 universum
2951 3625 3139 3678 orbem
3173 3620 3454 3691 impletur,

1873 3734 1998 3773 cum
2029 3719 2223 3774 inﬁniti
2258 3720 2465 3790 populi,
2496 3720 2653 3790 quasi
2674 3719 2730 3773 in
2763 3713 3258 3778 chorodistributi,
3284 3711 3469 3766 Deum-

1873 3816 2286 3885 prophetarum,
2337 3814 2431 3885 qui
2491 3828 2658 3884 penes
2707 3811 2965 3867 Hebraeos
3013 3817 3191 3872 erant,
3239 3807 3456 3879 hymnis

1871 3907 2169 3970 celebrent,
2229 3916 2391 3976 atque
2443 3904 2663 3960 easdem
2707 3905 2992 3967 lectiones,
3039 3898 3358 3970 disciplinas
3399 3909 3454 3951 ct

1875 4000 2130 4071 dogmata
2178 3999 2533 4054 edoceantur.
2568 3997 2693 4052 Haec
2725 3997 2909 4068 igitur,
2945 4011 3065 4066 quae
3112 3995 3247 4063 ipsis
3278 3990 3452 4044 oculis

1876 4093 2270 4162 conspicimus,
2303 4108 2409 4146 non
2435 4091 2614 4156 aliter,
2643 4105 2806 4161 quam
2834 4104 2932 4158 per
2957 4087 3129 4144 solam
3153 4083 3454 4139 Salvatoris

1876 4183 2135 4238 virtutem
2165 4184 2221 4238 in
2261 4191 2375 4238 toto
2403 4183 2645 4254 gentium
2677 4182 2809 4236 orbe
2833 4181 3130 4236 constituta
3159 4185 3306 4232 sunt.

184 4257 324 4326 γοῦν
368 4260 666 4333 ὀφθαλμοῖς
708 4263 980 4335 ὁρώμενα,
1022 4267 1123 4319 οὐκ
1164 4267 1340 4332 ἄλλως
1377 4270 1417 4340 ἦ
1465 4267 1552 4324 διὰ
1609 4272 1782 4344 μόνης
1822 4275 1922 4346 τῆς
1968 4276 2233 4348 σωτηρίου
2286 4275 2569 4346 δυνάμεως
2625 4273 2744 4326 καθῗ
2781 4272 2909 4344 ὅλης
2941 4272 3166 4341 συνέστη
3198 4270 3296 4339 τῆς
3347 4265 3453 4320 τῶν

184 4347 362 4404 ἐθνῶν
392 4352 734 4424 οἰκουμένης.

685 4466 1118 4522 ΑΛΛΗΛΟΥΙΑ-
1150 4471 1291 4524 ΡΙΖ’.

275 4555 762 4627 Ἐξομολογεῖσθε
797 4557 879 4624 τῷ
924 4561 1139 4628 Κυρίῳ,
1186 4561 1273 4616 ὅτι
1298 4563 1538 4632 ἀγαθὸς,
1569 4564 1656 4618 ὅτι
1681 4567 1771 4634 εἰς

1800 4489 1848 4546 D

2353 4469 2718 4524 ALLELUIA.
2757 4467 2964 4524 CXVII.

1937 4561 2104 4618 Vens.
2153 4563 2268 4617 1-4.
2315 4560 2654 4632 Eonfitemini
2697 4560 2918 4614 Domino
2956 4575 3205 4628 quoniam
3261 4557 3448 4622 bonus,

183 4647 299 4701 τὸν
328 4647 514 4703 αἰῶνα
551 4652 616 4704 τὸ
656 4651 830 4718 ἕλεος
876 4653 1084 4706 αὐτοῦ.
1125 4654 1360 4708 Eia.de
1402 4655 1478 4723 δὴ
1527 4660 1559 4710 ό
1604 4655 1778 4725 οἰκος

1882 4656 2115 4727 γηοηὶαηι
2147 4656 2202 4708 in
2230 4654 2484 4709 saeculum
2525 4649 2891 4705 misericordia
2932 4651 3067 4719 ejus.
3111 4649 3267 4703 Dicat
3313 4667 3449 4704 nunc

198 4739 460 4809 Ἰσραὴλ,
497 4740 584 4794 ὅτι
609 4741 850 4811 ἁγαθός,
892 4743 981 4797 ὅτι
1013 4745 1100 4810 εἰς
1144 4745 1255 4799 τὸν
1277 4744 1460 4799 αἰῶνα
1489 4748 1555 4802 τὸ
1596 4749 1772 4817 ἕλεος

182 4832 410 4887 αὐτοῦ·
436 4833 655 4888 εἰπάτω
691 4834 767 4904 δὴ
795 4832 960 4902 οἶκος
1003 4836 1236 4906 Ἀαρὼν,
1271 4837 1358 4891 ὅτι
1393 4841 1634 4909 ἀγαθὸς,
1679 4842 1781 4896 ὅτιμ

183 4923 278 4986 εἰς
321 4922 429 4976 τὸν
458 4921 644 4977 αἰῶνα
689 4925 755 4978 τὸ
801 4925 972 4992 ἕλεος
1033 4927 1247 4981 αὐτοῦ,
1284 4928 1642 4983 Εἰπάτωσαν
1689 4930 1770 5000 δὴ

185 5012 412 5080 ,πάντες
432 5017 486 5067 οἱ
517 5017 872 5084 φοϐούμενοι
900 5018 1006 5071 τὸν
1031 5020 1273 5088 Κύριον,
1299 5019 1385 5074 ὅτι
1411 5021 1652 5089 ἀγαθὸς,
1677 5022 1780 5076 ore

182 5107 276 5169 εἰς
303 5103 411 5156 τόν
445 5103 631 5158 αἰῶνα
666 5106 731 5158 τὸ
770 5105 944 5172 ἔλεος
978 5111 1186 5164 αὐτοῦ.
1221 5111 1330 5164 Καὶ
1370 5112 1427 5165 ἐν
1475 5115 1585 5176 τοῖς
1629 5130 1765 5184 προ-

185 5193 484 5264 κειμένοις,
525 5197 627 5266 τῆς
665 5196 1031 5268 εὐαγγελικῆς
1065 5201 1286 5271 χάριτος
1341 5203 1434 5257 ἐπὶ
1475 5204 1650 5258 πάντα
1696 5206 1780 5259 τὰ.

185 5287 314 5358 ἔθνη
345 5289 620 5362 χυθείσης,
657 5283 732 5345 ὧν
753 5291 922 5344 ἐθνῶν
950 5294 1111 5364 μέρος
1154 5313 1206 5348 τι
1233 5293 1300 5366 ἦν
1331 5298 1422 5350 καὶ
1449 5299 1477 5350 ὁ
1507 5301 1570 5352 ἐκ
1608 5317 1762 5372 περι-

184 5380 361 5452 τομῆς
389 5382 536 5445 λαδς,
569 5384 662 5436 καὶ
699 5382 865 5454 μέρος
903 5384 964 5437 τὸ
1004 5385 1326 5457 πρώτιστον,
1357 5391 1582 5455 εἰκότως
1611 5392 1761 5464 πρώ-

183 5489 312 5536 τους
341 5474 538 5537 αὒτοὺς
577 5476 605 5526 ὁ
653 5475 810 5544 λόγος
861 5477 950 5528 ἐπὶ
999 5478 1098 5547 τὴν
1139 5479 1525 5553 ἐξομολόγησιν
1567 5484 1754 5538 καλεῖ·

182 5565 377 5619 ἔπειτα
405 5567 528 5629 τοὺς
558 5567 616 5631 ἐξ
632 5567 800 5620 ἐθνῶν
820 5569 1288 5644 προσεληλυθότας
1319 5574 1395 5645 τῷ
1420 5575 1754 5648 Εὑαγγελίῳ,

187 5655 332 5712 κατὰ
363 5657 452 5710 τό’
503 5657 758 5724 Ἰουδαίῳ
789 5677 850 5713 τε
896 5659 1130 5729 πρῶτον
1168 5664 1266 5717 καί
1293 5667 1560 5736 Ἕλληνι.
1603 5669 1666 5723 El
1702 5669 1759 5722 δέ

265 5813 286 5843 ⁸
317 5811 481 5870 lach.
522 5831 589 5878 ιι,
631 5814 731 5882 10,
767 5817 849 5872 ll.
929 5817 948 5846 ⁸
989 5817 1144 5874 Hom.
1189 5833 1240 5884 I,
1281 5819 1364 5874 ιθ.

1867 4746 2055 4800 domus
2093 4745 2267 4799 Israel
2312 4744 2560 4814 quoniam
2598 4741 2784 4802 bonus,
2816 4741 3065 4810 quoniam
3097 4740 3151 4792 in
3193 4739 3446 4792 smculum

1868 4838 2234 4894 misericordia
2257 4838 2391 4908 ejus.
2417 4836 2583 4889 Dicaa
2605 4851 2741 4887 nunc
2766 4832 2955 4888 domus
2982 4832 3163 4885 Aaron
3199 4831 3444 4900 quoniam

1869 4932 2058 4993 bonus,
2088 4931 2340 5000 quoniam
2381 4931 2436 4982 in
2467 4928 2718 4982 saeculum
2747 4922 3114 4979 misericordia
3167 4923 3300 4990 ejus.
3351 4920 3446 4974 Di-

1867 5034 1992 5078 cant
2013 5039 2151 5076 nunc
2162 5038 2338 5075 omnes
2359 5021 2450 5090 qui
2472 5021 2654 5074 timent
2673 5019 2953 5072 Dominum
2973 5016 3220 5086 quoniam
3255 5013 3439 5076 bonus,

1865 5117 2114 5187 quoniam
2133 5115 2186 5169 in
2209 5114 2458 5168 strculum
2483 5109 2845 5166 misericordia
2861 5108 2996 5179 ejus.
3013 5109 3072 5161 ln
3096 5107 3181 5162 bis
3203 5120 3438 5176 quoque,

1864 5206 2036 5263 ell'usa
2077 5207 2131 5260 in
2174 5221 2367 5260 omnes
2395 5211 2586 5276 gentes
2628 5201 2944 5272 evangelica
2976 5199 3174 5270 gratia,
3208 5209 3442 5265 quarum

1866 5299 2109 5369 gentium
2150 5311 2281 5367 pars
2301 5297 2508 5366 aliqua,
2535 5295 2644 5349 imo
2671 5308 2797 5363 pars
2826 5291 3023 5362 prima,
3051 5298 3170 5343 erat
3209 5286 3440 5357 populus

1863 5407 1928 5446 ex
1958 5390 2407 5456 circumcisione,
2439 5389 2634 5442 merito
2677 5384 2893 5440 Iudaeos
2939 5383 3005 5437 ad
3037 5379 3440 5435 confessionem

1865 5486 2071 5556 primos
2104 5500 2285 5540 sermo
2335 5494 2524 5538 evocat
2555 5501 2565 5534 :
2598 5480 2900 5548 dcindeque
2925 5493 3020 5533 eos
3055 5492 3120 5530 ex
3162 5472 3436 5546 gentibus.

1863 5579 1955 5649 qui
1999 5577 2067 5631 atl
2126 5575 2476 5645 Evangelium
2531 5581 2896 5635 accesserant,
2938 5569 3234 5626 secundum
3267 5565 3434 5620 illud:

1863 5669 2054 5725 Iudaeo
2085 5668 2313 5740 primum
2342 5679 2394 5722 et
2424 5667 2605 5722 Greco
2624 5665 2665 5719 °.
2721 5664 2779 5720 Si
2811 5663 2937 5736 quis
2975 5669 3154 5718 autem
3183 5665 3452 5716 accurate-
