3868 6282
483 403 503 458 1
516 400 616 455 563

1144 396 1415 453 EUSEBII
1454 394 1933 453 CIESARIENSIS
1957 395 2030 451 ΟΞ

2149 393 2326 449 PARS
2365 394 2453 451 lll.
2492 425 2560 434 —
2597 392 3001 449 EXEGETICA.

3522 399 3619 459 i364

478 529 595 568 rem
632 512 1047 576 examinaverit,
1086 512 1252 567 etiam
1289 528 1389 583 pro
1428 510 1665 567 adventu
1718 510 1923 565 Christi
1958 508 2030 564 Jul

2152 524 2237 572 τις
2266 507 2509 580 ἀκριϐῶς
2542 506 2836 571 ἐξετάσειε,
2869 506 2964 559 καὶ
2996 505 3138 577 ὑπὲρ
3165 506 3260 578 τῆς
3291 513 3534 579 παρουσίας
3556 517 3623 569 αὒ-

477 607 627 661 diuos
664 604 719 657 in
775 602 964 673 primis
1004 600 1208 673 gratias
1240 615 1401 671 agere
1427 599 1604 655 decet.
1673 596 1806 651 Nam
1838 597 2050 652 etiamsi

476 697 708 751 adversa
733 693 844 750 sint
872 692 1137 764 perpessi,
1172 699 1229 746 at
1254 707 1362 746 non
1390 693 1459 747 ab
1478 707 1544 748 eo
1565 691 1668 761 ‘qui
1700 691 1755 745 in
1790 689 2052 744 mundum

478 786 665 853 venit;
715 784 811 840 sed
842 785 1039 854 ingrati
1086 783 1254 837 animi
1290 796 1480 852 pinnas
1513 782 1751 837 luerunt.
1798 779 1931 834 Nam
1962 778 2053 835 ille

477 876 697 951 quidem
736 876 805 931 ad
849 876 998 947 ipsos
1032 875 1427 945 peregrinatus,
1463 872 1773 942 frequenter
1798 872 2046 927 dicebat:

478 968 605 1023 Non
623 970 738 1022 veni
766 968 869 1022 nisi
894 966 963 1020 ad
985 983 1100 1020 oves
1129 983 1247 1036 qua:
1272 965 1539 1034 perierunt
1563 965 1750 1017 domus
1778 963 1951 1018 Israel
1978 964 1996 993 ⁷
2033 983 2044 1017 :

475 1061 622 1132 quod
661 1062 707 1117 si
751 1059 857 1115 hoc
889 1060 1155 1115 beneﬁcio
1214 1058 1422 1129 indigni
1453 1068 1583 1113 sunt.
1618 1057 1811 1122 habiti,
1845 1056 1900 1112 id
1933 1057 2049 1112 suis

474 1153 861 1225 iniquitatibus
905 1159 960 1207 et
1015 1151 1229 1221 ingrato
1282 1150 1512 1205 nimium
1558 1150 1740 1205 animo
1795 1165 1894 1205 suo
1946 1149 2049 1203 im-

477 1253 692 1316 putent.

547 1335 712 1393 Vnus.
745 1335 894 1392 5-15.
951 1334 1022 1389 De
1050 1333 1388 1387 tribulatione
1408 1334 1643 1387 invocavi
1677 1332 1978 1397 Dominum,
1999 1343 2047 1387 et

472 1428 742 1483 exaudivit
771 1445 851 1482 me
882 1428 935 1482 in
964 1426 1266 1484 latitudine.
1295 1426 1551 1480 Dominus
1576 1426 1706 1480 mihi
1736 1425 1970 1492 adiutor,
1998 1435 2048 1481 et

471 1538 575 1575 non
611 1521 800 1574 timebo
846 1520 972 1592 quid
1016 1520 1182 1590 faciat
1234 1520 1361 1574 mihi
1398 1520 1575 1575 homo.
1628 1519 1885 1574 Dominus
1919 1520 2049 1574 mihi

471 1612 708 1683 adjutor,
733 1622 782 1666 et
811 1629 903 1682 ego
926 1611 1212 1682 despiciant
1242 1612 1482 1666 inimicos
1509 1628 1672 1666 meos.
1726 1612 1935 1666 Bonum
1966 1622 2046 1666 est

471 1704 733 1775 conﬁdere
787 1707 843 1759 in
888 1705 1137 1767 Domino,
1196 1721 1355 1775 quam
1399 1704 1662 1774 conﬁdere
1717 1706 1771 1759 in
1816 1705 2040 1775 homine.

471 1796 677 1850 Bonum
698 1806 777 1850 est
801 1813 1013 1866 sperare
1040 1797 1095 1850 in
1122 1795 1375 1859 Domino,
1396 1813 1556 1867 quam
1584 1812 1792 1864 sperare
1813 1797 1867 1850 in
1891 1796 2037 1864 prin-

2154 602 2252 673 τῆς
2285 602 2378 656 τοῦ
2399 600 2632 673 Χριστοῦ
2658 601 2889 672 μάλιστα
2915 601 3041 664 τοὺς
3077 600 3344 664 Ἰουδαίους
3367 604 3622 675 εὐχαριστεῖν

2151 692 2249 747 δεῖ.
2285 694 2347 747 Εἰ
2371 692 2477 766 γὰρ
2505 692 2601 746 καὶ
2629 692 2698 746 τὰ
2737 692 2955 746 ἐναντία
2992 691 3303 762 ὑπέμειναν,
3333 693 3430 745 ἀλλ’
3455 697 3503 748 οὐ
3521 702 3624 770 παρὰ

2147 783 2242 838 τὸν
2287 785 2749 858 παραγενόμενον,
2793 783 2929 838 ἀλλὰ
2959 783 3112 854 παρὰ
3149 783 3246 854 τὴν
3287 786 3463 838 οἰκείαν
3501 790 3625 856 ἀγνω-

2152 876 2408 948 μοσύνην.
2463 878 2635 941 Αὐτὸς
2692 878 2789 948 μὲν
2839 877 2947 946 γὰρ
2991 876 3127 947 πρὸς
3174 876 3358 940 αὐτοὺς
3392 879 3626 947 ἀφικνεῖτο,

2149 970 2244 1022 καὶ
2270 967 2508 1037 συνεχῶς
2553 968 2737 1036 ἔλεγεν
2755 986 2769 998 ⁸
2798 972 2919 1022 Οὐκ
2955 964 3145 1040 ἦλθον
3183 968 3315 1022 ἀλλ’
3340 971 3415 1035 είς
3444 971 3503 1024 τὰ
3528 977 3628 1040 πρό-

2149 1064 2296 1115 ϐατα
2327 1062 2398 1116 τὰ
2436 1063 2793 1116 ἀπολωλότα
2824 1062 2991 1117 οἴκου
3035 1061 3301 1131 Ἰσραήλ·
3335 1065 3377 1115 εἰ
3412 1064 3459 1116 δὲ
3482 1066 3631 1130 ἀνάξιοι

2146 1153 2246 1224 τῆς
2273 1152 2591 1223 εὐεργεσίας
2617 1154 2915 1224 ἐφάνησαν,
2938 1156 3057 1216 ταῖς
3082 1153 3287 1207 ἑαυτῶν
3315 1152 3632 1222 λογιζέσθωσαν

2149 1244 2515 1315 παρανομίαις
2542 1245 2637 1298 καὶ⁸
2667 1248 2733 1316 τῇ
2764 1246 2863 1315 τῆς
2894 1245 3285 1317 ἀγνωμοσύνης
3314 1246 3560 1319 ὑπερϐολῇ.

2230 1337 2322 1388 Ἐκ
2365 1336 2626 1403 θλίψεως
2669 1336 3132 1406 ἐπεκαλεσάμην
3165 1338 3273 1391 τὸν
3314 1340 3537 1407 Κύριον,
3568 1339 3638 1394 καὶ

2144 1426 2453 1492 ἐπήκουσέ
2488 1446 2606 1497 μου
2640 1432 2728 1496 είς
2752 1432 3130 1499 πλατυσμόν.
3157 1433 3367 1499 Κύριος
3395 1432 3506 1502 ἐμοὶ
3527 1434 3640 1502 ,ϐιη-

2146 1517 2267 1583 θὸς,
2303 1518 2399 1572 καὶ
2426 1521 2496 1572 οὐ
2522 1519 2933 1590 φοϐηθήσομαι
2978 1522 3036 1574 τί
3071 1522 3307 1589 ποιήσει
3350 1541 3435 1589 μοι
3472 1524 3639 1592 ἇνθρω·

2146 1625 2275 1677 πος,
2308 1612 2525 1679 Κύριος
2573 1611 2704 1680 ἐμοὶ
2728 1612 2983 1681 βοηθὸς,
3028 1613 3188 1683 κάγὼ
3241 1615 3513 1684 ἐπόψομαι
3542 1618 3643 1685 τοὺς

2143 1702 2394 1770 ἐχθρούς
2431 1720 2573 1773 μου.
2637 1704 2887 1774 Ἀγαθὸν
2930 1705 3274 1759 πεποιθέναι
3315 1708 3409 1761 ἐπὶ
3447 1710 3642 1776 Κύριον,

2143 1792 2182 1861 ἢ
2232 1794 2575 1848 πεποιθέναι
2620 1794 2712 1848 ἐπ’
2763 1794 3077 1865 ἄνθρωπον
3095 1814 3109 1827 ο
3162 1797 3388 1867 ἀγαθὸν
3443 1799 3647 1861 ἐλπίζειν

469 1887 691 1957 cipibus.
729 1862 920 1944 Omnes
943 1898 1117 1959 gentes
1152 1862 1469 1942 circuierunt
1495 1862 1671 1954 me,_et
1695 1862 1901 1942 nomine
1927 1886 2030 1941 Do-

2139 1886 2237 1939 ἐπὶ
2268 1888 2512 1954 Κύριον,
2552 1886 2592 1954 ἢ
2624 1862 2885 1948 ἐλπίζειν
2924 1889 3018 1942 ἐπ’
3054 1862 3331 1959 ἄρχουσι.
3388 1890 3560 1943 Πάντα
3596 1893 3647 1946 τὰ

468 1983 599 2035 mini
642 1982 786 2036 ultus
830 1997 945 2035 sum
979 1996 1087 2035 eos.
1140 1979 1542 2035 Circumdantes
1588 1980 2040 2034 circumdederunt

466 2090 568 2137 me,
593 2084 642 2129 et
681 2074 890 2129 nomine
937 2071 1145 2128 Domini
1171 2071 1317 2128 ultus
1361 2089 1481 2127 sum
1508 2088 1616 2127 eos.
1671 2070 2041 2126 Circumdede-

465 2176 589 2222 runt
618 2184 698 2222 me
727 2167 865 2222 sicut
896 2182 1017 2236 apes
1058 2166 1258 2235 favum,
1302 2174 1351 2219 et
1397 2174 1707 2221 exarserunt
1737 2166 1869 2218 sicut
1901 2165 2037 2234 ignis

462 2261 518 2313 in
548 2260 734 2325 spinis,
769 2268 819 2313 et
849 2259 1056 2313 nomine
1089 2257 1306 2313 Domini
1332 2262 1475 2312 ultus
1495 2274 1611 2312 sum
1632 2274 1739 2314 eos.
1770 2256 2036 2327 Impulsus

461 2367 668 2407 eversus
698 2366 816 2405 sum
842 2359 900 2403 ut
926 2349 1189 2415 caderem,
1238 2359 1288 2405 et
1346 2350 1602 2404 Dominus
1652 2350 1877 2417 suscepit
1935 2364 2033 2403 me.

462 2441 754 2497 Fortitudo
804 2459 920 2496 mea
966 2452 1015 2496 et
1047 2442 1164 2497 laus
1192 2459 1308 2498 mea
1344 2441 1620 2505 Dominus,
1665 2452 1714 2495 et
1749 2442 1919 2505 {actus
1957 2449 2037 2496 est

460 2537 591 2591 inihi
607 2537 660 2589 in
689 2534 935 2591 salutem.
960 2535 1073 2589 νοτ
1094 2535 1467 2590 exsultationis
1489 2543 1537 2588 et
1563 2534 1753 2589 salutis
1778 2535 1831 2588 in
1857 2533 2034 2589 taber-

460 2628 666 2683 naculis
696 2626 982 2696 iustorum.
1010 2626 1139 2681 Mihi
1172 2641 1305 2685 sane
1327 2626 1532 2697 profuit
1563 2626 1708 2698 quod
1743 2626 2034 2696 impiorum

459 2721 622 2774 tinem
659 2720 793 2790 ipsis
818 2721 994 2776 oculis
1030 2720 1386 2791 perciperent.
1418 2718 1554 2774 Novi
1584 2720 1729 2773 enim
1757 2735 1852 2775 eos
1873 2734 2034 2774 exar-

459 2813 602 2868 sisse
625 2813 761 2866 sicut
788 2814 922 2883 ignis
955 2815 1012 2868 in
1055 2814 1241 2882 spinis,
1282 2820 1376 2867 aut
1405 2812 1706 2868 exstinctos
1744 2827 1867 2869 esse
1898 2812 2035 2866 sicut

458 2904 596 2973 ignis
623 2905 678 2959 in
706 2906 906 2975 spinis;
946 2906 1019 2959 ita
1051 2916 1111 2959 ut
1138 2920 1247 2960 non
1268 2905 1501 2961 ulterius
1534 2905 1839 2975 perturber,
1874 2905 1918 2960 si
1949 2905 2032 2959 vi-

458 2998 617 3051 deam
658 2996 855 3068 impios
914 3013 1036 3054 sese
1080 2997 1354 3069 erigentes
1411 3004 1466 3054 et
1513 2997 1570 3051 in
1626 2998 1884 3067 pupulum
1938 2997 2031 3053 Dei

459 3089 827 3162 insurgentes.
858 3088 1069 3145 Etiidici
1112 3090 1315 3162 quippe
1339 3091 1564 3162 quinam
1598 3090 1746 3161 ipsos
1779 3090 1901 3146 ﬁnis
1936 3105 2032 3145 ex-

458 3185 686 3246 spectet.

530 3436 693 3494 Vsns.
711 3438 887 3495 iii-l8.
905 3440 1134 3496 Dextera
1153 3441 1363 3497 Domini
1387 3444 1511 3513 fecit
1532 3445 1794 3509 virtutem,
1812 3444 2029 3501 dextera

455 3530 670 3585 Domini
706 3536 961 3589 exultavit
992 3552 1093 3600 me,
1125 3535 1344 3592 dextera
1366 3537 1582 3592 Domini
1608 3539 1731 3609 fecit
1760 3541 2023 3595 uirtutem.

455 3620 582 3677 Non
628 3626 846 3693 moriar,
879 3626 971 3681 sed
1010 3628 1201 3695 uiuam,
1249 3638 1299 3684 et
1334 3630 1564 3684 narrabo
1598 3647 1757 3702 opera
1789 3631 2021 3689 Domini.

454 3709 736 3785 Castigans
763 3719 1039 3788 castigavit
1067 3736 1149 3776 me
1179 3718 1459 3786 Dominus,
1508 3731 1558 3776 et
1581 3724 1743 3777 morti
1771 3740 1873 3778 non
1915 3735 2027 3778 tra-

452 3805 590 3861 didit
630 3823 729 3862 me.
757 3807 912 3875 Quod
936 3812 1345 3882 persecutiones
1380 3830 1489 3870 non
1523 3815 1745 3872 inutiles
1769 3816 1900 3880 sint,
1930 3817 2025 3873 sed

451 3897 520 3950 ad
578 3899 872 3955 utilitatem
922 3909 977 3957 et
1017 3905 1393 3973 probationem
1439 3916 1759 3963 vexatorum
1808 3910 2022 3974 cedant,

451 3987 611 4044 docet
648 3990 734 4047 his
767 3994 948 4049 verbis
978 3993 1297 4068 :Castigans
1328 3999 1606 4068 castigavit
1635 4016 1715 4054 me
1742 3999 2022 4058 Dominus.

449 4078 589 4136 Novi
623 4081 770 4137 enim
808 4083 1180 4143 inﬁrmitatem
1211 4103 1411 4155 meam,
1436 4100 1491 4145 et
1516 4105 1549 4145 a
1577 4089 1688 4147 Deo
1720 4093 1853 4147 mihi
1886 4110 2025 4165 prae-

449 4172 636 4229 stitam
673 4173 927 4231 virtutem
962 4192 1073 4233 non
1102 4179 1367 4250 ignoravi.
1430 4179 1641 4236 Edidici
1673 4199 1805 4238 vero
1833 4187 2021 4257 cujus-

448 4264 598 4320 niodi
646 4265 717 4322 sit
769 4265 990 4323 dextera
1044 4270 1135 4324 illa
1191 4269 1429 4337 Domini,
1475 4290 1595 4344 qua:
1642 4275 1894 4335 inimicos
1929 4279 2026 4336 de-

447 4358 669 4427 pressit.

519 4471 688 4529 Vsns.
739 4474 1179 4552 19-2l.1Aperite
1239 4477 1369 4531 mihi
1430 4490 1610 4548 portas
1648 4482 1897 4552 justitim,
1939 4488 2023 4540 iu-

2139 1977 2283 2046 ἐθνη
2333 1976 2689 2032 ἐκύκλωσαν
2738 1998 2813 2050 με
2836 2024 2850 2049 ,
2904 1982 3004 2035 καὶ
3056 1981 3137 2047 τῷ
3193 1983 3429 2052 ὀνόματι
3479 1985 3648 2051 Kvpicv

2137 2069 2459 2138 ἠμυνάμην
2488 2072 2730 2137 αὐτούς.
2762 2073 3201 2140 Κυκλώσαντες
3240 2075 3563 2129 ἐκύκλωσαν
3575 2092 3646 2144 με,

2137 2159 2341 2227 καὶτῷ
2372 2163 2617 2233 ὀνόματι
2644 2165 3227 2236 Κυρίουᾼήμυνάμην
3263 2168 3490 2232 αὐτούς.
3529 2169 3651 2220 Ἐπύ-

2137 2251 2381 2306 κλωσάν
2402 2230 2485 2323 με
2507 2255 2649 2309 ὡσεὶ
2678 2230 2971 2325 μέλισσαι
2997 2230 3230 2326 κηρίον,
3264 2260 3362 2313 καὶ
3391 2230 3651 2324 ἐξεκαύθηε

2136 2356 2258 2396 σαν
2276 2344 2415 2398 ὡσεὶ
2438 2346 2557 2415 πῦρ
2578 2346 2648 2399 ἐν
2670 2345 2979 2415 ἀκάνθαις,
3002 2349 3099 2402 καὶ
3120 2349 3199 2415 τῷ
3228 2351 3464 2420 ὀνόματι
3482 2351 3653 2417 Ktpt'ov

2135 2437 2455 2508 ἠμυνάμην
2474 2444 2712 2510 αὐτούς.
2742 2445 2971 2511 Ὠσθεὶς
2990 2446 3336 2515 ἀνετρὰπην
3355 2445 3455 2500 τοῦ
3471 2443 3651 2511 πεσεῖν,

2135 2527 2234 2581 καὶ
2271 2532 2305 2583 ό
2352 2532 2568 2599 Κύριος
2614 2533 2975 2589 ἀντελάϐετό
3024 2554 3165 2605 μου.
3218 2537 3412 2606 Ἱσχύς
3450 2554 3554 2605 μου
3582 2536 3652 2588 καί

2133 2619 2396 2688 ὕμνησίς
2417 2641 2537 2690 μου
2568 2626 2602 2678 ὀ
2628 2626 2860 2692 Κύριος,
2887 2627 2983 2680 καὶ
3012 2628 3255 2697 ἐγένετό
3277 2646 3380 2698 μοι
3405 2630 3486 2694 εὶς
3506 2642 3654 2693 σωτη-

2125 2712 2288 2779 ρίαν.
2324 2716 2495 2783 Φωνὴ
2525 2716 2943 2787 ἀγαλλιάσεως
2985 2720 3084 2773 καὶ
3127 2721 3429 2790 σωτηρίας
3456 2721 3517 2774 ὲν
3544 2737 3656 2784 σκη-

2132 2800 2267 2868 ναῖς
2297 2801 2564 2860 δικαίων.
2620 2807 2920 2880 Ὠφελήθην
2952 2809 3009 2862 δὲ
3060 2810 3156 2864 καὶ
3190 2811 3483 2882 ὀφθαλμοῖς
3518 2827 3653 2881 παρα-

2132 2893 2312 2949 λαϐὼν
2340 2896 2407 2952 τὰ
2434 2897 2561 2972 τέλη
2594 2899 2701 2955 τῶν
2734 2900 2964 2957 ἀσεϐῶν.
2993 2903 3205 2973 "Eme
3228 2904 3358 2978 γὰρ,
3379 2906 3456 2959 ὅτι
3480 2903 3652 2968 ἐξεχαῶ

2133 2987 2305 3060 θησαν
2338 2991 2419 3057 ὠς
2452 2992 2572 3061 πῦρ
2621 2994 2691 3047 ἐν
2721 2994 3009 3063 ἀκάνθαις
3033 3039 3047 3063 ,
3099 2997 3134 3069 ἢ
3170 2996 3563 3067 ἐπεσϐἐσθησαν
3599 2996 3655 3059 ὡς

2131 3081 2250 3149 πῦρ
2283 3081 2353 3135 ἐν
2381 3083 2662 3139 ἀκανθῶν
2694 3084 2813 3156 (sic)
2843 3085 2918 3150 ὡς
2957 3087 3153 3159 μηκέτι
3190 3106 3259 3159 με
3305 3085 3654 3160 ταράττεσθαι,

2055 3202 2098 3260 C
2132 3169 2187 3223 εῐ
2211 3189 2340 3226 ποτε
2373 3174 2513 3246 ὁρῶν
2539 3175 2757 3240 ἀσεϐεῖς
2786 3179 3199 3249 ἐπαιρομένους,
3219 3181 3316 3233 καὶ
3343 3179 3420 3251 τῷ
3436 3179 3537 3249 λαῷ
3557 3176 3655 3229 θεοῦ

2131 3261 2611 3333 ἐπανισταμένους.
2625 3264 2896 3318 Πεπαίδευ
2904 3283 3001 3336 μαι
3017 3266 3125 3339 γὰρ
3139 3269 3327 3320 ὁποῖον
3346 3268 3529 3330 αὐτοὺς
3548 3265 3658 3328 τέλος

2131 3353 2433 3423 περιμένει.

2197 3464 2372 3530 Δεξιὰ
2411 3468 2633 3536 Κυρίου
2658 3468 2907 3537 ἐποίησε
2939 3468 3197 3540 δύναμιν
3218 3511 3235 3535 ,
3292 3472 3459 3537 δεξιὰ
3484 3471 3662 3541 Κυρίου

2126 3556 2339 3626 ὕψωσέ
2375 3576 2452 3628 με
2470 3599 2485 3624 ,
2526 3560 2695 3625 δεξιὰ
2726 3563 2949 3630 Κυρίου
2977 3562 3228 3632 ἐποίησε
3270 3564 3537 3636 δύναμιν.
3570 3567 3657 3618 οὐκ

2127 3650 2566 3721 ἀποθανοῦμαι,
2612 3653 2774 3707 ἀλλὰ
2803 3651 3073 3725 ζήσομαι,
3103 3655 3204 3710 καὶ
3246 3657 3590 3727 διηγήσομαι
3612 3657 3662 3708 τὰ

2126 3741 2269 3812 ἔργα
2293 3745 2532 3812 Κυρίου.
2578 3745 2884 3801 Παιδεύων
2919 3748 3246 3804 ἐπαίδευσέ
3291 3768 3367 3817 με
3407 3753 3441 3805 ὁ
3470 3751 3658 3817 Κύριος,

2124 3833 2206 3902 τῷ
2237 3833 2307 3888 δὲ
2336 3834 2569 3901 θανάτῳ
2599 3839 2672 3891 οὐ
2702 3837 3008 3906 παρέδωκέ
3031 3857 3129 3909 με.
3162 3841 3290 3895 Ὅτι
3325 3843 3402 3913 μὴ
3433 3842 3509 3905 εἰς
3530 3841 3659 3910 ἄχρη-

2127 3941 2251 3979 στον
2284 3927 2333 3980 οἱ
2366 3926 2617 3999 διωγμοὶ,
2668 3924 2784 3982 ἀλλ’
2818 3931 2908 3984 ἐπ’
2962 3931 3202 4004 ὠφελείᾳ
3230 3934 3329 3987 καὶ
3376 3933 3560 4003 δοκιμῇ
3582 3928 3658 3982 τῶν

2125 4019 2577 4089 πεπειρασμένων
2599 4020 2876 4089 γεγόνασι,
2899 4021 3138 4076 διδάσκει
3166 4023 3347 4093 λέγων
3368 4041 3382 4054 ’
3406 4023 3661 4079 Παιὸεύων

2121 4108 2444 4163 ἐπαίδευσέ
2466 4127 2545 4180 με
2589 4113 2622 4165 ό
2658 4114 2896 4182 Κύριος.
2940 4114 3157 4182 Ἔγνων
3188 4114 3302 4188 γὰρ
3334 4116 3434 4186 τὴν
3466 4109 3656 4185 ἐμαυτοῦ

2121 4198 2426 4265 ἀσθένειαν,
2442 4201 2536 4255 καὶ
2550 4200 2646 4274 τὴν
2662 4204 2726 4256 ὲκ
2742 4203 2876 4257 Θεοῦ
2898 4221 2986 4275 μοι
3007 4206 3291 4277 παρασχεῦ
3299 4210 3452 4263 εἷσαν
3473 4207 3657 4275 δύναμιν

2122 4290 2223 4343 οὐκ
2264 4291 2526 4364 ἠγνόησα.
2566 4294 2921 4368 Ἐπαιδεύθην
2953 4296 3009 4348 δὲ
3047 4298 3211 4351 ὁποία
3241 4317 3330 4363 τις
3374 4296 3442 4371 ἦν
3494 4298 3660 4370 ἠδεξά

2121 4381 2216 4437 τοῦ
2246 4384 2472 4455 Κυρίου,
2505 4387 2539 4457 ἡ
2568 4387 2694 4450 τοὺς
2721 4388 3012 4459 πολεμίους
3039 4391 3453 4447 ταπεινώσασα.

2206 4497 2499 4561 Ἆνοίξατέ
2543 4517 2647 4568 μοι
2698 4500 2898 4567 πύλας
2940 4501 3341 4573 δικαιοσύνης
3363 4545 3380 4570 ,
3415 4502 3660 4560 claudat?

444 4579 654 4632 gressus
684 4567 841 4621 ineas
858 4548 1147 4637 conﬁtebar
1168 4566 1393 4624 Domino
1411 4586 1430 4623 :
1469 4571 1581 4624 luce
1607 4548 1761 4640 porta
1781 4548 2016 4644 Domini,

2133 4591 2191 4644 ὲν
2241 4590 2451 4658 αὐταῖς
2498 4548 3017 4664 ἐὲιψολογήοῖομαι
3067 4594 3151 4661 τῷ
3185 4548 3422 4665 Kvgiq’)‘
3467 4594 3659 4663 αὕτηή

433 4652 576 4720 justi
615 4654 886 4710 intrabunt
936 4658 992 4710 in
1037 4675 1174 4712 eam.
1253 4657 1552 4731 Conﬁtebor
1609 4664 1724 4731 tibi,
1770 4668 2018 4737 quoniam

441 4746 710 4801 exaudisti
738 4764 840 4813 me,
868 4759 919 4803 et
947 4750 1120 4818 [actus
1158 4768 1211 4806 es
1241 4753 1371 4806 mihi
1408 4754 1464 4808 in
1484 4755 1729 4810 salutem.
1755 4757 2019 4816 Generale

443 4838 609 4910 igitur
624 4841 869 4895 omnium
906 4842 1168 4898 virtutum
1207 4861 1406 4901 nomen
1442 4848 1671 4918 justitia:
1689 4851 2006 4917 ascribitur,

443 4948 582 5001 quas
639 4933 694 4987 in
738 4935 921 5004 specie
959 4936 1212 4993 dividens
1261 4939 1533 5009 quispiam
1583 4943 1709 5012 jure
1769 4945 2010 5001 dixerit:

442 5026 656 5094 Aperite
682 5027 810 5080 mihi
844 5037 1026 5095 portas
1047 5028 1295 5097 justitiaz,
1322 5040 1508 5102 portas
1532 5034 1660 5090 item
1690 5036 2009 5106 prudentiaz,

441 5124 497 5172 et
546 5117 883 5187 reliquarum
931 5119 1234 5177 secundum
1284 5121 1452 5178 Deum
1508 5127 1805 5181 actionum.
1860 5127 2014 5184 Post-

441 5225 604 5278 quam
643 5219 822 5266 autem
870 5219 1058 5282 portas
1112 5229 1303 5270 omnes
1355 5226 1775 5290 praetergressus
1819 5220 2010 5290 fuerit;

441 5303 660 5356 demum
691 5302 748 5357 in
787 5302 979 5358 intima
1033 5312 1374 5374 sanctorum,
1400 5316 1460 5362 ut
1480 5310 1751 5381 quispiam
1790 5313 2011 5382 dixerit,

439 5395 784 5462 perveniens,
821 5410 933 5450 non
973 5397 1196 5460 multas,
1249 5398 1345 5454 sed
1374 5413 1537 5454 unam
1562 5402 1764 5458 videbit
1800 5414 2013 5474 portam

438 5482 616 5549 ipsius
638 5483 874 5549 Domini,
909 5501 1007 5556 per
1038 5502 1203 5558 quam
1239 5503 1430 5545 omnes
1453 5490 1588 5560 justi
1618 5492 2011 5564 ingredientur.

440 5571 649 5627 Dixerit
678 5592 842 5645 porro
864 5579 1161 5649 quispiam,
1194 5579 1336 5636 hanc
1361 5582 1607 5638 ultimam
1638 5600 1764 5642 esse
1789 5594 1845 5643 et
1890 5602 2013 5659 pos-

440 5673 671 5719 tremam
712 5675 950 5738 portam,
990 5674 1133 5728 ultra
1168 5691 1330 5746 quam
1377 5679 1632 5750 progredi
1686 5699 1796 5739 non
1831 5684 2008 5742 liceat.

510 5816 530 5840 '
572 5814 761 5871 Matth.
798 5833 888 5885 xv,
922 5822 1011 5876 24.

2122 4684 2285 4750 πύλη
2312 4683 2418 4738 τοῦ
2441 4685 2681 4753 Κυρίου,
2703 4685 2918 4740 δίκαιοι
2943 4687 3403 4742 εἰσελεύσονται
3429 4690 3497 4743 ἐν
3518 4683 3656 4751 αὐτῇ.

2136 4773 2683 4845 Ἐξομολογ-ήσομαί
2730 4792 2851 4841 σοι⁹
2892 4775 2982 4829 ὅτι
3019 4776 3379 4847 ἐπήκουσάς
3417 4798 3558 4850 μου,
3585 4774 3655 4829 καί

2120 4863 2330 4934 ἐγένου
2344 4882 2447 4933 μοι
2479 4869 2566 4932 είς
2589 4868 2911 4936 σωτηρίαν.
2938 4868 3010 4921 Τὸ
3037 4869 3134 4938 μὲν
3163 4866 3259 4924 οὖν
3284 4871 3501 4939 γενικὺν
3524 4869 3654 4950 bimus

2122 4956 2310 5010 πασῶν
2357 4957 2478 5016 ,τῶν
2531 4958 2742 5030 ἀρετῶν
2793 4962 2859 5031 τῇ
2912 4960 3224 5034 δικαιοσύνῃ
3290 4964 3649 5035 προγράφεται·

2121 5050 2242 5102 κατ’
2275 5045 2413 5114 εἶδος
2449 5050 2506 5104 δὲ
2530 5051 2715 5107 λοιπὸν
2741 5052 2965 5125 διαιρῶν
2994 5073 3098 5119 τις,
3132 5057 3277 5109 εἴποι
3314 5055 3577 5124 ἀναλόγως
3593 5049 3649 5105 τὶς

2133 5141 2427 5209 Ἀνοίξατέ
2449 5162 2552 5213 μοι
2576 5146 2773 5212 πύλας
2798 5145 3209 5217 δικαιοσύνης,
3237 5152 3340 5203 καὶ
3367 5150 3533 5212 πύλας
3556 5161 3653 5216 φρῦ-

2119 5231 2326 5301 νήσεως
2345 5271 2360 5295 ,
2393 5234 2488 5286 καὶ
2519 5234 2628 5290 τῶν
2674 5235 2877 5290 λοιπῶν
2913 5237 3022 5292 τῶν
3050 5239 3191 5293 κατά
3235 5240 3375 5293 Θεὸν
3420 5239 3647 5313 πράξεωνέ

2131 5322 2378 5379 Ἐπειδὰν
2420 5324 2509 5379 διὰ
2565 5327 2752 5381 πασῶν
2806 5329 3050 5402 παρέλθῃ
3101 5330 3209 5387 τῶν
3255 5332 3474 5393 πυλῶν,
3504 5327 3651 5382 λοιπὸν

2115 5413 2207 5467 ἐπὶ
2237 5414 2298 5469 τὸ
2326 5417 2474 5481 τέλος
2519 5418 2649 5482 τῶν,
2681 5420 2757 5485 ὡς
2799 5420 2864 5476 ἂν
2896 5422 3039 5477 εἴποι
3083 5442 3185 5489 τις,
3218 5426 3485 5478 ἐνδοτάτω
3513 5418 3649 5487 ἁγίων

2116 5505 2308 5572 ἐλθὼν,
2341 5507 2523 5563 οὐκέτι
2558 5510 2778 5577 πολλὰς,
2813 5512 2961 5567 ana:
2985 5516 3116 5586 μίαν
3145 5516 3335 5586 ὄψεται
3384 5515 3544 5583 πύλην
3573 5510 3649 5578 τὴν

2115 5597 2281 5651 αὐτοῦ
2318 5599 2412 5654 τοῦ
2452 5602 2655 5676 Κυρίου
2682 5642 2696 5666 ,
2731 5603 2798 5656 δι’
2840 5600 2910 5676 ἦς
2965 5605 3165 5671 nives;
3211 5606 3583 5659 εἰσελεύσονται
3607 5598 3645 5651 οἶ

2116 5689 2332 5745 δίκαιοι.
2378 5693 2536 5749 Εἴποι
2585 5696 2629 5749 δ’
2663 5695 2729 5751 ἄν
2788 5713 2870 5761 τις
2913 5695 3117 5769 ταύτην
3165 5697 3260 5770 τὴν
3309 5699 3532 5766 ὐστᾶτην
3574 5693 3646 5745 καὶ
