  <div class='ocr_page' id='page_1' title='image "/cluster/home/n/w/nwhite01/storage/ocr_20150623/23/mdp.39015078384396/710.png"; bbox 0 0 3868 6282; ppageno 0'>
   <div class='ocr_carea' id='block_1_1' title="bbox 189 365 323 424">
    <p class='ocr_par' dir='ltr' id='par_1_1' title="bbox 189 365 323 424">
     <span class='ocr_line' id='line_1_1' title="bbox 189 365 323 424; baseline -0.037 0"><span class='ocrx_word' id='word_1_1' title='bbox 189 365 323 424; x_wconf 76' lang='lat' dir='ltr'><strong><em>i563</em></strong></span> 
     </span>
    </p>
   </div>
   <div class='ocr_carea' id='block_1_2' title="bbox 1279 349 2258 410">
    <p class='ocr_par' dir='ltr' id='par_1_2' title="bbox 1279 349 2258 410">
     <span class='ocr_line' id='line_1_2' title="bbox 1279 349 2258 410; baseline -0.003 -1"><span class='ocrx_word' id='word_1_2' title='bbox 1279 352 1780 410; x_wconf 78' lang='lat' dir='ltr'><strong><em>COMMENTARIA</em></strong></span> <span class='ocrx_word' id='word_1_3' title='bbox 1814 351 1882 407; x_wconf 83' lang='lat' dir='ltr'><strong><em>IN</em></strong></span> <span class='ocrx_word' id='word_1_4' title='bbox 1922 349 2258 408; x_wconf 81' lang='lat' dir='ltr'><strong><em>PSALMOS.</em></strong></span> 
     </span>
    </p>
   </div>
   <div class='ocr_carea' id='block_1_3' title="bbox 3288 343 3426 400">
    <p class='ocr_par' dir='ltr' id='par_1_3' title="bbox 3288 343 3426 400">
     <span class='ocr_line' id='line_1_3' title="bbox 3288 343 3426 400; baseline 0.007 -1"><span class='ocrx_word' id='word_1_5' title='bbox 3288 343 3426 400; x_wconf 70' lang='lat'>1366</span> 
     </span>
    </p>
   </div>
   <div class='ocr_carea' id='block_1_4' title="bbox 188 465 1779 550">
    <p class='ocr_par' dir='ltr' id='par_1_4' title="bbox 188 469 1754 550">
     <span class='ocr_line' id='line_1_4' title="bbox 188 469 1754 550; baseline -0.008 -10"><span class='ocrx_word' id='word_1_6' title='bbox 188 481 516 542; x_wconf 79' lang='grc' dir='ltr'><strong><em>τελευταίαν,</em></strong></span> <span class='ocrx_word' id='word_1_7' title='bbox 549 473 617 550; x_wconf 79' lang='grc' dir='ltr'><strong><em>ἧς</em></strong></span> <span class='ocrx_word' id='word_1_8' title='bbox 663 475 918 530; x_wconf 71' lang='grc' dir='ltr'>ἐπέκεινα</span> <span class='ocrx_word' id='word_1_9' title='bbox 949 473 1130 528; x_wconf 76' lang='grc' dir='ltr'>οὐκέτι</span> <span class='ocrx_word' id='word_1_10' title='bbox 1157 469 1267 529; x_wconf 76' lang='grc' dir='ltr'><strong><em>οἷόν</em></strong></span> <span class='ocrx_word' id='word_1_11' title='bbox 1309 492 1369 527; x_wconf 88' lang='grc' dir='ltr'><strong><em>τε</em></strong></span> <span class='ocrx_word' id='word_1_12' title='bbox 1409 471 1547 530; x_wconf 74' lang='grc' dir='ltr'>εἶναι</span> <span class='ocrx_word' id='word_1_13' title='bbox 1586 491 1754 546; x_wconf 87' lang='grc' dir='ltr'>προσ-</span> 
     </span>
    </p>
   </div>
   <div class='ocr_carea' id='block_1_5' title="bbox 1888 465 3430 550">
    <p class='ocr_par' dir='ltr' id='par_1_5' title="bbox 1888 465 3430 541">
     <span class='ocr_line' id='line_1_5' title="bbox 1888 465 3430 541; baseline -0.003 -15"><span class='ocrx_word' id='word_1_14' title='bbox 1888 477 2138 529; x_wconf 72' lang='lat' dir='ltr'><strong><em>’ostrema</em></strong></span> <span class='ocrx_word' id='word_1_15' title='bbox 2176 480 2356 526; x_wconf 85' lang='lat' dir='ltr'><strong><em>autem</em></strong></span> <span class='ocrx_word' id='word_1_16' title='bbox 2396 470 2613 527; x_wconf 87' lang='lat' dir='ltr'><strong><em>Domini</em></strong></span> <span class='ocrx_word' id='word_1_17' title='bbox 2649 476 2807 541; x_wconf 90' lang='lat' dir='ltr'><strong><em>porta</em></strong></span> <span class='ocrx_word' id='word_1_18' title='bbox 2842 468 3005 526; x_wconf 82' lang='lat' dir='ltr'><strong><em>fuerit</em></strong></span> <span class='ocrx_word' id='word_1_19' title='bbox 3042 465 3430 536; x_wconf 68' lang='lat' dir='ltr'><strong><em>contemplatio</em></strong></span> 
     </span>
    </p>
   </div>
   <div class='ocr_carea' id='block_1_6' title="bbox 189 563 1750 637">
    <p class='ocr_par' dir='ltr' id='par_1_6' title="bbox 189 563 1750 637">
     <span class='ocr_line' id='line_1_6' title="bbox 189 563 1750 637; baseline -0.014 -6"><span class='ocrx_word' id='word_1_20' title='bbox 189 574 378 631; x_wconf 77' lang='grc' dir='ltr'>ελθεῖν.</span> <span class='ocrx_word' id='word_1_21' title='bbox 413 568 647 637; x_wconf 76' lang='grc' dir='ltr'><strong><em>’Υστάτη</em></strong></span> <span class='ocrx_word' id='word_1_22' title='bbox 680 567 739 621; x_wconf 82' lang='grc' dir='ltr'><strong><em>δὲ</em></strong></span> <span class='ocrx_word' id='word_1_23' title='bbox 790 565 932 637; x_wconf 82' lang='grc' dir='ltr'><strong><em>πύλη</em></strong></span> <span class='ocrx_word' id='word_1_24' title='bbox 974 563 1067 618; x_wconf 82' lang='grc' dir='ltr'><strong><em>τοῦ</em></strong></span> <span class='ocrx_word' id='word_1_25' title='bbox 1118 563 1389 636; x_wconf 80' lang='grc' dir='ltr'>Κυρίουή</span> <span class='ocrx_word' id='word_1_26' title='bbox 1441 564 1642 636; x_wconf 79' lang='grc' dir='ltr'>θεωρία</span> <span class='ocrx_word' id='word_1_27' title='bbox 1686 565 1750 618; x_wconf 68' lang='grc' dir='ltr'>ἂν</span> 
     </span>
    </p>
   </div>
   <div class='ocr_carea' id='block_1_7' title="bbox 189 655 1751 738">
    <p class='ocr_par' dir='ltr' id='par_1_7' title="bbox 189 655 1751 738">
     <span class='ocr_line' id='line_1_7' title="bbox 189 655 1751 738; baseline -0.009 -17"><span class='ocrx_word' id='word_1_28' title='bbox 189 668 269 738; x_wconf 75' lang='grc' dir='ltr'><strong><em>εἰή</em></strong></span> <span class='ocrx_word' id='word_1_29' title='bbox 292 660 478 724; x_wconf 75' lang='grc' dir='ltr'>αὐτοῦ,</span> <span class='ocrx_word' id='word_1_30' title='bbox 499 661 640 713; x_wconf 78' lang='grc' dir='ltr'>κατὰ</span> <span class='ocrx_word' id='word_1_31' title='bbox 668 659 748 722; x_wconf 79' lang='grc' dir='ltr'><strong><em>τὸ,</em></strong></span> <span class='ocrx_word' id='word_1_32' title='bbox 768 658 1057 726; x_wconf 77' lang='grc' dir='ltr'><strong><em>Μακάριοι</em></strong></span> <span class='ocrx_word' id='word_1_33' title='bbox 1080 659 1131 710; x_wconf 91' lang='grc' dir='ltr'><em>οί</em></span> <span class='ocrx_word' id='word_1_34' title='bbox 1155 657 1396 710; x_wconf 76' lang='grc' dir='ltr'><em>καθαροὶ</em></span> <span class='ocrx_word' id='word_1_35' title='bbox 1421 655 1497 724; x_wconf 77' lang='grc' dir='ltr'>τῇ</span> <span class='ocrx_word' id='word_1_36' title='bbox 1519 656 1751 726; x_wconf 74' lang='grc' dir='ltr'><em>καρδίᾳ,</em></span> 
     </span>
    </p>
   </div>
   <div class='ocr_carea' id='block_1_8' title="bbox 189 750 1098 819">
    <p class='ocr_par' dir='ltr' id='par_1_8' title="bbox 189 750 1098 819">
     <span class='ocr_line' id='line_1_8' title="bbox 189 750 1098 819; baseline -0.013 -6"><span class='ocrx_word' id='word_1_37' title='bbox 189 761 274 813; x_wconf 81' lang='grc' dir='ltr'><strong><em>ὅτι</em></strong></span> <span class='ocrx_word' id='word_1_38' title='bbox 309 753 476 810; x_wconf 80' lang='grc' dir='ltr'><em>αὐτοὶ</em></span> <span class='ocrx_word' id='word_1_39' title='bbox 511 752 618 807; x_wconf 81' lang='grc' dir='ltr'><strong><em>τὸν</em></strong></span> <span class='ocrx_word' id='word_1_40' title='bbox 654 751 802 805; x_wconf 83' lang='grc' dir='ltr'><strong><em>Θεὸν</em></strong></span> <span class='ocrx_word' id='word_1_41' title='bbox 830 750 1098 819; x_wconf 68' lang='grc' dir='ltr'><em>ὄψονται.</em></span> 
     </span>
    </p>
   </div>
   <div class='ocr_carea' id='block_1_9' title="bbox 259 839 1752 911">
    <p class='ocr_par' dir='ltr' id='par_1_9' title="bbox 259 839 1752 911">
     <span class='ocr_line' id='line_1_9' title="bbox 259 839 1752 911; baseline -0.006 -9"><span class='ocrx_word' id='word_1_42' title='bbox 259 847 439 902; x_wconf 81' lang='grc' dir='ltr'><strong><em>Λίθον</em></strong></span> <span class='ocrx_word' id='word_1_43' title='bbox 490 843 562 897; x_wconf 85' lang='grc' dir='ltr'><em>ὃν</em></span> <span class='ocrx_word' id='word_1_44' title='bbox 621 842 1074 911; x_wconf 76' lang='grc' dir='ltr'><strong><em>ἀπεδοκίμασαν</em></strong></span> <span class='ocrx_word' id='word_1_45' title='bbox 1134 842 1188 895; x_wconf 88' lang='lat' dir='ltr'><strong><em>ol</em></strong></span> <span class='ocrx_word' id='word_1_46' title='bbox 1264 839 1752 909; x_wconf 68' lang='grc' dir='ltr'><strong><em>οἰκοδομοῦντεςο</em></strong></span> 
     </span>
    </p>
   </div>
   <div class='ocr_carea' id='block_1_10' title="bbox 191 932 1757 1008">
    <p class='ocr_par' dir='ltr' id='par_1_10' title="bbox 191 932 1757 1008">
     <span class='ocr_line' id='line_1_10' title="bbox 191 932 1757 1008; baseline -0.008 -12"><span class='ocrx_word' id='word_1_47' title='bbox 191 937 363 1005; x_wconf 85' lang='grc' dir='ltr'><em>οὗτος</em></span> <span class='ocrx_word' id='word_1_48' title='bbox 384 937 638 1008; x_wconf 76' lang='grc' dir='ltr'><strong><em>ἐγενήθη</em></strong></span> <span class='ocrx_word' id='word_1_49' title='bbox 667 937 754 1000; x_wconf 84' lang='grc' dir='ltr'><em>εἰς</em></span> <span class='ocrx_word' id='word_1_50' title='bbox 779 932 1057 1002; x_wconf 64' lang='grc' dir='ltr'><em>κεφαλὴν</em></span> <span class='ocrx_word' id='word_1_51' title='bbox 1080 933 1314 1003; x_wconf 77' lang='grc' dir='ltr'>γωνίας.</span> <span class='ocrx_word' id='word_1_52' title='bbox 1345 932 1511 1001; x_wconf 82' lang='grc' dir='ltr'><em>Παρὰ</em></span> <span class='ocrx_word' id='word_1_53' title='bbox 1536 933 1757 1000; x_wconf 79' lang='grc' dir='ltr'><strong><em>Κυρίου</em></strong></span> 
     </span>
    </p>
   </div>
   <div class='ocr_carea' id='block_1_11' title="bbox 190 1025 1759 1104">
    <p class='ocr_par' dir='ltr' id='par_1_11' title="bbox 190 1025 1759 1104">
     <span class='ocr_line' id='line_1_11' title="bbox 190 1025 1759 1104; baseline -0.007 -16"><span class='ocrx_word' id='word_1_54' title='bbox 190 1034 420 1104; x_wconf 74' lang='grc' dir='ltr'>ἐγένετο</span> <span class='ocrx_word' id='word_1_55' title='bbox 453 1030 626 1097; x_wconf 82' lang='grc' dir='ltr'><strong><em>αὕτη,</em></strong></span> <span class='ocrx_word' id='word_1_56' title='bbox 663 1027 760 1082; x_wconf 79' lang='grc' dir='ltr'><strong><em>καὶ</em></strong></span> <span class='ocrx_word' id='word_1_57' title='bbox 789 1027 920 1081; x_wconf 80' lang='grc' dir='ltr'>ἐστι</span> <span class='ocrx_word' id='word_1_58' title='bbox 970 1025 1283 1096; x_wconf 79' lang='grc' dir='ltr'><em>θαυμαστὴ</em></span> <span class='ocrx_word' id='word_1_59' title='bbox 1324 1025 1393 1078; x_wconf 85' lang='grc' dir='ltr'><em>ἐν</em></span> <span class='ocrx_word' id='word_1_60' title='bbox 1429 1025 1759 1094; x_wconf 64' lang='grc' dir='ltr'><em>ὀφθαλμοῖς</em></span> 
     </span>
    </p>
   </div>
   <div class='ocr_carea' id='block_1_12' title="bbox 193 1115 1756 1195">
    <p class='ocr_par' dir='ltr' id='par_1_12' title="bbox 193 1115 1756 1195">
     <span class='ocr_line' id='line_1_12' title="bbox 193 1115 1756 1195; baseline -0.008 -15"><span class='ocrx_word' id='word_1_61' title='bbox 193 1122 375 1195; x_wconf 75' lang='grc' dir='ltr'><em>ἡμῶν.</em></span> <span class='ocrx_word' id='word_1_62' title='bbox 431 1121 588 1188; x_wconf 84' lang='grc' dir='ltr'><strong><em>Αὕτη</em></strong></span> <span class='ocrx_word' id='word_1_63' title='bbox 640 1119 678 1188; x_wconf 81' lang='grc' dir='ltr'>ἡ</span> <span class='ocrx_word' id='word_1_64' title='bbox 729 1117 920 1188; x_wconf 71' lang='grc' dir='ltr'><em>ἡμέρα</em></span> <span class='ocrx_word' id='word_1_65' title='bbox 963 1115 1043 1184; x_wconf 75' lang='grc' dir='ltr'><em>ἢν</em></span> <span class='ocrx_word' id='word_1_66' title='bbox 1084 1116 1374 1182; x_wconf 82' lang='grc' dir='ltr'><em>ἐποίησεν</em></span> <span class='ocrx_word' id='word_1_67' title='bbox 1424 1118 1456 1169; x_wconf 84' lang='grc' dir='ltr'><strong><em>ό</em></strong></span> <span class='ocrx_word' id='word_1_68' title='bbox 1506 1116 1756 1184; x_wconf 86' lang='grc' dir='ltr'><em>Κύριος,</em></span> 
     </span>
    </p>
   </div>
   <div class='ocr_carea' id='block_1_13' title="bbox 192 1202 1760 1287">
    <p class='ocr_par' dir='ltr' id='par_1_13' title="bbox 192 1202 1760 1287">
     <span class='ocr_line' id='line_1_13' title="bbox 192 1202 1760 1287; baseline -0.008 -15"><span class='ocrx_word' id='word_1_69' title='bbox 192 1212 684 1287; x_wconf 54' lang='grc' dir='ltr'><em>άωλιιασὼμεθα</em></span> <span class='ocrx_word' id='word_1_70' title='bbox 734 1210 834 1265; x_wconf 73' lang='grc' dir='ltr'><strong><em>καὶ</em></strong></span> <span class='ocrx_word' id='word_1_71' title='bbox 879 1206 1302 1278; x_wconf 57' lang='grc' dir='ltr'><em>εὐφρανθῶμεν</em></span> <span class='ocrx_word' id='word_1_72' title='bbox 1339 1209 1408 1260; x_wconf 83' lang='grc' dir='ltr'><strong><em>ἐν</em></strong></span> <span class='ocrx_word' id='word_1_73' title='bbox 1454 1205 1629 1274; x_wconf 79' lang='grc' dir='ltr'>αὐτῇ.</span> <span class='ocrx_word' id='word_1_74' title='bbox 1686 1202 1760 1260; x_wconf 77' lang='grc' dir='ltr'><strong><em>’Ὢ</em></strong></span> 
     </span>
    </p>
   </div>
   <div class='ocr_carea' id='block_1_14' title="bbox 192 1296 1760 1377">
    <p class='ocr_par' dir='ltr' id='par_1_14' title="bbox 192 1296 1760 1377">
     <span class='ocr_line' id='line_1_14' title="bbox 192 1296 1760 1377; baseline -0.009 -14"><span class='ocrx_word' id='word_1_75' title='bbox 192 1310 383 1377; x_wconf 82' lang='grc' dir='ltr'><strong><em>Κύριε,</em></strong></span> <span class='ocrx_word' id='word_1_76' title='bbox 412 1305 618 1359; x_wconf 88' lang='grc' dir='ltr'><em>σῶσον</em></span> <span class='ocrx_word' id='word_1_77' title='bbox 649 1302 747 1370; x_wconf 74' lang='grc' dir='ltr'><strong><em>δὴ,</em></strong></span> <span class='ocrx_word' id='word_1_78' title='bbox 787 1297 834 1356; x_wconf 87' lang='grc' dir='ltr'><strong>ὦ</strong></span> <span class='ocrx_word' id='word_1_79' title='bbox 860 1303 1064 1368; x_wconf 81' lang='grc' dir='ltr'><strong><em>Κύριε,</em></strong></span> <span class='ocrx_word' id='word_1_80' title='bbox 1096 1299 1400 1352; x_wconf 75' lang='grc' dir='ltr'><em>εὺόδωσον</em></span> <span class='ocrx_word' id='word_1_81' title='bbox 1430 1296 1527 1367; x_wconf 84' lang='grc' dir='ltr'><strong><em>δή.</em></strong></span> <span class='ocrx_word' id='word_1_82' title='bbox 1568 1298 1760 1350; x_wconf 79' lang='grc' dir='ltr'><em>Εὐλο-</em></span> 
     </span>
    </p>
   </div>
   <div class='ocr_carea' id='block_1_15' title="bbox 191 1388 1763 1471">
    <p class='ocr_par' dir='ltr' id='par_1_15' title="bbox 191 1388 1763 1471">
     <span class='ocr_line' id='line_1_15' title="bbox 191 1388 1763 1471; baseline -0.007 -19"><span class='ocrx_word' id='word_1_83' title='bbox 191 1400 444 1471; x_wconf 74' lang='grc' dir='ltr'><em>γημένος</em></span> <span class='ocrx_word' id='word_1_84' title='bbox 477 1401 508 1451; x_wconf 86' lang='grc' dir='ltr'>ό</span> <span class='ocrx_word' id='word_1_85' title='bbox 539 1397 862 1466; x_wconf 80' lang='grc' dir='ltr'><strong><em>ἐρχόμενος</em></strong></span> <span class='ocrx_word' id='word_1_86' title='bbox 899 1395 966 1447; x_wconf 84' lang='grc' dir='ltr'><em>ἑν</em></span> <span class='ocrx_word' id='word_1_87' title='bbox 992 1394 1236 1461; x_wconf 77' lang='grc' dir='ltr'><em>ὀνόματι</em></span> <span class='ocrx_word' id='word_1_88' title='bbox 1263 1391 1506 1459; x_wconf 84' lang='grc' dir='ltr'><strong><em>Κυρίου.</em></strong></span> <span class='ocrx_word' id='word_1_89' title='bbox 1546 1388 1763 1462; x_wconf 85' lang='grc' dir='ltr'><strong><em>Ἐπειδὴ</em></strong></span> 
     </span>
    </p>
   </div>
   <div class='ocr_carea' id='block_1_16' title="bbox 193 1481 1764 1561">
    <p class='ocr_par' dir='ltr' id='par_1_16' title="bbox 193 1481 1764 1561">
     <span class='ocr_line' id='line_1_16' title="bbox 193 1481 1764 1561; baseline -0.006 -15"><span class='ocrx_word' id='word_1_90' title='bbox 193 1489 294 1546; x_wconf 81' lang='grc' dir='ltr'><strong><em>εἶδε</em></strong></span> <span class='ocrx_word' id='word_1_91' title='bbox 346 1491 444 1561; x_wconf 74' lang='grc' dir='ltr'>τῆς</span> <span class='ocrx_word' id='word_1_92' title='bbox 498 1488 820 1559; x_wconf 79' lang='grc' dir='ltr'><strong><em>οἰκουμένης</em></strong></span> <span class='ocrx_word' id='word_1_93' title='bbox 853 1485 950 1558; x_wconf 85' lang='grc' dir='ltr'><strong><em>τὴν</em></strong></span> <span class='ocrx_word' id='word_1_94' title='bbox 1001 1484 1316 1556; x_wconf 80' lang='grc' dir='ltr'>εὐεργεσίαν</span> <span class='ocrx_word' id='word_1_95' title='bbox 1366 1484 1460 1536; x_wconf 73' lang='grc' dir='ltr'>καὶ</span> <span class='ocrx_word' id='word_1_96' title='bbox 1509 1482 1608 1553; x_wconf 82' lang='grc' dir='ltr'><strong><em>τὴν</em></strong></span> <span class='ocrx_word' id='word_1_97' title='bbox 1658 1481 1764 1536; x_wconf 84' lang='grc' dir='ltr'>τῶν</span> 
     </span>
    </p>
   </div>
   <div class='ocr_carea' id='block_1_17' title="bbox 195 1575 1764 1654">
    <p class='ocr_par' dir='ltr' id='par_1_17' title="bbox 195 1575 1764 1654">
     <span class='ocr_line' id='line_1_17' title="bbox 195 1575 1764 1654; baseline -0.006 -17"><span class='ocrx_word' id='word_1_98' title='bbox 195 1582 531 1654; x_wconf 83' lang='grc' dir='ltr'><strong><em>πραγμάτων</em></strong></span> <span class='ocrx_word' id='word_1_99' title='bbox 562 1579 896 1652; x_wconf 79' lang='grc' dir='ltr'>μεταϐολὴν,</span> <span class='ocrx_word' id='word_1_100' title='bbox 943 1578 1036 1631; x_wconf 77' lang='grc' dir='ltr'><strong><em>καὶ</em></strong></span> <span class='ocrx_word' id='word_1_101' title='bbox 1080 1578 1213 1648; x_wconf 81' lang='grc' dir='ltr'><strong><em>πρὸς</em></strong></span> <span class='ocrx_word' id='word_1_102' title='bbox 1251 1576 1312 1629; x_wconf 77' lang='grc' dir='ltr'><strong><em>τὸ</em></strong></span> <span class='ocrx_word' id='word_1_103' title='bbox 1361 1576 1567 1647; x_wconf 77' lang='grc' dir='ltr'>βέλτιον</span> <span class='ocrx_word' id='word_1_104' title='bbox 1596 1575 1764 1646; x_wconf 87' lang='grc' dir='ltr'>μετά-</span> 
     </span>
    </p>
   </div>
   <div class='ocr_carea' id='block_1_18' title="bbox 196 1665 1763 1743">
    <p class='ocr_par' dir='ltr' id='par_1_18' title="bbox 196 1665 1763 1743">
     <span class='ocr_line' id='line_1_18' title="bbox 196 1665 1763 1743; baseline -0.004 -16"><span class='ocrx_word' id='word_1_105' title='bbox 196 1691 398 1736; x_wconf 82' lang='grc' dir='ltr'>στασιν,</span> <span class='ocrx_word' id='word_1_106' title='bbox 423 1674 734 1743; x_wconf 82' lang='grc' dir='ltr'>συγχαίρων</span> <span class='ocrx_word' id='word_1_107' title='bbox 763 1675 875 1734; x_wconf 81' lang='grc' dir='ltr'>τοῖς</span> <span class='ocrx_word' id='word_1_108' title='bbox 903 1671 1233 1724; x_wconf 74' lang='grc' dir='ltr'>ἀπολαύουσι</span> <span class='ocrx_word' id='word_1_109' title='bbox 1259 1687 1422 1740; x_wconf 82' lang='grc' dir='ltr'>φησιν</span> <span class='ocrx_word' id='word_1_110' title='bbox 1443 1687 1455 1699; x_wconf 75' lang='grc' dir='ltr'>ο</span> <span class='ocrx_word' id='word_1_111' title='bbox 1477 1665 1543 1722; x_wconf 84' lang='grc' dir='ltr'><strong><em>Ὦ</em></strong></span> <span class='ocrx_word' id='word_1_112' title='bbox 1569 1670 1763 1736; x_wconf 82' lang='grc' dir='ltr'><em>Κύριε,</em></span> 
     </span>
    </p>
   </div>
   <div class='ocr_carea' id='block_1_19' title="bbox 1856 559 3430 633">
    <p class='ocr_par' dir='ltr' id='par_1_19' title="bbox 1856 559 3430 633">
     <span class='ocr_line' id='line_1_19' title="bbox 1856 559 3430 633; baseline -0.006 -13"><span class='ocrx_word' id='word_1_113' title='bbox 1856 567 1999 633; x_wconf 86' lang='lat' dir='ltr'><strong><em>ejus,</em></strong></span> <span class='ocrx_word' id='word_1_114' title='bbox 2031 564 2334 620; x_wconf 88' lang='lat' dir='ltr'><strong><em>secundum</em></strong></span> <span class='ocrx_word' id='word_1_115' title='bbox 2364 563 2498 618; x_wconf 91' lang='lat' dir='ltr'><strong><em>illud</em></strong></span> <span class='ocrx_word' id='word_1_116' title='bbox 2533 582 2546 617; x_wconf 92' lang='lat'><strong>:</strong></span> <span class='ocrx_word' id='word_1_117' title='bbox 2579 563 2732 616; x_wconf 97' lang='lat' dir='ltr'><strong><em>Beati</em></strong></span> <span class='ocrx_word' id='word_1_118' title='bbox 2761 561 2954 616; x_wconf 85' lang='lat' dir='ltr'><strong><em>mundo</em></strong></span> <span class='ocrx_word' id='word_1_119' title='bbox 2979 559 3153 624; x_wconf 86' lang='lat' dir='ltr'><strong><em>corde,</em></strong></span> <span class='ocrx_word' id='word_1_120' title='bbox 3179 559 3430 628; x_wconf 81' lang='lat' dir='ltr'><strong><em>quoninm</em></strong></span> 
     </span>
    </p>
   </div>
   <div class='ocr_carea' id='block_1_20' title="bbox 1856 655 2472 726">
    <p class='ocr_par' dir='ltr' id='par_1_20' title="bbox 1856 655 2472 726">
     <span class='ocr_line' id='line_1_20' title="bbox 1856 655 2472 726; baseline 0 -17"><span class='ocrx_word' id='word_1_121' title='bbox 1856 659 1958 726; x_wconf 83' lang='lat' dir='ltr'><strong><em>ipsi</em></strong></span> <span class='ocrx_word' id='word_1_122' title='bbox 1981 657 2150 712; x_wconf 89' lang='lat' dir='ltr'><strong><em>Deum</em></strong></span> <span class='ocrx_word' id='word_1_123' title='bbox 2171 655 2411 711; x_wconf 81' lang='lat' dir='ltr'><strong><em>videbunt</em></strong></span> <span class='ocrx_word' id='word_1_124' title='bbox 2430 655 2472 709; x_wconf 87' lang='grc'><strong><em>⁸.</em></strong></span> 
     </span>
    </p>
   </div>
   <div class='ocr_carea' id='block_1_21' title="bbox 1929 826 3432 906">
    <p class='ocr_par' dir='ltr' id='par_1_21' title="bbox 1929 826 3432 906">
     <span class='ocr_line' id='line_1_21' title="bbox 1929 826 3432 906; baseline -0.009 -14"><span class='ocrx_word' id='word_1_125' title='bbox 1929 837 2098 894; x_wconf 77' lang='lat' dir='ltr'><strong><em>Vsus.</em></strong></span> <span class='ocrx_word' id='word_1_126' title='bbox 2124 838 2306 893; x_wconf 65' lang='grc' dir='ltr'>εει-ρο.</span> <span class='ocrx_word' id='word_1_127' title='bbox 2345 836 2620 906; x_wconf 85' lang='lat' dir='ltr'><strong><em>Lapidem,</em></strong></span> <span class='ocrx_word' id='word_1_128' title='bbox 2651 851 2803 905; x_wconf 89' lang='lat' dir='ltr'><strong><em>quem</em></strong></span> <span class='ocrx_word' id='word_1_129' title='bbox 2841 832 3246 900; x_wconf 84' lang='lat' dir='ltr'><strong><em>reprobnverunt</em></strong></span> <span class='ocrx_word' id='word_1_130' title='bbox 3298 826 3432 881; x_wconf 71' lang='grc' dir='ltr'><strong><em>α’άί-</em></strong></span> 
     </span>
    </p>
   </div>
   <div class='ocr_carea' id='block_1_22' title="bbox 1859 920 3434 1002">
    <p class='ocr_par' dir='ltr' id='par_1_22' title="bbox 1859 920 3434 1002">
     <span class='ocr_line' id='line_1_22' title="bbox 1859 920 3434 1002; baseline -0.01 -16"><span class='ocrx_word' id='word_1_131' title='bbox 1859 934 2078 1002; x_wconf 80' lang='lat' dir='ltr'><strong><em>ﬁeantes</em></strong></span> <span class='ocrx_word' id='word_1_132' title='bbox 2101 971 2116 996; x_wconf 95' lang='lat'><strong><em>,</em></strong></span> <span class='ocrx_word' id='word_1_133' title='bbox 2149 931 2230 985; x_wconf 84' lang='lat' dir='ltr'><strong><em>hic</em></strong></span> <span class='ocrx_word' id='word_1_134' title='bbox 2267 931 2441 1000; x_wconf 77' lang='lat' dir='ltr'><strong><em>[nctus</em></strong></span> <span class='ocrx_word' id='word_1_135' title='bbox 2479 939 2554 982; x_wconf 88' lang='lat' dir='ltr'><strong><em>est</em></strong></span> <span class='ocrx_word' id='word_1_136' title='bbox 2586 930 2641 982; x_wconf 86' lang='lat' dir='ltr'><strong><em>in</em></strong></span> <span class='ocrx_word' id='word_1_137' title='bbox 2693 936 2849 995; x_wconf 85' lang='lat' dir='ltr'><strong><em>caput</em></strong></span> <span class='ocrx_word' id='word_1_138' title='bbox 2887 925 3091 994; x_wconf 78' lang='lat' dir='ltr'><strong><em>anguli.</em></strong></span> <span class='ocrx_word' id='word_1_139' title='bbox 3138 923 3177 975; x_wconf 86' lang='grc' dir='ltr'><em>Α</em></span> <span class='ocrx_word' id='word_1_140' title='bbox 3209 920 3434 974; x_wconf 86' lang='lat' dir='ltr'><strong><em>Domino</em></strong></span> 
     </span>
    </p>
   </div>
   <div class='ocr_carea' id='block_1_23' title="bbox 1861 1011 3436 1094">
    <p class='ocr_par' dir='ltr' id='par_1_23' title="bbox 1861 1011 3436 1094">
     <span class='ocr_line' id='line_1_23' title="bbox 1861 1011 3436 1094; baseline -0.01 -16"><span class='ocrx_word' id='word_1_141' title='bbox 1861 1026 2060 1094; x_wconf 83' lang='lat' dir='ltr'><strong><em>factum</em></strong></span> <span class='ocrx_word' id='word_1_142' title='bbox 2087 1032 2164 1078; x_wconf 84' lang='lat' dir='ltr'><strong><em>est</em></strong></span> <span class='ocrx_word' id='word_1_143' title='bbox 2206 1022 2373 1088; x_wconf 84' lang='lat' dir='ltr'><strong><em>istud,</em></strong></span> <span class='ocrx_word' id='word_1_144' title='bbox 2402 1030 2450 1074; x_wconf 89' lang='lat' dir='ltr'><strong><em>et</em></strong></span> <span class='ocrx_word' id='word_1_145' title='bbox 2482 1029 2557 1074; x_wconf 86' lang='lat' dir='ltr'><strong><em>est</em></strong></span> <span class='ocrx_word' id='word_1_146' title='bbox 2611 1018 2855 1071; x_wconf 77' lang='lat' dir='ltr'><strong><em>mirabile</em></strong></span> <span class='ocrx_word' id='word_1_147' title='bbox 2913 1017 2965 1068; x_wconf 87' lang='lat' dir='ltr'><strong><em>in</em></strong></span> <span class='ocrx_word' id='word_1_148' title='bbox 3006 1014 3170 1067; x_wconf 86' lang='lat' dir='ltr'><strong><em>oculis</em></strong></span> <span class='ocrx_word' id='word_1_149' title='bbox 3218 1011 3436 1066; x_wconf 84' lang='lat' dir='ltr'><strong><em>nostris.</em></strong></span> 
     </span>
    </p>
   </div>
   <div class='ocr_carea' id='block_1_24' title="bbox 1865 1106 3440 1186">
    <p class='ocr_par' dir='ltr' id='par_1_24' title="bbox 1865 1106 3440 1186">
     <span class='ocr_line' id='line_1_24' title="bbox 1865 1106 3440 1186; baseline -0.012 -14"><span class='ocrx_word' id='word_1_150' title='bbox 1865 1117 1912 1171; x_wconf 86' lang='grc' dir='ltr'><em>Η</em></span> <span class='ocrx_word' id='word_1_151' title='bbox 1922 1135 1995 1172; x_wconf 66' lang='lat' dir='ltr'><strong><em>(ec</em></strong></span> <span class='ocrx_word' id='word_1_152' title='bbox 2025 1118 2134 1170; x_wconf 83' lang='lat' dir='ltr'><strong><em>dies</em></strong></span> <span class='ocrx_word' id='word_1_153' title='bbox 2162 1132 2320 1186; x_wconf 89' lang='lat' dir='ltr'><strong><em>quam</em></strong></span> <span class='ocrx_word' id='word_1_154' title='bbox 2345 1114 2465 1183; x_wconf 73' lang='lat' dir='ltr'><strong><em>fecit</em></strong></span> <span class='ocrx_word' id='word_1_155' title='bbox 2487 1111 2767 1173; x_wconf 80' lang='lat' dir='ltr'><strong><em>Dominus,</em></strong></span> <span class='ocrx_word' id='word_1_156' title='bbox 2786 1108 3106 1163; x_wconf 76' lang='lat' dir='ltr'><strong><em>exsultemus</em></strong></span> <span class='ocrx_word' id='word_1_157' title='bbox 3131 1115 3179 1158; x_wconf 89' lang='lat' dir='ltr'><strong><em>et</em></strong></span> <span class='ocrx_word' id='word_1_158' title='bbox 3202 1106 3440 1171; x_wconf 53' lang='lat' dir='ltr'><strong><em>lattenmr</em></strong></span> 
     </span>
    </p>
   </div>
   <div class='ocr_carea' id='block_1_25' title="bbox 1863 1194 3439 1271">
    <p class='ocr_par' dir='ltr' id='par_1_25' title="bbox 1863 1194 3439 1271">
     <span class='ocr_line' id='line_1_25' title="bbox 1863 1194 3439 1271; baseline -0.011 -7"><span class='ocrx_word' id='word_1_159' title='bbox 1863 1213 2026 1264; x_wconf 84' lang='lat' dir='ltr'><strong><em>inea.</em></strong></span> <span class='ocrx_word' id='word_1_160' title='bbox 2080 1208 2123 1262; x_wconf 92' lang='lat'><em>0</em></span> <span class='ocrx_word' id='word_1_161' title='bbox 2160 1207 2400 1269; x_wconf 78' lang='lat' dir='ltr'><strong><em>Domine,</em></strong></span> <span class='ocrx_word' id='word_1_162' title='bbox 2459 1203 2630 1267; x_wconf 74' lang='lat' dir='ltr'><strong><em>salua,</em></strong></span> <span class='ocrx_word' id='word_1_163' title='bbox 2686 1216 2970 1271; x_wconf 74' lang='lat' dir='ltr'><strong><em>quwso:o</em></strong></span> <span class='ocrx_word' id='word_1_164' title='bbox 3020 1196 3256 1258; x_wconf 81' lang='lat' dir='ltr'><strong><em>Domine,</em></strong></span> <span class='ocrx_word' id='word_1_165' title='bbox 3317 1194 3439 1246; x_wconf 79' lang='lat' dir='ltr'><strong><em>bene</em></strong></span> 
     </span>
    </p>
   </div>
   <div class='ocr_carea' id='block_1_26' title="bbox 1863 1289 3441 1370">
    <p class='ocr_par' dir='ltr' id='par_1_26' title="bbox 1863 1289 3441 1370">
     <span class='ocr_line' id='line_1_26' title="bbox 1863 1289 3441 1370; baseline -0.008 -19"><span class='ocrx_word' id='word_1_166' title='bbox 1863 1316 2172 1370; x_wconf 82' lang='lat' dir='ltr'><strong><em>prosperare</em></strong></span> <span class='ocrx_word' id='word_1_167' title='bbox 2195 1299 2301 1367; x_wconf 74' lang='lat' dir='ltr'><strong><em>fac,</em></strong></span> <span class='ocrx_word' id='word_1_168' title='bbox 2329 1313 2503 1366; x_wconf 73' lang='lat' dir='ltr'><strong><em>quazso</em></strong></span> <span class='ocrx_word' id='word_1_169' title='bbox 2520 1311 2538 1357; x_wconf 90' lang='lat'><strong><em>;</em></strong></span> <span class='ocrx_word' id='word_1_170' title='bbox 2565 1293 2858 1348; x_wconf 78' lang='lat' dir='ltr'><strong><em>benedictus</em></strong></span> <span class='ocrx_word' id='word_1_171' title='bbox 2885 1291 2971 1360; x_wconf 89' lang='lat' dir='ltr'><strong><em>qui</em></strong></span> <span class='ocrx_word' id='word_1_172' title='bbox 2994 1291 3130 1343; x_wconf 79' lang='lat' dir='ltr'><strong><em>venit</em></strong></span> <span class='ocrx_word' id='word_1_173' title='bbox 3157 1290 3211 1340; x_wconf 87' lang='lat' dir='ltr'><strong><em>in</em></strong></span> <span class='ocrx_word' id='word_1_174' title='bbox 3235 1289 3441 1338; x_wconf 81' lang='lat' dir='ltr'><strong><em>nomine</em></strong></span> 
     </span>
    </p>
   </div>
   <div class='ocr_carea' id='block_1_27' title="bbox 1865 1375 3443 1454">
    <p class='ocr_par' dir='ltr' id='par_1_27' title="bbox 1865 1375 3443 1454">
     <span class='ocr_line' id='line_1_27' title="bbox 1865 1375 3443 1454; baseline -0.012 -9"><span class='ocrx_word' id='word_1_175' title='bbox 1865 1391 2104 1446; x_wconf 87' lang='lat' dir='ltr'><strong><em>Domini.</em></strong></span> <span class='ocrx_word' id='word_1_176' title='bbox 2159 1386 2427 1454; x_wconf 85' lang='lat' dir='ltr'><strong><em>Quoniam</em></strong></span> <span class='ocrx_word' id='word_1_177' title='bbox 2485 1383 2706 1439; x_wconf 81' lang='lat' dir='ltr'><strong><em>videbat</em></strong></span> <span class='ocrx_word' id='word_1_178' title='bbox 2773 1379 3094 1436; x_wconf 89' lang='lat' dir='ltr'><strong><em>beneﬁcium</em></strong></span> <span class='ocrx_word' id='word_1_179' title='bbox 3145 1379 3198 1430; x_wconf 88' lang='lat' dir='ltr'><strong><em>in</em></strong></span> <span class='ocrx_word' id='word_1_180' title='bbox 3253 1375 3443 1429; x_wconf 83' lang='lat' dir='ltr'><strong><em>orbem</em></strong></span> 
     </span>
    </p>
   </div>
   <div class='ocr_carea' id='block_1_28' title="bbox 1867 1465 3446 1543">
    <p class='ocr_par' dir='ltr' id='par_1_28' title="bbox 1867 1465 3446 1543">
     <span class='ocr_line' id='line_1_28' title="bbox 1867 1465 3446 1543; baseline -0.015 -4"><span class='ocrx_word' id='word_1_181' title='bbox 1867 1495 2025 1539; x_wconf 74' lang='lat' dir='ltr'><strong><em>terra:</em></strong></span> <span class='ocrx_word' id='word_1_182' title='bbox 2057 1478 2448 1536; x_wconf 84' lang='lat' dir='ltr'><strong><em>conferendum</em></strong></span> <span class='ocrx_word' id='word_1_183' title='bbox 2477 1516 2490 1542; x_wconf 92' lang='lat'><strong><em>,</em></strong></span> <span class='ocrx_word' id='word_1_184' title='bbox 2534 1489 2830 1543; x_wconf 84' lang='lat' dir='ltr'><strong><em>rerumque</em></strong></span> <span class='ocrx_word' id='word_1_185' title='bbox 2865 1470 3224 1526; x_wconf 84' lang='lat' dir='ltr'><strong><em>mutationem</em></strong></span> <span class='ocrx_word' id='word_1_186' title='bbox 3277 1480 3342 1519; x_wconf 90' lang='lat' dir='ltr'><strong><em>ac</em></strong></span> <span class='ocrx_word' id='word_1_187' title='bbox 3387 1465 3446 1518; x_wconf 89' lang='lat' dir='ltr'><strong><em>in</em></strong></span> 
     </span>
    </p>
   </div>
   <div class='ocr_carea' id='block_1_29' title="bbox 1868 1561 3448 1635">
    <p class='ocr_par' dir='ltr' id='par_1_29' title="bbox 1868 1561 3448 1635">
     <span class='ocr_line' id='line_1_29' title="bbox 1868 1561 3448 1635; baseline -0.013 -5"><span class='ocrx_word' id='word_1_188' title='bbox 1868 1577 2065 1632; x_wconf 90' lang='lat' dir='ltr'><strong><em>melius</em></strong></span> <span class='ocrx_word' id='word_1_189' title='bbox 2109 1571 2546 1635; x_wconf 78' lang='lat' dir='ltr'><strong><em>conversionem,</em></strong></span> <span class='ocrx_word' id='word_1_190' title='bbox 2588 1568 2693 1622; x_wconf 92' lang='lat' dir='ltr'><strong><em>hoc</em></strong></span> <span class='ocrx_word' id='word_1_191' title='bbox 2728 1567 2874 1620; x_wconf 89' lang='lat' dir='ltr'><strong><em>bono</em></strong></span> <span class='ocrx_word' id='word_1_192' title='bbox 2906 1561 3212 1618; x_wconf 81' lang='lat' dir='ltr'><strong><em>fruentibus</em></strong></span> <span class='ocrx_word' id='word_1_193' title='bbox 3257 1565 3448 1628; x_wconf 78' lang='lat' dir='ltr'><strong><em>gratu-</em></strong></span> 
     </span>
    </p>
   </div>
   <div class='ocr_carea' id='block_1_30' title="bbox 1868 1648 3449 1727">
    <p class='ocr_par' dir='ltr' id='par_1_30' title="bbox 1868 1648 3449 1727">
     <span class='ocr_line' id='line_1_30' title="bbox 1868 1648 3449 1727; baseline -0.013 -7"><span class='ocrx_word' id='word_1_194' title='bbox 1868 1669 1990 1722; x_wconf 85' lang='lat' dir='ltr'><strong><em>lans</em></strong></span> <span class='ocrx_word' id='word_1_195' title='bbox 2029 1666 2143 1720; x_wconf 82' lang='lat' dir='ltr'><strong><em>ait:</em></strong></span> <span class='ocrx_word' id='word_1_196' title='bbox 2173 1663 2216 1719; x_wconf 88' lang='grc' dir='ltr'><em>Ο</em></span> <span class='ocrx_word' id='word_1_197' title='bbox 2251 1663 2489 1723; x_wconf 87' lang='lat' dir='ltr'><strong><em>Domine,</em></strong></span> <span class='ocrx_word' id='word_1_198' title='bbox 2521 1658 2690 1721; x_wconf 85' lang='lat' dir='ltr'><strong><em>salva,</em></strong></span> <span class='ocrx_word' id='word_1_199' title='bbox 2721 1671 2933 1727; x_wconf 73' lang='lat' dir='ltr'><strong><em>quceso;</em></strong></span> <span class='ocrx_word' id='word_1_200' title='bbox 2980 1671 3008 1708; x_wconf 92' lang='grc' dir='ltr'>ο</span> <span class='ocrx_word' id='word_1_201' title='bbox 3039 1651 3279 1711; x_wconf 88' lang='lat' dir='ltr'><strong><em>Domine,</em></strong></span> <span class='ocrx_word' id='word_1_202' title='bbox 3323 1648 3449 1701; x_wconf 81' lang='lat' dir='ltr'><strong><em>bene</em></strong></span> 
     </span>
    </p>
   </div>
   <div class='ocr_carea' id='block_1_31' title="bbox 195 1740 1779 1832">
    <p class='ocr_par' dir='ltr' id='par_1_31' title="bbox 195 1740 1768 1832">
     <span class='ocr_line' id='line_1_31' title="bbox 195 1740 1768 1832; baseline -0.005 -11"><span class='ocrx_word' id='word_1_203' title='bbox 195 1765 398 1822; x_wconf 89' lang='grc' dir='ltr'><em>σῶσον</em></span> <span class='ocrx_word' id='word_1_204' title='bbox 421 1740 606 1831; x_wconf 6' lang='grc' dir='ltr'><strong><em>δήθ’-*ὦ</em></strong></span> <span class='ocrx_word' id='word_1_205' title='bbox 629 1740 836 1832; x_wconf 36' lang='grc' dir='ltr'><em>-Κύριε,</em></span> <span class='ocrx_word' id='word_1_206' title='bbox 867 1764 1175 1817; x_wconf 83' lang='grc' dir='ltr'><strong><em>εὐόδωσον</em></strong></span> <span class='ocrx_word' id='word_1_207' title='bbox 1197 1761 1292 1828; x_wconf 76' lang='grc' dir='ltr'><strong><em>δή.</em></strong></span> <span class='ocrx_word' id='word_1_208' title='bbox 1340 1762 1618 1826; x_wconf 81' lang='grc' dir='ltr'>Τουτέστι,</span> <span class='ocrx_word' id='word_1_209' title='bbox 1653 1761 1768 1814; x_wconf 59' lang='lat'><strong><em>6562‘-</em></strong></span> 
     </span>
    </p>
   </div>
   <div class='ocr_carea' id='block_1_32' title="bbox 1888 1740 3448 1832">
    <p class='ocr_par' dir='ltr' id='par_1_32' title="bbox 1888 1740 3448 1826">
     <span class='ocr_line' id='line_1_32' title="bbox 1888 1740 3448 1826; baseline -0.011 -16"><span class='ocrx_word' id='word_1_210' title='bbox 1888 1773 2176 1826; x_wconf 81' lang='lat' dir='ltr'><strong><em>n&#39;osperare</em></strong></span> <span class='ocrx_word' id='word_1_211' title='bbox 2206 1756 2314 1822; x_wconf 79' lang='lat' dir='ltr'><strong><em>fac,</em></strong></span> <span class='ocrx_word' id='word_1_212' title='bbox 2350 1769 2548 1824; x_wconf 78' lang='lat' dir='ltr'><strong><em>quwso.</em></strong></span> <span class='ocrx_word' id='word_1_213' title='bbox 2571 1751 2624 1804; x_wconf 89' lang='lat' dir='ltr'><strong><em>Id</em></strong></span> <span class='ocrx_word' id='word_1_214' title='bbox 2654 1757 2757 1814; x_wconf 86' lang='lat' dir='ltr'><strong><em>est,</em></strong></span> <span class='ocrx_word' id='word_1_215' title='bbox 2797 1760 3063 1803; x_wconf 84' lang='lat' dir='ltr'><strong><em>conserva</em></strong></span> <span class='ocrx_word' id='word_1_216' title='bbox 3095 1743 3218 1798; x_wconf 87' lang='lat' dir='ltr'><strong><em>illos</em></strong></span> <span class='ocrx_word' id='word_1_217' title='bbox 3238 1741 3328 1811; x_wconf 86' lang='lat' dir='ltr'><strong><em>qui</em></strong></span> <span class='ocrx_word' id='word_1_218' title='bbox 3361 1740 3448 1793; x_wconf 84' lang='lat' dir='ltr'><strong><em>his</em></strong></span> 
     </span>
    </p>
   </div>
   <div class='ocr_carea' id='block_1_33' title="bbox 197 1823 1779 1926">
    <p class='ocr_par' dir='ltr' id='par_1_33' title="bbox 197 1823 1768 1926">
     <span class='ocr_line' id='line_1_33' title="bbox 197 1823 1768 1926; baseline -0.003 -14"><span class='ocrx_word' id='word_1_219' title='bbox 197 1875 363 1913; x_wconf 85' lang='grc' dir='ltr'>σωσον</span> <span class='ocrx_word' id='word_1_220' title='bbox 401 1859 528 1920; x_wconf 83' lang='grc' dir='ltr'>τοὺς</span> <span class='ocrx_word' id='word_1_221' title='bbox 572 1855 979 1920; x_wconf 82' lang='grc' dir='ltr'><strong><em>ἀπολαύοντας,</em></strong></span> <span class='ocrx_word' id='word_1_222' title='bbox 1022 1855 1163 1908; x_wconf 80' lang='grc' dir='ltr'>ὥστε</span> <span class='ocrx_word' id='word_1_223' title='bbox 1208 1823 1620 1926; x_wconf 50' lang='grc' dir='ltr'>ἐμπλησθῆναι.</span> <span class='ocrx_word' id='word_1_224' title='bbox 1675 1854 1768 1907; x_wconf 78' lang='grc' dir='ltr'><strong><em>καὶ</em></strong></span> 
     </span>
    </p>
   </div>
   <div class='ocr_carea' id='block_1_34' title="bbox 1888 1823 3453 1926">
    <p class='ocr_par' dir='ltr' id='par_1_34' title="bbox 1888 1823 3453 1914">
     <span class='ocr_line' id='line_1_34' title="bbox 1888 1823 3453 1914; baseline -0.01 -12"><span class='ocrx_word' id='word_1_225' title='bbox 1888 1823 2152 1914; x_wconf 27' lang='grc' dir='ltr'><strong><em>ῗι·ιιιι-ῐιιιιι’,</em></strong></span> <span class='ocrx_word' id='word_1_226' title='bbox 2187 1849 2262 1902; x_wconf 85' lang='lat' dir='ltr'><strong><em>ita</em></strong></span> <span class='ocrx_word' id='word_1_227' title='bbox 2304 1823 2370 1900; x_wconf 13' lang='lat' dir='ltr'><strong><em>uti</em></strong></span> <span class='ocrx_word' id='word_1_228' title='bbox 2413 1845 2746 1914; x_wconf 86' lang='lat' dir='ltr'><strong><em>repleantur,</em></strong></span> <span class='ocrx_word' id='word_1_229' title='bbox 2809 1848 2863 1896; x_wconf 90' lang='lat' dir='ltr'><strong><em>et</em></strong></span> <span class='ocrx_word' id='word_1_230' title='bbox 2921 1838 3134 1892; x_wconf 79' lang='lat' dir='ltr'><strong><em>fructus</em></strong></span> <span class='ocrx_word' id='word_1_231' title='bbox 3166 1833 3339 1905; x_wconf 82' lang='lat' dir='ltr'><strong><em>gratia</em></strong></span> <span class='ocrx_word' id='word_1_232' title='bbox 3365 1830 3453 1886; x_wconf 81' lang='lat' dir='ltr'><strong><em>di-</em></strong></span> 
     </span>
    </p>
   </div>
   <div class='ocr_carea' id='block_1_35' title="bbox 196 1946 1767 2022">
    <p class='ocr_par' dir='ltr' id='par_1_35' title="bbox 196 1946 1767 2022">
     <span class='ocr_line' id='line_1_35' title="bbox 196 1946 1767 2022; baseline -0.003 -17"><span class='ocrx_word' id='word_1_233' title='bbox 196 1952 434 2022; x_wconf 71' lang='grc' dir='ltr'>καρποὺς</span> <span class='ocrx_word' id='word_1_234' title='bbox 485 1949 665 2015; x_wconf 81' lang='grc' dir='ltr'>ἀξίους</span> <span class='ocrx_word' id='word_1_235' title='bbox 711 1947 1072 2015; x_wconf 77' lang='grc' dir='ltr'>διαδείξασθαι</span> <span class='ocrx_word' id='word_1_236' title='bbox 1126 1947 1224 2017; x_wconf 74' lang='grc' dir='ltr'><strong><em>τῆς</em></strong></span> <span class='ocrx_word' id='word_1_237' title='bbox 1267 1947 1521 2018; x_wconf 77' lang='grc' dir='ltr'><strong><em>χάριτος·</em></strong></span> <span class='ocrx_word' id='word_1_238' title='bbox 1579 1946 1767 2018; x_wconf 73' lang='grc' dir='ltr'>ῥᾳδίαν</span> 
     </span>
    </p>
   </div>
   <div class='ocr_carea' id='block_1_36' title="bbox 195 2039 1768 2115">
    <p class='ocr_par' dir='ltr' id='par_1_36' title="bbox 195 2039 1768 2115">
     <span class='ocr_line' id='line_1_36' title="bbox 195 2039 1768 2115; baseline -0.004 -17"><span class='ocrx_word' id='word_1_239' title='bbox 195 2047 370 2108; x_wconf 76' lang='grc' dir='ltr'>αὐτοῖς</span> <span class='ocrx_word' id='word_1_240' title='bbox 399 2045 624 2115; x_wconf 72' lang='grc' dir='ltr'>ποίησον</span> <span class='ocrx_word' id='word_1_241' title='bbox 655 2044 750 2112; x_wconf 87' lang='grc' dir='ltr'><strong><em>τὴν</em></strong></span> <span class='ocrx_word' id='word_1_242' title='bbox 789 2042 925 2107; x_wconf 78' lang='grc' dir='ltr'>ὁδὸν,</span> <span class='ocrx_word' id='word_1_243' title='bbox 957 2041 1116 2103; x_wconf 81' lang='grc' dir='ltr'>ὥστε,</span> <span class='ocrx_word' id='word_1_244' title='bbox 1167 2040 1302 2110; x_wconf 69' lang='grc' dir='ltr'>μετὰ</span> <span class='ocrx_word' id='word_1_245' title='bbox 1349 2039 1408 2092; x_wconf 80' lang='grc' dir='ltr'><strong><em>τὸ</em></strong></span> <span class='ocrx_word' id='word_1_246' title='bbox 1455 2042 1655 2110; x_wconf 82' lang='grc' dir='ltr'><strong><em>τυχεῖν,</em></strong></span> <span class='ocrx_word' id='word_1_247' title='bbox 1695 2039 1768 2110; x_wconf 83' lang='grc' dir='ltr'><strong><em>μὴ</em></strong></span> 
     </span>
    </p>
   </div>
   <div class='ocr_carea' id='block_1_37' title="bbox 196 2132 1096 2191">
    <p class='ocr_par' dir='ltr' id='par_1_37' title="bbox 196 2132 1096 2191">
     <span class='ocr_line' id='line_1_37' title="bbox 196 2132 1096 2191; baseline -0.008 0"><span class='ocrx_word' id='word_1_248' title='bbox 196 2139 444 2191; x_wconf 77' lang='grc' dir='ltr'>ἐκπεσεῖν</span> <span class='ocrx_word' id='word_1_249' title='bbox 475 2135 582 2188; x_wconf 83' lang='grc' dir='ltr'><em>τῶν</em></span> <span class='ocrx_word' id='word_1_250' title='bbox 610 2133 863 2188; x_wconf 80' lang='grc' dir='ltr'><strong><em>τοιούτων</em></strong></span> <span class='ocrx_word' id='word_1_251' title='bbox 896 2132 1096 2186; x_wconf 88' lang='grc' dir='ltr'>καλῶν.</span> 
     </span>
    </p>
   </div>
   <div class='ocr_carea' id='block_1_38' title="bbox 265 2222 1772 2297">
    <p class='ocr_par' dir='ltr' id='par_1_38' title="bbox 265 2222 1772 2297">
     <span class='ocr_line' id='line_1_38' title="bbox 265 2222 1772 2297; baseline -0.005 -15"><span class='ocrx_word' id='word_1_252' title='bbox 265 2227 700 2297; x_wconf 75' lang='grc' dir='ltr'><strong><em>Εὐλογήκιιμεν</em></strong></span> <span class='ocrx_word' id='word_1_253' title='bbox 747 2224 902 2294; x_wconf 81' lang='grc' dir='ltr'><em>ὑμᾶς</em></span> <span class='ocrx_word' id='word_1_254' title='bbox 948 2225 1016 2288; x_wconf 83' lang='grc' dir='ltr'><strong><em>ἐξ</em></strong></span> <span class='ocrx_word' id='word_1_255' title='bbox 1079 2224 1249 2277; x_wconf 80' lang='grc' dir='ltr'>οἴκου</span> <span class='ocrx_word' id='word_1_256' title='bbox 1307 2223 1527 2291; x_wconf 81' lang='grc' dir='ltr'>Κυρίου</span> <span class='ocrx_word' id='word_1_257' title='bbox 1557 2262 1572 2288; x_wconf 89' lang='grc'><em>,</em></span> <span class='ocrx_word' id='word_1_258' title='bbox 1627 2222 1772 2288; x_wconf 83' lang='grc' dir='ltr'><strong><em>Θεὸς</em></strong></span> 
     </span>
    </p>
   </div>
   <div class='ocr_carea' id='block_1_39' title="bbox 197 2314 1772 2389">
    <p class='ocr_par' dir='ltr' id='par_1_39' title="bbox 197 2314 1772 2389">
     <span class='ocr_line' id='line_1_39' title="bbox 197 2314 1772 2389; baseline -0.004 -15"><span class='ocrx_word' id='word_1_259' title='bbox 197 2323 403 2389; x_wconf 81' lang='grc' dir='ltr'><em>Κύριος</em></span> <span class='ocrx_word' id='word_1_260' title='bbox 459 2320 557 2372; x_wconf 82' lang='grc' dir='ltr'><strong><em>καὶ</em></strong></span> <span class='ocrx_word' id='word_1_261' title='bbox 604 2317 905 2387; x_wconf 73' lang='grc' dir='ltr'><em>ἐπέφανεν</em></span> <span class='ocrx_word' id='word_1_262' title='bbox 951 2316 1114 2388; x_wconf 71' lang='grc' dir='ltr'>ἡμῖν.</span> <span class='ocrx_word' id='word_1_263' title='bbox 1181 2314 1600 2386; x_wconf 82' lang='grc' dir='ltr'>Ὀμολογοῦντες</span> <span class='ocrx_word' id='word_1_264' title='bbox 1625 2356 1638 2380; x_wconf 93' lang='grc'><strong>,</strong></span> <span class='ocrx_word' id='word_1_265' title='bbox 1691 2317 1772 2368; x_wconf 85' lang='grc' dir='ltr'>ὃτι</span> 
     </span>
    </p>
   </div>
   <div class='ocr_carea' id='block_1_40' title="bbox 199 2407 1774 2480">
    <p class='ocr_par' dir='ltr' id='par_1_40' title="bbox 199 2407 1774 2480">
     <span class='ocr_line' id='line_1_40' title="bbox 199 2407 1774 2480; baseline -0.003 -15"><span class='ocrx_word' id='word_1_266' title='bbox 199 2412 363 2465; x_wconf 81' lang='grc' dir='ltr'>ταῦτα</span> <span class='ocrx_word' id='word_1_267' title='bbox 388 2412 588 2474; x_wconf 78' lang='grc' dir='ltr'>ἀὐτοῖς</span> <span class='ocrx_word' id='word_1_268' title='bbox 619 2410 793 2473; x_wconf 72' lang='grc' dir='ltr'><strong><em>οὐδεὶς</em></strong></span> <span class='ocrx_word' id='word_1_269' title='bbox 815 2409 974 2472; x_wconf 77' lang='grc' dir='ltr'>ᾷλλος</span> <span class='ocrx_word' id='word_1_270' title='bbox 1005 2408 1038 2480; x_wconf 81' lang='grc' dir='ltr'>ἦ</span> <span class='ocrx_word' id='word_1_271' title='bbox 1062 2408 1222 2472; x_wconf 74' lang='grc' dir='ltr'>αὐτὸς</span> <span class='ocrx_word' id='word_1_272' title='bbox 1242 2411 1270 2460; x_wconf 97' lang='lat'><strong><em>6</em></strong></span> <span class='ocrx_word' id='word_1_273' title='bbox 1305 2407 1509 2480; x_wconf 87' lang='grc' dir='ltr'>Κύριος</span> <span class='ocrx_word' id='word_1_274' title='bbox 1535 2407 1774 2477; x_wconf 81' lang='grc' dir='ltr'>ἐπέφανέ</span> 
     </span>
    </p>
   </div>
   <div class='ocr_carea' id='block_1_41' title="bbox 197 2497 1773 2571">
    <p class='ocr_par' dir='ltr' id='par_1_41' title="bbox 197 2497 1773 2571">
     <span class='ocr_line' id='line_1_41' title="bbox 197 2497 1773 2571; baseline -0.004 -13"><span class='ocrx_word' id='word_1_275' title='bbox 197 2521 254 2558; x_wconf 85' lang='grc' dir='ltr'><strong><em>τε</em></strong></span> <span class='ocrx_word' id='word_1_276' title='bbox 290 2506 382 2558; x_wconf 71' lang='grc' dir='ltr'><strong><em>καὶ</em></strong></span> <span class='ocrx_word' id='word_1_277' title='bbox 410 2503 608 2570; x_wconf 80' lang='grc' dir='ltr'>ἕδειξε’</span> <span class='ocrx_word' id='word_1_278' title='bbox 653 2502 733 2554; x_wconf 87' lang='grc' dir='ltr'><strong><em>διό</em></strong></span> <span class='ocrx_word' id='word_1_279' title='bbox 767 2517 950 2568; x_wconf 81' lang='grc' dir='ltr'>φασιν,</span> <span class='ocrx_word' id='word_1_280' title='bbox 993 2501 1426 2571; x_wconf 70' lang='grc' dir='ltr'><strong><em>Εὺυίογήκαμεν</em></strong></span> <span class='ocrx_word' id='word_1_281' title='bbox 1477 2497 1662 2570; x_wconf 83' lang='grc' dir='ltr'><em>ὑμᾶς’</em></span> <span class='ocrx_word' id='word_1_282' title='bbox 1693 2501 1773 2554; x_wconf 76' lang='grc' dir='ltr'><strong><em>ὅτι</em></strong></span> 
     </span>
    </p>
   </div>
   <div class='ocr_carea' id='block_1_42' title="bbox 199 2591 1776 2668">
    <p class='ocr_par' dir='ltr' id='par_1_42' title="bbox 199 2591 1776 2668">
     <span class='ocr_line' id='line_1_42' title="bbox 199 2591 1776 2668; baseline -0.003 -19"><span class='ocrx_word' id='word_1_283' title='bbox 199 2597 430 2666; x_wconf 79' lang='grc' dir='ltr'>ὲπέφανε</span> <span class='ocrx_word' id='word_1_284' title='bbox 488 2598 586 2668; x_wconf 84' lang='grc' dir='ltr'>τὴν</span> <span class='ocrx_word' id='word_1_285' title='bbox 632 2595 904 2666; x_wconf 76' lang='grc' dir='ltr'>ὑμετέραν</span> <span class='ocrx_word' id='word_1_286' title='bbox 949 2593 1130 2657; x_wconf 81' lang='grc' dir='ltr'>δείξας</span> <span class='ocrx_word' id='word_1_287' title='bbox 1175 2592 1466 2665; x_wconf 81' lang='grc' dir='ltr'><strong><em>σωτηρίαν.</em></strong></span> <span class='ocrx_word' id='word_1_288' title='bbox 1517 2591 1776 2658; x_wconf 83' lang='grc' dir='ltr'><strong><em>Ἐπευξά-</em></strong></span> 
     </span>
    </p>
   </div>
   <div class='ocr_carea' id='block_1_43' title="bbox 203 2683 1778 2757">
    <p class='ocr_par' dir='ltr' id='par_1_43' title="bbox 203 2683 1778 2757">
     <span class='ocr_line' id='line_1_43' title="bbox 203 2683 1778 2757; baseline -0.003 -18"><span class='ocrx_word' id='word_1_289' title='bbox 203 2704 346 2757; x_wconf 84' lang='grc' dir='ltr'>μενοι</span> <span class='ocrx_word' id='word_1_290' title='bbox 402 2688 498 2741; x_wconf 79' lang='grc' dir='ltr'><strong><em>καὶ</em></strong></span> <span class='ocrx_word' id='word_1_291' title='bbox 553 2686 621 2740; x_wconf 81' lang='grc' dir='ltr'>τὰ</span> <span class='ocrx_word' id='word_1_292' title='bbox 678 2686 942 2757; x_wconf 82' lang='grc' dir='ltr'>μέλλοντα</span> <span class='ocrx_word' id='word_1_293' title='bbox 984 2684 1468 2757; x_wconf 83' lang='grc' dir='ltr'>προθεωρήσαντες</span> <span class='ocrx_word' id='word_1_294' title='bbox 1513 2683 1592 2754; x_wconf 82' lang='grc' dir='ltr'><strong><em>τῷ</em></strong></span> <span class='ocrx_word' id='word_1_295' title='bbox 1636 2683 1778 2754; x_wconf 85' lang='grc' dir='ltr'>ἁγίῳ</span> 
     </span>
    </p>
   </div>
   <div class='ocr_carea' id='block_1_44' title="bbox 201 2775 1788 2851">
    <p class='ocr_par' dir='ltr' id='par_1_44' title="bbox 201 2775 1788 2851">
     <span class='ocr_line' id='line_1_44' title="bbox 201 2775 1788 2851; baseline -0.003 -19"><span class='ocrx_word' id='word_1_296' title='bbox 201 2780 472 2851; x_wconf 86' lang='grc' dir='ltr'>Πνεύματι</span> <span class='ocrx_word' id='word_1_297' title='bbox 505 2780 572 2832; x_wconf 80' lang='grc' dir='ltr'>τὰ</span> <span class='ocrx_word' id='word_1_298' title='bbox 606 2778 942 2849; x_wconf 84' lang='grc' dir='ltr'>προκείμενα</span> <span class='ocrx_word' id='word_1_299' title='bbox 982 2778 1030 2828; x_wconf 83' lang='lat' dir='ltr'><strong><em>oi.</em></strong></span> <span class='ocrx_word' id='word_1_300' title='bbox 1078 2776 1376 2847; x_wconf 72' lang='grc' dir='ltr'><strong><em>προφῆται,</em></strong></span> <span class='ocrx_word' id='word_1_301' title='bbox 1417 2775 1788 2847; x_wconf 71' lang='grc' dir='ltr'><strong><em>μακαρίζουσι,</em></strong></span> 
     </span>
    </p>
   </div>
   <div class='ocr_carea' id='block_1_45' title="bbox 201 2867 1781 2943">
    <p class='ocr_par' dir='ltr' id='par_1_45' title="bbox 201 2867 1781 2943">
     <span class='ocr_line' id='line_1_45' title="bbox 201 2867 1781 2943; baseline -0.003 -19"><span class='ocrx_word' id='word_1_302' title='bbox 201 2873 320 2936; x_wconf 84' lang='grc' dir='ltr'>τοὺς</span> <span class='ocrx_word' id='word_1_303' title='bbox 356 2870 649 2943; x_wconf 87' lang='grc' dir='ltr'>μέλλοντας</span> <span class='ocrx_word' id='word_1_304' title='bbox 694 2870 804 2922; x_wconf 87' lang='grc' dir='ltr'>τῶν</span> <span class='ocrx_word' id='word_1_305' title='bbox 835 2867 1292 2938; x_wconf 85' lang='grc' dir='ltr'><strong><em>ἀποτελεσμάτων</em></strong></span> <span class='ocrx_word' id='word_1_306' title='bbox 1337 2868 1467 2921; x_wconf 85' lang='grc' dir='ltr'>ποτὲ</span> <span class='ocrx_word' id='word_1_307' title='bbox 1495 2868 1781 2934; x_wconf 78' lang='grc' dir='ltr'>καταξιοῦ-</span> 
     </span>
    </p>
   </div>
   <div class='ocr_carea' id='block_1_46' title="bbox 205 2959 1782 3029">
    <p class='ocr_par' dir='ltr' id='par_1_46' title="bbox 205 2959 1782 3029">
     <span class='ocr_line' id='line_1_46' title="bbox 205 2959 1782 3029; baseline -0.003 -13"><span class='ocrx_word' id='word_1_308' title='bbox 205 2963 341 3016; x_wconf 83' lang='grc' dir='ltr'>σθαι.</span> <span class='ocrx_word' id='word_1_309' title='bbox 387 2961 796 3028; x_wconf 84' lang='grc' dir='ltr'><em>Συστήσασθε</em></span> <span class='ocrx_word' id='word_1_310' title='bbox 835 2959 1053 3029; x_wconf 81' lang='grc' dir='ltr'><em>ἑορτὴν</em></span> <span class='ocrx_word' id='word_1_311' title='bbox 1104 2960 1174 3012; x_wconf 82' lang='grc' dir='ltr'><em>ἐν</em></span> <span class='ocrx_word' id='word_1_312' title='bbox 1237 2959 1361 3025; x_wconf 81' lang='grc' dir='ltr'><em>τοῖς</em></span> <span class='ocrx_word' id='word_1_313' title='bbox 1409 2959 1782 3021; x_wconf 77' lang='grc' dir='ltr'><strong><em>πυκάζουσιν</em></strong></span> 
     </span>
    </p>
   </div>
   <div class='ocr_carea' id='block_1_47' title="bbox 201 3051 1781 3124">
    <p class='ocr_par' dir='ltr' id='par_1_47' title="bbox 201 3051 1781 3124">
     <span class='ocr_line' id='line_1_47' title="bbox 201 3051 1781 3124; baseline -0.003 -14"><span class='ocrx_word' id='word_1_314' title='bbox 201 3056 306 3123; x_wconf 79' lang='grc' dir='ltr'><strong><em>ἕως</em></strong></span> <span class='ocrx_word' id='word_1_315' title='bbox 341 3056 460 3110; x_wconf 83' lang='grc' dir='ltr'><em>τῶν</em></span> <span class='ocrx_word' id='word_1_316' title='bbox 506 3055 767 3124; x_wconf 81' lang='grc' dir='ltr'>κεράτων</span> <span class='ocrx_word' id='word_1_317' title='bbox 798 3054 903 3107; x_wconf 83' lang='grc' dir='ltr'><strong><em>τοῦ</em></strong></span> <span class='ocrx_word' id='word_1_318' title='bbox 937 3051 1402 3120; x_wconf 79' lang='grc' dir='ltr'><strong><em>θυσιαστηρίου,</em></strong></span> <span class='ocrx_word' id='word_1_319' title='bbox 1445 3055 1602 3124; x_wconf 77' lang='grc' dir='ltr'>ὑμεῖς</span> <span class='ocrx_word' id='word_1_320' title='bbox 1640 3055 1688 3106; x_wconf 90' lang='grc' dir='ltr'><strong><em>οἱ</em></strong></span> <span class='ocrx_word' id='word_1_321' title='bbox 1723 3053 1781 3120; x_wconf 81' lang='grc' dir='ltr'>ἐξ</span> 
     </span>
    </p>
   </div>
   <div class='ocr_carea' id='block_1_48' title="bbox 1874 1931 3455 2016">
    <p class='ocr_par' dir='ltr' id='par_1_48' title="bbox 1874 1931 3455 2016">
     <span class='ocr_line' id='line_1_48' title="bbox 1874 1931 3455 2016; baseline -0.015 -16"><span class='ocrx_word' id='word_1_322' title='bbox 1874 1961 2010 2016; x_wconf 84' lang='lat' dir='ltr'><strong><em>gnos</em></strong></span> <span class='ocrx_word' id='word_1_323' title='bbox 2031 1943 2326 1999; x_wconf 80' lang='lat' dir='ltr'><strong><em>exhibeant</em></strong></span> <span class='ocrx_word' id='word_1_324' title='bbox 2358 1957 2370 1993; x_wconf 95' lang='lat'><strong>:</strong></span> <span class='ocrx_word' id='word_1_325' title='bbox 2407 1937 2620 1992; x_wconf 80' lang='lat' dir='ltr'><strong><em>facilem</em></strong></span> <span class='ocrx_word' id='word_1_326' title='bbox 2655 1934 2962 2004; x_wconf 78' lang='lat' dir='ltr'><strong><em>ipsisviam</em></strong></span> <span class='ocrx_word' id='word_1_327' title='bbox 3011 1944 3161 1999; x_wconf 75' lang='lat' dir='ltr'><strong><em>paro,</em></strong></span> <span class='ocrx_word' id='word_1_328' title='bbox 3209 1935 3270 1980; x_wconf 89' lang='lat' dir='ltr'><strong><em>ut</em></strong></span> <span class='ocrx_word' id='word_1_329' title='bbox 3300 1931 3455 1995; x_wconf 52' lang='lat' dir='ltr'><strong><em>posta</em></strong></span> 
     </span>
    </p>
   </div>
   <div class='ocr_carea' id='block_1_49' title="bbox 1873 2017 3457 2110">
    <p class='ocr_par' dir='ltr' id='par_1_49' title="bbox 1873 2017 3457 2110">
     <span class='ocr_line' id='line_1_49' title="bbox 1873 2017 3457 2110; baseline -0.015 -16"><span class='ocrx_word' id='word_1_330' title='bbox 1873 2055 2037 2110; x_wconf 85' lang='lat' dir='ltr'><strong><em>quam</em></strong></span> <span class='ocrx_word' id='word_1_331' title='bbox 2075 2037 2190 2091; x_wconf 58' lang='lat' dir='ltr'><strong><em>haec</em></strong></span> <span class='ocrx_word' id='word_1_332' title='bbox 2243 2031 2526 2090; x_wconf 90' lang='lat' dir='ltr'><strong><em>consecuti</em></strong></span> <span class='ocrx_word' id='word_1_333' title='bbox 2576 2027 2799 2092; x_wconf 81' lang='lat' dir='ltr'><strong><em>fuerim,</em></strong></span> <span class='ocrx_word' id='word_1_334' title='bbox 2856 2041 2885 2078; x_wconf 91' lang='lat' dir='ltr'><strong><em>a</em></strong></span> <span class='ocrx_word' id='word_1_335' title='bbox 2942 2023 3142 2076; x_wconf 82' lang='lat' dir='ltr'><strong><em>talibus</em></strong></span> <span class='ocrx_word' id='word_1_336' title='bbox 3181 2017 3340 2073; x_wconf 84' lang='lat' dir='ltr'><strong><em>bonis</em></strong></span> <span class='ocrx_word' id='word_1_337' title='bbox 3384 2030 3457 2070; x_wconf 79' lang='lat' dir='ltr'><strong><em>ne</em></strong></span> 
     </span>
    </p>
   </div>
   <div class='ocr_carea' id='block_1_50' title="bbox 1874 2131 2151 2186">
    <p class='ocr_par' dir='ltr' id='par_1_50' title="bbox 1874 2131 2151 2186">
     <span class='ocr_line' id='line_1_50' title="bbox 1874 2131 2151 2186; baseline -0.014 0"><span class='ocrx_word' id='word_1_338' title='bbox 1874 2131 2151 2186; x_wconf 79' lang='lat' dir='ltr'><strong><em>excidant.</em></strong></span> 
     </span>
    </p>
   </div>
   <div class='ocr_carea' id='block_1_51' title="bbox 1948 2199 3454 2279">
    <p class='ocr_par' dir='ltr' id='par_1_51' title="bbox 1948 2199 3454 2279">
     <span class='ocr_line' id='line_1_51' title="bbox 1948 2199 3454 2279; baseline -0.017 -3"><span class='ocrx_word' id='word_1_339' title='bbox 1948 2224 2114 2279; x_wconf 69' lang='lat' dir='ltr'><strong><em>Vens.</em></strong></span> <span class='ocrx_word' id='word_1_340' title='bbox 2143 2221 2236 2275; x_wconf 69' lang='lat'><strong><em>27.</em></strong></span> <span class='ocrx_word' id='word_1_341' title='bbox 2294 2217 2667 2273; x_wconf 64' lang='lat' dir='ltr'><strong><em>Benedia‘imus</em></strong></span> <span class='ocrx_word' id='word_1_342' title='bbox 2698 2211 2844 2267; x_wconf 76' lang='lat' dir='ltr'><strong><em>vobis</em></strong></span> <span class='ocrx_word' id='word_1_343' title='bbox 2900 2208 2963 2261; x_wconf 89' lang='lat' dir='ltr'><strong><em>de</em></strong></span> <span class='ocrx_word' id='word_1_344' title='bbox 2992 2207 3145 2259; x_wconf 81' lang='lat' dir='ltr'><strong><em>domo</em></strong></span> <span class='ocrx_word' id='word_1_345' title='bbox 3189 2199 3400 2257; x_wconf 77' lang='lat' dir='ltr'><strong><em>Domini</em></strong></span> <span class='ocrx_word' id='word_1_346' title='bbox 3433 2213 3454 2252; x_wconf 88' lang='lat'><strong><em>:</em></strong></span> 
     </span>
    </p>
   </div>
   <div class='ocr_carea' id='block_1_52' title="bbox 1877 2291 3460 2371">
    <p class='ocr_par' dir='ltr' id='par_1_52' title="bbox 1877 2291 3460 2371">
     <span class='ocr_line' id='line_1_52' title="bbox 1877 2291 3460 2371; baseline -0.018 0"><span class='ocrx_word' id='word_1_347' title='bbox 1877 2317 2018 2371; x_wconf 84' lang='lat' dir='ltr'><strong><em>Deus</em></strong></span> <span class='ocrx_word' id='word_1_348' title='bbox 2061 2314 2318 2368; x_wconf 79' lang='lat' dir='ltr'><strong><em>Dominus</em></strong></span> <span class='ocrx_word' id='word_1_349' title='bbox 2366 2320 2416 2364; x_wconf 88' lang='lat' dir='ltr'><strong><em>et</em></strong></span> <span class='ocrx_word' id='word_1_350' title='bbox 2465 2309 2645 2364; x_wconf 72' lang='lat' dir='ltr'><strong><em>illuxit</em></strong></span> <span class='ocrx_word' id='word_1_351' title='bbox 2687 2304 2856 2359; x_wconf 88' lang='lat' dir='ltr'><strong><em>nobis.</em></strong></span> <span class='ocrx_word' id='word_1_352' title='bbox 2905 2299 3244 2356; x_wconf 80' lang='lat' dir='ltr'><strong><em>Conﬁtentes</em></strong></span> <span class='ocrx_word' id='word_1_353' title='bbox 3282 2291 3460 2346; x_wconf 62' lang='lat' dir='ltr'><strong><em>nemi-a</em></strong></span> 
     </span>
    </p>
   </div>
   <div class='ocr_carea' id='block_1_53' title="bbox 1877 2387 3459 2473">
    <p class='ocr_par' dir='ltr' id='par_1_53' title="bbox 1877 2387 3459 2473">
     <span class='ocr_line' id='line_1_53' title="bbox 1877 2387 3459 2473; baseline -0.018 -11"><span class='ocrx_word' id='word_1_354' title='bbox 1877 2422 2002 2462; x_wconf 90' lang='lat' dir='ltr'><strong><em>nem</em></strong></span> <span class='ocrx_word' id='word_1_355' title='bbox 2028 2405 2197 2459; x_wconf 91' lang='lat' dir='ltr'><strong><em>alium</em></strong></span> <span class='ocrx_word' id='word_1_356' title='bbox 2232 2418 2396 2473; x_wconf 88' lang='lat' dir='ltr'><strong><em>quam</em></strong></span> <span class='ocrx_word' id='word_1_357' title='bbox 2427 2402 2610 2472; x_wconf 83' lang='lat' dir='ltr'><strong><em>ipsum</em></strong></span> <span class='ocrx_word' id='word_1_358' title='bbox 2638 2396 2932 2452; x_wconf 86' lang='lat' dir='ltr'><strong><em>Dominum</em></strong></span> <span class='ocrx_word' id='word_1_359' title='bbox 2960 2392 3074 2444; x_wconf 68' lang='lat' dir='ltr'><strong><em>haec</em></strong></span> <span class='ocrx_word' id='word_1_360' title='bbox 3105 2387 3239 2456; x_wconf 88' lang='lat' dir='ltr'><strong><em>ipsis</em></strong></span> <span class='ocrx_word' id='word_1_361' title='bbox 3269 2391 3459 2439; x_wconf 84' lang='lat' dir='ltr'><strong><em>osten-</em></strong></span> 
     </span>
    </p>
   </div>
   <div class='ocr_carea' id='block_1_54' title="bbox 1879 2480 3461 2564">
    <p class='ocr_par' dir='ltr' id='par_1_54' title="bbox 1879 2480 3461 2564">
     <span class='ocr_line' id='line_1_54' title="bbox 1879 2480 3461 2564; baseline -0.019 -7"><span class='ocrx_word' id='word_1_362' title='bbox 1879 2503 2029 2558; x_wconf 87' lang='lat' dir='ltr'><strong><em>disse</em></strong></span> <span class='ocrx_word' id='word_1_363' title='bbox 2059 2515 2123 2554; x_wconf 88' lang='lat' dir='ltr'><strong><em>ac</em></strong></span> <span class='ocrx_word' id='word_1_364' title='bbox 2151 2496 2489 2560; x_wconf 78' lang='lat' dir='ltr'><strong><em>exhibuisse,</em></strong></span> <span class='ocrx_word' id='word_1_365' title='bbox 2521 2507 2691 2564; x_wconf 88' lang='lat' dir='ltr'><strong><em>quare</em></strong></span> <span class='ocrx_word' id='word_1_366' title='bbox 2725 2489 2952 2544; x_wconf 86' lang='lat' dir='ltr'><strong><em>dicunt:</em></strong></span> <span class='ocrx_word' id='word_1_367' title='bbox 2974 2480 3344 2537; x_wconf 76' lang='lat' dir='ltr'><strong><em>Benedixintus</em></strong></span> <span class='ocrx_word' id='word_1_368' title='bbox 3369 2493 3461 2529; x_wconf 80' lang='lat' dir='ltr'><strong><em>vo-</em></strong></span> 
     </span>
    </p>
   </div>
   <div class='ocr_carea' id='block_1_55' title="bbox 1881 2568 3462 2663">
    <p class='ocr_par' dir='ltr' id='par_1_55' title="bbox 1881 2568 3462 2663">
     <span class='ocr_line' id='line_1_55' title="bbox 1881 2568 3462 2663; baseline -0.018 -15"><span class='ocrx_word' id='word_1_369' title='bbox 1881 2594 1981 2658; x_wconf 85' lang='lat' dir='ltr'><strong><em>bis,</em></strong></span> <span class='ocrx_word' id='word_1_370' title='bbox 2008 2592 2134 2663; x_wconf 84' lang='lat' dir='ltr'><strong><em>quia</em></strong></span> <span class='ocrx_word' id='word_1_371' title='bbox 2174 2591 2351 2645; x_wconf 81' lang='lat' dir='ltr'><strong><em>illuxit</em></strong></span> <span class='ocrx_word' id='word_1_372' title='bbox 2401 2593 2636 2643; x_wconf 85' lang='lat' dir='ltr'><strong><em>vestram</em></strong></span> <span class='ocrx_word' id='word_1_373' title='bbox 2684 2583 2917 2638; x_wconf 80' lang='lat' dir='ltr'><strong><em>salutem</em></strong></span> <span class='ocrx_word' id='word_1_374' title='bbox 2949 2574 3268 2632; x_wconf 87' lang='lat' dir='ltr'><strong><em>ostendens.</em></strong></span> <span class='ocrx_word' id='word_1_375' title='bbox 3302 2568 3462 2623; x_wconf 86' lang='lat' dir='ltr'><strong><em>Post-</em></strong></span> 
     </span>
    </p>
   </div>
   <div class='ocr_carea' id='block_1_56' title="bbox 1880 2660 3463 2757">
    <p class='ocr_par' dir='ltr' id='par_1_56' title="bbox 1880 2660 3463 2757">
     <span class='ocr_line' id='line_1_56' title="bbox 1880 2660 3463 2757; baseline -0.019 -16"><span class='ocrx_word' id='word_1_376' title='bbox 1880 2701 2042 2757; x_wconf 88' lang='lat' dir='ltr'><strong><em>quam</em></strong></span> <span class='ocrx_word' id='word_1_377' title='bbox 2097 2691 2278 2738; x_wconf 89' lang='lat' dir='ltr'><strong><em>autem</em></strong></span> <span class='ocrx_word' id='word_1_378' title='bbox 2315 2684 2622 2735; x_wconf 82' lang='lat' dir='ltr'><strong><em>oraverunt-</em></strong></span> <span class='ocrx_word' id='word_1_379' title='bbox 2649 2683 2704 2730; x_wconf 87' lang='lat' dir='ltr'><strong><em>et</em></strong></span> <span class='ocrx_word' id='word_1_380' title='bbox 2747 2673 2803 2727; x_wconf 90' lang='lat' dir='ltr'><strong><em>in</em></strong></span> <span class='ocrx_word' id='word_1_381' title='bbox 2844 2669 3052 2741; x_wconf 90' lang='lat' dir='ltr'><strong><em>Spiritu</em></strong></span> <span class='ocrx_word' id='word_1_382' title='bbox 3106 2670 3297 2719; x_wconf 87' lang='lat' dir='ltr'><strong><em>sancto</em></strong></span> <span class='ocrx_word' id='word_1_383' title='bbox 3347 2660 3463 2713; x_wconf 76' lang='lat' dir='ltr'><strong><em>haec</em></strong></span> 
     </span>
    </p>
   </div>
   <div class='ocr_carea' id='block_1_57' title="bbox 1882 2753 3464 2846">
    <p class='ocr_par' dir='ltr' id='par_1_57' title="bbox 1882 2753 3464 2846">
     <span class='ocr_line' id='line_1_57' title="bbox 1882 2753 3464 2846; baseline -0.018 -14"><span class='ocrx_word' id='word_1_384' title='bbox 1882 2753 2065 2832; x_wconf 77' lang='lat' dir='ltr'><strong><em>futura</em></strong></span> <span class='ocrx_word' id='word_1_385' title='bbox 2107 2778 2518 2846; x_wconf 48' lang='lat' dir='ltr'><strong><em>prospexerunt»</em></strong></span> <span class='ocrx_word' id='word_1_386' title='bbox 2569 2766 2867 2838; x_wconf 58' lang='lat' dir='ltr'><strong><em>prophetae,</em></strong></span> <span class='ocrx_word' id='word_1_387' title='bbox 2923 2762 3113 2816; x_wconf 87' lang='lat' dir='ltr'><strong><em>beatos</em></strong></span> <span class='ocrx_word' id='word_1_388' title='bbox 3163 2753 3464 2825; x_wconf 66' lang='lat' dir='ltr'><strong><em>praedicant</em></strong></span> 
     </span>
    </p>
   </div>
   <div class='ocr_carea' id='block_1_58' title="bbox 1881 2848 3466 2940">
    <p class='ocr_par' dir='ltr' id='par_1_58' title="bbox 1881 2848 3466 2940">
     <span class='ocr_line' id='line_1_58' title="bbox 1881 2848 3466 2940; baseline -0.019 -15"><span class='ocrx_word' id='word_1_389' title='bbox 1881 2886 1976 2925; x_wconf 90' lang='lat' dir='ltr'><strong><em>eos</em></strong></span> <span class='ocrx_word' id='word_1_390' title='bbox 2011 2869 2104 2940; x_wconf 87' lang='lat' dir='ltr'><strong><em>qui</em></strong></span> <span class='ocrx_word' id='word_1_391' title='bbox 2143 2867 2338 2921; x_wconf 90' lang='lat' dir='ltr'><strong><em>horum</em></strong></span> <span class='ocrx_word' id='word_1_392' title='bbox 2374 2863 2532 2918; x_wconf 90' lang='lat' dir='ltr'><strong><em>ﬁnem</em></strong></span> <span class='ocrx_word' id='word_1_393' title='bbox 2564 2867 2619 2915; x_wconf 88' lang='lat' dir='ltr'><strong><em>et</em></strong></span> <span class='ocrx_word' id='word_1_394' title='bbox 2664 2856 2917 2912; x_wconf 73' lang='lat' dir='ltr'><strong><em>eﬁ’ectum</em></strong></span> <span class='ocrx_word' id='word_1_395' title='bbox 2952 2848 3244 2921; x_wconf 81' lang='lat' dir='ltr'><strong><em>aliquando</em></strong></span> <span class='ocrx_word' id='word_1_396' title='bbox 3273 2857 3466 2899; x_wconf 60' lang='lat' dir='ltr'><strong><em>eonsev</em></strong></span> 
     </span>
    </p>
   </div>
   <div class='ocr_carea' id='block_1_59' title="bbox 1882 2934 3462 3017">
    <p class='ocr_par' dir='ltr' id='par_1_59' title="bbox 1882 2934 3462 3017">
     <span class='ocr_line' id='line_1_59' title="bbox 1882 2934 3462 3017; baseline -0.02 0"><span class='ocrx_word' id='word_1_397' title='bbox 1882 2934 2061 3017; x_wconf 76' lang='lat' dir='ltr'><strong><em>cuturi</em></strong></span> <span class='ocrx_word' id='word_1_398' title='bbox 2091 2967 2239 3015; x_wconf 91' lang='lat' dir='ltr'><strong><em>sunt.</em></strong></span> <span class='ocrx_word' id='word_1_399' title='bbox 2275 2954 2598 3010; x_wconf 85' lang='lat' dir='ltr'><strong><em>Canstituite</em></strong></span> <span class='ocrx_word' id='word_1_400' title='bbox 2626 2951 2764 3004; x_wconf 91' lang='lat' dir='ltr'><strong><em>diem</em></strong></span> <span class='ocrx_word' id='word_1_401' title='bbox 2791 2946 3075 3002; x_wconf 76' lang='lat' dir='ltr'><strong><em>solemnem</em></strong></span> <span class='ocrx_word' id='word_1_402' title='bbox 3103 2942 3157 2994; x_wconf 86' lang='lat' dir='ltr'><strong><em>in</em></strong></span> <span class='ocrx_word' id='word_1_403' title='bbox 3187 2934 3462 2992; x_wconf 72' lang='lat' dir='ltr'><strong><em>condensis</em></strong></span> 
     </span>
    </p>
   </div>
   <div class='ocr_carea' id='block_1_60' title="bbox 1884 3027 3464 3124">
    <p class='ocr_par' dir='ltr' id='par_1_60' title="bbox 1884 3027 3464 3124">
     <span class='ocr_line' id='line_1_60' title="bbox 1884 3027 3464 3124; baseline -0.018 -16"><span class='ocrx_word' id='word_1_404' title='bbox 1884 3070 2046 3124; x_wconf 85' lang='lat' dir='ltr'><strong><em>usque</em></strong></span> <span class='ocrx_word' id='word_1_405' title='bbox 2079 3051 2148 3105; x_wconf 87' lang='lat' dir='ltr'><strong><em>ad</em></strong></span> <span class='ocrx_word' id='word_1_406' title='bbox 2196 3046 2649 3108; x_wconf 50' lang='lat' dir='ltr'><strong><em>cornua‘allaris,</em></strong></span> <span class='ocrx_word' id='word_1_407' title='bbox 2697 3055 2796 3097; x_wconf 85' lang='lat' dir='ltr'><strong><em>vos</em></strong></span> <span class='ocrx_word' id='word_1_408' title='bbox 2834 3055 2916 3095; x_wconf 38' lang='lat' dir='ltr'><strong><em>ex,</em></strong></span> <span class='ocrx_word' id='word_1_409' title='bbox 2953 3034 3207 3107; x_wconf 81' lang='lat' dir='ltr'><strong><em>gentibus</em></strong></span> <span class='ocrx_word' id='word_1_410' title='bbox 3253 3031 3347 3100; x_wconf 88' lang='lat' dir='ltr'><strong><em>qui</em></strong></span> <span class='ocrx_word' id='word_1_411' title='bbox 3405 3027 3464 3080; x_wconf 85' lang='lat' dir='ltr'><strong><em>in</em></strong></span> 
     </span>
    </p>
   </div>
   <div class='ocr_carea' id='block_1_61' title="bbox 204 3128 1779 3222">
    <p class='ocr_par' dir='ltr' id='par_1_61' title="bbox 204 3144 1779 3216">
     <span class='ocr_line' id='line_1_61' title="bbox 204 3144 1779 3216; baseline -0.001 -18"><span class='ocrx_word' id='word_1_412' title='bbox 204 3147 364 3201; x_wconf 78' lang='grc' dir='ltr'><em>ἐθνῶν</em></span> <span class='ocrx_word' id='word_1_413' title='bbox 397 3151 458 3202; x_wconf 78' lang='grc' dir='ltr'><strong><em>ἐν</em></strong></span> <span class='ocrx_word' id='word_1_414' title='bbox 490 3151 602 3211; x_wconf 88' lang='grc' dir='ltr'>τοῖς</span> <span class='ocrx_word' id='word_1_415' title='bbox 649 3146 970 3210; x_wconf 79' lang='grc' dir='ltr'>πυκάζουσι.</span> <span class='ocrx_word' id='word_1_416' title='bbox 1009 3144 1177 3197; x_wconf 75' lang='grc' dir='ltr'>Τοῦτο</span> <span class='ocrx_word' id='word_1_417' title='bbox 1211 3144 1268 3196; x_wconf 83' lang='grc' dir='ltr'>δὲ</span> <span class='ocrx_word' id='word_1_418' title='bbox 1315 3147 1342 3198; x_wconf 96' lang='lat'><strong><em>6</em></strong></span> <span class='ocrx_word' id='word_1_419' title='bbox 1397 3145 1494 3216; x_wconf 81' lang='grc' dir='ltr'><strong><em>μὲν</em></strong></span> <span class='ocrx_word' id='word_1_420' title='bbox 1548 3144 1779 3208; x_wconf 81' lang='grc' dir='ltr'><strong><em>Ἀκύλας</em></strong></span> 
     </span>
    </p>
   </div>
   <div class='ocr_carea' id='block_1_62' title="bbox 1888 3128 3466 3222">
    <p class='ocr_par' dir='ltr' id='par_1_62' title="bbox 1888 3128 3466 3201">
     <span class='ocr_line' id='line_1_62' title="bbox 1888 3128 3466 3201; baseline -0.017 0"><span class='ocrx_word' id='word_1_421' title='bbox 1888 3146 2179 3201; x_wconf 81' lang='lat' dir='ltr'><strong><em>condensis</em></strong></span> <span class='ocrx_word' id='word_1_422' title='bbox 2208 3143 2364 3198; x_wconf 89' lang='lat' dir='ltr'><strong><em>estis.</em></strong></span> <span class='ocrx_word' id='word_1_423' title='bbox 2385 3138 2501 3192; x_wconf 83' lang='lat' dir='ltr'><strong><em>Hoc</em></strong></span> <span class='ocrx_word' id='word_1_424' title='bbox 2531 3145 2712 3190; x_wconf 90' lang='lat' dir='ltr'><strong><em>autem</em></strong></span> <span class='ocrx_word' id='word_1_425' title='bbox 2739 3134 2820 3188; x_wconf 89' lang='lat' dir='ltr'><strong><em>sic</em></strong></span> <span class='ocrx_word' id='word_1_426' title='bbox 2847 3129 3043 3200; x_wconf 82' lang='lat' dir='ltr'><strong><em>Aquila</em></strong></span> <span class='ocrx_word' id='word_1_427' title='bbox 3072 3128 3466 3193; x_wconf 74' lang='lat' dir='ltr'><strong><em>interpretatus</em></strong></span> 
     </span>
    </p>
   </div>
   <div class='ocr_carea' id='block_1_63' title="bbox 205 3235 1778 3313">
    <p class='ocr_par' dir='ltr' id='par_1_63' title="bbox 205 3235 1778 3313">
     <span class='ocr_line' id='line_1_63' title="bbox 205 3235 1778 3313; baseline -0.001 -20"><span class='ocrx_word' id='word_1_428' title='bbox 205 3240 543 3313; x_wconf 82' lang='grc' dir='ltr'>ήρμήνευσεν</span> <span class='ocrx_word' id='word_1_429' title='bbox 576 3238 772 3292; x_wconf 81' lang='grc' dir='ltr'><strong><em>εἰπών·</em></strong></span> <span class='ocrx_word' id='word_1_430' title='bbox 807 3237 1040 3304; x_wconf 78' lang='grc' dir='ltr'><em>Δήσατε</em></span> <span class='ocrx_word' id='word_1_431' title='bbox 1075 3235 1295 3306; x_wconf 73' lang='grc' dir='ltr'>ἑορτὴν</span> <span class='ocrx_word' id='word_1_432' title='bbox 1321 3237 1391 3290; x_wconf 77' lang='grc' dir='ltr'><strong><em>ἐν</em></strong></span> <span class='ocrx_word' id='word_1_433' title='bbox 1422 3236 1744 3306; x_wconf 78' lang='grc' dir='ltr'><em>πιμελέσιν</em></span> <span class='ocrx_word' id='word_1_434' title='bbox 1764 3253 1778 3266; x_wconf 80' lang='grc'><em>”</em></span> 
     </span>
    </p>
   </div>
   <div class='ocr_carea' id='block_1_64' title="bbox 204 3325 1785 3402">
    <p class='ocr_par' dir='ltr' id='par_1_64' title="bbox 204 3325 1785 3402">
     <span class='ocr_line' id='line_1_64' title="bbox 204 3325 1785 3402; baseline 0 -22"><span class='ocrx_word' id='word_1_435' title='bbox 204 3328 232 3380; x_wconf 89' lang='lat'><strong><em>6</em></strong></span> <span class='ocrx_word' id='word_1_436' title='bbox 260 3329 313 3382; x_wconf 83' lang='grc' dir='ltr'>δὲ</span> <span class='ocrx_word' id='word_1_437' title='bbox 341 3330 638 3402; x_wconf 82' lang='grc' dir='ltr'><strong><em>Σύμμαχος</em></strong></span> <span class='ocrx_word' id='word_1_438' title='bbox 659 3346 672 3360; x_wconf 89' lang='grc'><strong>·</strong></span> <span class='ocrx_word' id='word_1_439' title='bbox 720 3328 1075 3398; x_wconf 82' lang='grc' dir='ltr'><em>Συνδήσατε</em></span> <span class='ocrx_word' id='word_1_440' title='bbox 1115 3328 1186 3381; x_wconf 84' lang='grc' dir='ltr'><em>ἐν</em></span> <span class='ocrx_word' id='word_1_441' title='bbox 1222 3325 1551 3396; x_wconf 75' lang='grc' dir='ltr'><strong><em>πανηγύρει</em></strong></span> <span class='ocrx_word' id='word_1_442' title='bbox 1596 3326 1785 3381; x_wconf 78' lang='grc' dir='ltr'><strong><em>πυκά-</em></strong></span> 
     </span>
    </p>
   </div>
   <div class='ocr_carea' id='block_1_65' title="bbox 209 3420 1784 3491">
    <p class='ocr_par' dir='ltr' id='par_1_65' title="bbox 209 3420 1784 3491">
     <span class='ocr_line' id='line_1_65' title="bbox 209 3420 1784 3491; baseline -0.002 -17"><span class='ocrx_word' id='word_1_443' title='bbox 209 3437 395 3491; x_wconf 86' lang='grc' dir='ltr'><em>σματα</em></span> <span class='ocrx_word' id='word_1_444' title='bbox 423 3423 530 3489; x_wconf 76' lang='grc' dir='ltr'><strong><em>ἕως</em></strong></span> <span class='ocrx_word' id='word_1_445' title='bbox 554 3421 672 3475; x_wconf 81' lang='grc' dir='ltr'><em>τῶν</em></span> <span class='ocrx_word' id='word_1_446' title='bbox 701 3421 963 3491; x_wconf 85' lang='grc' dir='ltr'>κεράτων</span> <span class='ocrx_word' id='word_1_447' title='bbox 983 3421 1089 3475; x_wconf 82' lang='grc' dir='ltr'><strong><em>τοῦ</em></strong></span> <span class='ocrx_word' id='word_1_448' title='bbox 1122 3420 1578 3487; x_wconf 72' lang='grc' dir='ltr'><strong><em>θυσιαστηρίου.</em></strong></span> <span class='ocrx_word' id='word_1_449' title='bbox 1609 3420 1784 3490; x_wconf 82' lang='grc' dir='ltr'>Προσ-</span> 
     </span>
    </p>
   </div>
   <div class='ocr_carea' id='block_1_66' title="bbox 210 3510 1788 3585">
    <p class='ocr_par' dir='ltr' id='par_1_66' title="bbox 210 3510 1788 3585">
     <span class='ocr_line' id='line_1_66' title="bbox 210 3510 1788 3585; baseline 0.001 -20"><span class='ocrx_word' id='word_1_450' title='bbox 210 3514 457 3570; x_wconf 77' lang='grc' dir='ltr'>τάττειδὲ</span> <span class='ocrx_word' id='word_1_451' title='bbox 484 3514 572 3568; x_wconf 80' lang='grc' dir='ltr'><strong><em>διὰ</em></strong></span> <span class='ocrx_word' id='word_1_452' title='bbox 600 3513 806 3568; x_wconf 78' lang='grc' dir='ltr'>τούτων</span> <span class='ocrx_word' id='word_1_453' title='bbox 837 3514 1051 3577; x_wconf 86' lang='grc' dir='ltr'><strong><em>πολλοῖς</em></strong></span> <span class='ocrx_word' id='word_1_454' title='bbox 1085 3512 1390 3585; x_wconf 85' lang='grc' dir='ltr'><strong><em>κειμηλίοις</em></strong></span> <span class='ocrx_word' id='word_1_455' title='bbox 1424 3510 1667 3584; x_wconf 79' lang='grc' dir='ltr'><strong><em>πληροῦν</em></strong></span> <span class='ocrx_word' id='word_1_456' title='bbox 1693 3511 1788 3567; x_wconf 75' lang='grc' dir='ltr'><strong><em>τὸν</em></strong></span> 
     </span>
    </p>
   </div>
   <div class='ocr_carea' id='block_1_67' title="bbox 206 3601 1790 3677">
    <p class='ocr_par' dir='ltr' id='par_1_67' title="bbox 206 3601 1790 3677">
     <span class='ocr_line' id='line_1_67' title="bbox 206 3601 1790 3677; baseline 0.001 -20"><span class='ocrx_word' id='word_1_457' title='bbox 206 3601 346 3662; x_wconf 85' lang='grc' dir='ltr'>οἶκον</span> <span class='ocrx_word' id='word_1_458' title='bbox 383 3608 477 3662; x_wconf 80' lang='grc' dir='ltr'>τοῦ</span> <span class='ocrx_word' id='word_1_459' title='bbox 526 3607 662 3661; x_wconf 85' lang='grc' dir='ltr'>Θεοῦ</span> <span class='ocrx_word' id='word_1_460' title='bbox 709 3607 802 3662; x_wconf 57' lang='grc' dir='ltr'><strong><em>καὶ⁵</em></strong></span> <span class='ocrx_word' id='word_1_461' title='bbox 847 3607 1162 3677; x_wconf 80' lang='grc' dir='ltr'>ἀναθήμασι</span> <span class='ocrx_word' id='word_1_462' title='bbox 1207 3606 1432 3668; x_wconf 82' lang='grc' dir='ltr'><strong><em>πυκνοῖς</em></strong></span> <span class='ocrx_word' id='word_1_463' title='bbox 1487 3604 1790 3676; x_wconf 79' lang='grc' dir='ltr'><strong><em>στεφανοῦν</em></strong></span> 
     </span>
    </p>
   </div>
   <div class='ocr_carea' id='block_1_68' title="bbox 207 3696 1325 3769">
    <p class='ocr_par' dir='ltr' id='par_1_68' title="bbox 207 3696 1325 3769">
     <span class='ocr_line' id='line_1_68' title="bbox 207 3696 1325 3769; baseline 0.003 -22"><span class='ocrx_word' id='word_1_464' title='bbox 207 3697 362 3753; x_wconf 81' lang='grc' dir='ltr'>αὑτὸν</span> <span class='ocrx_word' id='word_1_465' title='bbox 388 3698 534 3754; x_wconf 82' lang='grc' dir='ltr'>κατὰ</span> <span class='ocrx_word' id='word_1_466' title='bbox 563 3702 689 3762; x_wconf 84' lang='grc' dir='ltr'>τοὺς</span> <span class='ocrx_word' id='word_1_467' title='bbox 714 3697 822 3751; x_wconf 86' lang='grc' dir='ltr'><em>τῶν</em></span> <span class='ocrx_word' id='word_1_468' title='bbox 851 3696 1054 3769; x_wconf 79' lang='grc' dir='ltr'><strong><em>ἑορτῶν</em></strong></span> <span class='ocrx_word' id='word_1_469' title='bbox 1079 3696 1325 3768; x_wconf 81' lang='grc' dir='ltr'>καιρούς.</span> 
     </span>
    </p>
   </div>
   <div class='ocr_carea' id='block_1_69' title="bbox 276 3788 1788 3863">
    <p class='ocr_par' dir='ltr' id='par_1_69' title="bbox 276 3788 1788 3863">
     <span class='ocr_line' id='line_1_69' title="bbox 276 3788 1788 3863; baseline -0.006 -14"><span class='ocrx_word' id='word_1_470' title='bbox 276 3795 416 3861; x_wconf 86' lang='grc' dir='ltr'><em>Θεός</em></span> <span class='ocrx_word' id='word_1_471' title='bbox 449 3810 569 3863; x_wconf 89' lang='grc' dir='ltr'><strong><em>μου</em></strong></span> <span class='ocrx_word' id='word_1_472' title='bbox 597 3791 652 3845; x_wconf 84' lang='grc' dir='ltr'><strong><em>εἷ</em></strong></span> <span class='ocrx_word' id='word_1_473' title='bbox 683 3790 787 3855; x_wconf 85' lang='grc' dir='ltr'><strong><em>σὺ,</em></strong></span> <span class='ocrx_word' id='word_1_474' title='bbox 812 3789 909 3843; x_wconf 76' lang='grc' dir='ltr'><strong><em>καὶ</em></strong></span> <span class='ocrx_word' id='word_1_475' title='bbox 937 3789 1459 3859; x_wconf 66' lang='grc' dir='ltr'><em>ἐξομολογηὶσομαί</em></span> <span class='ocrx_word' id='word_1_476' title='bbox 1485 3804 1613 3842; x_wconf 80' lang='grc' dir='ltr'><em>σοι’</em></span> <span class='ocrx_word' id='word_1_477' title='bbox 1645 3788 1788 3853; x_wconf 83' lang='grc' dir='ltr'><em>Θεός</em></span> 
     </span>
    </p>
   </div>
   <div class='ocr_carea' id='block_1_70' title="bbox 203 3883 1787 3959">
    <p class='ocr_par' dir='ltr' id='par_1_70' title="bbox 203 3883 1787 3959">
     <span class='ocr_line' id='line_1_70' title="bbox 203 3883 1787 3959; baseline -0.006 -15"><span class='ocrx_word' id='word_1_478' title='bbox 203 3906 317 3959; x_wconf 82' lang='grc' dir='ltr'><em>μου</em></span> <span class='ocrx_word' id='word_1_479' title='bbox 349 3888 408 3946; x_wconf 76' lang='grc' dir='ltr'><strong><em>εἴ</em></strong></span> <span class='ocrx_word' id='word_1_480' title='bbox 442 3888 546 3951; x_wconf 85' lang='grc' dir='ltr'><strong><em>σὺ,</em></strong></span> <span class='ocrx_word' id='word_1_481' title='bbox 573 3887 671 3941; x_wconf 79' lang='grc' dir='ltr'><em>καί</em></span> <span class='ocrx_word' id='word_1_482' title='bbox 695 3883 922 3955; x_wconf 71' lang='grc' dir='ltr'><strong><em>ὑψώσω</em></strong></span> <span class='ocrx_word' id='word_1_483' title='bbox 951 3902 1045 3940; x_wconf 87' lang='grc' dir='ltr'>σε.</span> <span class='ocrx_word' id='word_1_484' title='bbox 1073 3885 1478 3958; x_wconf 85' lang='grc' dir='ltr'>Προστάττεται</span> <span class='ocrx_word' id='word_1_485' title='bbox 1508 3884 1565 3939; x_wconf 84' lang='grc' dir='ltr'><strong><em>δὲ</em></strong></span> <span class='ocrx_word' id='word_1_486' title='bbox 1595 3886 1624 3938; x_wconf 89' lang='lat'><strong><em>6</em></strong></span> <span class='ocrx_word' id='word_1_487' title='bbox 1655 3900 1787 3952; x_wconf 89' lang='grc' dir='ltr'>συγ-</span> 
     </span>
    </p>
   </div>
   <div class='ocr_carea' id='block_1_71' title="bbox 209 3976 1790 4054">
    <p class='ocr_par' dir='ltr' id='par_1_71' title="bbox 209 3976 1790 4054">
     <span class='ocr_line' id='line_1_71' title="bbox 209 3976 1790 4054; baseline -0.003 -20"><span class='ocrx_word' id='word_1_488' title='bbox 209 3982 494 4054; x_wconf 77' lang='grc' dir='ltr'>κροτηθεὶς</span> <span class='ocrx_word' id='word_1_489' title='bbox 519 3981 578 4034; x_wconf 85' lang='grc' dir='ltr'>ὲν</span> <span class='ocrx_word' id='word_1_490' title='bbox 620 3977 840 4052; x_wconf 79' lang='grc' dir='ltr'>Χριστῷ</span> <span class='ocrx_word' id='word_1_491' title='bbox 871 3978 997 4042; x_wconf 70' lang='grc' dir='ltr'><em>λαὸς</em></span> <span class='ocrx_word' id='word_1_492' title='bbox 1038 3979 1108 4033; x_wconf 82' lang='grc' dir='ltr'>ὲκ</span> <span class='ocrx_word' id='word_1_493' title='bbox 1128 3995 1186 4031; x_wconf 84' lang='grc' dir='ltr'><strong><em>τε</em></strong></span> <span class='ocrx_word' id='word_1_494' title='bbox 1218 3977 1321 4031; x_wconf 76' lang='grc' dir='ltr'>τοῦ</span> <span class='ocrx_word' id='word_1_495' title='bbox 1350 3976 1567 4050; x_wconf 73' lang='grc' dir='ltr'>Ἰσραὴλ</span> <span class='ocrx_word' id='word_1_496' title='bbox 1601 3978 1696 4030; x_wconf 74' lang='grc' dir='ltr'><strong><em>καὶ</em></strong></span> <span class='ocrx_word' id='word_1_497' title='bbox 1727 3979 1790 4030; x_wconf 81' lang='grc' dir='ltr'><strong><em>ἐκ</em></strong></span> 
     </span>
    </p>
   </div>
   <div class='ocr_carea' id='block_1_72' title="bbox 209 4068 1786 4145">
    <p class='ocr_par' dir='ltr' id='par_1_72' title="bbox 209 4068 1786 4145">
     <span class='ocr_line' id='line_1_72' title="bbox 209 4068 1786 4145; baseline -0.004 -18"><span class='ocrx_word' id='word_1_498' title='bbox 209 4075 299 4128; x_wconf 75' lang='grc' dir='ltr'>τοῦ</span> <span class='ocrx_word' id='word_1_499' title='bbox 331 4077 482 4129; x_wconf 79' lang='grc' dir='ltr'>οἴκου</span> <span class='ocrx_word' id='word_1_500' title='bbox 528 4071 757 4145; x_wconf 83' lang='grc' dir='ltr'>Ἀαρὼν,</span> <span class='ocrx_word' id='word_1_501' title='bbox 794 4073 888 4126; x_wconf 79' lang='grc' dir='ltr'>καὶ</span> <span class='ocrx_word' id='word_1_502' title='bbox 933 4072 999 4124; x_wconf 81' lang='grc' dir='ltr'><strong><em>ἐκ</em></strong></span> <span class='ocrx_word' id='word_1_503' title='bbox 1026 4070 1135 4125; x_wconf 84' lang='grc' dir='ltr'><em>τῶν</em></span> <span class='ocrx_word' id='word_1_504' title='bbox 1167 4069 1516 4141; x_wconf 74' lang='grc' dir='ltr'>φοϐουμένων</span> <span class='ocrx_word' id='word_1_505' title='bbox 1547 4069 1638 4122; x_wconf 78' lang='grc' dir='ltr'>τὸν</span> <span class='ocrx_word' id='word_1_506' title='bbox 1677 4068 1786 4120; x_wconf 81' lang='grc' dir='ltr'><strong><em>Κύ-</em></strong></span> 
     </span>
    </p>
   </div>
   <div class='ocr_carea' id='block_1_73' title="bbox 215 4160 1792 4239">
    <p class='ocr_par' dir='ltr' id='par_1_73' title="bbox 215 4160 1792 4239">
     <span class='ocr_line' id='line_1_73' title="bbox 215 4160 1792 4239; baseline -0.004 -20"><span class='ocrx_word' id='word_1_507' title='bbox 215 4185 324 4239; x_wconf 87' lang='grc' dir='ltr'>ριον</span> <span class='ocrx_word' id='word_1_508' title='bbox 374 4164 812 4238; x_wconf 73' lang='grc' dir='ltr'>ἐξομολογεῖσθαι</span> <span class='ocrx_word' id='word_1_509' title='bbox 846 4164 939 4218; x_wconf 73' lang='grc' dir='ltr'>καὶ</span> <span class='ocrx_word' id='word_1_510' title='bbox 979 4161 1159 4232; x_wconf 82' lang='grc' dir='ltr'>λέγειν</span> <span class='ocrx_word' id='word_1_511' title='bbox 1202 4165 1259 4216; x_wconf 80' lang='grc' dir='ltr'>ὲν</span> <span class='ocrx_word' id='word_1_512' title='bbox 1290 4164 1364 4233; x_wconf 75' lang='grc' dir='ltr'>τῇ</span> <span class='ocrx_word' id='word_1_513' title='bbox 1406 4160 1792 4231; x_wconf 77' lang='grc' dir='ltr'><strong><em>ἐξομολογήσει</em></strong></span> 
     </span>
    </p>
   </div>
   <div class='ocr_carea' id='block_1_74' title="bbox 211 4252 1787 4330">
    <p class='ocr_par' dir='ltr' id='par_1_74' title="bbox 211 4252 1787 4330">
     <span class='ocr_line' id='line_1_74' title="bbox 211 4252 1787 4330; baseline -0.008 -15"><span class='ocrx_word' id='word_1_514' title='bbox 211 4257 289 4321; x_wconf 81' lang='grc' dir='ltr'><strong><em>τὺ,</em></strong></span> <span class='ocrx_word' id='word_1_515' title='bbox 320 4261 466 4326; x_wconf 85' lang='grc' dir='ltr'><em>Θεός</em></span> <span class='ocrx_word' id='word_1_516' title='bbox 503 4277 624 4330; x_wconf 89' lang='grc' dir='ltr'><em>μου</em></span> <span class='ocrx_word' id='word_1_517' title='bbox 666 4253 725 4311; x_wconf 84' lang='grc' dir='ltr'><strong><em>εἷ</em></strong></span> <span class='ocrx_word' id='word_1_518' title='bbox 773 4256 890 4319; x_wconf 67' lang='grc' dir='ltr'><strong><em>σὺ,</em></strong></span> <span class='ocrx_word' id='word_1_519' title='bbox 938 4255 1034 4310; x_wconf 76' lang='grc' dir='ltr'><strong><em>καὶ</em></strong></span> <span class='ocrx_word' id='word_1_520' title='bbox 1089 4252 1614 4324; x_wconf 69' lang='grc' dir='ltr'><em>ἐξομολογήσομαί</em></span> <span class='ocrx_word' id='word_1_521' title='bbox 1655 4267 1787 4305; x_wconf 80' lang='grc' dir='ltr'><em>σοι·</em></span> 
     </span>
    </p>
   </div>
   <div class='ocr_carea' id='block_1_75' title="bbox 216 4344 1794 4421">
    <p class='ocr_par' dir='ltr' id='par_1_75' title="bbox 216 4344 1794 4421">
     <span class='ocr_line' id='line_1_75' title="bbox 216 4344 1794 4421; baseline -0.004 -18"><span class='ocrx_word' id='word_1_522' title='bbox 216 4352 354 4418; x_wconf 84' lang='grc' dir='ltr'><em>Θεός</em></span> <span class='ocrx_word' id='word_1_523' title='bbox 381 4369 500 4421; x_wconf 90' lang='grc' dir='ltr'><em>μου</em></span> <span class='ocrx_word' id='word_1_524' title='bbox 523 4347 708 4415; x_wconf 76' lang='grc' dir='ltr'><strong><em>εἶ’σὺ,</em></strong></span> <span class='ocrx_word' id='word_1_525' title='bbox 736 4349 837 4403; x_wconf 78' lang='grc' dir='ltr'><strong><em>καὶ</em></strong></span> <span class='ocrx_word' id='word_1_526' title='bbox 859 4347 1085 4417; x_wconf 72' lang='grc' dir='ltr'>ὑψώσω</span> <span class='ocrx_word' id='word_1_527' title='bbox 1112 4363 1206 4400; x_wconf 86' lang='grc' dir='ltr'>σε.</span> <span class='ocrx_word' id='word_1_528' title='bbox 1240 4344 1794 4416; x_wconf 73' lang='grc' dir='ltr'><em>Ἐξομολογὴσομαί</em></span> 
     </span>
    </p>
   </div>
   <div class='ocr_carea' id='block_1_76' title="bbox 213 4428 1793 4510">
    <p class='ocr_par' dir='ltr' id='par_1_76' title="bbox 213 4428 1793 4510">
     <span class='ocr_line' id='line_1_76' title="bbox 213 4428 1793 4510; baseline -0.003 -15"><span class='ocrx_word' id='word_1_529' title='bbox 213 4459 328 4506; x_wconf 88' lang='grc' dir='ltr'><em>σοι,</em></span> <span class='ocrx_word' id='word_1_530' title='bbox 363 4443 451 4497; x_wconf 86' lang='grc' dir='ltr'>ὅτι</span> <span class='ocrx_word' id='word_1_531' title='bbox 477 4441 828 4509; x_wconf 74' lang='grc' dir='ltr'><strong><em>ἐπήκουσὰς</em></strong></span> <span class='ocrx_word' id='word_1_532' title='bbox 849 4458 969 4510; x_wconf 84' lang='grc' dir='ltr'><em>μου</em></span> <span class='ocrx_word' id='word_1_533' title='bbox 989 4479 1002 4503; x_wconf 93' lang='grc'><em>,</em></span> <span class='ocrx_word' id='word_1_534' title='bbox 1038 4439 1138 4493; x_wconf 80' lang='grc' dir='ltr'><strong><em>καὶ</em></strong></span> <span class='ocrx_word' id='word_1_535' title='bbox 1183 4438 1394 4508; x_wconf 77' lang='grc' dir='ltr'><strong><em>ἐγένου</em></strong></span> <span class='ocrx_word' id='word_1_536' title='bbox 1421 4455 1523 4508; x_wconf 91' lang='grc' dir='ltr'><em>μοι</em></span> <span class='ocrx_word' id='word_1_537' title='bbox 1553 4441 1638 4504; x_wconf 83' lang='grc' dir='ltr'><em>εὶς</em></span> <span class='ocrx_word' id='word_1_538' title='bbox 1673 4428 1793 4491; x_wconf 90' lang='grc' dir='ltr'><strong><em>¹σω-</em></strong></span> 
     </span>
    </p>
   </div>
   <div class='ocr_carea' id='block_1_77' title="bbox 215 4506 1869 4603">
    <p class='ocr_par' dir='ltr' id='par_1_77' title="bbox 215 4506 1869 4603">
     <span class='ocr_line' id='line_1_77' title="bbox 215 4506 1869 4603; baseline -0.002 -17"><span class='ocrx_word' id='word_1_539' title='bbox 215 4537 442 4603; x_wconf 85' lang='grc' dir='ltr'><em>τηρίαν.</em></span> <span class='ocrx_word' id='word_1_540' title='bbox 475 4506 594 4589; x_wconf 79' lang='grc' dir='ltr'>Τίνι</span> <span class='ocrx_word' id='word_1_541' title='bbox 623 4534 680 4588; x_wconf 88' lang='grc' dir='ltr'><strong><em>δὲ</em></strong></span> <span class='ocrx_word' id='word_1_542' title='bbox 710 4506 883 4587; x_wconf 52' lang='lat' dir='ltr'><strong><em>causa</em></strong></span> <span class='ocrx_word' id='word_1_543' title='bbox 923 4533 1070 4600; x_wconf 80' lang='grc' dir='ltr'>λέγει</span> <span class='ocrx_word' id='word_1_544' title='bbox 1096 4531 1128 4602; x_wconf 83' lang='grc' dir='ltr'>ἢ</span> <span class='ocrx_word' id='word_1_545' title='bbox 1165 4506 1242 4602; x_wconf 72' lang='grc' dir='ltr'><em>τῶ</em></span> <span class='ocrx_word' id='word_1_546' title='bbox 1274 4506 1533 4603; x_wconf 74' lang='grc' dir='ltr'>ἀνωτέρω</span> <span class='ocrx_word' id='word_1_547' title='bbox 1562 4529 1794 4600; x_wconf 83' lang='grc' dir='ltr'>δεδηλω-</span> <span class='ocrx_word' id='word_1_548' title='bbox 1824 4506 1869 4562; x_wconf 78' lang='lat' dir='ltr'><strong><em>D</em></strong></span> 
     </span>
    </p>
   </div>
   <div class='ocr_carea' id='block_1_78' title="bbox 221 4619 1790 4699">
    <p class='ocr_par' dir='ltr' id='par_1_78' title="bbox 221 4619 1790 4699">
     <span class='ocr_line' id='line_1_78' title="bbox 221 4619 1790 4699; baseline -0.004 -20"><span class='ocrx_word' id='word_1_549' title='bbox 221 4627 364 4698; x_wconf 83' lang='grc' dir='ltr'>μένῳ</span> <span class='ocrx_word' id='word_1_550' title='bbox 413 4627 602 4699; x_wconf 82' lang='grc' dir='ltr'>Κυρίῳ</span> <span class='ocrx_word' id='word_1_551' title='bbox 639 4624 718 4696; x_wconf 84' lang='grc' dir='ltr'>τῷ</span> <span class='ocrx_word' id='word_1_552' title='bbox 765 4624 860 4679; x_wconf 73' lang='grc' dir='ltr'><strong><em>καὶ</em></strong></span> <span class='ocrx_word' id='word_1_553' title='bbox 907 4625 972 4677; x_wconf 79' lang='grc' dir='ltr'><strong><em>ἐκ</em></strong></span> <span class='ocrx_word' id='word_1_554' title='bbox 1015 4622 1244 4693; x_wconf 80' lang='grc' dir='ltr'>θλίψεως</span> <span class='ocrx_word' id='word_1_555' title='bbox 1281 4621 1570 4693; x_wconf 78' lang='grc' dir='ltr'>ῥυσαμένῳ</span> <span class='ocrx_word' id='word_1_556' title='bbox 1606 4619 1790 4683; x_wconf 81' lang='grc' dir='ltr'>αὐτὸν,</span> 
     </span>
    </p>
   </div>
   <div class='ocr_carea' id='block_1_79' title="bbox 217 4711 1792 4790">
    <p class='ocr_par' dir='ltr' id='par_1_79' title="bbox 217 4711 1792 4790">
     <span class='ocr_line' id='line_1_79' title="bbox 217 4711 1792 4790; baseline -0.004 -19"><span class='ocrx_word' id='word_1_557' title='bbox 217 4719 292 4790; x_wconf 82' lang='grc' dir='ltr'>τῷ</span> <span class='ocrx_word' id='word_1_558' title='bbox 332 4722 426 4774; x_wconf 69' lang='grc' dir='ltr'>καὶ</span> <span class='ocrx_word' id='word_1_559' title='bbox 476 4720 602 4783; x_wconf 81' lang='grc' dir='ltr'>τοὺς</span> <span class='ocrx_word' id='word_1_560' title='bbox 635 4717 865 4790; x_wconf 76' lang='grc' dir='ltr'>ἐχθροὺς</span> <span class='ocrx_word' id='word_1_561' title='bbox 894 4714 1059 4770; x_wconf 81' lang='grc' dir='ltr'>αὑτοῦ</span> <span class='ocrx_word' id='word_1_562' title='bbox 1118 4712 1535 4777; x_wconf 75' lang='grc' dir='ltr'>ταπεινώσαντι,</span> <span class='ocrx_word' id='word_1_563' title='bbox 1574 4711 1650 4782; x_wconf 83' lang='grc' dir='ltr'>τῷ</span> <span class='ocrx_word' id='word_1_564' title='bbox 1697 4713 1792 4765; x_wconf 71' lang='grc' dir='ltr'>καὶ</span> 
     </span>
    </p>
   </div>
   <div class='ocr_carea' id='block_1_80' title="bbox 219 4804 1792 4879">
    <p class='ocr_par' dir='ltr' id='par_1_80' title="bbox 219 4804 1792 4879">
     <span class='ocr_line' id='line_1_80' title="bbox 219 4804 1792 4879; baseline -0.003 -18"><span class='ocrx_word' id='word_1_565' title='bbox 219 4809 305 4864; x_wconf 72' lang='grc' dir='ltr'><strong><em>τὸν</em></strong></span> <span class='ocrx_word' id='word_1_566' title='bbox 357 4811 502 4865; x_wconf 85' lang='grc' dir='ltr'>λίθον</span> <span class='ocrx_word' id='word_1_567' title='bbox 554 4811 645 4862; x_wconf 82' lang='grc' dir='ltr'><strong><em>τὸν</em></strong></span> <span class='ocrx_word' id='word_1_568' title='bbox 707 4807 1090 4879; x_wconf 79' lang='grc' dir='ltr'>ἀποϐληθέντα</span> <span class='ocrx_word' id='word_1_569' title='bbox 1143 4805 1281 4875; x_wconf 75' lang='grc' dir='ltr'>πρὸς</span> <span class='ocrx_word' id='word_1_570' title='bbox 1340 4804 1448 4858; x_wconf 85' lang='grc' dir='ltr'>τῶν</span> <span class='ocrx_word' id='word_1_571' title='bbox 1493 4804 1792 4874; x_wconf 76' lang='grc' dir='ltr'>οἰκοδόμων</span> 
     </span>
    </p>
   </div>
   <div class='ocr_carea' id='block_1_81' title="bbox 221 4896 1801 4972">
    <p class='ocr_par' dir='ltr' id='par_1_81' title="bbox 221 4896 1801 4972">
     <span class='ocr_line' id='line_1_81' title="bbox 221 4896 1801 4972; baseline -0.002 -19"><span class='ocrx_word' id='word_1_572' title='bbox 221 4900 514 4972; x_wconf 71' lang='grc' dir='ltr'>ὐψώσαντι,</span> <span class='ocrx_word' id='word_1_573' title='bbox 550 4902 627 4972; x_wconf 82' lang='grc' dir='ltr'><strong><em>τῷ</em></strong></span> <span class='ocrx_word' id='word_1_574' title='bbox 656 4902 750 4954; x_wconf 76' lang='grc' dir='ltr'>καὶ</span> <span class='ocrx_word' id='word_1_575' title='bbox 789 4898 1116 4954; x_wconf 77' lang='grc' dir='ltr'>εὐοδώσαντι</span> <span class='ocrx_word' id='word_1_576' title='bbox 1160 4898 1255 4952; x_wconf 66' lang='grc' dir='ltr'>καὶ</span> <span class='ocrx_word' id='word_1_577' title='bbox 1288 4896 1521 4950; x_wconf 83' lang='grc' dir='ltr'>σώσαντι</span> <span class='ocrx_word' id='word_1_578' title='bbox 1559 4897 1686 4960; x_wconf 74' lang='grc' dir='ltr'>τοὺς</span> <span class='ocrx_word' id='word_1_579' title='bbox 1720 4899 1801 4961; x_wconf 85' lang='grc' dir='ltr'><strong><em>εἰς</em></strong></span> 
     </span>
    </p>
   </div>
   <div class='ocr_carea' id='block_1_82' title="bbox 220 4987 1802 5062">
    <p class='ocr_par' dir='ltr' id='par_1_82' title="bbox 220 4987 1802 5062">
     <span class='ocr_line' id='line_1_82' title="bbox 220 4987 1802 5062; baseline -0.003 -16"><span class='ocrx_word' id='word_1_580' title='bbox 220 4994 378 5047; x_wconf 75' lang='grc' dir='ltr'>αὑτὸν</span> <span class='ocrx_word' id='word_1_581' title='bbox 423 4992 795 5056; x_wconf 76' lang='grc' dir='ltr'>πιστεύοντας.</span> <span class='ocrx_word' id='word_1_582' title='bbox 834 4989 1320 5062; x_wconf 73' lang='grc' dir='ltr'><em>Ἐξομολογεῖσθε</em></span> <span class='ocrx_word' id='word_1_583' title='bbox 1363 4987 1445 5054; x_wconf 79' lang='grc' dir='ltr'>τῷ</span> <span class='ocrx_word' id='word_1_584' title='bbox 1477 4989 1674 5056; x_wconf 79' lang='grc' dir='ltr'><em>Κυρίῳ</em></span> <span class='ocrx_word' id='word_1_585' title='bbox 1713 4988 1802 5041; x_wconf 79' lang='grc' dir='ltr'><strong><em>ὅτι</em></strong></span> 
     </span>
    </p>
   </div>
   <div class='ocr_carea' id='block_1_83' title="bbox 219 5078 1584 5152">
    <p class='ocr_par' dir='ltr' id='par_1_83' title="bbox 219 5078 1584 5152">
     <span class='ocr_line' id='line_1_83' title="bbox 219 5078 1584 5152; baseline -0.001 -16"><span class='ocrx_word' id='word_1_586' title='bbox 219 5083 458 5152; x_wconf 73' lang='grc' dir='ltr'><strong><em>ἀγαθὸς,</em></strong></span> <span class='ocrx_word' id='word_1_587' title='bbox 495 5084 584 5137; x_wconf 86' lang='grc' dir='ltr'><strong><em>ὅτι</em></strong></span> <span class='ocrx_word' id='word_1_588' title='bbox 614 5086 700 5150; x_wconf 89' lang='grc' dir='ltr'><em>εἱς</em></span> <span class='ocrx_word' id='word_1_589' title='bbox 728 5083 835 5136; x_wconf 84' lang='grc' dir='ltr'><strong><em>τὸν</em></strong></span> <span class='ocrx_word' id='word_1_590' title='bbox 856 5081 1044 5135; x_wconf 79' lang='grc' dir='ltr'><em>αἰῶνα</em></span> <span class='ocrx_word' id='word_1_591' title='bbox 1069 5080 1136 5135; x_wconf 86' lang='grc' dir='ltr'>τὸ</span> <span class='ocrx_word' id='word_1_592' title='bbox 1169 5081 1342 5146; x_wconf 79' lang='grc' dir='ltr'><em>ἕλεος</em></span> <span class='ocrx_word' id='word_1_593' title='bbox 1373 5078 1584 5134; x_wconf 79' lang='grc' dir='ltr'><strong><em>αὑτοῦ.</em></strong></span> 
     </span>
    </p>
   </div>
   <div class='ocr_carea' id='block_1_84' title="bbox 710 5196 1272 5253">
    <p class='ocr_par' dir='ltr' id='par_1_84' title="bbox 710 5196 1272 5253">
     <span class='ocr_line' id='line_1_84' title="bbox 710 5196 1272 5253; baseline -0.009 0"><span class='ocrx_word' id='word_1_594' title='bbox 710 5198 1042 5253; x_wconf 83' lang='grc' dir='ltr'><strong><em>ΑΛΛΗΛΟΥ</em></strong></span> <span class='ocrx_word' id='word_1_595' title='bbox 1047 5199 1134 5250; x_wconf 80' lang='lat' dir='ltr'><strong><em>1A.</em></strong></span> <span class='ocrx_word' id='word_1_596' title='bbox 1152 5196 1272 5249; x_wconf 83' lang='lat' dir='ltr'><strong><em>PlH</em></strong></span> 
     </span>
    </p>
   </div>
   <div class='ocr_carea' id='block_1_85' title="bbox 291 5286 1804 5361">
    <p class='ocr_par' dir='ltr' id='par_1_85' title="bbox 291 5286 1804 5361">
     <span class='ocr_line' id='line_1_85' title="bbox 291 5286 1804 5361; baseline -0.003 -19"><span class='ocrx_word' id='word_1_597' title='bbox 291 5292 578 5361; x_wconf 83' lang='grc' dir='ltr'><em>Μακάριοι</em></span> <span class='ocrx_word' id='word_1_598' title='bbox 617 5295 671 5346; x_wconf 84' lang='grc' dir='ltr'><strong><em>οἱ</em></strong></span> <span class='ocrx_word' id='word_1_599' title='bbox 693 5291 918 5361; x_wconf 79' lang='grc' dir='ltr'><em>ἄμωμοι</em></span> <span class='ocrx_word' id='word_1_600' title='bbox 948 5291 1018 5343; x_wconf 84' lang='grc' dir='ltr'><strong><em>ἐν</em></strong></span> <span class='ocrx_word' id='word_1_601' title='bbox 1047 5287 1125 5358; x_wconf 77' lang='grc' dir='ltr'>τῇ</span> <span class='ocrx_word' id='word_1_602' title='bbox 1158 5287 1296 5354; x_wconf 80' lang='grc' dir='ltr'><strong><em>ὀδῷ,</em></strong></span> <span class='ocrx_word' id='word_1_603' title='bbox 1325 5290 1380 5341; x_wconf 82' lang='grc' dir='ltr'><strong><em>οἱ</em></strong></span> <span class='ocrx_word' id='word_1_604' title='bbox 1412 5286 1804 5354; x_wconf 77' lang='grc' dir='ltr'><em>πορευόμενοι</em></span> 
     </span>
    </p>
   </div>
   <div class='ocr_carea' id='block_1_86' title="bbox 222 5376 1805 5455">
    <p class='ocr_par' dir='ltr' id='par_1_86' title="bbox 222 5376 1805 5455">
     <span class='ocr_line' id='line_1_86' title="bbox 222 5376 1805 5455; baseline -0.007 -16"><span class='ocrx_word' id='word_1_605' title='bbox 222 5380 290 5439; x_wconf 73' lang='grc' dir='ltr'><em>ἐν</em></span> <span class='ocrx_word' id='word_1_606' title='bbox 332 5386 494 5455; x_wconf 81' lang='grc' dir='ltr'><em>νόμῳ</em></span> <span class='ocrx_word' id='word_1_607' title='bbox 548 5386 792 5453; x_wconf 86' lang='grc' dir='ltr'><em>Κυρίου.</em></span> <span class='ocrx_word' id='word_1_608' title='bbox 830 5380 1115 5450; x_wconf 83' lang='grc' dir='ltr'><em>Μακάριοι</em></span> <span class='ocrx_word' id='word_1_609' title='bbox 1147 5384 1201 5435; x_wconf 78' lang='grc' dir='ltr'><strong><em>οἱ</em></strong></span> <span class='ocrx_word' id='word_1_610' title='bbox 1243 5376 1675 5449; x_wconf 81' lang='grc' dir='ltr'><em>ἐξερευνῶντες</em></span> <span class='ocrx_word' id='word_1_611' title='bbox 1730 5376 1805 5429; x_wconf 83' lang='grc' dir='ltr'>τὰ</span> 
     </span>
    </p>
   </div>
   <div class='ocr_carea' id='block_1_87' title="bbox 218 5467 1803 5544">
    <p class='ocr_par' dir='ltr' id='par_1_87' title="bbox 218 5467 1803 5544">
     <span class='ocr_line' id='line_1_87' title="bbox 218 5467 1803 5544; baseline -0.006 -16"><span class='ocrx_word' id='word_1_612' title='bbox 218 5476 508 5544; x_wconf 80' lang='grc' dir='ltr'><em>μαρτύρια</em></span> <span class='ocrx_word' id='word_1_613' title='bbox 544 5473 750 5538; x_wconf 83' lang='grc' dir='ltr'><strong><em>αὐτοῦ,</em></strong></span> <span class='ocrx_word' id='word_1_614' title='bbox 778 5474 848 5527; x_wconf 81' lang='grc' dir='ltr'><strong><em>ἐν</em></strong></span> <span class='ocrx_word' id='word_1_615' title='bbox 877 5473 988 5541; x_wconf 79' lang='grc' dir='ltr'><strong><em>ὅλῃ</em></strong></span> <span class='ocrx_word' id='word_1_616' title='bbox 1017 5473 1090 5541; x_wconf 77' lang='grc' dir='ltr'>τῇ</span> <span class='ocrx_word' id='word_1_617' title='bbox 1129 5472 1339 5540; x_wconf 78' lang='grc' dir='ltr'><em>καρδίᾳ</em></span> <span class='ocrx_word' id='word_1_618' title='bbox 1365 5467 1803 5538; x_wconf 80' lang='grc' dir='ltr'><strong><em>ὲκζητήσουσιν</em></strong></span> 
     </span>
    </p>
   </div>
   <div class='ocr_carea' id='block_1_88' title="bbox 225 5558 1802 5635">
    <p class='ocr_par' dir='ltr' id='par_1_88' title="bbox 225 5558 1802 5635">
     <span class='ocr_line' id='line_1_88' title="bbox 225 5558 1802 5635; baseline -0.003 -19"><span class='ocrx_word' id='word_1_619' title='bbox 225 5564 428 5621; x_wconf 81' lang='grc' dir='ltr'><strong><em>αὐτόν.</em></strong></span> <span class='ocrx_word' id='word_1_620' title='bbox 457 5568 537 5619; x_wconf 83' lang='grc' dir='ltr'><strong><em>Οὐ</em></strong></span> <span class='ocrx_word' id='word_1_621' title='bbox 562 5567 672 5635; x_wconf 78' lang='grc' dir='ltr'><strong><em>γὰρ</em></strong></span> <span class='ocrx_word' id='word_1_622' title='bbox 692 5569 745 5620; x_wconf 86' lang='grc' dir='ltr'><strong><em>οὶ</em></strong></span> <span class='ocrx_word' id='word_1_623' title='bbox 767 5563 1138 5635; x_wconf 73' lang='grc' dir='ltr'><em>ἐργαζόμενοι</em></span> <span class='ocrx_word' id='word_1_624' title='bbox 1162 5563 1276 5632; x_wconf 82' lang='grc' dir='ltr'>τὴν</span> <span class='ocrx_word' id='word_1_625' title='bbox 1301 5565 1556 5632; x_wconf 83' lang='grc' dir='ltr'><em>ἀνομίαν</em></span> <span class='ocrx_word' id='word_1_626' title='bbox 1578 5561 1649 5615; x_wconf 75' lang='grc' dir='ltr'><em>ἐν</em></span> <span class='ocrx_word' id='word_1_627' title='bbox 1672 5558 1802 5624; x_wconf 83' lang='grc' dir='ltr'><em>ταῖς</em></span> 
     </span>
    </p>
   </div>
   <div class='ocr_carea' id='block_1_89' title="bbox 228 5652 1794 5728">
    <p class='ocr_par' dir='ltr' id='par_1_89' title="bbox 228 5652 1794 5728">
     <span class='ocr_line' id='line_1_89' title="bbox 228 5652 1794 5728; baseline -0.001 -20"><span class='ocrx_word' id='word_1_628' title='bbox 228 5653 387 5722; x_wconf 76' lang='grc' dir='ltr'><strong><em>ὁδοῖς</em></strong></span> <span class='ocrx_word' id='word_1_629' title='bbox 417 5658 604 5712; x_wconf 84' lang='grc' dir='ltr'><em>αὐτοῦ</em></span> <span class='ocrx_word' id='word_1_630' title='bbox 646 5658 1086 5728; x_wconf 81' lang='grc' dir='ltr'><em>ἐπορεύθησαν.</em></span> <span class='ocrx_word' id='word_1_631' title='bbox 1129 5655 1210 5713; x_wconf 82' lang='grc' dir='ltr'><strong><em>Σὺ</em></strong></span> <span class='ocrx_word' id='word_1_632' title='bbox 1245 5656 1530 5714; x_wconf 77' lang='grc' dir='ltr'>ἑνετείλω,</span> <span class='ocrx_word' id='word_1_633' title='bbox 1567 5653 1674 5719; x_wconf 83' lang='grc' dir='ltr'><em>τὰς</em></span> <span class='ocrx_word' id='word_1_634' title='bbox 1705 5652 1794 5706; x_wconf 69' lang='grc' dir='ltr'><strong><em>ενι</em></strong></span> 
     </span>
    </p>
   </div>
   <div class='ocr_carea' id='block_1_90' title="bbox 300 5808 720 5876">
    <p class='ocr_par' dir='ltr' id='par_1_90' title="bbox 300 5808 720 5876">
     <span class='ocr_line' id='line_1_90' title="bbox 300 5808 720 5876; baseline 0.002 -10"><span class='ocrx_word' id='word_1_635' title='bbox 300 5808 328 5838; x_wconf 71' lang='grc'>⁸</span> <span class='ocrx_word' id='word_1_636' title='bbox 357 5809 544 5866; x_wconf 70' lang='lat' dir='ltr'><strong><em>Matth.</em></strong></span> <span class='ocrx_word' id='word_1_637' title='bbox 580 5830 642 5876; x_wconf 75' lang='grc' dir='ltr'><strong><em>ν,</em></strong></span> <span class='ocrx_word' id='word_1_638' title='bbox 671 5813 720 5867; x_wconf 88' lang='grc'>8.</span> 
     </span>
    </p>
   </div>
   <div class='ocr_carea' id='block_1_91' title="bbox 1883 3209 3466 3304">
    <p class='ocr_par' dir='ltr' id='par_1_91' title="bbox 1883 3209 3466 3304">
     <span class='ocr_line' id='line_1_91' title="bbox 1883 3209 3466 3304; baseline -0.02 -11"><span class='ocrx_word' id='word_1_639' title='bbox 1883 3245 1968 3293; x_wconf 86' lang='lat' dir='ltr'><strong><em>est</em></strong></span> <span class='ocrx_word' id='word_1_640' title='bbox 2001 3258 2015 3292; x_wconf 84' lang='lat'><strong>:</strong></span> <span class='ocrx_word' id='word_1_641' title='bbox 2048 3235 2233 3304; x_wconf 85' lang='lat' dir='ltr'><strong><em>Ligate</em></strong></span> <span class='ocrx_word' id='word_1_642' title='bbox 2264 3230 2652 3287; x_wconf 85' lang='lat' dir='ltr'><strong><em>solemnitatem</em></strong></span> <span class='ocrx_word' id='word_1_643' title='bbox 2685 3225 2742 3279; x_wconf 88' lang='lat' dir='ltr'><strong><em>in</em></strong></span> <span class='ocrx_word' id='word_1_644' title='bbox 2763 3218 3072 3294; x_wconf 84' lang='lat' dir='ltr'><strong><em>pinguibus;</em></strong></span> <span class='ocrx_word' id='word_1_645' title='bbox 3103 3209 3466 3286; x_wconf 83' lang='lat' dir='ltr'><strong><em>Symmachus</em></strong></span> 
     </span>
    </p>
   </div>
   <div class='ocr_carea' id='block_1_92' title="bbox 1885 3299 3465 3396">
    <p class='ocr_par' dir='ltr' id='par_1_92' title="bbox 1885 3299 3465 3396">
     <span class='ocr_line' id='line_1_92' title="bbox 1885 3299 3465 3396; baseline -0.022 -10"><span class='ocrx_word' id='word_1_646' title='bbox 1885 3347 2014 3386; x_wconf 86' lang='lat' dir='ltr'><strong><em>vero</em></strong></span> <span class='ocrx_word' id='word_1_647' title='bbox 2048 3348 2061 3384; x_wconf 74' lang='grc' dir='ltr'>ε</span> <span class='ocrx_word' id='word_1_648' title='bbox 2093 3299 2358 3396; x_wconf 70' lang='grc' dir='ltr'><strong><em>ἀοιίίθαιε</em></strong></span> <span class='ocrx_word' id='word_1_649' title='bbox 2401 3325 2457 3378; x_wconf 86' lang='lat' dir='ltr'><strong><em>in</em></strong></span> <span class='ocrx_word' id='word_1_650' title='bbox 2484 3319 2789 3376; x_wconf 88' lang='lat' dir='ltr'><strong><em>celebritate</em></strong></span> <span class='ocrx_word' id='word_1_651' title='bbox 2838 3313 3167 3396; x_wconf 81' lang='lat' dir='ltr'><strong><em>densitates,</em></strong></span> <span class='ocrx_word' id='word_1_652' title='bbox 3199 3299 3465 3396; x_wconf 71' lang='lat' dir='ltr'><strong><em>usquead</em></strong></span> 
     </span>
    </p>
   </div>
   <div class='ocr_carea' id='block_1_93' title="bbox 1885 3392 3469 3478">
    <p class='ocr_par' dir='ltr' id='par_1_93' title="bbox 1885 3392 3469 3478">
     <span class='ocr_line' id='line_1_93' title="bbox 1885 3392 3469 3478; baseline -0.019 -2"><span class='ocrx_word' id='word_1_653' title='bbox 1885 3436 2084 3476; x_wconf 80' lang='lat' dir='ltr'><strong><em>cornua</em></strong></span> <span class='ocrx_word' id='word_1_654' title='bbox 2109 3392 2320 3472; x_wconf 72' lang='lat' dir='ltr'><strong><em>altaris.</em></strong></span> <span class='ocrx_word' id='word_1_655' title='bbox 2353 3413 2452 3469; x_wconf 86' lang='lat' dir='ltr'><strong><em>His</em></strong></span> <span class='ocrx_word' id='word_1_656' title='bbox 2477 3417 2660 3467; x_wconf 85' lang='lat' dir='ltr'><strong><em>autem</em></strong></span> <span class='ocrx_word' id='word_1_657' title='bbox 2711 3403 2981 3478; x_wconf 73' lang='lat' dir='ltr'><strong><em>praecipit,</em></strong></span> <span class='ocrx_word' id='word_1_658' title='bbox 3020 3395 3207 3453; x_wconf 90' lang='lat' dir='ltr'><strong><em>multis</em></strong></span> <span class='ocrx_word' id='word_1_659' title='bbox 3236 3392 3469 3448; x_wconf 82' lang='lat' dir='ltr'><strong><em>cimeliis</em></strong></span> 
     </span>
    </p>
   </div>
   <div class='ocr_carea' id='block_1_94' title="bbox 1886 3484 3472 3580">
    <p class='ocr_par' dir='ltr' id='par_1_94' title="bbox 1886 3484 3472 3580">
     <span class='ocr_line' id='line_1_94' title="bbox 1886 3484 3472 3580; baseline -0.018 -11"><span class='ocrx_word' id='word_1_660' title='bbox 1886 3513 2108 3569; x_wconf 87' lang='lat' dir='ltr'><strong><em>domum</em></strong></span> <span class='ocrx_word' id='word_1_661' title='bbox 2153 3509 2249 3566; x_wconf 86' lang='lat' dir='ltr'><strong><em>Dei</em></strong></span> <span class='ocrx_word' id='word_1_662' title='bbox 2294 3507 2533 3580; x_wconf 85' lang='lat' dir='ltr'><strong><em>replere,</em></strong></span> <span class='ocrx_word' id='word_1_663' title='bbox 2580 3511 2745 3573; x_wconf 80' lang='lat' dir='ltr'><strong><em>atque</em></strong></span> <span class='ocrx_word' id='word_1_664' title='bbox 2793 3495 3042 3555; x_wconf 86' lang='lat' dir='ltr'><strong><em>donariis</em></strong></span> <span class='ocrx_word' id='word_1_665' title='bbox 3089 3484 3472 3558; x_wconf 76' lang='lat' dir='ltr'><strong><em>frequentibus</em></strong></span> 
     </span>
    </p>
   </div>
   <div class='ocr_carea' id='block_1_95' title="bbox 1887 3595 3207 3677">
    <p class='ocr_par' dir='ltr' id='par_1_95' title="bbox 1887 3595 3207 3677">
     <span class='ocr_line' id='line_1_95' title="bbox 1887 3595 3207 3677; baseline -0.022 -14"><span class='ocrx_word' id='word_1_666' title='bbox 1887 3607 2061 3677; x_wconf 81' lang='lat' dir='ltr'><strong><em>ipsam</em></strong></span> <span class='ocrx_word' id='word_1_667' title='bbox 2097 3601 2440 3674; x_wconf 84' lang='lat' dir='ltr'><strong><em>temporibus</em></strong></span> <span class='ocrx_word' id='word_1_668' title='bbox 2477 3595 2887 3657; x_wconf 84' lang='lat' dir='ltr'><strong><em>solemnitatum</em></strong></span> <span class='ocrx_word' id='word_1_669' title='bbox 2922 3596 3207 3643; x_wconf 86' lang='lat' dir='ltr'><strong><em>coronare.</em></strong></span> 
     </span>
    </p>
   </div>
   <div class='ocr_carea' id='block_1_96' title="bbox 1965 3759 3472 3845">
    <p class='ocr_par' dir='ltr' id='par_1_96' title="bbox 1965 3759 3472 3845">
     <span class='ocr_line' id='line_1_96' title="bbox 1965 3759 3472 3845; baseline -0.02 -4"><span class='ocrx_word' id='word_1_670' title='bbox 1965 3786 2126 3842; x_wconf 73' lang='lat' dir='ltr'><strong><em>Vnus.</em></strong></span> <span class='ocrx_word' id='word_1_671' title='bbox 2158 3783 2250 3845; x_wconf 68' lang='lat'><strong><em>28&#39;,</em></strong></span> <span class='ocrx_word' id='word_1_672' title='bbox 2282 3781 2374 3835; x_wconf 70' lang='lat'><strong><em>29.</em></strong></span> <span class='ocrx_word' id='word_1_673' title='bbox 2408 3779 2542 3832; x_wconf 87' lang='lat' dir='ltr'><strong><em>Deus</em></strong></span> <span class='ocrx_word' id='word_1_674' title='bbox 2577 3790 2720 3830; x_wconf 78' lang='lat' dir='ltr'><strong><em>meus</em></strong></span> <span class='ocrx_word' id='word_1_675' title='bbox 2749 3789 2803 3829; x_wconf 82' lang='lat' dir='ltr'><strong><em>es</em></strong></span> <span class='ocrx_word' id='word_1_676' title='bbox 2833 3779 2910 3835; x_wconf 89' lang='lat' dir='ltr'><strong><em>tu,</em></strong></span> <span class='ocrx_word' id='word_1_677' title='bbox 2940 3776 2990 3824; x_wconf 88' lang='lat' dir='ltr'><strong><em>et</em></strong></span> <span class='ocrx_word' id='word_1_678' title='bbox 3017 3763 3305 3835; x_wconf 74' lang='lat' dir='ltr'><strong><em>confitebor</em></strong></span> <span class='ocrx_word' id='word_1_679' title='bbox 3339 3759 3472 3814; x_wconf 88' lang='lat' dir='ltr'><strong><em>tibi:</em></strong></span> 
     </span>
    </p>
   </div>
   <div class='ocr_carea' id='block_1_97' title="bbox 1891 3852 3472 3938">
    <p class='ocr_par' dir='ltr' id='par_1_97' title="bbox 1891 3852 3472 3938">
     <span class='ocr_line' id='line_1_97' title="bbox 1891 3852 3472 3938; baseline -0.02 -2"><span class='ocrx_word' id='word_1_680' title='bbox 1891 3881 2033 3934; x_wconf 87' lang='lat' dir='ltr'><strong><em>Deus</em></strong></span> <span class='ocrx_word' id='word_1_681' title='bbox 2066 3894 2208 3932; x_wconf 89' lang='lat' dir='ltr'><strong><em>meus</em></strong></span> <span class='ocrx_word' id='word_1_682' title='bbox 2237 3892 2290 3929; x_wconf 89' lang='lat' dir='ltr'><strong><em>es</em></strong></span> <span class='ocrx_word' id='word_1_683' title='bbox 2320 3884 2398 3938; x_wconf 89' lang='lat' dir='ltr'><strong><em>tu,</em></strong></span> <span class='ocrx_word' id='word_1_684' title='bbox 2434 3880 2484 3925; x_wconf 90' lang='lat' dir='ltr'><strong><em>et</em></strong></span> <span class='ocrx_word' id='word_1_685' title='bbox 2515 3865 2762 3924; x_wconf 76' lang='lat' dir='ltr'><strong><em>exaltab&#39;o</em></strong></span> <span class='ocrx_word' id='word_1_686' title='bbox 2794 3872 2862 3919; x_wconf 87' lang='lat' dir='ltr'><strong><em>te.</em></strong></span> <span class='ocrx_word' id='word_1_687' title='bbox 2906 3860 3152 3931; x_wconf 83' lang='lat' dir='ltr'><strong><em>Populus</em></strong></span> <span class='ocrx_word' id='word_1_688' title='bbox 3183 3873 3249 3912; x_wconf 83' lang='lat' dir='ltr'><strong><em>ex</em></strong></span> <span class='ocrx_word' id='word_1_689' title='bbox 3281 3852 3472 3920; x_wconf 83' lang='lat' dir='ltr'><strong><em>Israel,</em></strong></span> 
     </span>
    </p>
   </div>
   <div class='ocr_carea' id='block_1_98' title="bbox 1890 3945 3475 4026">
    <p class='ocr_par' dir='ltr' id='par_1_98' title="bbox 1890 3945 3475 4026">
     <span class='ocr_line' id='line_1_98' title="bbox 1890 3945 3475 4026; baseline -0.018 0"><span class='ocrx_word' id='word_1_690' title='bbox 1890 3987 1955 4026; x_wconf 81' lang='lat' dir='ltr'><strong><em>ex</em></strong></span> <span class='ocrx_word' id='word_1_691' title='bbox 1985 3969 2148 4024; x_wconf 89' lang='lat' dir='ltr'><strong><em>domo</em></strong></span> <span class='ocrx_word' id='word_1_692' title='bbox 2173 3965 2356 4020; x_wconf 84' lang='lat' dir='ltr'><strong><em>Aaron</em></strong></span> <span class='ocrx_word' id='word_1_693' title='bbox 2374 3971 2430 4017; x_wconf 89' lang='lat' dir='ltr'><strong><em>et</em></strong></span> <span class='ocrx_word' id='word_1_694' title='bbox 2456 3976 2520 4016; x_wconf 81' lang='lat' dir='ltr'><strong><em>ex</em></strong></span> <span class='ocrx_word' id='word_1_695' title='bbox 2551 3956 2872 4013; x_wconf 88' lang='lat' dir='ltr'><strong><em>timentibus</em></strong></span> <span class='ocrx_word' id='word_1_696' title='bbox 2897 3952 3208 4012; x_wconf 74' lang='lat' dir='ltr'><strong><em>Dominum,</em></strong></span> <span class='ocrx_word' id='word_1_697' title='bbox 3239 3949 3292 4002; x_wconf 91' lang='lat' dir='ltr'><strong><em>in</em></strong></span> <span class='ocrx_word' id='word_1_698' title='bbox 3316 3945 3475 4000; x_wconf 83' lang='lat' dir='ltr'><strong><em>Chri-</em></strong></span> 
     </span>
    </p>
   </div>
   <div class='ocr_carea' id='block_1_99' title="bbox 1891 4037 3474 4130">
    <p class='ocr_par' dir='ltr' id='par_1_99' title="bbox 1891 4037 3474 4130">
     <span class='ocr_line' id='line_1_99' title="bbox 1891 4037 3474 4130; baseline -0.02 -11"><span class='ocrx_word' id='word_1_699' title='bbox 1891 4075 1978 4119; x_wconf 86' lang='lat' dir='ltr'><strong><em>sto</em></strong></span> <span class='ocrx_word' id='word_1_700' title='bbox 2021 4064 2410 4130; x_wconf 75' lang='lat' dir='ltr'><strong><em>congregatus,</em></strong></span> <span class='ocrx_word' id='word_1_701' title='bbox 2437 4053 2660 4124; x_wconf 75' lang='lat' dir='ltr'><strong><em>iubetur</em></strong></span> <span class='ocrx_word' id='word_1_702' title='bbox 2699 4047 2950 4104; x_wconf 87' lang='lat' dir='ltr'><strong><em>conﬁteri</em></strong></span> <span class='ocrx_word' id='word_1_703' title='bbox 2984 4059 3050 4099; x_wconf 88' lang='lat' dir='ltr'><strong><em>ac</em></strong></span> <span class='ocrx_word' id='word_1_704' title='bbox 3078 4042 3300 4097; x_wconf 88' lang='lat' dir='ltr'><strong><em>dicere:</em></strong></span> <span class='ocrx_word' id='word_1_705' title='bbox 3333 4037 3474 4091; x_wconf 81' lang='lat' dir='ltr'><strong><em>Dens</em></strong></span> 
     </span>
    </p>
   </div>
   <div class='ocr_carea' id='block_1_100' title="bbox 1891 4137 3476 4216">
    <p class='ocr_par' dir='ltr' id='par_1_100' title="bbox 1891 4137 3476 4216">
     <span class='ocr_line' id='line_1_100' title="bbox 1891 4137 3476 4216; baseline -0.018 -6"><span class='ocrx_word' id='word_1_706' title='bbox 1891 4171 2036 4209; x_wconf 87' lang='lat' dir='ltr'><strong><em>meus</em></strong></span> <span class='ocrx_word' id='word_1_707' title='bbox 2065 4169 2118 4207; x_wconf 90' lang='lat' dir='ltr'><strong><em>es</em></strong></span> <span class='ocrx_word' id='word_1_708' title='bbox 2149 4160 2224 4215; x_wconf 90' lang='lat' dir='ltr'><strong><em>tu,</em></strong></span> <span class='ocrx_word' id='word_1_709' title='bbox 2269 4159 2319 4203; x_wconf 89' lang='lat' dir='ltr'><strong><em>et</em></strong></span> <span class='ocrx_word' id='word_1_710' title='bbox 2363 4141 2648 4216; x_wconf 81' lang='lat' dir='ltr'><strong><em>conﬁtebor</em></strong></span> <span class='ocrx_word' id='word_1_711' title='bbox 2688 4140 2822 4196; x_wconf 86' lang='lat' dir='ltr'><strong><em>tibi:</em></strong></span> <span class='ocrx_word' id='word_1_712' title='bbox 2851 4140 2988 4193; x_wconf 87' lang='lat' dir='ltr'><strong><em>Deus</em></strong></span> <span class='ocrx_word' id='word_1_713' title='bbox 3034 4153 3179 4190; x_wconf 88' lang='lat' dir='ltr'><strong><em>meus</em></strong></span> <span class='ocrx_word' id='word_1_714' title='bbox 3225 4149 3279 4187; x_wconf 89' lang='lat' dir='ltr'><strong><em>es</em></strong></span> <span class='ocrx_word' id='word_1_715' title='bbox 3317 4142 3393 4193; x_wconf 89' lang='lat' dir='ltr'><strong><em>tu,</em></strong></span> <span class='ocrx_word' id='word_1_716' title='bbox 3425 4137 3476 4182; x_wconf 84' lang='lat' dir='ltr'><strong><em>et</em></strong></span> 
     </span>
    </p>
   </div>
   <div class='ocr_carea' id='block_1_101' title="bbox 1891 4225 3472 4312">
    <p class='ocr_par' dir='ltr' id='par_1_101' title="bbox 1891 4225 3472 4312">
     <span class='ocr_line' id='line_1_101' title="bbox 1891 4225 3472 4312; baseline -0.018 -9"><span class='ocrx_word' id='word_1_717' title='bbox 1891 4247 2139 4303; x_wconf 72' lang='lat' dir='ltr'><strong><em>exnltabo</em></strong></span> <span class='ocrx_word' id='word_1_718' title='bbox 2170 4255 2236 4299; x_wconf 87' lang='lat' dir='ltr'><strong><em>te.</em></strong></span> <span class='ocrx_word' id='word_1_719' title='bbox 2278 4241 2582 4312; x_wconf 81' lang='lat' dir='ltr'><strong><em>Conﬁtebor</em></strong></span> <span class='ocrx_word' id='word_1_720' title='bbox 2614 4237 2727 4300; x_wconf 87' lang='lat' dir='ltr'><strong><em>tibi,</em></strong></span> <span class='ocrx_word' id='word_1_721' title='bbox 2774 4233 3024 4305; x_wconf 80' lang='lat' dir='ltr'><strong><em>quoniam</em></strong></span> <span class='ocrx_word' id='word_1_722' title='bbox 3062 4225 3332 4282; x_wconf 72' lang='lat' dir='ltr'><strong><em>exaudisti</em></strong></span> <span class='ocrx_word' id='word_1_723' title='bbox 3370 4239 3472 4284; x_wconf 84' lang='lat' dir='ltr'><strong><em>me,</em></strong></span> 
     </span>
    </p>
   </div>
   <div class='ocr_carea' id='block_1_102' title="bbox 1893 4313 3472 4411">
    <p class='ocr_par' dir='ltr' id='par_1_102' title="bbox 1893 4313 3472 4411">
     <span class='ocr_line' id='line_1_102' title="bbox 1893 4313 3472 4411; baseline -0.019 -15"><span class='ocrx_word' id='word_1_724' title='bbox 1893 4355 1940 4398; x_wconf 88' lang='lat' dir='ltr'><strong><em>et</em></strong></span> <span class='ocrx_word' id='word_1_725' title='bbox 1974 4341 2146 4411; x_wconf 80' lang='lat' dir='ltr'><strong><em>factus</em></strong></span> <span class='ocrx_word' id='word_1_726' title='bbox 2185 4354 2238 4391; x_wconf 83' lang='lat' dir='ltr'><strong><em>es</em></strong></span> <span class='ocrx_word' id='word_1_727' title='bbox 2277 4335 2408 4389; x_wconf 88' lang='lat' dir='ltr'><strong><em>mihi</em></strong></span> <span class='ocrx_word' id='word_1_728' title='bbox 2451 4334 2508 4386; x_wconf 90' lang='lat' dir='ltr'><strong><em>in</em></strong></span> <span class='ocrx_word' id='word_1_729' title='bbox 2534 4331 2782 4386; x_wconf 84' lang='lat' dir='ltr'><strong><em>salutem.</em></strong></span> <span class='ocrx_word' id='word_1_730' title='bbox 2815 4326 2916 4381; x_wconf 87' lang='lat' dir='ltr'><strong><em>Cui</em></strong></span> <span class='ocrx_word' id='word_1_731' title='bbox 2963 4336 3126 4393; x_wconf 89' lang='lat' dir='ltr'><strong><em>porro</em></strong></span> <span class='ocrx_word' id='word_1_732' title='bbox 3151 4319 3269 4373; x_wconf 61' lang='lat' dir='ltr'><strong><em>hate</em></strong></span> <span class='ocrx_word' id='word_1_733' title='bbox 3317 4313 3472 4375; x_wconf 59' lang='lat' dir='ltr'><strong><em>dicit,</em></strong></span> 
     </span>
    </p>
   </div>
   <div class='ocr_carea' id='block_1_103' title="bbox 1895 4405 3475 4498">
    <p class='ocr_par' dir='ltr' id='par_1_103' title="bbox 1895 4405 3475 4498">
     <span class='ocr_line' id='line_1_103' title="bbox 1895 4405 3475 4498; baseline -0.021 -6"><span class='ocrx_word' id='word_1_734' title='bbox 1895 4405 2002 4492; x_wconf 79' lang='lat' dir='ltr'><strong><em>nisi</em></strong></span> <span class='ocrx_word' id='word_1_735' title='bbox 2053 4432 2281 4487; x_wconf 88' lang='lat' dir='ltr'><strong><em>Domino</em></strong></span> <span class='ocrx_word' id='word_1_736' title='bbox 2323 4427 2577 4498; x_wconf 89' lang='lat' dir='ltr'><strong><em>superius</em></strong></span> <span class='ocrx_word' id='word_1_737' title='bbox 2636 4422 2937 4482; x_wconf 87' lang='lat' dir='ltr'><strong><em>declarato,</em></strong></span> <span class='ocrx_word' id='word_1_738' title='bbox 2993 4415 3086 4486; x_wconf 86' lang='lat' dir='ltr'><strong><em>qui</em></strong></span> <span class='ocrx_word' id='word_1_739' title='bbox 3133 4412 3202 4467; x_wconf 91' lang='lat' dir='ltr'><strong><em>de</em></strong></span> <span class='ocrx_word' id='word_1_740' title='bbox 3246 4405 3475 4463; x_wconf 80' lang='lat' dir='ltr'><strong><em>tribula-</em></strong></span> 
     </span>
    </p>
   </div>
   <div class='ocr_carea' id='block_1_104' title="bbox 1901 4499 3559 4595">
    <p class='ocr_par' dir='ltr' id='par_1_104' title="bbox 1901 4499 3559 4595">
     <span class='ocr_line' id='line_1_104' title="bbox 1901 4499 3559 4595; baseline -0.021 -14"><span class='ocrx_word' id='word_1_741' title='bbox 1901 4528 2048 4581; x_wconf 86' lang='lat' dir='ltr'><strong><em>tione</em></strong></span> <span class='ocrx_word' id='word_1_742' title='bbox 2091 4523 2269 4595; x_wconf 90' lang='lat' dir='ltr'><strong><em>ipsum</em></strong></span> <span class='ocrx_word' id='word_1_743' title='bbox 2300 4517 2570 4582; x_wconf 83' lang='lat' dir='ltr'><strong><em>liberavit,</em></strong></span> <span class='ocrx_word' id='word_1_744' title='bbox 2597 4515 2690 4585; x_wconf 88' lang='lat' dir='ltr'><strong><em>qui</em></strong></span> <span class='ocrx_word' id='word_1_745' title='bbox 2737 4513 2900 4568; x_wconf 89' lang='lat' dir='ltr'><strong><em>etiam</em></strong></span> <span class='ocrx_word' id='word_1_746' title='bbox 2942 4508 3193 4561; x_wconf 89' lang='lat' dir='ltr'><strong><em>inimicos</em></strong></span> <span class='ocrx_word' id='word_1_747' title='bbox 3233 4501 3354 4572; x_wconf 83' lang='lat' dir='ltr'><strong><em>ejus</em></strong></span> <span class='ocrx_word' id='word_1_748' title='bbox 3383 4499 3479 4552; x_wconf 63' lang='lat' dir='ltr'><strong><em>de-</em></strong></span> <span class='ocrx_word' id='word_1_749' title='bbox 3555 4541 3559 4547; x_wconf 95' lang='lat'><strong><em>.</em></strong></span> 
     </span>
    </p>
   </div>
   <div class='ocr_carea' id='block_1_105' title="bbox 1900 4589 3479 4692">
    <p class='ocr_par' dir='ltr' id='par_1_105' title="bbox 1900 4589 3479 4692">
     <span class='ocr_line' id='line_1_105' title="bbox 1900 4589 3479 4692; baseline -0.024 -15"><span class='ocrx_word' id='word_1_750' title='bbox 1900 4589 2130 4692; x_wconf 70' lang='lat' dir='ltr'><strong><em>pressit,</em></strong></span> <span class='ocrx_word' id='word_1_751' title='bbox 2165 4614 2257 4687; x_wconf 86' lang='lat' dir='ltr'><strong><em>qui</em></strong></span> <span class='ocrx_word' id='word_1_752' title='bbox 2301 4611 2650 4682; x_wconf 84' lang='lat' dir='ltr'><strong><em>reprobatmn</em></strong></span> <span class='ocrx_word' id='word_1_753' title='bbox 2701 4605 2770 4659; x_wconf 86' lang='lat' dir='ltr'><strong><em>ab</em></strong></span> <span class='ocrx_word' id='word_1_754' title='bbox 2800 4597 3198 4657; x_wconf 65' lang='lat' dir='ltr'><strong><em>aediﬁcantibus</em></strong></span> <span class='ocrx_word' id='word_1_755' title='bbox 3243 4589 3479 4692; x_wconf 68' lang='lat' dir='ltr'><strong><em>lapidem</em></strong></span> 
     </span>
    </p>
   </div>
   <div class='ocr_carea' id='block_1_106' title="bbox 1902 4681 3482 4778">
    <p class='ocr_par' dir='ltr' id='par_1_106' title="bbox 1902 4681 3482 4778">
     <span class='ocr_line' id='line_1_106' title="bbox 1902 4681 3482 4778; baseline -0.024 -11"><span class='ocrx_word' id='word_1_756' title='bbox 1902 4681 2304 4778; x_wconf 48' lang='lat' dir='ltr'><strong><em>exultavit,-qui</em></strong></span> <span class='ocrx_word' id='word_1_757' title='bbox 2339 4681 2522 4758; x_wconf 85' lang='lat' dir='ltr'><strong><em>ﬁdeles</em></strong></span> <span class='ocrx_word' id='word_1_758' title='bbox 2562 4714 2691 4754; x_wconf 88' lang='lat' dir='ltr'><strong><em>suos</em></strong></span> <span class='ocrx_word' id='word_1_759' title='bbox 2726 4696 2864 4750; x_wconf 83' lang='lat' dir='ltr'><strong><em>bene</em></strong></span> <span class='ocrx_word' id='word_1_760' title='bbox 2908 4701 3230 4762; x_wconf 87' lang='lat' dir='ltr'><strong><em>prosperare</em></strong></span> <span class='ocrx_word' id='word_1_761' title='bbox 3272 4681 3402 4737; x_wconf 78' lang='lat' dir='ltr'><strong><em>fecit</em></strong></span> <span class='ocrx_word' id='word_1_762' title='bbox 3426 4685 3482 4732; x_wconf 84' lang='lat' dir='ltr'><strong><em>et</em></strong></span> 
     </span>
    </p>
   </div>
   <div class='ocr_carea' id='block_1_107' title="bbox 1905 4773 3480 4862">
    <p class='ocr_par' dir='ltr' id='par_1_107' title="bbox 1905 4773 3480 4862">
     <span class='ocr_line' id='line_1_107' title="bbox 1905 4773 3480 4862; baseline -0.022 -3"><span class='ocrx_word' id='word_1_763' title='bbox 1905 4805 2080 4860; x_wconf 82' lang='lat' dir='ltr'><strong><em>salute</em></strong></span> <span class='ocrx_word' id='word_1_764' title='bbox 2109 4773 2353 4855; x_wconf 71' lang='lat' dir='ltr'><strong><em>donavit.</em></strong></span> <span class='ocrx_word' id='word_1_765' title='bbox 2382 4790 2719 4862; x_wconf 82' lang='lat' dir='ltr'><strong><em>Conﬁtemini</em></strong></span> <span class='ocrx_word' id='word_1_766' title='bbox 2754 4786 2976 4841; x_wconf 89' lang='lat' dir='ltr'><strong><em>Domino</em></strong></span> <span class='ocrx_word' id='word_1_767' title='bbox 3012 4779 3259 4852; x_wconf 85' lang='lat' dir='ltr'><strong><em>quoniam</em></strong></span> <span class='ocrx_word' id='word_1_768' title='bbox 3292 4773 3480 4834; x_wconf 85' lang='lat' dir='ltr'><strong><em>bonus,</em></strong></span> 
     </span>
    </p>
   </div>
   <div class='ocr_carea' id='block_1_108' title="bbox 1901 4876 3064 4968">
    <p class='ocr_par' dir='ltr' id='par_1_108' title="bbox 1901 4876 3064 4968">
     <span class='ocr_line' id='line_1_108' title="bbox 1901 4876 3064 4968; baseline -0.016 -19"><span class='ocrx_word' id='word_1_769' title='bbox 1901 4897 2147 4968; x_wconf 85' lang='lat' dir='ltr'><strong><em>quoniam</em></strong></span> <span class='ocrx_word' id='word_1_770' title='bbox 2180 4894 2234 4945; x_wconf 86' lang='lat' dir='ltr'><strong><em>in</em></strong></span> <span class='ocrx_word' id='word_1_771' title='bbox 2262 4888 2513 4945; x_wconf 72' lang='lat' dir='ltr'><strong><em>sreculum</em></strong></span> <span class='ocrx_word' id='word_1_772' title='bbox 2541 4877 2907 4938; x_wconf 83' lang='lat' dir='ltr'><strong><em>misericordia</em></strong></span> <span class='ocrx_word' id='word_1_773' title='bbox 2930 4876 3064 4946; x_wconf 85' lang='lat' dir='ltr'><strong><em>ejus.</em></strong></span> 
     </span>
    </p>
   </div>
   <div class='ocr_carea' id='block_1_109' title="bbox 2387 5158 3020 5225">
    <p class='ocr_par' dir='ltr' id='par_1_109' title="bbox 2387 5158 3020 5225">
     <span class='ocr_line' id='line_1_109' title="bbox 2387 5158 3020 5225; baseline -0.016 0"><span class='ocrx_word' id='word_1_774' title='bbox 2387 5166 2753 5225; x_wconf 79' lang='lat' dir='ltr'><strong><em>ALLELUIA.</em></strong></span> <span class='ocrx_word' id='word_1_775' title='bbox 2789 5158 3020 5220; x_wconf 76' lang='lat' dir='ltr'><strong><em>CXVIII.</em></strong></span> 
     </span>
    </p>
   </div>
   <div class='ocr_carea' id='block_1_110' title="bbox 1977 5243 3484 5330">
    <p class='ocr_par' dir='ltr' id='par_1_110' title="bbox 1977 5243 3484 5330">
     <span class='ocr_line' id='line_1_110' title="bbox 1977 5243 3484 5330; baseline -0.025 0"><span class='ocrx_word' id='word_1_776' title='bbox 1977 5273 2146 5330; x_wconf 70' lang='lat' dir='ltr'><strong><em>Vens.</em></strong></span> <span class='ocrx_word' id='word_1_777' title='bbox 2192 5268 2332 5325; x_wconf 75' lang='grc'><strong><em>1-8.</em></strong></span> <span class='ocrx_word' id='word_1_778' title='bbox 2374 5265 2527 5319; x_wconf 89' lang='lat' dir='ltr'><strong><em>Beati</em></strong></span> <span class='ocrx_word' id='word_1_779' title='bbox 2576 5257 2909 5315; x_wconf 88' lang='lat' dir='ltr'><strong><em>immaculati</em></strong></span> <span class='ocrx_word' id='word_1_780' title='bbox 2938 5255 2994 5308; x_wconf 90' lang='lat' dir='ltr'><strong><em>in</em></strong></span> <span class='ocrx_word' id='word_1_781' title='bbox 3036 5267 3139 5311; x_wconf 76' lang='lat' dir='ltr'><strong><em>vta,</em></strong></span> <span class='ocrx_word' id='word_1_782' title='bbox 3174 5265 3260 5318; x_wconf 76' lang='lat' dir='ltr'><strong><em>qui</em></strong></span> <span class='ocrx_word' id='word_1_783' title='bbox 3294 5243 3484 5298; x_wconf 78' lang='lat' dir='ltr'><strong><em>ambu-</em></strong></span> 
     </span>
    </p>
   </div>
   <div class='ocr_carea' id='block_1_111' title="bbox 1908 5339 3485 5434">
    <p class='ocr_par' dir='ltr' id='par_1_111' title="bbox 1908 5339 3485 5434">
     <span class='ocr_line' id='line_1_111' title="bbox 1908 5339 3485 5434; baseline -0.023 -9"><span class='ocrx_word' id='word_1_784' title='bbox 1908 5371 2021 5425; x_wconf 87' lang='lat' dir='ltr'><strong><em>lant</em></strong></span> <span class='ocrx_word' id='word_1_785' title='bbox 2057 5370 2108 5422; x_wconf 90' lang='lat' dir='ltr'><strong><em>in</em></strong></span> <span class='ocrx_word' id='word_1_786' title='bbox 2144 5366 2248 5434; x_wconf 84' lang='lat' dir='ltr'><strong><em>lege</em></strong></span> <span class='ocrx_word' id='word_1_787' title='bbox 2278 5359 2511 5416; x_wconf 87' lang='lat' dir='ltr'><strong><em>Domini.</em></strong></span> <span class='ocrx_word' id='word_1_788' title='bbox 2547 5355 2700 5410; x_wconf 85' lang='lat' dir='ltr'><strong><em>Beati</em></strong></span> <span class='ocrx_word' id='word_1_789' title='bbox 2740 5352 2828 5423; x_wconf 89' lang='lat' dir='ltr'><strong><em>qui</em></strong></span> <span class='ocrx_word' id='word_1_790' title='bbox 2857 5355 3162 5404; x_wconf 84' lang='lat' dir='ltr'><strong><em>scrutantur</em></strong></span> <span class='ocrx_word' id='word_1_791' title='bbox 3185 5339 3485 5421; x_wconf 74' lang='lat' dir='ltr'><strong><em>testimonia</em></strong></span> 
     </span>
    </p>
   </div>
   <div class='ocr_carea' id='block_1_112' title="bbox 1903 5433 3525 5532">
    <p class='ocr_par' dir='ltr' id='par_1_112' title="bbox 1903 5433 3525 5532">
     <span class='ocr_line' id='line_1_112' title="bbox 1903 5433 3525 5532; baseline -0.023 -15"><span class='ocrx_word' id='word_1_792' title='bbox 1903 5464 2039 5532; x_wconf 84' lang='lat' dir='ltr'><strong><em>ejus,</em></strong></span> <span class='ocrx_word' id='word_1_793' title='bbox 2074 5461 2128 5514; x_wconf 91' lang='lat' dir='ltr'><strong><em>in</em></strong></span> <span class='ocrx_word' id='word_1_794' title='bbox 2155 5433 2262 5512; x_wconf 83' lang='lat' dir='ltr'><strong><em>toto</em></strong></span> <span class='ocrx_word' id='word_1_795' title='bbox 2290 5449 2743 5521; x_wconf 65' lang='lat' dir='ltr'><strong><em>corde-emquirent</em></strong></span> <span class='ocrx_word' id='word_1_796' title='bbox 2763 5461 2902 5499; x_wconf 89' lang='lat' dir='ltr'><strong><em>eum.</em></strong></span> <span class='ocrx_word' id='word_1_797' title='bbox 2934 5439 3056 5494; x_wconf 80' lang='lat' dir='ltr'><strong><em>Non</em></strong></span> <span class='ocrx_word' id='word_1_798' title='bbox 3081 5437 3219 5492; x_wconf 85' lang='lat' dir='ltr'><strong><em>enim</em></strong></span> <span class='ocrx_word' id='word_1_799' title='bbox 3247 5433 3336 5503; x_wconf 86' lang='lat' dir='ltr'><strong><em>qui</em></strong></span> <span class='ocrx_word' id='word_1_800' title='bbox 3366 5445 3525 5498; x_wconf 42' lang='lat' dir='ltr'><strong><em>ope;</em></strong></span> 
     </span>
    </p>
   </div>
   <div class='ocr_carea' id='block_1_113' title="bbox 1907 5519 3488 5620">
    <p class='ocr_par' dir='ltr' id='par_1_113' title="bbox 1907 5519 3488 5620">
     <span class='ocr_line' id='line_1_113' title="bbox 1907 5519 3488 5620; baseline -0.025 -11"><span class='ocrx_word' id='word_1_801' title='bbox 1907 5564 2097 5608; x_wconf 88' lang='lat' dir='ltr'><strong><em>rantur</em></strong></span> <span class='ocrx_word' id='word_1_802' title='bbox 2144 5550 2508 5620; x_wconf 81' lang='lat' dir='ltr'><strong><em>iniquitatem,</em></strong></span> <span class='ocrx_word' id='word_1_803' title='bbox 2551 5543 2607 5595; x_wconf 89' lang='lat' dir='ltr'><strong><em>in</em></strong></span> <span class='ocrx_word' id='word_1_804' title='bbox 2646 5538 2741 5593; x_wconf 84' lang='lat' dir='ltr'><strong><em>viis</em></strong></span> <span class='ocrx_word' id='word_1_805' title='bbox 2785 5535 2897 5605; x_wconf 83' lang='lat' dir='ltr'><strong><em>ejus</em></strong></span> <span class='ocrx_word' id='word_1_806' title='bbox 2941 5528 3359 5585; x_wconf 70' lang='lat' dir='ltr'><strong><em>ambulat-erunt.</em></strong></span> <span class='ocrx_word' id='word_1_807' title='bbox 3409 5519 3488 5573; x_wconf 81' lang='lat' dir='ltr'><strong><em>Tu</em></strong></span> 
     </span>
    </p>
   </div>
   <div class='ocr_carea' id='block_1_114' title="bbox 1908 5613 3490 5702">
    <p class='ocr_par' dir='ltr' id='par_1_114' title="bbox 1908 5613 3490 5702">
     <span class='ocr_line' id='line_1_114' title="bbox 1908 5613 3490 5702; baseline -0.023 0"><span class='ocrx_word' id='word_1_808' title='bbox 1908 5644 2176 5702; x_wconf 86' lang='lat' dir='ltr'><strong><em>mandasti</em></strong></span> <span class='ocrx_word' id='word_1_809' title='bbox 2212 5613 2466 5696; x_wconf 81' lang='lat' dir='ltr'><strong><em>mandata</em></strong></span> <span class='ocrx_word' id='word_1_810' title='bbox 2498 5646 2588 5692; x_wconf 81' lang='lat' dir='ltr'><strong><em>tua</em></strong></span> <span class='ocrx_word' id='word_1_811' title='bbox 2609 5628 2870 5686; x_wconf 84' lang='lat' dir='ltr'><strong><em>custodiri</em></strong></span> <span class='ocrx_word' id='word_1_812' title='bbox 2900 5624 3076 5681; x_wconf 83' lang='lat' dir='ltr'><strong><em>nimis.</em></strong></span> <span class='ocrx_word' id='word_1_813' title='bbox 3113 5618 3327 5674; x_wconf 79' lang='lat' dir='ltr'><strong><em>Utinam</em></strong></span> <span class='ocrx_word' id='word_1_814' title='bbox 3355 5613 3490 5667; x_wconf 76' lang='lat' dir='ltr'><strong><em>diri-</em></strong></span> 
     </span>
    </p>
   </div>
  </div>
