3868 6282
448 317 582 374 1367

1147 318 1415 376 EUSEBII
1453 319 1932 378 CESARIENSIS
1965 319 2114 377 OPP.
2159 319 2338 376 PARS
2379 319 2468 377 Ill.
2506 349 2573 364 —
2617 319 3020 378 EXEGETICA.

3509 327 3613 384 1368

440 447 634 508 gantur
660 439 754 492 vite
780 437 848 492 ad
874 438 1244 495 custodiendas
1260 440 1671 511 justi/icationes
1704 453 1842 496 tuas.
1871 441 2010 496 Tunc

2119 439 2293 506 τολάς
2324 455 2440 494 σου
2472 438 2855 507 φυλάξασθαι
2908 438 3162 507 σφόδρα.
3187 439 3430 507 Ὧρελον
3453 457 3611 496 κατευ-

441 545 546 582 non
582 530 902 599 confundor,
941 547 1058 584 cum
1089 548 1363 602 respexere
1394 535 1570 588 omnia
1604 534 1858 586 mandata
1897 545 2013 588 tua.

441 619 747 689 Conﬁtebor
780 622 876 675 tibi
907 625 960 677 in
994 624 1303 679 rectitudine
1340 625 1536 689 cordis,
1564 625 1701 695 quod
1741 625 2014 680 didicerim

445 711 645 766 iudicia
685 714 914 783 iustitia:
944 726 1063 771 tuu'.
1093 715 1512 786 Justi/icationes
1547 728 1667 771 tuas
1701 717 2012 784 custodiam,

441 817 544 855 non
585 819 666 856 me
708 804 1040 875 derelinquas
1085 823 1470 878 usquequaque.
1510 807 1841 862 lnnnarulati
1884 824 2017 865 sane

442 891 646 946 fuerint
668 894 760 964 qui
789 895 1012 964 perfecti
1044 907 1172 952 sunt
1202 899 1256 952 in
1280 899 1386 961 via,
1422 915 1561 968 quos
1600 900 1786 955 bcaws
1816 901 2014 970 praedi-

441 999 568 1038 care
623 984 854 1042 docetur
910 988 957 1043 is
1005 991 1098 1059 qui
1148 990 1202 1044 in
1251 991 1560 1046 divinarum
1600 993 2012 1063 disciplinarum

441 1074 730 1144 principiis
762 1086 816 1130 et
862 1077 1187 1135 rudimentis
1215 1089 1505 1149 venatur;
1536 1098 1605 1137 ne
1635 1084 1750 1153 ipse
1794 1083 2014 1139 inﬂatus

440 1177 772 1222 nocumento
804 1170 1090 1236 adiciatur,
1126 1183 1186 1226 ut
1218 1174 1331 1244 jam
1365 1189 1424 1231 se
1456 1175 1673 1230 beatum
1703 1177 2011 1241 mstimans;

440 1257 534 1310 sed
567 1271 826 1328 agnoscat
856 1277 915 1317 se
945 1267 1129 1333 procul
1168 1266 1360 1322 abesse
1385 1267 1454 1320 ab
1492 1267 1561 1321 iis
1582 1268 1672 1336 qui
1707 1268 1847 1321 beati
1875 1284 2013 1337 pra:-

439 1349 714 1406 dicantur.
768 1353 918 1408 Beati
960 1356 1051 1425 qui
1088 1367 1396 1412 scrutantur
1439 1361 1736 1414 testimonia
1779 1361 1914 1429 ejus,
1958 1361 2014 1414 in

439 1448 548 1492 toto
577 1443 733 1497 corde
755 1447 1026 1516 exquirent
1067 1464 1205 1503 eum.
1241 1448 1318 1506 De
1350 1450 1683 1507 testimoniis
1704 1451 1813 1522 jam
1841 1451 2016 1506 disse-

437 1531 692 1588 ruimus:
726 1536 812 1590 via
857 1537 1021 1608 igitur
1050 1541 1366 1612 hujusmodi
1409 1544 1850 1600 testimoniorum
1895 1544 2014 1600 fue-

434 1622 530 1684 rit,
582 1627 882 1681 secundum
929 1646 1121 1686 eorum
1171 1641 1408 1690 mentem
1453 1635 1745 1705 progredi,
1790 1651 1900 1690 non
1947 1651 2012 1690 ex

437 1713 680 1776 tristitia.
705 1729 799 1772 aut
829 1736 895 1775 cx
937 1723 1297 1791 necessitate;
1333 1725 1429 1780 sed
1458 1741 1583 1780 cum
1624 1728 1770 1780 omni
1806 1727 2010 1790 laetitia,

2119 534 2486 598 θυνθείησαν
2513 535 2572 585 al
2603 531 2731 586 ὁδοί
2770 549 2890 601 μου
2924 530 3028 584 τοῦ
3073 531 3437 600 φυλάξασθαι
3466 536 3525 585 τὰ
3558 534 3618 587 δι-

2117 624 2417 694 καιώματά
2444 641 2582 680 σου.
2618 625 2755 679 Τότε
2779 626 2890 679 οὐκ
2917 625 3222 694 αισχυνθῶ
3247 625 3314 678 ἐν
3344 623 3418 690 τῷ
3443 644 3506 695 με
3529 628 3619 682 ἐπι-

2118 717 2361 771 ϐλέπειν
2389 716 2486 770 ἐπὶ
2531 716 2733 784 πάσας
2764 717 2870 784 τὰς
2908 715 3157 781 ἐντολάς
3195 731 3331 770 σου.
3369 718 3619 786 Ἐξομολο-

2115 807 2378 875 γήσομαί
2405 823 2504 860 σοι
2560 807 2629 860 ἐν
2653 809 2932 873 εὐθύτητι
2980 805 3246 876 καρδίας,
3285 808 3352 860 ἐν
3380 805 3451 872 τῷ
3481 825 3622 879 μεμα.

2117 897 2362 965 θηκέναι
2389 916 2465 967 με
2494 900 2562 952 τὰ
2585 899 2835 967 κρίματα
2871 897 2978 966 τῆς
3005 899 3388 967 δικαιοσύνης
3426 917 3542 955 σου.
3572 905 3625 958 Τὰ

2115 989 2474 1059 δικαιώματὰ
2504 1006 2620 1043 σου
2650 991 2917 1058 φυλάξω,
2944 991 3028 1060 μή
3047 1009 3125 1061 με
3145 991 3529 1061 ἐγκαταλίπῃς
3548 993 3628 1058 ἓως

2115 1082 2368 1151 σφόδρα.
2403 1084 2655 1152 Ἀμωμοι
2684 1082 2728 1135 δ’
2763 1082 2829 1136 ἂν
2875 1078 2985 1135 εἷεν
3026 1083 3117 1136 καὶ
3152 1084 3200 1136 οἱ
3243 1081 3430 1135 τέλειοι
3464 1085 3512 1136 ὲν
3537 1085 3629 1154 ὁδῷ,

2115 1174 2207 1239 οὓς
2241 1175 2332 1227 καὶ
2361 1175 2660 1245 μακαρίους
2683 1174 3005 1244 ἀποφαίνειν
3033 1175 3340 1228 διδάσκεται
3360 1176 3387 1227 ὁ
3414 1177 3464 1226 ὲν
3483 1175 3631 1245 ἀρχαῖς

2114 1268 2398 1337 τυγχάνων
2424 1267 2532 1319 τῶν
2559 1266 2719 1320 θείων
2763 1267 3098 1337 μαθημάτων
3117 1284 3129 1295 ·
3162 1267 3238 1328 ὡς
3278 1266 3342 1319 ἂν
3379 1265 3447 1336 μὴ
3473 1265 3634 1335 ἐπιτεί-

2116 1360 2261 1412 6οιτο
2289 1359 2448 1421 αὐτὸς
2477 1358 2862 1428 χαυνούμενος,
2890 1359 2965 1420 ὡς
2990 1358 3091 1428 ἤδη
3125 1357 3388 1428 μακάριος
3407 1373 3420 1386 ·
3441 1355 3637 1429 γινώσκῃ

2113 1451 2189 1515 δὲ,
2222 1451 2304 1504 ὅτι
2351 1451 2539 1521 μακρὰ
2572 1451 2871 1522 ἁφυστερεῖ
2898 1450 3005 1503 τῶν
3048 1449 3510 1519 μακαριζομένων.
3548 1451 3638 1501 Πο-

2114 1541 2304 1610 κάριοι
2363 1543 2418 1593 οι
2461 1538 2892 1608 ἐξερευνῶντες
2929 1539 3000 1592 τὰ
3042 1539 3339 1607 μαρτύρια
3369 1534 3566 1598 αὑτοῦ,
3588 1536 3638 1589 ir

2114 1631 2226 1700 ὅλῃ
2271 1630 2345 1699 τῇ
2395 1630 2608 1700 καρδία
2657 1628 3091 1697 ἐκζητήσουσιν
3145 1631 3352 1684 αὐτόν.
3401 1627 3524 1698 Περὶ
3559 1627 3639 1680 τῶν

2120 1725 2431 1794 μαρτυρίων
2463 1723 2564 1792 ἤδη
2613 1721 3018 1792 διηγησάμεθαο
3063 1721 3180 1784 ὁδὸς
3230 1716 3328 1773 οὖν
3377 1717 3642 1790 μαρτυρίων

436 1804 892 1869 quemadmodum
940 1810 1014 1863 ait
1058 1809 1366 1882 Propheta:
1429 1814 1581 1869 Viam
1640 1816 2010 1870 mandatorum

2117 1815 2320 1868 τούτων
2360 1815 2444 1884 εἴη
2487 1814 2553 1867 ἂν
2581 1814 2642 1866 τὸ
2684 1813 2898 1866 ὁδεῦσαι
2937 1813 3076 1867 κατὰ
3115 1812 3175 1865 τὸ
3207 1811 3449 1882 βούλημα
3479 1808 3638 1868 αὐτῶν,

436 1900 648 1947 tuorum
673 1901 904 1961 cucurri,
935 1917 1053 1954 cum
1081 1901 1326 1957 dilatasti
1353 1919 1446 1958 cor
1467 1921 1655 1960 meum.

434 1983 729 2056 φροσύνης,
757 1986 890 2039 καθὸ
943 1990 971 2041 ὁ
1007 1990 1298 2063 Προφήτης
1338 1993 1503 2064 φησιν
1538 2011 1552 2025 ⁶

428 2091 568 2142 μου.

509 2164 672 2222 Vens.
713 2168 864 2225 9-16.
909 2171 975 2227 In
1021 2191 1124 2244 quo
1171 2179 1393 2248 corriget
1428 2181 1613 2250 junior
1648 2184 1784 2235 viam
1815 2183 2010 2236 suam?

432 2257 488 2310 in
517 2261 856 2319 custodiendo
889 2283 1152 2323 sermones
1185 2280 1322 2334 tuos.
1363 2271 1428 2326 In
1456 2283 1563 2326 toto
1593 2274 1747 2328 corde
1783 2291 1895 2328 meo
1924 2289 2012 2328 ea:-

432 2353 624 2419 quisivi
651 2365 719 2419 te,
755 2374 818 2413 ne
849 2361 1072 2427 repellas
1107 2381 1187 2419 me
1215 2383 1247 2419 a
1278 2366 1544 2422 mrmdatis
1585 2369 1711 2422 tuis.
1757 2367 1818 2421 In
1855 2369 2012 2422 corde

434 2459 550 2496 meo
581 2444 834 2503 abscondi
863 2451 1072 2522 eloquia
1101 2467 1214 2519 tua,
1247 2469 1303 2510 ut
1334 2476 1438 2512 non
1468 2477 1669 2530 peccem
1699 2461 1812 2516 tibi.
1845 2462 2012 2516 Bene-

431 2536 606 2593 dictus
629 2557 706 2607 es,
745 2542 990 2610 Domine,
1019 2549 1146 2604 doce
1186 2569 1268 2606 me
1299 2554 1710 2622 justi/icationes
1753 2567 1894 2609 tuas.
1942 2555 2010 2609 In

435 2631 592 2686 labiis
630 2637 760 2689 meis
798 2641 1067 2694 enuntiuvi
1101 2647 1279 2697 omnia
1312 2646 1519 2714 judicia
1549 2649 1658 2701 oris
1700 2650 1795 2701 tui.
1829 2647 1895 2701 In
1924 2649 2011 2702 via

433 2723 855 2782 testimoniorum
889 2741 1097 2785 tuorum
1128 2735 1416 2791 delectatus
1444 2755 1558 2791 sum
1589 2740 1725 2792 sicut
1756 2741 1811 2792 in
1840 2742 2011 2792 omni-

433 2827 530 2868 ous
567 2816 789 2874 divitiis.
836 2821 900 2876 In
933 2825 1201 2880 mandatis
1238 2830 1342 2883 tuis
1370 2829 1665 2893 exercebar,
1698 2841 1746 2884 et
1773 2831 2013 2886 conside-

432 2905 564 2960 rabo
593 2906 706 2963 vias
741 2921 884 2966 tuas.
931 2911 996 2967 In
1021 2915 1500 2986 justiﬁcationibus
1541 2922 1643 2975 tuis
1675 2921 2006 2975 meditabor:

431 3011 538 3050 non
557 2998 839 3056 obliviscar
855 3020 1119 3062 sermones
1143 3017 1278 3064 tuos.
1306 3008 1448 3065 Justi
1472 3011 1661 3082 judiqii
1694 3014 1770 3066 tui
1800 3027 2004 3067 sermo-

2117 1907 2217 1958 οὐκ
2249 1909 2312 1960 ὲκ
2356 1907 2530 1975 λύπης
2565 1906 2598 1977 ἢ
2645 1904 2705 1969 ἐξ
2731 1906 3005 1974 ἀνάγκης,
3037 1905 3172 1958 ἀλλὰ
3201 1904 3342 1975 μετὰ
3389 1903 3549 1972 πάσης
3577 1898 3642 1952 sb-

1607 1993 1780 2047 ὀδὸν
1806 1993 2072 2048 ἐντολῶν
2121 2010 2238 2050 σου
2300 1996 2560 2067 ἔδραμον
2583 2037 2599 2061 ,
2667 1995 2813 2049 ὅταν
2871 1996 3217 2062 ἐπλάτυνας
3273 1995 3389 2064 τὴν
3437 1993 3642 2062 καρδίαν

2196 2177 2298 2230 Ἔν
2325 2175 2440 2228 τίνι
2471 2175 2830 2244 κατορθώσει
2855 2173 3138 2243 νεώτερος
3161 2174 3282 2243 τὴν
3303 2173 3445 2228 ὁδὸν
3461 2177 3637 2239 αὐτοςῆ

2111 2267 2182 2320 ἐν
2195 2263 2274 2330 τῷ
2288 2265 2669 2334 φυλάξασθαι
2685 2265 2825 2331 τοὺς
2838 2266 3058 2334 λόγους
3072 2282 3208 2320 σου.
3229 2267 3335 2320 Ἐν
3351 2265 3460 2333 ὅλῃ
3475 2267 3644 2336 καρδίᾳ

2107 2375 2228 2428 μου
2249 2356 2580 2425 ἐξεζήτησά
2607 2372 2700 2420 σε,
2724 2356 2810 2427 μὴ
2830 2356 3044 2425 ὰπώσῃ
3062 2374 3140 2427 με
3156 2357 3278 2412 ἀπὸ
3299 2356 3415 2410 τῶν
3429 2357 3643 2412 ἐντολῶν

2113 2466 2250 2504 σου.
2289 2450 2385 2502 Ἐν
2427 2448 2502 2517 τῇ
2549 2451 2760 2519 καρδίᾳ
2786 2467 2906 2520 μου
2941 2451 3177 2519 ἔκρυψα
3228 2454 3304 2504 τὰ
3333 2450 3498 2520 λόγιά
3537 2467 3642 2516 σου,

2113 2543 2272 2609 ὅπως
2311 2543 2388 2596 ἂν
2426 2542 2511 2613 μὴ
2555 2541 2792 2612 ἁμάρτω
2842 2556 2962 2596 σοι.
2997 2543 3351 2612 Εὐλογητὸς
3385 2539 3456 2606 εἶ,
3485 2543 3640 2610 Κύριε,

2111 2637 2362 2701 δίδαξόν
2387 2653 2464 2705 με
2491 2636 2564 2689 τὰ
2589 2635 2952 2705 δικαιώματά
2983 2652 3119 2689 σου.
3169 2637 3269 2688 Ἐν
3297 2635 3420 2701 τοῖς
3455 2636 3643 2704 χείλεσι

2105 2745 2225 2797 μου
2254 2727 2570 2796 ἐξήττειλα
2612 2725 2808 2780 πάντα
2840 2726 2913 2780 τὰ
2958 2728 3212 2795 κρίματα
3252 2727 3359 2780 τοῦ
3398 2727 3643 2795 στόματός

2111 2833 2247 2874 σου.
2287 2821 2390 2873 Ἐν
2424 2817 2496 2888 τῇ
2541 2817 2658 2884 ὀδῷ
2683 2817 2803 2872 τῶν
2837 2821 3175 2888 μαρτυρίων
3227 2835 3348 2872 σου
3380 2818 3642 2886 ἐτέρφθην,

2112 2912 2194 2978 ὡς
2237 2910 2336 2964 ἐπὶ
2385 2909 2564 2964 παντὶ
2599 2912 2862 2978 πλούτῳ.
2927 2912 3024 2964 Ἐν
3065 2911 3192 2977 ταῖς
3256 2909 3522 2975 ἐντολαῖς
3555 2926 3643 2962 σου

2113 3002 2533 3073 ἁδολεσχήσω,
2560 3003 2657 3056 καὶ
2688 3002 3041 3070 κατανοήσω
3059 3002 3167 3068 τὰς
3196 3001 3382 3067 ὀδούς
3417 3015 3541 3054 σου.
3574 3000 3644 3050 Ἑν

432 3104 554 3154 nes,
595 3092 794 3162 inquit,
826 3099 1089 3154 memoria
1113 3108 1386 3170 repetens,
1417 3118 1666 3173 magnam
1700 3105 1825 3159 hinc
1857 3106 2007 3160 utili-

2113 3095 2234 3161 τοῖς
2265 3094 2618 3164 δικαιώμασί
2648 3110 2766 3149 σου
2801 3094 3114 3164 μελετήσω
3135 3111 3148 3123 ·
3182 3096 3299 3147 οὐκ
3327 3091 3644 3159 ἐπιλήσομαι

433 3189 598 3237 tatem
626 3196 820 3244 nactus
863 3205 1006 3246 sum.
1057 3190 1250 3251 Timeo
1289 3203 1468 3250 autem
1501 3212 1570 3250 ne
1610 3198 1902 3267 aliquando
1929 3201 2006 3254 'in

2113 3186 2224 3240 τῶν
2267 3190 2464 3258 λόγων
2521 3204 2660 3244 σου.
2703 3188 2842 3252 Τοὺς
2887 3188 3289 3258 δικαιοκρισίας
3351 3203 3474 3248 σου,
3519 3183 3645 3252 φησὶ,

434 3273 628 3329 horum
649 3278 978 3338 oblivionem
1005 3285 1219 3340 veniam
1246 3305 1258 3342 :
1285 3303 1456 3356 quare
1477 3289 1780 3345 orationem
1809 3290 2006 3359 eﬂudi;

2113 3279 2300 3348 λόγους
2323 3278 2719 3350 ἀναλαμϐάνων
2765 3282 2831 3350 τῇ
2867 3281 3056 3352 μνήμῃ
3081 3279 3150 3332 τὰ
3179 3279 3414 3349 μέγιστα
3450 3274 3624 3345 ὡφελοῦ

438 3377 496 3418 ιιι
523 3382 621 3436 per
651 3382 819 3424 totam
841 3372 1008 3428 vitam
1042 3391 1240 3442 meam,
1265 3386 1319 3432 et
1344 3381 1490 3434 omni
1522 3388 1787 3451 tempore,
1815 3382 2007 3451 iudicii

2114 3391 2234 3444 μαι.
2287 3372 2562 3444 Φοὸοὓμαι
2606 3373 2664 3426 δὲ
2702 3373 2913 3444 μήποτέ
2945 3391 3030 3438 τις
3063 3371 3245 3427 αὐτῶν
3286 3372 3423 3443 λήθη
3466 3374 3519 3423 ὲν
3553 3369 3648 3439 ἐμοὶ

2107 3464 2366 3534 γένηταιο
2397 3465 2587 3534 διόπερ
2614 3463 2776 3536 εὐχὴν
2829 3465 3195 3536 ἐποιησάμηνο
3249 3463 3312 3517 τὸ
3361 3463 3426 3516 δι’
3468 3463 3648 3530 ἀπάσης

2107 3561 2204 3630 τῆς
2248 3559 2487 3629 ἐμαυτοῦ
2525 3557 2704 3630 ζωῆς,
2761 3560 2854 3613 καὶ
2903 3561 2960 3612 ἐν
2993 3562 3156 3613 παντὶ
3206 3559 3387 3631 καιρῷ
3431 3558 3523 3627 τῆς
3571 3553 3649 3620 σῆς

2111 3653 2471 3724 μνημονεύειν
2509 3653 2771 3723 κρίσεωςο
2813 3653 2848 3725 ἦ
2891 3655 2987 3708 καὶ
3021 3654 3236 3726 ἄλλως,
3275 3652 3376 3721 τῆς
3422 3649 3513 3720 σῆς
3552 3645 3647 3699 καθ’

2107 3745 2231 3798 ὅλου
2265 3745 2538 3816 προνοίας,
2571 3738 2616 3798 ὧ
2648 3745 2843 3816 Κύριε,
2871 3744 2942 3798 τὰ
2982 3746 3225 3818 κρίματα
3258 3743 3454 3796 εἰδέναι
3488 3735 3646 3791 ἐπεθύ-

2111 3853 2281 3906 μησεν
2316 3837 2522 3909 ἡψυχὴ
2562 3854 2690 3908 μου.

431 3459 511 3512 tui
544 3475 754 3517 memor
786 3465 913 3530 sim;
947 3467 1066 3524 sive
1099 3469 1207 3522 alio
1233 3471 1429 3526 modo:
1466 3473 1794 3529 universalis
1820 3475 2010 3530 Provi-

429 3547 628 3607 dentia:
672 3563 798 3619 tuae,
833 3555 1081 3624 Domine,
1109 3559 1317 3630 judicia
1347 3569 1440 3616 tua
1485 3579 1650 3620 nosse
1695 3569 2010 3637 concupivit

431 3657 614 3698 anima
648 3662 789 3702 mea.

503 3906 666 3963 Vens.
705 3911 894 3966 17-24.
930 3913 1176 3970 Retribue
1209 3933 1355 3970 servo
1391 3927 1517 3971 tuo:
1548 3919 1716 3972 vivam
1749 3929 1799 3974 et
1837 3932 2011 3974 custo-

429 4001 581 4052 diam
603 4017 867 4057 sermones
897 4014 1035 4058 tuos.
1077 4005 1262 4060 Revela
1299 4007 1479 4061 oculos
1505 4025 1667 4074 meos,
1695 4021 1742 4063 et
1777 4011 2012 4066 conside-

430 4088 563 4142 rabo
603 4090 873 4146 mirabilia
912 4105 1003 4146 tua
1036 4093 1101 4148 de
1142 4096 1251 4165 lege
1276 4105 1388 4151 tua.
1431 4095 1620 4151 Incola
1665 4116 1758 4168 ego
1788 4117 1904 4153 sum
1954 4103 2010 4154 in

433 4188 599 4246 terra,
635 4198 739 4237 non
773 4183 1068 4241 abscondas
1102 4204 1136 4241 a
1166 4204 1244 4242 me
1276 4191 1530 4244 mandata
1560 4201 1671 4246 tua.
1701 4192 2010 4262 Concupivit

2113 4201 2214 4256 τοῦ
2245 4202 2435 4270 νόμου
2477 4217 2612 4256 σου.
2642 4199 2935 4269 Παρθικος
2957 4198 3071 4271 ἐγώ
3107 4201 3224 4268 ειμι
3268 4199 3339 4251 ὲν
3368 4194 3440 4265 τῇ
3467 4192 3550 4265 τῇ,
3575 4190 3638 4259 μὴ

434 4273 616 4327 anima
654 4291 772 4330 mea
812 4277 1116 4335 desiderare
1153 4281 1568 4352 iustiﬁcationes
1606 4294 1725 4340 tuas
1765 4287 1822 4341 in
1865 4288 2010 4342 omni

2113 4293 2468 4362 ἀποκρύψῃς
2511 4293 2611 4347 ἀπ’
2648 4292 2795 4362 ἐμοῦ
2822 4292 2928 4358 τὰς
2956 4289 3208 4356 ἐντολάς
3246 4305 3384 4344 σου.
3438 4283 3638 4342 Ἑπεπόν

432 4375 678 4434 tempore.
709 4366 1002 4438 lncrepasti
1025 4373 1297 4441 superbos,
1331 4375 1600 4430 maledicti
1621 4377 1712 4448 qui
1741 4377 2008 4433 declinant

2113 4388 2299 4454 θησεν
2322 4387 2360 4452 ἡ
2394 4383 2565 4454 ψυχή
2609 4402 2730 4455 μου
2767 4383 2873 4438 τοῦ
2911 4382 3280 4453 ἐπιθυμῆσαι
3310 4382 3382 4436 τὰ
3429 4374 3636 4448 κρίματά

434 4474 467 4510 a
510 4459 778 4513 mandatis
814 4463 939 4516 tuis.
985 4462 1152 4532 Aufer
1183 4481 1217 4517 a
1260 4482 1341 4519 me
1392 4468 1732 4536 opprobrium
1786 4478 1835 4524 et
1881 4487 2006 4524 con-

2113 4451 2224 4533 σου
2251 4478 2322 4532 ἐν
2351 4451 2536 4530 ratarer
2556 4451 2774 4544 καιρῷ.
2812 4451 3211 4544 Ἐπετιμηήσας
3253 4473 3633 4543 ὑπερηφάνοις,

435 4558 706 4617 templum,
744 4554 869 4620 quia
913 4557 1210 4610 testimonia
1255 4567 1347 4612 tua
1380 4561 1653 4630 exquisivi.
1694 4560 1903 4614 Etenim
1934 4578 2010 4615 se-

2113 4567 2527 4636 ὲπικατάρατοι
2563 4569 2617 4621 ol
2663 4567 3046 4633 ἐκκλίνοντες
3091 4566 3207 4620 ἀπὸ
3261 4566 3380 4620 τῶν
3419 4559 3634 4618 ἐντολῶν

433 4641 620 4694 derunt
658 4645 914 4712 principes
943 4658 993 4699 et
1023 4647 1298 4702 adversum
1327 4667 1407 4704 me
1434 4651 1799 4720 loquebantur,
1830 4668 2008 4706 servus

2113 4674 2245 4714 σου.
2277 4658 2522 4726 Περίελιε
2554 4657 2654 4711 ἀπ’
2694 4656 2840 4725 ἐμοῦ
2869 4655 3098 4721 ὄνειδος
3127 4656 3220 4708 καὶ
3257 4653 3630 4720 ἐξουδένωσινς

435 4743 608 4787 autem
639 4744 760 4790 tuus
784 4739 1124 4794 exercebatur
1149 4743 1199 4796 in
1213 4743 1686 4813 justiﬁcationibus
1713 4746 1838 4800 tuis.
1864 4744 2009 4798 Nam

2113 4750 2199 4805 ὅτι
2217 4749 2290 4803 τὰ
2308 4747 2602 4820 μαρτύριά
2623 4765 2738 4801 σου
2759 4745 3104 4813 ἐξεζήτησα.
3124 4746 3234 4800 Καὶ
3255 4748 3365 4816 γὰρ
3389 4743 3633 4798 ἐκάθισαν

2106 4841 2396 4909 ἄρχοντες
2423 4839 2522 4892 καὶ
2547 4841 2674 4893 κατ’
2706 4838 2851 4907 ἐμοῦ
2879 4837 3275 4902 κατελάλσυν,
3311 4840 3344 4890 d
3367 4835 3433 4889 δὲ
3456 4831 3632 4892 δοῦλός

2107 4947 2226 4986 σου
2263 4931 2584 5000 ἡδολέσχει
2620 4930 2691 4984 ἐν
2719 4929 2842 4995 τοῖς
2867 4929 3221 4998 δικαιώμασί
3264 4944 3399 4982 σου.
3434 4924 3532 4979 Kal
3549 4920 3630 4990 γὰρ

2109 5021 2182 5076 τὰ
2215 5021 2508 5091 μαρτύριά
2535 5037 2652 5074 σου
2677 5019 2896 5089 μελέτη
2936 5038 3055 5090 μου
3083 5020 3236 5082 ἐστὶ,
3273 5018 3371 5072 καὶ
3422 5019 3476 5070 al
3514 5028 3631 5080 συμο

2110 5113 2344 5166 ὄουλίαι
2371 5130 2491 5182 μου
2529 5111 2602 5165 τὰ
2637 5110 2996 5181 δικαιώματά
3034 5124 3170 5164 σου.
3215 5112 3352 5163 Ποτὲ
3391 5107 3480 5180 μὲν
3507 5098 3628 5156 ὠνεί-

2107 5203 2250 5268 διζόν
2285 5220 2373 5273 με,
2408 5202 2564 5272 φησὶ,
2597 5202 2804 5255 παλαιὰ
2833 5205 2879 5256 εἰ
2932 5202 3082 5272 τύχοι
3119 5203 3502 5274 ἁμαρτήματα·
3528 5189 3626 5246 ποτὲ

2107 5295 2164 5348 δὲ
2187 5295 2496 5362 ὲξουδένουν
2518 5293 2955 5358 ἐξευτελίζοντες,
2988 5295 3062 5358 ὡς
3086 5293 3296 5357 οὐδενὸς
3320 5293 3456 5357 ἄξιον
3480 5287 3622 5354 λόγου.

2121 5385 2261 5455 Ἐγὼ
2285 5386 2341 5439 δὲ
2359 5384 2671 5455 καταμόνας
2695 5385 3002 5456 καθήμενος
3019 5425 3033 5447 ,
3059 5385 3154 5438 καὶ
3178 5387 3289 5448 τοῖς
3313 5383 3463 5445 θείοις
3482 5380 3624 5444 λόγοις

2108 5477 2492 5548 προσανὲχων,
2548 5477 2642 5530 καὶ
2710 5477 2908 5548 μηδένα
2953 5477 3287 5546 κεκτημένος
3335 5470 3620 5545 σύμϐουλον»

2113 5569 2234 5640 μηδ’
2263 5568 2428 5641 ἄλλην
2453 5568 2590 5640 ἔχων
2624 5568 2995 5639 παραμυθίαν,
3026 5572 3136 5632 τοῖς
3171 5573 3281 5633 σοῖς
3319 5565 3620 5632 δικαιώμασιν

2109 5661 2228 5714 ἀντὶ
2257 5658 2574 5729 συμϐούλων
2603 5657 2878 5729 ἐχρώμην.

2192 5751 2524 5820 Ἔκολλήθη
2557 5750 2636 5818 τῷ
2674 5750 2878 5822 ἐδάφει
2911 5754 2948 5821 ἡ
2988 5753 3152 5823 ψυχή
3190 5771 3336 5824 μου·
3383 5747 3615 5818 (ﬁat/3'!“

2193 3927 2545 3994 Ἄνταπόδος
2571 3926 2650 3993 τῷ
2679 3927 2876 3997 δούλῳ
2909 3943 3024 3982 σου
3041 3943 3055 3957 ο
3085 3925 3340 3995 ζήσομαι
3373 3923 3464 3976 καὶ
3491 3917 3643 3990 φνλά-

2109 4017 2192 4081 ξω
2219 4015 2358 4082 τοὺς
2396 4017 2619 4086 λόγους
2647 4034 2785 4072 σου.
2827 4016 3246 4084 Ἁποκάλυψον
3291 4014 3430 4080 τοὺς
3464 4013 3641 4080 ὀρθαῖ-

2102 4111 2253 4178 μούς
2282 4127 2434 4178 μου,
2476 4109 2574 4163 καὶ
2618 4108 2973 4176 κατανοήσω
3009 4107 3082 4161 τὰ
3130 4104 3433 4176 θαυμάσια
3470 4118 3569 4156 σου
3590 4099 3639 4149 ἐκ

433 4835 484 4876 et
515 4829 814 4882 testimonia
846 4838 938 4883 tua
972 4831 1246 4888 meditatio
1276 4851 1391 4888 mea
1429 4845 1527 4899 est,
1557 4845 1606 4889 et
1635 4836 1857 4889 consilia
1892 4855 2010 4892 mea

428 4919 840 4989 justiﬁcationes
869 4933 993 4980 tuae.
1023 4926 1351 4996 Aliquando,
1388 4928 1582 4997 inquit,
1605 4929 2010 4998 exprobrabant

435 5011 592 5076 mihi,
644 5014 774 5067 olim
823 5030 947 5069 cum
992 5028 1216 5086 peccata
1260 5020 1314 5072 in
1365 5036 1451 5074 me
1495 5021 1861 5088 exsisterent;
1908 5022 2010 5076 ali-

437 5104 659 5174 quando
723 5106 1101 5178 despiciebant
1150 5110 1546 5180 vilipeudentes
1591 5114 1750 5183 quasi
1803 5115 2008 5169 nullius

438 5199 593 5268 pretii
626 5199 924 5256 hominem.
969 5200 1081 5273 Ego
1105 5217 1232 5257 vero
1263 5204 1492 5258 seorsim
1522 5210 1740 5270 sedens,
1768 5220 1832 5258 ac
1863 5204 2006 5259 divi-

435 5291 523 5345 nis
546 5292 894 5350 sermonibus
921 5293 1164 5348 animum
1195 5295 1478 5359 adhibens,
1507 5299 1886 5367 neminemque
1909 5297 2008 5352 ha-

389 5427 412 5448 ,
438 5383 595 5448 bens,
619 5370 861 5456 quocum
882 5387 1248 5453 consulerem,
1283 5389 1596 5458 nullamque
1624 5390 1784 5444 aliam
1813 5400 2007 5446 nactus

437 5476 890 5543 consolationem,
921 5477 1409 5546 justiﬁcationibus
1455 5479 1563 5534 tuis
1603 5496 1707 5557 prq
1747 5481 2006 5536 consilia-

437 5560 536 5619 riis
556 5566 771 5624 utebar.

510 5740 674 5798 Vtans.
700 5743 888 5797 25-29.
927 5746 1159 5801 Adha'sit
1179 5750 1471 5816 pavimento
1500 5751 1679 5804 anima
1716 5770 1850 5814 mea,
1884 5752 2007 5805 vivi-
