  <div class='ocr_page' id='page_1' title='image "/cluster/home/n/w/nwhite01/storage/ocr_20150623/23/mdp.39015078384396/712.png"; bbox 0 0 3868 6282; ppageno 0'>
   <div class='ocr_carea' id='block_1_1' title="bbox 182 361 310 418">
    <p class='ocr_par' dir='ltr' id='par_1_1' title="bbox 182 361 310 418">
     <span class='ocr_line' id='line_1_1' title="bbox 182 361 310 418; baseline 0 -1"><span class='ocrx_word' id='word_1_1' title='bbox 182 361 310 418; x_wconf 74' lang='grc'><strong>1369</strong></span> 
     </span>
    </p>
   </div>
   <div class='ocr_carea' id='block_1_2' title="bbox 1278 372 2258 441">
    <p class='ocr_par' dir='ltr' id='par_1_2' title="bbox 1278 372 2258 441">
     <span class='ocr_line' id='line_1_2' title="bbox 1278 372 2258 441; baseline 0.011 -12"><span class='ocrx_word' id='word_1_2' title='bbox 1278 372 1776 433; x_wconf 74' lang='lat' dir='ltr'><strong>COMMENTARIA</strong></span> <span class='ocrx_word' id='word_1_3' title='bbox 1819 380 1885 434; x_wconf 79' lang='grc' dir='ltr'><strong>ΙΝ</strong></span> <span class='ocrx_word' id='word_1_4' title='bbox 1926 382 2258 441; x_wconf 74' lang='lat' dir='ltr'><strong>PSALMOS.</strong></span> 
     </span>
    </p>
   </div>
   <div class='ocr_carea' id='block_1_3' title="bbox 3266 359 3408 451">
    <p class='ocr_par' dir='ltr' id='par_1_3' title="bbox 3266 359 3408 451">
     <span class='ocr_line' id='line_1_3' title="bbox 3266 359 3408 451; baseline 0.007 -2"><span class='ocrx_word' id='word_1_5' title='bbox 3266 359 3408 451; x_wconf 54' lang='lat' dir='ltr'><strong>imo</strong></span> 
     </span>
    </p>
   </div>
   <div class='ocr_carea' id='block_1_4' title="bbox 173 477 1740 581">
    <p class='ocr_par' dir='ltr' id='par_1_4' title="bbox 173 477 1736 581">
     <span class='ocr_line' id='line_1_4' title="bbox 173 477 1736 581; baseline 0.017 -55"><span class='ocrx_word' id='word_1_6' title='bbox 173 477 326 581; x_wconf 51' lang='grc' dir='ltr'>κατὰ.</span> <span class='ocrx_word' id='word_1_7' title='bbox 352 477 455 531; x_wconf 75' lang='grc' dir='ltr'>τὸν</span> <span class='ocrx_word' id='word_1_8' title='bbox 494 481 679 549; x_wconf 68' lang='grc' dir='ltr'>λόγον</span> <span class='ocrx_word' id='word_1_9' title='bbox 718 499 853 539; x_wconf 82' lang='grc' dir='ltr'>σου.</span> <span class='ocrx_word' id='word_1_10' title='bbox 886 487 995 555; x_wconf 79' lang='grc' dir='ltr'><strong>Τὰς</strong></span> <span class='ocrx_word' id='word_1_11' title='bbox 1037 490 1215 558; x_wconf 81' lang='grc' dir='ltr'>ὁδούς</span> <span class='ocrx_word' id='word_1_12' title='bbox 1241 510 1354 560; x_wconf 82' lang='grc' dir='ltr'><strong>μου</strong></span> <span class='ocrx_word' id='word_1_13' title='bbox 1395 495 1736 567; x_wconf 74' lang='grc' dir='ltr'>ὲξήγγειλα,</span> 
     </span>
    </p>
   </div>
   <div class='ocr_carea' id='block_1_5' title="bbox 1846 477 3408 581">
    <p class='ocr_par' dir='ltr' id='par_1_5' title="bbox 1846 503 3408 581">
     <span class='ocr_line' id='line_1_5' title="bbox 1846 503 3408 581; baseline 0.008 -25"><span class='ocrx_word' id='word_1_14' title='bbox 1846 503 1944 571; x_wconf 75' lang='lat' dir='ltr'><strong>[ica</strong></span> <span class='ocrx_word' id='word_1_15' title='bbox 1968 522 2047 559; x_wconf 88' lang='lat' dir='ltr'><strong>me</strong></span> <span class='ocrx_word' id='word_1_16' title='bbox 2072 506 2353 559; x_wconf 82' lang='lat' dir='ltr'><strong>secundum</strong></span> <span class='ocrx_word' id='word_1_17' title='bbox 2377 509 2580 561; x_wconf 79' lang='lat' dir='ltr'><strong>uerbum</strong></span> <span class='ocrx_word' id='word_1_18' title='bbox 2610 522 2777 567; x_wconf 85' lang='lat' dir='ltr'><strong>tuum.</strong></span> <span class='ocrx_word' id='word_1_19' title='bbox 2812 514 2933 568; x_wconf 72' lang='lat' dir='ltr'><strong>Viae</strong></span> <span class='ocrx_word' id='word_1_20' title='bbox 2961 532 3099 568; x_wconf 82' lang='lat' dir='ltr'><strong>meas</strong></span> <span class='ocrx_word' id='word_1_21' title='bbox 3122 517 3408 581; x_wconf 86' lang='lat' dir='ltr'><strong>enuntiavi,</strong></span> 
     </span>
    </p>
   </div>
   <div class='ocr_carea' id='block_1_6' title="bbox 175 567 1744 657">
    <p class='ocr_par' dir='ltr' id='par_1_6' title="bbox 175 567 1744 657">
     <span class='ocr_line' id='line_1_6' title="bbox 175 567 1744 657; baseline 0.015 -38"><span class='ocrx_word' id='word_1_22' title='bbox 175 567 268 620; x_wconf 80' lang='grc' dir='ltr'><strong>καὶ</strong></span> <span class='ocrx_word' id='word_1_23' title='bbox 301 568 651 639; x_wconf 70' lang='grc' dir='ltr'>ἐπιῖκουσὰς</span> <span class='ocrx_word' id='word_1_24' title='bbox 680 593 833 643; x_wconf 79' lang='grc' dir='ltr'><strong>μου·</strong></span> <span class='ocrx_word' id='word_1_25' title='bbox 877 578 1126 645; x_wconf 79' lang='grc' dir='ltr'>δίδαξόν</span> <span class='ocrx_word' id='word_1_26' title='bbox 1164 600 1241 652; x_wconf 83' lang='grc' dir='ltr'><strong>με</strong></span> <span class='ocrx_word' id='word_1_27' title='bbox 1275 586 1347 637; x_wconf 86' lang='grc' dir='ltr'>τὰ</span> <span class='ocrx_word' id='word_1_28' title='bbox 1386 585 1744 657; x_wconf 84' lang='grc' dir='ltr'>δικαιώματά</span> 
     </span>
    </p>
   </div>
   <div class='ocr_carea' id='block_1_7' title="bbox 1842 598 3411 672">
    <p class='ocr_par' dir='ltr' id='par_1_7' title="bbox 1842 598 3411 672">
     <span class='ocr_line' id='line_1_7' title="bbox 1842 598 3411 672; baseline 0.008 -25"><span class='ocrx_word' id='word_1_29' title='bbox 1842 605 1891 648; x_wconf 90' lang='lat' dir='ltr'><strong>et</strong></span> <span class='ocrx_word' id='word_1_30' title='bbox 1917 598 2184 651; x_wconf 73' lang='lat' dir='ltr'><strong>exaudisti</strong></span> <span class='ocrx_word' id='word_1_31' title='bbox 2212 615 2311 663; x_wconf 87' lang='lat' dir='ltr'><strong>me,</strong></span> <span class='ocrx_word' id='word_1_32' title='bbox 2353 599 2479 654; x_wconf 89' lang='lat' dir='ltr'><strong>doce</strong></span> <span class='ocrx_word' id='word_1_33' title='bbox 2516 617 2595 653; x_wconf 90' lang='lat' dir='ltr'><strong>me</strong></span> <span class='ocrx_word' id='word_1_34' title='bbox 2626 604 3034 672; x_wconf 76' lang='lat' dir='ltr'><strong>justiﬁcationes</strong></span> <span class='ocrx_word' id='word_1_35' title='bbox 3069 616 3211 660; x_wconf 78' lang='lat' dir='ltr'><strong>tuas.</strong></span> <span class='ocrx_word' id='word_1_36' title='bbox 3259 607 3411 660; x_wconf 88' lang='lat' dir='ltr'><strong>Viam</strong></span> 
     </span>
    </p>
   </div>
   <div class='ocr_carea' id='block_1_8' title="bbox 170 662 1740 766">
    <p class='ocr_par' dir='ltr' id='par_1_8' title="bbox 170 662 1740 766">
     <span class='ocr_line' id='line_1_8' title="bbox 170 662 1740 766; baseline 0.015 -57"><span class='ocrx_word' id='word_1_37' title='bbox 170 675 301 766; x_wconf 63' lang='grc' dir='ltr'>αου.</span> <span class='ocrx_word' id='word_1_38' title='bbox 346 662 511 766; x_wconf 66' lang='grc' dir='ltr'>Ὀδδν</span> <span class='ocrx_word' id='word_1_39' title='bbox 548 664 953 736; x_wconf 79' lang='grc' dir='ltr'><strong>δικαιωμάτων</strong></span> <span class='ocrx_word' id='word_1_40' title='bbox 989 689 1103 726; x_wconf 87' lang='grc' dir='ltr'>σου</span> <span class='ocrx_word' id='word_1_41' title='bbox 1143 676 1473 731; x_wconf 83' lang='grc' dir='ltr'>συνέτισόν</span> <span class='ocrx_word' id='word_1_42' title='bbox 1498 696 1611 748; x_wconf 85' lang='grc' dir='ltr'><strong>με,</strong></span> <span class='ocrx_word' id='word_1_43' title='bbox 1642 680 1740 734; x_wconf 74' lang='grc' dir='ltr'><strong>καὶ</strong></span> 
     </span>
    </p>
   </div>
   <div class='ocr_carea' id='block_1_9' title="bbox 1846 662 3408 766">
    <p class='ocr_par' dir='ltr' id='par_1_9' title="bbox 1846 687 3408 766">
     <span class='ocr_line' id='line_1_9' title="bbox 1846 687 3408 766; baseline 0.009 -27"><span class='ocrx_word' id='word_1_44' title='bbox 1846 687 2281 756; x_wconf 75' lang='lat' dir='ltr'><strong>iustiﬁcationum</strong></span> <span class='ocrx_word' id='word_1_45' title='bbox 2316 700 2526 744; x_wconf 87' lang='lat' dir='ltr'><strong>tuarum</strong></span> <span class='ocrx_word' id='word_1_46' title='bbox 2562 694 2847 764; x_wconf 79' lang='lat' dir='ltr'><strong>intelligere</strong></span> <span class='ocrx_word' id='word_1_47' title='bbox 2877 714 2956 751; x_wconf 88' lang='lat' dir='ltr'><strong>me</strong></span> <span class='ocrx_word' id='word_1_48' title='bbox 2988 697 3095 766; x_wconf 70' lang='lat' dir='ltr'><strong>fac,</strong></span> <span class='ocrx_word' id='word_1_49' title='bbox 3129 707 3177 752; x_wconf 87' lang='lat' dir='ltr'><strong>et</strong></span> <span class='ocrx_word' id='word_1_50' title='bbox 3204 714 3408 753; x_wconf 73' lang='lat' dir='ltr'><strong>exerce-</strong></span> 
     </span>
    </p>
   </div>
   <div class='ocr_carea' id='block_1_10' title="bbox 170 748 1740 858">
    <p class='ocr_par' dir='ltr' id='par_1_10' title="bbox 170 748 1740 833">
     <span class='ocr_line' id='line_1_10' title="bbox 170 748 1740 833; baseline 0.016 -33"><span class='ocrx_word' id='word_1_51' title='bbox 170 748 563 820; x_wconf 79' lang='grc' dir='ltr'>ἁδολεσχήσω</span> <span class='ocrx_word' id='word_1_52' title='bbox 591 756 661 807; x_wconf 83' lang='grc' dir='ltr'>ἐν</span> <span class='ocrx_word' id='word_1_53' title='bbox 689 757 812 823; x_wconf 81' lang='grc' dir='ltr'>τοῖς</span> <span class='ocrx_word' id='word_1_54' title='bbox 835 762 1187 831; x_wconf 80' lang='grc' dir='ltr'><strong>θαυμασίοις</strong></span> <span class='ocrx_word' id='word_1_55' title='bbox 1207 783 1342 820; x_wconf 89' lang='grc' dir='ltr'>σου.</span> <span class='ocrx_word' id='word_1_56' title='bbox 1377 768 1740 833; x_wconf 79' lang='grc' dir='ltr'>Ἑνύσταξεν</span> 
     </span>
    </p>
   </div>
   <div class='ocr_carea' id='block_1_11' title="bbox 1846 748 3410 858">
    <p class='ocr_par' dir='ltr' id='par_1_11' title="bbox 1846 779 3410 858">
     <span class='ocr_line' id='line_1_11' title="bbox 1846 779 3410 858; baseline 0.008 -27"><span class='ocrx_word' id='word_1_57' title='bbox 1846 779 1937 832; x_wconf 82' lang='lat' dir='ltr'><strong>bor</strong></span> <span class='ocrx_word' id='word_1_58' title='bbox 1961 780 2014 833; x_wconf 86' lang='lat' dir='ltr'><strong>in</strong></span> <span class='ocrx_word' id='word_1_59' title='bbox 2044 780 2375 836; x_wconf 76' lang='lat' dir='ltr'><strong>mirabilibus</strong></span> <span class='ocrx_word' id='word_1_60' title='bbox 2408 785 2534 838; x_wconf 78' lang='lat' dir='ltr'><strong>tuis.</strong></span> <span class='ocrx_word' id='word_1_61' title='bbox 2579 784 2899 841; x_wconf 85' lang='lat' dir='ltr'><strong>Dormitavit</strong></span> <span class='ocrx_word' id='word_1_62' title='bbox 2935 791 3115 843; x_wconf 84' lang='lat' dir='ltr'><strong>anima</strong></span> <span class='ocrx_word' id='word_1_63' title='bbox 3145 808 3260 845; x_wconf 85' lang='lat' dir='ltr'><strong>mea</strong></span> <span class='ocrx_word' id='word_1_64' title='bbox 3299 805 3410 858; x_wconf 76' lang='lat' dir='ltr'><strong>pra:</strong></span> 
     </span>
    </p>
   </div>
   <div class='ocr_carea' id='block_1_12' title="bbox 170 841 1745 929">
    <p class='ocr_par' dir='ltr' id='par_1_12' title="bbox 170 841 1745 929">
     <span class='ocr_line' id='line_1_12' title="bbox 170 841 1745 929; baseline 0.012 -36"><span class='ocrx_word' id='word_1_65' title='bbox 170 841 207 906; x_wconf 78' lang='grc' dir='ltr'><em>ἠ</em></span> <span class='ocrx_word' id='word_1_66' title='bbox 240 841 408 908; x_wconf 73' lang='grc' dir='ltr'><strong>ψυχή</strong></span> <span class='ocrx_word' id='word_1_67' title='bbox 437 861 554 911; x_wconf 81' lang='grc' dir='ltr'>μου</span> <span class='ocrx_word' id='word_1_68' title='bbox 581 846 699 899; x_wconf 81' lang='grc' dir='ltr'><strong>ἀπὸ</strong></span> <span class='ocrx_word' id='word_1_69' title='bbox 724 850 997 918; x_wconf 68' lang='grc' dir='ltr'>ἀκηδίας,</span> <span class='ocrx_word' id='word_1_70' title='bbox 1019 855 1359 918; x_wconf 77' lang='grc' dir='ltr'>,ϐεϐαίωσόν</span> <span class='ocrx_word' id='word_1_71' title='bbox 1394 877 1471 929; x_wconf 82' lang='grc' dir='ltr'>με</span> <span class='ocrx_word' id='word_1_72' title='bbox 1513 860 1582 914; x_wconf 87' lang='grc' dir='ltr'>ἐν</span> <span class='ocrx_word' id='word_1_73' title='bbox 1619 862 1745 929; x_wconf 82' lang='grc' dir='ltr'>τοῖς</span> 
     </span>
    </p>
   </div>
   <div class='ocr_carea' id='block_1_13' title="bbox 168 932 1740 1022">
    <p class='ocr_par' dir='ltr' id='par_1_13' title="bbox 168 932 1740 1022">
     <span class='ocr_line' id='line_1_13' title="bbox 168 932 1740 1022; baseline 0.017 -40"><span class='ocrx_word' id='word_1_74' title='bbox 168 932 369 1022; x_wconf 53' lang='grc' dir='ltr'>λόγοις</span> <span class='ocrx_word' id='word_1_75' title='bbox 402 950 537 989; x_wconf 87' lang='grc' dir='ltr'>σου,</span> <span class='ocrx_word' id='word_1_76' title='bbox 578 936 743 992; x_wconf 80' lang='grc' dir='ltr'>Ὁδὸν</span> <span class='ocrx_word' id='word_1_77' title='bbox 783 941 1015 1007; x_wconf 80' lang='grc' dir='ltr'><strong>ἀδικίας</strong></span> <span class='ocrx_word' id='word_1_78' title='bbox 1046 947 1402 1016; x_wconf 72' lang='grc' dir='ltr'>ἀπέστησον</span> <span class='ocrx_word' id='word_1_79' title='bbox 1447 952 1547 1005; x_wconf 83' lang='grc' dir='ltr'>ἀπ’</span> <span class='ocrx_word' id='word_1_80' title='bbox 1572 952 1740 1022; x_wconf 79' lang='grc' dir='ltr'>ἐμοῦ,</span> 
     </span>
    </p>
   </div>
   <div class='ocr_carea' id='block_1_14' title="bbox 167 1018 1744 1115">
    <p class='ocr_par' dir='ltr' id='par_1_14' title="bbox 167 1018 1744 1115">
     <span class='ocr_line' id='line_1_14' title="bbox 167 1018 1744 1115; baseline 0.016 -45"><span class='ocrx_word' id='word_1_81' title='bbox 167 1018 261 1115; x_wconf 58' lang='grc' dir='ltr'>καί</span> <span class='ocrx_word' id='word_1_82' title='bbox 292 1020 372 1115; x_wconf 78' lang='grc' dir='ltr'><strong>τῶ</strong></span> <span class='ocrx_word' id='word_1_83' title='bbox 400 1024 560 1092; x_wconf 79' lang='grc' dir='ltr'>νόμῳ</span> <span class='ocrx_word' id='word_1_84' title='bbox 588 1042 705 1080; x_wconf 88' lang='grc' dir='ltr'><strong>σου</strong></span> <span class='ocrx_word' id='word_1_85' title='bbox 742 1029 1003 1097; x_wconf 77' lang='grc' dir='ltr'>ἐλέησόν</span> <span class='ocrx_word' id='word_1_86' title='bbox 1020 1052 1115 1103; x_wconf 82' lang='grc' dir='ltr'><strong>με.</strong></span> <span class='ocrx_word' id='word_1_87' title='bbox 1147 1038 1358 1110; x_wconf 85' lang='grc' dir='ltr'>’Ὠσπερ</span> <span class='ocrx_word' id='word_1_88' title='bbox 1382 1040 1523 1111; x_wconf 81' lang='grc' dir='ltr'><strong>ἁρχὴ</strong></span> <span class='ocrx_word' id='word_1_89' title='bbox 1552 1018 1744 1115; x_wconf 79' lang='grc' dir='ltr'>κοιμή-</span> 
     </span>
    </p>
   </div>
   <div class='ocr_carea' id='block_1_15' title="bbox 168 1112 1738 1208">
    <p class='ocr_par' dir='ltr' id='par_1_15' title="bbox 168 1112 1738 1208">
     <span class='ocr_line' id='line_1_15' title="bbox 168 1112 1738 1208; baseline 0.017 -44"><span class='ocrx_word' id='word_1_90' title='bbox 168 1112 301 1175; x_wconf 85' lang='grc' dir='ltr'>σεώς</span> <span class='ocrx_word' id='word_1_91' title='bbox 332 1114 448 1208; x_wconf 68' lang='grc' dir='ltr'>εστι</span> <span class='ocrx_word' id='word_1_92' title='bbox 481 1121 809 1191; x_wconf 78' lang='grc' dir='ltr'>νυσταγμὸς,</span> <span class='ocrx_word' id='word_1_93' title='bbox 837 1124 1009 1189; x_wconf 82' lang='grc' dir='ltr'>οὕτως</span> <span class='ocrx_word' id='word_1_94' title='bbox 1054 1129 1184 1181; x_wconf 85' lang='grc' dir='ltr'>ποτὲ</span> <span class='ocrx_word' id='word_1_95' title='bbox 1216 1132 1309 1184; x_wconf 76' lang='grc' dir='ltr'><strong>καὶ</strong></span> <span class='ocrx_word' id='word_1_96' title='bbox 1334 1132 1480 1205; x_wconf 77' lang='grc' dir='ltr'><strong>ψυχὴ</strong></span> <span class='ocrx_word' id='word_1_97' title='bbox 1514 1136 1569 1186; x_wconf 79' lang='grc' dir='ltr'>ἐν</span> <span class='ocrx_word' id='word_1_98' title='bbox 1598 1112 1738 1208; x_wconf 67' lang='grc' dir='ltr'>ἀρχῇ</span> 
     </span>
    </p>
   </div>
   <div class='ocr_carea' id='block_1_16' title="bbox 165 1205 1738 1289">
    <p class='ocr_par' dir='ltr' id='par_1_16' title="bbox 165 1205 1738 1289">
     <span class='ocr_line' id='line_1_16' title="bbox 165 1205 1738 1289; baseline 0.016 -36"><span class='ocrx_word' id='word_1_99' title='bbox 165 1205 427 1277; x_wconf 78' lang='grc' dir='ltr'><strong>γενομένη</strong></span> <span class='ocrx_word' id='word_1_100' title='bbox 484 1209 890 1283; x_wconf 83' lang='grc' dir='ltr'><strong>ἁμαρτημάτων</strong></span> <span class='ocrx_word' id='word_1_101' title='bbox 934 1216 1150 1285; x_wconf 81' lang='grc' dir='ltr'>λέγεται</span> <span class='ocrx_word' id='word_1_102' title='bbox 1194 1223 1507 1289; x_wconf 75' lang='grc' dir='ltr'><strong>νυστάζειν,</strong></span> <span class='ocrx_word' id='word_1_103' title='bbox 1545 1205 1738 1279; x_wconf 51' lang='grc' dir='ltr'><strong>κιιθελξζ</strong></span> 
     </span>
    </p>
   </div>
   <div class='ocr_carea' id='block_1_17' title="bbox 165 1295 1739 1388">
    <p class='ocr_par' dir='ltr' id='par_1_17' title="bbox 165 1295 1739 1388">
     <span class='ocr_line' id='line_1_17' title="bbox 165 1295 1739 1388; baseline 0.017 -41"><span class='ocrx_word' id='word_1_104' title='bbox 165 1295 366 1388; x_wconf 83' lang='grc' dir='ltr'>κομένη</span> <span class='ocrx_word' id='word_1_105' title='bbox 405 1300 504 1369; x_wconf 83' lang='grc' dir='ltr'><strong>μὲν</strong></span> <span class='ocrx_word' id='word_1_106' title='bbox 549 1301 735 1375; x_wconf 84' lang='grc' dir='ltr'>ὥσπερ</span> <span class='ocrx_word' id='word_1_107' title='bbox 762 1308 842 1370; x_wconf 72' lang='grc' dir='ltr'>εἰς</span> <span class='ocrx_word' id='word_1_108' title='bbox 876 1307 1041 1364; x_wconf 86' lang='grc' dir='ltr'>ὕπνον</span> <span class='ocrx_word' id='word_1_109' title='bbox 1066 1352 1078 1375; x_wconf 95' lang='grc'><strong>,</strong></span> <span class='ocrx_word' id='word_1_110' title='bbox 1111 1313 1172 1366; x_wconf 82' lang='grc' dir='ltr'><strong>τὸ</strong></span> <span class='ocrx_word' id='word_1_111' title='bbox 1216 1315 1550 1388; x_wconf 86' lang='grc' dir='ltr'>ἁμάρτημα,</span> <span class='ocrx_word' id='word_1_112' title='bbox 1609 1319 1739 1373; x_wconf 80' lang='grc' dir='ltr'>ἀνα·-</span> 
     </span>
    </p>
   </div>
   <div class='ocr_carea' id='block_1_18' title="bbox 164 1387 1741 1479">
    <p class='ocr_par' dir='ltr' id='par_1_18' title="bbox 164 1387 1741 1479">
     <span class='ocr_line' id='line_1_18' title="bbox 164 1387 1741 1479; baseline 0.015 -40"><span class='ocrx_word' id='word_1_113' title='bbox 164 1387 391 1479; x_wconf 84' lang='grc' dir='ltr'>νεύουσα</span> <span class='ocrx_word' id='word_1_114' title='bbox 421 1391 477 1444; x_wconf 87' lang='grc' dir='ltr'>δὲ</span> <span class='ocrx_word' id='word_1_115' title='bbox 510 1394 603 1446; x_wconf 80' lang='grc' dir='ltr'>καὶ</span> <span class='ocrx_word' id='word_1_116' title='bbox 649 1396 973 1471; x_wconf 78' lang='grc' dir='ltr'>ἐγειρομένη</span> <span class='ocrx_word' id='word_1_117' title='bbox 1005 1401 1093 1455; x_wconf 81' lang='grc' dir='ltr'>διὰ</span> <span class='ocrx_word' id='word_1_118' title='bbox 1118 1403 1219 1473; x_wconf 83' lang='grc' dir='ltr'>τῆς</span> <span class='ocrx_word' id='word_1_119' title='bbox 1265 1406 1374 1460; x_wconf 87' lang='grc' dir='ltr'><strong>τῶν</strong></span> <span class='ocrx_word' id='word_1_120' title='bbox 1418 1387 1741 1479; x_wconf 53' lang='grc' dir='ltr'>σερειττόνων</span> 
     </span>
    </p>
   </div>
   <div class='ocr_carea' id='block_1_19' title="bbox 167 1478 1741 1565">
    <p class='ocr_par' dir='ltr' id='par_1_19' title="bbox 167 1478 1741 1565">
     <span class='ocr_line' id='line_1_19' title="bbox 167 1478 1741 1565; baseline 0.015 -38"><span class='ocrx_word' id='word_1_121' title='bbox 167 1478 404 1549; x_wconf 85' lang='grc' dir='ltr'><strong>μνήμης.</strong></span> <span class='ocrx_word' id='word_1_122' title='bbox 446 1482 789 1551; x_wconf 76' lang='grc' dir='ltr'>’Λναγκαίως</span> <span class='ocrx_word' id='word_1_123' title='bbox 820 1487 877 1540; x_wconf 89' lang='grc' dir='ltr'>δὲ</span> <span class='ocrx_word' id='word_1_124' title='bbox 910 1492 1285 1562; x_wconf 79' lang='grc' dir='ltr'>συνετισθῆναι</span> <span class='ocrx_word' id='word_1_125' title='bbox 1317 1493 1470 1559; x_wconf 81' lang='grc' dir='ltr'>ἀξιῶ,</span> <span class='ocrx_word' id='word_1_126' title='bbox 1500 1497 1594 1549; x_wconf 75' lang='grc' dir='ltr'>καὶ</span> <span class='ocrx_word' id='word_1_127' title='bbox 1627 1514 1741 1565; x_wconf 84' lang='grc' dir='ltr'><strong>φω-</strong></span> 
     </span>
    </p>
   </div>
   <div class='ocr_carea' id='block_1_20' title="bbox 162 1572 1741 1659">
    <p class='ocr_par' dir='ltr' id='par_1_20' title="bbox 162 1572 1741 1659">
     <span class='ocr_line' id='line_1_20' title="bbox 162 1572 1741 1659; baseline 0.013 -36"><span class='ocrx_word' id='word_1_128' title='bbox 162 1572 404 1642; x_wconf 85' lang='grc' dir='ltr'>τισθῆναι</span> <span class='ocrx_word' id='word_1_129' title='bbox 438 1578 565 1639; x_wconf 86' lang='grc' dir='ltr'>τοὺς</span> <span class='ocrx_word' id='word_1_130' title='bbox 608 1578 918 1652; x_wconf 83' lang='grc' dir='ltr'>ὀφθαλμούς</span> <span class='ocrx_word' id='word_1_131' title='bbox 972 1602 1073 1653; x_wconf 86' lang='grc' dir='ltr'>μου</span> <span class='ocrx_word' id='word_1_132' title='bbox 1128 1587 1206 1648; x_wconf 78' lang='grc' dir='ltr'><strong>εἰς</strong></span> <span class='ocrx_word' id='word_1_133' title='bbox 1257 1588 1587 1659; x_wconf 80' lang='grc' dir='ltr'>κατανόησιν</span> <span class='ocrx_word' id='word_1_134' title='bbox 1628 1590 1741 1644; x_wconf 86' lang='grc' dir='ltr'><strong>τῶν</strong></span> 
     </span>
    </p>
   </div>
   <div class='ocr_carea' id='block_1_21' title="bbox 162 1662 1741 1753">
    <p class='ocr_par' dir='ltr' id='par_1_21' title="bbox 162 1662 1741 1753">
     <span class='ocr_line' id='line_1_21' title="bbox 162 1662 1741 1753; baseline 0.013 -36"><span class='ocrx_word' id='word_1_135' title='bbox 162 1662 357 1737; x_wconf 87' lang='grc' dir='ltr'>νόμων,</span> <span class='ocrx_word' id='word_1_136' title='bbox 391 1667 477 1721; x_wconf 79' lang='grc' dir='ltr'><strong>ἵνα</strong></span> <span class='ocrx_word' id='word_1_137' title='bbox 506 1671 656 1724; x_wconf 82' lang='grc' dir='ltr'>πᾶσα</span> <span class='ocrx_word' id='word_1_138' title='bbox 676 1671 793 1735; x_wconf 86' lang='grc' dir='ltr'>ὁδὸς</span> <span class='ocrx_word' id='word_1_139' title='bbox 818 1674 1032 1740; x_wconf 84' lang='grc' dir='ltr'><strong>ἀδικίας</strong></span> <span class='ocrx_word' id='word_1_140' title='bbox 1059 1677 1267 1750; x_wconf 78' lang='grc' dir='ltr'>ἀποστῇ</span> <span class='ocrx_word' id='word_1_141' title='bbox 1291 1682 1386 1735; x_wconf 77' lang='grc' dir='ltr'><strong>ἀπ’</strong></span> <span class='ocrx_word' id='word_1_142' title='bbox 1414 1683 1569 1753; x_wconf 79' lang='grc' dir='ltr'>ἐμοῦ.</span> <span class='ocrx_word' id='word_1_143' title='bbox 1598 1684 1741 1737; x_wconf 75' lang='grc' dir='ltr'>Ἀντὶ</span> 
     </span>
    </p>
   </div>
   <div class='ocr_carea' id='block_1_22' title="bbox 162 1756 1740 1847">
    <p class='ocr_par' dir='ltr' id='par_1_22' title="bbox 162 1756 1740 1847">
     <span class='ocr_line' id='line_1_22' title="bbox 162 1756 1740 1847; baseline 0.013 -36"><span class='ocrx_word' id='word_1_144' title='bbox 162 1756 217 1811; x_wconf 76' lang='grc' dir='ltr'><strong>δὲ</strong></span> <span class='ocrx_word' id='word_1_145' title='bbox 250 1758 367 1822; x_wconf 87' lang='grc' dir='ltr'>τοῦ,</span> <span class='ocrx_word' id='word_1_146' title='bbox 408 1760 574 1815; x_wconf 85' lang='grc' dir='ltr'>Ὁδὸν</span> <span class='ocrx_word' id='word_1_147' title='bbox 610 1763 843 1831; x_wconf 78' lang='grc' dir='ltr'><strong>ἀδικίας</strong></span> <span class='ocrx_word' id='word_1_148' title='bbox 867 1767 1223 1835; x_wconf 83' lang='grc' dir='ltr'>ἀπόστησον</span> <span class='ocrx_word' id='word_1_149' title='bbox 1244 1773 1345 1825; x_wconf 80' lang='grc' dir='ltr'><strong>ἀπ’</strong></span> <span class='ocrx_word' id='word_1_150' title='bbox 1379 1773 1547 1839; x_wconf 70' lang='grc' dir='ltr'>ἐμοῦ,</span> <span class='ocrx_word' id='word_1_151' title='bbox 1573 1778 1601 1830; x_wconf 92' lang='grc' dir='ltr'><strong>ό</strong></span> <span class='ocrx_word' id='word_1_152' title='bbox 1640 1775 1740 1847; x_wconf 86' lang='grc' dir='ltr'><strong>μὲν</strong></span> 
     </span>
    </p>
   </div>
   <div class='ocr_carea' id='block_1_23' title="bbox 1846 872 3409 949">
    <p class='ocr_par' dir='ltr' id='par_1_23' title="bbox 1846 872 3409 949">
     <span class='ocr_line' id='line_1_23' title="bbox 1846 872 3409 949; baseline 0.009 -27"><span class='ocrx_word' id='word_1_153' title='bbox 1846 872 2022 934; x_wconf 75' lang='lat' dir='ltr'><strong>ttedio,</strong></span> <span class='ocrx_word' id='word_1_154' title='bbox 2051 875 2310 942; x_wconf 76' lang='lat' dir='ltr'><strong>conﬁrma</strong></span> <span class='ocrx_word' id='word_1_155' title='bbox 2340 891 2421 929; x_wconf 89' lang='lat' dir='ltr'><strong>me</strong></span> <span class='ocrx_word' id='word_1_156' title='bbox 2455 877 2511 929; x_wconf 89' lang='lat' dir='ltr'><strong>in</strong></span> <span class='ocrx_word' id='word_1_157' title='bbox 2549 877 2714 931; x_wconf 71' lang='lat' dir='ltr'><strong>verbis</strong></span> <span class='ocrx_word' id='word_1_158' title='bbox 2760 880 2885 933; x_wconf 70' lang='lat' dir='ltr'><strong>tuis.</strong></span> <span class='ocrx_word' id='word_1_159' title='bbox 2928 879 3075 933; x_wconf 84' lang='lat' dir='ltr'><strong>Viam</strong></span> <span class='ocrx_word' id='word_1_160' title='bbox 3112 883 3409 949; x_wconf 76' lang='lat' dir='ltr'><strong>iniquitatis</strong></span> 
     </span>
    </p>
   </div>
   <div class='ocr_carea' id='block_1_24' title="bbox 1844 965 3410 1037">
    <p class='ocr_par' dir='ltr' id='par_1_24' title="bbox 1844 965 3410 1037">
     <span class='ocr_line' id='line_1_24' title="bbox 1844 965 3410 1037; baseline 0.007 -22"><span class='ocrx_word' id='word_1_161' title='bbox 1844 978 2024 1015; x_wconf 85' lang='lat' dir='ltr'><strong>amove</strong></span> <span class='ocrx_word' id='word_1_162' title='bbox 2060 980 2094 1016; x_wconf 90' lang='lat' dir='ltr'><strong>a</strong></span> <span class='ocrx_word' id='word_1_163' title='bbox 2134 981 2235 1027; x_wconf 88' lang='lat' dir='ltr'><strong>me,</strong></span> <span class='ocrx_word' id='word_1_164' title='bbox 2260 973 2310 1022; x_wconf 85' lang='lat' dir='ltr'><strong>et</strong></span> <span class='ocrx_word' id='word_1_165' title='bbox 2344 965 2451 1037; x_wconf 82' lang='lat' dir='ltr'><strong>lege</strong></span> <span class='ocrx_word' id='word_1_166' title='bbox 2474 980 2563 1021; x_wconf 85' lang='lat' dir='ltr'><strong>tua</strong></span> <span class='ocrx_word' id='word_1_167' title='bbox 2596 970 2839 1024; x_wconf 81' lang='lat' dir='ltr'><strong>miserere</strong></span> <span class='ocrx_word' id='word_1_168' title='bbox 2864 973 2984 1024; x_wconf 84' lang='lat' dir='ltr'><strong>mei.</strong></span> <span class='ocrx_word' id='word_1_169' title='bbox 3012 970 3164 1026; x_wconf 97' lang='lat' dir='ltr'><strong>Sicut</strong></span> <span class='ocrx_word' id='word_1_170' title='bbox 3193 973 3410 1027; x_wconf 88' lang='lat' dir='ltr'><strong>initium</strong></span> 
     </span>
    </p>
   </div>
   <div class='ocr_carea' id='block_1_25' title="bbox 1843 1053 3411 1126">
    <p class='ocr_par' dir='ltr' id='par_1_25' title="bbox 1843 1053 3411 1126">
     <span class='ocr_line' id='line_1_25' title="bbox 1843 1053 3411 1126; baseline 0.006 -19"><span class='ocrx_word' id='word_1_171' title='bbox 1843 1053 2145 1108; x_wconf 86' lang='lat' dir='ltr'><strong>dormiendi</strong></span> <span class='ocrx_word' id='word_1_172' title='bbox 2179 1063 2262 1110; x_wconf 91' lang='lat' dir='ltr'><strong>est</strong></span> <span class='ocrx_word' id='word_1_173' title='bbox 2303 1057 2648 1126; x_wconf 87' lang='lat' dir='ltr'><strong>dormitatio;</strong></span> <span class='ocrx_word' id='word_1_174' title='bbox 2690 1061 2770 1115; x_wconf 91' lang='lat' dir='ltr'><strong>sic</strong></span> <span class='ocrx_word' id='word_1_175' title='bbox 2801 1077 2924 1114; x_wconf 90' lang='lat' dir='ltr'><strong>cum</strong></span> <span class='ocrx_word' id='word_1_176' title='bbox 2971 1064 3148 1116; x_wconf 89' lang='lat' dir='ltr'><strong>anima</strong></span> <span class='ocrx_word' id='word_1_177' title='bbox 3194 1064 3411 1117; x_wconf 87' lang='lat' dir='ltr'><strong>initium</strong></span> 
     </span>
    </p>
   </div>
   <div class='ocr_carea' id='block_1_26' title="bbox 1844 1146 3412 1224">
    <p class='ocr_par' dir='ltr' id='par_1_26' title="bbox 1844 1146 3412 1224">
     <span class='ocr_line' id='line_1_26' title="bbox 1844 1146 3412 1224; baseline 0.007 -25"><span class='ocrx_word' id='word_1_178' title='bbox 1844 1148 2100 1215; x_wconf 80' lang='lat' dir='ltr'><strong>peccandi</strong></span> <span class='ocrx_word' id='word_1_179' title='bbox 2128 1146 2277 1212; x_wconf 86' lang='lat' dir='ltr'><strong>facit,</strong></span> <span class='ocrx_word' id='word_1_180' title='bbox 2308 1149 2604 1206; x_wconf 80' lang='lat' dir='ltr'><strong>dormitare</strong></span> <span class='ocrx_word' id='word_1_181' title='bbox 2636 1153 2857 1216; x_wconf 85' lang='lat' dir='ltr'><strong>dicitur,</strong></span> <span class='ocrx_word' id='word_1_182' title='bbox 2885 1154 3013 1207; x_wconf 91' lang='lat' dir='ltr'><strong>dum</strong></span> <span class='ocrx_word' id='word_1_183' title='bbox 3039 1154 3104 1207; x_wconf 88' lang='lat' dir='ltr'><strong>ad</strong></span> <span class='ocrx_word' id='word_1_184' title='bbox 3128 1164 3412 1224; x_wconf 86' lang='lat' dir='ltr'><strong>peccatum</strong></span> 
     </span>
    </p>
   </div>
   <div class='ocr_carea' id='block_1_27' title="bbox 1843 1240 3413 1310">
    <p class='ocr_par' dir='ltr' id='par_1_27' title="bbox 1843 1240 3413 1310">
     <span class='ocr_line' id='line_1_27' title="bbox 1843 1240 3413 1310; baseline 0.009 -20"><span class='ocrx_word' id='word_1_185' title='bbox 1843 1240 1999 1308; x_wconf 91' lang='lat' dir='ltr'><strong>quasi</strong></span> <span class='ocrx_word' id='word_1_186' title='bbox 2030 1240 2093 1292; x_wconf 89' lang='lat' dir='ltr'><strong>ad</strong></span> <span class='ocrx_word' id='word_1_187' title='bbox 2128 1256 2378 1295; x_wconf 87' lang='lat' dir='ltr'><strong>somnum</strong></span> <span class='ocrx_word' id='word_1_188' title='bbox 2409 1243 2674 1310; x_wconf 74' lang='lat' dir='ltr'><strong>trahitur;</strong></span> <span class='ocrx_word' id='word_1_189' title='bbox 2704 1245 2797 1300; x_wconf 90' lang='lat' dir='ltr'><strong>sed</strong></span> <span class='ocrx_word' id='word_1_190' title='bbox 2828 1262 2894 1300; x_wconf 78' lang='lat' dir='ltr'><strong>ex</strong></span> <span class='ocrx_word' id='word_1_191' title='bbox 2932 1247 3192 1301; x_wconf 86' lang='lat' dir='ltr'><strong>memoria</strong></span> <span class='ocrx_word' id='word_1_192' title='bbox 3223 1248 3413 1303; x_wconf 84' lang='lat' dir='ltr'><strong>melio-</strong></span> 
     </span>
    </p>
   </div>
   <div class='ocr_carea' id='block_1_28' title="bbox 1842 1331 3409 1402">
    <p class='ocr_par' dir='ltr' id='par_1_28' title="bbox 1842 1331 3409 1402">
     <span class='ocr_line' id='line_1_28' title="bbox 1842 1331 3409 1402; baseline 0.005 -19"><span class='ocrx_word' id='word_1_193' title='bbox 1842 1347 1962 1383; x_wconf 88' lang='lat' dir='ltr'><strong>rum</strong></span> <span class='ocrx_word' id='word_1_194' title='bbox 2012 1331 2135 1386; x_wconf 87' lang='lat' dir='ltr'><strong>inde</strong></span> <span class='ocrx_word' id='word_1_195' title='bbox 2174 1333 2399 1402; x_wconf 85' lang='lat' dir='ltr'><strong>emergit</strong></span> <span class='ocrx_word' id='word_1_196' title='bbox 2438 1350 2501 1389; x_wconf 90' lang='lat' dir='ltr'><strong>ac</strong></span> <span class='ocrx_word' id='word_1_197' title='bbox 2532 1338 2817 1390; x_wconf 75' lang='lat' dir='ltr'><strong>excitatur.</strong></span> <span class='ocrx_word' id='word_1_198' title='bbox 2868 1335 3409 1393; x_wconf 86' lang='lat' dir='ltr'><strong>Necessario-autem</strong></span> 
     </span>
    </p>
   </div>
   <div class='ocr_carea' id='block_1_29' title="bbox 1843 1423 3412 1500">
    <p class='ocr_par' dir='ltr' id='par_1_29' title="bbox 1843 1423 3412 1500">
     <span class='ocr_line' id='line_1_29' title="bbox 1843 1423 3412 1500; baseline 0.003 -23"><span class='ocrx_word' id='word_1_199' title='bbox 1843 1423 2128 1494; x_wconf 88' lang='lat' dir='ltr'><strong>prudentia</strong></span> <span class='ocrx_word' id='word_1_200' title='bbox 2173 1425 2396 1489; x_wconf 90' lang='lat' dir='ltr'><strong>muniri,</strong></span> <span class='ocrx_word' id='word_1_201' title='bbox 2425 1433 2479 1480; x_wconf 92' lang='lat' dir='ltr'><strong>et</strong></span> <span class='ocrx_word' id='word_1_202' title='bbox 2519 1429 2708 1482; x_wconf 84' lang='lat' dir='ltr'><strong>oculos</strong></span> <span class='ocrx_word' id='word_1_203' title='bbox 2741 1443 2892 1484; x_wconf 87' lang='lat' dir='ltr'><strong>meos</strong></span> <span class='ocrx_word' id='word_1_204' title='bbox 2924 1430 3128 1485; x_wconf 88' lang='lat' dir='ltr'><strong>lumine</strong></span> <span class='ocrx_word' id='word_1_205' title='bbox 3159 1429 3412 1500; x_wconf 80' lang='lat' dir='ltr'><strong>perfundi</strong></span> 
     </span>
    </p>
   </div>
   <div class='ocr_carea' id='block_1_30' title="bbox 1841 1514 3412 1589">
    <p class='ocr_par' dir='ltr' id='par_1_30' title="bbox 1841 1514 3412 1589">
     <span class='ocr_line' id='line_1_30' title="bbox 1841 1514 3412 1589; baseline 0.004 -23"><span class='ocrx_word' id='word_1_206' title='bbox 1841 1521 1957 1577; x_wconf 92' lang='lat' dir='ltr'><strong>tuo,</strong></span> <span class='ocrx_word' id='word_1_207' title='bbox 1992 1514 2207 1583; x_wconf 91' lang='lat' dir='ltr'><strong>postulo</strong></span> <span class='ocrx_word' id='word_1_208' title='bbox 2237 1515 2303 1568; x_wconf 88' lang='lat' dir='ltr'><strong>ad</strong></span> <span class='ocrx_word' id='word_1_209' title='bbox 2346 1516 2754 1587; x_wconf 85' lang='lat' dir='ltr'><strong>intelligendum</strong></span> <span class='ocrx_word' id='word_1_210' title='bbox 2789 1519 2982 1589; x_wconf 87' lang='lat' dir='ltr'><strong>legem,</strong></span> <span class='ocrx_word' id='word_1_211' title='bbox 3020 1528 3078 1573; x_wconf 95' lang='lat' dir='ltr'><strong>ut</strong></span> <span class='ocrx_word' id='word_1_212' title='bbox 3115 1520 3293 1574; x_wconf 88' lang='lat' dir='ltr'><strong>omnis</strong></span> <span class='ocrx_word' id='word_1_213' title='bbox 3325 1521 3412 1573; x_wconf 87' lang='lat' dir='ltr'><strong>via</strong></span> 
     </span>
    </p>
   </div>
   <div class='ocr_carea' id='block_1_31' title="bbox 1842 1604 3410 1674">
    <p class='ocr_par' dir='ltr' id='par_1_31' title="bbox 1842 1604 3410 1674">
     <span class='ocr_line' id='line_1_31' title="bbox 1842 1604 3410 1674; baseline 0.004 -17"><span class='ocrx_word' id='word_1_214' title='bbox 1842 1604 2144 1674; x_wconf 86' lang='lat' dir='ltr'><strong>iniquitatis</strong></span> <span class='ocrx_word' id='word_1_215' title='bbox 2178 1614 2494 1660; x_wconf 83' lang='lat' dir='ltr'><strong>amoveatur</strong></span> <span class='ocrx_word' id='word_1_216' title='bbox 2544 1622 2574 1660; x_wconf 71' lang='grc' dir='ltr'><strong><em>λ</em></strong></span> <span class='ocrx_word' id='word_1_217' title='bbox 2608 1625 2713 1665; x_wconf 91' lang='lat' dir='ltr'><strong>me.</strong></span> <span class='ocrx_word' id='word_1_218' title='bbox 2747 1607 2851 1665; x_wconf 85' lang='lat' dir='ltr'><strong>Pro</strong></span> <span class='ocrx_word' id='word_1_219' title='bbox 2894 1610 2985 1664; x_wconf 89' lang='lat' dir='ltr'><strong>illo</strong></span> <span class='ocrx_word' id='word_1_220' title='bbox 3006 1619 3221 1664; x_wconf 85' lang='lat' dir='ltr'><strong>autem:</strong></span> <span class='ocrx_word' id='word_1_221' title='bbox 3260 1611 3410 1664; x_wconf 84' lang='lat' dir='ltr'><strong>Viam</strong></span> 
     </span>
    </p>
   </div>
   <div class='ocr_carea' id='block_1_32' title="bbox 1840 1695 3415 1771">
    <p class='ocr_par' dir='ltr' id='par_1_32' title="bbox 1840 1695 3415 1771">
     <span class='ocr_line' id='line_1_32' title="bbox 1840 1695 3415 1771; baseline 0.006 -24"><span class='ocrx_word' id='word_1_222' title='bbox 1840 1695 2133 1765; x_wconf 78' lang='lat' dir='ltr'><strong>iniquitatis</strong></span> <span class='ocrx_word' id='word_1_223' title='bbox 2182 1714 2362 1751; x_wconf 84' lang='lat' dir='ltr'><strong>amove</strong></span> <span class='ocrx_word' id='word_1_224' title='bbox 2409 1715 2442 1751; x_wconf 92' lang='lat' dir='ltr'><strong>a</strong></span> <span class='ocrx_word' id='word_1_225' title='bbox 2505 1716 2626 1764; x_wconf 84' lang='lat' dir='ltr'><strong>me;</strong></span> <span class='ocrx_word' id='word_1_226' title='bbox 2676 1700 2909 1771; x_wconf 88' lang='lat' dir='ltr'><strong>Aquila:</strong></span> <span class='ocrx_word' id='word_1_227' title='bbox 2955 1700 3105 1754; x_wconf 89' lang='lat' dir='ltr'><strong>Viam</strong></span> <span class='ocrx_word' id='word_1_228' title='bbox 3156 1702 3415 1756; x_wconf 65' lang='lat' dir='ltr'><strong>mendacii</strong></span> 
     </span>
    </p>
   </div>
   <div class='ocr_carea' id='block_1_33' title="bbox 1842 1789 3413 1860">
    <p class='ocr_par' dir='ltr' id='par_1_33' title="bbox 1842 1789 3413 1860">
     <span class='ocr_line' id='line_1_33' title="bbox 1842 1789 3413 1860; baseline 0.003 -22"><span class='ocrx_word' id='word_1_229' title='bbox 1842 1803 2023 1840; x_wconf 86' lang='lat' dir='ltr'><strong>amove</strong></span> <span class='ocrx_word' id='word_1_230' title='bbox 2055 1804 2085 1840; x_wconf 91' lang='lat' dir='ltr'><strong>a</strong></span> <span class='ocrx_word' id='word_1_231' title='bbox 2114 1805 2214 1851; x_wconf 90' lang='lat' dir='ltr'><strong>me,</strong></span> <span class='ocrx_word' id='word_1_232' title='bbox 2246 1789 2450 1857; x_wconf 76' lang='lat' dir='ltr'><strong>edidit;</strong></span> <span class='ocrx_word' id='word_1_233' title='bbox 2485 1790 2847 1860; x_wconf 86' lang='lat' dir='ltr'><strong>Symmachus</strong></span> <span class='ocrx_word' id='word_1_234' title='bbox 2875 1807 3004 1845; x_wconf 87' lang='lat' dir='ltr'><strong>vero</strong></span> <span class='ocrx_word' id='word_1_235' title='bbox 3032 1809 3043 1843; x_wconf 90' lang='lat'><strong><em>:</em></strong></span> <span class='ocrx_word' id='word_1_236' title='bbox 3076 1789 3230 1845; x_wconf 84' lang='lat' dir='ltr'><strong>Viam</strong></span> <span class='ocrx_word' id='word_1_237' title='bbox 3264 1807 3413 1843; x_wconf 76' lang='lat' dir='ltr'><strong>mer-</strong></span> 
     </span>
    </p>
   </div>
   <div class='ocr_carea' id='block_1_34' title="bbox 171 1850 1740 1954">
    <p class='ocr_par' dir='ltr' id='par_1_34' title="bbox 171 1850 1740 1940">
     <span class='ocr_line' id='line_1_34' title="bbox 171 1850 1740 1940; baseline 0.011 -38"><span class='ocrx_word' id='word_1_238' title='bbox 171 1850 418 1917; x_wconf 80' lang='grc' dir='ltr'><strong>Ἀκύλας,</strong></span> <span class='ocrx_word' id='word_1_239' title='bbox 436 1853 612 1908; x_wconf 82' lang='grc' dir='ltr'>Ὀδὸν</span> <span class='ocrx_word' id='word_1_240' title='bbox 629 1856 892 1924; x_wconf 75' lang='grc' dir='ltr'>ψεύδους</span> <span class='ocrx_word' id='word_1_241' title='bbox 906 1860 1261 1929; x_wconf 78' lang='grc' dir='ltr'>ἀπόστησον</span> <span class='ocrx_word' id='word_1_242' title='bbox 1276 1866 1527 1935; x_wconf 85' lang='grc' dir='ltr'>ἀπ’ἐμοῦ</span> <span class='ocrx_word' id='word_1_243' title='bbox 1541 1907 1555 1931; x_wconf 91' lang='grc'><strong>,</strong></span> <span class='ocrx_word' id='word_1_244' title='bbox 1588 1868 1740 1940; x_wconf 82' lang='grc' dir='ltr'>είρη-</span> 
     </span>
    </p>
   </div>
   <div class='ocr_carea' id='block_1_35' title="bbox 1846 1850 3413 1954">
    <p class='ocr_par' dir='ltr' id='par_1_35' title="bbox 1846 1878 3413 1954">
     <span class='ocr_line' id='line_1_35' title="bbox 1846 1878 3413 1954; baseline 0.004 -24"><span class='ocrx_word' id='word_1_245' title='bbox 1846 1878 2020 1933; x_wconf 78' lang='lat' dir='ltr'><strong>dacem</strong></span> <span class='ocrx_word' id='word_1_246' title='bbox 2044 1879 2197 1948; x_wconf 79' lang='lat' dir='ltr'><strong>aufer</strong></span> <span class='ocrx_word' id='word_1_247' title='bbox 2226 1898 2257 1933; x_wconf 92' lang='lat' dir='ltr'><strong>a</strong></span> <span class='ocrx_word' id='word_1_248' title='bbox 2289 1897 2403 1945; x_wconf 88' lang='lat' dir='ltr'><strong>me;</strong></span> <span class='ocrx_word' id='word_1_249' title='bbox 2439 1891 2497 1935; x_wconf 92' lang='lat' dir='ltr'><strong>ut</strong></span> <span class='ocrx_word' id='word_1_250' title='bbox 2533 1883 2685 1954; x_wconf 89' lang='lat' dir='ltr'><strong>prior</strong></span> <span class='ocrx_word' id='word_1_251' title='bbox 2704 1885 2973 1952; x_wconf 78' lang='lat' dir='ltr'><strong>expositio</strong></span> <span class='ocrx_word' id='word_1_252' title='bbox 3005 1900 3127 1938; x_wconf 85' lang='lat' dir='ltr'><strong>vera</strong></span> <span class='ocrx_word' id='word_1_253' title='bbox 3158 1884 3247 1941; x_wconf 86' lang='lat' dir='ltr'><strong>sit.</strong></span> <span class='ocrx_word' id='word_1_254' title='bbox 3278 1881 3413 1937; x_wconf 87' lang='lat' dir='ltr'><strong>Nam</strong></span> 
     </span>
    </p>
   </div>
   <div class='ocr_carea' id='block_1_36' title="bbox 156 1944 1738 2026">
    <p class='ocr_par' dir='ltr' id='par_1_36' title="bbox 156 1944 1738 2026">
     <span class='ocr_line' id='line_1_36' title="bbox 156 1944 1738 2026; baseline 0.013 -32"><span class='ocrx_word' id='word_1_255' title='bbox 156 1957 281 1995; x_wconf 85' lang='grc' dir='ltr'>κεν·</span> <span class='ocrx_word' id='word_1_256' title='bbox 333 1944 362 1996; x_wconf 86' lang='grc' dir='ltr'>ὁ</span> <span class='ocrx_word' id='word_1_257' title='bbox 414 1945 475 1998; x_wconf 85' lang='grc' dir='ltr'>δὲ</span> <span class='ocrx_word' id='word_1_258' title='bbox 530 1946 847 2018; x_wconf 80' lang='grc' dir='ltr'><strong>Σύμμαχος,</strong></span> <span class='ocrx_word' id='word_1_259' title='bbox 892 1950 1058 2003; x_wconf 78' lang='grc' dir='ltr'>Ὀδὸν</span> <span class='ocrx_word' id='word_1_260' title='bbox 1094 1954 1295 2023; x_wconf 69' lang='grc' dir='ltr'>ψευδῆ</span> <span class='ocrx_word' id='word_1_261' title='bbox 1349 1959 1589 2026; x_wconf 78' lang='grc' dir='ltr'>περίελε</span> <span class='ocrx_word' id='word_1_262' title='bbox 1634 1961 1738 2015; x_wconf 77' lang='grc' dir='ltr'>ἀπ’</span> 
     </span>
    </p>
   </div>
   <div class='ocr_carea' id='block_1_37' title="bbox 152 2032 1737 2123">
    <p class='ocr_par' dir='ltr' id='par_1_37' title="bbox 152 2032 1737 2123">
     <span class='ocr_line' id='line_1_37' title="bbox 152 2032 1737 2123; baseline 0.014 -38"><span class='ocrx_word' id='word_1_263' title='bbox 152 2032 325 2096; x_wconf 77' lang='grc' dir='ltr'>ἐμοῦ·</span> <span class='ocrx_word' id='word_1_264' title='bbox 373 2035 456 2100; x_wconf 83' lang='grc' dir='ltr'>ὡς</span> <span class='ocrx_word' id='word_1_265' title='bbox 506 2038 791 2110; x_wconf 83' lang='grc' dir='ltr'>ἀληθεύειν</span> <span class='ocrx_word' id='word_1_266' title='bbox 839 2040 935 2113; x_wconf 84' lang='grc' dir='ltr'><strong>τὴν</strong></span> <span class='ocrx_word' id='word_1_267' title='bbox 997 2048 1400 2119; x_wconf 78' lang='grc' dir='ltr'>προειρημένην</span> <span class='ocrx_word' id='word_1_268' title='bbox 1456 2050 1737 2123; x_wconf 77' lang='grc' dir='ltr'>ἐξήγησιν.</span> 
     </span>
    </p>
   </div>
   <div class='ocr_carea' id='block_1_38' title="bbox 152 2124 1740 2211">
    <p class='ocr_par' dir='ltr' id='par_1_38' title="bbox 152 2124 1740 2211">
     <span class='ocr_line' id='line_1_38' title="bbox 152 2124 1740 2211; baseline 0.013 -34"><span class='ocrx_word' id='word_1_269' title='bbox 152 2124 385 2196; x_wconf 77' lang='grc' dir='ltr'>Εὕχεται</span> <span class='ocrx_word' id='word_1_270' title='bbox 439 2128 549 2200; x_wconf 80' lang='grc' dir='ltr'><strong>γὰρ</strong></span> <span class='ocrx_word' id='word_1_271' title='bbox 580 2130 810 2195; x_wconf 72' lang='grc' dir='ltr'>ἕκαστος</span> <span class='ocrx_word' id='word_1_272' title='bbox 850 2133 1006 2197; x_wconf 79' lang='grc' dir='ltr'>ἐκτὸς</span> <span class='ocrx_word' id='word_1_273' title='bbox 1046 2136 1296 2204; x_wconf 80' lang='grc' dir='ltr'>γενέσθαι</span> <span class='ocrx_word' id='word_1_274' title='bbox 1341 2139 1521 2211; x_wconf 81' lang='grc' dir='ltr'>πάσης</span> <span class='ocrx_word' id='word_1_275' title='bbox 1549 2142 1740 2211; x_wconf 71' lang='grc' dir='ltr'>ψευδο-</span> 
     </span>
    </p>
   </div>
   <div class='ocr_carea' id='block_1_39' title="bbox 150 2215 1741 2299">
    <p class='ocr_par' dir='ltr' id='par_1_39' title="bbox 150 2215 1741 2299">
     <span class='ocr_line' id='line_1_39' title="bbox 150 2215 1741 2299; baseline 0.012 -31"><span class='ocrx_word' id='word_1_276' title='bbox 150 2215 326 2281; x_wconf 81' lang='grc' dir='ltr'>δοξίας</span> <span class='ocrx_word' id='word_1_277' title='bbox 350 2220 452 2272; x_wconf 67' lang='grc' dir='ltr'><strong>καὶ</strong></span> <span class='ocrx_word' id='word_1_278' title='bbox 478 2220 577 2291; x_wconf 80' lang='grc' dir='ltr'>τῆς</span> <span class='ocrx_word' id='word_1_279' title='bbox 618 2223 745 2294; x_wconf 66' lang='grc' dir='ltr'><strong>περ)⁵</strong></span> <span class='ocrx_word' id='word_1_280' title='bbox 777 2222 873 2286; x_wconf 74' lang='grc' dir='ltr'>τὰς</span> <span class='ocrx_word' id='word_1_281' title='bbox 908 2224 1057 2288; x_wconf 82' lang='grc' dir='ltr'>θείας</span> <span class='ocrx_word' id='word_1_282' title='bbox 1089 2227 1126 2278; x_wconf 91' lang='grc' dir='ltr'><strong>Γ</strong></span> <span class='ocrx_word' id='word_1_283' title='bbox 1132 2228 1308 2297; x_wconf 75' lang='grc' dir='ltr'>ραφὰς</span> <span class='ocrx_word' id='word_1_284' title='bbox 1336 2230 1562 2299; x_wconf 68' lang='grc' dir='ltr'>ψευδοῦς</span> <span class='ocrx_word' id='word_1_285' title='bbox 1609 2235 1741 2286; x_wconf 84' lang='grc' dir='ltr'>ὑπο-</span> 
     </span>
    </p>
   </div>
   <div class='ocr_carea' id='block_1_40' title="bbox 150 2307 382 2381">
    <p class='ocr_par' dir='ltr' id='par_1_40' title="bbox 150 2307 382 2381">
     <span class='ocr_line' id='line_1_40' title="bbox 150 2307 382 2381; baseline 0.022 -21"><span class='ocrx_word' id='word_1_286' title='bbox 150 2307 382 2381; x_wconf 80' lang='grc' dir='ltr'><strong>λήψεως.</strong></span> 
     </span>
    </p>
   </div>
   <div class='ocr_carea' id='block_1_41' title="bbox 215 2441 1740 2524">
    <p class='ocr_par' dir='ltr' id='par_1_41' title="bbox 215 2441 1740 2524">
     <span class='ocr_line' id='line_1_41' title="bbox 215 2441 1740 2524; baseline 0.012 -29"><span class='ocrx_word' id='word_1_287' title='bbox 215 2441 384 2498; x_wconf 86' lang='grc' dir='ltr'>Ὀδὸν</span> <span class='ocrx_word' id='word_1_288' title='bbox 401 2444 697 2515; x_wconf 79' lang='grc' dir='ltr'><strong>ἀληθείας</strong></span> <span class='ocrx_word' id='word_1_289' title='bbox 713 2451 1105 2522; x_wconf 76' lang='grc' dir='ltr'>ᾐρετισάμην,</span> <span class='ocrx_word' id='word_1_290' title='bbox 1123 2453 1195 2508; x_wconf 91' lang='grc' dir='ltr'>τὰ</span> <span class='ocrx_word' id='word_1_291' title='bbox 1217 2455 1471 2524; x_wconf 75' lang='grc' dir='ltr'>κρίματα</span> <span class='ocrx_word' id='word_1_292' title='bbox 1490 2473 1607 2511; x_wconf 87' lang='grc' dir='ltr'>σου</span> <span class='ocrx_word' id='word_1_293' title='bbox 1628 2460 1740 2513; x_wconf 82' lang='grc' dir='ltr'><strong>οὐκ</strong></span> 
     </span>
    </p>
   </div>
   <div class='ocr_carea' id='block_1_42' title="bbox 145 2530 1741 2618">
    <p class='ocr_par' dir='ltr' id='par_1_42' title="bbox 145 2530 1741 2618">
     <span class='ocr_line' id='line_1_42' title="bbox 145 2530 1741 2618; baseline 0.01 -35"><span class='ocrx_word' id='word_1_294' title='bbox 145 2530 554 2603; x_wconf 67' lang='grc' dir='ltr'>ἐπελαθόμην.</span> <span class='ocrx_word' id='word_1_295' title='bbox 570 2538 674 2592; x_wconf 88' lang='grc' dir='ltr'>Τὸν</span> <span class='ocrx_word' id='word_1_296' title='bbox 692 2541 871 2610; x_wconf 83' lang='grc' dir='ltr'>στίχον</span> <span class='ocrx_word' id='word_1_297' title='bbox 897 2542 1084 2597; x_wconf 88' lang='grc' dir='ltr'>τοῦτον</span> <span class='ocrx_word' id='word_1_298' title='bbox 1110 2544 1226 2616; x_wconf 76' lang='grc' dir='ltr'>ἐρεῖ</span> <span class='ocrx_word' id='word_1_299' title='bbox 1248 2544 1409 2615; x_wconf 88' lang='grc' dir='ltr'>μόνος</span> <span class='ocrx_word' id='word_1_300' title='bbox 1425 2547 1452 2597; x_wconf 87' lang='grc' dir='ltr'><strong>ό</strong></span> <span class='ocrx_word' id='word_1_301' title='bbox 1469 2564 1741 2618; x_wconf 72' lang='grc' dir='ltr'>καταφρο-</span> 
     </span>
    </p>
   </div>
   <div class='ocr_carea' id='block_1_43' title="bbox 146 2623 1738 2706">
    <p class='ocr_par' dir='ltr' id='par_1_43' title="bbox 146 2623 1738 2706">
     <span class='ocr_line' id='line_1_43' title="bbox 146 2623 1738 2706; baseline 0.009 -31"><span class='ocrx_word' id='word_1_302' title='bbox 146 2623 250 2676; x_wconf 85' lang='grc' dir='ltr'><strong>νῶν</strong></span> <span class='ocrx_word' id='word_1_303' title='bbox 278 2626 379 2695; x_wconf 83' lang='grc' dir='ltr'>μὲν</span> <span class='ocrx_word' id='word_1_304' title='bbox 400 2626 520 2679; x_wconf 83' lang='grc' dir='ltr'><strong>τῶν</strong></span> <span class='ocrx_word' id='word_1_305' title='bbox 546 2628 892 2700; x_wconf 82' lang='grc' dir='ltr'>βλεπομένων</span> <span class='ocrx_word' id='word_1_306' title='bbox 926 2633 1000 2697; x_wconf 86' lang='grc' dir='ltr'>ὡς</span> <span class='ocrx_word' id='word_1_307' title='bbox 1026 2634 1398 2706; x_wconf 82' lang='grc' dir='ltr'>προσκαίρων,</span> <span class='ocrx_word' id='word_1_308' title='bbox 1447 2636 1662 2688; x_wconf 77' lang='grc' dir='ltr'>σκοπῶν</span> <span class='ocrx_word' id='word_1_309' title='bbox 1682 2636 1738 2689; x_wconf 84' lang='grc' dir='ltr'>δὲ</span> 
     </span>
    </p>
   </div>
   <div class='ocr_carea' id='block_1_44' title="bbox 144 2716 1737 2798">
    <p class='ocr_par' dir='ltr' id='par_1_44' title="bbox 144 2716 1737 2798">
     <span class='ocr_line' id='line_1_44' title="bbox 144 2716 1737 2798; baseline 0.011 -30"><span class='ocrx_word' id='word_1_310' title='bbox 144 2716 207 2768; x_wconf 66' lang='grc' dir='ltr'>τὰ</span> <span class='ocrx_word' id='word_1_311' title='bbox 239 2716 315 2788; x_wconf 85' lang='grc' dir='ltr'><strong>μὴ</strong></span> <span class='ocrx_word' id='word_1_312' title='bbox 339 2718 657 2790; x_wconf 84' lang='grc' dir='ltr'>βλεπόμενα</span> <span class='ocrx_word' id='word_1_313' title='bbox 674 2722 750 2786; x_wconf 85' lang='grc' dir='ltr'><strong>ῶς</strong></span> <span class='ocrx_word' id='word_1_314' title='bbox 779 2723 993 2789; x_wconf 79' lang='grc' dir='ltr'>αὶώνια,</span> <span class='ocrx_word' id='word_1_315' title='bbox 1020 2726 1113 2780; x_wconf 78' lang='grc' dir='ltr'><strong>καὶ</strong></span> <span class='ocrx_word' id='word_1_316' title='bbox 1145 2728 1281 2797; x_wconf 89' lang='grc' dir='ltr'>μόνα</span> <span class='ocrx_word' id='word_1_317' title='bbox 1311 2728 1517 2798; x_wconf 82' lang='grc' dir='ltr'>κυρίως</span> <span class='ocrx_word' id='word_1_318' title='bbox 1543 2728 1737 2798; x_wconf 77' lang='grc' dir='ltr'>ἀληθῆ,</span> 
     </span>
    </p>
   </div>
   <div class='ocr_carea' id='block_1_45' title="bbox 150 2810 1741 2890">
    <p class='ocr_par' dir='ltr' id='par_1_45' title="bbox 150 2810 1741 2890">
     <span class='ocr_line' id='line_1_45' title="bbox 150 2810 1741 2890; baseline 0.006 -29"><span class='ocrx_word' id='word_1_319' title='bbox 150 2810 237 2861; x_wconf 70' lang='grc' dir='ltr'><strong>καὶ</strong></span> <span class='ocrx_word' id='word_1_320' title='bbox 274 2811 362 2864; x_wconf 79' lang='grc' dir='ltr'><strong>ἐπ’</strong></span> <span class='ocrx_word' id='word_1_321' title='bbox 399 2814 595 2867; x_wconf 72' lang='grc' dir='ltr'>ἐκεῖνα</span> <span class='ocrx_word' id='word_1_322' title='bbox 636 2815 896 2869; x_wconf 79' lang='grc' dir='ltr'>σπεύδων.</span> <span class='ocrx_word' id='word_1_323' title='bbox 922 2819 1037 2872; x_wconf 85' lang='grc' dir='ltr'><strong>Οὐκ</strong></span> <span class='ocrx_word' id='word_1_324' title='bbox 1077 2818 1335 2889; x_wconf 80' lang='grc' dir='ltr'>ἀληθείας</span> <span class='ocrx_word' id='word_1_325' title='bbox 1366 2820 1473 2890; x_wconf 79' lang='grc' dir='ltr'>γὰρ</span> <span class='ocrx_word' id='word_1_326' title='bbox 1503 2820 1638 2882; x_wconf 78' lang='grc' dir='ltr'>ὁδὸς,</span> <span class='ocrx_word' id='word_1_327' title='bbox 1673 2821 1741 2890; x_wconf 80' lang='grc' dir='ltr'>ἣν</span> 
     </span>
    </p>
   </div>
   <div class='ocr_carea' id='block_1_46' title="bbox 143 2901 1739 2977">
    <p class='ocr_par' dir='ltr' id='par_1_46' title="bbox 143 2901 1739 2977">
     <span class='ocr_line' id='line_1_46' title="bbox 143 2901 1739 2977; baseline 0.008 -24"><span class='ocrx_word' id='word_1_328' title='bbox 143 2901 375 2972; x_wconf 78' lang='grc' dir='ltr'>αἱρεῖται</span> <span class='ocrx_word' id='word_1_329' title='bbox 425 2905 458 2957; x_wconf 84' lang='grc' dir='ltr'>ὁ</span> <span class='ocrx_word' id='word_1_330' title='bbox 496 2909 1018 2977; x_wconf 76' lang='grc' dir='ltr'>πραγματευόμενος</span> <span class='ocrx_word' id='word_1_331' title='bbox 1058 2911 1149 2965; x_wconf 79' lang='grc' dir='ltr'>τὸν</span> <span class='ocrx_word' id='word_1_332' title='bbox 1190 2912 1338 2971; x_wconf 87' lang='grc' dir='ltr'>κάτω</span> <span class='ocrx_word' id='word_1_333' title='bbox 1387 2911 1612 2965; x_wconf 86' lang='grc' dir='ltr'>πλοῦτον</span> <span class='ocrx_word' id='word_1_334' title='bbox 1646 2915 1739 2965; x_wconf 78' lang='grc' dir='ltr'><strong>καὶ</strong></span> 
     </span>
    </p>
   </div>
   <div class='ocr_carea' id='block_1_47' title="bbox 142 2991 1739 3073">
    <p class='ocr_par' dir='ltr' id='par_1_47' title="bbox 142 2991 1739 3073">
     <span class='ocr_line' id='line_1_47' title="bbox 142 2991 1739 3073; baseline 0.009 -29"><span class='ocrx_word' id='word_1_335' title='bbox 142 2991 240 3056; x_wconf 78' lang='grc' dir='ltr'><strong>τὰς</strong></span> <span class='ocrx_word' id='word_1_336' title='bbox 271 2995 366 3048; x_wconf 75' lang='grc' dir='ltr'><strong>ἐπὶ</strong></span> <span class='ocrx_word' id='word_1_337' title='bbox 395 2995 513 3066; x_wconf 84' lang='grc' dir='ltr'><strong>γῆς</strong></span> <span class='ocrx_word' id='word_1_338' title='bbox 539 2996 715 3062; x_wconf 83' lang='grc' dir='ltr'>δόξας.</span> <span class='ocrx_word' id='word_1_339' title='bbox 756 3000 814 3051; x_wconf 84' lang='lat'><strong>&#39;0</strong></span> <span class='ocrx_word' id='word_1_340' title='bbox 840 2996 932 3053; x_wconf 75' lang='grc' dir='ltr'><strong>οὖν</strong></span> <span class='ocrx_word' id='word_1_341' title='bbox 960 3000 1213 3073; x_wconf 82' lang='grc' dir='ltr'>ἐλόμενος</span> <span class='ocrx_word' id='word_1_342' title='bbox 1239 3003 1465 3067; x_wconf 78' lang='grc' dir='ltr'>ὁδεύειν,</span> <span class='ocrx_word' id='word_1_343' title='bbox 1500 3005 1574 3068; x_wconf 90' lang='grc' dir='ltr'>ὼς</span> <span class='ocrx_word' id='word_1_344' title='bbox 1602 3006 1739 3057; x_wconf 84' lang='grc' dir='ltr'>ἁπο-</span> 
     </span>
    </p>
   </div>
   <div class='ocr_carea' id='block_1_48' title="bbox 142 3083 1738 3162">
    <p class='ocr_par' dir='ltr' id='par_1_48' title="bbox 142 3083 1738 3162">
     <span class='ocr_line' id='line_1_48' title="bbox 142 3083 1738 3162; baseline 0.01 -26"><span class='ocrx_word' id='word_1_345' title='bbox 142 3083 485 3158; x_wconf 86' lang='grc' dir='ltr'>δεδώκαμεν,</span> <span class='ocrx_word' id='word_1_346' title='bbox 511 3088 609 3159; x_wconf 85' lang='grc' dir='ltr'><strong>τὴν</strong></span> <span class='ocrx_word' id='word_1_347' title='bbox 632 3090 733 3160; x_wconf 84' lang='grc' dir='ltr'><strong>τῆς</strong></span> <span class='ocrx_word' id='word_1_348' title='bbox 760 3092 1019 3162; x_wconf 83' lang='grc' dir='ltr'>ἀληθείας</span> <span class='ocrx_word' id='word_1_349' title='bbox 1048 3093 1186 3158; x_wconf 80' lang='grc' dir='ltr'>ὁδὸν,</span> <span class='ocrx_word' id='word_1_350' title='bbox 1212 3089 1367 3159; x_wconf 74' lang='grc' dir='ltr'>οὗτος</span> <span class='ocrx_word' id='word_1_351' title='bbox 1390 3096 1490 3150; x_wconf 82' lang='grc' dir='ltr'>οὐκ</span> <span class='ocrx_word' id='word_1_352' title='bbox 1515 3096 1738 3152; x_wconf 80' lang='grc' dir='ltr'>ἐπιλαν-</span> 
     </span>
    </p>
   </div>
   <div class='ocr_carea' id='block_1_49' title="bbox 1840 1976 3414 2047">
    <p class='ocr_par' dir='ltr' id='par_1_49' title="bbox 1840 1976 3414 2047">
     <span class='ocr_line' id='line_1_49' title="bbox 1840 1976 3414 2047; baseline 0.001 -20"><span class='ocrx_word' id='word_1_353' title='bbox 1840 1982 2096 2044; x_wconf 86' lang='lat' dir='ltr'><strong>precatur</strong></span> <span class='ocrx_word' id='word_1_354' title='bbox 2138 1978 2539 2046; x_wconf 88' lang='lat' dir='ltr'><strong>unusquisque,</strong></span> <span class='ocrx_word' id='word_1_355' title='bbox 2592 1986 2651 2030; x_wconf 92' lang='lat' dir='ltr'><strong>ut</strong></span> <span class='ocrx_word' id='word_1_356' title='bbox 2690 1986 2842 2031; x_wconf 80' lang='lat' dir='ltr'><strong>extra</strong></span> <span class='ocrx_word' id='word_1_357' title='bbox 2883 1976 3074 2031; x_wconf 80' lang='lat' dir='ltr'><strong>falsam</strong></span> <span class='ocrx_word' id='word_1_358' title='bbox 3111 1977 3414 2047; x_wconf 78' lang='lat' dir='ltr'><strong>quamlibet</strong></span> 
     </span>
    </p>
   </div>
   <div class='ocr_carea' id='block_1_50' title="bbox 1841 2066 3417 2137">
    <p class='ocr_par' dir='ltr' id='par_1_50' title="bbox 1841 2066 3417 2137">
     <span class='ocr_line' id='line_1_50' title="bbox 1841 2066 3417 2137; baseline -0.001 -15"><span class='ocrx_word' id='word_1_359' title='bbox 1841 2066 2158 2122; x_wconf 86' lang='lat' dir='ltr'><strong>sententiam</strong></span> <span class='ocrx_word' id='word_1_360' title='bbox 2198 2073 2251 2120; x_wconf 92' lang='lat' dir='ltr'><strong>et</strong></span> <span class='ocrx_word' id='word_1_361' title='bbox 2289 2066 2606 2123; x_wconf 88' lang='lat' dir='ltr'><strong>mendacem</strong></span> <span class='ocrx_word' id='word_1_362' title='bbox 2636 2068 2703 2124; x_wconf 87' lang='lat' dir='ltr'><strong>de</strong></span> <span class='ocrx_word' id='word_1_363' title='bbox 2729 2068 2930 2124; x_wconf 89' lang='lat' dir='ltr'><strong>divinis</strong></span> <span class='ocrx_word' id='word_1_364' title='bbox 2968 2067 3267 2137; x_wconf 86' lang='lat' dir='ltr'><strong>Scripturis</strong></span> <span class='ocrx_word' id='word_1_365' title='bbox 3294 2067 3417 2137; x_wconf 82' lang='lat' dir='ltr'><strong>opi-</strong></span> 
     </span>
    </p>
   </div>
   <div class='ocr_carea' id='block_1_51' title="bbox 1839 2158 2355 2213">
    <p class='ocr_par' dir='ltr' id='par_1_51' title="bbox 1839 2158 2355 2213">
     <span class='ocr_line' id='line_1_51' title="bbox 1839 2158 2355 2213; baseline 0.002 -3"><span class='ocrx_word' id='word_1_366' title='bbox 1839 2158 2059 2212; x_wconf 87' lang='lat' dir='ltr'><strong>nionem</strong></span> <span class='ocrx_word' id='word_1_367' title='bbox 2089 2166 2355 2213; x_wconf 84' lang='lat' dir='ltr'><strong>versetur.</strong></span> 
     </span>
    </p>
   </div>
   <div class='ocr_carea' id='block_1_52' title="bbox 1911 2443 3416 2519">
    <p class='ocr_par' dir='ltr' id='par_1_52' title="bbox 1911 2443 3416 2519">
     <span class='ocr_line' id='line_1_52' title="bbox 1911 2443 3416 2519; baseline 0.001 -21"><span class='ocrx_word' id='word_1_368' title='bbox 1911 2443 2081 2501; x_wconf 74' lang='lat' dir='ltr'><strong>Vsns.</strong></span> <span class='ocrx_word' id='word_1_369' title='bbox 2126 2446 2216 2501; x_wconf 78' lang='lat'><strong>50.</strong></span> <span class='ocrx_word' id='word_1_370' title='bbox 2264 2446 2415 2501; x_wconf 88' lang='lat' dir='ltr'><strong>Viam</strong></span> <span class='ocrx_word' id='word_1_371' title='bbox 2454 2448 2690 2503; x_wconf 77' lang='lat' dir='ltr'><strong>veritatis</strong></span> <span class='ocrx_word' id='word_1_372' title='bbox 2733 2448 2884 2519; x_wconf 82' lang='lat' dir='ltr'><strong><em>elegi,</em></strong></span> <span class='ocrx_word' id='word_1_373' title='bbox 2917 2447 3127 2517; x_wconf 86' lang='lat' dir='ltr'><strong>judicia</strong></span> <span class='ocrx_word' id='word_1_374' title='bbox 3173 2456 3264 2499; x_wconf 88' lang='lat' dir='ltr'><strong>tua</strong></span> <span class='ocrx_word' id='word_1_375' title='bbox 3312 2461 3416 2499; x_wconf 81' lang='lat' dir='ltr'><strong>non</strong></span> 
     </span>
    </p>
   </div>
   <div class='ocr_carea' id='block_1_53' title="bbox 1839 2538 3414 2611">
    <p class='ocr_par' dir='ltr' id='par_1_53' title="bbox 1839 2538 3414 2611">
     <span class='ocr_line' id='line_1_53' title="bbox 1839 2538 3414 2611; baseline -0.001 -19"><span class='ocrx_word' id='word_1_376' title='bbox 1839 2556 1956 2592; x_wconf 73' lang='lat' dir='ltr'><strong>sum</strong></span> <span class='ocrx_word' id='word_1_377' title='bbox 1983 2539 2198 2594; x_wconf 81' lang='lat' dir='ltr'><strong>oblitus.</strong></span> <span class='ocrx_word' id='word_1_378' title='bbox 2224 2538 2381 2595; x_wconf 81' lang='lat' dir='ltr'><strong>llunc</strong></span> <span class='ocrx_word' id='word_1_379' title='bbox 2406 2541 2627 2611; x_wconf 90' lang='lat' dir='ltr'><strong>quidem</strong></span> <span class='ocrx_word' id='word_1_380' title='bbox 2652 2556 2872 2596; x_wconf 89' lang='lat' dir='ltr'><strong>versum</strong></span> <span class='ocrx_word' id='word_1_381' title='bbox 2898 2541 2988 2596; x_wconf 90' lang='lat' dir='ltr'><strong>ille</strong></span> <span class='ocrx_word' id='word_1_382' title='bbox 3006 2548 3217 2594; x_wconf 89' lang='lat' dir='ltr'><strong>tantum</strong></span> <span class='ocrx_word' id='word_1_383' title='bbox 3248 2539 3414 2604; x_wconf 87' lang='lat' dir='ltr'><strong>dicet,</strong></span> 
     </span>
    </p>
   </div>
   <div class='ocr_carea' id='block_1_54' title="bbox 1839 2634 3418 2704">
    <p class='ocr_par' dir='ltr' id='par_1_54' title="bbox 1839 2634 3418 2704">
     <span class='ocr_line' id='line_1_54' title="bbox 1839 2634 3418 2704; baseline -0.001 -18"><span class='ocrx_word' id='word_1_384' title='bbox 1839 2634 1931 2701; x_wconf 91' lang='lat' dir='ltr'><strong>qui</strong></span> <span class='ocrx_word' id='word_1_385' title='bbox 1965 2649 2028 2689; x_wconf 88' lang='lat' dir='ltr'><strong>ea</strong></span> <span class='ocrx_word' id='word_1_386' title='bbox 2055 2649 2176 2703; x_wconf 67' lang='lat' dir='ltr'><strong>quaa</strong></span> <span class='ocrx_word' id='word_1_387' title='bbox 2207 2634 2309 2688; x_wconf 93' lang='lat' dir='ltr'><strong>sub</strong></span> <span class='ocrx_word' id='word_1_388' title='bbox 2339 2644 2620 2704; x_wconf 81' lang='lat' dir='ltr'><strong>aspectum</strong></span> <span class='ocrx_word' id='word_1_389' title='bbox 2652 2635 2877 2701; x_wconf 89' lang='lat' dir='ltr'><strong>cadunt,</strong></span> <span class='ocrx_word' id='word_1_390' title='bbox 2916 2641 3175 2703; x_wconf 88' lang='lat' dir='ltr'><strong>tanquam</strong></span> <span class='ocrx_word' id='word_1_391' title='bbox 3211 2641 3418 2702; x_wconf 83' lang='lat' dir='ltr'><strong>tempo-</strong></span> 
     </span>
    </p>
   </div>
   <div class='ocr_carea' id='block_1_55' title="bbox 1839 2724 3418 2796">
    <p class='ocr_par' dir='ltr' id='par_1_55' title="bbox 1839 2724 3418 2796">
     <span class='ocr_line' id='line_1_55' title="bbox 1839 2724 3418 2796; baseline -0.002 -17"><span class='ocrx_word' id='word_1_392' title='bbox 1839 2742 2003 2780; x_wconf 88' lang='lat' dir='ltr'><strong>ranea</strong></span> <span class='ocrx_word' id='word_1_393' title='bbox 2028 2726 2295 2796; x_wconf 89' lang='lat' dir='ltr'><strong>despicit;</strong></span> <span class='ocrx_word' id='word_1_394' title='bbox 2321 2726 2616 2781; x_wconf 79' lang='lat' dir='ltr'><strong>invisibilia</strong></span> <span class='ocrx_word' id='word_1_395' title='bbox 2658 2734 2862 2790; x_wconf 86' lang='lat' dir='ltr'><strong>autem.</strong></span> <span class='ocrx_word' id='word_1_396' title='bbox 2905 2734 2964 2780; x_wconf 92' lang='lat' dir='ltr'><strong>ut</strong></span> <span class='ocrx_word' id='word_1_397' title='bbox 2995 2724 3326 2794; x_wconf 88' lang='lat' dir='ltr'><strong>sempiterna</strong></span> <span class='ocrx_word' id='word_1_398' title='bbox 3352 2739 3418 2777; x_wconf 88' lang='lat' dir='ltr'><strong>ac</strong></span> 
     </span>
    </p>
   </div>
   <div class='ocr_carea' id='block_1_56' title="bbox 1841 2816 3418 2890">
    <p class='ocr_par' dir='ltr' id='par_1_56' title="bbox 1841 2816 3418 2890">
     <span class='ocr_line' id='line_1_56' title="bbox 1841 2816 3418 2890; baseline -0.003 -16"><span class='ocrx_word' id='word_1_399' title='bbox 1841 2820 1953 2874; x_wconf 89' lang='lat' dir='ltr'><strong>sola</strong></span> <span class='ocrx_word' id='word_1_400' title='bbox 1980 2835 2130 2885; x_wconf 87' lang='lat' dir='ltr'><strong>vera,</strong></span> <span class='ocrx_word' id='word_1_401' title='bbox 2178 2821 2603 2890; x_wconf 88' lang='lat' dir='ltr'><strong>contemplatur,</strong></span> <span class='ocrx_word' id='word_1_402' title='bbox 2642 2828 2696 2876; x_wconf 89' lang='lat' dir='ltr'><strong>et</strong></span> <span class='ocrx_word' id='word_1_403' title='bbox 2726 2821 2792 2875; x_wconf 87' lang='lat' dir='ltr'><strong>ad</strong></span> <span class='ocrx_word' id='word_1_404' title='bbox 2828 2820 2919 2874; x_wconf 90' lang='lat' dir='ltr'><strong>illa</strong></span> <span class='ocrx_word' id='word_1_405' title='bbox 2958 2819 3201 2875; x_wconf 80' lang='lat' dir='ltr'><strong>festinat.</strong></span> <span class='ocrx_word' id='word_1_406' title='bbox 3234 2816 3418 2887; x_wconf 88' lang='lat' dir='ltr'><strong>Siqui-</strong></span> 
     </span>
    </p>
   </div>
   <div class='ocr_carea' id='block_1_57' title="bbox 1841 2912 3417 2984">
    <p class='ocr_par' dir='ltr' id='par_1_57' title="bbox 1841 2912 3417 2984">
     <span class='ocr_line' id='line_1_57' title="bbox 1841 2912 3417 2984; baseline -0.002 -17"><span class='ocrx_word' id='word_1_407' title='bbox 1841 2913 1963 2968; x_wconf 89' lang='lat' dir='ltr'><strong>dem</strong></span> <span class='ocrx_word' id='word_1_408' title='bbox 2010 2915 2100 2967; x_wconf 89' lang='lat' dir='ltr'><strong>illa</strong></span> <span class='ocrx_word' id='word_1_409' title='bbox 2142 2915 2388 2969; x_wconf 85' lang='lat' dir='ltr'><strong>veritatis</strong></span> <span class='ocrx_word' id='word_1_410' title='bbox 2418 2915 2502 2969; x_wconf 87' lang='lat' dir='ltr'><strong>via</strong></span> <span class='ocrx_word' id='word_1_411' title='bbox 2557 2930 2664 2969; x_wconf 91' lang='lat' dir='ltr'><strong>non</strong></span> <span class='ocrx_word' id='word_1_412' title='bbox 2700 2922 2805 2977; x_wconf 86' lang='lat' dir='ltr'><strong>est,</strong></span> <span class='ocrx_word' id='word_1_413' title='bbox 2853 2929 3018 2984; x_wconf 88' lang='lat' dir='ltr'><strong>quam</strong></span> <span class='ocrx_word' id='word_1_414' title='bbox 3058 2913 3207 2981; x_wconf 78' lang='lat' dir='ltr'><strong>eligit</strong></span> <span class='ocrx_word' id='word_1_415' title='bbox 3234 2912 3282 2967; x_wconf 90' lang='lat' dir='ltr'><strong>is</strong></span> <span class='ocrx_word' id='word_1_416' title='bbox 3323 2912 3417 2976; x_wconf 85' lang='lat' dir='ltr'><strong>qui</strong></span> 
     </span>
    </p>
   </div>
   <div class='ocr_carea' id='block_1_58' title="bbox 1839 3002 3412 3075">
    <p class='ocr_par' dir='ltr' id='par_1_58' title="bbox 1839 3002 3412 3075">
     <span class='ocr_line' id='line_1_58' title="bbox 1839 3002 3412 3075; baseline -0.003 -17"><span class='ocrx_word' id='word_1_417' title='bbox 1839 3012 2089 3059; x_wconf 85' lang='lat' dir='ltr'><strong>terrenas</strong></span> <span class='ocrx_word' id='word_1_418' title='bbox 2124 3002 2344 3059; x_wconf 87' lang='lat' dir='ltr'><strong>divitias</strong></span> <span class='ocrx_word' id='word_1_419' title='bbox 2384 3019 2446 3058; x_wconf 89' lang='lat' dir='ltr'><strong>ac</strong></span> <span class='ocrx_word' id='word_1_420' title='bbox 2487 3004 2672 3059; x_wconf 91' lang='lat' dir='ltr'><strong>mundi</strong></span> <span class='ocrx_word' id='word_1_421' title='bbox 2722 3004 2952 3075; x_wconf 77' lang='lat' dir='ltr'><strong>gloriam</strong></span> <span class='ocrx_word' id='word_1_422' title='bbox 2999 3010 3264 3057; x_wconf 85' lang='lat' dir='ltr'><strong>sectatur.</strong></span> <span class='ocrx_word' id='word_1_423' title='bbox 3308 3002 3412 3067; x_wconf 90' lang='lat' dir='ltr'><strong>Qui</strong></span> 
     </span>
    </p>
   </div>
   <div class='ocr_carea' id='block_1_59' title="bbox 1841 3095 3419 3167">
    <p class='ocr_par' dir='ltr' id='par_1_59' title="bbox 1841 3095 3419 3167">
     <span class='ocr_line' id='line_1_59' title="bbox 1841 3095 3419 3167; baseline -0.003 -16"><span class='ocrx_word' id='word_1_424' title='bbox 1841 3097 2025 3167; x_wconf 84' lang='lat' dir='ltr'><strong>igitur,</strong></span> <span class='ocrx_word' id='word_1_425' title='bbox 2058 3103 2120 3151; x_wconf 92' lang='lat' dir='ltr'><strong>ut</strong></span> <span class='ocrx_word' id='word_1_426' title='bbox 2146 3096 2406 3160; x_wconf 82' lang='lat' dir='ltr'><strong>diximus,</strong></span> <span class='ocrx_word' id='word_1_427' title='bbox 2435 3096 2489 3150; x_wconf 93' lang='lat' dir='ltr'><strong>in</strong></span> <span class='ocrx_word' id='word_1_428' title='bbox 2518 3096 2765 3151; x_wconf 84' lang='lat' dir='ltr'><strong>veritatis</strong></span> <span class='ocrx_word' id='word_1_429' title='bbox 2797 3096 2884 3150; x_wconf 86' lang='lat' dir='ltr'><strong>via</strong></span> <span class='ocrx_word' id='word_1_430' title='bbox 2922 3095 3174 3150; x_wconf 89' lang='lat' dir='ltr'><strong>incedere</strong></span> <span class='ocrx_word' id='word_1_431' title='bbox 3194 3102 3419 3164; x_wconf 86' lang='lat' dir='ltr'><strong>coopta—</strong></span> 
     </span>
    </p>
   </div>
   <div class='ocr_carea' id='block_1_60' title="bbox 144 3174 1740 3257">
    <p class='ocr_par' dir='ltr' id='par_1_60' title="bbox 144 3174 1738 3253">
     <span class='ocr_line' id='line_1_60' title="bbox 144 3174 1738 3253; baseline 0.011 -27"><span class='ocrx_word' id='word_1_432' title='bbox 144 3174 446 3248; x_wconf 87' lang='grc' dir='ltr'>θανόμενος</span> <span class='ocrx_word' id='word_1_433' title='bbox 475 3180 583 3233; x_wconf 89' lang='grc' dir='ltr'><strong>τῶν</strong></span> <span class='ocrx_word' id='word_1_434' title='bbox 617 3184 903 3253; x_wconf 86' lang='grc' dir='ltr'>κριμάτων</span> <span class='ocrx_word' id='word_1_435' title='bbox 933 3182 1026 3237; x_wconf 90' lang='grc' dir='ltr'><strong>τοῦ</strong></span> <span class='ocrx_word' id='word_1_436' title='bbox 1060 3184 1195 3239; x_wconf 86' lang='grc' dir='ltr'>Θεοῦ</span> <span class='ocrx_word' id='word_1_437' title='bbox 1227 3188 1321 3240; x_wconf 78' lang='grc' dir='ltr'><strong>καὶ</strong></span> <span class='ocrx_word' id='word_1_438' title='bbox 1352 3188 1461 3241; x_wconf 88' lang='grc' dir='ltr'><strong>τῶν</strong></span> <span class='ocrx_word' id='word_1_439' title='bbox 1499 3191 1738 3243; x_wconf 85' lang='grc' dir='ltr'>ἀνταπο-</span> 
     </span>
    </p>
   </div>
   <div class='ocr_carea' id='block_1_61' title="bbox 1846 3174 3419 3257">
    <p class='ocr_par' dir='ltr' id='par_1_61' title="bbox 1846 3184 3419 3256">
     <span class='ocr_line' id='line_1_61' title="bbox 1846 3184 3419 3256; baseline -0.003 -14"><span class='ocrx_word' id='word_1_440' title='bbox 1846 3188 1938 3253; x_wconf 87' lang='lat' dir='ltr'><strong>vit,</strong></span> <span class='ocrx_word' id='word_1_441' title='bbox 1965 3186 2053 3241; x_wconf 89' lang='lat' dir='ltr'><strong>hic</strong></span> <span class='ocrx_word' id='word_1_442' title='bbox 2076 3202 2185 3241; x_wconf 91' lang='lat' dir='ltr'><strong>non</strong></span> <span class='ocrx_word' id='word_1_443' title='bbox 2209 3186 2495 3243; x_wconf 77' lang='lat' dir='ltr'><strong>immemOr</strong></span> <span class='ocrx_word' id='word_1_444' title='bbox 2518 3187 2851 3256; x_wconf 83' lang='lat' dir='ltr'><strong>jndiciorum</strong></span> <span class='ocrx_word' id='word_1_445' title='bbox 2884 3185 3001 3250; x_wconf 88' lang='lat' dir='ltr'><strong>Dei,</strong></span> <span class='ocrx_word' id='word_1_446' title='bbox 3024 3194 3079 3241; x_wconf 90' lang='lat' dir='ltr'><strong>et</strong></span> <span class='ocrx_word' id='word_1_447' title='bbox 3105 3184 3419 3241; x_wconf 85' lang='lat' dir='ltr'><strong>retributio-</strong></span> 
     </span>
    </p>
   </div>
   <div class='ocr_carea' id='block_1_62' title="bbox 140 3266 1741 3354">
    <p class='ocr_par' dir='ltr' id='par_1_62' title="bbox 140 3266 1741 3354">
     <span class='ocr_line' id='line_1_62' title="bbox 140 3266 1741 3354; baseline 0.009 -32"><span class='ocrx_word' id='word_1_448' title='bbox 140 3266 339 3323; x_wconf 87' lang='grc' dir='ltr'>δόσεων</span> <span class='ocrx_word' id='word_1_449' title='bbox 368 3272 547 3325; x_wconf 79' lang='grc' dir='ltr'>αὑτοῦ</span> <span class='ocrx_word' id='word_1_450' title='bbox 574 3274 636 3325; x_wconf 76' lang='grc' dir='ltr'>τὸ</span> <span class='ocrx_word' id='word_1_451' title='bbox 660 3275 898 3328; x_wconf 84' lang='grc' dir='ltr'>τοιοῦτον</span> <span class='ocrx_word' id='word_1_452' title='bbox 924 3278 1174 3346; x_wconf 87' lang='grc' dir='ltr'>πράττει.</span> <span class='ocrx_word' id='word_1_453' title='bbox 1220 3279 1279 3332; x_wconf 80' lang='grc' dir='ltr'><strong>Ὀ</strong></span> <span class='ocrx_word' id='word_1_454' title='bbox 1305 3280 1607 3354; x_wconf 80' lang='grc' dir='ltr'>φιλαλήθης</span> <span class='ocrx_word' id='word_1_455' title='bbox 1645 3283 1741 3336; x_wconf 79' lang='grc' dir='ltr'>καὶ</span> 
     </span>
    </p>
   </div>
   <div class='ocr_carea' id='block_1_63' title="bbox 144 3362 1738 3443">
    <p class='ocr_par' dir='ltr' id='par_1_63' title="bbox 144 3362 1738 3443">
     <span class='ocr_line' id='line_1_63' title="bbox 144 3362 1738 3443; baseline 0.006 -28"><span class='ocrx_word' id='word_1_456' title='bbox 144 3362 353 3431; x_wconf 82' lang='grc' dir='ltr'>μήποτε</span> <span class='ocrx_word' id='word_1_457' title='bbox 379 3365 681 3436; x_wconf 76' lang='grc' dir='ltr'>προφέρων</span> <span class='ocrx_word' id='word_1_458' title='bbox 704 3366 874 3438; x_wconf 84' lang='grc' dir='ltr'><strong>ψευδῆ</strong></span> <span class='ocrx_word' id='word_1_459' title='bbox 895 3367 1050 3436; x_wconf 81' lang='grc' dir='ltr'>λόγον</span> <span class='ocrx_word' id='word_1_460' title='bbox 1071 3370 1159 3424; x_wconf 77' lang='grc' dir='ltr'>διὰ</span> <span class='ocrx_word' id='word_1_461' title='bbox 1187 3371 1455 3443; x_wconf 86' lang='grc' dir='ltr'>στόματος</span> <span class='ocrx_word' id='word_1_462' title='bbox 1477 3372 1621 3426; x_wconf 76' lang='grc' dir='ltr'>εἴποι</span> <span class='ocrx_word' id='word_1_463' title='bbox 1647 3374 1738 3427; x_wconf 73' lang='grc' dir='ltr'><strong>ἄν’</strong></span> 
     </span>
    </p>
   </div>
   <div class='ocr_carea' id='block_1_64' title="bbox 155 3452 1739 3531">
    <p class='ocr_par' dir='ltr' id='par_1_64' title="bbox 155 3452 1739 3531">
     <span class='ocr_line' id='line_1_64' title="bbox 155 3452 1739 3531; baseline 0.009 -26"><span class='ocrx_word' id='word_1_464' title='bbox 155 3452 323 3507; x_wconf 85' lang='grc' dir='ltr'>Ὀδὸν</span> <span class='ocrx_word' id='word_1_465' title='bbox 357 3457 654 3525; x_wconf 68' lang='grc' dir='ltr'>ἀληθείας</span> <span class='ocrx_word' id='word_1_466' title='bbox 690 3460 1077 3531; x_wconf 80' lang='grc' dir='ltr'>ᾐρετισὰμην.</span> <span class='ocrx_word' id='word_1_467' title='bbox 1145 3462 1303 3517; x_wconf 83' lang='grc' dir='ltr'>Ἀλλὰ</span> <span class='ocrx_word' id='word_1_468' title='bbox 1335 3467 1426 3518; x_wconf 75' lang='grc' dir='ltr'>καὶ</span> <span class='ocrx_word' id='word_1_469' title='bbox 1451 3466 1479 3517; x_wconf 86' lang='grc' dir='ltr'>ὁ</span> <span class='ocrx_word' id='word_1_470' title='bbox 1511 3465 1739 3519; x_wconf 86' lang='grc' dir='ltr'>διαπαν-</span> 
     </span>
    </p>
   </div>
   <div class='ocr_carea' id='block_1_65' title="bbox 140 3547 1739 3632">
    <p class='ocr_par' dir='ltr' id='par_1_65' title="bbox 140 3547 1739 3632">
     <span class='ocr_line' id='line_1_65' title="bbox 140 3547 1739 3632; baseline 0.008 -31"><span class='ocrx_word' id='word_1_471' title='bbox 140 3547 230 3613; x_wconf 76' lang='grc' dir='ltr'><strong>τὸς</strong></span> <span class='ocrx_word' id='word_1_472' title='bbox 273 3552 382 3622; x_wconf 80' lang='grc' dir='ltr'><strong>πρὸ</strong></span> <span class='ocrx_word' id='word_1_473' title='bbox 436 3552 729 3624; x_wconf 79' lang='grc' dir='ltr'>ὀφθαλμῶν</span> <span class='ocrx_word' id='word_1_474' title='bbox 774 3554 1056 3626; x_wconf 86' lang='grc' dir='ltr'>τιθέμενος</span> <span class='ocrx_word' id='word_1_475' title='bbox 1090 3557 1159 3610; x_wconf 81' lang='grc' dir='ltr'>τὰ</span> <span class='ocrx_word' id='word_1_476' title='bbox 1187 3556 1283 3611; x_wconf 88' lang='grc' dir='ltr'><strong>τοῦ</strong></span> <span class='ocrx_word' id='word_1_477' title='bbox 1318 3559 1452 3613; x_wconf 91' lang='grc' dir='ltr'>Θεοῦ</span> <span class='ocrx_word' id='word_1_478' title='bbox 1496 3560 1739 3632; x_wconf 80' lang='grc' dir='ltr'>κρίματα</span> 
     </span>
    </p>
   </div>
   <div class='ocr_carea' id='block_1_66' title="bbox 141 3638 1741 3723">
    <p class='ocr_par' dir='ltr' id='par_1_66' title="bbox 141 3638 1741 3723">
     <span class='ocr_line' id='line_1_66' title="bbox 141 3638 1741 3723; baseline 0.009 -31"><span class='ocrx_word' id='word_1_479' title='bbox 141 3638 233 3692; x_wconf 75' lang='grc' dir='ltr'><strong>καὶ</strong></span> <span class='ocrx_word' id='word_1_480' title='bbox 266 3641 363 3695; x_wconf 75' lang='grc' dir='ltr'><strong>ἐπὶ</strong></span> <span class='ocrx_word' id='word_1_481' title='bbox 403 3641 560 3713; x_wconf 81' lang='grc' dir='ltr'>πάσῃ</span> <span class='ocrx_word' id='word_1_482' title='bbox 609 3644 804 3714; x_wconf 81' lang='grc' dir='ltr'>πράξει</span> <span class='ocrx_word' id='word_1_483' title='bbox 848 3647 1195 3719; x_wconf 78' lang='grc' dir='ltr'>μεμνημένος</span> <span class='ocrx_word' id='word_1_484' title='bbox 1240 3650 1423 3705; x_wconf 80' lang='grc' dir='ltr'>αὐτῶν</span> <span class='ocrx_word' id='word_1_485' title='bbox 1471 3651 1615 3723; x_wconf 77' lang='grc' dir='ltr'>ἐρεῖ·</span> <span class='ocrx_word' id='word_1_486' title='bbox 1658 3650 1741 3707; x_wconf 79' lang='grc' dir='ltr'><strong>Τὰ</strong></span> 
     </span>
    </p>
   </div>
   <div class='ocr_carea' id='block_1_67' title="bbox 143 3731 1136 3807">
    <p class='ocr_par' dir='ltr' id='par_1_67' title="bbox 143 3731 1136 3807">
     <span class='ocr_line' id='line_1_67' title="bbox 143 3731 1136 3807; baseline 0.011 -25"><span class='ocrx_word' id='word_1_487' title='bbox 143 3731 404 3800; x_wconf 80' lang='grc' dir='ltr'>κρίματά</span> <span class='ocrx_word' id='word_1_488' title='bbox 434 3747 552 3786; x_wconf 84' lang='grc' dir='ltr'>σου</span> <span class='ocrx_word' id='word_1_489' title='bbox 588 3736 700 3787; x_wconf 84' lang='grc' dir='ltr'><strong>οὐκ</strong></span> <span class='ocrx_word' id='word_1_490' title='bbox 734 3736 1136 3807; x_wconf 80' lang='grc' dir='ltr'>ἐπελαθόμην.</span> 
     </span>
    </p>
   </div>
   <div class='ocr_carea' id='block_1_68' title="bbox 220 3822 1743 3904">
    <p class='ocr_par' dir='ltr' id='par_1_68' title="bbox 220 3822 1743 3904">
     <span class='ocr_line' id='line_1_68' title="bbox 220 3822 1743 3904; baseline 0.009 -27"><span class='ocrx_word' id='word_1_491' title='bbox 220 3822 608 3891; x_wconf 75' lang='grc' dir='ltr'>Ἐκολλήθην</span> <span class='ocrx_word' id='word_1_492' title='bbox 634 3826 756 3892; x_wconf 82' lang='grc' dir='ltr'>τοῖς</span> <span class='ocrx_word' id='word_1_493' title='bbox 780 3831 1130 3898; x_wconf 81' lang='grc' dir='ltr'>μαρτυρίοις</span> <span class='ocrx_word' id='word_1_494' title='bbox 1160 3847 1295 3897; x_wconf 83' lang='grc' dir='ltr'>σου,</span> <span class='ocrx_word' id='word_1_495' title='bbox 1330 3834 1525 3901; x_wconf 83' lang='grc' dir='ltr'>Κύριε,</span> <span class='ocrx_word' id='word_1_496' title='bbox 1552 3832 1638 3904; x_wconf 85' lang='grc' dir='ltr'><strong>μή</strong></span> <span class='ocrx_word' id='word_1_497' title='bbox 1662 3850 1743 3903; x_wconf 77' lang='grc' dir='ltr'>με</span> 
     </span>
    </p>
   </div>
   <div class='ocr_carea' id='block_1_69' title="bbox 137 3914 1739 3993">
    <p class='ocr_par' dir='ltr' id='par_1_69' title="bbox 137 3914 1739 3993">
     <span class='ocr_line' id='line_1_69' title="bbox 137 3914 1739 3993; baseline 0.007 -28"><span class='ocrx_word' id='word_1_498' title='bbox 137 3914 580 3983; x_wconf 74' lang='grc' dir='ltr'>καταισχύνῃς.</span> <span class='ocrx_word' id='word_1_499' title='bbox 619 3916 956 3989; x_wconf 83' lang='grc' dir='ltr'>Κεκόλληται</span> <span class='ocrx_word' id='word_1_500' title='bbox 985 3921 1096 3985; x_wconf 79' lang='grc' dir='ltr'>τοῖς</span> <span class='ocrx_word' id='word_1_501' title='bbox 1126 3922 1445 3993; x_wconf 81' lang='grc' dir='ltr'>μαρτυρίοις</span> <span class='ocrx_word' id='word_1_502' title='bbox 1475 3924 1503 3976; x_wconf 86' lang='grc' dir='ltr'>ὁ</span> <span class='ocrx_word' id='word_1_503' title='bbox 1535 3924 1626 3976; x_wconf 79' lang='grc' dir='ltr'><strong>ἐπὶ</strong></span> <span class='ocrx_word' id='word_1_504' title='bbox 1650 3923 1739 3976; x_wconf 87' lang='grc' dir='ltr'>λό-</span> 
     </span>
    </p>
   </div>
   <div class='ocr_carea' id='block_1_70' title="bbox 137 4004 1740 4085">
    <p class='ocr_par' dir='ltr' id='par_1_70' title="bbox 137 4004 1740 4085">
     <span class='ocr_line' id='line_1_70' title="bbox 137 4004 1740 4085; baseline 0.008 -31"><span class='ocrx_word' id='word_1_505' title='bbox 137 4019 259 4071; x_wconf 86' lang='grc' dir='ltr'>γοις</span> <span class='ocrx_word' id='word_1_506' title='bbox 281 4007 402 4068; x_wconf 85' lang='grc' dir='ltr'>τοῖς</span> <span class='ocrx_word' id='word_1_507' title='bbox 434 4004 562 4076; x_wconf 74' lang='grc' dir='ltr'>περὶ</span> <span class='ocrx_word' id='word_1_508' title='bbox 590 4006 821 4078; x_wconf 81' lang='grc' dir='ltr'>οὐρανοῦ</span> <span class='ocrx_word' id='word_1_509' title='bbox 848 4009 942 4061; x_wconf 74' lang='grc' dir='ltr'>καὶ</span> <span class='ocrx_word' id='word_1_510' title='bbox 971 4010 1094 4080; x_wconf 79' lang='grc' dir='ltr'>γῆς,</span> <span class='ocrx_word' id='word_1_511' title='bbox 1127 4011 1160 4081; x_wconf 77' lang='grc' dir='ltr'>ἦ</span> <span class='ocrx_word' id='word_1_512' title='bbox 1193 4028 1337 4076; x_wconf 87' lang='grc' dir='ltr'>τινος</span> <span class='ocrx_word' id='word_1_513' title='bbox 1359 4012 1466 4066; x_wconf 90' lang='grc' dir='ltr'><strong>τῶν</strong></span> <span class='ocrx_word' id='word_1_514' title='bbox 1495 4030 1740 4085; x_wconf 87' lang='grc' dir='ltr'>γεγραμ-</span> 
     </span>
    </p>
   </div>
   <div class='ocr_carea' id='block_1_71' title="bbox 138 4094 1740 4176">
    <p class='ocr_par' dir='ltr' id='par_1_71' title="bbox 138 4094 1740 4176">
     <span class='ocr_line' id='line_1_71' title="bbox 138 4094 1740 4176; baseline 0.007 -28"><span class='ocrx_word' id='word_1_515' title='bbox 138 4094 321 4164; x_wconf 79' lang='grc' dir='ltr'>μένων</span> <span class='ocrx_word' id='word_1_516' title='bbox 371 4096 829 4168; x_wconf 67' lang='grc' dir='ltr'>παραδεδομένας</span> <span class='ocrx_word' id='word_1_517' title='bbox 883 4099 1017 4153; x_wconf 78' lang='grc' dir='ltr'>ἑνῶν</span> <span class='ocrx_word' id='word_1_518' title='bbox 1069 4101 1280 4166; x_wconf 77' lang='grc' dir='ltr'>ἑαυτὸν,</span> <span class='ocrx_word' id='word_1_519' title='bbox 1334 4103 1428 4157; x_wconf 74' lang='grc' dir='ltr'><strong>καὶ</strong></span> <span class='ocrx_word' id='word_1_520' title='bbox 1476 4104 1740 4176; x_wconf 89' lang='grc' dir='ltr'>μηδαμῶς</span> 
     </span>
    </p>
   </div>
   <div class='ocr_carea' id='block_1_72' title="bbox 140 4184 1741 4268">
    <p class='ocr_par' dir='ltr' id='par_1_72' title="bbox 140 4184 1741 4268">
     <span class='ocr_line' id='line_1_72' title="bbox 140 4184 1741 4268; baseline 0.007 -30"><span class='ocrx_word' id='word_1_521' title='bbox 140 4187 317 4241; x_wconf 76' lang='grc' dir='ltr'>ἰὺτῶν</span> <span class='ocrx_word' id='word_1_522' title='bbox 340 4187 692 4258; x_wconf 76' lang='grc' dir='ltr'>ἀφεστηκώς.</span> <span class='ocrx_word' id='word_1_523' title='bbox 722 4184 890 4252; x_wconf 72' lang='grc' dir='ltr'>Οὗτος</span> <span class='ocrx_word' id='word_1_524' title='bbox 923 4192 1017 4244; x_wconf 74' lang='grc' dir='ltr'><strong>καὶ</strong></span> <span class='ocrx_word' id='word_1_525' title='bbox 1048 4192 1321 4265; x_wconf 73' lang='grc' dir='ltr'>θαρρείτω</span> <span class='ocrx_word' id='word_1_526' title='bbox 1348 4193 1450 4248; x_wconf 80' lang='grc' dir='ltr'><strong>κᾶν</strong></span> <span class='ocrx_word' id='word_1_527' title='bbox 1476 4196 1741 4268; x_wconf 84' lang='grc' dir='ltr'>πρότερον</span> 
     </span>
    </p>
   </div>
   <div class='ocr_carea' id='block_1_73' title="bbox 136 4277 1740 4354">
    <p class='ocr_par' dir='ltr' id='par_1_73' title="bbox 136 4277 1740 4354">
     <span class='ocr_line' id='line_1_73' title="bbox 136 4277 1740 4354; baseline 0.006 -23"><span class='ocrx_word' id='word_1_528' title='bbox 136 4278 277 4349; x_wconf 69' lang='grc' dir='ltr'><strong>ιζργα</strong></span> <span class='ocrx_word' id='word_1_529' title='bbox 307 4277 578 4349; x_wconf 81' lang='grc' dir='ltr'>αἰσχύνης</span> <span class='ocrx_word' id='word_1_530' title='bbox 607 4279 921 4350; x_wconf 83' lang='grc' dir='ltr'>πεποιηκώς</span> <span class='ocrx_word' id='word_1_531' title='bbox 950 4299 964 4312; x_wconf 91' lang='grc'><strong>·</strong></span> <span class='ocrx_word' id='word_1_532' title='bbox 1013 4283 1046 4354; x_wconf 75' lang='grc' dir='ltr'><strong>ἢ</strong></span> <span class='ocrx_word' id='word_1_533' title='bbox 1093 4284 1187 4337; x_wconf 77' lang='grc' dir='ltr'><strong>καὶ</strong></span> <span class='ocrx_word' id='word_1_534' title='bbox 1218 4285 1437 4339; x_wconf 79' lang='grc' dir='ltr'>αἰτείτω</span> <span class='ocrx_word' id='word_1_535' title='bbox 1469 4286 1576 4340; x_wconf 78' lang='grc' dir='ltr'><strong>ἀπὸ</strong></span> <span class='ocrx_word' id='word_1_536' title='bbox 1606 4287 1740 4340; x_wconf 85' lang='grc' dir='ltr'>Θεοῦ</span> 
     </span>
    </p>
   </div>
   <div class='ocr_carea' id='block_1_74' title="bbox 140 4372 1738 4446">
    <p class='ocr_par' dir='ltr' id='par_1_74' title="bbox 140 4372 1738 4446">
     <span class='ocr_line' id='line_1_74' title="bbox 140 4372 1738 4446; baseline 0.006 -23"><span class='ocrx_word' id='word_1_537' title='bbox 140 4372 363 4439; x_wconf 74' lang='grc' dir='ltr'><strong>Ιἱφιεσιν,</strong></span> <span class='ocrx_word' id='word_1_538' title='bbox 418 4372 511 4424; x_wconf 77' lang='grc' dir='ltr'><strong>καὶ</strong></span> <span class='ocrx_word' id='word_1_539' title='bbox 553 4372 776 4442; x_wconf 79' lang='grc' dir='ltr'>λεγέτω·</span> <span class='ocrx_word' id='word_1_540' title='bbox 805 4375 1002 4443; x_wconf 82' lang='grc' dir='ltr'>Κύριε,</span> <span class='ocrx_word' id='word_1_541' title='bbox 1056 4375 1140 4444; x_wconf 79' lang='grc' dir='ltr'><strong>μή</strong></span> <span class='ocrx_word' id='word_1_542' title='bbox 1182 4394 1258 4445; x_wconf 84' lang='grc' dir='ltr'>με</span> <span class='ocrx_word' id='word_1_543' title='bbox 1309 4379 1738 4446; x_wconf 63' lang='grc' dir='ltr'>καταισχύνῃς.</span> 
     </span>
    </p>
   </div>
   <div class='ocr_carea' id='block_1_75' title="bbox 141 4464 1741 4537">
    <p class='ocr_par' dir='ltr' id='par_1_75' title="bbox 141 4464 1741 4537">
     <span class='ocr_line' id='line_1_75' title="bbox 141 4464 1741 4537; baseline 0.001 -18"><span class='ocrx_word' id='word_1_544' title='bbox 141 4466 333 4520; x_wconf 86' lang='grc' dir='ltr'>Ὀδὸν</span> <span class='ocrx_word' id='word_1_545' title='bbox 355 4464 625 4518; x_wconf 73' lang='grc' dir='ltr'>ἐντολῶν</span> <span class='ocrx_word' id='word_1_546' title='bbox 645 4482 760 4520; x_wconf 83' lang='grc' dir='ltr'>σου</span> <span class='ocrx_word' id='word_1_547' title='bbox 784 4466 1064 4536; x_wconf 79' lang='grc' dir='ltr'>ἔδραμον,</span> <span class='ocrx_word' id='word_1_548' title='bbox 1089 4468 1235 4521; x_wconf 85' lang='grc' dir='ltr'>ὅταν</span> <span class='ocrx_word' id='word_1_549' title='bbox 1258 4467 1603 4535; x_wconf 81' lang='grc' dir='ltr'>ἑπλάτυνας</span> <span class='ocrx_word' id='word_1_550' title='bbox 1628 4468 1741 4537; x_wconf 79' lang='grc' dir='ltr'><strong>τὴν</strong></span> 
     </span>
    </p>
   </div>
   <div class='ocr_carea' id='block_1_76' title="bbox 1840 3277 3420 3350">
    <p class='ocr_par' dir='ltr' id='par_1_76' title="bbox 1840 3277 3420 3350">
     <span class='ocr_line' id='line_1_76' title="bbox 1840 3277 3420 3350; baseline -0.002 -16"><span class='ocrx_word' id='word_1_551' title='bbox 1840 3295 1970 3334; x_wconf 91' lang='lat' dir='ltr'><strong>num</strong></span> <span class='ocrx_word' id='word_1_552' title='bbox 2003 3280 2144 3348; x_wconf 89' lang='lat' dir='ltr'><strong>ejus,</strong></span> <span class='ocrx_word' id='word_1_553' title='bbox 2177 3296 2243 3334; x_wconf 93' lang='lat' dir='ltr'><strong>eo</strong></span> <span class='ocrx_word' id='word_1_554' title='bbox 2275 3294 2397 3334; x_wconf 87' lang='lat' dir='ltr'><strong>sese</strong></span> <span class='ocrx_word' id='word_1_555' title='bbox 2426 3280 2588 3334; x_wconf 90' lang='lat' dir='ltr'><strong>modo</strong></span> <span class='ocrx_word' id='word_1_556' title='bbox 2626 3280 2786 3350; x_wconf 90' lang='lat' dir='ltr'><strong>gerit.</strong></span> <span class='ocrx_word' id='word_1_557' title='bbox 2815 3278 2920 3345; x_wconf 85' lang='lat' dir='ltr'><strong>Qui</strong></span> <span class='ocrx_word' id='word_1_558' title='bbox 2956 3277 3198 3332; x_wconf 86' lang='lat' dir='ltr'><strong>veritatis</strong></span> <span class='ocrx_word' id='word_1_559' title='bbox 3226 3288 3420 3331; x_wconf 69' lang='lat' dir='ltr'><strong>amans</strong></span> 
     </span>
    </p>
   </div>
   <div class='ocr_carea' id='block_1_77' title="bbox 1839 3367 3416 3441">
    <p class='ocr_par' dir='ltr' id='par_1_77' title="bbox 1839 3367 3416 3441">
     <span class='ocr_line' id='line_1_77' title="bbox 1839 3367 3416 3441; baseline -0.003 -14"><span class='ocrx_word' id='word_1_560' title='bbox 1839 3381 1945 3436; x_wconf 89' lang='lat' dir='ltr'><strong>est,</strong></span> <span class='ocrx_word' id='word_1_561' title='bbox 1965 3380 2018 3426; x_wconf 87' lang='lat' dir='ltr'><strong>et</strong></span> <span class='ocrx_word' id='word_1_562' title='bbox 2051 3372 2335 3427; x_wconf 86' lang='lat' dir='ltr'><strong>mendacia</strong></span> <span class='ocrx_word' id='word_1_563' title='bbox 2362 3387 2458 3426; x_wconf 89' lang='lat' dir='ltr'><strong>ore</strong></span> <span class='ocrx_word' id='word_1_564' title='bbox 2489 3387 2589 3425; x_wconf 87' lang='lat' dir='ltr'><strong>suo</strong></span> <span class='ocrx_word' id='word_1_565' title='bbox 2616 3385 2895 3441; x_wconf 83' lang='lat' dir='ltr'><strong>nunquam</strong></span> <span class='ocrx_word' id='word_1_566' title='bbox 2927 3369 3152 3440; x_wconf 85' lang='lat' dir='ltr'><strong>profert,</strong></span> <span class='ocrx_word' id='word_1_567' title='bbox 3179 3367 3416 3423; x_wconf 82' lang='lat' dir='ltr'><strong>dixerit:</strong></span> 
     </span>
    </p>
   </div>
   <div class='ocr_carea' id='block_1_78' title="bbox 1853 3460 3421 3533">
    <p class='ocr_par' dir='ltr' id='par_1_78' title="bbox 1853 3460 3421 3533">
     <span class='ocr_line' id='line_1_78' title="bbox 1853 3460 3421 3533; baseline -0.004 -14"><span class='ocrx_word' id='word_1_568' title='bbox 1853 3462 2001 3519; x_wconf 87' lang='lat' dir='ltr'><strong>Viam</strong></span> <span class='ocrx_word' id='word_1_569' title='bbox 2032 3464 2268 3517; x_wconf 77' lang='lat' dir='ltr'><strong>veritatis</strong></span> <span class='ocrx_word' id='word_1_570' title='bbox 2298 3464 2447 3533; x_wconf 88' lang='lat' dir='ltr'><strong><em>elegi.</em></strong></span> <span class='ocrx_word' id='word_1_571' title='bbox 2490 3461 2595 3518; x_wconf 89' lang='lat' dir='ltr'><strong>Sed</strong></span> <span class='ocrx_word' id='word_1_572' title='bbox 2625 3463 2789 3518; x_wconf 89' lang='lat' dir='ltr'><strong>etiam</strong></span> <span class='ocrx_word' id='word_1_573' title='bbox 2815 3462 2906 3533; x_wconf 91' lang='lat' dir='ltr'><strong>qui</strong></span> <span class='ocrx_word' id='word_1_574' title='bbox 2943 3461 3037 3518; x_wconf 87' lang='lat' dir='ltr'><strong>Dei</strong></span> <span class='ocrx_word' id='word_1_575' title='bbox 3065 3460 3271 3531; x_wconf 88' lang='lat' dir='ltr'><strong>judicia</strong></span> <span class='ocrx_word' id='word_1_576' title='bbox 3308 3473 3421 3529; x_wconf 67' lang='lat' dir='ltr'><strong>pra:</strong></span> 
     </span>
    </p>
   </div>
   <div class='ocr_carea' id='block_1_79' title="bbox 1839 3556 3418 3626">
    <p class='ocr_par' dir='ltr' id='par_1_79' title="bbox 1839 3556 3418 3626">
     <span class='ocr_line' id='line_1_79' title="bbox 1839 3556 3418 3626; baseline -0.005 -14"><span class='ocrx_word' id='word_1_577' title='bbox 1839 3557 2016 3613; x_wconf 87' lang='lat' dir='ltr'><strong>oculis</strong></span> <span class='ocrx_word' id='word_1_578' title='bbox 2055 3571 2270 3626; x_wconf 88' lang='lat' dir='ltr'><strong>semper</strong></span> <span class='ocrx_word' id='word_1_579' title='bbox 2311 3556 2472 3610; x_wconf 86' lang='lat' dir='ltr'><strong>habet</strong></span> <span class='ocrx_word' id='word_1_580' title='bbox 2513 3556 2648 3611; x_wconf 89' lang='lat' dir='ltr'><strong>etin</strong></span> <span class='ocrx_word' id='word_1_581' title='bbox 2695 3556 2844 3610; x_wconf 89' lang='lat' dir='ltr'><strong>omni</strong></span> <span class='ocrx_word' id='word_1_582' title='bbox 2875 3570 3037 3625; x_wconf 88' lang='lat' dir='ltr'><strong>opere</strong></span> <span class='ocrx_word' id='word_1_583' title='bbox 3084 3569 3184 3609; x_wconf 89' lang='lat' dir='ltr'><strong>suo</strong></span> <span class='ocrx_word' id='word_1_584' title='bbox 3227 3567 3418 3608; x_wconf 89' lang='lat' dir='ltr'><strong>eorum</strong></span> 
     </span>
    </p>
   </div>
   <div class='ocr_carea' id='block_1_80' title="bbox 1840 3645 3204 3716">
    <p class='ocr_par' dir='ltr' id='par_1_80' title="bbox 1840 3645 3204 3716">
     <span class='ocr_line' id='line_1_80' title="bbox 1840 3645 3204 3716; baseline -0.004 -13"><span class='ocrx_word' id='word_1_585' title='bbox 1840 3648 2106 3716; x_wconf 85' lang='lat' dir='ltr'><strong>meminit,</strong></span> <span class='ocrx_word' id='word_1_586' title='bbox 2132 3649 2310 3703; x_wconf 86' lang='lat' dir='ltr'><strong>dicet:</strong></span> <span class='ocrx_word' id='word_1_587' title='bbox 2341 3647 2558 3700; x_wconf 83' lang='lat' dir='ltr'><strong>Judicia</strong></span> <span class='ocrx_word' id='word_1_588' title='bbox 2590 3657 2682 3699; x_wconf 87' lang='lat' dir='ltr'><strong>tua</strong></span> <span class='ocrx_word' id='word_1_589' title='bbox 2714 3663 2816 3700; x_wconf 89' lang='lat' dir='ltr'><strong>non</strong></span> <span class='ocrx_word' id='word_1_590' title='bbox 2843 3663 2961 3700; x_wconf 82' lang='lat' dir='ltr'><strong>sum</strong></span> <span class='ocrx_word' id='word_1_591' title='bbox 2989 3645 3204 3700; x_wconf 73' lang='lat' dir='ltr'><strong>oblitus.</strong></span> 
     </span>
    </p>
   </div>
   <div class='ocr_carea' id='block_1_81' title="bbox 1912 3823 3418 3894">
    <p class='ocr_par' dir='ltr' id='par_1_81' title="bbox 1912 3823 3418 3894">
     <span class='ocr_line' id='line_1_81' title="bbox 1912 3823 3418 3894; baseline -0.005 -11"><span class='ocrx_word' id='word_1_592' title='bbox 1912 3826 2192 3894; x_wconf 57' lang='lat'><strong>“135.51,</strong></span> <span class='ocrx_word' id='word_1_593' title='bbox 2242 3827 2331 3883; x_wconf 76' lang='grc'><strong>52.</strong></span> <span class='ocrx_word' id='word_1_594' title='bbox 2383 3826 2600 3881; x_wconf 73' lang='lat' dir='ltr'><strong>Adhwsi</strong></span> <span class='ocrx_word' id='word_1_595' title='bbox 2632 3827 2943 3880; x_wconf 73' lang='lat' dir='ltr'><strong>testimoniis</strong></span> <span class='ocrx_word' id='word_1_596' title='bbox 2994 3826 3121 3887; x_wconf 80' lang='lat' dir='ltr'><strong>tuis,</strong></span> <span class='ocrx_word' id='word_1_597' title='bbox 3174 3823 3418 3886; x_wconf 86' lang='lat' dir='ltr'><strong>Domine,</strong></span> 
     </span>
    </p>
   </div>
   <div class='ocr_carea' id='block_1_82' title="bbox 1841 3915 3418 3988">
    <p class='ocr_par' dir='ltr' id='par_1_82' title="bbox 1841 3915 3418 3988">
     <span class='ocr_line' id='line_1_82' title="bbox 1841 3915 3418 3988; baseline -0.005 -13"><span class='ocrx_word' id='word_1_598' title='bbox 1841 3921 1951 3975; x_wconf 90' lang='lat' dir='ltr'><strong>noli</strong></span> <span class='ocrx_word' id='word_1_599' title='bbox 1981 3936 2060 3975; x_wconf 90' lang='lat' dir='ltr'><strong>me</strong></span> <span class='ocrx_word' id='word_1_600' title='bbox 2116 3918 2453 3988; x_wconf 85' lang='lat' dir='ltr'><strong>confundere.</strong></span> <span class='ocrx_word' id='word_1_601' title='bbox 2505 3918 2601 3973; x_wconf 90' lang='lat' dir='ltr'><strong>Illc</strong></span> <span class='ocrx_word' id='word_1_602' title='bbox 2660 3917 2988 3975; x_wconf 87' lang='lat' dir='ltr'><strong>testimoniis</strong></span> <span class='ocrx_word' id='word_1_603' title='bbox 3033 3917 3293 3980; x_wconf 69' lang='lat' dir='ltr'><strong>adhaeret,</strong></span> <span class='ocrx_word' id='word_1_604' title='bbox 3323 3915 3418 3986; x_wconf 92' lang='lat' dir='ltr'><strong>qui</strong></span> 
     </span>
    </p>
   </div>
   <div class='ocr_carea' id='block_1_83' title="bbox 1842 4007 3421 4079">
    <p class='ocr_par' dir='ltr' id='par_1_83' title="bbox 1842 4007 3421 4079">
     <span class='ocr_line' id='line_1_83' title="bbox 1842 4007 3421 4079; baseline -0.003 -11"><span class='ocrx_word' id='word_1_605' title='bbox 1842 4012 2191 4069; x_wconf 87' lang='lat' dir='ltr'><strong>sermonibus</strong></span> <span class='ocrx_word' id='word_1_606' title='bbox 2234 4011 2301 4065; x_wconf 90' lang='lat' dir='ltr'><strong>de</strong></span> <span class='ocrx_word' id='word_1_607' title='bbox 2335 4010 2477 4066; x_wconf 80' lang='lat' dir='ltr'><strong>ccelo</strong></span> <span class='ocrx_word' id='word_1_608' title='bbox 2504 4018 2557 4065; x_wconf 91' lang='lat' dir='ltr'><strong>et</strong></span> <span class='ocrx_word' id='word_1_609' title='bbox 2590 4020 2759 4072; x_wconf 90' lang='lat' dir='ltr'><strong>terra,</strong></span> <span class='ocrx_word' id='word_1_610' title='bbox 2790 4010 2875 4064; x_wconf 88' lang='lat' dir='ltr'><strong>vel</strong></span> <span class='ocrx_word' id='word_1_611' title='bbox 2904 4009 3099 4079; x_wconf 89' lang='lat' dir='ltr'><strong>quavis</strong></span> <span class='ocrx_word' id='word_1_612' title='bbox 3127 4009 3231 4062; x_wconf 90' lang='lat' dir='ltr'><strong>alia</strong></span> <span class='ocrx_word' id='word_1_613' title='bbox 3260 4007 3328 4063; x_wconf 91' lang='lat' dir='ltr'><strong>de</strong></span> <span class='ocrx_word' id='word_1_614' title='bbox 3361 4022 3421 4064; x_wconf 89' lang='lat' dir='ltr'><strong>re</strong></span> 
     </span>
    </p>
   </div>
   <div class='ocr_carea' id='block_1_84' title="bbox 1842 4100 3421 4176">
    <p class='ocr_par' dir='ltr' id='par_1_84' title="bbox 1842 4100 3421 4176">
     <span class='ocr_line' id='line_1_84' title="bbox 1842 4100 3421 4176; baseline -0.003 -15"><span class='ocrx_word' id='word_1_615' title='bbox 1842 4107 2045 4176; x_wconf 89' lang='lat' dir='ltr'><strong>scripto</strong></span> <span class='ocrx_word' id='word_1_616' title='bbox 2072 4104 2289 4159; x_wconf 88' lang='lat' dir='ltr'><strong>traditis</strong></span> <span class='ocrx_word' id='word_1_617' title='bbox 2316 4118 2437 4159; x_wconf 89' lang='lat' dir='ltr'><strong>sese</strong></span> <span class='ocrx_word' id='word_1_618' title='bbox 2467 4101 2690 4165; x_wconf 87' lang='lat' dir='ltr'><strong>addicit,</strong></span> <span class='ocrx_word' id='word_1_619' title='bbox 2724 4108 2779 4156; x_wconf 90' lang='lat' dir='ltr'><strong>et</strong></span> <span class='ocrx_word' id='word_1_620' title='bbox 2807 4102 3120 4157; x_wconf 87' lang='lat' dir='ltr'><strong>nullatenus</strong></span> <span class='ocrx_word' id='word_1_621' title='bbox 3150 4101 3217 4155; x_wconf 87' lang='lat' dir='ltr'><strong>ab</strong></span> <span class='ocrx_word' id='word_1_622' title='bbox 3245 4100 3313 4155; x_wconf 88' lang='lat' dir='ltr'><strong>iis</strong></span> <span class='ocrx_word' id='word_1_623' title='bbox 3341 4115 3421 4156; x_wconf 86' lang='lat' dir='ltr'><strong>re-</strong></span> 
     </span>
    </p>
   </div>
   <div class='ocr_carea' id='block_1_85' title="bbox 1841 4192 3419 4264">
    <p class='ocr_par' dir='ltr' id='par_1_85' title="bbox 1841 4192 3419 4264">
     <span class='ocr_line' id='line_1_85' title="bbox 1841 4192 3419 4264; baseline -0.006 -11"><span class='ocrx_word' id='word_1_624' title='bbox 1841 4196 2006 4253; x_wconf 88' lang='lat' dir='ltr'><strong>cedit.</strong></span> <span class='ocrx_word' id='word_1_625' title='bbox 2053 4195 2152 4252; x_wconf 87' lang='lat' dir='ltr'><strong>Hic</strong></span> <span class='ocrx_word' id='word_1_626' title='bbox 2184 4211 2313 4251; x_wconf 88' lang='lat' dir='ltr'><strong>vero</strong></span> <span class='ocrx_word' id='word_1_627' title='bbox 2350 4195 2609 4258; x_wconf 86' lang='lat' dir='ltr'><strong>conﬁdat,</strong></span> <span class='ocrx_word' id='word_1_628' title='bbox 2659 4195 2788 4250; x_wconf 90' lang='lat' dir='ltr'><strong>licet</strong></span> <span class='ocrx_word' id='word_1_629' title='bbox 2838 4192 2991 4264; x_wconf 88' lang='lat' dir='ltr'><strong>prius</strong></span> <span class='ocrx_word' id='word_1_630' title='bbox 3036 4207 3201 4262; x_wconf 90' lang='lat' dir='ltr'><strong>opera</strong></span> <span class='ocrx_word' id='word_1_631' title='bbox 3240 4192 3419 4261; x_wconf 88' lang='lat' dir='ltr'><strong>turpia</strong></span> 
     </span>
    </p>
   </div>
   <div class='ocr_carea' id='block_1_86' title="bbox 1842 4283 3418 4361">
    <p class='ocr_par' dir='ltr' id='par_1_86' title="bbox 1842 4283 3418 4361">
     <span class='ocr_line' id='line_1_86' title="bbox 1842 4283 3418 4361; baseline -0.006 -17"><span class='ocrx_word' id='word_1_632' title='bbox 1842 4288 2201 4361; x_wconf 89' lang='lat' dir='ltr'><strong>pcrpetrarit;</strong></span> <span class='ocrx_word' id='word_1_633' title='bbox 2228 4289 2342 4344; x_wconf 90' lang='lat' dir='ltr'><strong>sive</strong></span> <span class='ocrx_word' id='word_1_634' title='bbox 2363 4288 2525 4344; x_wconf 89' lang='lat' dir='ltr'><strong>etiam</strong></span> <span class='ocrx_word' id='word_1_635' title='bbox 2557 4288 2793 4357; x_wconf 87' lang='lat' dir='ltr'><strong>postulet</strong></span> <span class='ocrx_word' id='word_1_636' title='bbox 2821 4302 2851 4340; x_wconf 90' lang='lat' dir='ltr'><strong>a</strong></span> <span class='ocrx_word' id='word_1_637' title='bbox 2882 4285 2992 4342; x_wconf 87' lang='lat' dir='ltr'><strong>Deo</strong></span> <span class='ocrx_word' id='word_1_638' title='bbox 3016 4283 3418 4349; x_wconf 88' lang='lat' dir='ltr'><strong>remissionem,</strong></span> 
     </span>
    </p>
   </div>
   <div class='ocr_carea' id='block_1_87' title="bbox 1842 4372 3421 4447">
    <p class='ocr_par' dir='ltr' id='par_1_87' title="bbox 1842 4372 3421 4447">
     <span class='ocr_line' id='line_1_87' title="bbox 1842 4372 3421 4447; baseline -0.006 -12"><span class='ocrx_word' id='word_1_639' title='bbox 1842 4389 1896 4435; x_wconf 92' lang='lat' dir='ltr'><strong>et</strong></span> <span class='ocrx_word' id='word_1_640' title='bbox 1925 4380 2073 4434; x_wconf 89' lang='lat' dir='ltr'><strong>dicat</strong></span> <span class='ocrx_word' id='word_1_641' title='bbox 2101 4398 2114 4434; x_wconf 91' lang='lat'>:</span> <span class='ocrx_word' id='word_1_642' title='bbox 2147 4378 2391 4442; x_wconf 85' lang='lat' dir='ltr'><strong>Domine,</strong></span> <span class='ocrx_word' id='word_1_643' title='bbox 2428 4379 2537 4432; x_wconf 90' lang='lat' dir='ltr'><strong>noli</strong></span> <span class='ocrx_word' id='word_1_644' title='bbox 2579 4395 2660 4431; x_wconf 89' lang='lat' dir='ltr'><strong>me</strong></span> <span class='ocrx_word' id='word_1_645' title='bbox 2689 4375 3028 4447; x_wconf 79' lang='lat' dir='ltr'><strong>confundere.</strong></span> <span class='ocrx_word' id='word_1_646' title='bbox 3076 4372 3229 4426; x_wconf 88' lang='lat' dir='ltr'><strong>Viam</strong></span> <span class='ocrx_word' id='word_1_647' title='bbox 3268 4389 3421 4426; x_wconf 85' lang='lat' dir='ltr'><strong>man-</strong></span> 
     </span>
    </p>
   </div>
   <div class='ocr_carea' id='block_1_88' title="bbox 1843 4464 3415 4532">
    <p class='ocr_par' dir='ltr' id='par_1_88' title="bbox 1843 4464 3415 4532">
     <span class='ocr_line' id='line_1_88' title="bbox 1843 4464 3415 4532; baseline -0.003 -11"><span class='ocrx_word' id='word_1_648' title='bbox 1843 4469 2093 4525; x_wconf 80' lang='lat' dir='ltr'><strong>datorum</strong></span> <span class='ocrx_word' id='word_1_649' title='bbox 2136 4479 2347 4523; x_wconf 89' lang='lat' dir='ltr'><strong>tuorum</strong></span> <span class='ocrx_word' id='word_1_650' title='bbox 2389 4469 2622 4532; x_wconf 83' lang='lat' dir='ltr'><strong>cucurri,</strong></span> <span class='ocrx_word' id='word_1_651' title='bbox 2656 4484 2774 4521; x_wconf 85' lang='lat' dir='ltr'><strong>cum</strong></span> <span class='ocrx_word' id='word_1_652' title='bbox 2811 4464 3056 4519; x_wconf 76' lang='lat' dir='ltr'><strong>dilatasti</strong></span> <span class='ocrx_word' id='word_1_653' title='bbox 3103 4480 3192 4516; x_wconf 90' lang='lat' dir='ltr'><strong>cor</strong></span> <span class='ocrx_word' id='word_1_654' title='bbox 3225 4480 3415 4517; x_wconf 89' lang='lat' dir='ltr'><strong>meum.</strong></span> 
     </span>
    </p>
   </div>
   <div class='ocr_carea' id='block_1_89' title="bbox 131 4538 1740 4632">
    <p class='ocr_par' dir='ltr' id='par_1_89' title="bbox 131 4556 1737 4632">
     <span class='ocr_line' id='line_1_89' title="bbox 131 4556 1737 4632; baseline 0.002 -22"><span class='ocrx_word' id='word_1_655' title='bbox 131 4556 404 4625; x_wconf 72' lang='grc' dir='ltr'>καρδίαν</span> <span class='ocrx_word' id='word_1_656' title='bbox 427 4574 565 4624; x_wconf 85' lang='grc' dir='ltr'>μου.</span> <span class='ocrx_word' id='word_1_657' title='bbox 596 4558 911 4628; x_wconf 84' lang='grc' dir='ltr'>Διέδραμον,</span> <span class='ocrx_word' id='word_1_658' title='bbox 944 4561 1127 4628; x_wconf 69' lang='grc' dir='ltr'>φησὶν,</span> <span class='ocrx_word' id='word_1_659' title='bbox 1158 4561 1215 4613; x_wconf 84' lang='grc' dir='ltr'>ὲν</span> <span class='ocrx_word' id='word_1_660' title='bbox 1246 4560 1439 4630; x_wconf 81' lang='grc' dir='ltr'>βραχεῖ</span> <span class='ocrx_word' id='word_1_661' title='bbox 1471 4561 1646 4632; x_wconf 83' lang='grc' dir='ltr'>χρόνῳ</span> <span class='ocrx_word' id='word_1_662' title='bbox 1676 4561 1737 4613; x_wconf 81' lang='grc' dir='ltr'><strong>οὐ</strong></span> 
     </span>
    </p>
   </div>
   <div class='ocr_carea' id='block_1_90' title="bbox 1846 4538 3418 4632">
    <p class='ocr_par' dir='ltr' id='par_1_90' title="bbox 1846 4553 3418 4631">
     <span class='ocr_line' id='line_1_90' title="bbox 1846 4553 3418 4631; baseline -0.006 -15"><span class='ocrx_word' id='word_1_663' title='bbox 1846 4562 2020 4627; x_wconf 85' lang='lat' dir='ltr'><strong>Brevi,</strong></span> <span class='ocrx_word' id='word_1_664' title='bbox 2052 4561 2264 4631; x_wconf 87' lang='lat' dir='ltr'><strong>inquit,</strong></span> <span class='ocrx_word' id='word_1_665' title='bbox 2316 4568 2557 4630; x_wconf 90' lang='lat' dir='ltr'><strong>tempore</strong></span> <span class='ocrx_word' id='word_1_666' title='bbox 2600 4557 2889 4613; x_wconf 84' lang='lat' dir='ltr'><strong>decucurri</strong></span> <span class='ocrx_word' id='word_1_667' title='bbox 2936 4571 3044 4610; x_wconf 82' lang='lat' dir='ltr'><strong>non</strong></span> <span class='ocrx_word' id='word_1_668' title='bbox 3093 4554 3277 4617; x_wconf 89' lang='lat' dir='ltr'><strong>unius,</strong></span> <span class='ocrx_word' id='word_1_669' title='bbox 3323 4553 3418 4610; x_wconf 85' lang='lat' dir='ltr'><strong>sed</strong></span> 
     </span>
    </p>
   </div>
   <div class='ocr_carea' id='block_1_91' title="bbox 136 4646 1739 4724">
    <p class='ocr_par' dir='ltr' id='par_1_91' title="bbox 136 4646 1739 4724">
     <span class='ocr_line' id='line_1_91' title="bbox 136 4646 1739 4724; baseline 0.002 -23"><span class='ocrx_word' id='word_1_670' title='bbox 136 4650 273 4719; x_wconf 78' lang='grc' dir='ltr'>μιᾶς</span> <span class='ocrx_word' id='word_1_671' title='bbox 309 4646 557 4717; x_wconf 75' lang='grc' dir='ltr'>ἐντολῆς,</span> <span class='ocrx_word' id='word_1_672' title='bbox 588 4648 724 4702; x_wconf 79' lang='grc' dir='ltr'>ἀλλὰ</span> <span class='ocrx_word' id='word_1_673' title='bbox 753 4648 940 4701; x_wconf 88' lang='grc' dir='ltr'>πασῶν</span> <span class='ocrx_word' id='word_1_674' title='bbox 985 4650 1214 4703; x_wconf 76' lang='grc' dir='ltr'>ἐντολῶν</span> <span class='ocrx_word' id='word_1_675' title='bbox 1248 4668 1340 4703; x_wconf 90' lang='grc' dir='ltr'><strong>σου</strong></span> <span class='ocrx_word' id='word_1_676' title='bbox 1377 4651 1475 4723; x_wconf 76' lang='grc' dir='ltr'><strong>τὴν</strong></span> <span class='ocrx_word' id='word_1_677' title='bbox 1505 4652 1620 4705; x_wconf 83' lang='grc' dir='ltr'>ὁδὸν</span> <span class='ocrx_word' id='word_1_678' title='bbox 1651 4652 1739 4724; x_wconf 80' lang='grc' dir='ltr'>ἕρ-</span> 
     </span>
    </p>
   </div>
   <div class='ocr_carea' id='block_1_92' title="bbox 130 4739 1739 4812">
    <p class='ocr_par' dir='ltr' id='par_1_92' title="bbox 130 4739 1739 4812">
     <span class='ocr_line' id='line_1_92' title="bbox 130 4739 1739 4812; baseline 0.002 -18"><span class='ocrx_word' id='word_1_679' title='bbox 130 4757 257 4808; x_wconf 83' lang='grc' dir='ltr'>γοις</span> <span class='ocrx_word' id='word_1_680' title='bbox 284 4739 580 4805; x_wconf 76' lang='grc' dir='ltr'>ἐπιτελῶν,</span> <span class='ocrx_word' id='word_1_681' title='bbox 615 4740 707 4793; x_wconf 78' lang='grc' dir='ltr'>καὶ</span> <span class='ocrx_word' id='word_1_682' title='bbox 734 4741 927 4805; x_wconf 79' lang='grc' dir='ltr'>αὐταῖς</span> <span class='ocrx_word' id='word_1_683' title='bbox 964 4742 1194 4812; x_wconf 81' lang='grc' dir='ltr'>πράξεσι</span> <span class='ocrx_word' id='word_1_684' title='bbox 1217 4743 1286 4797; x_wconf 75' lang='grc' dir='ltr'><strong>τὰ</strong></span> <span class='ocrx_word' id='word_1_685' title='bbox 1321 4743 1425 4796; x_wconf 85' lang='grc' dir='ltr'>ὑπὸ</span> <span class='ocrx_word' id='word_1_686' title='bbox 1453 4744 1560 4797; x_wconf 91' lang='grc' dir='ltr'><strong>τῶν</strong></span> <span class='ocrx_word' id='word_1_687' title='bbox 1592 4745 1739 4797; x_wconf 80' lang='grc' dir='ltr'>ἐντο-</span> 
     </span>
    </p>
   </div>
   <div class='ocr_carea' id='block_1_93' title="bbox 128 4830 1742 4903">
    <p class='ocr_par' dir='ltr' id='par_1_93' title="bbox 128 4830 1742 4903">
     <span class='ocr_line' id='line_1_93' title="bbox 128 4830 1742 4903; baseline 0.001 -18"><span class='ocrx_word' id='word_1_688' title='bbox 128 4831 245 4885; x_wconf 84' lang='grc' dir='ltr'><strong>λῶν</strong></span> <span class='ocrx_word' id='word_1_689' title='bbox 281 4847 385 4883; x_wconf 85' lang='grc' dir='ltr'>σου</span> <span class='ocrx_word' id='word_1_690' title='bbox 416 4830 831 4903; x_wconf 84' lang='grc' dir='ltr'>διηγορευμένα.</span> <span class='ocrx_word' id='word_1_691' title='bbox 860 4832 1021 4886; x_wconf 85' lang='grc' dir='ltr'>Ὅθεν</span> <span class='ocrx_word' id='word_1_692' title='bbox 1055 4834 1149 4887; x_wconf 64' lang='grc' dir='ltr'><strong>καλ⁸</strong></span> <span class='ocrx_word' id='word_1_693' title='bbox 1189 4832 1420 4898; x_wconf 83' lang='grc' dir='ltr'>Παῦλος,</span> <span class='ocrx_word' id='word_1_694' title='bbox 1445 4833 1742 4897; x_wconf 86' lang='grc' dir='ltr'>τετελεκὼς</span> 
     </span>
    </p>
   </div>
   <div class='ocr_carea' id='block_1_94' title="bbox 127 4921 1741 4995">
    <p class='ocr_par' dir='ltr' id='par_1_94' title="bbox 127 4921 1741 4995">
     <span class='ocr_line' id='line_1_94' title="bbox 127 4921 1741 4995; baseline 0.001 -15"><span class='ocrx_word' id='word_1_695' title='bbox 127 4926 323 4987; x_wconf 80' lang='grc' dir='ltr'>τοῦτο,</span> <span class='ocrx_word' id='word_1_696' title='bbox 361 4921 518 4993; x_wconf 75' lang='grc' dir='ltr'><strong>φησί⁶</strong></span> <span class='ocrx_word' id='word_1_697' title='bbox 556 4923 668 4977; x_wconf 82' lang='grc' dir='ltr'><strong>Τὸν</strong></span> <span class='ocrx_word' id='word_1_698' title='bbox 691 4925 913 4995; x_wconf 81' lang='grc' dir='ltr'>δρόμον</span> <span class='ocrx_word' id='word_1_699' title='bbox 945 4927 1248 4989; x_wconf 78' lang='grc' dir='ltr'>τετέλεκα,</span> <span class='ocrx_word' id='word_1_700' title='bbox 1283 4925 1399 4994; x_wconf 81' lang='grc' dir='ltr'>τὴν</span> <span class='ocrx_word' id='word_1_701' title='bbox 1423 4927 1630 4980; x_wconf 79' lang='grc' dir='ltr'>πίστιν</span> <span class='ocrx_word' id='word_1_702' title='bbox 1650 4945 1741 4981; x_wconf 85' lang='grc' dir='ltr'>τε-</span> 
     </span>
    </p>
   </div>
   <div class='ocr_carea' id='block_1_95' title="bbox 127 5029 402 5071">
    <p class='ocr_par' dir='ltr' id='par_1_95' title="bbox 127 5029 402 5071">
     <span class='ocr_line' id='line_1_95' title="bbox 127 5029 402 5071; baseline -0.015 0"><span class='ocrx_word' id='word_1_703' title='bbox 127 5029 402 5071; x_wconf 70' lang='grc' dir='ltr'>τηοιηκα.</span> 
     </span>
    </p>
   </div>
   <div class='ocr_carea' id='block_1_96' title="bbox 168 5016 1741 5175">
    <p class='ocr_par' dir='ltr' id='par_1_96' title="bbox 168 5016 1741 5175">
     <span class='ocr_line' id='line_1_96' title="bbox 298 5029 402 5069; baseline 0.01 -2"><span class='ocrx_word' id='word_1_704' title='bbox 298 5029 402 5069; x_wconf 87' lang='grc' dir='ltr'>κα.</span> 
     </span>
     <span class='ocr_line' id='line_1_97' title="bbox 168 5016 1741 5175; baseline 0.003 -17"><span class='ocrx_word' id='word_1_705' title='bbox 168 5016 756 5173; x_wconf 51' lang='grc' dir='ltr'>ήῗκῖόμοθέτησόνμε,</span> <span class='ocrx_word' id='word_1_706' title='bbox 812 5106 1005 5174; x_wconf 83' lang='grc' dir='ltr'>Κύριε,</span> <span class='ocrx_word' id='word_1_707' title='bbox 1037 5108 1153 5175; x_wconf 80' lang='grc' dir='ltr'>τὴν</span> <span class='ocrx_word' id='word_1_708' title='bbox 1185 5108 1329 5162; x_wconf 76' lang='grc' dir='ltr'>ὁδὸν</span> <span class='ocrx_word' id='word_1_709' title='bbox 1360 5108 1476 5162; x_wconf 87' lang='grc' dir='ltr'><strong>τῶν</strong></span> <span class='ocrx_word' id='word_1_710' title='bbox 1509 5108 1741 5163; x_wconf 85' lang='grc' dir='ltr'>δικαιω-</span> 
     </span>
    </p>
   </div>
   <div class='ocr_carea' id='block_1_97' title="bbox 123 5195 1743 5270">
    <p class='ocr_par' dir='ltr' id='par_1_97' title="bbox 123 5195 1743 5270">
     <span class='ocr_line' id='line_1_98' title="bbox 123 5195 1743 5270; baseline 0.004 -22"><span class='ocrx_word' id='word_1_711' title='bbox 123 5195 353 5265; x_wconf 81' lang='grc' dir='ltr'>μάτων</span> <span class='ocrx_word' id='word_1_712' title='bbox 380 5210 518 5248; x_wconf 73' lang='lat' dir='ltr'><strong>amr</strong></span> <span class='ocrx_word' id='word_1_713' title='bbox 561 5195 660 5249; x_wconf 75' lang='grc' dir='ltr'><strong>καὶ</strong></span> <span class='ocrx_word' id='word_1_714' title='bbox 706 5195 1013 5266; x_wconf 77' lang='grc' dir='ltr'>ἑκζητήσω</span> <span class='ocrx_word' id='word_1_715' title='bbox 1055 5200 1250 5270; x_wconf 80' lang='grc' dir='ltr'>αὐτὴν</span> <span class='ocrx_word' id='word_1_716' title='bbox 1277 5201 1620 5269; x_wconf 79' lang='grc' dir='ltr'>διαπαντός.</span> <span class='ocrx_word' id='word_1_717' title='bbox 1660 5203 1743 5256; x_wconf 79' lang='grc' dir='ltr'><strong>Τὰ</strong></span> 
     </span>
    </p>
   </div>
   <div class='ocr_carea' id='block_1_98' title="bbox 131 5284 1740 5361">
    <p class='ocr_par' dir='ltr' id='par_1_98' title="bbox 131 5284 1740 5361">
     <span class='ocr_line' id='line_1_99' title="bbox 131 5284 1740 5361; baseline 0.004 -22"><span class='ocrx_word' id='word_1_718' title='bbox 131 5286 242 5355; x_wconf 83' lang='grc' dir='ltr'><strong>μὲν</strong></span> <span class='ocrx_word' id='word_1_719' title='bbox 273 5284 396 5355; x_wconf 84' lang='grc' dir='ltr'><strong>γὰρ</strong></span> <span class='ocrx_word' id='word_1_720' title='bbox 432 5286 581 5358; x_wconf 84' lang='grc' dir='ltr'>παρὰ</span> <span class='ocrx_word' id='word_1_721' title='bbox 607 5287 700 5341; x_wconf 88' lang='grc' dir='ltr'><strong>τοῦ</strong></span> <span class='ocrx_word' id='word_1_722' title='bbox 736 5288 870 5341; x_wconf 86' lang='grc' dir='ltr'>Θεοῦ</span> <span class='ocrx_word' id='word_1_723' title='bbox 903 5291 1061 5353; x_wconf 79' lang='grc' dir='ltr'>αἰτεῖ,</span> <span class='ocrx_word' id='word_1_724' title='bbox 1090 5290 1152 5343; x_wconf 83' lang='grc' dir='ltr'>τὸ</span> <span class='ocrx_word' id='word_1_725' title='bbox 1179 5293 1234 5345; x_wconf 80' lang='grc' dir='ltr'>δὲ</span> <span class='ocrx_word' id='word_1_726' title='bbox 1266 5293 1656 5361; x_wconf 78' lang='grc' dir='ltr'>ἐπαγγέλλεται</span> <span class='ocrx_word' id='word_1_727' title='bbox 1682 5293 1740 5360; x_wconf 81' lang='grc' dir='ltr'>ἐξ</span> 
     </span>
    </p>
   </div>
   <div class='ocr_carea' id='block_1_99' title="bbox 129 5374 1741 5456">
    <p class='ocr_par' dir='ltr' id='par_1_99' title="bbox 129 5374 1741 5456">
     <span class='ocr_line' id='line_1_100' title="bbox 129 5374 1741 5456; baseline 0.004 -25"><span class='ocrx_word' id='word_1_728' title='bbox 129 5374 345 5431; x_wconf 75' lang='grc' dir='ltr'>ἑαυτοῦ</span> <span class='ocrx_word' id='word_1_729' title='bbox 375 5379 769 5449; x_wconf 80' lang='grc' dir='ltr'>συνεισφέρειν.</span> <span class='ocrx_word' id='word_1_730' title='bbox 800 5382 870 5435; x_wconf 81' lang='grc' dir='ltr'><strong>Σὺ</strong></span> <span class='ocrx_word' id='word_1_731' title='bbox 894 5381 1137 5452; x_wconf 82' lang='grc' dir='ltr'>μὲνγὰρ,</span> <span class='ocrx_word' id='word_1_732' title='bbox 1172 5385 1355 5455; x_wconf 71' lang='grc' dir='ltr'>φησὶν,</span> <span class='ocrx_word' id='word_1_733' title='bbox 1374 5379 1627 5456; x_wconf 82' lang='grc' dir='ltr'>ὧΚύριε,</span> <span class='ocrx_word' id='word_1_734' title='bbox 1656 5402 1741 5437; x_wconf 82' lang='grc' dir='ltr'>νο-</span> 
     </span>
    </p>
   </div>
   <div class='ocr_carea' id='block_1_100' title="bbox 130 5466 1738 5543">
    <p class='ocr_par' dir='ltr' id='par_1_100' title="bbox 130 5466 1738 5543">
     <span class='ocr_line' id='line_1_101' title="bbox 130 5466 1738 5543; baseline 0.004 -23"><span class='ocrx_word' id='word_1_735' title='bbox 130 5466 460 5537; x_wconf 78' lang='grc' dir='ltr'>μοθὲτησόν</span> <span class='ocrx_word' id='word_1_736' title='bbox 500 5484 567 5537; x_wconf 88' lang='grc' dir='ltr'><strong>με</strong></span> <span class='ocrx_word' id='word_1_737' title='bbox 598 5469 695 5539; x_wconf 83' lang='grc' dir='ltr'><strong>τὴν</strong></span> <span class='ocrx_word' id='word_1_738' title='bbox 726 5470 842 5523; x_wconf 82' lang='grc' dir='ltr'>ὁδὸν</span> <span class='ocrx_word' id='word_1_739' title='bbox 869 5470 977 5524; x_wconf 82' lang='grc' dir='ltr'><strong>τῶν</strong></span> <span class='ocrx_word' id='word_1_740' title='bbox 1001 5471 1382 5543; x_wconf 84' lang='grc' dir='ltr'>δικαιωμάτων</span> <span class='ocrx_word' id='word_1_741' title='bbox 1413 5492 1525 5528; x_wconf 87' lang='grc' dir='ltr'>σου·</span> <span class='ocrx_word' id='word_1_742' title='bbox 1553 5472 1663 5543; x_wconf 82' lang='grc' dir='ltr'><strong>ἐγὼ</strong></span> <span class='ocrx_word' id='word_1_743' title='bbox 1682 5474 1738 5526; x_wconf 79' lang='grc' dir='ltr'>δὲ</span> 
     </span>
    </p>
   </div>
   <div class='ocr_carea' id='block_1_101' title="bbox 126 5559 1749 5638">
    <p class='ocr_par' dir='ltr' id='par_1_101' title="bbox 126 5559 1749 5638">
     <span class='ocr_line' id='line_1_102' title="bbox 126 5559 1749 5638; baseline 0.004 -25"><span class='ocrx_word' id='word_1_744' title='bbox 126 5559 229 5614; x_wconf 80' lang='grc' dir='ltr'><strong>τὸν</strong></span> <span class='ocrx_word' id='word_1_745' title='bbox 261 5559 375 5627; x_wconf 82' lang='grc' dir='ltr'><strong>τῆς</strong></span> <span class='ocrx_word' id='word_1_746' title='bbox 404 5563 548 5632; x_wconf 77' lang='grc' dir='ltr'>ζωῆς</span> <span class='ocrx_word' id='word_1_747' title='bbox 578 5580 678 5633; x_wconf 81' lang='grc' dir='ltr'><strong>μου</strong></span> <span class='ocrx_word' id='word_1_748' title='bbox 731 5565 947 5620; x_wconf 73' lang='grc' dir='ltr'>ἅπαντα</span> <span class='ocrx_word' id='word_1_749' title='bbox 990 5565 1177 5638; x_wconf 83' lang='grc' dir='ltr'>χρόνον</span> <span class='ocrx_word' id='word_1_750' title='bbox 1207 5568 1454 5623; x_wconf 73' lang='grc' dir='ltr'>ἐπιδώσω</span> <span class='ocrx_word' id='word_1_751' title='bbox 1503 5569 1561 5624; x_wconf 78' lang='grc' dir='ltr'>ἐν</span> <span class='ocrx_word' id='word_1_752' title='bbox 1590 5565 1749 5638; x_wconf 75' lang='grc' dir='ltr'>αὐτῷ</span> 
     </span>
    </p>
   </div>
   <div class='ocr_carea' id='block_1_102' title="bbox 129 5650 816 5727">
    <p class='ocr_par' dir='ltr' id='par_1_102' title="bbox 129 5650 816 5727">
     <span class='ocr_line' id='line_1_103' title="bbox 129 5650 816 5727; baseline 0.012 -22"><span class='ocrx_word' id='word_1_753' title='bbox 129 5654 219 5717; x_wconf 74' lang='grc' dir='ltr'>εἰς</span> <span class='ocrx_word' id='word_1_754' title='bbox 252 5650 600 5725; x_wconf 73' lang='grc' dir='ltr'>ἀναζήτησιν</span> <span class='ocrx_word' id='word_1_755' title='bbox 630 5657 816 5727; x_wconf 82' lang='grc' dir='ltr'>αὐτῆς.</span> 
     </span>
    </p>
   </div>
   <div class='ocr_carea' id='block_1_103' title="bbox 206 5774 705 5875">
    <p class='ocr_par' dir='ltr' id='par_1_103' title="bbox 206 5774 705 5875">
     <span class='ocr_line' id='line_1_104' title="bbox 206 5774 705 5875; baseline 0.006 -15"><span class='ocrx_word' id='word_1_756' title='bbox 206 5802 705 5875; x_wconf 55' lang='grc' dir='ltr'>ἰιἯωηητ.</span> 
     </span>
    </p>
   </div>
   <div class='ocr_carea' id='block_1_104' title="bbox 1839 4649 3420 4719">
    <p class='ocr_par' dir='ltr' id='par_1_104' title="bbox 1839 4649 3420 4719">
     <span class='ocr_line' id='line_1_105' title="bbox 1839 4649 3420 4719; baseline -0.005 -10"><span class='ocrx_word' id='word_1_757' title='bbox 1839 4655 2081 4709; x_wconf 90' lang='lat' dir='ltr'><strong>omnium</strong></span> <span class='ocrx_word' id='word_1_758' title='bbox 2115 4654 2496 4707; x_wconf 88' lang='lat' dir='ltr'><strong>mandatorum</strong></span> <span class='ocrx_word' id='word_1_759' title='bbox 2528 4660 2745 4706; x_wconf 89' lang='lat' dir='ltr'><strong>tuorum</strong></span> <span class='ocrx_word' id='word_1_760' title='bbox 2773 4651 2936 4709; x_wconf 86' lang='lat' dir='ltr'><strong>viam.</strong></span> <span class='ocrx_word' id='word_1_761' title='bbox 2961 4649 3222 4719; x_wconf 78' lang='lat' dir='ltr'><strong>operibus</strong></span> <span class='ocrx_word' id='word_1_762' title='bbox 3247 4654 3301 4702; x_wconf 89' lang='lat' dir='ltr'><strong>et</strong></span> <span class='ocrx_word' id='word_1_763' title='bbox 3328 4662 3420 4702; x_wconf 87' lang='lat' dir='ltr'><strong>ac-</strong></span> 
     </span>
    </p>
   </div>
   <div class='ocr_carea' id='block_1_105' title="bbox 1842 4742 3421 4815">
    <p class='ocr_par' dir='ltr' id='par_1_105' title="bbox 1842 4742 3421 4815">
     <span class='ocr_line' id='line_1_106' title="bbox 1842 4742 3421 4815; baseline -0.006 -14"><span class='ocrx_word' id='word_1_764' title='bbox 1842 4747 2086 4801; x_wconf 89' lang='lat' dir='ltr'><strong>tionibus</strong></span> <span class='ocrx_word' id='word_1_765' title='bbox 2108 4747 2244 4801; x_wconf 88' lang='lat' dir='ltr'><strong>meis</strong></span> <span class='ocrx_word' id='word_1_766' title='bbox 2265 4761 2329 4800; x_wconf 87' lang='lat' dir='ltr'><strong>ea</strong></span> <span class='ocrx_word' id='word_1_767' title='bbox 2349 4746 2654 4815; x_wconf 87' lang='lat' dir='ltr'><strong>complens,</strong></span> <span class='ocrx_word' id='word_1_768' title='bbox 2678 4760 2801 4813; x_wconf 70' lang='lat' dir='ltr'><strong>qua:</strong></span> <span class='ocrx_word' id='word_1_769' title='bbox 2820 4742 3095 4797; x_wconf 89' lang='lat' dir='ltr'><strong>mandatis</strong></span> <span class='ocrx_word' id='word_1_770' title='bbox 3118 4742 3228 4797; x_wconf 86' lang='lat' dir='ltr'><strong>tuis</strong></span> <span class='ocrx_word' id='word_1_771' title='bbox 3246 4756 3421 4795; x_wconf 84' lang='lat' dir='ltr'><strong>enun-</strong></span> 
     </span>
    </p>
   </div>
   <div class='ocr_carea' id='block_1_106' title="bbox 1840 4835 3418 4903">
    <p class='ocr_par' dir='ltr' id='par_1_106' title="bbox 1840 4835 3418 4903">
     <span class='ocr_line' id='line_1_107' title="bbox 1840 4835 3418 4903; baseline -0.005 -10"><span class='ocrx_word' id='word_1_772' title='bbox 1840 4839 2060 4893; x_wconf 86' lang='lat' dir='ltr'><strong>tiantur.</strong></span> <span class='ocrx_word' id='word_1_773' title='bbox 2086 4837 2450 4903; x_wconf 83' lang='lat' dir='ltr'><strong>Quamobrem</strong></span> <span class='ocrx_word' id='word_1_774' title='bbox 2475 4835 2676 4890; x_wconf 87' lang='lat' dir='ltr'><strong>Paulus</strong></span> <span class='ocrx_word' id='word_1_775' title='bbox 2702 4849 2826 4888; x_wconf 89' lang='lat' dir='ltr'><strong>cum</strong></span> <span class='ocrx_word' id='word_1_776' title='bbox 2860 4850 2924 4889; x_wconf 91' lang='lat' dir='ltr'><strong>ea</strong></span> <span class='ocrx_word' id='word_1_777' title='bbox 2959 4839 3418 4895; x_wconf 83' lang='lat' dir='ltr'><strong>consummasset,</strong></span> 
     </span>
    </p>
   </div>
   <div class='ocr_carea' id='block_1_107' title="bbox 1840 4923 3135 4993">
    <p class='ocr_par' dir='ltr' id='par_1_107' title="bbox 1840 4923 3135 4993">
     <span class='ocr_line' id='line_1_108' title="bbox 1840 4923 3135 4993; baseline -0.005 -9"><span class='ocrx_word' id='word_1_778' title='bbox 1840 4930 1916 4985; x_wconf 87' lang='lat' dir='ltr'><strong>ait</strong></span> <span class='ocrx_word' id='word_1_779' title='bbox 1950 4945 1961 4979; x_wconf 92' lang='lat'><strong>:</strong></span> <span class='ocrx_word' id='word_1_780' title='bbox 2002 4928 2231 4984; x_wconf 76' lang='lat' dir='ltr'><strong>Cursum</strong></span> <span class='ocrx_word' id='word_1_781' title='bbox 2264 4926 2645 4992; x_wconf 76' lang='lat' dir='ltr'><strong>consummavi,</strong></span> <span class='ocrx_word' id='word_1_782' title='bbox 2682 4923 2839 4993; x_wconf 83' lang='lat' dir='ltr'><strong>ﬁdem</strong></span> <span class='ocrx_word' id='word_1_783' title='bbox 2868 4925 3071 4979; x_wconf 75' lang='lat' dir='ltr'><strong>servari</strong></span> <span class='ocrx_word' id='word_1_784' title='bbox 3092 4925 3135 4977; x_wconf 67' lang='lat'><strong>9.</strong></span> 
     </span>
    </p>
   </div>
   <div class='ocr_carea' id='block_1_108' title="bbox 1913 5097 3420 5173">
    <p class='ocr_par' dir='ltr' id='par_1_108' title="bbox 1913 5097 3420 5173">
     <span class='ocr_line' id='line_1_109' title="bbox 1913 5097 3420 5173; baseline -0.007 -13"><span class='ocrx_word' id='word_1_785' title='bbox 1913 5103 2080 5160; x_wconf 73' lang='lat' dir='ltr'><strong>Vens.</strong></span> <span class='ocrx_word' id='word_1_786' title='bbox 2110 5104 2198 5158; x_wconf 74' lang='grc'><strong>55.</strong></span> <span class='ocrx_word' id='word_1_787' title='bbox 2233 5101 2417 5173; x_wconf 84' lang='lat' dir='ltr'><strong>Legem</strong></span> <span class='ocrx_word' id='word_1_788' title='bbox 2458 5115 2591 5170; x_wconf 77' lang='lat' dir='ltr'><strong>pone</strong></span> <span class='ocrx_word' id='word_1_789' title='bbox 2621 5101 2770 5161; x_wconf 81' lang='lat' dir='ltr'><strong>mihi,</strong></span> <span class='ocrx_word' id='word_1_790' title='bbox 2802 5098 3045 5164; x_wconf 88' lang='lat' dir='ltr'><strong>Domine,</strong></span> <span class='ocrx_word' id='word_1_791' title='bbox 3095 5098 3233 5153; x_wconf 83' lang='lat' dir='ltr'><strong>viam</strong></span> <span class='ocrx_word' id='word_1_792' title='bbox 3257 5097 3420 5167; x_wconf 82' lang='lat' dir='ltr'><strong>justi-</strong></span> 
     </span>
    </p>
   </div>
   <div class='ocr_carea' id='block_1_109' title="bbox 1844 5187 3418 5267">
    <p class='ocr_par' dir='ltr' id='par_1_109' title="bbox 1844 5187 3418 5267">
     <span class='ocr_line' id='line_1_110' title="bbox 1844 5187 3418 5267; baseline -0.006 -16"><span class='ocrx_word' id='word_1_793' title='bbox 1844 5198 2149 5267; x_wconf 78' lang='lat' dir='ltr'><strong>ﬁcationum</strong></span> <span class='ocrx_word' id='word_1_794' title='bbox 2184 5203 2417 5259; x_wconf 88' lang='lat' dir='ltr'><strong>tuarum,</strong></span> <span class='ocrx_word' id='word_1_795' title='bbox 2450 5204 2500 5248; x_wconf 87' lang='lat' dir='ltr'><strong>et</strong></span> <span class='ocrx_word' id='word_1_796' title='bbox 2536 5194 2811 5265; x_wconf 67' lang='lat' dir='ltr'><strong>exquiram</strong></span> <span class='ocrx_word' id='word_1_797' title='bbox 2846 5208 2961 5245; x_wconf 83' lang='lat' dir='ltr'><strong>eam</strong></span> <span class='ocrx_word' id='word_1_798' title='bbox 2998 5206 3216 5255; x_wconf 81' lang='lat' dir='ltr'><strong>semper.</strong></span> <span class='ocrx_word' id='word_1_799' title='bbox 3258 5187 3418 5242; x_wconf 83' lang='lat' dir='ltr'><strong>Aliud</strong></span> 
     </span>
    </p>
   </div>
   <div class='ocr_carea' id='block_1_110' title="bbox 1846 5283 3420 5359">
    <p class='ocr_par' dir='ltr' id='par_1_110' title="bbox 1846 5283 3420 5359">
     <span class='ocr_line' id='line_1_111' title="bbox 1846 5283 3420 5359; baseline -0.006 -15"><span class='ocrx_word' id='word_1_800' title='bbox 1846 5306 1876 5344; x_wconf 89' lang='lat' dir='ltr'><strong>a</strong></span> <span class='ocrx_word' id='word_1_801' title='bbox 1913 5289 2023 5344; x_wconf 88' lang='lat' dir='ltr'><strong>Deo</strong></span> <span class='ocrx_word' id='word_1_802' title='bbox 2056 5288 2211 5359; x_wconf 90' lang='lat' dir='ltr'><strong>petit,</strong></span> <span class='ocrx_word' id='word_1_803' title='bbox 2247 5287 2395 5342; x_wconf 90' lang='lat' dir='ltr'><strong>aliud</strong></span> <span class='ocrx_word' id='word_1_804' title='bbox 2431 5303 2498 5343; x_wconf 81' lang='lat' dir='ltr'><strong>ex</strong></span> <span class='ocrx_word' id='word_1_805' title='bbox 2522 5293 2677 5357; x_wconf 90' lang='lat' dir='ltr'><strong>parte</strong></span> <span class='ocrx_word' id='word_1_806' title='bbox 2706 5299 2803 5340; x_wconf 82' lang='lat' dir='ltr'><strong>sua</strong></span> <span class='ocrx_word' id='word_1_807' title='bbox 2833 5299 2893 5340; x_wconf 88' lang='lat' dir='ltr'><strong>se</strong></span> <span class='ocrx_word' id='word_1_808' title='bbox 2937 5283 3259 5337; x_wconf 84' lang='lat' dir='ltr'><strong>collaturum</strong></span> <span class='ocrx_word' id='word_1_809' title='bbox 3290 5295 3420 5349; x_wconf 82' lang='lat' dir='ltr'><strong>pro-</strong></span> 
     </span>
    </p>
   </div>
   <div class='ocr_carea' id='block_1_111' title="bbox 1845 5370 3418 5449">
    <p class='ocr_par' dir='ltr' id='par_1_111' title="bbox 1845 5370 3418 5449">
     <span class='ocr_line' id='line_1_112' title="bbox 1845 5370 3418 5449; baseline -0.008 -12"><span class='ocrx_word' id='word_1_810' title='bbox 1845 5383 2030 5437; x_wconf 89' lang='lat' dir='ltr'><strong>mittit.</strong></span> <span class='ocrx_word' id='word_1_811' title='bbox 2061 5379 2141 5435; x_wconf 89' lang='lat' dir='ltr'><strong>Tu</strong></span> <span class='ocrx_word' id='word_1_812' title='bbox 2181 5380 2346 5444; x_wconf 90' lang='lat' dir='ltr'><strong>enim,</strong></span> <span class='ocrx_word' id='word_1_813' title='bbox 2382 5378 2582 5449; x_wconf 88' lang='lat' dir='ltr'><strong>inquit,</strong></span> <span class='ocrx_word' id='word_1_814' title='bbox 2619 5376 2866 5439; x_wconf 88' lang='lat' dir='ltr'><strong>Domine,</strong></span> <span class='ocrx_word' id='word_1_815' title='bbox 2918 5375 3090 5444; x_wconf 83' lang='lat' dir='ltr'><strong>legem</strong></span> <span class='ocrx_word' id='word_1_816' title='bbox 3118 5387 3257 5442; x_wconf 92' lang='lat' dir='ltr'><strong>pone</strong></span> <span class='ocrx_word' id='word_1_817' title='bbox 3286 5370 3418 5425; x_wconf 88' lang='lat' dir='ltr'><strong>mihi</strong></span> 
     </span>
    </p>
   </div>
   <div class='ocr_carea' id='block_1_112' title="bbox 1845 5464 3423 5546">
    <p class='ocr_par' dir='ltr' id='par_1_112' title="bbox 1845 5464 3423 5546">
     <span class='ocr_line' id='line_1_113' title="bbox 1845 5464 3423 5546; baseline -0.008 -15"><span class='ocrx_word' id='word_1_818' title='bbox 1845 5478 1985 5531; x_wconf 90' lang='lat' dir='ltr'><strong>viam</strong></span> <span class='ocrx_word' id='word_1_819' title='bbox 2016 5473 2474 5546; x_wconf 84' lang='lat' dir='ltr'><strong>justiﬁcationum</strong></span> <span class='ocrx_word' id='word_1_820' title='bbox 2505 5480 2721 5525; x_wconf 87' lang='lat' dir='ltr'><strong>tuarum</strong></span> <span class='ocrx_word' id='word_1_821' title='bbox 2761 5485 2775 5523; x_wconf 91' lang='lat'><strong>:</strong></span> <span class='ocrx_word' id='word_1_822' title='bbox 2804 5483 2906 5539; x_wconf 84' lang='lat' dir='ltr'><strong>ego</strong></span> <span class='ocrx_word' id='word_1_823' title='bbox 2936 5476 3115 5521; x_wconf 88' lang='lat' dir='ltr'><strong>autem</strong></span> <span class='ocrx_word' id='word_1_824' title='bbox 3158 5473 3270 5519; x_wconf 88' lang='lat' dir='ltr'><strong>toto</strong></span> <span class='ocrx_word' id='word_1_825' title='bbox 3296 5464 3423 5518; x_wconf 63' lang='lat' dir='ltr'><strong>vita:</strong></span> 
     </span>
    </p>
   </div>
   <div class='ocr_carea' id='block_1_113' title="bbox 1845 5557 3208 5639">
    <p class='ocr_par' dir='ltr' id='par_1_113' title="bbox 1845 5557 3208 5639">
     <span class='ocr_line' id='line_1_114' title="bbox 1845 5557 3208 5639; baseline -0.012 -12"><span class='ocrx_word' id='word_1_826' title='bbox 1845 5584 1979 5627; x_wconf 76' lang='lat' dir='ltr'><strong>mea:</strong></span> <span class='ocrx_word' id='word_1_827' title='bbox 2011 5576 2255 5639; x_wconf 84' lang='lat' dir='ltr'><strong>tempore</strong></span> <span class='ocrx_word' id='word_1_828' title='bbox 2286 5566 2341 5622; x_wconf 89' lang='lat' dir='ltr'><strong>in</strong></span> <span class='ocrx_word' id='word_1_829' title='bbox 2368 5564 2489 5635; x_wconf 88' lang='lat' dir='ltr'><strong>ejus</strong></span> <span class='ocrx_word' id='word_1_830' title='bbox 2518 5559 2872 5633; x_wconf 88' lang='lat' dir='ltr'><strong>inquisitione</strong></span> <span class='ocrx_word' id='word_1_831' title='bbox 2898 5557 3208 5631; x_wconf 86' lang='lat' dir='ltr'><strong>persistam.</strong></span> 
     </span>
    </p>
   </div>
  </div>
