3868 6282
503 329 637 389 1⁸571

1185 330 1454 389 EUSEBII
1490 331 1965 388 CASSARIENSIS
2001 330 2353 389 OPPJ’ARS
2389 331 2477 389 Ill.
2516 362 2585 376 -
2621 331 3024 393 EXEGETICA.

3558 344 3662 400 1372

571 439 739 498 Vens.
773 442 861 499 54.
892 441 974 497 Da
1006 442 1133 497 mihi
1162 443 1501 506 intellectum.
1533 455 1582 499 et
1609 442 1887 499 scrutabor
1910 443 2071 514 legem

2241 441 2569 498 Συνέτισόν
2588 461 2682 514 με,
2718 446 2815 499 καὶ
2839 444 3210 514 ἐξερευνήσω
3248 447 3351 504 τὸν
3374 453 3537 522 νόμον
3562 472 3661 520 σου,

505 539 672 593 tuam,
717 542 765 585 et
801 532 1091 585 custodiam
1147 532 1296 586 illam
1343 534 1398 587 in
1440 542 1548 589 toto
1581 533 1735 589 corde
1775 551 1907 589 meo.
1941 532 2069 589 Vult

504 624 765 694 propheta
800 624 971 695 legem
1010 623 1103 681 Dei
1141 626 1400 691 scrutari,
1432 643 1634 698 gnarus
1664 642 1784 682 eam
1816 643 1923 682 non
1961 628 2075 683 cla-

505 728 622 767 ram
656 721 711 768 et
747 724 907 785 captu
942 713 1177 770 facilem.
1230 713 1415 786 Itaque
1456 716 1526 771 da
1556 716 1689 770 mihi
1719 716 2072 781 intellectum,

504 807 602 873 ait,
634 819 694 862 ut
734 808 1056 878 congruenti
1084 822 1211 862 cum
1243 807 1493 863 examine
1537 816 1592 864 et
1628 810 1925 864 attentione
1954 824 2077 880 per-

506 897 719 967 quiram
766 898 943 963 illam;
974 905 1031 951 ut
1060 913 1126 952 ex
1174 897 1266 952 illa
1296 913 1475 953 rerum
1501 914 1638 970 quas
1664 899 1749 954 vel
1795 915 1954 970 agere
1993 900 2075 955 vel

506 987 863 1058 contemplari
890 1002 1028 1058 opus
1054 995 1157 1052 est,
1186 1002 1347 1042 usum
1395 994 1725 1058 captumque
1764 1003 2024 1058 assequar
2058 1007 2070 1041 :

506 1082 587 1135 sic
621 1095 854 1149 namque
887 1089 1076 1149 potero
1105 1094 1223 1133 eam
1258 1078 1313 1132 in
1342 1085 1455 1132 toto
1483 1077 1648 1133 corde
1677 1080 1979 1143 custodire,
2013 1094 2076 1134 ac

508 1172 627 1226 sine
648 1170 993 1226 dubitatione
1014 1170 1164 1225 adire
1190 1169 1358 1225 illam.
1384 1169 1538 1235 Quod
1563 1172 1609 1227 si
1640 1171 1914 1226 intellectu
1941 1187 2078 1242 opus

508 1262 578 1317 sit
606 1270 665 1315 ut
695 1263 865 1332 legem
896 1263 1159 1317 duntaxat
1189 1261 1472 1323 scruteris,
1502 1270 1759 1332 quantam
1792 1278 1823 1315 a
1866 1262 1972 1317 Deo
1996 1262 2080 1317 in-

507 1354 863 1423 telligentiam
895 1355 1142 1425 accipere
1171 1370 1309 1425 opus
1336 1356 1526 1412 habes.
1557 1363 1613 1409 ut
1648 1356 1808 1410 linem
1847 1356 1964 1425 ejus
1996 1371 2081 1412 re-

508 1444 730 1513 perias?

580 1532 746 1589 Vens.
777 1535 867 1589 55.
913 1535 1088 1589 Deduc
1121 1553 1200 1590 me
1231 1537 1283 1589 in
1311 1538 1551 1591 semitam
1575 1537 1946 1592 mandatorum
1973 1546 2085 1591 tuo-

511 1642 648 1689 rum,
678 1628 805 1697 quia
838 1628 1008 1697 ipsam
1039 1629 1201 1683 volui.
1230 1626 1331 1682 Hic
1354 1631 1598 1683 semitam
1633 1645 1731 1699 pro
1760 1631 1874 1699 lege
1906 1629 2038 1684 dicit
2065 1647 2079 1684 :

508 1731 634 1771 nam
679 1718 1061 1773 mandatorum
1097 1721 1291 1775 semita
1320 1721 1573 1799 quaedam
1600 1729 1702 1776 est.
1750 1719 1955 1776 Semita
1984 1736 2083 1774 au-

507 1817 618 1863 tem
651 1809 855 1865 dicitur
882 1811 964 1865 via
1000 1814 1150 1876 trita,
1204 1813 1258 1867 in
1290 1783 1394 1884 qua
1428 1783 1585 1867 multi
1633 1822 1757 1868 ante
1800 1826 1902 1868 nos
1946 1812 2082 1883 justi
2120 1783 2159 1838 Β

510 1901 879 1958 ambularunt.
932 1903 986 1959 Si
1015 1907 1140 1975 quis
1179 1916 1360 1962 autem
1385 1906 1536 1976 justo
1565 1907 1704 1962 duce
1730 1921 1840 1960 non
1877 1912 2081 1972 utatur,

509 2006 618 2045 non
645 2000 822 2062 potest
858 1995 1157 2048 secundum
1194 2003 1458 2065 praecepta
1490 1993 1585 2049 Dei
1626 1994 1923 2050 ambulare.
1949 1992 2082 2047 Nam

509 2082 717 2138 Christi
775 2100 877 2140 nos
935 2085 1237 2141 imitatores
1296 2102 1439 2153 esse,
1485 2101 1550 2141 ae
1594 2086 1786 2140 tollere
1843 2100 2082 2151 crucem,

513 2175 804 2245 ipsumque
846 2177 1001 2246 sequi
1042 2183 1279 2246 oportet.

584 2265 753 2322 Vens.
785 2268 855 2323 36
876 2297 903 2308 -
919 2268 1006 2323 40.
1033 2268 1243 2322 lnclina
1266 2285 1357 2323 cor
1380 2285 1552 2322 meum
1572 2269 1626 2322 in
1650 2269 1947 2323 testimonia
1972 2276 2085 2333 tua,

512 2366 563 2412 et
609 2361 794 2413 nonin
826 2361 1127 2414 avaritiam.
1164 2360 1351 2414 Averte
1397 2360 1575 2416 oculos
1611 2378 1750 2415 meos
1785 2377 1847 2414 ne
1875 2360 2087 2415 videant

514 2451 835 2511 vanitatem;
867 2454 921 2504 in
956 2453 1038 2505 via
1079 2462 1169 2505 tua
1202 2453 1405 2521 viviﬁca
1455 2470 1553 2508 me.
1600 2451 1787 2508 Statue
1814 2469 1960 2506 servo
2000 2464 2090 2507 tuo

513 2540 775 2611 eloquium
818 2553 964 2596 tuum
1006 2546 1059 2597 in
1093 2545 1279 2598 timore
1324 2553 1435 2599 tuo.
1484 2550 1716 2615 Amputa
1757 2548 2092 2617 opprobrium

515 2649 687 2687 meum
710 2633 848 2704 quod
869 2636 1168 2703 suspicatus
1191 2652 1330 2699 sum,
1357 2638 1479 2706 quia
1496 2637 1703 2708 judicia
1727 2648 1816 2692 tua
1828 2638 2089 2708 jucunda.

519 2724 654 2781 Ecce
680 2729 949 2796 concupiui
980 2727 1233 2782 mandata
1281 2738 1393 2793 tua,
1434 2731 1487 2782 in
1526 2731 1741 2798 justitia
1773 2741 1863 2784 tua
1890 2731 2094 2800 vivi/ica

519 2834 620 2871 me.
656 2816 852 2873 Omnia
882 2820 949 2873 ad
984 2819 1150 2875 Deum
1185 2821 1287 2875 viri
1320 2822 1494 2877 sancti
1529 2820 1795 2885 referunt,
1832 2821 2094 2875 docentes

517 2910 658 2963 nihil
686 2925 789 2965 nos
823 2912 943 2967 sine
973 2911 1083 2966 Deo
1108 2927 1292 2983 posse.
1326 2909 1446 2967 Nisi
1475 2914 1614 2967 enim
1655 2914 1709 2966 in
1738 2929 1815 2966 me
1842 2913 2097 2966 manseri-

523 3001 614 3064 tis,
642 3001 839 3070 inquit,
872 3001 1005 3055 nihil
1028 3005 1244 3071 potestis
1269 3003 1441 3073 facere
1470 3005 1533 3057 ιο.
1567 3002 1675 3058 Sed
1707 3003 1938 3059 fortasse
1960 3019 2098 3058 non-

2173 535 2274 591 καὶ
2319 535 2565 606 φυλάξω
2591 539 2776 594 αὑτὸν
2810 539 2880 594 ἐν
2905 538 3018 608 ὅλῃ
3047 542 3257 610 καρδίᾳ
3296 562 3427 613 μου.
3468 546 3665 603 Βούλεται

2173 628 2520 700 ἑξερευνῆσαι
2547 629 2638 683 τὸν
2678 629 2837 701 νόμον
2865 631 2957 684 τοῦ
2990 631 3126 685 Θεοῦ
3150 636 3178 686 ὁ
3209 638 3478 708 προφήτης
3502 641 3668 694 ἐπιπά-

2177 735 2353 790 μενος,
2380 720 2462 772 ὅτι
2491 720 2592 773 οὐκ
2620 720 2734 774 ἐστι
2760 723 2935 794 σαφὴς
2960 724 3053 777 καὶ
3079 725 3543 799 εὐκαταφρόνητος.
3577 734 3665 786 Συν-

2174 810 2349 864 ἐτισόν
2367 828 2434 881 με
2449 812 2645 876 τοίνυν,
2659 813 2747 867 ἵνα
2760 815 2975 884 ζητήσω
2990 815 3147 869 αὐτὸν
3165 817 3302 888 μετὰ
3316 821 3408 889 τῆς
3422 824 3667 895 aperto-5:15

2175 902 2403 974 ἐρεύνης
2426 906 2521 957 καὶ
2543 905 2884 971 ἐπιστασίας,
2905 907 2981 970 ὡς
3008 907 3068 972 ἐξ
3092 909 3254 962 αὐτοῦ
3278 910 3451 964 λαϐεῖν
3472 913 3561 966 τῶν
3577 932 3675 984 πρι-

2177 995 2347 1050 κτέων
2374 997 2466 1050 καὶ
2489 996 2776 1069 θεωρητῶν
2799 998 2896 1070 τὴν
2918 999 3110 1071 χρῆσιν
3136 1002 3228 1054 καὶ
3257 1003 3555 1074 κατάληψιν·
3579 1006 3678 1061 οὕτω

2176 1087 2286 1159 γὰρ
2316 1087 2613 1160 δυνήσομαι
2645 1089 2875 1159 φυλάξαι
2925 1092 3084 1146 αὑτὸν
3118 1094 3175 1145 ὲν
3219 1094 3317 1164 ὅλῃ
3364 1096 3539 1167 καρδίᾳ
3571 1098 3679 1151 am.

2176 1180 2442 1244 δοιάστως
2457 1181 2605 1251 αὐτῷ
2630 1183 3085 1254 προσερχόμενος.
3120 1185 3181 1238 El
3209 1184 3267 1238 δὲ
3292 1186 3542 1250 συνέσεως
3561 1188 3683 1243 δεῖται

2179 1270 2266 1323 ἵνα
2293 1271 2448 1341 μόνον
2474 1274 2739 1345 ὲρευνήσῃ
2769 1275 2859 1328 τὸν
2884 1276 3067 1346 νόμον,
3098 1276 3240 1340 τίνος
3270 1276 3456 1342 δεῖται,
3484 1280 3687 1343 cavisse;

2178 1362 2285 1415 ἀπὸ
2310 1362 2442 1416 Θεοῦ
2466 1363 2766 1437 διδομένης,
2793 1366 2879 1418 ἵνα
2909 1367 3041 1439 εὕρῃ
3068 1368 3127 1420 τὸ
3150 1368 3336 1433 τέλοςς

2266 1536 2592 1608 Ὀδήγησόν
2626 1556 2701 1608 με
2745 1538 2815 1593 ἐν
2853 1538 2929 1607 τῇ
2969 1541 3142 1607 τρίϐῳ
3182 1539 3304 1593 τῶν
3328 1540 3571 1595 ἐντολῶν
3592 1558 3691 1606 σου,

2183 1629 2272 1684 ὅτι
2301 1630 2495 1698 αὐτὴν
2514 1629 2805 1699 ἠθέλησα.
2857 1633 2972 1685 Ἵνα
3001 1632 3131 1704 εῐπῃ
3163 1632 3255 1685 τὸν
3288 1632 3466 1702 νόμον,
3505 1634 3604 1704 ἦτοι
3626 1636 3693 1705 τὴν

2183 1722 2386 1794 τρίϐον·
2440 1723 2555 1777 ἔστι
2593 1723 2702 1794 γὰρ
2728 1724 2955 1777 ἐντολῶν
2985 1723 3189 1796 τρίϐος.
3220 1724 3420 1795 Τρίϐος
3447 1725 3498 1778 δὲ
3537 1724 3693 1794 λέγεται

2187 1817 2221 1887 ἡ
2252 1815 2582 1887 τετριμμένη
2615 1816 2750 1881 ὁδὸς,
2774 1818 2839 1886 ῆν
2872 1817 3053 1870 πολλοὶ
3078 1816 3185 1887 πρὸ
3206 1817 3365 1888 ἡμῶν
3394 1819 3696 1889 ἐπορεύθησαν

2187 1906 2295 1960 τῶν
2327 1906 2568 1961 δικαίων.
2612 1906 2736 1962 Ἐὰν
2769 1908 2826 1960 δέ
2851 1926 2934 1972 τις
2965 1910 3036 1981 μὴ
3063 1908 3244 1981 ὁδηγῴ
3272 1912 3531 1982 χρήσηται
3564 1910 3698 1980 15:36:-

2189 2000 2346 2071 καίῳ,
2376 2000 2436 2052 οὐ
2463 1999 2682 2054 δύναται
2708 2002 2919 2055 ὁδεῦσαι
2947 2003 3088 2055 κατὰ
3118 2004 3219 2065 τὰς
3248 2002 3467 2066 ἐντολὰς
3486 2001 3568 2054 τοῦ
3586 2002 3683 2054 Θεοῦ

2190 2091 2425 2163 Χριστοῦ
2452 2093 2560 2164 γὰρ
2584 2095 2727 2163 ἡμᾶς
2760 2093 2840 2147 δεῖ
2884 2094 3120 2163 γίνεσθαι
3161 2096 3429 2167 μιμητὰς,
3470 2094 3554 2148 καὶ
3576 2093 3700 2165 αἴρειν

2189 2184 2280 2236 τὸν
2305 2183 2553 2255 σταυρὸν,
2589 2186 2681 2237 καὶ
2710 2186 3018 2239 ἀκολουθεῖν
3046 2187 3223 2241 ὀπίσω
3264 2186 3429 2241 αὐτοῦ

2262 2275 2485 2330 Κλῖνον
2513 2274 2629 2345 τὴν
2668 2276 2919 2346 καρδίαν
2940 2295 3059 2346 μου
3097 2281 3186 2343 εὶς
3222 2278 3297 2332 τὰ
3315 2276 3585 2348 μαρτύριά
3605 2294 3701 2337 σου.

2194 2365 2293 2420 καὶ
2334 2367 2420 2436 μὴ
2467 2369 2555 2432 εὶς
2595 2368 2977 2433 πλεονεξίαν.
3025 2370 3447 2438 Ἀπόστρεψον
3484 2370 3604 2434 τοὺς

2194 2460 2460 2529 ϐωμούς
2478 2478 2598 2530 μου
2626 2461 2733 2515 τοῦ
2752 2460 2837 2530 μὴ
2871 2461 3018 2515 ἰδεῖν
3039 2465 3429 2532 ματαιότητα·
3467 2462 3529 2514 ἐν
3546 2458 3607 2528 τῇ
3628 2457 3706 2522 ὁδῷ

2196 2566 2311 2605 σου
2351 2550 2535 2620 ζῆσόν
2569 2569 2665 2621 με.
2716 2552 2955 2621 Στῆσον
2992 2552 3072 2619 τῷ
3099 2553 3304 2624 δούλῳ
3333 2566 3449 2607 σου
3476 2550 3536 2605 τὸ
3559 2551 3707 2616 λόγιόν

2196 2657 2312 2696 σου
2349 2645 2437 2708 είς
2473 2642 2580 2696 τόν
2618 2645 2805 2713 φόϐον
2834 2659 2971 2699 σου.
3016 2646 3264 2715 Περίελε
3299 2644 3412 2699 τὸν
3441 2642 3708 2712 ὀνειδισμίν

2193 2751 2311 2803 μου
2339 2731 2411 2787 ὃν
2438 2732 2820 2798 ὑπώπτευσα,
2852 2736 2942 2790 ὅτι
2973 2735 3044 2789 τὰ
3079 2736 3340 2805 κρίματά
3379 2750 3492 2790 σου
3518 2732 3694 2804 χρηστά

2212 2823 2355 2878 Ἰδοὺ
2385 2823 2733 2895 ἐπεθύμησα
2756 2828 2861 2892 τὰς
2891 2827 3143 2894 ἐντολάς
3166 2843 3311 2893 σου,
3347 2828 3418 2881 ἐν
3453 2825 3521 2895 τῇ
3552 2825 3706 2878 δικαιο-

2202 2914 2364 2982 σύνῃ
2421 2931 2540 2969 σου
2596 2915 2780 2987 ζῆσόν
2810 2935 2904 2988 με.
2963 2919 3147 2972 Πάντα
3206 2921 3302 2973 ἐπὶ
3350 2919 3439 2972 τὸν
3485 2918 3597 2971 Θεον
3622 2916 3707 2966 im-

2204 3005 2453 3076 φέρουσιν
2484 3008 2533 3060 οἱ
2562 3009 2728 3077 ἅγιοι,
2770 3009 3104 3073 διδάσκοντες
3143 3012 3317 3080 ἡμᾶς,
3352 3012 3434 3063 δτι
3457 3010 3601 3081 χωρὶς
3622 3002 3707 3058 θεοῦ

522 3106 685 3146 nemo
713 3093 915 3147 dixerit
966 3113 979 3148 :
1015 3093 1073 3148 Si
1110 3095 1293 3149 omnia
1323 3095 1389 3149 ad
1422 3094 1591 3149 Deum
1640 3093 1973 3161 referuntur,
2006 3094 2099 3150 ubi

2202 3100 2352 3156 οὐδὲν
2368 3100 2662 3171 δυνάμεθα.
2700 3102 2839 3156 Ἐὰν
2857 3102 2965 3171 γὰρ
2983 3100 3069 3171 μὴ
3095 3102 3164 3155 ἐν
3190 3103 3348 3171 ἐμοὶ,
3376 3103 3524 3173 φησι,
3538 3100 3707 3169 μὲν-ηπ,

523 3192 608 3240 est
647 3185 701 3240 id
731 3186 877 3255 quod
908 3202 1042 3242 mea:
1074 3187 1352 3243 facultatis
1383 3188 1506 3243 est?
1534 3187 1631 3242 Sin
1666 3188 1871 3253 minus,
1895 3189 2099 3259 ubique

2203 3190 2385 3245 οὐδὲν
2407 3190 2671 3245 δύνασθε
2694 3190 2906 3245 ποιεῖν.
2945 3191 3081 3245 Ἀλλ’
3102 3192 3230 3256 ἴσως
3253 3209 3345 3255 τις
3367 3193 3498 3263 ἐρεῖο
3521 3191 3575 3242 Et
3597 3186 3710 3239 πάντα

526 3291 658 3331 sane
692 3278 885 3332 miscet
906 3293 969 3333 ea
993 3294 1113 3348 quae
1143 3295 1173 3333 a
1202 3279 1313 3334 Deo
1346 3287 1475 3335 sunt
1505 3296 1629 3334 cum
1660 3281 1729 3335 iis
1773 3296 1893 3351 quae
1920 3281 1975 3334 in
2000 3295 2103 3334 no-

528 3378 644 3425 stra
685 3378 813 3425 sunt
849 3379 1142 3442 potestate.
1181 3373 1227 3427 A
1268 3371 1381 3427 Deo
1412 3383 1561 3427 certe
1595 3373 1727 3427 illud
1754 3380 1838 3428 est
1873 3392 1887 3428 :
1920 3371 2105 3441 Legem

527 3478 660 3533 pone
688 3462 839 3526 mihi,
875 3462 1119 3533 Domine,
1168 3465 1308 3518 viam
1348 3464 1802 3534 justiﬁcationum
1851 3473 2104 3531 tuarum;

529 3562 841 3609 nostrarum
869 3562 1048 3609 autem
1082 3556 1317 3625 partium
1366 3564 1451 3611 est
1481 3555 1616 3610 illud
1669 3575 1681 3611 :
1734 3554 1804 3609 Et
1834 3557 2107 3626 exquiram

529 3663 647 3701 eam
676 3663 896 3718 semper.
930 3647 974 3701 Λ
1011 3646 1118 3703 Ι)οο
1151 3663 1369 3704 rursum
1400 3650 1616 3719 postulo
1648 3665 1660 3701 :
1698 3648 1777 3703 Da
1806 3649 1936 3703 mihi
1961 3646 2110 3703 intel-

533 3740 746 3805 lectum,
784 3749 834 3793 et
859 3739 1137 3794 scrutabor
1171 3740 1334 3812 legem
1383 3748 1551 3805 tuam,
1582 3741 1648 3796 ad
1690 3756 1777 3797 me
1817 3757 1947 3799 vero
1982 3757 2110 3813 per-

533 3829 669 3884 tinet
698 3829 834 3885 illud
866 3849 879 3885 :
908 3828 977 3884 Et
1008 3830 1303 3884 custodiam
1334 3831 1485 3885 illam
1518 3833 1576 3885 in
1619 3840 1727 3887 toto
1773 3830 1928 3888 corde
1973 3850 2105 3890 meo.

534 3918 722 3974 Tertio
746 3920 926 3975 itema
948 3920 1059 3977 Deo
1092 3921 1143 3976 id
1186 3930 1382 3992 expeto
1410 3942 1423 3978 :
1454 3922 1635 3978 Deduc
1670 3940 1749 3979 me
1791 3925 1845 3977 in
1868 3926 2107 3979 semitam

536 4011 909 4066 mandatorum
941 4021 1149 4066 tuorum
1187 4027 1207 4065 :
1241 4011 1371 4083 quid
1413 4020 1593 4069 autem
1628 4014 1693 4068 ad
1744 4030 1828 4069 me
1861 4017 2112 4083 spectat?

539 4098 680 4166 Quia
727 4100 897 4168 ipsam
930 4101 1090 4165 volui,
1120 4102 1375 4157 videlicet
1428 4103 1601 4173 legem
1636 4118 1801 4175 supra
1842 4120 2111 4159 memora-

538 4199 678 4256 tam;
710 4192 784 4244 ita
815 4198 875 4246 ut
907 4200 1155 4263 petamus
1198 4200 1257 4247 ut
1284 4209 1405 4265 quae
1433 4210 1463 4249 a
1492 4193 1602 4251 Deo
1633 4204 1762 4251 sunt
1791 4196 1971 4250 adsint
2013 4212 2115 4249 no—

542 4280 647 4346 bis,
674 4297 738 4337 ea
766 4284 1144 4353 promittentes
1170 4299 1292 4354 quae
1312 4292 1519 4342 nostra;
1542 4285 1820 4341 facultatis
1848 4296 1995 4350 sunt,
2028 4303 2119 4342 ne-

542 4386 650 4441 que
693 4373 850 4428 irrita
882 4374 973 4428 illa
1022 4373 1307 4443 facientes,
1339 4391 1410 4430 ne
1434 4383 1593 4447 pacta
1623 4391 1747 4429 cum
1785 4375 1893 4431 Deo
1927 4385 2114 4430 nostra

541 4466 823 4521 violemus.

618 4556 780 4614 Vens.
807 4558 869 4612 41
890 4589 917 4601 ο
935 4559 1022 4613 48.
1052 4557 1119 4613 Et
1142 4559 1312 4613 veniat
1333 4574 1489 4629 super
1505 4574 1586 4612 me
1612 4559 1972 4612 misericordia
1999 4568 2115 4625 tua,

546 4652 788 4716 Domine,
824 4652 1060 4706 salutare
1092 4663 1239 4705 tuum
1270 4651 1555 4705 secundum
1595 4649 1805 4704 verbum
1841 4659 2008 4706 tuum.
2055 4650 2122 4704 Et

547 4743 865 4814 respondebo
892 4742 1332 4813 exprobrantibus
1354 4742 1483 4796 mihi
1512 4740 1744 4805 verbum,
1772 4743 1896 4812 quia
1919 4742 2124 4811 speravi

549 4837 602 4889 in
633 4836 958 4889 sermonibus
988 4836 1112 4889 tuis.
1144 4834 1214 4888 Et
1247 4851 1310 4890 ne
1334 4835 1547 4903 auferas
1570 4833 1633 4887 de
1655 4851 1743 4887 ore
1771 4850 1885 4888 meo
1915 4833 2124 4887 verbum

547 4928 785 4983 caritatis
820 4944 981 4997 usque
1010 4927 1180 4993 valde,
1216 4928 1339 4998 quia
1377 4928 1429 4979 in
1464 4925 1690 4994 judiciis
1716 4926 1819 4980 tuis
1852 4940 2122 4995 superspe-

552 5020 685 5074 ravi.
730 5018 796 5072 Et
835 5018 1130 5071 custodiam
1162 5018 1320 5087 legem
1360 5025 1503 5069 tuam
1532 5031 1752 5085 semper,
1784 5016 1839 5069 in
1872 5016 2125 5069 swculum

552 5122 601 5166 et
638 5111 691 5164 in
729 5111 980 5166 sazculum
1012 5109 1213 5164 swculi.
1245 5108 1314 5163 Et
1346 5108 1685 5163 ambulabam
1724 5109 1780 5163 in
1822 5109 2123 5176 latitudine,

554 5204 680 5276 quia
703 5204 961 5258 mandata
996 5212 1087 5256 tua
1112 5202 1386 5272 exquisivi.
1428 5201 1497 5255 Et
1528 5202 1775 5273 loquebar
1807 5202 1861 5255 in
1893 5202 2128 5256 testimo-

556 5300 658 5353 niis
688 5300 791 5352 tuis
849 5298 906 5351 in
952 5306 1230 5366 conspectu
1271 5312 1471 5367 regum,
1506 5304 1556 5350 et
1609 5312 1712 5348 non
1745 5292 2124 5363 confundebar.

558 5391 672 5447 [loc
697 5390 922 5463 pulchre
942 5389 1290 5461 quadraverit
1314 5390 1370 5444 in
1392 5403 1515 5444 eum
1540 5387 1630 5458 qui
1654 5386 1721 5441 ad
1750 5401 1948 5440 nomen
1971 5384 2131 5441 Chri-

561 5485 628 5536 sti
659 5483 1026 5538 confltendum
1054 5492 1178 5537 ante
1217 5497 1371 5554 reges
1400 5490 1454 5537 et
1490 5480 1751 5551 praesides
1780 5479 2017 5534 ducitur.
2060 5477 2130 5531 Et

562 5574 853 5628 meditabar
885 5576 937 5628 in
970 5573 1234 5629 mandatis
1274 5575 1399 5638 tuis,
1430 5589 1546 5644 qua:
1572 5571 1739 5627 dilexi
1759 5570 1926 5626 valde.
1969 5568 2034 5624 Et
2060 5570 2133 5626 le-

634 5750 679 5783 ”
709 5747 868 5804 Joan.
907 5768 990 5817 xv,
1028 5753 1077 5806 4.

2205 3279 2533 3351 ἀναφέρεται
2562 3281 2652 3333 ἐπὶ
2680 3281 2770 3334 τὸν
2800 3280 2957 3348 Θεὸν,
2986 3280 3090 3335 ποῦ
3115 3283 3176 3334 τὸ
3200 3284 3292 3335 ἐπ’
3324 3282 3478 3353 ἐμοῖς
3515 3281 3569 3333 Εἰ
3589 3280 3632 3332 δὲ
3651 3277 3707 3348 μή.

2207 3371 2479 3441 πανταχοῦ
2518 3371 2780 3439 ὲπέπλεξε
2831 3377 2945 3438 τοῖς
2985 3373 3094 3427 ἀπὸ
3127 3373 3223 3427 τοῦ
3253 3373 3394 3428 Θεοῦ
3430 3372 3497 3427 τὰ
3522 3372 3593 3442 ἐφ’
3614 3372 3704 3442 ἡμὶν.

2218 3462 2350 3515 Ἀπὸ
2387 3462 2481 3515 τοῦ
2527 3463 2663 3517 Θεοῦ
2705 3464 2786 3517 τό’
2837 3465 3263 3535 Νομοθέτησόν
3288 3483 3388 3536 με,
3434 3467 3613 3532 Κύριε,
3643 3463 3702 3528 tif

2207 3552 2351 3607 ὁδὸν
2375 3553 2493 3609 τῶν
2519 3554 2928 3625 δικαιωμάτων
2954 3573 3090 3612 σου·
3123 3558 3185 3610 τὸ
3212 3558 3258 3612 δ’
3286 3559 3372 3628 ἐφ’
3400 3554 3699 3629 qun-Kale-

2208 3644 2439 3715 ζητήσω
2474 3647 2668 3716 αὐτὴν
2710 3650 3052 3716 διαπαντός.
3099 3650 3235 3703 Ἀπὸ
3266 3649 3404 3703 Θεοῦ
3437 3647 3564 3703 αἰτῶ
3590 3644 3702 3699 πάλιν

2208 3736 2543 3793 Συνέτισόν
2578 3755 2675 3809 με,
2712 3739 2812 3795 καὶ
2846 3740 3224 3809 ἐξερευνήσω
3263 3740 3373 3795 τὸν
3423 3736 3596 3810 νόμον
3623 3752 3704 3790 σου.

2209 3829 2284 3882 Τὸ
2312 3829 2358 3883 δ’
2391 3829 2479 3883 ἔπ’
2508 3830 2650 3902 ἐμοι·
2682 3830 2791 3887 Kal
2826 3830 3073 3902 φυλάξω
3101 3833 3292 3887 αὑτὸν
3321 3833 3392 3887 ἐν
3418 3832 3526 3900 ὅλῃ
3550 3828 3704 3899 καρδίᾳ.

2212 3921 2324 3974 Καὶ
2355 3922 2536 3993 τρίτον
2567 3923 2675 3976 ἀπὸ
2701 3922 2835 3976 Θεοῦ
2870 3923 3004 3978 αἰτῶ
3030 3923 3223 3993 λέγων’
3271 3922 3650 3993 Ὁδήτησόνμε
3666 3915 3707 3967 έτ

2210 4013 2386 4080 τρίϐῳ
2423 4013 2541 4066 τῶν
2571 4014 2834 4069 ἐντολῶν
2869 4031 3007 4070 σου·
3035 4015 3089 4069 τί
3120 4015 3180 4068 τὸ
3208 4016 3297 4068 ἐπ’
3342 4014 3495 4085 ὲμοί;
3527 4013 3625 4064 Ὅτι
3642 4007 3706 4057 αὐ-

2213 4100 2318 4155 τόν
2342 4101 2632 4172 ἠθέλησα·
2679 4104 2838 4174 δῆλον
2866 4105 2923 4158 δὲ
2978 4106 3061 4158 ὅτι
3090 4104 3179 4158 τὸν
3209 4104 3468 4176 ἀνωτέρω
3506 4095 3708 4171 εἰρημένον

2212 4192 2395 4263 νόμον,
2418 4193 2559 4247 ὥστε
2581 4193 2823 4266 αἰτῶμεν
2840 4195 2909 4249 τὰ
2931 4196 3038 4250 ἀπὸ
3064 4195 3201 4249 Θεοῦ
3221 4192 3596 4267 προσγενέσθαι
3611 4189 3707 4257 ἡμῖν.

2213 4280 2669 4355 ἐπαγγελλόμενοι
2701 4285 2795 4338 καὶ⁵
2841 4284 2911 4338 τὰ
2946 4285 3031 4354 ἐφ’
3070 4286 3202 4356 ἡμῖν
3228 4286 3324 4339 καὶ
3355 4283 3429 4355 μὴ
3456 4280 3708 4353 ψευδόμενοι.

2215 4370 2302 4425 ἵνα
2334 4372 2411 4444 μὴ
2439 4373 2539 4437 τὰς
2567 4373 2702 4447 πρὸς
2734 4375 2867 4428 Θεὸν
2896 4374 3176 4445 ἀθετῶμεν
3204 4374 3490 4445 συνθήκας.

2293 4565 2405 4620 Kal
2435 4565 2602 4621 ἔλθοι
2629 4567 2722 4621 ἐπ’
2767 4568 2872 4638 ἐμὲ
2903 4569 2973 4635 τὸ⁸
3000 4567 3173 4634 ἔλεός
3193 4581 3334 4633 σου,
3368 4569 3553 4635 Κύριε,
3570 4561 3619 4616 τὸ
3641 4563 3710 4611 σω·

2224 4657 2425 4726 nipth
2448 4674 2563 4714 σου
2584 4659 2734 4715 κατὰ
2760 4659 2866 4714 τὸν
2887 4663 3076 4731 λόγον
3096 4677 3236 4715 σου.
3262 4661 3372 4715 Kal
3402 4650 3708 4723 dxoxptlhiao

2219 4768 2325 4821 μαι
2364 4751 2489 4819 τοῖς
2527 4751 2880 4813 ὀνειδίζουσί
2909 4770 3009 4821 μοι
3052 4752 3257 4820 λόγον,
3295 4750 3387 4804 ὅτι
3427 4750 3627 4817 ἤλπισα
3650 4736 3708 4791 lii

2225 4844 2347 4911 τοῖς
2376 4845 2578 4914 λόγοις
2617 4860 2753 4901 σου.
2794 4846 2905 4899 Kal
2925 4843 3012 4915 μὴ
3042 4842 3323 4914 περιέλῃς
3343 4843 3413 4897 ἐκ
3444 4841 3539 4895 τοῦ
3558 4834 3702 4901 στόμα·

2224 4939 2327 5005 τός
2353 4955 2472 5008 μου
2499 4941 2686 5008 λόγον
2712 4938 2996 5007 ἀληθείας
3021 4937 3131 5004 ἕως
3159 4938 3411 5008 σφόδρα,
3434 4934 3517 4989 ὅτι
3538 4931 3615 4986 ἐπὶ
3632 4922 3704 4984 τοῖς

2226 5030 2470 5101 κρίμασί
2490 5045 2606 5085 σου
2616 5029 2949 5098 ἐπήλπισα.
2971 5029 3080 5084 Kal
3099 5028 3348 5099 φυλάξω
3364 5025 3702 5107 tam”?

2226 5118 2549 5186 διαπαντὸς
2562 5122 2649 5186 εἰς
2669 5117 2775 5173 τὸν
2789 5117 2974 5171 αἰῶνα
2988 5118 3085 5172 καὶ
3105 5119 3193 5183 εὶς
3211 5116 3317 5170 τὸν
3331 5113 3509 5169 altis-tt
3523 5106 3701 5163 τοῦαὶω-

2226 5229 2351 5278 νος.
2368 5210 2478 5267 Kal
2492 5209 2940 5279 ἐπορευόμηνέν
2954 5207 3303 5278 πλατυσμῷ,
3320 5207 3408 5261 ὅτι
3421 5208 3517 5270 τὰς
3530 5187 3703 5255 ἐντοιά

2228 5319 2344 5358 σου
2379 5301 2728 5370 ἐξεζήτησα.
2769 5300 2880 5355 Kal
2913 5299 3175 5356 ἐλάλουν
3201 5301 3271 5354 ἐν
3305 5296 3427 5364 τοῖς
3447 5285 3700 5365 μαρτυρίας

2228 5409 2344 5448 σου
2391 5394 2669 5447 ἐναντίον
2724 5392 3050 5457 βασιλέων,
3110 5390 3210 5446 καὶ
3259 5391 3369 5445 οὐκ
3413 5379 3698 5455 palmam-

2225 5484 2540 5556 ,Χαριέντως
2570 5483 2827 5555 ἁρμόσειε
2860 5483 3014 5537 τοῦτο
3047 5481 3123 5554 τῷ
3157 5482 3248 5535 ἐπὶ
3274 5478 3526 5552 ἡγεμόνας
3552 5470 3623 5524 καὶ

2236 5574 2397 5639 salsi;
2424 5574 2672 5647 ἀγομένῳ
2708 5574 2888 5628 ἕνεκεν
2927 5574 3020 5628 τοῦ
3045 5574 3299 5644 ὀνόματος
3321 5564 3535 5642 Χριστοῦ
3559 5570 3700 5634 in!”
