  <div class='ocr_page' id='page_1' title='image "/cluster/home/n/w/nwhite01/storage/ocr_20150623/23/mdp.39015078384396/714.png"; bbox 0 0 3868 6282; ppageno 0'>
   <div class='ocr_carea' id='block_1_1' title="bbox 161 429 292 484">
    <p class='ocr_par' dir='ltr' id='par_1_1' title="bbox 161 429 292 484">
     <span class='ocr_line' id='line_1_1' title="bbox 161 429 292 484; baseline 0.008 -1"><span class='ocrx_word' id='word_1_1' title='bbox 161 429 184 483; x_wconf 72' lang='grc'><strong>1</strong></span> <span class='ocrx_word' id='word_1_2' title='bbox 195 429 292 484; x_wconf 77' lang='lat'><strong>373</strong></span> 
     </span>
    </p>
   </div>
   <div class='ocr_carea' id='block_1_2' title="bbox 1271 423 2252 482">
    <p class='ocr_par' dir='ltr' id='par_1_2' title="bbox 1271 423 2252 482">
     <span class='ocr_line' id='line_1_2' title="bbox 1271 423 2252 482; baseline -0.005 1"><span class='ocrx_word' id='word_1_3' title='bbox 1271 425 1777 482; x_wconf 76' lang='lat' dir='ltr'><strong>COMMENTARIA</strong></span> <span class='ocrx_word' id='word_1_4' title='bbox 1803 424 1876 480; x_wconf 82' lang='lat' dir='ltr'><strong>IN</strong></span> <span class='ocrx_word' id='word_1_5' title='bbox 1911 423 2252 480; x_wconf 73' lang='lat' dir='ltr'><strong>PSALMOS.</strong></span> 
     </span>
    </p>
   </div>
   <div class='ocr_carea' id='block_1_3' title="bbox 3259 417 3398 473">
    <p class='ocr_par' dir='ltr' id='par_1_3' title="bbox 3259 417 3398 473">
     <span class='ocr_line' id='line_1_3' title="bbox 3259 417 3398 473; baseline 0 0"><span class='ocrx_word' id='word_1_6' title='bbox 3259 421 3281 473; x_wconf 75' lang='grc'><strong>1</strong></span> <span class='ocrx_word' id='word_1_7' title='bbox 3295 417 3398 473; x_wconf 68' lang='grc' dir='ltr'><strong>ττι</strong></span> 
     </span>
    </p>
   </div>
   <div class='ocr_carea' id='block_1_4' title="bbox 163 521 1743 620">
    <p class='ocr_par' dir='ltr' id='par_1_4' title="bbox 163 541 1730 620">
     <span class='ocr_line' id='line_1_4' title="bbox 163 541 1730 620; baseline -0.003 -18"><span class='ocrx_word' id='word_1_8' title='bbox 163 551 288 620; x_wconf 77' lang='grc' dir='ltr'>ρεϊν.</span> <span class='ocrx_word' id='word_1_9' title='bbox 316 545 420 600; x_wconf 84' lang='lat' dir='ltr'><strong>Kal</strong></span> <span class='ocrx_word' id='word_1_10' title='bbox 444 544 734 614; x_wconf 79' lang='grc' dir='ltr'><strong>ἐμελέτων</strong></span> <span class='ocrx_word' id='word_1_11' title='bbox 760 545 828 598; x_wconf 84' lang='grc' dir='ltr'><strong>ἐν</strong></span> <span class='ocrx_word' id='word_1_12' title='bbox 849 545 975 611; x_wconf 84' lang='grc' dir='ltr'><em>ταῖς</em></span> <span class='ocrx_word' id='word_1_13' title='bbox 1001 544 1274 611; x_wconf 81' lang='grc' dir='ltr'><strong>ἐντολαῖς</strong></span> <span class='ocrx_word' id='word_1_14' title='bbox 1299 561 1436 608; x_wconf 89' lang='grc' dir='ltr'>σου,</span> <span class='ocrx_word' id='word_1_15' title='bbox 1466 541 1562 612; x_wconf 81' lang='grc' dir='ltr'><strong>αἶς</strong></span> <span class='ocrx_word' id='word_1_16' title='bbox 1587 543 1730 616; x_wconf 58' lang='lat' dir='ltr'><strong>vird-</strong></span> 
     </span>
    </p>
   </div>
   <div class='ocr_carea' id='block_1_5' title="bbox 1851 521 3401 620">
    <p class='ocr_par' dir='ltr' id='par_1_5' title="bbox 1851 539 3401 618">
     <span class='ocr_line' id='line_1_5' title="bbox 1851 539 3401 618; baseline -0.003 -20"><span class='ocrx_word' id='word_1_17' title='bbox 1851 544 1949 598; x_wconf 80' lang='lat' dir='ltr'><strong>mni</strong></span> <span class='ocrx_word' id='word_1_18' title='bbox 1975 560 2160 618; x_wconf 84' lang='lat' dir='ltr'><strong>manus</strong></span> <span class='ocrx_word' id='word_1_19' title='bbox 2185 541 2253 596; x_wconf 86' lang='lat' dir='ltr'><strong>ad</strong></span> <span class='ocrx_word' id='word_1_20' title='bbox 2289 541 2545 595; x_wconf 87' lang='lat' dir='ltr'><strong>mandata</strong></span> <span class='ocrx_word' id='word_1_21' title='bbox 2577 550 2665 594; x_wconf 83' lang='lat' dir='ltr'><strong>tua</strong></span> <span class='ocrx_word' id='word_1_22' title='bbox 2691 557 2804 610; x_wconf 68' lang='lat' dir='ltr'><strong>qua</strong></span> <span class='ocrx_word' id='word_1_23' title='bbox 2833 539 3018 603; x_wconf 75' lang='lat' dir='ltr'><strong>dilexi,</strong></span> <span class='ocrx_word' id='word_1_24' title='bbox 3053 547 3101 593; x_wconf 90' lang='lat' dir='ltr'><strong>et</strong></span> <span class='ocrx_word' id='word_1_25' title='bbox 3125 539 3401 593; x_wconf 76' lang='lat' dir='ltr'><strong>exercebar</strong></span> 
     </span>
    </p>
   </div>
   <div class='ocr_carea' id='block_1_6' title="bbox 161 633 1724 708">
    <p class='ocr_par' dir='ltr' id='par_1_6' title="bbox 161 633 1724 708">
     <span class='ocr_line' id='line_1_6' title="bbox 161 633 1724 708; baseline -0.002 -15"><span class='ocrx_word' id='word_1_26' title='bbox 161 654 321 708; x_wconf 71' lang='lat' dir='ltr'><strong>:r-noa</strong></span> <span class='ocrx_word' id='word_1_27' title='bbox 337 638 586 706; x_wconf 63' lang='grc' dir='ltr'>σφόδρα.</span> <span class='ocrx_word' id='word_1_28' title='bbox 631 637 740 690; x_wconf 79' lang='grc' dir='ltr'><strong>Καὶ</strong></span> <span class='ocrx_word' id='word_1_29' title='bbox 769 633 886 708; x_wconf 76' lang='grc' dir='ltr'>ᾗρα</span> <span class='ocrx_word' id='word_1_30' title='bbox 915 637 1024 704; x_wconf 84' lang='grc' dir='ltr'><strong>τὰς</strong></span> <span class='ocrx_word' id='word_1_31' title='bbox 1045 637 1246 706; x_wconf 82' lang='grc' dir='ltr'><strong>χεῖρας</strong></span> <span class='ocrx_word' id='word_1_32' title='bbox 1266 637 1413 705; x_wconf 80' lang='grc' dir='ltr'><em>πρὸς</em></span> <span class='ocrx_word' id='word_1_33' title='bbox 1435 637 1541 703; x_wconf 88' lang='grc' dir='ltr'><strong>τὰς</strong></span> <span class='ocrx_word' id='word_1_34' title='bbox 1559 638 1724 690; x_wconf 79' lang='grc' dir='ltr'>ἐντο-</span> 
     </span>
    </p>
   </div>
   <div class='ocr_carea' id='block_1_7' title="bbox 161 728 1726 798">
    <p class='ocr_par' dir='ltr' id='par_1_7' title="bbox 161 728 1726 798">
     <span class='ocr_line' id='line_1_7' title="bbox 161 728 1726 798; baseline -0.003 -13"><span class='ocrx_word' id='word_1_35' title='bbox 161 731 271 798; x_wconf 77' lang='grc' dir='ltr'><strong>λάς</strong></span> <span class='ocrx_word' id='word_1_36' title='bbox 301 744 435 793; x_wconf 85' lang='grc' dir='ltr'>σου,</span> <span class='ocrx_word' id='word_1_37' title='bbox 470 730 542 793; x_wconf 76' lang='grc' dir='ltr'><em>ἅς</em></span> <span class='ocrx_word' id='word_1_38' title='bbox 571 729 875 798; x_wconf 70' lang='grc' dir='ltr'>ἠγάπησα,</span> <span class='ocrx_word' id='word_1_39' title='bbox 926 728 1022 782; x_wconf 75' lang='grc' dir='ltr'><strong>καὶ</strong></span> <span class='ocrx_word' id='word_1_40' title='bbox 1068 729 1454 798; x_wconf 72' lang='grc' dir='ltr'>ἡδολέσχουν</span> <span class='ocrx_word' id='word_1_41' title='bbox 1498 729 1566 782; x_wconf 82' lang='grc' dir='ltr'><strong>ἑν</strong></span> <span class='ocrx_word' id='word_1_42' title='bbox 1603 728 1726 796; x_wconf 83' lang='grc' dir='ltr'><strong>τοῖς</strong></span> 
     </span>
    </p>
   </div>
   <div class='ocr_carea' id='block_1_8' title="bbox 161 816 1726 892">
    <p class='ocr_par' dir='ltr' id='par_1_8' title="bbox 161 816 1726 892">
     <span class='ocr_line' id='line_1_8' title="bbox 161 816 1726 892; baseline -0.002 -17"><span class='ocrx_word' id='word_1_43' title='bbox 161 818 502 887; x_wconf 82' lang='grc' dir='ltr'>δικαιώμασί</span> <span class='ocrx_word' id='word_1_44' title='bbox 527 835 661 874; x_wconf 87' lang='grc' dir='ltr'>σου.</span> <span class='ocrx_word' id='word_1_45' title='bbox 697 816 862 890; x_wconf 66' lang='grc' dir='ltr'><strong>ἸἈριιι</strong></span> <span class='ocrx_word' id='word_1_46' title='bbox 884 821 1071 892; x_wconf 84' lang='grc' dir='ltr'>χεῖρας</span> <span class='ocrx_word' id='word_1_47' title='bbox 1104 819 1239 890; x_wconf 78' lang='grc' dir='ltr'>πρὸς</span> <span class='ocrx_word' id='word_1_48' title='bbox 1273 819 1490 883; x_wconf 78' lang='grc' dir='ltr'>ἐντολάς</span> <span class='ocrx_word' id='word_1_49' title='bbox 1523 823 1638 873; x_wconf 75' lang='grc' dir='ltr'>ἐστι</span> <span class='ocrx_word' id='word_1_50' title='bbox 1667 819 1726 872; x_wconf 86' lang='grc' dir='ltr'><strong>τὸ</strong></span> 
     </span>
    </p>
   </div>
   <div class='ocr_carea' id='block_1_9' title="bbox 163 910 1730 984">
    <p class='ocr_par' dir='ltr' id='par_1_9' title="bbox 163 910 1730 984">
     <span class='ocr_line' id='line_1_9' title="bbox 163 910 1730 984; baseline -0.011 -15"><span class='ocrx_word' id='word_1_51' title='bbox 163 917 332 969; x_wconf 82' lang='grc' dir='ltr'>πᾶσαν</span> <span class='ocrx_word' id='word_1_52' title='bbox 366 913 561 983; x_wconf 77' lang='grc' dir='ltr'>πρᾶξιν</span> <span class='ocrx_word' id='word_1_53' title='bbox 588 913 722 982; x_wconf 82' lang='grc' dir='ltr'>πρὸς</span> <span class='ocrx_word' id='word_1_54' title='bbox 747 912 964 975; x_wconf 80' lang='grc' dir='ltr'>ἐντολὰς</span> <span class='ocrx_word' id='word_1_55' title='bbox 989 911 1133 974; x_wconf 83' lang='grc' dir='ltr'>θείας</span> <span class='ocrx_word' id='word_1_56' title='bbox 1159 912 1536 984; x_wconf 79' lang='grc' dir='ltr'><strong>ἁρμοζομένην</strong></span> <span class='ocrx_word' id='word_1_57' title='bbox 1566 910 1730 982; x_wconf 68' lang='grc' dir='ltr'>ἐργά-</span> 
     </span>
    </p>
   </div>
   <div class='ocr_carea' id='block_1_10' title="bbox 166 1003 1727 1074">
    <p class='ocr_par' dir='ltr' id='par_1_10' title="bbox 166 1003 1727 1074">
     <span class='ocr_line' id='line_1_10' title="bbox 166 1003 1727 1074; baseline -0.003 -16"><span class='ocrx_word' id='word_1_58' title='bbox 166 1005 358 1074; x_wconf 70' lang='grc' dir='ltr'>ξεσθαι.</span> <span class='ocrx_word' id='word_1_59' title='bbox 385 1003 590 1057; x_wconf 77' lang='grc' dir='ltr'>Οὐκοῦν</span> <span class='ocrx_word' id='word_1_60' title='bbox 612 1005 868 1074; x_wconf 85' lang='grc' dir='ltr'>ἑκάτερον</span> <span class='ocrx_word' id='word_1_61' title='bbox 894 1005 1032 1074; x_wconf 86' lang='grc' dir='ltr'><strong>μὲνὸ</strong></span> <span class='ocrx_word' id='word_1_62' title='bbox 1053 1003 1355 1074; x_wconf 79' lang='grc' dir='ltr'>Ψαλμῳδὸς</span> <span class='ocrx_word' id='word_1_63' title='bbox 1383 1003 1557 1074; x_wconf 79' lang='grc' dir='ltr'>ἑαυτῷ</span> <span class='ocrx_word' id='word_1_64' title='bbox 1589 1019 1727 1074; x_wconf 85' lang='grc' dir='ltr'>μαρ-</span> 
     </span>
    </p>
   </div>
   <div class='ocr_carea' id='block_1_11' title="bbox 165 1093 1727 1167">
    <p class='ocr_par' dir='ltr' id='par_1_11' title="bbox 165 1093 1727 1167">
     <span class='ocr_line' id='line_1_11' title="bbox 165 1093 1727 1167; baseline -0.001 -19"><span class='ocrx_word' id='word_1_65' title='bbox 165 1097 323 1167; x_wconf 81' lang='grc' dir='ltr'><strong>τυρεῖ-</strong></span> <span class='ocrx_word' id='word_1_66' title='bbox 386 1093 519 1164; x_wconf 75' lang='grc' dir='ltr'>ὁμοῦ</span> <span class='ocrx_word' id='word_1_67' title='bbox 575 1094 629 1146; x_wconf 81' lang='grc' dir='ltr'><strong>δὲ</strong></span> <span class='ocrx_word' id='word_1_68' title='bbox 677 1096 805 1166; x_wconf 78' lang='grc' dir='ltr'>ἡμῖν</span> <span class='ocrx_word' id='word_1_69' title='bbox 858 1093 1136 1164; x_wconf 83' lang='grc' dir='ltr'>νομοθετεῖ</span> <span class='ocrx_word' id='word_1_70' title='bbox 1185 1097 1304 1156; x_wconf 79' lang='grc' dir='ltr'>ταῖς</span> <span class='ocrx_word' id='word_1_71' title='bbox 1353 1093 1590 1156; x_wconf 82' lang='grc' dir='ltr'><strong>ἐντολαῖς</strong></span> <span class='ocrx_word' id='word_1_72' title='bbox 1634 1093 1727 1146; x_wconf 79' lang='grc' dir='ltr'>τοῦ</span> 
     </span>
    </p>
   </div>
   <div class='ocr_carea' id='block_1_12' title="bbox 165 1183 1729 1256">
    <p class='ocr_par' dir='ltr' id='par_1_12' title="bbox 165 1183 1729 1256">
     <span class='ocr_line' id='line_1_12' title="bbox 165 1183 1729 1256; baseline -0.001 -18"><span class='ocrx_word' id='word_1_73' title='bbox 165 1183 288 1238; x_wconf 65' lang='grc' dir='ltr'>θεοῦ</span> <span class='ocrx_word' id='word_1_74' title='bbox 331 1186 586 1255; x_wconf 77' lang='grc' dir='ltr'>παρέχειν</span> <span class='ocrx_word' id='word_1_75' title='bbox 612 1187 709 1256; x_wconf 82' lang='grc' dir='ltr'><strong>τὴν</strong></span> <span class='ocrx_word' id='word_1_76' title='bbox 748 1184 1098 1254; x_wconf 71' lang='grc' dir='ltr'>κατόρθωσιν,</span> <span class='ocrx_word' id='word_1_77' title='bbox 1135 1185 1392 1256; x_wconf 70' lang='grc' dir='ltr'>παρέχειν</span> <span class='ocrx_word' id='word_1_78' title='bbox 1425 1184 1481 1236; x_wconf 82' lang='grc' dir='ltr'><strong>δὲ</strong></span> <span class='ocrx_word' id='word_1_79' title='bbox 1511 1184 1602 1237; x_wconf 72' lang='grc' dir='ltr'>καὶ</span> <span class='ocrx_word' id='word_1_80' title='bbox 1633 1183 1729 1254; x_wconf 78' lang='grc' dir='ltr'><strong>τὴν</strong></span> 
     </span>
    </p>
   </div>
   <div class='ocr_carea' id='block_1_13' title="bbox 167 1275 1731 1350">
    <p class='ocr_par' dir='ltr' id='par_1_13' title="bbox 167 1275 1731 1350">
     <span class='ocr_line' id='line_1_13' title="bbox 167 1275 1731 1350; baseline -0.002 -20"><span class='ocrx_word' id='word_1_81' title='bbox 167 1277 250 1330; x_wconf 67' lang='grc' dir='ltr'><strong>ἐπὶ</strong></span> <span class='ocrx_word' id='word_1_82' title='bbox 287 1276 418 1330; x_wconf 78' lang='grc' dir='ltr'>πολὺ</span> <span class='ocrx_word' id='word_1_83' title='bbox 467 1277 696 1346; x_wconf 80' lang='grc' dir='ltr'><strong>μελέτην</strong></span> <span class='ocrx_word' id='word_1_84' title='bbox 739 1279 831 1332; x_wconf 74' lang='grc' dir='ltr'><strong>καὶ</strong></span> <span class='ocrx_word' id='word_1_85' title='bbox 867 1279 1114 1350; x_wconf 80' lang='grc' dir='ltr'>Θεωρίαν·</span> <span class='ocrx_word' id='word_1_86' title='bbox 1155 1275 1297 1330; x_wconf 77' lang='grc' dir='ltr'>οὕτω</span> <span class='ocrx_word' id='word_1_87' title='bbox 1341 1276 1448 1348; x_wconf 78' lang='grc' dir='ltr'><strong>γάρ</strong></span> <span class='ocrx_word' id='word_1_88' title='bbox 1489 1276 1640 1330; x_wconf 78' lang='grc' dir='ltr'>αὐτοί</span> <span class='ocrx_word' id='word_1_89' title='bbox 1673 1293 1731 1328; x_wconf 85' lang='grc' dir='ltr'><strong>τε</strong></span> 
     </span>
    </p>
   </div>
   <div class='ocr_carea' id='block_1_14' title="bbox 163 1367 1732 1443">
    <p class='ocr_par' dir='ltr' id='par_1_14' title="bbox 163 1367 1732 1443">
     <span class='ocr_line' id='line_1_14' title="bbox 163 1367 1732 1443; baseline 0 -23"><span class='ocrx_word' id='word_1_90' title='bbox 163 1367 449 1437; x_wconf 75' lang='grc' dir='ltr'>κατορθοῦν</span> <span class='ocrx_word' id='word_1_91' title='bbox 479 1369 883 1443; x_wconf 72' lang='grc' dir='ltr'>ἀκριϐέστερον,</span> <span class='ocrx_word' id='word_1_92' title='bbox 913 1369 1003 1422; x_wconf 75' lang='grc' dir='ltr'><strong>καὶ</strong></span> <span class='ocrx_word' id='word_1_93' title='bbox 1035 1371 1158 1432; x_wconf 77' lang='grc' dir='ltr'>τοὺς</span> <span class='ocrx_word' id='word_1_94' title='bbox 1193 1368 1382 1431; x_wconf 83' lang='grc' dir='ltr'>ἄλλους</span> <span class='ocrx_word' id='word_1_95' title='bbox 1414 1369 1625 1436; x_wconf 79' lang='grc' dir='ltr'>ἐνάγειν</span> <span class='ocrx_word' id='word_1_96' title='bbox 1653 1369 1732 1432; x_wconf 82' lang='grc' dir='ltr'>εἰς</span> 
     </span>
    </p>
   </div>
   <div class='ocr_carea' id='block_1_15' title="bbox 163 1459 728 1530">
    <p class='ocr_par' dir='ltr' id='par_1_15' title="bbox 163 1459 728 1530">
     <span class='ocr_line' id='line_1_15' title="bbox 163 1459 728 1530; baseline 0.007 -20"><span class='ocrx_word' id='word_1_97' title='bbox 163 1459 490 1528; x_wconf 81' lang='grc' dir='ltr'>κατόρθωσιν</span> <span class='ocrx_word' id='word_1_98' title='bbox 517 1459 728 1530; x_wconf 72' lang='grc' dir='ltr'>ἕξομεν.</span> 
     </span>
    </p>
   </div>
   <div class='ocr_carea' id='block_1_16' title="bbox 229 1541 1735 1622">
    <p class='ocr_par' dir='ltr' id='par_1_16' title="bbox 229 1541 1735 1622">
     <span class='ocr_line' id='line_1_16' title="bbox 229 1541 1735 1622; baseline -0.001 -17"><span class='ocrx_word' id='word_1_99' title='bbox 229 1551 539 1620; x_wconf 77' lang='grc' dir='ltr'><strong>Μνήσθητι</strong></span> <span class='ocrx_word' id='word_1_100' title='bbox 591 1552 707 1606; x_wconf 83' lang='grc' dir='ltr'><em>τῶν</em></span> <span class='ocrx_word' id='word_1_101' title='bbox 749 1555 946 1622; x_wconf 75' lang='grc' dir='ltr'>λόγων</span> <span class='ocrx_word' id='word_1_102' title='bbox 994 1571 1109 1607; x_wconf 90' lang='grc' dir='ltr'>σου</span> <span class='ocrx_word' id='word_1_103' title='bbox 1151 1551 1230 1617; x_wconf 83' lang='grc' dir='ltr'><strong>τῷ</strong></span> <span class='ocrx_word' id='word_1_104' title='bbox 1275 1553 1472 1618; x_wconf 82' lang='grc' dir='ltr'>δούλῳ</span> <span class='ocrx_word' id='word_1_105' title='bbox 1513 1565 1650 1614; x_wconf 85' lang='grc' dir='ltr'>σου,</span> <span class='ocrx_word' id='word_1_106' title='bbox 1686 1541 1735 1616; x_wconf 87' lang='grc' dir='ltr'>ᾦ</span> 
     </span>
    </p>
   </div>
   <div class='ocr_carea' id='block_1_17' title="bbox 161 1641 1734 1714">
    <p class='ocr_par' dir='ltr' id='par_1_17' title="bbox 161 1641 1734 1714">
     <span class='ocr_line' id='line_1_17' title="bbox 161 1641 1734 1714; baseline -0.003 -16"><span class='ocrx_word' id='word_1_107' title='bbox 161 1644 498 1710; x_wconf 74' lang='grc' dir='ltr'><strong>ὲπήλπισάς</strong></span> <span class='ocrx_word' id='word_1_108' title='bbox 529 1663 623 1713; x_wconf 86' lang='grc' dir='ltr'>με.</span> <span class='ocrx_word' id='word_1_109' title='bbox 660 1645 819 1713; x_wconf 79' lang='grc' dir='ltr'><strong>Αὕτη</strong></span> <span class='ocrx_word' id='word_1_110' title='bbox 863 1662 938 1713; x_wconf 84' lang='grc' dir='ltr'><strong>με</strong></span> <span class='ocrx_word' id='word_1_111' title='bbox 964 1643 1379 1714; x_wconf 80' lang='grc' dir='ltr'>παρεκάλεσεν</span> <span class='ocrx_word' id='word_1_112' title='bbox 1402 1644 1471 1696; x_wconf 86' lang='grc' dir='ltr'><strong>ἐν</strong></span> <span class='ocrx_word' id='word_1_113' title='bbox 1508 1641 1583 1710; x_wconf 77' lang='grc' dir='ltr'><strong>τῇ</strong></span> <span class='ocrx_word' id='word_1_114' title='bbox 1630 1657 1734 1694; x_wconf 86' lang='grc' dir='ltr'><strong>τα-</strong></span> 
     </span>
    </p>
   </div>
   <div class='ocr_carea' id='block_1_18' title="bbox 163 1734 1736 1807">
    <p class='ocr_par' dir='ltr' id='par_1_18' title="bbox 163 1734 1736 1807">
     <span class='ocr_line' id='line_1_18' title="bbox 163 1734 1736 1807; baseline -0.001 -20"><span class='ocrx_word' id='word_1_115' title='bbox 163 1734 430 1788; x_wconf 76' lang='grc' dir='ltr'>πεινώσει</span> <span class='ocrx_word' id='word_1_116' title='bbox 463 1754 602 1804; x_wconf 88' lang='grc' dir='ltr'>μου,</span> <span class='ocrx_word' id='word_1_117' title='bbox 629 1737 717 1790; x_wconf 85' lang='grc' dir='ltr'>ὅτι</span> <span class='ocrx_word' id='word_1_118' title='bbox 739 1738 806 1790; x_wconf 82' lang='grc' dir='ltr'><strong>τὸ</strong></span> <span class='ocrx_word' id='word_1_119' title='bbox 833 1738 1040 1807; x_wconf 75' lang='grc' dir='ltr'>λόγιόν</span> <span class='ocrx_word' id='word_1_120' title='bbox 1065 1751 1184 1791; x_wconf 89' lang='grc' dir='ltr'><strong>σου</strong></span> <span class='ocrx_word' id='word_1_121' title='bbox 1203 1734 1375 1802; x_wconf 69' lang='grc' dir='ltr'><em>ἐξησέ</em></span> <span class='ocrx_word' id='word_1_122' title='bbox 1391 1751 1488 1804; x_wconf 84' lang='grc' dir='ltr'><strong>με.</strong></span> <span class='ocrx_word' id='word_1_123' title='bbox 1533 1735 1736 1803; x_wconf 78' lang='grc' dir='ltr'><strong>’Υπερ-</strong></span> 
     </span>
    </p>
   </div>
   <div class='ocr_carea' id='block_1_19' title="bbox 162 1824 1736 1904">
    <p class='ocr_par' dir='ltr' id='par_1_19' title="bbox 162 1824 1736 1904">
     <span class='ocr_line' id='line_1_19' title="bbox 162 1824 1736 1904; baseline -0.001 -26"><span class='ocrx_word' id='word_1_124' title='bbox 162 1825 373 1895; x_wconf 57' lang='lat' dir='ltr'><strong>ﬁssae-oc</strong></span> <span class='ocrx_word' id='word_1_125' title='bbox 402 1831 796 1897; x_wconf 78' lang='grc' dir='ltr'>παρηνόμουν</span> <span class='ocrx_word' id='word_1_126' title='bbox 822 1829 932 1904; x_wconf 79' lang='grc' dir='ltr'><strong>ἕως</strong></span> <span class='ocrx_word' id='word_1_127' title='bbox 964 1827 1218 1897; x_wconf 64' lang='grc' dir='ltr'>σφόδρα,</span> <span class='ocrx_word' id='word_1_128' title='bbox 1259 1825 1376 1881; x_wconf 76' lang='grc' dir='ltr'><strong>ἀπὸ</strong></span> <span class='ocrx_word' id='word_1_129' title='bbox 1404 1825 1471 1878; x_wconf 88' lang='grc' dir='ltr'>δὲ</span> <span class='ocrx_word' id='word_1_130' title='bbox 1497 1824 1604 1878; x_wconf 82' lang='grc' dir='ltr'>τοῦ</span> <span class='ocrx_word' id='word_1_131' title='bbox 1638 1825 1736 1878; x_wconf 90' lang='grc' dir='ltr'><strong>νό-</strong></span> 
     </span>
    </p>
   </div>
   <div class='ocr_carea' id='block_1_20' title="bbox 1829 629 3398 703">
    <p class='ocr_par' dir='ltr' id='par_1_20' title="bbox 1829 629 3398 703">
     <span class='ocr_line' id='line_1_20' title="bbox 1829 629 3398 703; baseline -0.005 -14"><span class='ocrx_word' id='word_1_132' title='bbox 1829 636 1884 689; x_wconf 88' lang='lat' dir='ltr'><strong>in</strong></span> <span class='ocrx_word' id='word_1_133' title='bbox 1908 631 2378 703; x_wconf 84' lang='lat' dir='ltr'><strong>justiﬁcationibus</strong></span> <span class='ocrx_word' id='word_1_134' title='bbox 2411 631 2534 684; x_wconf 87' lang='lat' dir='ltr'><strong>tuis.</strong></span> <span class='ocrx_word' id='word_1_135' title='bbox 2563 630 2766 686; x_wconf 87' lang='lat' dir='ltr'><strong>Levare</strong></span> <span class='ocrx_word' id='word_1_136' title='bbox 2797 646 2993 685; x_wconf 85' lang='lat' dir='ltr'><strong>manus</strong></span> <span class='ocrx_word' id='word_1_137' title='bbox 3027 629 3094 683; x_wconf 88' lang='lat' dir='ltr'><strong>ad</strong></span> <span class='ocrx_word' id='word_1_138' title='bbox 3120 629 3398 692; x_wconf 86' lang='lat' dir='ltr'><strong>mandata,</strong></span> 
     </span>
    </p>
   </div>
   <div class='ocr_carea' id='block_1_21' title="bbox 1829 721 3400 792">
    <p class='ocr_par' dir='ltr' id='par_1_21' title="bbox 1829 721 3400 792">
     <span class='ocr_line' id='line_1_21' title="bbox 1829 721 3400 792; baseline -0.004 -11"><span class='ocrx_word' id='word_1_139' title='bbox 1829 735 1913 781; x_wconf 90' lang='lat' dir='ltr'><strong>est</strong></span> <span class='ocrx_word' id='word_1_140' title='bbox 1949 741 2162 780; x_wconf 85' lang='lat' dir='ltr'><strong>onmem</strong></span> <span class='ocrx_word' id='word_1_141' title='bbox 2188 723 2454 778; x_wconf 82' lang='lat' dir='ltr'><strong>actionem</strong></span> <span class='ocrx_word' id='word_1_142' title='bbox 2481 722 2548 778; x_wconf 90' lang='lat' dir='ltr'><strong>ad</strong></span> <span class='ocrx_word' id='word_1_143' title='bbox 2568 722 2749 776; x_wconf 86' lang='lat' dir='ltr'><strong>divina</strong></span> <span class='ocrx_word' id='word_1_144' title='bbox 2773 721 3029 775; x_wconf 86' lang='lat' dir='ltr'><strong>mandata</strong></span> <span class='ocrx_word' id='word_1_145' title='bbox 3064 729 3400 792; x_wconf 75' lang='lat' dir='ltr'><strong>spectantem</strong></span> 
     </span>
    </p>
   </div>
   <div class='ocr_carea' id='block_1_22' title="bbox 1830 815 3398 888">
    <p class='ocr_par' dir='ltr' id='par_1_22' title="bbox 1830 815 3398 888">
     <span class='ocr_line' id='line_1_22' title="bbox 1830 815 3398 888; baseline -0.004 -14"><span class='ocrx_word' id='word_1_146' title='bbox 1830 819 2008 874; x_wconf 89' lang='lat' dir='ltr'><strong>edere.</strong></span> <span class='ocrx_word' id='word_1_147' title='bbox 2034 817 2336 888; x_wconf 90' lang='lat' dir='ltr'><strong>Utrumque</strong></span> <span class='ocrx_word' id='word_1_148' title='bbox 2359 816 2524 886; x_wconf 80' lang='lat' dir='ltr'><strong>igitur</strong></span> <span class='ocrx_word' id='word_1_149' title='bbox 2546 815 2613 871; x_wconf 87' lang='lat' dir='ltr'><strong>de</strong></span> <span class='ocrx_word' id='word_1_150' title='bbox 2639 831 2698 869; x_wconf 88' lang='lat' dir='ltr'><strong>se</strong></span> <span class='ocrx_word' id='word_1_151' title='bbox 2719 815 3008 871; x_wconf 89' lang='lat' dir='ltr'><strong>Psalmista</strong></span> <span class='ocrx_word' id='word_1_152' title='bbox 3033 817 3358 870; x_wconf 81' lang='lat' dir='ltr'><strong>testiﬁcatur</strong></span> <span class='ocrx_word' id='word_1_153' title='bbox 3385 834 3398 868; x_wconf 91' lang='lat'><strong>:</strong></span> 
     </span>
    </p>
   </div>
   <div class='ocr_carea' id='block_1_23' title="bbox 1832 905 3404 979">
    <p class='ocr_par' dir='ltr' id='par_1_23' title="bbox 1832 905 3404 979">
     <span class='ocr_line' id='line_1_23' title="bbox 1832 905 3404 979; baseline -0.003 -16"><span class='ocrx_word' id='word_1_154' title='bbox 1832 921 1994 978; x_wconf 88' lang='lat' dir='ltr'><strong>atque</strong></span> <span class='ocrx_word' id='word_1_155' title='bbox 2026 925 2132 964; x_wconf 85' lang='lat' dir='ltr'><strong>una</strong></span> <span class='ocrx_word' id='word_1_156' title='bbox 2164 909 2322 964; x_wconf 92' lang='lat' dir='ltr'><strong>nobis</strong></span> <span class='ocrx_word' id='word_1_157' title='bbox 2358 907 2605 979; x_wconf 72' lang='lat' dir='ltr'><strong>przecipit</strong></span> <span class='ocrx_word' id='word_1_158' title='bbox 2643 915 2704 961; x_wconf 94' lang='lat' dir='ltr'><strong>ut</strong></span> <span class='ocrx_word' id='word_1_159' title='bbox 2743 906 2996 961; x_wconf 84' lang='lat' dir='ltr'><strong>mandata</strong></span> <span class='ocrx_word' id='word_1_160' title='bbox 3027 905 3120 961; x_wconf 89' lang='lat' dir='ltr'><strong>Dei</strong></span> <span class='ocrx_word' id='word_1_161' title='bbox 3153 906 3404 977; x_wconf 80' lang='lat' dir='ltr'><strong>perﬁcia-</strong></span> 
     </span>
    </p>
   </div>
   <div class='ocr_carea' id='block_1_24' title="bbox 1832 999 3404 1072">
    <p class='ocr_par' dir='ltr' id='par_1_24' title="bbox 1832 999 3404 1072">
     <span class='ocr_line' id='line_1_24' title="bbox 1832 999 3404 1072; baseline -0.002 -17"><span class='ocrx_word' id='word_1_162' title='bbox 1832 1017 1994 1068; x_wconf 89' lang='lat' dir='ltr'><strong>mus;</strong></span> <span class='ocrx_word' id='word_1_163' title='bbox 2046 1003 2176 1072; x_wconf 90' lang='lat' dir='ltr'><strong>quin</strong></span> <span class='ocrx_word' id='word_1_164' title='bbox 2210 1001 2374 1056; x_wconf 87' lang='lat' dir='ltr'><strong>etiam</strong></span> <span class='ocrx_word' id='word_1_165' title='bbox 2420 1008 2480 1055; x_wconf 88' lang='lat' dir='ltr'><strong>ut</strong></span> <span class='ocrx_word' id='word_1_166' title='bbox 2519 1000 2811 1072; x_wconf 86' lang='lat' dir='ltr'><strong>plurimum</strong></span> <span class='ocrx_word' id='word_1_167' title='bbox 2873 999 2964 1052; x_wconf 88' lang='lat' dir='ltr'><strong>illa</strong></span> <span class='ocrx_word' id='word_1_168' title='bbox 2991 1000 3312 1053; x_wconf 75' lang='lat' dir='ltr'><strong>meditemur</strong></span> <span class='ocrx_word' id='word_1_169' title='bbox 3349 1007 3404 1053; x_wconf 91' lang='lat' dir='ltr'><strong>et</strong></span> 
     </span>
    </p>
   </div>
   <div class='ocr_carea' id='block_1_25' title="bbox 1833 1089 3404 1161">
    <p class='ocr_par' dir='ltr' id='par_1_25' title="bbox 1833 1089 3404 1161">
     <span class='ocr_line' id='line_1_25' title="bbox 1833 1089 3404 1161; baseline -0.003 -14"><span class='ocrx_word' id='word_1_170' title='bbox 1833 1092 2299 1161; x_wconf 82' lang='lat' dir='ltr'><strong>contemplemur;</strong></span> <span class='ocrx_word' id='word_1_171' title='bbox 2331 1092 2405 1145; x_wconf 88' lang='lat' dir='ltr'><strong>ita</strong></span> <span class='ocrx_word' id='word_1_172' title='bbox 2452 1092 2593 1146; x_wconf 88' lang='lat' dir='ltr'><strong>enim</strong></span> <span class='ocrx_word' id='word_1_173' title='bbox 2638 1089 2690 1144; x_wconf 91' lang='lat' dir='ltr'><strong>id</strong></span> <span class='ocrx_word' id='word_1_174' title='bbox 2719 1089 3108 1152; x_wconf 86' lang='lat' dir='ltr'><strong>oblmebimus,</strong></span> <span class='ocrx_word' id='word_1_175' title='bbox 3139 1100 3196 1143; x_wconf 92' lang='lat' dir='ltr'><strong>ut</strong></span> <span class='ocrx_word' id='word_1_176' title='bbox 3223 1099 3274 1144; x_wconf 88' lang='lat' dir='ltr'><strong>et</strong></span> <span class='ocrx_word' id='word_1_177' title='bbox 3303 1091 3404 1157; x_wconf 85' lang='lat' dir='ltr'><strong>ipsi</strong></span> 
     </span>
    </p>
   </div>
   <div class='ocr_carea' id='block_1_26' title="bbox 1835 1181 3428 1254">
    <p class='ocr_par' dir='ltr' id='par_1_26' title="bbox 1835 1181 3428 1254">
     <span class='ocr_line' id='line_1_26' title="bbox 1835 1181 3428 1254; baseline -0.001 -16"><span class='ocrx_word' id='word_1_178' title='bbox 1835 1185 2146 1239; x_wconf 79' lang='lat' dir='ltr'><strong>accuratius</strong></span> <span class='ocrx_word' id='word_1_179' title='bbox 2176 1199 2560 1254; x_wconf 82' lang='lat' dir='ltr'><strong>exsequamur,</strong></span> <span class='ocrx_word' id='word_1_180' title='bbox 2586 1189 2639 1237; x_wconf 86' lang='lat' dir='ltr'><strong>et</strong></span> <span class='ocrx_word' id='word_1_181' title='bbox 2660 1181 2780 1236; x_wconf 84' lang='lat' dir='ltr'><strong>aliis</strong></span> <span class='ocrx_word' id='word_1_182' title='bbox 2799 1181 3128 1252; x_wconf 75' lang='lat' dir='ltr'><strong>exsequendi</strong></span> <span class='ocrx_word' id='word_1_183' title='bbox 3153 1188 3428 1236; x_wconf 81' lang='lat' dir='ltr'><strong>auctores.</strong></span> 
     </span>
    </p>
   </div>
   <div class='ocr_carea' id='block_1_27' title="bbox 1836 1291 2026 1331">
    <p class='ocr_par' dir='ltr' id='par_1_27' title="bbox 1836 1291 2026 1331">
     <span class='ocr_line' id='line_1_27' title="bbox 1836 1291 2026 1331; baseline -0.011 -1"><span class='ocrx_word' id='word_1_184' title='bbox 1836 1291 2026 1331; x_wconf 70' lang='lat' dir='ltr'><strong>sxmus.</strong></span> 
     </span>
    </p>
   </div>
   <div class='ocr_carea' id='block_1_28' title="bbox 1907 1531 3407 1591">
    <p class='ocr_par' dir='ltr' id='par_1_28' title="bbox 1907 1531 3407 1591">
     <span class='ocr_line' id='line_1_28' title="bbox 1907 1531 3407 1591; baseline -0.003 -3"><span class='ocrx_word' id='word_1_185' title='bbox 1907 1533 2072 1588; x_wconf 71' lang='lat' dir='ltr'><strong>Vens.</strong></span> <span class='ocrx_word' id='word_1_186' title='bbox 2106 1535 2308 1591; x_wconf 62' lang='lat'><strong>49-51.</strong></span> <span class='ocrx_word' id='word_1_187' title='bbox 2347 1534 2548 1588; x_wconf 80' lang='lat' dir='ltr'><strong>Memor</strong></span> <span class='ocrx_word' id='word_1_188' title='bbox 2579 1542 2688 1588; x_wconf 89' lang='lat' dir='ltr'><strong>esto</strong></span> <span class='ocrx_word' id='word_1_189' title='bbox 2719 1531 2990 1586; x_wconf 84' lang='lat' dir='ltr'><strong>verborum</strong></span> <span class='ocrx_word' id='word_1_190' title='bbox 3021 1541 3230 1584; x_wconf 85' lang='lat' dir='ltr'><strong>tuorum</strong></span> <span class='ocrx_word' id='word_1_191' title='bbox 3264 1547 3407 1586; x_wconf 75' lang='lat' dir='ltr'><strong>servo</strong></span> 
     </span>
    </p>
   </div>
   <div class='ocr_carea' id='block_1_29' title="bbox 1838 1624 3407 1696">
    <p class='ocr_par' dir='ltr' id='par_1_29' title="bbox 1838 1624 3407 1696">
     <span class='ocr_line' id='line_1_29' title="bbox 1838 1624 3407 1696; baseline -0.003 -16"><span class='ocrx_word' id='word_1_192' title='bbox 1838 1637 1944 1692; x_wconf 87' lang='lat' dir='ltr'><strong>tuo,</strong></span> <span class='ocrx_word' id='word_1_193' title='bbox 1975 1628 2029 1680; x_wconf 89' lang='lat' dir='ltr'><strong>in</strong></span> <span class='ocrx_word' id='word_1_194' title='bbox 2057 1645 2158 1696; x_wconf 89' lang='lat' dir='ltr'><strong>quo</strong></span> <span class='ocrx_word' id='word_1_195' title='bbox 2189 1627 2316 1679; x_wconf 79' lang='lat' dir='ltr'><strong>mihi</strong></span> <span class='ocrx_word' id='word_1_196' title='bbox 2341 1642 2482 1694; x_wconf 86' lang='lat' dir='ltr'><strong>spem</strong></span> <span class='ocrx_word' id='word_1_197' title='bbox 2507 1625 2718 1680; x_wconf 79' lang='lat' dir='ltr'><strong>dedisti.</strong></span> <span class='ocrx_word' id='word_1_198' title='bbox 2756 1625 2884 1678; x_wconf 65' lang='lat' dir='ltr'><strong>Haec</strong></span> <span class='ocrx_word' id='word_1_199' title='bbox 2920 1641 2998 1677; x_wconf 84' lang='lat' dir='ltr'><strong>me</strong></span> <span class='ocrx_word' id='word_1_200' title='bbox 3027 1624 3298 1676; x_wconf 77' lang='lat' dir='ltr'><strong>consolala</strong></span> <span class='ocrx_word' id='word_1_201' title='bbox 3329 1633 3407 1677; x_wconf 72' lang='lat' dir='ltr'><strong>est</strong></span> 
     </span>
    </p>
   </div>
   <div class='ocr_carea' id='block_1_30' title="bbox 1835 1716 3408 1787">
    <p class='ocr_par' dir='ltr' id='par_1_30' title="bbox 1835 1716 3408 1787">
     <span class='ocr_line' id='line_1_30' title="bbox 1835 1716 3408 1787; baseline -0.005 -13"><span class='ocrx_word' id='word_1_202' title='bbox 1835 1721 1892 1774; x_wconf 89' lang='lat' dir='ltr'><strong>in</strong></span> <span class='ocrx_word' id='word_1_203' title='bbox 1929 1720 2224 1774; x_wconf 76' lang='lat' dir='ltr'><strong>humilitate</strong></span> <span class='ocrx_word' id='word_1_204' title='bbox 2253 1735 2390 1782; x_wconf 87' lang='lat' dir='ltr'><strong>mea,</strong></span> <span class='ocrx_word' id='word_1_205' title='bbox 2439 1718 2562 1786; x_wconf 84' lang='lat' dir='ltr'><strong>quia</strong></span> <span class='ocrx_word' id='word_1_206' title='bbox 2618 1718 2880 1787; x_wconf 81' lang='lat' dir='ltr'><strong>eloquium</strong></span> <span class='ocrx_word' id='word_1_207' title='bbox 2937 1725 3082 1768; x_wconf 88' lang='lat' dir='ltr'><strong>tuum</strong></span> <span class='ocrx_word' id='word_1_208' title='bbox 3129 1716 3408 1782; x_wconf 79' lang='lat' dir='ltr'><strong>viviﬁcavit</strong></span> 
     </span>
    </p>
   </div>
   <div class='ocr_carea' id='block_1_31' title="bbox 1835 1805 3410 1881">
    <p class='ocr_par' dir='ltr' id='par_1_31' title="bbox 1835 1805 3410 1881">
     <span class='ocr_line' id='line_1_31' title="bbox 1835 1805 3410 1881; baseline -0.005 -15"><span class='ocrx_word' id='word_1_209' title='bbox 1835 1829 1936 1866; x_wconf 85' lang='lat' dir='ltr'><strong>me.</strong></span> <span class='ocrx_word' id='word_1_210' title='bbox 1981 1812 2202 1881; x_wconf 80' lang='lat' dir='ltr'><strong>Superbi</strong></span> <span class='ocrx_word' id='word_1_211' title='bbox 2253 1813 2429 1881; x_wconf 88' lang='lat' dir='ltr'><strong>inique</strong></span> <span class='ocrx_word' id='word_1_212' title='bbox 2465 1805 2688 1880; x_wconf 82' lang='lat' dir='ltr'><strong>agebant</strong></span> <span class='ocrx_word' id='word_1_213' title='bbox 2729 1825 2888 1878; x_wconf 85' lang='lat' dir='ltr'><strong>usque</strong></span> <span class='ocrx_word' id='word_1_214' title='bbox 2919 1808 3087 1874; x_wconf 85' lang='lat' dir='ltr'><strong>valde,</strong></span> <span class='ocrx_word' id='word_1_215' title='bbox 3120 1826 3152 1860; x_wconf 88' lang='lat' dir='ltr'><strong>a</strong></span> <span class='ocrx_word' id='word_1_216' title='bbox 3183 1809 3288 1878; x_wconf 83' lang='lat' dir='ltr'><strong>lege</strong></span> <span class='ocrx_word' id='word_1_217' title='bbox 3319 1824 3410 1859; x_wconf 89' lang='lat' dir='ltr'><strong>au-</strong></span> 
     </span>
    </p>
   </div>
   <div class='ocr_carea' id='block_1_32' title="bbox 155 1887 1743 1989">
    <p class='ocr_par' dir='ltr' id='par_1_32' title="bbox 155 1887 1735 1989">
     <span class='ocr_line' id='line_1_32' title="bbox 155 1887 1735 1989; baseline -0.011 -14"><span class='ocrx_word' id='word_1_218' title='bbox 296 1932 411 1972; x_wconf 89' lang='grc' dir='ltr'>σου</span> <span class='ocrx_word' id='word_1_219' title='bbox 453 1887 564 1972; x_wconf 53' lang='grc' dir='ltr'><strong>οἶδέ</strong></span> <span class='ocrx_word' id='word_1_220' title='bbox 608 1887 922 1982; x_wconf 35' lang='grc' dir='ltr'><strong>ὲὲξέκλιναέ,</strong></span> <span class='ocrx_word' id='word_1_221' title='bbox 949 1887 1066 1973; x_wconf 57' lang='grc' dir='ltr'>Τίδν</span> <span class='ocrx_word' id='word_1_222' title='bbox 1095 1887 1417 1989; x_wconf 66' lang='grc' dir='ltr'>ἑτεροδόξων</span> <span class='ocrx_word' id='word_1_223' title='bbox 1447 1917 1735 1982; x_wconf 83' lang='grc' dir='ltr'>ἀλαζονευ..</span> 
     </span>
    </p>
   </div>
   <div class='ocr_carea' id='block_1_33' title="bbox 1851 1887 3410 1989">
    <p class='ocr_par' dir='ltr' id='par_1_33' title="bbox 1851 1898 3410 1967">
     <span class='ocr_line' id='line_1_33' title="bbox 1851 1898 3410 1967; baseline -0.005 -13"><span class='ocrx_word' id='word_1_224' title='bbox 1851 1912 1940 1957; x_wconf 72' lang='lat' dir='ltr'><strong>tem</strong></span> <span class='ocrx_word' id='word_1_225' title='bbox 1965 1911 2052 1955; x_wconf 87' lang='lat' dir='ltr'><strong>tua</strong></span> <span class='ocrx_word' id='word_1_226' title='bbox 2078 1919 2182 1956; x_wconf 89' lang='lat' dir='ltr'><strong>non</strong></span> <span class='ocrx_word' id='word_1_227' title='bbox 2204 1901 2477 1955; x_wconf 79' lang='lat' dir='ltr'><strong>declinavi.</strong></span> <span class='ocrx_word' id='word_1_228' title='bbox 2513 1899 2648 1953; x_wconf 87' lang='lat' dir='ltr'><strong>Cum</strong></span> <span class='ocrx_word' id='word_1_229' title='bbox 2679 1898 2992 1953; x_wconf 79' lang='lat' dir='ltr'><strong>heterodoxi</strong></span> <span class='ocrx_word' id='word_1_230' title='bbox 3017 1898 3250 1967; x_wconf 86' lang='lat' dir='ltr'><strong>superbe</strong></span> <span class='ocrx_word' id='word_1_231' title='bbox 3277 1911 3410 1950; x_wconf 84' lang='lat' dir='ltr'><strong>con-</strong></span> 
     </span>
    </p>
   </div>
   <div class='ocr_carea' id='block_1_34' title="bbox 163 2007 1736 2082">
    <p class='ocr_par' dir='ltr' id='par_1_34' title="bbox 163 2007 1736 2082">
     <span class='ocr_line' id='line_1_34' title="bbox 163 2007 1736 2082; baseline -0.001 -22"><span class='ocrx_word' id='word_1_232' title='bbox 163 2008 361 2078; x_wconf 81' lang='grc' dir='ltr'>ομὲνων</span> <span class='ocrx_word' id='word_1_233' title='bbox 406 2010 547 2063; x_wconf 79' lang='grc' dir='ltr'>κατὰ</span> <span class='ocrx_word' id='word_1_234' title='bbox 587 2010 680 2065; x_wconf 86' lang='grc' dir='ltr'>τοῦ</span> <span class='ocrx_word' id='word_1_235' title='bbox 731 2012 892 2080; x_wconf 79' lang='grc' dir='ltr'>νόμου</span> <span class='ocrx_word' id='word_1_236' title='bbox 917 2010 993 2082; x_wconf 81' lang='grc' dir='ltr'>τῷ</span> <span class='ocrx_word' id='word_1_237' title='bbox 1040 2010 1344 2064; x_wconf 75' lang='grc' dir='ltr'>διαϐάλλειν</span> <span class='ocrx_word' id='word_1_238' title='bbox 1379 2009 1536 2062; x_wconf 76' lang='grc' dir='ltr'>αὐτὸν</span> <span class='ocrx_word' id='word_1_239' title='bbox 1561 2050 1576 2074; x_wconf 92' lang='grc'><strong>,</strong></span> <span class='ocrx_word' id='word_1_240' title='bbox 1624 2007 1736 2076; x_wconf 76' lang='grc' dir='ltr'>ἐγὼ</span> 
     </span>
    </p>
   </div>
   <div class='ocr_carea' id='block_1_35' title="bbox 164 2100 1736 2173">
    <p class='ocr_par' dir='ltr' id='par_1_35' title="bbox 164 2100 1736 2173">
     <span class='ocr_line' id='line_1_35' title="bbox 164 2100 1736 2173; baseline 0 -21"><span class='ocrx_word' id='word_1_241' title='bbox 164 2100 360 2172; x_wconf 67' lang='grc' dir='ltr'>σφόδρα</span> <span class='ocrx_word' id='word_1_242' title='bbox 382 2102 483 2171; x_wconf 82' lang='grc' dir='ltr'><strong>τῆς</strong></span> <span class='ocrx_word' id='word_1_243' title='bbox 531 2101 772 2173; x_wconf 78' lang='grc' dir='ltr'>φυλακῆς</span> <span class='ocrx_word' id='word_1_244' title='bbox 806 2101 966 2154; x_wconf 81' lang='grc' dir='ltr'>αὐτοῦ</span> <span class='ocrx_word' id='word_1_245' title='bbox 1015 2102 1394 2172; x_wconf 80' lang='grc' dir='ltr'>περιειχόμην,</span> <span class='ocrx_word' id='word_1_246' title='bbox 1435 2101 1569 2172; x_wconf 81' lang='grc' dir='ltr'>μηδὲ</span> <span class='ocrx_word' id='word_1_247' title='bbox 1615 2101 1736 2153; x_wconf 83' lang='grc' dir='ltr'>κατ’</span> 
     </span>
    </p>
   </div>
   <div class='ocr_carea' id='block_1_36' title="bbox 161 2191 1740 2266">
    <p class='ocr_par' dir='ltr' id='par_1_36' title="bbox 161 2191 1740 2266">
     <span class='ocr_line' id='line_1_36' title="bbox 161 2191 1740 2266; baseline 0.003 -24"><span class='ocrx_word' id='word_1_248' title='bbox 161 2191 328 2260; x_wconf 86' lang='grc' dir='ltr'>ὀλίγον</span> <span class='ocrx_word' id='word_1_249' title='bbox 357 2193 616 2263; x_wconf 81' lang='grc' dir='ltr'>κλονῆσαι</span> <span class='ocrx_word' id='word_1_250' title='bbox 641 2195 738 2265; x_wconf 87' lang='grc' dir='ltr'>τὴν</span> <span class='ocrx_word' id='word_1_251' title='bbox 769 2195 902 2266; x_wconf 80' lang='grc' dir='ltr'><strong>πρὸς</strong></span> <span class='ocrx_word' id='word_1_252' title='bbox 928 2193 1087 2248; x_wconf 70' lang='grc' dir='ltr'>αὐτὸν</span> <span class='ocrx_word' id='word_1_253' title='bbox 1125 2193 1519 2262; x_wconf 72' lang='grc' dir='ltr'><strong>συγκατάθεσιν</strong></span> <span class='ocrx_word' id='word_1_254' title='bbox 1551 2193 1740 2262; x_wconf 86' lang='grc' dir='ltr'>ἀνεχό-</span> 
     </span>
    </p>
   </div>
   <div class='ocr_carea' id='block_1_37' title="bbox 163 2283 1735 2354">
    <p class='ocr_par' dir='ltr' id='par_1_37' title="bbox 163 2283 1735 2354">
     <span class='ocr_line' id='line_1_37' title="bbox 163 2283 1735 2354; baseline 0.001 -19"><span class='ocrx_word' id='word_1_255' title='bbox 163 2299 338 2354; x_wconf 84' lang='grc' dir='ltr'>μενος.</span> <span class='ocrx_word' id='word_1_256' title='bbox 385 2285 727 2353; x_wconf 80' lang='grc' dir='ltr'><strong>Ἐμνήσθην</strong></span> <span class='ocrx_word' id='word_1_257' title='bbox 759 2283 876 2338; x_wconf 83' lang='grc' dir='ltr'><strong>τῶν</strong></span> <span class='ocrx_word' id='word_1_258' title='bbox 914 2285 1209 2354; x_wconf 64' lang='grc' dir='ltr'>χριμάτων</span> <span class='ocrx_word' id='word_1_259' title='bbox 1235 2301 1350 2338; x_wconf 79' lang='grc' dir='ltr'>σου</span> <span class='ocrx_word' id='word_1_260' title='bbox 1376 2285 1476 2338; x_wconf 72' lang='grc' dir='ltr'><strong>ἀπ’</strong></span> <span class='ocrx_word' id='word_1_261' title='bbox 1501 2283 1735 2350; x_wconf 80' lang='grc' dir='ltr'>αἰῶνος,</span> 
     </span>
    </p>
   </div>
   <div class='ocr_carea' id='block_1_38' title="bbox 161 2375 1738 2447">
    <p class='ocr_par' dir='ltr' id='par_1_38' title="bbox 161 2375 1738 2447">
     <span class='ocr_line' id='line_1_38' title="bbox 161 2375 1738 2447; baseline 0 -19"><span class='ocrx_word' id='word_1_262' title='bbox 161 2377 350 2442; x_wconf 79' lang='grc' dir='ltr'>Κύριε,</span> <span class='ocrx_word' id='word_1_263' title='bbox 375 2377 474 2429; x_wconf 79' lang='grc' dir='ltr'>καὶ</span> <span class='ocrx_word' id='word_1_264' title='bbox 499 2377 904 2446; x_wconf 77' lang='grc' dir='ltr'><strong>παρεκλήθην.</strong></span> <span class='ocrx_word' id='word_1_265' title='bbox 957 2377 1199 2447; x_wconf 82' lang='grc' dir='ltr'>Ἀθυμία</span> <span class='ocrx_word' id='word_1_266' title='bbox 1235 2377 1493 2445; x_wconf 83' lang='grc' dir='ltr'><strong>κατέσχε</strong></span> <span class='ocrx_word' id='word_1_267' title='bbox 1517 2391 1592 2444; x_wconf 77' lang='grc' dir='ltr'><strong>με</strong></span> <span class='ocrx_word' id='word_1_268' title='bbox 1620 2375 1738 2428; x_wconf 78' lang='grc' dir='ltr'><strong>ἀπὸ</strong></span> 
     </span>
    </p>
   </div>
   <div class='ocr_carea' id='block_1_39' title="bbox 161 2467 1741 2536">
    <p class='ocr_par' dir='ltr' id='par_1_39' title="bbox 161 2467 1741 2536">
     <span class='ocr_line' id='line_1_39' title="bbox 161 2467 1741 2536; baseline 0.001 -18"><span class='ocrx_word' id='word_1_269' title='bbox 161 2467 518 2534; x_wconf 71' lang='grc' dir='ltr'>ἁμαρτωλῶν</span> <span class='ocrx_word' id='word_1_270' title='bbox 561 2467 678 2520; x_wconf 86' lang='grc' dir='ltr'><strong>τῶν</strong></span> <span class='ocrx_word' id='word_1_271' title='bbox 722 2468 1366 2536; x_wconf 72' lang='grc' dir='ltr'>ἑγκαταῑιμπανόντων</span> <span class='ocrx_word' id='word_1_272' title='bbox 1411 2467 1517 2521; x_wconf 80' lang='grc' dir='ltr'><em>τὸν</em></span> <span class='ocrx_word' id='word_1_273' title='bbox 1553 2467 1741 2535; x_wconf 83' lang='grc' dir='ltr'>νόμον</span> 
     </span>
    </p>
   </div>
   <div class='ocr_carea' id='block_1_40' title="bbox 161 2557 1742 2630">
    <p class='ocr_par' dir='ltr' id='par_1_40' title="bbox 161 2557 1742 2630">
     <span class='ocr_line' id='line_1_40' title="bbox 161 2557 1742 2630; baseline 0.003 -20"><span class='ocrx_word' id='word_1_274' title='bbox 161 2573 292 2614; x_wconf 89' lang='grc' dir='ltr'>σου.</span> <span class='ocrx_word' id='word_1_275' title='bbox 333 2561 540 2613; x_wconf 84' lang='grc' dir='ltr'><em>Ψαλτὰ</em></span> <span class='ocrx_word' id='word_1_276' title='bbox 564 2557 727 2630; x_wconf 77' lang='grc' dir='ltr'>ἦσαν</span> <span class='ocrx_word' id='word_1_277' title='bbox 743 2579 844 2629; x_wconf 88' lang='grc' dir='ltr'><strong>μοι</strong></span> <span class='ocrx_word' id='word_1_278' title='bbox 870 2561 942 2614; x_wconf 85' lang='grc' dir='ltr'><em>τὰ</em></span> <span class='ocrx_word' id='word_1_279' title='bbox 969 2559 1326 2628; x_wconf 79' lang='grc' dir='ltr'>δικαιώματά</span> <span class='ocrx_word' id='word_1_280' title='bbox 1347 2573 1464 2614; x_wconf 87' lang='grc' dir='ltr'>σου</span> <span class='ocrx_word' id='word_1_281' title='bbox 1492 2560 1561 2613; x_wconf 85' lang='grc' dir='ltr'><strong>ἐν</strong></span> <span class='ocrx_word' id='word_1_282' title='bbox 1581 2562 1742 2628; x_wconf 79' lang='grc' dir='ltr'><strong>τόπῳ</strong></span> 
     </span>
    </p>
   </div>
   <div class='ocr_carea' id='block_1_41' title="bbox 163 2650 1742 2720">
    <p class='ocr_par' dir='ltr' id='par_1_41' title="bbox 163 2650 1742 2720">
     <span class='ocr_line' id='line_1_41' title="bbox 163 2650 1742 2720; baseline 0.002 -19"><span class='ocrx_word' id='word_1_283' title='bbox 163 2650 468 2716; x_wconf 79' lang='grc' dir='ltr'><strong>παροικίας</strong></span> <span class='ocrx_word' id='word_1_284' title='bbox 503 2669 643 2719; x_wconf 87' lang='grc' dir='ltr'>μου.</span> <span class='ocrx_word' id='word_1_285' title='bbox 688 2651 1036 2720; x_wconf 83' lang='grc' dir='ltr'><strong>Ἐμνήσθην</strong></span> <span class='ocrx_word' id='word_1_286' title='bbox 1073 2652 1144 2704; x_wconf 84' lang='grc' dir='ltr'><strong>ἐν</strong></span> <span class='ocrx_word' id='word_1_287' title='bbox 1188 2651 1358 2704; x_wconf 83' lang='grc' dir='ltr'>νυκτὶ</span> <span class='ocrx_word' id='word_1_288' title='bbox 1393 2651 1498 2704; x_wconf 87' lang='grc' dir='ltr'><strong>τοῦ</strong></span> <span class='ocrx_word' id='word_1_289' title='bbox 1530 2652 1742 2720; x_wconf 84' lang='grc' dir='ltr'><strong>ὀνόμα-</strong></span> 
     </span>
    </p>
   </div>
   <div class='ocr_carea' id='block_1_42' title="bbox 162 2739 1744 2810">
    <p class='ocr_par' dir='ltr' id='par_1_42' title="bbox 162 2739 1744 2810">
     <span class='ocr_line' id='line_1_42' title="bbox 162 2739 1744 2810; baseline 0.003 -20"><span class='ocrx_word' id='word_1_290' title='bbox 162 2739 259 2802; x_wconf 81' lang='grc' dir='ltr'><strong>τός</strong></span> <span class='ocrx_word' id='word_1_291' title='bbox 280 2753 417 2802; x_wconf 88' lang='grc' dir='ltr'>σου,</span> <span class='ocrx_word' id='word_1_292' title='bbox 453 2740 646 2808; x_wconf 85' lang='grc' dir='ltr'>Κύριε,</span> <span class='ocrx_word' id='word_1_293' title='bbox 682 2741 778 2793; x_wconf 78' lang='grc' dir='ltr'>καὶ</span> <span class='ocrx_word' id='word_1_294' title='bbox 813 2739 1088 2808; x_wconf 64' lang='grc' dir='ltr'><strong>ἐφύλαξα</strong></span> <span class='ocrx_word' id='word_1_295' title='bbox 1119 2740 1224 2793; x_wconf 82' lang='grc' dir='ltr'><strong>τὸν</strong></span> <span class='ocrx_word' id='word_1_296' title='bbox 1247 2741 1436 2810; x_wconf 88' lang='grc' dir='ltr'>νόμον</span> <span class='ocrx_word' id='word_1_297' title='bbox 1465 2757 1601 2794; x_wconf 90' lang='grc' dir='ltr'>σου.</span> <span class='ocrx_word' id='word_1_298' title='bbox 1629 2741 1744 2794; x_wconf 84' lang='grc' dir='ltr'><strong>Αὕ-</strong></span> 
     </span>
    </p>
   </div>
   <div class='ocr_carea' id='block_1_43' title="bbox 161 2827 1738 2899">
    <p class='ocr_par' dir='ltr' id='par_1_43' title="bbox 161 2827 1738 2899">
     <span class='ocr_line' id='line_1_43' title="bbox 161 2827 1738 2899; baseline 0.005 -22"><span class='ocrx_word' id='word_1_299' title='bbox 161 2841 229 2894; x_wconf 80' lang='grc' dir='ltr'><strong>τη</strong></span> <span class='ocrx_word' id='word_1_300' title='bbox 251 2827 502 2894; x_wconf 69' lang='grc' dir='ltr'><strong>ἐγενήθη</strong></span> <span class='ocrx_word' id='word_1_301' title='bbox 524 2847 643 2897; x_wconf 90' lang='grc' dir='ltr'>μοι,</span> <span class='ocrx_word' id='word_1_302' title='bbox 669 2830 756 2884; x_wconf 83' lang='grc' dir='ltr'>ὅτι</span> <span class='ocrx_word' id='word_1_303' title='bbox 785 2831 855 2883; x_wconf 85' lang='grc' dir='ltr'><em>τὰ</em></span> <span class='ocrx_word' id='word_1_304' title='bbox 879 2829 1232 2898; x_wconf 80' lang='grc' dir='ltr'>δικαιώματά</span> <span class='ocrx_word' id='word_1_305' title='bbox 1257 2845 1372 2884; x_wconf 86' lang='grc' dir='ltr'>σου</span> <span class='ocrx_word' id='word_1_306' title='bbox 1395 2829 1738 2899; x_wconf 76' lang='grc' dir='ltr'><strong>ἑξεζήτησα.</strong></span> 
     </span>
    </p>
   </div>
   <div class='ocr_carea' id='block_1_44' title="bbox 228 2916 1744 2990">
    <p class='ocr_par' dir='ltr' id='par_1_44' title="bbox 228 2916 1744 2990">
     <span class='ocr_line' id='line_1_44' title="bbox 228 2916 1744 2990; baseline 0.004 -20"><span class='ocrx_word' id='word_1_307' title='bbox 228 2918 410 2984; x_wconf 84' lang='grc' dir='ltr'>Μερίς</span> <span class='ocrx_word' id='word_1_308' title='bbox 429 2936 549 2987; x_wconf 91' lang='grc' dir='ltr'>μου</span> <span class='ocrx_word' id='word_1_309' title='bbox 577 2916 650 2982; x_wconf 81' lang='grc' dir='ltr'>εἷ,</span> <span class='ocrx_word' id='word_1_310' title='bbox 681 2920 855 2986; x_wconf 74' lang='grc' dir='ltr'>Κύριε</span> <span class='ocrx_word' id='word_1_311' title='bbox 873 2937 886 2950; x_wconf 90' lang='grc'>·</span> <span class='ocrx_word' id='word_1_312' title='bbox 928 2917 1067 2974; x_wconf 78' lang='grc' dir='ltr'>εἶπα</span> <span class='ocrx_word' id='word_1_313' title='bbox 1096 2921 1480 2990; x_wconf 71' lang='grc' dir='ltr'>φυλάξασθαι</span> <span class='ocrx_word' id='word_1_314' title='bbox 1512 2921 1618 2973; x_wconf 80' lang='grc' dir='ltr'><strong>τὸν</strong></span> <span class='ocrx_word' id='word_1_315' title='bbox 1645 2923 1744 2976; x_wconf 81' lang='grc' dir='ltr'><strong>νό-</strong></span> 
     </span>
    </p>
   </div>
   <div class='ocr_carea' id='block_1_45' title="bbox 159 3009 1742 3082">
    <p class='ocr_par' dir='ltr' id='par_1_45' title="bbox 159 3009 1742 3082">
     <span class='ocr_line' id='line_1_45' title="bbox 159 3009 1742 3082; baseline 0.003 -23"><span class='ocrx_word' id='word_1_316' title='bbox 159 3023 273 3074; x_wconf 77' lang='grc' dir='ltr'><strong>μον</strong></span> <span class='ocrx_word' id='word_1_317' title='bbox 296 3023 434 3060; x_wconf 89' lang='grc' dir='ltr'>σου.</span> <span class='ocrx_word' id='word_1_318' title='bbox 473 3009 530 3060; x_wconf 92' lang='lat'><strong>&#39;0</strong></span> <span class='ocrx_word' id='word_1_319' title='bbox 560 3009 967 3080; x_wconf 79' lang='grc' dir='ltr'>ἀποταξάμενος</span> <span class='ocrx_word' id='word_1_320' title='bbox 993 3013 1106 3074; x_wconf 85' lang='grc' dir='ltr'>τοῖς</span> <span class='ocrx_word' id='word_1_321' title='bbox 1134 3010 1408 3080; x_wconf 79' lang='grc' dir='ltr'>βιωτικοῖς</span> <span class='ocrx_word' id='word_1_322' title='bbox 1431 3011 1742 3082; x_wconf 80' lang='grc' dir='ltr'>πράγμασι,</span> 
     </span>
    </p>
   </div>
   <div class='ocr_carea' id='block_1_46' title="bbox 167 3098 1746 3174">
    <p class='ocr_par' dir='ltr' id='par_1_46' title="bbox 167 3098 1746 3174">
     <span class='ocr_line' id='line_1_46' title="bbox 167 3098 1746 3174; baseline 0.003 -20"><span class='ocrx_word' id='word_1_323' title='bbox 167 3102 256 3154; x_wconf 74' lang='grc' dir='ltr'>καὶ</span> <span class='ocrx_word' id='word_1_324' title='bbox 288 3098 558 3174; x_wconf 79' lang='grc' dir='ltr'>μηδεμίαν</span> <span class='ocrx_word' id='word_1_325' title='bbox 589 3101 726 3173; x_wconf 73' lang='grc' dir='ltr'>ἔχων</span> <span class='ocrx_word' id='word_1_326' title='bbox 755 3103 947 3174; x_wconf 78' lang='grc' dir='ltr'>μερίδα</span> <span class='ocrx_word' id='word_1_327' title='bbox 971 3103 1063 3156; x_wconf 74' lang='grc' dir='ltr'><strong>ἐπὶ</strong></span> <span class='ocrx_word' id='word_1_328' title='bbox 1086 3102 1210 3172; x_wconf 80' lang='grc' dir='ltr'>γῆς,</span> <span class='ocrx_word' id='word_1_329' title='bbox 1245 3102 1368 3173; x_wconf 82' lang='grc' dir='ltr'>μηδ’</span> <span class='ocrx_word' id='word_1_330' title='bbox 1384 3103 1442 3156; x_wconf 84' lang='grc' dir='ltr'>ὲν</span> <span class='ocrx_word' id='word_1_331' title='bbox 1467 3101 1546 3172; x_wconf 82' lang='grc' dir='ltr'>τῷ</span> <span class='ocrx_word' id='word_1_332' title='bbox 1571 3101 1746 3158; x_wconf 86' lang='grc' dir='ltr'>θέλειν</span> 
     </span>
    </p>
   </div>
   <div class='ocr_carea' id='block_1_47' title="bbox 1837 1985 3411 2064">
    <p class='ocr_par' dir='ltr' id='par_1_47' title="bbox 1837 1985 3411 2064">
     <span class='ocr_line' id='line_1_47' title="bbox 1837 1985 3411 2064; baseline -0.008 -14"><span class='ocrx_word' id='word_1_333' title='bbox 1837 2003 1920 2050; x_wconf 89' lang='lat' dir='ltr'><strong>tra</strong></span> <span class='ocrx_word' id='word_1_334' title='bbox 1955 1995 2126 2064; x_wconf 77' lang='lat' dir='ltr'><strong>legem</strong></span> <span class='ocrx_word' id='word_1_335' title='bbox 2161 2001 2403 2064; x_wconf 79' lang='lat' dir='ltr'><strong>agerent,</strong></span> <span class='ocrx_word' id='word_1_336' title='bbox 2439 1998 2498 2045; x_wconf 92' lang='lat' dir='ltr'><strong>ut</strong></span> <span class='ocrx_word' id='word_1_337' title='bbox 2551 2003 2670 2045; x_wconf 90' lang='lat' dir='ltr'><strong>eam</strong></span> <span class='ocrx_word' id='word_1_338' title='bbox 2717 1988 3086 2050; x_wconf 79' lang='lat' dir='ltr'><strong>traducerent,</strong></span> <span class='ocrx_word' id='word_1_339' title='bbox 3142 2002 3244 2054; x_wconf 82' lang='lat' dir='ltr'><strong>ego</strong></span> <span class='ocrx_word' id='word_1_340' title='bbox 3291 1985 3411 2052; x_wconf 82' lang='lat' dir='ltr'><strong>ejus</strong></span> 
     </span>
    </p>
   </div>
   <div class='ocr_carea' id='block_1_48' title="bbox 1838 2081 3410 2147">
    <p class='ocr_par' dir='ltr' id='par_1_48' title="bbox 1838 2081 3410 2147">
     <span class='ocr_line' id='line_1_48' title="bbox 1838 2081 3410 2147; baseline -0.009 -3"><span class='ocrx_word' id='word_1_341' title='bbox 1838 2085 2204 2144; x_wconf 84' lang='lat' dir='ltr'><strong>observationi</strong></span> <span class='ocrx_word' id='word_1_342' title='bbox 2255 2083 2546 2140; x_wconf 86' lang='lat' dir='ltr'><strong>admodum</strong></span> <span class='ocrx_word' id='word_1_343' title='bbox 2597 2081 2977 2146; x_wconf 87' lang='lat' dir='ltr'><strong>attendebam,</strong></span> <span class='ocrx_word' id='word_1_344' title='bbox 3035 2095 3214 2134; x_wconf 88' lang='lat' dir='ltr'><strong>meum</strong></span> <span class='ocrx_word' id='word_1_345' title='bbox 3281 2093 3410 2147; x_wconf 75' lang='lat' dir='ltr'><strong>erga</strong></span> 
     </span>
    </p>
   </div>
   <div class='ocr_carea' id='block_1_49' title="bbox 1839 2171 3409 2242">
    <p class='ocr_par' dir='ltr' id='par_1_49' title="bbox 1839 2171 3409 2242">
     <span class='ocr_line' id='line_1_49' title="bbox 1839 2171 3409 2242; baseline -0.009 -8"><span class='ocrx_word' id='word_1_346' title='bbox 1839 2182 1986 2235; x_wconf 86' lang='lat' dir='ltr'><strong>illam</strong></span> <span class='ocrx_word' id='word_1_347' title='bbox 2014 2177 2262 2232; x_wconf 81' lang='lat' dir='ltr'><strong>affectum</strong></span> <span class='ocrx_word' id='word_1_348' title='bbox 2298 2191 2367 2230; x_wconf 88' lang='lat' dir='ltr'><strong>ne</strong></span> <span class='ocrx_word' id='word_1_349' title='bbox 2409 2175 2692 2228; x_wconf 89' lang='lat' dir='ltr'><strong>minimum</strong></span> <span class='ocrx_word' id='word_1_350' title='bbox 2742 2173 2960 2242; x_wconf 86' lang='lat' dir='ltr'><strong>quidem</strong></span> <span class='ocrx_word' id='word_1_351' title='bbox 3011 2171 3250 2224; x_wconf 82' lang='lat' dir='ltr'><strong>titubare</strong></span> <span class='ocrx_word' id='word_1_352' title='bbox 3285 2185 3409 2238; x_wconf 86' lang='lat' dir='ltr'><strong>per-</strong></span> 
     </span>
    </p>
   </div>
   <div class='ocr_carea' id='block_1_50' title="bbox 1837 2263 3412 2333">
    <p class='ocr_par' dir='ltr' id='par_1_50' title="bbox 1837 2263 3412 2333">
     <span class='ocr_line' id='line_1_50' title="bbox 1837 2263 3412 2333; baseline -0.01 -5"><span class='ocrx_word' id='word_1_353' title='bbox 1837 2275 2079 2328; x_wconf 88' lang='lat' dir='ltr'><strong>mittens.</strong></span> <span class='ocrx_word' id='word_1_354' title='bbox 2130 2303 2200 2312; x_wconf 91' lang='lat'><strong>-—</strong></span> <span class='ocrx_word' id='word_1_355' title='bbox 2249 2269 2411 2323; x_wconf 72' lang='lat' dir='ltr'><strong>Vens.</strong></span> <span class='ocrx_word' id='word_1_356' title='bbox 2447 2267 2660 2322; x_wconf 72' lang='lat'><strong>52—56.</strong></span> <span class='ocrx_word' id='word_1_357' title='bbox 2710 2265 2914 2318; x_wconf 80' lang='lat' dir='ltr'><strong>Memor</strong></span> <span class='ocrx_word' id='word_1_358' title='bbox 2965 2265 3042 2333; x_wconf 78' lang='lat' dir='ltr'><strong>fui</strong></span> <span class='ocrx_word' id='word_1_359' title='bbox 3089 2263 3412 2332; x_wconf 83' lang='lat' dir='ltr'><strong>judiciorum</strong></span> 
     </span>
    </p>
   </div>
   <div class='ocr_carea' id='block_1_51' title="bbox 1842 2353 3414 2424">
    <p class='ocr_par' dir='ltr' id='par_1_51' title="bbox 1842 2353 3414 2424">
     <span class='ocr_line' id='line_1_51' title="bbox 1842 2353 3414 2424; baseline -0.009 -4"><span class='ocrx_word' id='word_1_360' title='bbox 1842 2376 2051 2420; x_wconf 85' lang='lat' dir='ltr'><strong>tuorum</strong></span> <span class='ocrx_word' id='word_1_361' title='bbox 2085 2383 2117 2417; x_wconf 91' lang='lat' dir='ltr'><strong>a</strong></span> <span class='ocrx_word' id='word_1_362' title='bbox 2149 2363 2362 2424; x_wconf 77' lang='lat' dir='ltr'><strong>swculo,</strong></span> <span class='ocrx_word' id='word_1_363' title='bbox 2395 2362 2634 2423; x_wconf 85' lang='lat' dir='ltr'><strong>Domine,</strong></span> <span class='ocrx_word' id='word_1_364' title='bbox 2675 2371 2722 2413; x_wconf 88' lang='lat' dir='ltr'><strong>et</strong></span> <span class='ocrx_word' id='word_1_365' title='bbox 2754 2359 3058 2413; x_wconf 79' lang='lat' dir='ltr'><strong>consolatus</strong></span> <span class='ocrx_word' id='word_1_366' title='bbox 3087 2373 3222 2409; x_wconf 89' lang='lat' dir='ltr'><strong>sum.</strong></span> <span class='ocrx_word' id='word_1_367' title='bbox 3256 2353 3414 2423; x_wconf 81' lang='lat' dir='ltr'><strong>Defe-</strong></span> 
     </span>
    </p>
   </div>
   <div class='ocr_carea' id='block_1_52' title="bbox 1841 2445 3414 2523">
    <p class='ocr_par' dir='ltr' id='par_1_52' title="bbox 1841 2445 3414 2523">
     <span class='ocr_line' id='line_1_52' title="bbox 1841 2445 3414 2523; baseline -0.01 -12"><span class='ocrx_word' id='word_1_368' title='bbox 1841 2458 1944 2512; x_wconf 87' lang='lat' dir='ltr'><strong>ctio</strong></span> <span class='ocrx_word' id='word_1_369' title='bbox 1976 2457 2140 2510; x_wconf 82' lang='lat' dir='ltr'><strong>tenuit</strong></span> <span class='ocrx_word' id='word_1_370' title='bbox 2187 2471 2266 2507; x_wconf 90' lang='lat' dir='ltr'><strong>me</strong></span> <span class='ocrx_word' id='word_1_371' title='bbox 2303 2469 2397 2523; x_wconf 87' lang='lat' dir='ltr'><strong>pro</strong></span> <span class='ocrx_word' id='word_1_372' title='bbox 2427 2451 2784 2520; x_wconf 83' lang='lat' dir='ltr'><strong>peccatoribus</strong></span> <span class='ocrx_word' id='word_1_373' title='bbox 2817 2445 3292 2518; x_wconf 85' lang='lat' dir='ltr'><strong>derelinquentibus</strong></span> <span class='ocrx_word' id='word_1_374' title='bbox 3342 2447 3414 2497; x_wconf 88' lang='lat' dir='ltr'><strong>le—</strong></span> 
     </span>
    </p>
   </div>
   <div class='ocr_carea' id='block_1_53' title="bbox 1839 2540 3416 2621">
    <p class='ocr_par' dir='ltr' id='par_1_53' title="bbox 1839 2540 3416 2621">
     <span class='ocr_line' id='line_1_53' title="bbox 1839 2540 3416 2621; baseline -0.01 -18"><span class='ocrx_word' id='word_1_375' title='bbox 1839 2566 1952 2621; x_wconf 86' lang='lat' dir='ltr'><strong>gem</strong></span> <span class='ocrx_word' id='word_1_376' title='bbox 1989 2557 2154 2602; x_wconf 88' lang='lat' dir='ltr'><strong>tuam.</strong></span> <span class='ocrx_word' id='word_1_377' title='bbox 2190 2545 2490 2600; x_wconf 85' lang='lat' dir='ltr'><strong>Cantabiles</strong></span> <span class='ocrx_word' id='word_1_378' title='bbox 2523 2544 2650 2596; x_wconf 80' lang='lat' dir='ltr'><strong>miln</strong></span> <span class='ocrx_word' id='word_1_379' title='bbox 2683 2549 2832 2597; x_wconf 88' lang='lat' dir='ltr'><strong>erant</strong></span> <span class='ocrx_word' id='word_1_380' title='bbox 2867 2540 3278 2610; x_wconf 86' lang='lat' dir='ltr'><strong>justiﬁcationes</strong></span> <span class='ocrx_word' id='word_1_381' title='bbox 3312 2547 3416 2590; x_wconf 66' lang='lat' dir='ltr'><strong>tute</strong></span> 
     </span>
    </p>
   </div>
   <div class='ocr_carea' id='block_1_54' title="bbox 1841 2629 3415 2707">
    <p class='ocr_par' dir='ltr' id='par_1_54' title="bbox 1841 2629 3415 2707">
     <span class='ocr_line' id='line_1_54' title="bbox 1841 2629 3415 2707; baseline -0.01 -13"><span class='ocrx_word' id='word_1_382' title='bbox 1841 2643 1894 2694; x_wconf 84' lang='lat' dir='ltr'><strong>in</strong></span> <span class='ocrx_word' id='word_1_383' title='bbox 1924 2642 2035 2694; x_wconf 91' lang='lat' dir='ltr'><strong>loco</strong></span> <span class='ocrx_word' id='word_1_384' title='bbox 2058 2637 2492 2707; x_wconf 82' lang='lat' dir='ltr'><strong>peregrinationis</strong></span> <span class='ocrx_word' id='word_1_385' title='bbox 2524 2650 2671 2689; x_wconf 67' lang='lat' dir='ltr'><strong>meae.</strong></span> <span class='ocrx_word' id='word_1_386' title='bbox 2691 2633 2895 2687; x_wconf 79' lang='lat' dir='ltr'><strong>Memor</strong></span> <span class='ocrx_word' id='word_1_387' title='bbox 2927 2633 3006 2701; x_wconf 82' lang='lat' dir='ltr'><strong>fui</strong></span> <span class='ocrx_word' id='word_1_388' title='bbox 3023 2640 3171 2684; x_wconf 88' lang='lat' dir='ltr'><strong>nocte</strong></span> <span class='ocrx_word' id='word_1_389' title='bbox 3188 2629 3415 2682; x_wconf 86' lang='lat' dir='ltr'><strong>nominis</strong></span> 
     </span>
    </p>
   </div>
   <div class='ocr_carea' id='block_1_55' title="bbox 1845 2722 3416 2796">
    <p class='ocr_par' dir='ltr' id='par_1_55' title="bbox 1845 2722 3416 2796">
     <span class='ocr_line' id='line_1_55' title="bbox 1845 2722 3416 2796; baseline -0.01 -10"><span class='ocrx_word' id='word_1_390' title='bbox 1845 2734 1939 2794; x_wconf 87' lang='lat' dir='ltr'><strong>tui,</strong></span> <span class='ocrx_word' id='word_1_391' title='bbox 1975 2732 2218 2793; x_wconf 89' lang='lat' dir='ltr'><strong>Domine,</strong></span> <span class='ocrx_word' id='word_1_392' title='bbox 2251 2739 2299 2783; x_wconf 87' lang='lat' dir='ltr'><strong>et</strong></span> <span class='ocrx_word' id='word_1_393' title='bbox 2338 2727 2594 2782; x_wconf 72' lang='lat' dir='ltr'><strong>custodiri</strong></span> <span class='ocrx_word' id='word_1_394' title='bbox 2631 2727 2792 2796; x_wconf 85' lang='lat' dir='ltr'><strong>legem</strong></span> <span class='ocrx_word' id='word_1_395' title='bbox 2819 2735 2983 2778; x_wconf 75' lang='lat' dir='ltr'><strong>tuam;</strong></span> <span class='ocrx_word' id='word_1_396' title='bbox 3027 2723 3154 2776; x_wconf 67' lang='grc' dir='ltr'><em>Παῖς</em></span> <span class='ocrx_word' id='word_1_397' title='bbox 3173 2722 3316 2790; x_wconf 76' lang='lat' dir='ltr'><strong>facta</strong></span> <span class='ocrx_word' id='word_1_398' title='bbox 3339 2733 3416 2773; x_wconf 88' lang='lat' dir='ltr'><strong>est</strong></span> 
     </span>
    </p>
   </div>
   <div class='ocr_carea' id='block_1_56' title="bbox 1843 2815 3052 2892">
    <p class='ocr_par' dir='ltr' id='par_1_56' title="bbox 1843 2815 3052 2892">
     <span class='ocr_line' id='line_1_56' title="bbox 1843 2815 3052 2892; baseline -0.007 -15"><span class='ocrx_word' id='word_1_399' title='bbox 1843 2824 1992 2886; x_wconf 83' lang='lat' dir='ltr'><strong>mihi,</strong></span> <span class='ocrx_word' id='word_1_400' title='bbox 2033 2827 2158 2892; x_wconf 82' lang='lat' dir='ltr'><strong>quia</strong></span> <span class='ocrx_word' id='word_1_401' title='bbox 2182 2821 2594 2890; x_wconf 80' lang='lat' dir='ltr'><strong>justiﬁcationes</strong></span> <span class='ocrx_word' id='word_1_402' title='bbox 2627 2831 2744 2872; x_wconf 85' lang='lat' dir='ltr'><strong>tuas</strong></span> <span class='ocrx_word' id='word_1_403' title='bbox 2773 2815 3052 2885; x_wconf 74' lang='lat' dir='ltr'><strong>exquisivi.</strong></span> 
     </span>
    </p>
   </div>
   <div class='ocr_carea' id='block_1_57' title="bbox 1915 2905 3408 2976">
    <p class='ocr_par' dir='ltr' id='par_1_57' title="bbox 1915 2905 3408 2976">
     <span class='ocr_line' id='line_1_57' title="bbox 1915 2905 3408 2976; baseline -0.009 -8"><span class='ocrx_word' id='word_1_404' title='bbox 1915 2913 2080 2970; x_wconf 73' lang='lat' dir='ltr'><strong>Vens.</strong></span> <span class='ocrx_word' id='word_1_405' title='bbox 2128 2914 2217 2969; x_wconf 84' lang='lat'><strong>57.</strong></span> <span class='ocrx_word' id='word_1_406' title='bbox 2257 2913 2448 2967; x_wconf 86' lang='lat' dir='ltr'><strong>Portio</strong></span> <span class='ocrx_word' id='word_1_407' title='bbox 2504 2927 2620 2964; x_wconf 86' lang='lat' dir='ltr'><strong>mea</strong></span> <span class='ocrx_word' id='word_1_408' title='bbox 2659 2927 2734 2976; x_wconf 88' lang='lat' dir='ltr'><strong>es,</strong></span> <span class='ocrx_word' id='word_1_409' title='bbox 2777 2909 2997 2962; x_wconf 86' lang='lat' dir='ltr'><strong>Domine</strong></span> <span class='ocrx_word' id='word_1_410' title='bbox 3033 2922 3050 2960; x_wconf 92' lang='lat'><em>:</em></span> <span class='ocrx_word' id='word_1_411' title='bbox 3081 2905 3197 2958; x_wconf 70' lang='lat' dir='ltr'><strong>dixi</strong></span> <span class='ocrx_word' id='word_1_412' title='bbox 3236 2913 3408 2957; x_wconf 87' lang='lat' dir='ltr'><strong>custo-</strong></span> 
     </span>
    </p>
   </div>
   <div class='ocr_carea' id='block_1_58' title="bbox 1844 2996 3418 3077">
    <p class='ocr_par' dir='ltr' id='par_1_58' title="bbox 1844 2996 3418 3077">
     <span class='ocr_line' id='line_1_58' title="bbox 1844 2996 3418 3077; baseline -0.007 -17"><span class='ocrx_word' id='word_1_413' title='bbox 1844 3007 1960 3061; x_wconf 87' lang='lat' dir='ltr'><strong>dire</strong></span> <span class='ocrx_word' id='word_1_414' title='bbox 1987 3006 2148 3077; x_wconf 82' lang='lat' dir='ltr'><strong>legem</strong></span> <span class='ocrx_word' id='word_1_415' title='bbox 2169 3015 2338 3063; x_wconf 89' lang='lat' dir='ltr'><strong>tuam.</strong></span> <span class='ocrx_word' id='word_1_416' title='bbox 2379 3004 2484 3070; x_wconf 85' lang='lat' dir='ltr'><strong>Qui</strong></span> <span class='ocrx_word' id='word_1_417' title='bbox 2509 3001 2864 3058; x_wconf 76' lang='lat' dir='ltr'><strong>saecularibus</strong></span> <span class='ocrx_word' id='word_1_418' title='bbox 2895 2999 3058 3068; x_wconf 90' lang='lat' dir='ltr'><strong>hujus</strong></span> <span class='ocrx_word' id='word_1_419' title='bbox 3100 2998 3223 3050; x_wconf 71' lang='lat' dir='ltr'><strong>vitae</strong></span> <span class='ocrx_word' id='word_1_420' title='bbox 3257 2996 3418 3050; x_wconf 84' lang='lat' dir='ltr'><strong>rebus</strong></span> 
     </span>
    </p>
   </div>
   <div class='ocr_carea' id='block_1_59' title="bbox 1846 3087 3417 3164">
    <p class='ocr_par' dir='ltr' id='par_1_59' title="bbox 1846 3087 3417 3164">
     <span class='ocr_line' id='line_1_59' title="bbox 1846 3087 3417 3164; baseline -0.01 -11"><span class='ocrx_word' id='word_1_421' title='bbox 1846 3097 2148 3160; x_wconf 84' lang='lat' dir='ltr'><strong>renuntiat,</strong></span> <span class='ocrx_word' id='word_1_422' title='bbox 2192 3095 2509 3164; x_wconf 87' lang='lat' dir='ltr'><strong>nullamque</strong></span> <span class='ocrx_word' id='word_1_423' title='bbox 2569 3094 2630 3146; x_wconf 87' lang='lat' dir='ltr'><strong>in</strong></span> <span class='ocrx_word' id='word_1_424' title='bbox 2687 3099 2834 3145; x_wconf 87' lang='lat' dir='ltr'><strong>terra</strong></span> <span class='ocrx_word' id='word_1_425' title='bbox 2885 3089 3187 3158; x_wconf 86' lang='lat' dir='ltr'><strong>portionem</strong></span> <span class='ocrx_word' id='word_1_426' title='bbox 3235 3087 3417 3148; x_wconf 80' lang='lat' dir='ltr'><strong>habet,</strong></span> 
     </span>
    </p>
   </div>
   <div class='ocr_carea' id='block_1_60' title="bbox 165 3177 1743 3288">
    <p class='ocr_par' dir='ltr' id='par_1_60' title="bbox 165 3191 1743 3266">
     <span class='ocr_line' id='line_1_60' title="bbox 165 3191 1743 3266; baseline 0.002 -23"><span class='ocrx_word' id='word_1_427' title='bbox 165 3191 491 3258; x_wconf 76' lang='grc' dir='ltr'>τὰτοιαῦτα,</span> <span class='ocrx_word' id='word_1_428' title='bbox 518 3195 630 3247; x_wconf 85' lang='grc' dir='ltr'>ἀλλ’</span> <span class='ocrx_word' id='word_1_429' title='bbox 663 3194 1002 3266; x_wconf 85' lang='grc' dir='ltr'>ἀρκούμενος</span> <span class='ocrx_word' id='word_1_430' title='bbox 1030 3195 1151 3248; x_wconf 78' lang='grc' dir='ltr'>ἀντὶ</span> <span class='ocrx_word' id='word_1_431' title='bbox 1185 3193 1402 3248; x_wconf 88' lang='grc' dir='ltr'>πάντων</span> <span class='ocrx_word' id='word_1_432' title='bbox 1429 3192 1507 3264; x_wconf 81' lang='grc' dir='ltr'>τῷ</span> <span class='ocrx_word' id='word_1_433' title='bbox 1533 3194 1743 3265; x_wconf 80' lang='grc' dir='ltr'>Κυρίῳ,</span> 
     </span>
    </p>
   </div>
   <div class='ocr_carea' id='block_1_61' title="bbox 1851 3177 3423 3288">
    <p class='ocr_par' dir='ltr' id='par_1_61' title="bbox 1851 3177 3423 3262">
     <span class='ocr_line' id='line_1_61' title="bbox 1851 3177 3423 3262; baseline -0.011 -15"><span class='ocrx_word' id='word_1_434' title='bbox 1851 3206 2026 3262; x_wconf 86' lang='lat' dir='ltr'><strong>neque</strong></span> <span class='ocrx_word' id='word_1_435' title='bbox 2055 3205 2148 3246; x_wconf 88' lang='lat' dir='ltr'><strong>res</strong></span> <span class='ocrx_word' id='word_1_436' title='bbox 2179 3186 2492 3244; x_wconf 90' lang='lat' dir='ltr'><strong>istiusmodi</strong></span> <span class='ocrx_word' id='word_1_437' title='bbox 2521 3183 2885 3254; x_wconf 88' lang='lat' dir='ltr'><strong>concupiscit,</strong></span> <span class='ocrx_word' id='word_1_438' title='bbox 2924 3180 3016 3236; x_wconf 88' lang='lat' dir='ltr'><strong>sed</strong></span> <span class='ocrx_word' id='word_1_439' title='bbox 3043 3177 3272 3231; x_wconf 89' lang='lat' dir='ltr'><strong>Domino</strong></span> <span class='ocrx_word' id='word_1_440' title='bbox 3303 3177 3423 3230; x_wconf 82' lang='lat' dir='ltr'><strong>vice</strong></span> 
     </span>
    </p>
   </div>
   <div class='ocr_carea' id='block_1_62' title="bbox 167 3285 1746 3356">
    <p class='ocr_par' dir='ltr' id='par_1_62' title="bbox 167 3285 1746 3356">
     <span class='ocr_line' id='line_1_62' title="bbox 167 3285 1746 3356; baseline 0.003 -22"><span class='ocrx_word' id='word_1_441' title='bbox 167 3285 280 3354; x_wconf 77' lang='grc' dir='ltr'>ἐρεῖ</span> <span class='ocrx_word' id='word_1_442' title='bbox 301 3303 314 3315; x_wconf 92' lang='grc'>·</span> <span class='ocrx_word' id='word_1_443' title='bbox 341 3287 525 3354; x_wconf 84' lang='grc' dir='ltr'>Μερίς</span> <span class='ocrx_word' id='word_1_444' title='bbox 538 3305 658 3356; x_wconf 88' lang='grc' dir='ltr'>μου</span> <span class='ocrx_word' id='word_1_445' title='bbox 678 3289 913 3356; x_wconf 87' lang='grc' dir='ltr'>Κύριος.</span> <span class='ocrx_word' id='word_1_446' title='bbox 942 3285 1128 3356; x_wconf 83' lang='grc' dir='ltr'>Τούτῳ</span> <span class='ocrx_word' id='word_1_447' title='bbox 1155 3287 1212 3339; x_wconf 84' lang='grc' dir='ltr'>δὲ</span> <span class='ocrx_word' id='word_1_448' title='bbox 1239 3285 1520 3340; x_wconf 83' lang='grc' dir='ltr'>ἀκολουθεῖ</span> <span class='ocrx_word' id='word_1_449' title='bbox 1539 3285 1746 3354; x_wconf 83' lang='grc' dir='ltr'>λέγειν·</span> 
     </span>
    </p>
   </div>
   <div class='ocr_carea' id='block_1_63' title="bbox 177 3371 1752 3448">
    <p class='ocr_par' dir='ltr' id='par_1_63' title="bbox 177 3371 1752 3448">
     <span class='ocr_line' id='line_1_63' title="bbox 177 3371 1752 3448; baseline 0 -18"><span class='ocrx_word' id='word_1_450' title='bbox 177 3371 326 3430; x_wconf 78' lang='grc' dir='ltr'><strong>Εἷπα</strong></span> <span class='ocrx_word' id='word_1_451' title='bbox 371 3377 757 3446; x_wconf 69' lang='grc' dir='ltr'>φυλάξασθαι</span> <span class='ocrx_word' id='word_1_452' title='bbox 808 3378 915 3432; x_wconf 82' lang='grc' dir='ltr'><em>τὸν</em></span> <span class='ocrx_word' id='word_1_453' title='bbox 959 3379 1146 3448; x_wconf 84' lang='grc' dir='ltr'>νόμον</span> <span class='ocrx_word' id='word_1_454' title='bbox 1191 3393 1328 3442; x_wconf 86' lang='grc' dir='ltr'>σου,</span> <span class='ocrx_word' id='word_1_455' title='bbox 1382 3377 1628 3432; x_wconf 81' lang='grc' dir='ltr'>τουτέστι</span> <span class='ocrx_word' id='word_1_456' title='bbox 1659 3377 1752 3430; x_wconf 85' lang='grc' dir='ltr'><strong>τδν</strong></span> 
     </span>
    </p>
   </div>
   <div class='ocr_carea' id='block_1_64' title="bbox 175 3463 1752 3540">
    <p class='ocr_par' dir='ltr' id='par_1_64' title="bbox 175 3463 1752 3540">
     <span class='ocr_line' id='line_1_64' title="bbox 175 3463 1752 3540; baseline 0.002 -22"><span class='ocrx_word' id='word_1_457' title='bbox 175 3471 555 3538; x_wconf 77' lang='grc' dir='ltr'>πνευματικὸν,</span> <span class='ocrx_word' id='word_1_458' title='bbox 617 3470 744 3540; x_wconf 71' lang='grc' dir='ltr'>περὶ</span> <span class='ocrx_word' id='word_1_459' title='bbox 791 3463 850 3524; x_wconf 78' lang='grc' dir='ltr'>οὗ</span> <span class='ocrx_word' id='word_1_460' title='bbox 908 3471 938 3523; x_wconf 85' lang='grc' dir='ltr'>ὁ</span> <span class='ocrx_word' id='word_1_461' title='bbox 991 3469 1203 3534; x_wconf 75' lang='grc' dir='ltr'>Παῦλος</span> <span class='ocrx_word' id='word_1_462' title='bbox 1243 3470 1433 3538; x_wconf 78' lang='grc' dir='ltr'>λέγει’</span> <span class='ocrx_word' id='word_1_463' title='bbox 1497 3468 1752 3537; x_wconf 78' lang='grc' dir='ltr'><strong>Οἴδαμεν</strong></span> 
     </span>
    </p>
   </div>
   <div class='ocr_carea' id='block_1_65' title="bbox 172 3556 1752 3631">
    <p class='ocr_par' dir='ltr' id='par_1_65' title="bbox 172 3556 1752 3631">
     <span class='ocr_line' id='line_1_65' title="bbox 172 3556 1752 3631; baseline 0.011 -23"><span class='ocrx_word' id='word_1_464' title='bbox 172 3556 257 3609; x_wconf 83' lang='grc' dir='ltr'><strong>ὅτι</strong></span> <span class='ocrx_word' id='word_1_465' title='bbox 277 3562 674 3628; x_wconf 81' lang='grc' dir='ltr'>πνευματικός</span> <span class='ocrx_word' id='word_1_466' title='bbox 698 3561 828 3614; x_wconf 89' lang='grc' dir='ltr'>ἐστι</span> <span class='ocrx_word' id='word_1_467' title='bbox 862 3562 1064 3631; x_wconf 86' lang='grc' dir='ltr'>νόμος,</span> <span class='ocrx_word' id='word_1_468' title='bbox 1095 3561 1190 3614; x_wconf 72' lang='grc' dir='ltr'><strong>καὶ</strong></span> <span class='ocrx_word' id='word_1_469' title='bbox 1217 3560 1284 3612; x_wconf 82' lang='grc' dir='ltr'>τὰ</span> <span class='ocrx_word' id='word_1_470' title='bbox 1309 3559 1456 3629; x_wconf 75' lang='grc' dir='ltr'><strong>ἑξῆς·</strong></span> <span class='ocrx_word' id='word_1_471' title='bbox 1489 3558 1613 3622; x_wconf 76' lang='grc' dir='ltr'><strong>Πῶς</strong></span> <span class='ocrx_word' id='word_1_472' title='bbox 1643 3557 1752 3630; x_wconf 71' lang='grc' dir='ltr'>γὰρ</span> 
     </span>
    </p>
   </div>
   <div class='ocr_carea' id='block_1_66' title="bbox 169 3648 1752 3724">
    <p class='ocr_par' dir='ltr' id='par_1_66' title="bbox 169 3648 1752 3724">
     <span class='ocr_line' id='line_1_66' title="bbox 169 3648 1752 3724; baseline 0.001 -24"><span class='ocrx_word' id='word_1_473' title='bbox 169 3648 225 3700; x_wconf 73' lang='grc' dir='ltr'>οὗ</span> <span class='ocrx_word' id='word_1_474' title='bbox 260 3650 556 3717; x_wconf 80' lang='grc' dir='ltr'>φυλάξουσι</span> <span class='ocrx_word' id='word_1_475' title='bbox 594 3653 684 3705; x_wconf 83' lang='grc' dir='ltr'><strong>τὸν</strong></span> <span class='ocrx_word' id='word_1_476' title='bbox 717 3653 880 3724; x_wconf 87' lang='grc' dir='ltr'>νόμον</span> <span class='ocrx_word' id='word_1_477' title='bbox 913 3652 946 3723; x_wconf 78' lang='grc' dir='ltr'>ἢ</span> <span class='ocrx_word' id='word_1_478' title='bbox 976 3652 1077 3716; x_wconf 87' lang='grc' dir='ltr'><strong>τὰς</strong></span> <span class='ocrx_word' id='word_1_479' title='bbox 1101 3651 1321 3714; x_wconf 73' lang='grc' dir='ltr'>ἐντολὰς</span> <span class='ocrx_word' id='word_1_480' title='bbox 1345 3650 1438 3704; x_wconf 80' lang='grc' dir='ltr'>τοῦ</span> <span class='ocrx_word' id='word_1_481' title='bbox 1465 3651 1668 3722; x_wconf 77' lang='grc' dir='ltr'>Κυρίου</span> <span class='ocrx_word' id='word_1_482' title='bbox 1701 3650 1752 3702; x_wconf 79' lang='grc' dir='ltr'>οἱ</span> 
     </span>
    </p>
   </div>
   <div class='ocr_carea' id='block_1_67' title="bbox 174 3735 1754 3813">
    <p class='ocr_par' dir='ltr' id='par_1_67' title="bbox 174 3735 1754 3813">
     <span class='ocr_line' id='line_1_67' title="bbox 174 3735 1754 3813; baseline 0 -21"><span class='ocrx_word' id='word_1_483' title='bbox 174 3741 359 3812; x_wconf 77' lang='grc' dir='ltr'>μερίδα</span> <span class='ocrx_word' id='word_1_484' title='bbox 401 3742 562 3794; x_wconf 79' lang='grc' dir='ltr'>αὐτὸν</span> <span class='ocrx_word' id='word_1_485' title='bbox 592 3741 803 3813; x_wconf 78' lang='grc' dir='ltr'>ἔχοντες</span> <span class='ocrx_word' id='word_1_486' title='bbox 837 3743 981 3797; x_wconf 72' lang='grc' dir='ltr'>κατὰ</span> <span class='ocrx_word' id='word_1_487' title='bbox 1012 3743 1138 3806; x_wconf 82' lang='grc' dir='ltr'>τοὺς</span> <span class='ocrx_word' id='word_1_488' title='bbox 1165 3744 1422 3806; x_wconf 81' lang='grc' dir='ltr'>Λευῖτας,</span> <span class='ocrx_word' id='word_1_489' title='bbox 1465 3735 1544 3806; x_wconf 74' lang='grc' dir='ltr'><strong>οἷς</strong></span> <span class='ocrx_word' id='word_1_490' title='bbox 1571 3740 1754 3812; x_wconf 85' lang='grc' dir='ltr'>διηγό-</span> 
     </span>
    </p>
   </div>
   <div class='ocr_carea' id='block_1_68' title="bbox 170 3831 1752 3906">
    <p class='ocr_par' dir='ltr' id='par_1_68' title="bbox 170 3831 1752 3906">
     <span class='ocr_line' id='line_1_68' title="bbox 170 3831 1752 3906; baseline 0 -21"><span class='ocrx_word' id='word_1_491' title='bbox 170 3847 351 3901; x_wconf 85' lang='grc' dir='ltr'>ρευται</span> <span class='ocrx_word' id='word_1_492' title='bbox 415 3834 580 3905; x_wconf 78' lang='grc' dir='ltr'>μηδὲν</span> <span class='ocrx_word' id='word_1_493' title='bbox 633 3835 927 3906; x_wconf 81' lang='grc' dir='ltr'>κεκτῆσθαι</span> <span class='ocrx_word' id='word_1_494' title='bbox 977 3833 1120 3888; x_wconf 80' lang='grc' dir='ltr'>κατὰ</span> <span class='ocrx_word' id='word_1_495' title='bbox 1170 3833 1262 3887; x_wconf 77' lang='grc' dir='ltr'>τὸν</span> <span class='ocrx_word' id='word_1_496' title='bbox 1293 3833 1440 3903; x_wconf 80' lang='grc' dir='ltr'>βίονς</span> <span class='ocrx_word' id='word_1_497' title='bbox 1489 3831 1752 3886; x_wconf 80' lang='grc' dir='ltr'>Λέλεκται</span> 
     </span>
    </p>
   </div>
   <div class='ocr_carea' id='block_1_69' title="bbox 169 3911 1750 3996">
    <p class='ocr_par' dir='ltr' id='par_1_69' title="bbox 169 3911 1750 3996">
     <span class='ocr_line' id='line_1_69' title="bbox 169 3911 1750 3996; baseline 0.001 -20"><span class='ocrx_word' id='word_1_498' title='bbox 169 3911 274 3996; x_wconf 75' lang='grc' dir='ltr'><strong>γάρ</strong></span> <span class='ocrx_word' id='word_1_499' title='bbox 295 3943 308 3954; x_wconf 91' lang='grc'>·</span> <span class='ocrx_word' id='word_1_500' title='bbox 335 3925 468 3993; x_wconf 81' lang='grc' dir='ltr'><strong>Τοῖς</strong></span> <span class='ocrx_word' id='word_1_501' title='bbox 489 3927 762 3992; x_wconf 81' lang='grc' dir='ltr'>Λευΐταις</span> <span class='ocrx_word' id='word_1_502' title='bbox 785 3926 884 3979; x_wconf 79' lang='grc' dir='ltr'><strong>καὶ</strong></span> <span class='ocrx_word' id='word_1_503' title='bbox 903 3925 1025 3993; x_wconf 85' lang='grc' dir='ltr'>τοῖς</span> <span class='ocrx_word' id='word_1_504' title='bbox 1045 3925 1312 3995; x_wconf 81' lang='grc' dir='ltr'>ἱερεῦσιν</span> <span class='ocrx_word' id='word_1_505' title='bbox 1334 3922 1487 3992; x_wconf 82' lang='grc' dir='ltr'><strong>υἱοῖς</strong></span> <span class='ocrx_word' id='word_1_506' title='bbox 1515 3923 1750 3992; x_wconf 81' lang='grc' dir='ltr'>Ἀαρὼν,</span> 
     </span>
    </p>
   </div>
   <div class='ocr_carea' id='block_1_70' title="bbox 169 4015 1753 4086">
    <p class='ocr_par' dir='ltr' id='par_1_70' title="bbox 169 4015 1753 4086">
     <span class='ocr_line' id='line_1_70' title="bbox 169 4015 1753 4086; baseline 0.001 -20"><span class='ocrx_word' id='word_1_507' title='bbox 169 4017 278 4070; x_wconf 81' lang='grc' dir='ltr'>οὐκ</span> <span class='ocrx_word' id='word_1_508' title='bbox 320 4018 454 4071; x_wconf 82' lang='grc' dir='ltr'>ἐστι</span> <span class='ocrx_word' id='word_1_509' title='bbox 503 4016 691 4085; x_wconf 79' lang='grc' dir='ltr'>μερὶς,</span> <span class='ocrx_word' id='word_1_510' title='bbox 722 4015 864 4070; x_wconf 84' lang='grc' dir='ltr'>οὐδὲ</span> <span class='ocrx_word' id='word_1_511' title='bbox 903 4017 1270 4086; x_wconf 71' lang='grc' dir='ltr'>κληρονομία</span> <span class='ocrx_word' id='word_1_512' title='bbox 1310 4015 1380 4069; x_wconf 86' lang='grc' dir='ltr'><strong>ἐν</strong></span> <span class='ocrx_word' id='word_1_513' title='bbox 1438 4015 1562 4081; x_wconf 84' lang='grc' dir='ltr'>τοῖς</span> <span class='ocrx_word' id='word_1_514' title='bbox 1601 4015 1753 4081; x_wconf 82' lang='grc' dir='ltr'>υἱοῖς</span> 
     </span>
    </p>
   </div>
   <div class='ocr_carea' id='block_1_71' title="bbox 181 4105 1312 4177">
    <p class='ocr_par' dir='ltr' id='par_1_71' title="bbox 181 4105 1312 4177">
     <span class='ocr_line' id='line_1_71' title="bbox 181 4105 1312 4177; baseline -0.004 -12"><span class='ocrx_word' id='word_1_515' title='bbox 181 4109 450 4177; x_wconf 84' lang='grc' dir='ltr'>Ἰσραὴλ,</span> <span class='ocrx_word' id='word_1_516' title='bbox 482 4107 630 4160; x_wconf 77' lang='grc' dir='ltr'>διότι</span> <span class='ocrx_word' id='word_1_517' title='bbox 658 4108 868 4174; x_wconf 80' lang='grc' dir='ltr'>Κύριος</span> <span class='ocrx_word' id='word_1_518' title='bbox 891 4105 1060 4175; x_wconf 77' lang='grc' dir='ltr'>μερὶς</span> <span class='ocrx_word' id='word_1_519' title='bbox 1095 4106 1312 4161; x_wconf 84' lang='grc' dir='ltr'>αὐτῶν.</span> 
     </span>
    </p>
   </div>
   <div class='ocr_carea' id='block_1_72' title="bbox 249 4197 1755 4267">
    <p class='ocr_par' dir='ltr' id='par_1_72' title="bbox 249 4197 1755 4267">
     <span class='ocr_line' id='line_1_72' title="bbox 249 4197 1755 4267; baseline -0.001 -15"><span class='ocrx_word' id='word_1_520' title='bbox 249 4197 536 4266; x_wconf 84' lang='grc' dir='ltr'>Ἐδεήθην</span> <span class='ocrx_word' id='word_1_521' title='bbox 577 4197 684 4251; x_wconf 84' lang='grc' dir='ltr'><strong>τοῦ</strong></span> <span class='ocrx_word' id='word_1_522' title='bbox 740 4197 1064 4267; x_wconf 81' lang='grc' dir='ltr'>προσώπου</span> <span class='ocrx_word' id='word_1_523' title='bbox 1119 4214 1236 4252; x_wconf 91' lang='grc' dir='ltr'>σου</span> <span class='ocrx_word' id='word_1_524' title='bbox 1276 4197 1347 4252; x_wconf 84' lang='grc' dir='ltr'><strong>ἐν</strong></span> <span class='ocrx_word' id='word_1_525' title='bbox 1383 4197 1496 4266; x_wconf 83' lang='grc' dir='ltr'><strong>ὅλῃ</strong></span> <span class='ocrx_word' id='word_1_526' title='bbox 1543 4197 1755 4266; x_wconf 77' lang='grc' dir='ltr'>καρδίᾳ</span> 
     </span>
    </p>
   </div>
   <div class='ocr_carea' id='block_1_73' title="bbox 163 4289 1752 4362">
    <p class='ocr_par' dir='ltr' id='par_1_73' title="bbox 163 4289 1752 4362">
     <span class='ocr_line' id='line_1_73' title="bbox 163 4289 1752 4362; baseline -0.003 -14"><span class='ocrx_word' id='word_1_527' title='bbox 163 4309 282 4362; x_wconf 86' lang='grc' dir='ltr'>μου</span> <span class='ocrx_word' id='word_1_528' title='bbox 301 4310 314 4323; x_wconf 87' lang='grc'><strong>·</strong></span> <span class='ocrx_word' id='word_1_529' title='bbox 351 4291 615 4362; x_wconf 82' lang='grc' dir='ltr'>ἐλέησόν</span> <span class='ocrx_word' id='word_1_530' title='bbox 647 4308 724 4360; x_wconf 91' lang='grc' dir='ltr'><strong>με</strong></span> <span class='ocrx_word' id='word_1_531' title='bbox 747 4291 897 4346; x_wconf 77' lang='grc' dir='ltr'>κατὰ</span> <span class='ocrx_word' id='word_1_532' title='bbox 921 4290 986 4345; x_wconf 86' lang='grc' dir='ltr'><strong>τὸ</strong></span> <span class='ocrx_word' id='word_1_533' title='bbox 1016 4291 1230 4361; x_wconf 82' lang='grc' dir='ltr'>λόγιόν</span> <span class='ocrx_word' id='word_1_534' title='bbox 1253 4307 1390 4344; x_wconf 89' lang='grc' dir='ltr'>σου.</span> <span class='ocrx_word' id='word_1_535' title='bbox 1415 4289 1752 4360; x_wconf 76' lang='grc' dir='ltr'>Διελογισά-</span> 
     </span>
    </p>
   </div>
   <div class='ocr_carea' id='block_1_74' title="bbox 163 4381 1754 4454">
    <p class='ocr_par' dir='ltr' id='par_1_74' title="bbox 163 4381 1754 4454">
     <span class='ocr_line' id='line_1_74' title="bbox 163 4381 1754 4454; baseline -0.003 -16"><span class='ocrx_word' id='word_1_536' title='bbox 163 4403 289 4454; x_wconf 85' lang='grc' dir='ltr'><strong>μην</strong></span> <span class='ocrx_word' id='word_1_537' title='bbox 320 4383 430 4450; x_wconf 84' lang='grc' dir='ltr'><strong>τὰς</strong></span> <span class='ocrx_word' id='word_1_538' title='bbox 479 4383 658 4450; x_wconf 80' lang='grc' dir='ltr'>ὁδούς</span> <span class='ocrx_word' id='word_1_539' title='bbox 687 4398 822 4448; x_wconf 87' lang='grc' dir='ltr'>σου,</span> <span class='ocrx_word' id='word_1_540' title='bbox 877 4383 976 4436; x_wconf 78' lang='grc' dir='ltr'><strong>καὶ</strong></span> <span class='ocrx_word' id='word_1_541' title='bbox 1001 4383 1343 4451; x_wconf 73' lang='grc' dir='ltr'>ἐπέστρεψα</span> <span class='ocrx_word' id='word_1_542' title='bbox 1393 4381 1534 4448; x_wconf 86' lang='grc' dir='ltr'><strong>τοὺς</strong></span> <span class='ocrx_word' id='word_1_543' title='bbox 1566 4381 1754 4447; x_wconf 80' lang='grc' dir='ltr'><em>πόδας</em></span> 
     </span>
    </p>
   </div>
   <div class='ocr_carea' id='block_1_75' title="bbox 164 4475 1754 4545">
    <p class='ocr_par' dir='ltr' id='par_1_75' title="bbox 164 4475 1754 4545">
     <span class='ocr_line' id='line_1_75' title="bbox 164 4475 1754 4545; baseline -0.003 -15"><span class='ocrx_word' id='word_1_544' title='bbox 164 4493 284 4544; x_wconf 81' lang='grc' dir='ltr'>μου</span> <span class='ocrx_word' id='word_1_545' title='bbox 312 4479 401 4542; x_wconf 82' lang='grc' dir='ltr'><strong>εὶς</strong></span> <span class='ocrx_word' id='word_1_546' title='bbox 444 4475 515 4530; x_wconf 81' lang='grc' dir='ltr'><strong>τὰ</strong></span> <span class='ocrx_word' id='word_1_547' title='bbox 544 4475 836 4545; x_wconf 84' lang='grc' dir='ltr'>μαρτύριά</span> <span class='ocrx_word' id='word_1_548' title='bbox 875 4491 1012 4528; x_wconf 91' lang='grc' dir='ltr'>σου.</span> <span class='ocrx_word' id='word_1_549' title='bbox 1055 4475 1473 4544; x_wconf 85' lang='grc' dir='ltr'>Ἢτοιμάσθην,</span> <span class='ocrx_word' id='word_1_550' title='bbox 1515 4475 1616 4527; x_wconf 81' lang='grc' dir='ltr'><strong>καὶ</strong></span> <span class='ocrx_word' id='word_1_551' title='bbox 1642 4477 1754 4528; x_wconf 82' lang='grc' dir='ltr'>οὐκ</span> 
     </span>
    </p>
   </div>
   <div class='ocr_carea' id='block_1_76' title="bbox 1849 3270 3419 3341">
    <p class='ocr_par' dir='ltr' id='par_1_76' title="bbox 1849 3270 3419 3341">
     <span class='ocr_line' id='line_1_76' title="bbox 1849 3270 3419 3341; baseline -0.011 -2"><span class='ocrx_word' id='word_1_552' title='bbox 1849 3285 2090 3339; x_wconf 93' lang='lat' dir='ltr'><strong>omnium</strong></span> <span class='ocrx_word' id='word_1_553' title='bbox 2123 3286 2415 3336; x_wconf 89' lang='lat' dir='ltr'><strong>contentus</strong></span> <span class='ocrx_word' id='word_1_554' title='bbox 2441 3288 2543 3341; x_wconf 89' lang='lat' dir='ltr'><strong>est,</strong></span> <span class='ocrx_word' id='word_1_555' title='bbox 2576 3276 2720 3330; x_wconf 86' lang='lat' dir='ltr'><strong>dicet</strong></span> <span class='ocrx_word' id='word_1_556' title='bbox 2747 3295 2759 3329; x_wconf 92' lang='lat'>:</span> <span class='ocrx_word' id='word_1_557' title='bbox 2793 3273 2978 3327; x_wconf 84' lang='lat' dir='ltr'><strong>Portio</strong></span> <span class='ocrx_word' id='word_1_558' title='bbox 3006 3289 3120 3324; x_wconf 87' lang='lat' dir='ltr'><strong>mea</strong></span> <span class='ocrx_word' id='word_1_559' title='bbox 3147 3270 3419 3323; x_wconf 81' lang='lat' dir='ltr'><strong>Dominus.</strong></span> 
     </span>
    </p>
   </div>
   <div class='ocr_carea' id='block_1_77' title="bbox 1849 3360 3422 3440">
    <p class='ocr_par' dir='ltr' id='par_1_77' title="bbox 1849 3360 3422 3440">
     <span class='ocr_line' id='line_1_77' title="bbox 1849 3360 3422 3440; baseline -0.011 -12"><span class='ocrx_word' id='word_1_560' title='bbox 1849 3374 1988 3430; x_wconf 58' lang='lat' dir='ltr'><strong>l&#39;luic</strong></span> <span class='ocrx_word' id='word_1_561' title='bbox 2023 3381 2203 3428; x_wconf 89' lang='lat' dir='ltr'><strong>autem</strong></span> <span class='ocrx_word' id='word_1_562' title='bbox 2235 3371 2498 3440; x_wconf 86' lang='lat' dir='ltr'><strong>competit</strong></span> <span class='ocrx_word' id='word_1_563' title='bbox 2528 3368 2712 3422; x_wconf 80' lang='lat' dir='ltr'><strong>dicere</strong></span> <span class='ocrx_word' id='word_1_564' title='bbox 2749 3382 2761 3416; x_wconf 95' lang='lat'>:</span> <span class='ocrx_word' id='word_1_565' title='bbox 2797 3365 2924 3418; x_wconf 73' lang='lat' dir='ltr'><strong>Dixi</strong></span> <span class='ocrx_word' id='word_1_566' title='bbox 2961 3361 3228 3416; x_wconf 84' lang='lat' dir='ltr'><strong>custodire</strong></span> <span class='ocrx_word' id='word_1_567' title='bbox 3261 3360 3422 3429; x_wconf 87' lang='lat' dir='ltr'><strong>legem</strong></span> 
     </span>
    </p>
   </div>
   <div class='ocr_carea' id='block_1_78' title="bbox 1851 3449 3427 3531">
    <p class='ocr_par' dir='ltr' id='par_1_78' title="bbox 1851 3449 3427 3531">
     <span class='ocr_line' id='line_1_78' title="bbox 1851 3449 3427 3531; baseline -0.012 -13"><span class='ocrx_word' id='word_1_568' title='bbox 1851 3475 2018 3530; x_wconf 88' lang='lat' dir='ltr'><strong>tuam,</strong></span> <span class='ocrx_word' id='word_1_569' title='bbox 2052 3464 2261 3519; x_wconf 89' lang='lat' dir='ltr'><strong>scilicet</strong></span> <span class='ocrx_word' id='word_1_570' title='bbox 2285 3460 2647 3531; x_wconf 88' lang='lat' dir='ltr'><strong>spiritualem,</strong></span> <span class='ocrx_word' id='word_1_571' title='bbox 2690 3457 2756 3512; x_wconf 85' lang='lat' dir='ltr'><strong>de</strong></span> <span class='ocrx_word' id='word_1_572' title='bbox 2779 3470 2888 3526; x_wconf 87' lang='lat' dir='ltr'><strong>qua</strong></span> <span class='ocrx_word' id='word_1_573' title='bbox 2927 3453 3130 3508; x_wconf 87' lang='lat' dir='ltr'><strong>Paulus</strong></span> <span class='ocrx_word' id='word_1_574' title='bbox 3154 3451 3274 3504; x_wconf 88' lang='lat' dir='ltr'><strong>ait:</strong></span> <span class='ocrx_word' id='word_1_575' title='bbox 3309 3449 3427 3504; x_wconf 89' lang='lat' dir='ltr'><strong>Sci-</strong></span> 
     </span>
    </p>
   </div>
   <div class='ocr_carea' id='block_1_79' title="bbox 1849 3537 3424 3624">
    <p class='ocr_par' dir='ltr' id='par_1_79' title="bbox 1849 3537 3424 3624">
     <span class='ocr_line' id='line_1_79' title="bbox 1849 3537 3424 3624; baseline -0.012 -12"><span class='ocrx_word' id='word_1_576' title='bbox 1849 3574 1966 3612; x_wconf 87' lang='lat' dir='ltr'><strong>mus</strong></span> <span class='ocrx_word' id='word_1_577' title='bbox 2019 3556 2158 3609; x_wconf 88' lang='lat' dir='ltr'><strong>enim</strong></span> <span class='ocrx_word' id='word_1_578' title='bbox 2214 3552 2352 3624; x_wconf 89' lang='lat' dir='ltr'><strong>quod</strong></span> <span class='ocrx_word' id='word_1_579' title='bbox 2399 3537 2494 3604; x_wconf 75' lang='lat' dir='ltr'><strong>lea:</strong></span> <span class='ocrx_word' id='word_1_580' title='bbox 2556 3547 2855 3617; x_wconf 84' lang='lat' dir='ltr'><strong>spiritualis</strong></span> <span class='ocrx_word' id='word_1_581' title='bbox 2912 3553 2990 3599; x_wconf 84' lang='lat' dir='ltr'><strong>est</strong></span> <span class='ocrx_word' id='word_1_582' title='bbox 3023 3546 3088 3608; x_wconf 81' lang='lat'><strong>“,</strong></span> <span class='ocrx_word' id='word_1_583' title='bbox 3119 3549 3173 3594; x_wconf 92' lang='lat' dir='ltr'><strong>et</strong></span> <span class='ocrx_word' id='word_1_584' title='bbox 3207 3547 3424 3594; x_wconf 81' lang='lat' dir='ltr'><strong>caetera.</strong></span> 
     </span>
    </p>
   </div>
   <div class='ocr_carea' id='block_1_80' title="bbox 1850 3633 3425 3716">
    <p class='ocr_par' dir='ltr' id='par_1_80' title="bbox 1850 3633 3425 3716">
     <span class='ocr_line' id='line_1_80' title="bbox 1850 3633 3425 3716; baseline -0.015 -12"><span class='ocrx_word' id='word_1_585' title='bbox 1850 3645 2136 3716; x_wconf 85' lang='lat' dir='ltr'><strong>Quomodo</strong></span> <span class='ocrx_word' id='word_1_586' title='bbox 2164 3645 2310 3700; x_wconf 90' lang='lat' dir='ltr'><strong>enim</strong></span> <span class='ocrx_word' id='word_1_587' title='bbox 2345 3645 2516 3711; x_wconf 83' lang='lat' dir='ltr'><strong>legem</strong></span> <span class='ocrx_word' id='word_1_588' title='bbox 2542 3649 2595 3695; x_wconf 90' lang='lat' dir='ltr'><strong>et</strong></span> <span class='ocrx_word' id='word_1_589' title='bbox 2621 3646 2889 3709; x_wconf 84' lang='lat' dir='ltr'><strong>praecepta</strong></span> <span class='ocrx_word' id='word_1_590' title='bbox 2934 3633 3148 3690; x_wconf 89' lang='lat' dir='ltr'><strong>Domini</strong></span> <span class='ocrx_word' id='word_1_591' title='bbox 3184 3645 3294 3685; x_wconf 91' lang='lat' dir='ltr'><strong>non</strong></span> <span class='ocrx_word' id='word_1_592' title='bbox 3325 3645 3425 3682; x_wconf 84' lang='lat' dir='ltr'><strong>cu-</strong></span> 
     </span>
    </p>
   </div>
   <div class='ocr_carea' id='block_1_81' title="bbox 1851 3722 3426 3806">
    <p class='ocr_par' dir='ltr' id='par_1_81' title="bbox 1851 3722 3426 3806">
     <span class='ocr_line' id='line_1_81' title="bbox 1851 3722 3426 3806; baseline -0.013 -10"><span class='ocrx_word' id='word_1_593' title='bbox 1851 3739 2110 3805; x_wconf 87' lang='lat' dir='ltr'><strong>stodient,</strong></span> <span class='ocrx_word' id='word_1_594' title='bbox 2147 3737 2240 3806; x_wconf 91' lang='lat' dir='ltr'><strong>qui</strong></span> <span class='ocrx_word' id='word_1_595' title='bbox 2274 3735 2428 3788; x_wconf 90' lang='lat' dir='ltr'><strong>illum</strong></span> <span class='ocrx_word' id='word_1_596' title='bbox 2461 3733 2514 3786; x_wconf 91' lang='lat' dir='ltr'><strong>in</strong></span> <span class='ocrx_word' id='word_1_597' title='bbox 2558 3731 2863 3800; x_wconf 84' lang='lat' dir='ltr'><strong>portionem</strong></span> <span class='ocrx_word' id='word_1_598' title='bbox 2897 3728 3123 3789; x_wconf 83' lang='lat' dir='ltr'><strong>habent,</strong></span> <span class='ocrx_word' id='word_1_599' title='bbox 3159 3722 3426 3794; x_wconf 89' lang='lat' dir='ltr'><strong>quemad-</strong></span> 
     </span>
    </p>
   </div>
   <div class='ocr_carea' id='block_1_82' title="bbox 1849 3807 3427 3893">
    <p class='ocr_par' dir='ltr' id='par_1_82' title="bbox 1849 3807 3427 3893">
     <span class='ocr_line' id='line_1_82' title="bbox 1849 3807 3427 3893; baseline -0.015 -6"><span class='ocrx_word' id='word_1_600' title='bbox 1849 3830 2071 3886; x_wconf 92' lang='lat' dir='ltr'><strong>modum</strong></span> <span class='ocrx_word' id='word_1_601' title='bbox 2120 3834 2174 3884; x_wconf 90' lang='lat' dir='ltr'><strong>et</strong></span> <span class='ocrx_word' id='word_1_602' title='bbox 2209 3825 2432 3889; x_wconf 66' lang='lat' dir='ltr'><strong>Levitae,</strong></span> <span class='ocrx_word' id='word_1_603' title='bbox 2466 3807 2668 3893; x_wconf 85' lang='lat' dir='ltr'><strong>quibus</strong></span> <span class='ocrx_word' id='word_1_604' title='bbox 2701 3820 2932 3876; x_wconf 81' lang='lat' dir='ltr'><strong>vetitum</strong></span> <span class='ocrx_word' id='word_1_605' title='bbox 2981 3825 3064 3872; x_wconf 86' lang='lat' dir='ltr'><strong>est</strong></span> <span class='ocrx_word' id='word_1_606' title='bbox 3117 3813 3318 3886; x_wconf 86' lang='lat' dir='ltr'><strong>aliquid</strong></span> <span class='ocrx_word' id='word_1_607' title='bbox 3371 3812 3427 3864; x_wconf 89' lang='lat' dir='ltr'><strong>in</strong></span> 
     </span>
    </p>
   </div>
   <div class='ocr_carea' id='block_1_83' title="bbox 1851 3908 3426 3994">
    <p class='ocr_par' dir='ltr' id='par_1_83' title="bbox 1851 3908 3426 3994">
     <span class='ocr_line' id='line_1_83' title="bbox 1851 3908 3426 3994; baseline -0.017 -14"><span class='ocrx_word' id='word_1_608' title='bbox 1851 3925 1962 3980; x_wconf 86' lang='lat' dir='ltr'><strong>vita</strong></span> <span class='ocrx_word' id='word_1_609' title='bbox 1986 3919 2309 3994; x_wconf 83' lang='lat' dir='ltr'><strong>possidere?</strong></span> <span class='ocrx_word' id='word_1_610' title='bbox 2335 3916 2470 3972; x_wconf 87' lang='lat' dir='ltr'><strong>Nam</strong></span> <span class='ocrx_word' id='word_1_611' title='bbox 2502 3914 2710 3968; x_wconf 90' lang='lat' dir='ltr'><strong>dictum</strong></span> <span class='ocrx_word' id='word_1_612' title='bbox 2763 3919 2847 3965; x_wconf 82' lang='lat' dir='ltr'><strong>est</strong></span> <span class='ocrx_word' id='word_1_613' title='bbox 2876 3929 2890 3964; x_wconf 86' lang='lat'><strong>:</strong></span> <span class='ocrx_word' id='word_1_614' title='bbox 2947 3908 3136 3962; x_wconf 84' lang='lat' dir='ltr'><strong>Levitis</strong></span> <span class='ocrx_word' id='word_1_615' title='bbox 3167 3916 3216 3960; x_wconf 88' lang='lat' dir='ltr'><strong>et</strong></span> <span class='ocrx_word' id='word_1_616' title='bbox 3251 3920 3426 3958; x_wconf 83' lang='lat' dir='ltr'><strong>sacer-</strong></span> 
     </span>
    </p>
   </div>
   <div class='ocr_carea' id='block_1_84' title="bbox 1854 3997 3425 4084">
    <p class='ocr_par' dir='ltr' id='par_1_84' title="bbox 1854 3997 3425 4084">
     <span class='ocr_line' id='line_1_84' title="bbox 1854 3997 3425 4084; baseline -0.011 -14"><span class='ocrx_word' id='word_1_617' title='bbox 1854 4016 2064 4071; x_wconf 84' lang='lat' dir='ltr'><strong>dotibus</strong></span> <span class='ocrx_word' id='word_1_618' title='bbox 2097 4013 2226 4084; x_wconf 80' lang='lat' dir='ltr'><strong>ﬁliis</strong></span> <span class='ocrx_word' id='word_1_619' title='bbox 2257 4013 2440 4065; x_wconf 84' lang='lat' dir='ltr'><strong>Aaron</strong></span> <span class='ocrx_word' id='word_1_620' title='bbox 2470 4025 2573 4063; x_wconf 86' lang='lat' dir='ltr'><strong>non</strong></span> <span class='ocrx_word' id='word_1_621' title='bbox 2594 4015 2672 4060; x_wconf 88' lang='lat' dir='ltr'><strong>est</strong></span> <span class='ocrx_word' id='word_1_622' title='bbox 2713 4021 2837 4074; x_wconf 89' lang='lat' dir='ltr'><strong>pars</strong></span> <span class='ocrx_word' id='word_1_623' title='bbox 2867 4018 3028 4072; x_wconf 84' lang='lat' dir='ltr'><strong>neque</strong></span> <span class='ocrx_word' id='word_1_624' title='bbox 3061 3997 3342 4055; x_wconf 77' lang='lat' dir='ltr'><strong>Itwreditas</strong></span> <span class='ocrx_word' id='word_1_625' title='bbox 3372 3999 3425 4052; x_wconf 87' lang='lat' dir='ltr'><strong>in</strong></span> 
     </span>
    </p>
   </div>
   <div class='ocr_carea' id='block_1_85' title="bbox 1854 4093 3109 4176">
    <p class='ocr_par' dir='ltr' id='par_1_85' title="bbox 1854 4093 3109 4176">
     <span class='ocr_line' id='line_1_85' title="bbox 1854 4093 3109 4176; baseline -0.013 -15"><span class='ocrx_word' id='word_1_626' title='bbox 1854 4107 1984 4176; x_wconf 83' lang='lat' dir='ltr'><strong>ﬁliis</strong></span> <span class='ocrx_word' id='word_1_627' title='bbox 2022 4103 2217 4164; x_wconf 84' lang='lat' dir='ltr'><strong>Israel.</strong></span> <span class='ocrx_word' id='word_1_628' title='bbox 2241 4102 2368 4173; x_wconf 85' lang='lat' dir='ltr'><strong>quia</strong></span> <span class='ocrx_word' id='word_1_629' title='bbox 2399 4100 2658 4154; x_wconf 88' lang='lat' dir='ltr'><strong>Dominus</strong></span> <span class='ocrx_word' id='word_1_630' title='bbox 2689 4111 2813 4166; x_wconf 86' lang='lat' dir='ltr'><strong>pars</strong></span> <span class='ocrx_word' id='word_1_631' title='bbox 2843 4109 3024 4148; x_wconf 85' lang='lat' dir='ltr'><strong>eorum</strong></span> <span class='ocrx_word' id='word_1_632' title='bbox 3045 4093 3109 4146; x_wconf 82' lang='grc'><strong>¹².</strong></span> 
     </span>
    </p>
   </div>
   <div class='ocr_carea' id='block_1_86' title="bbox 1922 4183 3428 4262">
    <p class='ocr_par' dir='ltr' id='par_1_86' title="bbox 1922 4183 3428 4262">
     <span class='ocr_line' id='line_1_86' title="bbox 1922 4183 3428 4262; baseline -0.013 -10"><span class='ocrx_word' id='word_1_633' title='bbox 1922 4199 2094 4252; x_wconf 77' lang='lat' dir='ltr'><strong>Vens.</strong></span> <span class='ocrx_word' id='word_1_634' title='bbox 2127 4194 2310 4250; x_wconf 66' lang='grc' dir='ltr'>εει-δι.</span> <span class='ocrx_word' id='word_1_635' title='bbox 2367 4193 2689 4262; x_wconf 86' lang='lat' dir='ltr'><strong>Deprecatus</strong></span> <span class='ocrx_word' id='word_1_636' title='bbox 2749 4205 2868 4242; x_wconf 86' lang='lat' dir='ltr'><strong>sum</strong></span> <span class='ocrx_word' id='word_1_637' title='bbox 2915 4187 3107 4256; x_wconf 79' lang='lat' dir='ltr'><strong>facient</strong></span> <span class='ocrx_word' id='word_1_638' title='bbox 3164 4193 3310 4236; x_wconf 89' lang='lat' dir='ltr'><strong>tuam</strong></span> <span class='ocrx_word' id='word_1_639' title='bbox 3371 4183 3428 4234; x_wconf 89' lang='lat' dir='ltr'><strong>iu</strong></span> 
     </span>
    </p>
   </div>
   <div class='ocr_carea' id='block_1_87' title="bbox 1856 4275 3430 4346">
    <p class='ocr_par' dir='ltr' id='par_1_87' title="bbox 1856 4275 3430 4346">
     <span class='ocr_line' id='line_1_87' title="bbox 1856 4275 3430 4346; baseline -0.011 1"><span class='ocrx_word' id='word_1_640' title='bbox 1856 4303 1963 4346; x_wconf 89' lang='lat' dir='ltr'><strong>toto</strong></span> <span class='ocrx_word' id='word_1_641' title='bbox 2019 4293 2172 4345; x_wconf 89' lang='lat' dir='ltr'><strong>corde</strong></span> <span class='ocrx_word' id='word_1_642' title='bbox 2223 4305 2335 4342; x_wconf 90' lang='lat' dir='ltr'><strong>meo</strong></span> <span class='ocrx_word' id='word_1_643' title='bbox 2373 4303 2392 4342; x_wconf 92' lang='lat'><strong><em>:</em></strong></span> <span class='ocrx_word' id='word_1_644' title='bbox 2419 4286 2667 4339; x_wconf 87' lang='lat' dir='ltr'><strong>miserere</strong></span> <span class='ocrx_word' id='word_1_645' title='bbox 2701 4283 2800 4337; x_wconf 88' lang='lat' dir='ltr'><strong>mei</strong></span> <span class='ocrx_word' id='word_1_646' title='bbox 2834 4279 3116 4336; x_wconf 88' lang='lat' dir='ltr'><strong>secundum</strong></span> <span class='ocrx_word' id='word_1_647' title='bbox 3166 4275 3430 4346; x_wconf 84' lang='lat' dir='ltr'><strong>eloquium</strong></span> 
     </span>
    </p>
   </div>
   <div class='ocr_carea' id='block_1_88' title="bbox 1855 4365 3429 4450">
    <p class='ocr_par' dir='ltr' id='par_1_88' title="bbox 1855 4365 3429 4450">
     <span class='ocr_line' id='line_1_88' title="bbox 1855 4365 3429 4450; baseline -0.012 -13"><span class='ocrx_word' id='word_1_648' title='bbox 1855 4395 2022 4437; x_wconf 80' lang='lat' dir='ltr'><strong>tuum.</strong></span> <span class='ocrx_word' id='word_1_649' title='bbox 2061 4380 2302 4450; x_wconf 82' lang='lat' dir='ltr'><strong>Cogitaui</strong></span> <span class='ocrx_word' id='word_1_650' title='bbox 2331 4379 2442 4433; x_wconf 83' lang='lat' dir='ltr'><strong>vias</strong></span> <span class='ocrx_word' id='word_1_651' title='bbox 2491 4387 2634 4437; x_wconf 88' lang='lat' dir='ltr'><strong>tuas,</strong></span> <span class='ocrx_word' id='word_1_652' title='bbox 2661 4385 2712 4429; x_wconf 90' lang='lat' dir='ltr'><strong>et</strong></span> <span class='ocrx_word' id='word_1_653' title='bbox 2763 4373 2992 4428; x_wconf 79' lang='lat' dir='ltr'><strong>converti</strong></span> <span class='ocrx_word' id='word_1_654' title='bbox 3023 4369 3175 4438; x_wconf 85' lang='lat' dir='ltr'><strong>pedes</strong></span> <span class='ocrx_word' id='word_1_655' title='bbox 3207 4383 3346 4422; x_wconf 85' lang='lat' dir='ltr'><strong>meos</strong></span> <span class='ocrx_word' id='word_1_656' title='bbox 3377 4365 3429 4418; x_wconf 88' lang='lat' dir='ltr'><strong>in</strong></span> 
     </span>
    </p>
   </div>
   <div class='ocr_carea' id='block_1_89' title="bbox 1859 4457 3429 4530">
    <p class='ocr_par' dir='ltr' id='par_1_89' title="bbox 1859 4457 3429 4530">
     <span class='ocr_line' id='line_1_89' title="bbox 1859 4457 3429 4530; baseline -0.014 -1"><span class='ocrx_word' id='word_1_657' title='bbox 1859 4476 2156 4530; x_wconf 85' lang='lat' dir='ltr'><strong>testimonia</strong></span> <span class='ocrx_word' id='word_1_658' title='bbox 2190 4483 2304 4528; x_wconf 88' lang='lat' dir='ltr'><strong>tua.</strong></span> <span class='ocrx_word' id='word_1_659' title='bbox 2334 4470 2570 4524; x_wconf 87' lang='lat' dir='ltr'><strong>Paratus</strong></span> <span class='ocrx_word' id='word_1_660' title='bbox 2606 4483 2744 4529; x_wconf 89' lang='lat' dir='ltr'><strong>sum,</strong></span> <span class='ocrx_word' id='word_1_661' title='bbox 2777 4475 2827 4520; x_wconf 88' lang='lat' dir='ltr'><strong>et</strong></span> <span class='ocrx_word' id='word_1_662' title='bbox 2866 4480 2970 4517; x_wconf 90' lang='lat' dir='ltr'><strong>non</strong></span> <span class='ocrx_word' id='word_1_663' title='bbox 3004 4476 3118 4515; x_wconf 88' lang='lat' dir='ltr'><strong>sum</strong></span> <span class='ocrx_word' id='word_1_664' title='bbox 3167 4457 3429 4520; x_wconf 86' lang='lat' dir='ltr'><strong>turbatus,</strong></span> 
     </span>
    </p>
   </div>
   <div class='ocr_carea' id='block_1_90' title="bbox 170 4546 1743 4636">
    <p class='ocr_par' dir='ltr' id='par_1_90' title="bbox 170 4564 1743 4636">
     <span class='ocr_line' id='line_1_90' title="bbox 170 4564 1743 4636; baseline 0 -16"><span class='ocrx_word' id='word_1_665' title='bbox 170 4567 508 4636; x_wconf 76' lang='grc' dir='ltr'><strong>ἐταράχθην</strong></span> <span class='ocrx_word' id='word_1_666' title='bbox 556 4567 662 4622; x_wconf 84' lang='grc' dir='ltr'>τοῦ</span> <span class='ocrx_word' id='word_1_667' title='bbox 708 4567 1090 4636; x_wconf 64' lang='grc' dir='ltr'>φυλάξασθαι</span> <span class='ocrx_word' id='word_1_668' title='bbox 1142 4567 1248 4632; x_wconf 84' lang='grc' dir='ltr'><em>τὰς</em></span> <span class='ocrx_word' id='word_1_669' title='bbox 1296 4564 1550 4631; x_wconf 73' lang='grc' dir='ltr'>ἐντολάς</span> <span class='ocrx_word' id='word_1_670' title='bbox 1611 4581 1743 4620; x_wconf 86' lang='grc' dir='ltr'>σου.</span> 
     </span>
    </p>
   </div>
   <div class='ocr_carea' id='block_1_91' title="bbox 1851 4546 3432 4636">
    <p class='ocr_par' dir='ltr' id='par_1_91' title="bbox 1857 4546 3432 4620">
     <span class='ocr_line' id='line_1_91' title="bbox 1857 4546 3432 4620; baseline -0.015 0"><span class='ocrx_word' id='word_1_671' title='bbox 1857 4577 1911 4620; x_wconf 91' lang='lat' dir='ltr'><strong>ut</strong></span> <span class='ocrx_word' id='word_1_672' title='bbox 1939 4565 2237 4620; x_wconf 83' lang='lat' dir='ltr'><strong>custodiam</strong></span> <span class='ocrx_word' id='word_1_673' title='bbox 2271 4560 2524 4615; x_wconf 87' lang='lat' dir='ltr'><strong>mandata</strong></span> <span class='ocrx_word' id='word_1_674' title='bbox 2558 4555 2672 4612; x_wconf 86' lang='lat' dir='ltr'><strong>tua.</strong></span> <span class='ocrx_word' id='word_1_675' title='bbox 2732 4555 2908 4607; x_wconf 84' lang='lat' dir='ltr'><strong>Funes</strong></span> <span class='ocrx_word' id='word_1_676' title='bbox 2947 4559 3279 4620; x_wconf 86' lang='lat' dir='ltr'><strong>peccatorum</strong></span> <span class='ocrx_word' id='word_1_677' title='bbox 3325 4546 3432 4598; x_wconf 87' lang='lat' dir='ltr'><strong>cir-</strong></span> 
     </span>
    </p>
   </div>
   <div class='ocr_carea' id='block_1_92' title="bbox 173 4655 1792 4728">
    <p class='ocr_par' dir='ltr' id='par_1_92' title="bbox 173 4655 1792 4728">
     <span class='ocr_line' id='line_1_92' title="bbox 173 4655 1792 4728; baseline -0.002 -17"><span class='ocrx_word' id='word_1_678' title='bbox 173 4659 420 4725; x_wconf 82' lang='grc' dir='ltr'>Σχοινια</span> <span class='ocrx_word' id='word_1_679' title='bbox 443 4657 806 4728; x_wconf 80' lang='grc' dir='ltr'><strong>ἁμαρτωλῶν</strong></span> <span class='ocrx_word' id='word_1_680' title='bbox 838 4655 1332 4726; x_wconf 73' lang='grc' dir='ltr'>περιεπλὰκησάν</span> <span class='ocrx_word' id='word_1_681' title='bbox 1356 4674 1478 4725; x_wconf 87' lang='grc' dir='ltr'>μοι,</span> <span class='ocrx_word' id='word_1_682' title='bbox 1511 4655 1610 4708; x_wconf 80' lang='grc' dir='ltr'><strong>καὶ</strong></span> <span class='ocrx_word' id='word_1_683' title='bbox 1643 4655 1748 4707; x_wconf 86' lang='grc' dir='ltr'><strong>τοῦ</strong></span> <span class='ocrx_word' id='word_1_684' title='bbox 1785 4714 1792 4722; x_wconf 33' lang='grc' dir='ltr'><strong><em>τ</em></strong></span> 
     </span>
    </p>
   </div>
   <div class='ocr_carea' id='block_1_93' title="bbox 175 4743 1748 4818">
    <p class='ocr_par' dir='ltr' id='par_1_93' title="bbox 175 4743 1748 4818">
     <span class='ocr_line' id='line_1_93' title="bbox 175 4743 1748 4818; baseline -0.002 -18"><span class='ocrx_word' id='word_1_685' title='bbox 175 4751 361 4818; x_wconf 87' lang='grc' dir='ltr'>νόμου</span> <span class='ocrx_word' id='word_1_686' title='bbox 384 4767 499 4804; x_wconf 90' lang='grc' dir='ltr'>σου</span> <span class='ocrx_word' id='word_1_687' title='bbox 515 4753 626 4804; x_wconf 81' lang='grc' dir='ltr'>οὐκ</span> <span class='ocrx_word' id='word_1_688' title='bbox 643 4751 1043 4818; x_wconf 71' lang='grc' dir='ltr'><strong>ἐπελαθόμην.</strong></span> <span class='ocrx_word' id='word_1_689' title='bbox 1069 4749 1480 4802; x_wconf 62' lang='lat' dir='ltr'><strong>Mavortia:er</strong></span> <span class='ocrx_word' id='word_1_690' title='bbox 1501 4749 1612 4800; x_wconf 86' lang='grc' dir='ltr'>οὐκ</span> <span class='ocrx_word' id='word_1_691' title='bbox 1629 4743 1748 4816; x_wconf 89' lang='lat' dir='ltr'><strong>(sic)</strong></span> 
     </span>
    </p>
   </div>
   <div class='ocr_carea' id='block_1_94' title="bbox 174 4836 1750 4911">
    <p class='ocr_par' dir='ltr' id='par_1_94' title="bbox 174 4836 1750 4911">
     <span class='ocr_line' id='line_1_94' title="bbox 174 4836 1750 4911; baseline -0.005 -16"><span class='ocrx_word' id='word_1_692' title='bbox 174 4843 554 4911; x_wconf 78' lang='grc' dir='ltr'>ἐξεγειρόμην</span> <span class='ocrx_word' id='word_1_693' title='bbox 581 4841 688 4896; x_wconf 83' lang='grc' dir='ltr'><strong>τοῦ</strong></span> <span class='ocrx_word' id='word_1_694' title='bbox 714 4838 1206 4911; x_wconf 76' lang='grc' dir='ltr'>ἐξομολογεῖσθαι</span> <span class='ocrx_word' id='word_1_695' title='bbox 1247 4853 1347 4890; x_wconf 87' lang='grc' dir='ltr'><strong>σοι</strong></span> <span class='ocrx_word' id='word_1_696' title='bbox 1387 4838 1485 4891; x_wconf 81' lang='grc' dir='ltr'><strong>ἐπὶ</strong></span> <span class='ocrx_word' id='word_1_697' title='bbox 1519 4837 1594 4890; x_wconf 89' lang='grc' dir='ltr'><strong>τὰ</strong></span> <span class='ocrx_word' id='word_1_698' title='bbox 1625 4836 1750 4906; x_wconf 78' lang='grc' dir='ltr'>κρί-</span> 
     </span>
    </p>
   </div>
   <div class='ocr_carea' id='block_1_95' title="bbox 169 4927 1752 5002">
    <p class='ocr_par' dir='ltr' id='par_1_95' title="bbox 169 4927 1752 5002">
     <span class='ocr_line' id='line_1_95' title="bbox 169 4927 1752 5002; baseline -0.004 -16"><span class='ocrx_word' id='word_1_699' title='bbox 169 4951 330 5002; x_wconf 85' lang='grc' dir='ltr'><em>ματα</em></span> <span class='ocrx_word' id='word_1_700' title='bbox 377 4933 488 5002; x_wconf 78' lang='grc' dir='ltr'><strong>τῆς</strong></span> <span class='ocrx_word' id='word_1_701' title='bbox 543 4933 934 5001; x_wconf 80' lang='grc' dir='ltr'>δικαιοσύνης</span> <span class='ocrx_word' id='word_1_702' title='bbox 975 4947 1107 4986; x_wconf 87' lang='grc' dir='ltr'>σου.</span> <span class='ocrx_word' id='word_1_703' title='bbox 1176 4929 1441 4998; x_wconf 83' lang='grc' dir='ltr'>Μέτοχος</span> <span class='ocrx_word' id='word_1_704' title='bbox 1485 4927 1599 4998; x_wconf 63' lang='grc' dir='ltr'><strong>ἐγώ</strong></span> <span class='ocrx_word' id='word_1_705' title='bbox 1635 4931 1752 4997; x_wconf 78' lang='grc' dir='ltr'>εἰμι</span> 
     </span>
    </p>
   </div>
   <div class='ocr_carea' id='block_1_96' title="bbox 175 5021 1752 5094">
    <p class='ocr_par' dir='ltr' id='par_1_96' title="bbox 175 5021 1752 5094">
     <span class='ocr_line' id='line_1_96' title="bbox 175 5021 1752 5094; baseline -0.003 -16"><span class='ocrx_word' id='word_1_706' title='bbox 175 5025 417 5080; x_wconf 78' lang='grc' dir='ltr'>πάντων</span> <span class='ocrx_word' id='word_1_707' title='bbox 460 5025 577 5079; x_wconf 88' lang='grc' dir='ltr'><strong>τῶν</strong></span> <span class='ocrx_word' id='word_1_708' title='bbox 632 5025 1016 5094; x_wconf 70' lang='grc' dir='ltr'>φοϐουμένων</span> <span class='ocrx_word' id='word_1_709' title='bbox 1051 5039 1144 5088; x_wconf 88' lang='grc' dir='ltr'><strong>σε,</strong></span> <span class='ocrx_word' id='word_1_710' title='bbox 1198 5023 1296 5077; x_wconf 75' lang='grc' dir='ltr'><strong>καὶ</strong></span> <span class='ocrx_word' id='word_1_711' title='bbox 1348 5021 1467 5075; x_wconf 86' lang='grc' dir='ltr'><strong>τῶν</strong></span> <span class='ocrx_word' id='word_1_712' title='bbox 1514 5025 1752 5090; x_wconf 64' lang='grc' dir='ltr'><strong>φυλασ-</strong></span> 
     </span>
    </p>
   </div>
   <div class='ocr_carea' id='block_1_97' title="bbox 177 5114 1754 5184">
    <p class='ocr_par' dir='ltr' id='par_1_97' title="bbox 177 5114 1754 5184">
     <span class='ocr_line' id='line_1_97' title="bbox 177 5114 1754 5184; baseline -0.002 -15"><span class='ocrx_word' id='word_1_713' title='bbox 177 5119 412 5172; x_wconf 79' lang='grc' dir='ltr'>σόντων</span> <span class='ocrx_word' id='word_1_714' title='bbox 461 5120 567 5184; x_wconf 80' lang='grc' dir='ltr'><strong>τὰς</strong></span> <span class='ocrx_word' id='word_1_715' title='bbox 619 5116 871 5183; x_wconf 83' lang='grc' dir='ltr'>ἐντολάς</span> <span class='ocrx_word' id='word_1_716' title='bbox 913 5131 1049 5171; x_wconf 88' lang='grc' dir='ltr'>σου.</span> <span class='ocrx_word' id='word_1_717' title='bbox 1123 5115 1232 5169; x_wconf 88' lang='grc' dir='ltr'><strong>Τοῦ</strong></span> <span class='ocrx_word' id='word_1_718' title='bbox 1282 5114 1492 5178; x_wconf 80' lang='grc' dir='ltr'>ἐλέους</span> <span class='ocrx_word' id='word_1_719' title='bbox 1535 5114 1754 5180; x_wconf 74' lang='grc' dir='ltr'>Κυρίου</span> 
     </span>
    </p>
   </div>
   <div class='ocr_carea' id='block_1_98' title="bbox 177 5201 1751 5278">
    <p class='ocr_par' dir='ltr' id='par_1_98' title="bbox 177 5201 1751 5278">
     <span class='ocr_line' id='line_1_98' title="bbox 177 5201 1751 5278; baseline -0.004 -19"><span class='ocrx_word' id='word_1_720' title='bbox 177 5206 417 5276; x_wconf 81' lang='grc' dir='ltr'><strong>πλήρης</strong></span> <span class='ocrx_word' id='word_1_721' title='bbox 445 5211 482 5278; x_wconf 80' lang='grc' dir='ltr'>ἡ</span> <span class='ocrx_word' id='word_1_722' title='bbox 521 5207 619 5278; x_wconf 67' lang='grc' dir='ltr'><strong>τῆ,</strong></span> <span class='ocrx_word' id='word_1_723' title='bbox 679 5207 751 5260; x_wconf 83' lang='grc' dir='ltr'><strong>τὰ</strong></span> <span class='ocrx_word' id='word_1_724' title='bbox 802 5204 1162 5274; x_wconf 82' lang='grc' dir='ltr'>δικαιώματὰ</span> <span class='ocrx_word' id='word_1_725' title='bbox 1211 5219 1328 5259; x_wconf 89' lang='grc' dir='ltr'>σου</span> <span class='ocrx_word' id='word_1_726' title='bbox 1378 5201 1623 5266; x_wconf 76' lang='grc' dir='ltr'>δίδαξόν</span> <span class='ocrx_word' id='word_1_727' title='bbox 1655 5219 1751 5270; x_wconf 83' lang='grc' dir='ltr'><strong>με.</strong></span> 
     </span>
    </p>
   </div>
   <div class='ocr_carea' id='block_1_99' title="bbox 191 5293 1753 5372">
    <p class='ocr_par' dir='ltr' id='par_1_99' title="bbox 191 5293 1753 5372">
     <span class='ocr_line' id='line_1_99' title="bbox 191 5293 1753 5372; baseline -0.004 -22"><span class='ocrx_word' id='word_1_728' title='bbox 191 5297 316 5352; x_wconf 72' lang='grc' dir='ltr'><strong>Ἐὰν</strong></span> <span class='ocrx_word' id='word_1_729' title='bbox 347 5300 686 5372; x_wconf 78' lang='grc' dir='ltr'>κατανοήσῃς</span> <span class='ocrx_word' id='word_1_730' title='bbox 715 5298 774 5351; x_wconf 87' lang='grc' dir='ltr'><strong>τὸ</strong></span> <span class='ocrx_word' id='word_1_731' title='bbox 809 5297 1012 5368; x_wconf 81' lang='grc' dir='ltr'>πλῆθος</span> <span class='ocrx_word' id='word_1_732' title='bbox 1032 5295 1141 5347; x_wconf 86' lang='grc' dir='ltr'><strong>τῶν</strong></span> <span class='ocrx_word' id='word_1_733' title='bbox 1171 5295 1613 5366; x_wconf 75' lang='grc' dir='ltr'>ἁμαρτανόντων,</span> <span class='ocrx_word' id='word_1_734' title='bbox 1646 5293 1753 5345; x_wconf 76' lang='grc' dir='ltr'><strong>τῶν</strong></span> 
     </span>
    </p>
   </div>
   <div class='ocr_carea' id='block_1_100' title="bbox 179 5383 1758 5455">
    <p class='ocr_par' dir='ltr' id='par_1_100' title="bbox 179 5383 1758 5455">
     <span class='ocr_line' id='line_1_100' title="bbox 179 5383 1758 5455; baseline -0.003 -15"><span class='ocrx_word' id='word_1_735' title='bbox 179 5389 537 5452; x_wconf 80' lang='grc' dir='ltr'>ἀσεϐούντων,</span> <span class='ocrx_word' id='word_1_736' title='bbox 571 5391 678 5443; x_wconf 84' lang='grc' dir='ltr'><strong>τῶν</strong></span> <span class='ocrx_word' id='word_1_737' title='bbox 725 5389 936 5442; x_wconf 86' lang='grc' dir='ltr'>ἀδικίαν</span> <span class='ocrx_word' id='word_1_738' title='bbox 968 5389 1047 5450; x_wconf 81' lang='grc' dir='ltr'>εἰς</span> <span class='ocrx_word' id='word_1_739' title='bbox 1095 5385 1266 5455; x_wconf 79' lang='grc' dir='ltr'>’Ύψος</span> <span class='ocrx_word' id='word_1_740' title='bbox 1317 5384 1636 5448; x_wconf 88' lang='grc' dir='ltr'>λαλούντων,</span> <span class='ocrx_word' id='word_1_741' title='bbox 1665 5383 1758 5435; x_wconf 78' lang='grc' dir='ltr'><strong>καὶ</strong></span> 
     </span>
    </p>
   </div>
   <div class='ocr_carea' id='block_1_101' title="bbox 181 5473 1755 5551">
    <p class='ocr_par' dir='ltr' id='par_1_101' title="bbox 181 5473 1755 5551">
     <span class='ocr_line' id='line_1_101' title="bbox 181 5473 1755 5551; baseline -0.003 -21"><span class='ocrx_word' id='word_1_742' title='bbox 181 5479 298 5550; x_wconf 73' lang='grc' dir='ltr'><strong>ἴδῃς</strong></span> <span class='ocrx_word' id='word_1_743' title='bbox 343 5481 438 5534; x_wconf 77' lang='grc' dir='ltr'>τοῦ</span> <span class='ocrx_word' id='word_1_744' title='bbox 490 5481 624 5534; x_wconf 81' lang='grc' dir='ltr'>Θεοῦ</span> <span class='ocrx_word' id='word_1_745' title='bbox 681 5482 776 5551; x_wconf 77' lang='grc' dir='ltr'>τὴν</span> <span class='ocrx_word' id='word_1_746' title='bbox 835 5475 1214 5550; x_wconf 82' lang='grc' dir='ltr'>μακροθυμίαν</span> <span class='ocrx_word' id='word_1_747' title='bbox 1268 5477 1361 5529; x_wconf 75' lang='grc' dir='ltr'><strong>ἐπὶ</strong></span> <span class='ocrx_word' id='word_1_748' title='bbox 1409 5474 1478 5529; x_wconf 82' lang='grc' dir='ltr'>τὰ</span> <span class='ocrx_word' id='word_1_749' title='bbox 1519 5473 1755 5528; x_wconf 79' lang='grc' dir='ltr'>τοσαῦτα</span> 
     </span>
    </p>
   </div>
   <div class='ocr_carea' id='block_1_102' title="bbox 182 5563 1755 5644">
    <p class='ocr_par' dir='ltr' id='par_1_102' title="bbox 182 5563 1755 5644">
     <span class='ocr_line' id='line_1_102' title="bbox 182 5563 1755 5644; baseline -0.004 -21"><span class='ocrx_word' id='word_1_750' title='bbox 182 5571 572 5644; x_wconf 75' lang='grc' dir='ltr'>ἁμαρτήματα,</span> <span class='ocrx_word' id='word_1_751' title='bbox 603 5573 720 5636; x_wconf 84' lang='grc' dir='ltr'>πῶς</span> <span class='ocrx_word' id='word_1_752' title='bbox 749 5573 842 5626; x_wconf 81' lang='grc' dir='ltr'><strong>καὶ</strong></span> <span class='ocrx_word' id='word_1_753' title='bbox 875 5569 1011 5641; x_wconf 72' lang='grc' dir='ltr'>μετὰ</span> <span class='ocrx_word' id='word_1_754' title='bbox 1042 5567 1277 5621; x_wconf 79' lang='grc' dir='ltr'>τοσαῦτα</span> <span class='ocrx_word' id='word_1_755' title='bbox 1325 5567 1501 5622; x_wconf 82' lang='grc' dir='ltr'>πάντα</span> <span class='ocrx_word' id='word_1_756' title='bbox 1531 5563 1755 5618; x_wconf 83' lang='grc' dir='ltr'>ἀνατέλ-</span> 
     </span>
    </p>
   </div>
   <div class='ocr_carea' id='block_1_103' title="bbox 181 5658 1759 5735">
    <p class='ocr_par' dir='ltr' id='par_1_103' title="bbox 181 5658 1759 5735">
     <span class='ocr_line' id='line_1_103' title="bbox 181 5658 1759 5735; baseline -0.004 -19"><span class='ocrx_word' id='word_1_757' title='bbox 181 5661 266 5717; x_wconf 78' lang='grc' dir='ltr'><strong>λει</strong></span> <span class='ocrx_word' id='word_1_758' title='bbox 304 5665 394 5718; x_wconf 83' lang='grc' dir='ltr'><strong>τδν</strong></span> <span class='ocrx_word' id='word_1_759' title='bbox 425 5666 574 5735; x_wconf 81' lang='grc' dir='ltr'>ἣλιον</span> <span class='ocrx_word' id='word_1_760' title='bbox 607 5665 770 5720; x_wconf 74' lang='grc' dir='ltr'>αὐτοῦ</span> <span class='ocrx_word' id='word_1_761' title='bbox 798 5665 888 5718; x_wconf 76' lang='grc' dir='ltr'><strong>ἐπὶ</strong></span> <span class='ocrx_word' id='word_1_762' title='bbox 923 5663 1188 5735; x_wconf 69' lang='grc' dir='ltr'>πονηροὺς</span> <span class='ocrx_word' id='word_1_763' title='bbox 1247 5662 1339 5714; x_wconf 79' lang='grc' dir='ltr'><strong>καὶ</strong></span> <span class='ocrx_word' id='word_1_764' title='bbox 1378 5659 1633 5728; x_wconf 78' lang='grc' dir='ltr'>ἀγαθοὺς,</span> <span class='ocrx_word' id='word_1_765' title='bbox 1666 5658 1759 5711; x_wconf 72' lang='grc' dir='ltr'><strong>καὶ</strong></span> 
     </span>
    </p>
   </div>
   <div class='ocr_carea' id='block_1_104' title="bbox 264 5816 764 5883">
    <p class='ocr_par' dir='ltr' id='par_1_104' title="bbox 264 5816 764 5883">
     <span class='ocr_line' id='line_1_104' title="bbox 264 5816 764 5883; baseline 0.004 -13"><span class='ocrx_word' id='word_1_766' title='bbox 264 5817 307 5852; x_wconf 72' lang='grc' dir='ltr'><em>υ</em></span> <span class='ocrx_word' id='word_1_767' title='bbox 348 5816 506 5874; x_wconf 81' lang='lat' dir='ltr'><strong>Rom.</strong></span> <span class='ocrx_word' id='word_1_768' title='bbox 539 5829 642 5883; x_wconf 82' lang='lat' dir='ltr'><strong>vn,</strong></span> <span class='ocrx_word' id='word_1_769' title='bbox 677 5817 764 5872; x_wconf 67' lang='grc'><strong>14.</strong></span> 
     </span>
    </p>
   </div>
   <div class='ocr_carea' id='block_1_105' title="bbox 1857 4639 3428 4723">
    <p class='ocr_par' dir='ltr' id='par_1_105' title="bbox 1857 4639 3428 4723">
     <span class='ocr_line' id='line_1_105' title="bbox 1857 4639 3428 4723; baseline -0.013 -13"><span class='ocrx_word' id='word_1_770' title='bbox 1857 4655 2121 4723; x_wconf 68' lang='grc' dir='ltr'><strong>συνηριθχί</strong></span> <span class='ocrx_word' id='word_1_771' title='bbox 2143 4665 2264 4708; x_wconf 87' lang='lat' dir='ltr'><strong>sunt</strong></span> <span class='ocrx_word' id='word_1_772' title='bbox 2295 4670 2395 4715; x_wconf 88' lang='lat' dir='ltr'><strong>me,</strong></span> <span class='ocrx_word' id='word_1_773' title='bbox 2452 4662 2500 4704; x_wconf 87' lang='lat' dir='ltr'><strong>et</strong></span> <span class='ocrx_word' id='word_1_774' title='bbox 2551 4649 2712 4718; x_wconf 83' lang='lat' dir='ltr'><strong>legem</strong></span> <span class='ocrx_word' id='word_1_775' title='bbox 2752 4655 2896 4698; x_wconf 85' lang='lat' dir='ltr'><strong>tuam</strong></span> <span class='ocrx_word' id='word_1_776' title='bbox 2935 4659 3038 4697; x_wconf 86' lang='lat' dir='ltr'><strong>non</strong></span> <span class='ocrx_word' id='word_1_777' title='bbox 3067 4657 3182 4695; x_wconf 89' lang='lat' dir='ltr'><strong>sum</strong></span> <span class='ocrx_word' id='word_1_778' title='bbox 3213 4639 3428 4694; x_wconf 80' lang='lat' dir='ltr'><strong>oblitus.</strong></span> 
     </span>
    </p>
   </div>
   <div class='ocr_carea' id='block_1_106' title="bbox 1859 4729 3430 4812">
    <p class='ocr_par' dir='ltr' id='par_1_106' title="bbox 1859 4729 3430 4812">
     <span class='ocr_line' id='line_1_106' title="bbox 1859 4729 3430 4812; baseline -0.013 -13"><span class='ocrx_word' id='word_1_779' title='bbox 1859 4745 2038 4800; x_wconf 83' lang='lat' dir='ltr'><strong>Media</strong></span> <span class='ocrx_word' id='word_1_780' title='bbox 2071 4755 2216 4798; x_wconf 88' lang='lat' dir='ltr'><strong>nocte</strong></span> <span class='ocrx_word' id='word_1_781' title='bbox 2248 4743 2520 4812; x_wconf 86' lang='lat' dir='ltr'><strong>surgebam</strong></span> <span class='ocrx_word' id='word_1_782' title='bbox 2555 4737 2622 4791; x_wconf 87' lang='lat' dir='ltr'><strong>ad</strong></span> <span class='ocrx_word' id='word_1_783' title='bbox 2651 4734 3004 4804; x_wconf 81' lang='lat' dir='ltr'><strong>conﬁtendum</strong></span> <span class='ocrx_word' id='word_1_784' title='bbox 3041 4731 3135 4785; x_wconf 90' lang='lat' dir='ltr'><strong>tibi</strong></span> <span class='ocrx_word' id='word_1_785' title='bbox 3158 4745 3314 4798; x_wconf 85' lang='lat' dir='ltr'><strong>super</strong></span> <span class='ocrx_word' id='word_1_786' title='bbox 3335 4729 3430 4797; x_wconf 88' lang='lat' dir='ltr'><strong>ju-</strong></span> 
     </span>
    </p>
   </div>
   <div class='ocr_carea' id='block_1_107' title="bbox 1857 4820 3432 4905">
    <p class='ocr_par' dir='ltr' id='par_1_107' title="bbox 1857 4820 3432 4905">
     <span class='ocr_line' id='line_1_107' title="bbox 1857 4820 3432 4905; baseline -0.013 -17"><span class='ocrx_word' id='word_1_787' title='bbox 1857 4837 2000 4890; x_wconf 89' lang='lat' dir='ltr'><strong>dicia</strong></span> <span class='ocrx_word' id='word_1_788' title='bbox 2030 4836 2264 4905; x_wconf 75' lang='lat' dir='ltr'><strong>justitia:</strong></span> <span class='ocrx_word' id='word_1_789' title='bbox 2307 4845 2431 4887; x_wconf 69' lang='lat' dir='ltr'><strong>ture.</strong></span> <span class='ocrx_word' id='word_1_790' title='bbox 2470 4831 2739 4896; x_wconf 84' lang='lat' dir='ltr'><strong>Particeps</strong></span> <span class='ocrx_word' id='word_1_791' title='bbox 2787 4843 2877 4896; x_wconf 85' lang='lat' dir='ltr'><strong>ego</strong></span> <span class='ocrx_word' id='word_1_792' title='bbox 2930 4841 3046 4877; x_wconf 83' lang='lat' dir='ltr'><strong>sum</strong></span> <span class='ocrx_word' id='word_1_793' title='bbox 3092 4821 3324 4874; x_wconf 84' lang='lat' dir='ltr'><strong>omnium</strong></span> <span class='ocrx_word' id='word_1_794' title='bbox 3363 4820 3432 4869; x_wconf 79' lang='lat' dir='ltr'><strong>ti-</strong></span> 
     </span>
    </p>
   </div>
   <div class='ocr_carea' id='block_1_108' title="bbox 1859 4910 3433 4984">
    <p class='ocr_par' dir='ltr' id='par_1_108' title="bbox 1859 4910 3433 4984">
     <span class='ocr_line' id='line_1_108' title="bbox 1859 4910 3433 4984; baseline -0.013 0"><span class='ocrx_word' id='word_1_795' title='bbox 1859 4931 2113 4984; x_wconf 86' lang='lat' dir='ltr'><strong>mentium</strong></span> <span class='ocrx_word' id='word_1_796' title='bbox 2147 4938 2194 4981; x_wconf 91' lang='lat' dir='ltr'><strong>te</strong></span> <span class='ocrx_word' id='word_1_797' title='bbox 2226 4937 2274 4980; x_wconf 90' lang='lat' dir='ltr'><strong>et</strong></span> <span class='ocrx_word' id='word_1_798' title='bbox 2305 4923 2710 4978; x_wconf 82' lang='lat' dir='ltr'><strong>custodientium</strong></span> <span class='ocrx_word' id='word_1_799' title='bbox 2763 4917 3014 4972; x_wconf 87' lang='lat' dir='ltr'><strong>mandata</strong></span> <span class='ocrx_word' id='word_1_800' title='bbox 3056 4925 3166 4968; x_wconf 87' lang='lat' dir='ltr'><strong>tua.</strong></span> <span class='ocrx_word' id='word_1_801' title='bbox 3229 4910 3433 4965; x_wconf 77' lang='lat' dir='ltr'><strong>Miseri-</strong></span> 
     </span>
    </p>
   </div>
   <div class='ocr_carea' id='block_1_109' title="bbox 1860 5003 3430 5084">
    <p class='ocr_par' dir='ltr' id='par_1_109' title="bbox 1860 5003 3430 5084">
     <span class='ocr_line' id='line_1_109' title="bbox 1860 5003 3430 5084; baseline -0.014 -11"><span class='ocrx_word' id='word_1_802' title='bbox 1860 5018 2044 5074; x_wconf 80' lang='lat' dir='ltr'><strong>cordia</strong></span> <span class='ocrx_word' id='word_1_803' title='bbox 2077 5017 2287 5071; x_wconf 86' lang='lat' dir='ltr'><strong>Domini</strong></span> <span class='ocrx_word' id='word_1_804' title='bbox 2342 5015 2495 5084; x_wconf 87' lang='lat' dir='ltr'><strong>plena</strong></span> <span class='ocrx_word' id='word_1_805' title='bbox 2518 5021 2595 5066; x_wconf 85' lang='lat' dir='ltr'><strong>est</strong></span> <span class='ocrx_word' id='word_1_806' title='bbox 2643 5021 2826 5072; x_wconf 86' lang='lat' dir='ltr'><strong>terra;</strong></span> <span class='ocrx_word' id='word_1_807' title='bbox 2849 5003 3268 5076; x_wconf 82' lang='lat' dir='ltr'><strong>justiﬁcationes</strong></span> <span class='ocrx_word' id='word_1_808' title='bbox 3312 5009 3430 5052; x_wconf 88' lang='lat' dir='ltr'><strong>luas</strong></span> 
     </span>
    </p>
   </div>
   <div class='ocr_carea' id='block_1_110' title="bbox 1861 5095 3431 5162">
    <p class='ocr_par' dir='ltr' id='par_1_110' title="bbox 1861 5095 3431 5162">
     <span class='ocr_line' id='line_1_110' title="bbox 1861 5095 3431 5162; baseline -0.013 -2"><span class='ocrx_word' id='word_1_809' title='bbox 1861 5109 1988 5162; x_wconf 87' lang='lat' dir='ltr'><strong>doce</strong></span> <span class='ocrx_word' id='word_1_810' title='bbox 2017 5124 2114 5161; x_wconf 89' lang='lat' dir='ltr'><strong>me.</strong></span> <span class='ocrx_word' id='word_1_811' title='bbox 2154 5105 2213 5160; x_wconf 90' lang='lat' dir='ltr'><strong>Si</strong></span> <span class='ocrx_word' id='word_1_812' title='bbox 2258 5100 2694 5159; x_wconf 84' lang='lat' dir='ltr'><strong>consideraveris</strong></span> <span class='ocrx_word' id='word_1_813' title='bbox 2746 5095 3148 5152; x_wconf 89' lang='lat' dir='ltr'><strong>multitudinem</strong></span> <span class='ocrx_word' id='word_1_814' title='bbox 3201 5103 3431 5161; x_wconf 86' lang='lat' dir='ltr'><strong>peccan-</strong></span> 
     </span>
    </p>
   </div>
   <div class='ocr_carea' id='block_1_111' title="bbox 1864 5182 3433 5268">
    <p class='ocr_par' dir='ltr' id='par_1_111' title="bbox 1864 5182 3433 5268">
     <span class='ocr_line' id='line_1_111' title="bbox 1864 5182 3433 5268; baseline -0.013 -14"><span class='ocrx_word' id='word_1_815' title='bbox 1864 5201 2022 5264; x_wconf 91' lang='lat' dir='ltr'><strong>tium,</strong></span> <span class='ocrx_word' id='word_1_816' title='bbox 2072 5197 2237 5268; x_wconf 88' lang='lat' dir='ltr'><strong>impie</strong></span> <span class='ocrx_word' id='word_1_817' title='bbox 2287 5195 2587 5266; x_wconf 80' lang='lat' dir='ltr'><strong>agentium,</strong></span> <span class='ocrx_word' id='word_1_818' title='bbox 2632 5201 2686 5246; x_wconf 90' lang='lat' dir='ltr'><strong>et</strong></span> <span class='ocrx_word' id='word_1_819' title='bbox 2727 5190 3066 5260; x_wconf 87' lang='lat' dir='ltr'><strong>iniquitatem</strong></span> <span class='ocrx_word' id='word_1_820' title='bbox 3107 5193 3296 5240; x_wconf 90' lang='lat' dir='ltr'><strong>contra</strong></span> <span class='ocrx_word' id='word_1_821' title='bbox 3329 5182 3433 5234; x_wconf 62' lang='lat' dir='ltr'><strong>Eur-</strong></span> 
     </span>
    </p>
   </div>
   <div class='ocr_carea' id='block_1_112' title="bbox 1864 5277 3432 5360">
    <p class='ocr_par' dir='ltr' id='par_1_112' title="bbox 1864 5277 3432 5360">
     <span class='ocr_line' id='line_1_112' title="bbox 1864 5277 3432 5360; baseline -0.013 -14"><span class='ocrx_word' id='word_1_822' title='bbox 1864 5295 2069 5348; x_wconf 89' lang='lat' dir='ltr'><strong>celsum</strong></span> <span class='ocrx_word' id='word_1_823' title='bbox 2099 5289 2460 5360; x_wconf 88' lang='lat' dir='ltr'><strong>loquentium,</strong></span> <span class='ocrx_word' id='word_1_824' title='bbox 2492 5286 2693 5355; x_wconf 89' lang='lat' dir='ltr'><strong>Deique</strong></span> <span class='ocrx_word' id='word_1_825' title='bbox 2723 5285 2775 5337; x_wconf 90' lang='lat' dir='ltr'><strong>in</strong></span> <span class='ocrx_word' id='word_1_826' title='bbox 2817 5288 2894 5336; x_wconf 91' lang='lat' dir='ltr'><strong>tot</strong></span> <span class='ocrx_word' id='word_1_827' title='bbox 2928 5281 3170 5350; x_wconf 86' lang='lat' dir='ltr'><strong>peccatis</strong></span> <span class='ocrx_word' id='word_1_828' title='bbox 3195 5277 3432 5331; x_wconf 87' lang='lat' dir='ltr'><strong>toleran-</strong></span> 
     </span>
    </p>
   </div>
   <div class='ocr_carea' id='block_1_113' title="bbox 1865 5365 3430 5454">
    <p class='ocr_par' dir='ltr' id='par_1_113' title="bbox 1865 5365 3430 5454">
     <span class='ocr_line' id='line_1_113' title="bbox 1865 5365 3430 5454; baseline -0.013 -16"><span class='ocrx_word' id='word_1_829' title='bbox 1865 5386 1998 5438; x_wconf 88' lang='lat' dir='ltr'><strong>tiam</strong></span> <span class='ocrx_word' id='word_1_830' title='bbox 2026 5381 2403 5454; x_wconf 87' lang='lat' dir='ltr'><strong>pcrpenderis,</strong></span> <span class='ocrx_word' id='word_1_831' title='bbox 2439 5377 2710 5449; x_wconf 91' lang='lat' dir='ltr'><strong>quomodo</strong></span> <span class='ocrx_word' id='word_1_832' title='bbox 2739 5377 2901 5429; x_wconf 83' lang='lat' dir='ltr'><strong>etiam</strong></span> <span class='ocrx_word' id='word_1_833' title='bbox 2933 5380 3058 5442; x_wconf 87' lang='lat' dir='ltr'><strong>post</strong></span> <span class='ocrx_word' id='word_1_834' title='bbox 3099 5371 3214 5424; x_wconf 70' lang='lat' dir='ltr'><strong>lucc</strong></span> <span class='ocrx_word' id='word_1_835' title='bbox 3249 5365 3430 5421; x_wconf 85' lang='lat' dir='ltr'><strong>omnia</strong></span> 
     </span>
    </p>
   </div>
   <div class='ocr_carea' id='block_1_114' title="bbox 1866 5460 3432 5534">
    <p class='ocr_par' dir='ltr' id='par_1_114' title="bbox 1866 5460 3432 5534">
     <span class='ocr_line' id='line_1_114' title="bbox 1866 5460 3432 5534; baseline -0.012 -7"><span class='ocrx_word' id='word_1_836' title='bbox 1866 5473 1996 5527; x_wconf 84' lang='lat' dir='ltr'><strong>oriri</strong></span> <span class='ocrx_word' id='word_1_837' title='bbox 2038 5472 2202 5524; x_wconf 82' lang='lat' dir='ltr'><strong>faciat</strong></span> <span class='ocrx_word' id='word_1_838' title='bbox 2249 5470 2419 5524; x_wconf 88' lang='lat' dir='ltr'><strong>solem</strong></span> <span class='ocrx_word' id='word_1_839' title='bbox 2457 5484 2613 5524; x_wconf 90' lang='lat' dir='ltr'><strong>suum</strong></span> <span class='ocrx_word' id='word_1_840' title='bbox 2655 5480 2820 5534; x_wconf 87' lang='lat' dir='ltr'><strong>super</strong></span> <span class='ocrx_word' id='word_1_841' title='bbox 2851 5464 3023 5516; x_wconf 90' lang='lat' dir='ltr'><strong>malos</strong></span> <span class='ocrx_word' id='word_1_842' title='bbox 3054 5467 3108 5515; x_wconf 86' lang='lat' dir='ltr'><strong>et</strong></span> <span class='ocrx_word' id='word_1_843' title='bbox 3153 5460 3344 5514; x_wconf 88' lang='lat' dir='ltr'><strong>bonos.</strong></span> <span class='ocrx_word' id='word_1_844' title='bbox 3378 5464 3432 5508; x_wconf 86' lang='lat' dir='ltr'><strong>et</strong></span> 
     </span>
    </p>
   </div>
   <div class='ocr_carea' id='block_1_115' title="bbox 1862 5543 3430 5632">
    <p class='ocr_par' dir='ltr' id='par_1_115' title="bbox 1862 5543 3430 5632">
     <span class='ocr_line' id='line_1_115' title="bbox 1862 5543 3430 5632; baseline -0.013 -15"><span class='ocrx_word' id='word_1_845' title='bbox 1862 5563 2013 5632; x_wconf 89' lang='lat' dir='ltr'><strong>pluat</strong></span> <span class='ocrx_word' id='word_1_846' title='bbox 2044 5577 2205 5629; x_wconf 89' lang='lat' dir='ltr'><strong>super</strong></span> <span class='ocrx_word' id='word_1_847' title='bbox 2233 5559 2410 5629; x_wconf 79' lang='lat' dir='ltr'><strong>iustos</strong></span> <span class='ocrx_word' id='word_1_848' title='bbox 2431 5566 2485 5612; x_wconf 91' lang='lat' dir='ltr'><strong>et</strong></span> <span class='ocrx_word' id='word_1_849' title='bbox 2517 5557 2750 5626; x_wconf 88' lang='lat' dir='ltr'><strong>iujustos</strong></span> <span class='ocrx_word' id='word_1_850' title='bbox 2769 5553 2832 5616; x_wconf 73' lang='grc'><strong>⁸³,</strong></span> <span class='ocrx_word' id='word_1_851' title='bbox 2853 5551 3035 5605; x_wconf 89' lang='lat' dir='ltr'><strong>dices:</strong></span> <span class='ocrx_word' id='word_1_852' title='bbox 3058 5543 3430 5602; x_wconf 73' lang='lat' dir='ltr'><strong>Misericordia</strong></span> 
     </span>
    </p>
   </div>
   <div class='ocr_carea' id='block_1_116' title="bbox 1865 5645 3426 5722">
    <p class='ocr_par' dir='ltr' id='par_1_116' title="bbox 1865 5645 3426 5722">
     <span class='ocr_line' id='line_1_116' title="bbox 1865 5645 3426 5722; baseline -0.013 -13"><span class='ocrx_word' id='word_1_853' title='bbox 1865 5655 2079 5709; x_wconf 88' lang='lat' dir='ltr'><strong>Domini</strong></span> <span class='ocrx_word' id='word_1_854' title='bbox 2114 5653 2264 5722; x_wconf 84' lang='lat' dir='ltr'><strong>plena</strong></span> <span class='ocrx_word' id='word_1_855' title='bbox 2296 5661 2371 5706; x_wconf 87' lang='lat' dir='ltr'><strong>est</strong></span> <span class='ocrx_word' id='word_1_856' title='bbox 2405 5661 2564 5705; x_wconf 86' lang='lat' dir='ltr'><strong>terra.</strong></span> <span class='ocrx_word' id='word_1_857' title='bbox 2597 5645 3005 5718; x_wconf 72' lang='lat' dir='ltr'><strong>justi/icationes</strong></span> <span class='ocrx_word' id='word_1_858' title='bbox 3040 5651 3158 5695; x_wconf 86' lang='lat' dir='ltr'><strong>tuas</strong></span> <span class='ocrx_word' id='word_1_859' title='bbox 3181 5645 3304 5692; x_wconf 80' lang='lat' dir='ltr'><strong>doce</strong></span> <span class='ocrx_word' id='word_1_860' title='bbox 3329 5651 3426 5690; x_wconf 82' lang='lat' dir='ltr'><strong>me.</strong></span> 
     </span>
    </p>
   </div>
   <div class='ocr_carea' id='block_1_117' title="bbox 843 5807 1973 5870">
    <p class='ocr_par' dir='ltr' id='par_1_117' title="bbox 843 5807 1973 5870">
     <span class='ocr_line' id='line_1_117' title="bbox 843 5807 1973 5870; baseline -0.006 -2"><span class='ocrx_word' id='word_1_861' title='bbox 843 5819 882 5848; x_wconf 81' lang='grc'>²¹</span> <span class='ocrx_word' id='word_1_862' title='bbox 923 5815 1080 5868; x_wconf 81' lang='lat' dir='ltr'><strong>Num.</strong></span> <span class='ocrx_word' id='word_1_863' title='bbox 1121 5829 1282 5868; x_wconf 74' lang='lat' dir='ltr'><strong>xvm.</strong></span> <span class='ocrx_word' id='word_1_864' title='bbox 1317 5811 1404 5864; x_wconf 67' lang='lat'><strong>9.&quot;.</strong></span> <span class='ocrx_word' id='word_1_865' title='bbox 1487 5813 1528 5845; x_wconf 83' lang='grc'><strong>³³</strong></span> <span class='ocrx_word' id='word_1_866' title='bbox 1571 5809 1758 5866; x_wconf 77' lang='lat' dir='ltr'><strong>Matth.</strong></span> <span class='ocrx_word' id='word_1_867' title='bbox 1794 5825 1845 5870; x_wconf 80' lang='grc' dir='ltr'><strong>γ.</strong></span> <span class='ocrx_word' id='word_1_868' title='bbox 1881 5807 1973 5862; x_wconf 67' lang='grc'><strong>45.</strong></span> 
     </span>
    </p>
   </div>
  </div>
