3868 6282
479 372 618 430 1375

1181 367 1448 426 EUSEBII
1484 364 1958 423 CESANENSIS
1979 363 2128 421 OPP.
2164 360 2342 417 PARS
2378 360 2466 416 Ill.
2496 389 2564 402 —
2602 354 3006 412 EXEGETICA.

3551 351 3654 409 i376

484 495 667 566 βρέχει
711 495 803 549 ἐπὶ
829 494 1065 558 δικαίως
1095 494 1189 548 καὶ
1215 493 1452 557 ἀδίκους,
1495 493 1668 562 ἐρεῖς*
1713 488 1821 544 Τοῦ
1850 487 2060 553 ἐλέους
2105 486 2325 554 Κυρίου
2361 485 2596 551 πλήρης
2635 481 2674 547 ἠ
2729 476 2828 547 γῆ,
2865 476 2937 531 τὰ
3000 472 3350 544 δικαιώματά
3393 488 3496 526 σου
3530 471 3655 527 δίδα-

483 588 594 652 ξόν
610 605 704 658 με.

557 653 722 737 νέης.
751 679 841 744 65,
875 678 966 734 66.
1027 679 1325 734 Bonitatem
1381 679 1552 749 fecisti
1602 693 1719 732 cum
1755 691 1900 731 servo
1941 685 2051 733 tuo,

2228 659 2611 732 Χρηστότητα
2657 657 2947 724 ἐποίησας
2993 653 3143 724 μετὰ
3178 653 3284 708 τοῦ
3333 653 3535 708 δούλου
3557 674 3658 726 σου,

484 773 729 836 Domine,
755 773 1040 828 secundum
1063 770 1271 835 verbum
1299 781 1468 828 tuum.
1501 770 1797 825 Bonitatem
1823 782 1872 824 et
1890 769 2054 824 disci-

484 863 685 930 plinam
710 872 760 917 et
779 863 1053 918 scientiam
1083 861 1210 916 doce
1232 879 1331 927 me,
1356 862 1481 931 quia
1515 861 1782 917 mandatis
1807 863 1910 916 tuis
1942 878 2056 916 cre-

486 951 622 1007 didi.
654 950 759 1006 Pro
803 953 895 1006 illo
928 971 940 1005 :
979 951 1278 1006 Bonitatem
1308 952 1503 1021 fecisti,
1546 952 1903 1025 Symmachus
1940 952 2056 1008 edi-

486 1042 566 1097 dit
594 1058 605 1094 :
646 1043 956 1112 Benefccisti
1013 1059 1158 1098 servo
1187 1051 1296 1096 tuo.
1351 1041 1589 1097 Docetur
1634 1051 1813 1098 autem
1846 1042 1893 1098 is
1913 1083 1928 1109 ,
1959 1042 2055 1114 qui

489 1133 691 1190 divinis
721 1137 1006 1192 institutus
1037 1144 1143 1200 est,
1179 1151 1249 1191 ne
1288 1137 1536 1207 ingratus
1571 1137 1642 1193 sit
1673 1152 1772 1206 pro
1793 1137 2056 1194 beneficio

489 1241 585 1296 per
619 1225 786 1281 Deum
824 1228 926 1283 sibi
955 1227 1193 1296 collato;
1254 1229 1350 1284 sed
1398 1230 1556 1291 sciat,
1591 1229 1835 1285 bonitate
1869 1229 1962 1286 Dei
1987 1230 2056 1286 ad

489 1331 548 1372 se
582 1317 952 1386 perveniente,
977 1334 1037 1373 se
1068 1317 1292 1390 dignum
1342 1320 1587 1374 habitum
1623 1319 1796 1376 fuisse
1823 1321 1915 1392 qui
1943 1337 2054 1376 ser-

485 1423 588 1463 vus
613 1407 704 1462 Dei
738 1418 1044 1477 vocaretur,
1080 1413 1382 1468 secundum
1404 1412 1627 1466 verbum
1657 1411 1779 1482 ejus
1811 1412 1934 1468 talis
1977 1411 2060 1468 ef-

441 1564 455 1578 η
488 1497 686 1555 fectus.

437 1582 460 1632 ἶ
561 1589 727 1645 Vens.
761 1590 849 1645 67.
904 1589 1228 1662 Priusquam
1300 1595 1636 1660 Itumiliarer,
1694 1612 1786 1666 ego
1837 1594 2055 1667 deliqui,

486 1690 762 1750 propterea
788 1683 1052 1754 eloquium
1077 1695 1222 1739 tuum
1265 1687 1544 1742 custodiri.
1572 1686 1800 1758 Propter
1848 1689 2056 1759 priora,

491 1775 690 1845 inquit,
731 1789 955 1846 peccata
986 1794 1108 1849 quae
1137 1779 1492 1844 admiseram,
1517 1781 1772 1846 traditus,
1806 1782 2060 1837 humilia-

490 1874 578 1919 tus
609 1881 754 1930 sum,
782 1865 988 1938 Deique
1009 1868 1220 1939 judicio
1245 1870 1297 1925 id
1332 1887 1453 1926 sum
1493 1887 1808 1942 perpessus.
1852 1873 2043 1939 Quam-

489 1958 677 2014 obrem
725 1959 1029 2030 disciplinae
1083 1962 1338 2029 traditus,
1370 1964 1677 2020 doctrinam
1725 1968 1964 2037 postulo,
1995 1973 2058 2022 ut

2155 756 2352 822 Κύριε,
2375 751 2527 807 κατὰ
2550 750 2658 804 τὸν
2681 749 2865 819 λόγον
2887 761 3024 801 σου.
3057 746 3431 814 Χρηστότητα
3457 747 3540 799 καὶ
3563 763 3657 800 παι.

2154 846 2324 900 δείαν
2362 843 2460 897 καί
2503 841 2732 913 γνῶσιν
2759 838 3007 903 δίδαξόι·
3046 854 3142 907 με,
3175 836 3264 890 ὅτι
3305 836 3428 898 ταῖς
3449 837 3661 906 ἐντολαῖς

2154 954 2269 993 σου
2289 936 2638 990 ἐπίστευσα.
2675 932 2818 986 Ἀντὶ
2859 930 2982 983 τοῦ’
3013 929 3395 998 Χρηστότητα
3413 930 3664 997 ἐποίησας,

2155 1025 2565 1096 εὐηργέτησας
2596 1021 2704 1076 τὸν
2735 1021 2960 1076 δοῦλόν
2989 1037 3127 1083 σου,
3151 1018 3409 1085 ἐξέδωκεν
3433 1021 3458 1071 ὀ
3490 1019 3666 1089 Σῦρμα.

2157 1139 2269 1194 χος.
2321 1117 2640 1172 Διδάσκεται
2696 1114 2754 1168 δὲ
2805 1117 2834 1168 ὁ
2878 1113 2946 1166 τά
2985 1112 3101 1165 θεῖα
3162 1109 3570 1179 πεπαιδευμένος
3619 1113 3669 1178 μὴ

2157 1212 2496 1282 ἀναισθήτως
2558 1208 2698 1279 ἔχειν
2735 1205 2837 1277 τῆς
2884 1205 2966 1268 είς
3017 1203 3177 1258 αὐτὸν
3225 1201 3572 1272 γεγενημένος
3605 1206 3671 1259 τοῦ

2157 1303 2292 1360 Θεοῦ
2322 1299 2665 1372 εὐεργεσίας·
2716 1296 2910 1350 εἰδέναι
2938 1295 3014 1360 δὲ,
3050 1295 3152 1356 ὅτι,
3200 1295 3556 1365 χρηστότητος
3578 1296 3674 1348 Θελῦ

2160 1393 2463 1466 φθανούσης
2492 1394 2571 1455 είς
2601 1389 2780 1453 αὑτὸν,
2818 1386 3147 1458 κατηξίωται
3185 1384 3373 1448 δοῦλος
3403 1386 3677 1456 χρηματίσαι

2158 1484 2314 1547 Θεοῦ,
2337 1482 2480 1538 κατά
2509 1481 2598 1536 τὸν
2626 1480 2782 1549 λόγον
2813 1478 2972 1532 αὐτοῦ
2997 1477 3312 1547 γενόμενος.

2230 1573 2348 1642 Πρὸ
2380 1570 2488 1627 τοῦ
2523 1569 2954 1638 ταπεινωθῆναι
3003 1567 3116 1636 ἐγὼ
3145 1566 3588 1636 ἐπλημμέλησα,
3613 1566 3682 1621 διὰ

2160 1667 2334 1721 τοῦτο
2368 1665 2433 1720 τὸ
2469 1665 2676 1734 λόγιόν
2707 1679 2823 1717 σου
2852 1662 3144 1731 ἐφύλαξα.
3180 1660 3281 1713 Διά
3321 1660 3419 1722 τὰς
3450 1660 3682 1730 προτέρας,

2161 1759 2314 1828 φησι,
2347 1753 2682 1829 πραχθείσας
2707 1754 2977 1827 ἁμαρτίας
3003 1752 3328 1824 παραδοθεὶς
3354 1751 3682 1822 ἐταπεινώθην,

2163 1847 2342 1921 κρίσει
2374 1845 2509 1899 Θεοῦ
2543 1844 2715 1899 ταῦτα
2749 1843 2953 1897 παθών.
2986 1835 3153 1913 Οὗδὴ
3179 1841 3278 1895 καὶ
3329 1839 3485 1912 χάριν
3519 1841 3686 1908 παιδείᾳ

2164 1938 2508 2011 παραδοθεὶς,
2541 1937 2729 1998 δέομαι
2758 1937 3122 1998 διδασκαλίας,
3153 1935 3230 1997 ὡς
3267 1935 3335 1988 ἄν
3360 1931 3469 2001 γνῶ
3486 1933 3555 1986 ὅτι
3573 1934 3601 2003 ἡ
3621 1949 3687 1985 τι-

490 2065 820 2121 cognoscam
845 2053 986 2108 hanc
1019 2054 1476 2122 humiliationem,
1513 2073 1634 2128 qua:
1667 2058 1800 2112 mihi
1840 2058 2062 2124 accidit,

2169 2034 2418 2096 πείνωσις
2455 2032 2488 2102 ἠ
2519 2031 2780 2102 γενομένη
2821 2047 2908 2101 μοι
2937 2027 3074 2082 κατά
3109 2025 3457 2098 χρηστότητα
3491 2025 3574 2076 καὶ
3599 2040 3687 2076 πτι-

490 2156 557 2194 CL
585 2140 827 2198 bonitate
861 2153 916 2198 et
943 2142 1237 2216 disciplina
1271 2148 1520 2204 evenisse
1556 2147 1710 2205 mihi.

562 2231 728 2289 Vsus.
761 2233 851 2290 68.
887 2234 1149 2306 Benignus
1177 2254 1232 2292 es
1256 2249 1333 2304 tu,
1362 2238 1600 2305 Domine,
1627 2251 1678 2295 et
1721 2241 1774 2295 in
1833 2241 2064 2298 bonitate

493 2331 585 2375 tua
613 2323 740 2378 doce
783 2340 863 2379 me
877 2325 1290 2397 justiﬁcationes
1326 2338 1466 2384 tuas.
1521 2328 1671 2400 Opus
1715 2331 1852 2399 justi
1885 2332 2062 2397 est,in

491 2415 750 2470 omnibus
775 2434 896 2486 quae
953 2420 1234 2484 accidunt,
1272 2421 1529 2477 alacriter
1562 2439 1620 2478 se
1661 2423 1884 2486 habere,
1917 2423 2063 2493 quod

490 2502 607 2558 hac
637 2519 666 2558 a
693 2504 1038 2563 Providentia
1063 2511 1469 2582 dispensentur,
1495 2521 1658 2584 atque
1681 2515 1762 2572 vel
1781 2515 2065 2570 acerbiora

491 2593 740 2651 hilariter
769 2599 1090 2669 accipiendo
1115 2599 1225 2658 Deo
1244 2602 1427 2660 dicere
1452 2622 1465 2658 :
1499 2604 1763 2676 Benignes
1789 2621 1843 2660 es
1867 2613 1919 2658 tu
1938 2622 1956 2669 ;
1974 2614 2061 2660 et:

490 2687 808 2743 Benedicam
830 2691 1056 2748 Domino
1080 2695 1134 2748 in
1174 2696 1317 2749 omni
1350 2705 1596 2766 tempore,
1625 2698 1681 2752 in
1715 2697 1819 2754 hoc
1852 2711 2067 2766 semper

492 2785 775 2855 proposito
807 2786 1132 2844 insistendo.
1155 2787 1260 2845 Pro
1287 2790 1380 2844 illo
1405 2809 1418 2844 :
1441 2791 1706 2862 Benignus
1733 2808 1787 2846 es
1828 2801 1906 2856 tu,
1936 2791 2065 2847 relio

492 2890 613 2945 quae
643 2874 914 2932 editiones
948 2896 960 2931 :
983 2877 1163 2931 Bonus
1192 2895 1247 2933 es
1270 2888 1348 2943 tu,
1375 2879 1745 2950 interpretata:
1768 2889 1917 2936 sunt.
1937 2878 2065 2936 Scio

493 2961 705 3031 utique,
737 2962 834 3025 ait,
872 2980 1050 3034 neque
1081 2965 1273 3021 dubito
1307 2965 1376 3022 de
1420 2978 1618 3023 natura
1643 2979 1754 3034 tua,
1793 2972 1937 3041 quod
1980 2972 2058 3025 ni-

491 3052 692 3106 mirum
750 3053 866 3124 ipsa
924 3055 1140 3112 bonitas
1187 3057 1295 3125 sit;
1333 3057 1430 3113 sed
1485 3061 1702 3130 postulo
1759 3061 2065 3116 doctrinam

485 3143 944 3214 justiﬁcationum
1005 3155 1248 3215 tuarum,
1295 3165 1402 3220 qua
1450 3165 1536 3205 me
1601 3135 1816 3207 institui
1880 3167 2061 3223 rogo:

491 3251 617 3290 nam
651 3237 900 3294 doctrina
939 3256 1095 3311 egeo,
1129 3250 1187 3296 ut
1235 3258 1519 3300 sermones
1553 3245 1622 3301 de
1665 3246 1917 3316 superbis
1974 3260 2067 3300 co-

491 3343 774 3397 gnoscam.

564 3486 732 3543 Vens.
767 3487 857 3543 69.
896 3488 1258 3559 Multiplicata
1281 3500 1361 3545 est
1390 3507 1545 3560 super
1578 3509 1659 3546 me
1690 3492 1942 3562 iniquitas
1974 3508 2061 3546 su-

491 3577 808 3648 perborum;
837 3595 928 3650 ego
958 3589 1130 3634 autem
1167 3581 1222 3633 in
1275 3588 1384 3635 toto
1439 3580 1596 3635 corde
1647 3597 1758 3634 meo
1789 3581 2067 3634 scrutabor

493 3669 751 3725 mandata
787 3681 899 3726 tua.
929 3671 1144 3738 Quanto
1179 3671 1382 3741 justior
1406 3671 1680 3744 quispiam
1706 3680 1812 3738 est,
1852 3671 2068 3742 Deoque

492 3763 669 3835 magis
719 3763 976 3828 adheret,
1011 3780 1076 3820 ac
1122 3765 1178 3820 in
1229 3781 1294 3821 eo
1333 3781 1440 3836 pax
1494 3765 1588 3821 Dei
1633 3766 2066 3837 multiplicatur;

493 3863 647 3912 tanto
682 3858 852 3928 magis
883 3859 936 3913 in
960 3873 1046 3924 eo,
1078 3866 1266 3930 utpote
1295 3860 1659 3930 praestantiori
1697 3859 1921 3928 athleta,
1955 3859 2040 3914 vir

493 3954 586 4003 tus
629 3950 919 4016 accrescit,
986 3949 1275 4021 plusquam
1329 3949 1690 4020 superborum
1749 3949 1927 4019 ipsum
1973 3949 2068 4002 lae-

493 4039 627 4095 dere
656 4041 990 4110 volentium;
1021 4044 1136 4097 sive
1165 4041 1605 4096 adversariarum
1638 4042 1924 4104 virtutum,
1955 4042 2069 4097 sive

498 4131 802 4186 hominum.
840 4131 953 4187 Hoc
1010 4144 1191 4188 autem
1239 4141 1485 4204 peracto,
1539 4149 1607 4189 ne
1644 4133 1723 4188 vel
1783 4134 2068 4187 minimum

497 4225 715 4295 quidem
747 4227 1030 4282 remissior
1065 4227 1263 4295 evadit,
1299 4227 1595 4297 quominus
1661 4227 1715 4281 in
1763 4234 1881 4282 toto
1905 4225 2070 4282 corde

497 4325 776 4372 scrutetur
810 4319 1062 4373 mandata
1093 4317 1209 4383 Dei,
1243 4328 1299 4373 ut
1327 4318 1494 4374 faciat
1522 4336 1608 4377 ea.

567 4404 733 4460 Vens.
767 4406 952 4461 70-72.
977 4406 1331 4478 Coagulalum
1353 4417 1429 4463 est
1462 4411 1601 4464 sicut
1620 4410 1702 4464 lac
1735 4427 1826 4464 cor
1855 4425 2069 4465 eorum:

495 4515 588 4569 ego
624 4515 742 4552 vero
773 4500 932 4570 legem
979 4511 1127 4554 tuam
1168 4501 1452 4558 meditatus
1505 4518 1644 4558 sum.
1686 4504 1893 4558 Bonum
1944 4505 2072 4558 mihi

495 4591 624 4660 quia
654 4590 951 4647 humiliasti
983 4611 1084 4657 me,
1118 4603 1175 4646 ut
1214 4593 1416 4648 discam
1462 4596 1876 4665 justiﬁcationes
1927 4605 2066 4650 tuas.

496 4683 705 4739 Bonum
734 4685 866 4739 mihi
893 4686 976 4740 lex
1001 4689 1105 4742 oris
1136 4691 1213 4743 tui
1236 4705 1391 4759 super
1407 4691 1579 4745 millia
1611 4691 1732 4746 auri
1762 4703 1812 4746 et
1844 4693 2067 4764 argenti.

2161 2125 2306 2178 δείαν
2330 2124 2560 2194 ἐγένετο.

2231 2214 2504 2284 Χρηστὸς
2544 2210 2604 2268 εἷ
2633 2212 2736 2276 σὺ,
2771 2213 2964 2281 Κύριε,
2999 2210 3096 2264 καί
3132 2208 3207 2279 τῇ
3241 2208 3588 2278 χρηστότητι
3606 2222 3690 2261 σου

2163 2307 2411 2373 δίδαξόν
2452 2323 2531 2377 με
2569 2305 2642 2360 τὰ
2689 2303 3046 2374 δικαιώματὰ
3098 2319 3236 2358 σου.
3309 2303 3524 2356 Δικαίου
3574 2302 3690 2373 ἔργον

2163 2400 2330 2465 ἐστὶν,
2349 2399 2442 2452 ἐπὶ
2457 2401 2591 2454 πᾶσι
2615 2400 2726 2464 τοῖς
2757 2416 2820 2451 συ
2828 2397 3140 2470 μὸαίνουσιν
3164 2396 3610 2468 εὐαρεστούμενσν
3627 2395 3691 2447 καὶ

2165 2489 2677 2563 κατακληρούμενον
2707 2491 2814 2544 ἀπὸ
2842 2491 2940 2562 τῆς
2975 2491 3264 2563 Προνοίας,
3296 2491 3493 2563 ἱλαρῶς
3521 2486 3691 2559 δεχομέ-

2164 2599 2254 2635 νου
2276 2582 2472 2650 λέγειν,
2491 2581 2583 2634 καὶ
2603 2581 2693 2634 ἐπὶ
2713 2583 2822 2644 τοῖς
2834 2581 3173 2652 πικροτέροις
3188 2577 3334 2636 εἶναι
3356 2582 3690 2652 νομιζομένοις,

2165 2673 2245 2745 τῷ
2269 2673 2387 2746 Θεῷ
2414 2673 2502 2726 τό·
2545 2671 2816 2742 Χρηστὸς
2838 2667 2895 2725 εἴ
2919 2673 3020 2736 σὺ,
3052 2674 3144 2726 καὶ
3167 2673 3228 2726 τό
3246 2689 3262 2703 ο
3290 2671 3602 2742 Εὐλοτήσω
3617 2669 3692 2724 τὸν

2167 2764 2387 2834 Κύριον
2441 2762 2512 2816 ἐν
2569 2761 2744 2816 παντί
2811 2762 3011 2830 καιρῷ,
3075 2761 3174 2832 τῆς
3245 2762 3421 2832 αὐτῆς
3495 2762 3691 2832 ἐχόμενον

2171 2855 2556 2926 προαιρέσεως.
2604 2854 2747 2906 Ἀντὶ
2777 2854 2892 2920 τοῦ,
2927 2855 3196 2923 Χρηστὸς
3220 2851 3283 2908 εἷ
3327 2854 3432 2917 σὺ,
3464 2855 3515 2908 αί
3556 2850 3690 2906 λοιπαὶ

2166 2947 2406 3010 ἐκδόσεις
2425 2963 2436 2974 ·
2470 2944 2701 3015 Ἀγαθός
2727 2941 2786 2999 εἴ
2803 2945 2906 3004 σὺ,
2933 2947 3310 3016 ήρμήνευσαν.
3333 2945 3463 2998 Οἶδα
3493 2945 3578 3014 μὲν
3607 2939 3687 3002 οὖν,

2167 3039 2324 3111 φησὶ,
2341 3038 2434 3092 καὶ
2456 3038 2556 3091 οὐκ
2593 3035 2916 3109 ἀμφιϐάλλω
2941 3037 3186 3110 περὶτῆς
3211 3038 3316 3109 σῆς
3345 3037 3548 3101 οὐσίας,
3571 3035 3690 3103 ὅτιῆ

2168 3131 2504 3199 αὐτοάγαθον
2541 3130 2785 3200 πέφυκεν
2806 3144 2820 3158 ⁸
2847 3129 2981 3184 ἀλλὰ
3020 3129 3208 3202 δέομαι
3248 3130 3586 3192 διδασκαλίας
3618 3128 3690 3180 τῶν

2166 3220 2547 3292 δικαιωμάτων
2579 3238 2692 3285 σου,
2723 3222 2790 3293 ἢν
2823 3220 2957 3286 ἀξιῶ
2994 3219 3202 3286 διδάξαι
3263 3238 3368 3293 με’
3408 3218 3690 3280 διδασκαλίας

2168 3312 2277 3385 γάρ
2324 3330 2414 3383 μοι
2460 3313 2562 3376 δεῖν
2618 3314 2698 3376 εἷς
2741 3313 2803 3366 τὸ
2847 3311 3046 3381 γνῶναι
3087 3313 3212 3378 τοὺς
3262 3314 3398 3386 περὶ
3442 3311 3542 3365 τῶν
3577 3313 3690 3381 ὑπερ-

2095 3394 2137 3450 C
2169 3405 2392 3476 ηφάνων
2424 3405 2633 3474 λόγους.

2250 3497 2623 3566 Ἐπληθύνθη
2645 3497 2739 3550 ἐπ’
2781 3495 2887 3567 ἐμὲ
2928 3495 3132 3552 ἀδικία
3171 3495 3595 3567 ὑπερηφάνων
3618 3491 3688 3562 erit

2165 3587 2235 3641 δὲ
2259 3588 2328 3642 ἐν
2350 3589 2463 3658 ὅλῃ
2509 3589 2722 3658 καρδίᾳ
2749 3607 2868 3659 μου
2915 3588 3298 3659 ἑξερευνήσω
3348 3590 3453 3656 τὰς
3498 3585 3682 3648 ἐντολὰς

2167 3694 2302 3736 σου.
2321 3681 2469 3752 ’Ὀσῳ
2486 3681 2692 3745 δίκαιός
2718 3682 2801 3746 τίς
2824 3683 2964 3747 ἐστι,
2983 3681 3415 3753 προστιθέμενος
3453 3681 3538 3734 ἐπὶ
3565 3677 3688 3732 πλεῖον

2168 3771 2245 3844 τῷ
2281 3771 2419 3844 Θεῷ,
2457 3773 2551 3827 καὶ
2575 3773 2902 3844 πληθύνεται
2931 3776 2989 3828 ὲν
3012 3773 3161 3845 αὐτῷ
3188 3776 3222 3845 ἡ
3249 3775 3449 3846 εἰρήνη
3475 3771 3560 3825 τοῦ
3583 3767 3688 3828 Θεοῦ.

2166 3863 2425 3936 τοσούτῳ,
2461 3863 2536 3928 ὡς
2572 3865 2664 3918 ἐπὶ
2722 3865 2960 3938 ἀθλητὴν
2999 3865 3221 3936 μείζονα
3284 3866 3375 3919 ἐπ’
3427 3864 3565 3935 αὐτῷ
3601 3861 3689 3929 7):,-

2170 3954 2407 4021 θύνεται,
2441 3957 2474 4028 ἢ
2505 3956 2612 4010 τῶν
2640 3956 2842 4011 ἀδικεῖν
2865 3957 3026 4011 αὑτὸν
3063 3957 3329 4011 θελόντων
3367 3953 3688 4028 ὑπερηφάνων,

2169 4048 2280 4101 εἴτε
2335 4048 2619 4118 δυνάμεων
2661 4048 3074 4120 ἀντικειμένων,
3109 4049 3219 4102 εἴτε
3251 4047 3566 4120 ἀνθρώπων.
3597 4041 3690 4095 Τού-

2169 4157 2262 4193 του
2291 4138 2347 4193 δὲ
2379 4139 2686 4210 γινομένου,
2719 4139 2840 4193 οὐδὲ
2873 4139 3014 4193 κατά
3051 4139 3114 4193 τὸ
3164 4140 3320 4194 ποιὸν
3361 4138 3608 4193 ἐνδίδωσιν
3626 4129 3688 4184 τοῦ

2173 4230 2248 4302 μὴ
2285 4232 2343 4286 ἐν
2381 4230 2476 4302 ὅλῃ
2509 4230 2706 4301 καρδίᾳ
2755 4230 3041 4303 ὲξερευνᾷν
3072 4229 3173 4295 τὰς
3202 4230 3426 4294 ἐντολὰς
3473 4229 3557 4282 τοῦ
3594 4223 3686 4280 Θεσῦ

2171 4323 2308 4394 πρὸς
2338 4324 2399 4376 τὸ
2435 4325 2528 4376 καὶ
2553 4323 2775 4393 ποιῆσαι
2798 4324 2986 4388 αὑτάς.

2254 4415 2547 4484 Ἐτυρὼθη
2584 4416 2666 4481 ὡς
2703 4415 2858 4486 τάλα
2900 4418 2938 4485 ἡ
2986 4415 3197 4492 καρδία
3255 4413 3484 4468 αὐτῶνθ
3643 4404 3688 4458 δὲ

2169 4507 2277 4560 τὸν
2301 4508 2487 4576 νόμον
2522 4522 2639 4562 σου
2675 4506 3026 4576 ἐμελέτησα.
3067 4507 3308 4577 Ἀγαθόν
3326 4523 3451 4575 μοι,
3496 4503 3571 4556 ὅτι
3594 4499 3686 4552 ἐτα-

2170 4596 2470 4663 πείνωσάς
2501 4613 2597 4666 με,
2638 4596 2798 4663 ὅπως
2833 4597 2910 4651 ἂν
2930 4596 3096 4666 μάθω
3127 4597 3198 4651 τὰ
3220 4591 3564 4664 δικαιιίψατὰ
3588 4607 3684 4644 σοι’.

2183 4684 2416 4753 Ἀγαθός
2442 4702 2544 4754 μοι
2573 4688 2606 4740 ὁ
2642 4686 2826 4756 νόμος
2858 4685 2964 4740 τοῦ
2997 4687 3292 4756 στόματός
3329 4703 3445 4741 σου
3471 4681 3598 4752 ὑπὲρ
3621 4697 3682 4748 χιο

495 4772 630 4829 Nam
679 4788 804 4832 ante
847 4779 1160 4847 superbiam
1199 4781 1440 4850 quidem,
1476 4781 1779 4838 incolumes
1813 4790 1867 4838 et
1903 4782 2062 4840 corde

2170 4777 2383 4843 λιάδας
2428 4777 2682 4846 χρυσίου
2726 4779 2823 4832 καί
2874 4778 3174 4849 ἀργυρίου.
3228 4781 3344 4851 Πρὸ
3377 4779 3477 4850 μὲν
3508 4775 3599 4848 γὰρ
3619 4773 3684 4841 τῆς

498 4867 745 4937 vigentes
799 4879 974 4936 erant,
1006 4879 1189 4941 atque,
1227 4881 1288 4926 ut
1332 4873 1407 4927 ita
1449 4873 1651 4939 dicam,
1683 4874 1973 4945 potabiles,
2007 4883 2069 4929 ut

496 4962 662 5016 etiam
694 4963 820 5017 lacti
865 4965 934 5018 ad
991 4980 1176 5021 escam
1233 4966 1528 5023 utilissimo
1580 4977 2064 5039 compararentur;

497 5063 784 5124 postquam
816 5063 996 5112 autem
1047 5058 1356 5128 superbiam
1416 5058 1733 5126 induerunt,
1759 5076 1950 5117 omnes
1979 5062 2066 5116 in-

497 5144 679 5199 durati
733 5145 891 5216 quasi
928 5161 958 5201 e
994 5147 1136 5202 lacte
1186 5146 1240 5200 in
1269 5163 1491 5202 caseum
1545 5149 1864 5202 commutati
1915 5156 2064 5202 sunt.

498 5235 606 5291 Pro
654 5237 749 5292 illo
782 5248 986 5302 autem,
1019 5239 1356 5309 coagulatum
1376 5250 1474 5305 est,
1514 5241 1708 5310 Aquila
1738 5239 1872 5294 dicit
1904 5255 1918 5291 :
1954 5239 2070 5293 Im-

499 5327 808 5399 pinguatum
836 5339 913 5383 est
947 5330 1102 5400 quasi
1142 5329 1302 5400 adeps
1351 5347 1441 5386 cor
1457 5347 1671 5393 eorum;
1705 5330 2067 5402 Symmachus

501 5428 684 5475 autem
724 5436 738 5474 :
769 5419 1124 5476 Medullatum
1144 5432 1222 5477 est
1244 5423 1382 5476 sicut
1413 5422 1570 5492 adeps
1593 5440 1684 5477 cor
1713 5439 1914 5478 eorum.
1950 5423 2068 5478 Ca:-

502 5519 680 5567 terum
710 5513 838 5570 licet
877 5515 953 5568 illi
988 5515 1043 5569 in
1077 5515 1163 5571 his
1189 5524 1564 5580 versarentur,
1599 5532 1699 5588 ego
1727 5532 1757 5570 a
1789 5517 2075 5587 proposito

502 5601 725 5660 minime
747 5606 985 5674 recessi;
1022 5609 1116 5663 sed
1151 5615 1266 5663 toto
1291 5609 1456 5664 corde
1489 5610 1776 5665 scrutabar
1810 5610 2061 5664 mandata

502 5699 597 5744 tua
631 5711 645 5746 :
680 5693 747 5747 ab
794 5697 1110 5751 eorumdem
1177 5699 1518 5756 scrutatione
1560 5701 1917 5769 providentiae
1959 5711 2066 5756 tua:

505 5795 568 5834 ac
597 5784 975 5841 universorum
1007 5789 1497 5849 administrationis
1524 5792 1778 5848 notitiam
1819 5803 2063 5863 captans.

2175 4869 2551 4940 ὑπερηφανίας
2577 4868 2790 4922 εὖεκτοί
2813 4886 2956 4934 τινες
2981 4871 3074 4924 καὶ
3092 4871 3293 4927 ἁπαλοὶ
3320 4867 3460 4942 ἦσαν
3479 4870 3567 4940 τὴν
3591 4882 3683 4934 κειρ-

2174 4959 2311 5025 δίαν,
2360 4961 2455 5013 καὶ
2513 4961 2732 5032 πότιμοι
2783 4961 2859 5025 ὼς
2913 4963 2990 5033 τῷ
3044 4963 3278 5032 γάλακτι
3332 4962 3496 5033 αὐτὴν
3551 4971 3680 5026 παρα-

2173 5051 2460 5105 ϐάλλεσθαι
2493 5055 2912 5124 τροφιμωτάτῳ·
2957 5057 3119 5126 ἡνίκα
3157 5056 3214 5109 δὲ
3245 5055 3342 5127 τὴν
3371 5049 3680 5124 ὑπερηφανίαν

2176 5145 2488 5200 ἐνεδύσαντο
2539 5148 2760 5212 πάντες,
2803 5148 2897 5201 καὶ
2946 5147 3388 5219 σκληρυνθέντες,
3425 5145 3566 5200 οἱονεὶ
3602 5140 3678 5194 ἀπὸ

2175 5235 2440 5302 γάλακτος
2472 5237 2553 5300 εἰς
2596 5237 2757 5308 τυρὸν
2793 5237 3278 5310 μεταὸεὒλήκασιν.
3325 5236 3464 5290 Ἀντὶ
3507 5235 3555 5286 δὲ
3592 5227 3675 5286 τοῦ,

2173 5327 2464 5397 ἐτυρώθη,
2511 5332 2540 5382 ὁ
2593 5329 2693 5400 μὲν
2750 5330 2976 5395 Ἀκύλας
3039 5330 3235 5401 φησίν·
3281 5326 3572 5390 Ἐλιετάνθη
3619 5320 3674 5381 ὡς

2171 5419 2354 5491 στέαρ
2370 5423 2408 5490 ἠ
2425 5421 2636 5492 καρδία
2664 5423 2863 5477 αὐτῶν
2880 5441 2894 5454 ·
2920 5423 3018 5477 όδὲ
3047 5424 3336 5494 Σύμμαχος
3354 5440 3368 5452 ·
3401 5412 3672 5489 Ἐμυαιιώθη

2177 5514 2256 5580 ὡς
2291 5514 2474 5584 στέαρ
2510 5518 2548 5585 ἡ
2577 5517 2789 5586 καρδία
2829 5519 3045 5579 αὐτῶν.
3078 5518 3224 5589 Πλὴν
3257 5517 3368 5570 ἀλλ’
3397 5516 3445 5568 ει
3487 5511 3670 5564 κάκεῖνοι

2176 5609 2235 5660 ἐν
2272 5607 2479 5672 τούτοις
2527 5605 2688 5681 ἦσαν,
2745 5610 2854 5680 ἐγὼ
2907 5611 3014 5665 τῶν
3051 5611 3172 5681 ἐμοὶ
3221 5606 3563 5682 προκειμένων
3601 5597 3667 5650 οὐκ

2174 5703 2497 5774 ἀνεχώρουν,
2525 5706 2581 5757 ὲν
2602 5704 2700 5777 ὅλῃ
2724 5703 2916 5775 καρδίᾳ
2938 5703 3232 5775 ἐξερευνῶν
3249 5702 3344 5765 τὰς
3369 5697 3560 5758 ἐντολάς
3583 5706 3662 5744 σου.

2175 5793 2282 5846 ἀπὸ
2326 5793 2423 5863 τῆς
2458 5792 2660 5850 τούτων
2706 5792 2932 5865 ἐρεύνης
2959 5793 3055 5864 τὴν
3093 5791 3292 5861 γνῶσιν
3331 5789 3425 5860 τῆς
3454 5787 3537 5854 σῆς
3569 5791 3664 5846 πΡ⁰³
