3868 6282
149 349 276 405 15ῗῖ

1315 332 1822 393 COMMENTARIA
1861 332 1925 389 IN
1968 331 2311 389 PSALMOS.

3252 337 3394 394 1578

141 466 281 526 νοίας
314 461 406 514 καὶ
447 458 544 529 τῆς
593 455 822 510 καθόλου
872 454 1188 525 διοικήσεως
1243 450 1578 524 θηρώμενος,
1627 468 1697 503 κα

1826 449 2003 518 Atque
2037 449 2256 502 illorum
2288 446 2509 518 quidem
2554 462 2650 503 cor
2690 448 2944 519 praesenti
2994 448 3119 503 cibo
3167 465 3268 504 suo
3296 452 3397 508 im-

140 558 242 614 τῶν
274 554 366 625 μὲν
398 553 431 622 ἡ
466 549 661 620 καρδία
704 546 1010 601 ὲλιπαίνετο
1056 549 1113 600 ὲν
1144 547 1213 617 τῇ
1242 544 1495 615 παρούσῃ
1532 543 1715 605 αὐτοῖς

140 646 301 719 τροφῇ
322 660 335 672 ·
370 640 476 709 ἐγὼ
498 640 554 693 δὲ
576 640 668 693 τὸν
698 639 857 711 νόμον
882 657 975 693 σου
1014 636 1338 709 ὲμελέτησα.

197 739 263 791 Αἱ
298 732 493 803 χεῖρές
540 745 657 785 σου
705 731 1004 801 ἐποίησάν
1032 748 1110 801 με
1157 729 1257 783 καὶ
1288 728 1567 783 ἔπλασαν
1599 746 1673 797 με
1695 745 1709 759 ·

139 827 456 885 συνέτσόν
490 841 569 895 με
614 824 712 878 καὶ
744 824 1089 894 μαθήσομαι
1138 822 1247 889 τὰς
1288 821 1542 887 ἐντολάς
1574 837 1710 876 σου.

139 920 366 994 Οὐρανὸν
402 918 498 989 μὲν
536 916 643 987 γὰρ
692 916 787 970 καὶ
837 916 943 987 γῆν
988 916 1082 970 καὶ
1120 917 1297 970 πάντα
1341 914 1410 968 τὰ
1442 916 1499 969 ὲν
1532 915 1713 979 αὐτοῖς

137 1016 270 1084 λόγῳ
295 1012 703 1083 δημιουργήσας
756 1010 849 1063 καὶ
884 1009 1289 1081 προστάγματι,
1318 1009 1405 1062 ὅτε
1429 1004 1592 1081 ἦλθεν
1620 1008 1713 1062 ἐπὶ

135 1108 218 1160 τὸν
250 1103 531 1174 ἄνθρωπον
559 1097 710 1155 εἶπεν
726 1118 739 1131 ·
769 1101 1122 1172 Ποιήσωμεν
1148 1100 1462 1170 ἄνθρωπον
1488 1102 1613 1154 κατ’
1635 1104 1713 1155 εὶ-

135 1198 275 1249 κόνα
306 1194 464 1247 ὶδιάν
486 1192 583 1247 καὶ
622 1192 748 1246 καθ’
788 1193 1092 1262 ὁμοίωσιν.
1124 1192 1243 1246 Τίνι
1278 1191 1333 1245 δὲ
1368 1191 1512 1262 ἄλλῳ
1541 1191 1708 1261 λέγει,

134 1286 475 1353 Ποιήσωμεν
521 1286 853 1353 ἄνθρωπον,
889 1285 922 1357 ἢ
976 1285 1055 1356 τῷ
1084 1287 1381 1354 Μονογενεῖ
1426 1284 1586 1338 αὐτοῦ
1618 1284 1712 1338 καὶ

133 1378 204 1448 τῷ
234 1378 507 1449 Πνεύματι
558 1379 715 1449 ἁγίῳ,
765 1378 860 1442 οὒς
905 1378 999 1431 καὶ
1048 1381 1235 1449 χεῖρας
1278 1376 1374 1431 νῦν
1407 1376 1707 1441 ἀποκαλεῖ;

134 1471 237 1524 Καὶ
264 1471 319 1521 ὲν
351 1470 429 1541 τῷ
465 1467 583 1521 Ἰὼὸ
610 1468 667 1521 δὲ
688 1469 1028 1539 γέγραπται·
1057 1472 1128 1523 Al
1160 1468 1354 1538 χεῖρές
1375 1483 1490 1522 σου
1509 1467 1711 1535 ἐποίη-

129 1558 244 1613 σάν
264 1575 359 1629 με,
393 1556 490 1612 καὶ
529 1555 809 1611 ἐπλιισάν
829 1575 907 1627 με
928 1570 943 1585 ⁶
980 1558 1129 1627 μετὰ
1157 1557 1342 1611 ταῦτα
1359 1554 1711 1625 μεταϐαλών

124 1668 196 1721 με
241 1650 447 1717 δεινῶς
503 1650 755 1717 ὀλέκεις,
802 1649 1275 1711 ἐπανακαινίζων
1309 1650 1401 1705 ἐπ’
1440 1649 1545 1720 ἐμὲ
1595 1647 1710 1716 τὴν

129 1743 336 1796 ἓτασίν
356 1760 497 1812 μου.
537 1741 747 1795 Οὐκοῦν
778 1744 833 1795 at
892 1744 1070 1812 χεῖρες
1095 1741 1189 1795 τοῦ
1217 1740 1351 1794 Θεοῦ
1387 1742 1481 1795 καὶ
1519 1740 1707 1811 ἐποίη-

1825 540 2211 612 pinguabatur,
2243 540 2372 594 dum
2405 555 2505 611 ego
2535 541 2707 612 legem
2742 547 2891 595 tuam
2925 541 3236 596 meditarer.

1893 717 2059 772 Vens.
2093 718 2180 771 75.
2206 715 2399 770 Manus
2429 725 2531 771 tua:
2555 717 2793 787 fecerunt
2824 734 2903 772 me
2936 727 2985 773 et
3003 719 3397 787 plasmaverunt

1820 827 1903 864 me
1935 827 1952 864 :
1983 809 2054 862 da
2084 810 2214 865 mihi
2253 808 2600 873 intellectum,
2633 818 2684 865 et
2730 811 2937 865 discam
2979 812 3238 866 mandata
3279 820 3392 867 tua.

1819 902 1955 959 Cum
1995 902 2140 958 Deus
2165 903 2364 959 cmlum
2399 910 2455 958 et
2506 912 2708 959 terram
2750 910 2805 959 et
2863 905 3045 959 omnia
3079 921 3201 976 quae
3228 905 3282 959 in
3313 906 3393 961 eis

1820 1003 1949 1053 sunt
1997 996 2164 1051 verbo
2212 1006 2266 1052 et
2320 1005 2591 1067 pra‘cepto
2635 1011 2737 1054 suo
2786 997 3141 1062 condidisset,
3174 1000 3393 1070 quando

1818 1090 1970 1145 venit
1995 1089 2063 1144 ad
2104 1089 2406 1153 hominem,
2460 1088 2597 1143 dixit
2629 1106 2644 1143 :
2680 1086 2975 1144 Faciamus
3012 1090 3269 1145 hominem
3324 1091 3393 1143 ad

1817 1183 2100 1253 imaginem
2126 1190 2176 1235 et
2202 1181 2605 1235 similitudinem
2634 1192 2873 1235 nostram
2897 1183 2961 1238 “’.
2991 1182 3221 1237 Cuinam
3263 1197 3395 1239 vero

1818 1274 1909 1329 alii
1934 1274 2067 1328 dicit
2103 1293 2116 1328 :
2153 1272 2443 1327 Faciamus
2484 1272 2767 1338 hominem,
2799 1274 2906 1329 nisi
2964 1273 3257 1345 Unigenito
3290 1290 3392 1329 suo

1817 1374 1870 1420 et
1890 1363 2117 1436 Spiritui
2145 1375 2356 1429 sancto,
2376 1381 2515 1436 quos
2537 1366 2648 1437 jam
2677 1381 2873 1420 manus
2903 1366 3176 1436 appellat?
3201 1366 3258 1419 ln
3289 1365 3391 1420 Job

1816 1457 1945 1511 item
1977 1456 2239 1511 scribitur
2271 1474 2283 1510 :
2320 1457 2511 1511 Manus
2552 1467 2656 1511 tua!
2680 1458 2911 1527 fecerunt
2936 1474 3037 1522 me,
3066 1467 3114 1511 et
3155 1457 3392 1526 plasma~

1815 1558 1996 1603 uerunt
2020 1565 2098 1604 me
2120 1566 2137 1603 :
2160 1559 2341 1617 postea
2377 1560 2613 1604 mutatus
2643 1566 2723 1604 me
2752 1551 2867 1604 dire
2899 1548 3099 1619 perdis,
3134 1567 3389 1605 renovans

1814 1642 1867 1694 in
1894 1657 1974 1695 me
1993 1657 2212 1695 examen
2241 1658 2411 1695 meum
2434 1642 2497 1696 “.
2528 1639 2716 1713 itaque
2754 1658 2950 1699 manus
2999 1642 3093 1698 Dei
3144 1642 3390 1698 fecerunt

1814 1742 1868 1788 et
1914 1734 2349 1803 plasmaverunt.
2399 1733 2477 1789 Ac
2520 1732 2787 1807 Origenes
2808 1736 3028 1807 quidem
3053 1744 3108 1792 et
3137 1736 3389 1792 nonnulli

131 1850 224 1886 σαν
252 1835 343 1886 καὶ
370 1833 630 1886 ἔπλασαν.
656 1833 767 1885 Καὶ
798 1833 1078 1904 Ὠριγένης
1115 1834 1213 1906 μὲν
1235 1834 1330 1888 καὶ
1361 1832 1537 1904 ἕτεροί
1565 1848 1697 1896 τινες

1811 1827 1902 1881 alii
1932 1826 2084 1891 illud,
2115 1826 2373 1895 fecerunt,
2399 1826 2467 1882 de
2487 1828 2669 1883 anima
2697 1829 2907 1885 dictum
2937 1831 3013 1883 ait
3040 1847 3054 1895 ;
3078 1830 3210 1884 illud
3236 1844 3386 1895 vero,

127 1925 202 1985 τὸ,
244 1924 559 1993 ἐποίησαν,
616 1924 708 1977 ἐπὶ
753 1924 855 1995 τῆς
913 1924 1089 1997 ψυχῆς
1124 1924 1376 1997 εἰρῆσθαί
1410 1941 1594 1995 φασιν,
1645 1922 1706 1977 τὸ

127 2015 201 2078 δὲ,
229 2015 527 2082 ἔπλασαν,
585 2015 678 2068 ἐπὶ
728 2014 823 2069 τοῦ
882 2014 1154 2087 σώματος.
1194 2015 1375 2069 Ἀλλοι
1403 2015 1459 2068 δὲ
1487 2014 1549 2067 τὸ
1582 2014 1701 2086 μὲν,

128 2107 434 2175 ἐποίησαν,
488 2108 581 2161 ἐπὶ
613 2109 712 2181 τῆς
753 2107 975 2181 πρώτης
1028 2108 1389 2181 δημιουργίας
1436 2108 1598 2177 φασὶν
1630 2108 1707 2161 εί-

131 2198 337 2269 ρῆσθαι,
368 2202 427 2253 τὸ
447 2200 839 2266 δὲ,ἐπλασαν,
874 2201 967 2254 ἐπὶ
997 2200 1095 2273 τῆς
1131 2200 1225 2255 τοῦ
1253 2199 1478 2271 λουτροῦ
1507 2199 1703 2269 παλιγ-

128 2292 365 2358 γενεσίας
398 2292 494 2346 καὶ
526 2293 902 2357 ἀναπλάσεως.

196 2384 257 2434 Ol
289 2385 651 2454 φοϐούμενοί
677 2400 750 2442 σε
793 2384 1049 2453 ὄψον·ταί
1081 2401 1177 2453 με,
1239 2384 1336 2437 καὶ
1365 2381 1704 2452 εὐφρανθή-

127 2487 344 2535 σονται,
361 2473 452 2528 ὅτι
467 2476 554 2541 εἰς
568 2474 711 2541 τοὺς
727 2475 951 2544 λόγους
965 2488 1082 2528 σου
1104 2473 1437 2544 ἑπήλπισα.
1450 2475 1698 2543 Ἔγννων,

126 2564 312 2630 Κυριε,
356 2566 445 2619 ὅτι
473 2566 834 2635 δικαιοσύνη
863 2561 935 2621 τὰ
967 2565 1223 2637 κρίματα
1253 2582 1390 2632 σου,
1428 2566 1524 2620 καὶ
1553 2566 1703 2633 ἀλη-

127 2654 246 2722 θείᾳ
276 2656 674 2724 ἐταπείνωσά
699 2674 795 2728 με.
836 2657 1157 2727 Γενηθήτω
1183 2657 1261 2726 δὴ
1287 2656 1355 2711 τὸ
1377 2657 1551 2722 ἔλεός
1583 2671 1701 2711 σου

127 2747 224 2801 τοῦ
265 2751 680 2820 παρακαλέσαι
736 2768 844 2821 με,
891 2751 1044 2805 κατὰ
1103 2749 1169 2804 τὸ
1215 2751 1428 2820 λόγιόν
1469 2764 1587 2803 σου
1620 2748 1702 2816 τῷ

123 2838 315 2906 δούλῳ
367 2859 505 2898 σου.
553 2842 921 2898 Ἐλθέτωσάν
964 2861 1066 2913 μοι
1119 2845 1174 2897 οι
1228 2843 1517 2911 οἰκτιρμοί
1560 2857 1698 2907 σου,

126 2935 215 2988 καὶ
245 2935 516 3007 ζήσομαι,
544 2937 633 2989 ὅτι
674 2940 707 2990 ό
732 2938 916 3007 νόμος
944 2952 1061 2989 σου
1084 2935 1307 3005 μελέτη
1345 2953 1463 3005 μου
1502 2936 1694 2989 ἐστίν.

124 3025 183 3077 Ei
214 3026 353 3081 ἔλθοι
384 3029 472 3082 ἐπ’
506 3028 608 3099 ἐμὲ
642 3029 700 3081 τὸ
739 3027 885 3092 ἔλεός
923 3045 1038 3092 σου,
1079 3027 1174 3079 καὶ
1196 3025 1463 3098 φθήσαιεν
1489 3027 1614 3097 ἐμοὶ
1648 3030 1697 3080 οἱ

124 3118 387 3191 οἰκτιρμοί
417 3138 531 3185 σου,
581 3121 639 3173 οὗ
676 3119 1129 3190 καταποθήσομαι
1170 3119 1274 3172 ὑπὸ
1305 3120 1405 3191 τῆς
1433 3119 1700 3174 ταπεινώυ

126 3222 275 3274 σεως,
310 3209 422 3264 ἀλλ’
453 3213 870 3283 ἐγκαρτερήσας
898 3209 985 3263 διὰ
1006 3211 1103 3281 τῆς
1143 3211 1442 3282 ὑπομονῆς,
1485 3206 1544 3264 εῦ
1578 3206 1695 3263 οἶδα

124 3296 201 3351 ὅτι
251 3299 510 3376 ζήσομαι.
571 3304 765 3373 Τυχεῖν
822 3303 878 3355 δὲ
922 3302 1017 3356 τοῦ
1068 3302 1249 3366 ἐλέους
1301 3320 1393 3355 σου
1450 3303 1547 3357 καὶ
1592 3303 1700 3355 τῶν

122 3389 415 3463 οἰκτιρμῶν
448 3412 540 3447 σου
573 3394 737 3461 ἀξιῶ’
775 3395 898 3447 ἐπεὶ
939 3396 1031 3448 καὶ¹
1065 3395 1226 3457 αὐτὸς
1262 3394 1331 3448 τὰ
1367 3397 1495 3467 παρ’
1525 3396 1698 3465 ἐμαυ-

124 3480 214 3533 τοῦ
239 3484 411 3542 πάντα
450 3488 671 3560 πληρῶν
713 3488 773 3541 οὐ
808 3488 1187 3559 διαλιμπάνω,
1230 3490 1324 3542 καὶ
1364 3491 1422 3541 ἐν
1466 3488 1603 3559 αὐτῇ
1630 3489 1696 3557 τῇ

123 3576 441 3632 ταπεινώσει
467 3580 557 3633 τὸν
584 3579 746 3650 νόμον
777 3596 869 3632 σου
910 3580 1209 3651 μελετήσω.
1678 3588 1680 3591 ’

188 3668 702 3737 Αἰσχυνθήτωσαν
744 3671 1138 3739 ὑπερήφανοι,
1179 3670 1269 3725 ὅτι
1305 3671 1527 3736 ἀδίκως
1557 3672 1697 3737 ἡνό-

122 3771 318 3822 μησαν
350 3765 441 3829 εὶς
482 3761 607 3831 ἐμὲ,
635 3761 751 3831 ἐγὼ
792 3761 859 3814 δὲ
900 3761 1303 3831 ἀδολεσχήσω
1334 3764 1403 3815 ἐν
1431 3762 1560 3827 ταῖς
1596 3763 1695 3814 ὲν-

125 3851 323 3918 τολαῒς
356 3870 498 3908 σου.
548 3852 1121 3922 Ἑπιστρεψάτωσάν
1150 3870 1228 3922 με
1260 3855 1314 3907 οὶ
1340 3854 1698 3923 φοϐούμενοί

122 3952 209 4001 σε,
242 3944 338 3996 καὶ
368 3949 423 3999 οἱ
462 3944 865 4014 γινώσκοντες
914 3943 985 3997 τὰ
1019 3942 1315 4014 μαρτύριὰ
1343 3960 1478 3998 σου.
1509 3945 1696 4011 Γενη-

120 4030 271 4099 θήτω
313 4039 350 4106 ἡ
394 4037 609 4105 καρδία
632 4056 751 4108 μου
803 4039 1041 4107 ἄμωμος
1083 4037 1154 4090 ἐν
1186 4036 1308 4101 τοῖς
1345 4033 1697 4104 δικαιώμασί

119 4136 252 4189 σου,
282 4128 444 4197 ὅπως
475 4132 552 4185 ἂν
573 4130 659 4201 μὴ
693 4129 1021 4201 αὶσχυνθῶ.
1058 4130 1241 4184 Πάντα
1270 4128 1378 4201 γὰρ
1413 4128 1482 4182 τὰ
1514 4131 1695 4201 ἁμαρ-

121 4218 336 4287 τήματα
381 4225 645 4297 αἰσχύνης
688 4225 837 4278 ἐστὶν
872 4223 1017 4290 ἄξια.
1071 4224 1217 4287 Ἕως
1260 4224 1359 4294 μὲν
1406 4224 1514 4294 γὰρ
1557 4241 1693 4295 καρ-

118 4306 202 4362 δία
238 4313 435 4387 ἀτελὴς
461 4318 742 4388 τυγχάνει,
776 4318 943 4389 πολλὴ
985 4319 1205 4389 φροντὶς
1238 4318 1332 4372 καὶ
1369 4318 1579 4387 ἀγωνία
1620 4320 1693 4389 μή

120 4415 192 4473 πη
223 4405 330 4476 ἄρα
379 4410 473 4464 καὶ
505 4409 778 4483 ἀσθενήσῃ
830 4411 924 4465 καὶ
977 4410 1170 4482 χείρων
1204 4412 1402 4481 ἑαυτῆς
1430 4411 1649 4481 γένηται
1679 4429 1689 4440 ·

1806 1920 2221 1989 plasmaverunt,
2250 1918 2319 1974 de
2345 1935 2598 1991 corpore.
2630 1920 2736 1975 Alii
2769 1937 2899 1977 vero
2946 1922 3101 1986 illud,
3130 1923 3384 1991 fecerunt,

1806 2012 2065 2082 deprima
2104 2013 2386 2069 creatione
2436 2014 2645 2068 dictum
2680 2013 2987 2081 allirmant;
3019 2014 3150 2069 illud
3182 2023 3385 2081 autem,

1802 2105 2220 2173 plasmaverunt,
2253 2106 2321 2162 de
2356 2106 2578 2162 lavacro
2632 2107 3068 2179 regenerationis
3099 2122 3162 2161 ac
3210 2105 3387 2162 refor-

1804 2210 2065 2254 mauone.

1870 2379 2039 2436 Vens.
2072 2380 2260 2435 74-77.
2304 2379 2408 2446 Qui
2442 2380 2627 2435 timent
2662 2388 2727 2443 te,
2762 2380 3008 2436 videbunt
3042 2396 3144 2445 me,
3192 2391 3242 2435 et
3291 2379 3385 2434 Ia:-

1805 2473 2079 2537 tabuntur,
2111 2474 2238 2543 quia
2280 2473 2334 2526 in
2376 2472 2534 2527 verba
2580 2481 2673 2527 tua
2708 2474 3087 2543 supersperavi.
3130 2471 3380 2543 Cognovi,

1803 2567 2049 2631 Domine,
2082 2566 2207 2635 quia
2238 2566 2462 2635 wquitas
2490 2564 2702 2635 judicia
2737 2574 2849 2628 tua,
2877 2574 2927 2620 et
2960 2567 3012 2619 in
3046 2566 3263 2620 ueritate
3284 2564 3385 2616 hu-

1802 2659 2025 2712 miliasti
2058 2674 2157 2712 me.
2199 2655 2324 2711 Fiat
2357 2656 2723 2711 misericordia
2753 2667 2845 2709 tua
2876 2666 2933 2709 ut
2968 2655 3267 2710 consoletur
3283 2672 3382 2719 me,

1802 2752 2086 2804 secundum
2124 2750 2389 2820 eloquium
2439 2760 2586 2803 tuum
2632 2766 2776 2803 servo
2829 2759 2941 2804 tuo.
2997 2749 3216 2803 Veniant
3258 2748 3387 2802 mihi

1802 2842 2169 2896 miserationes
2202 2850 2304 2895 tua:
2341 2850 2391 2894 et
2441 2841 2630 2905 vivam,
2656 2842 2781 2911 quia
2832 2842 2916 2894 lea:
2960 2851 3052 2894 tua
3108 2839 3383 2894 meditatio

1802 2953 1918 2991 mea
1953 2944 2053 2990 est.
2096 2933 2156 2989 Si
2189 2934 2443 2989 adveniat
2476 2934 2610 2989 mihi
2644 2933 3023 2990 misericordia
3056 2942 3170 3001 tua,
3194 2941 3248 2988 et
3276 2932 3380 2987 mi-

1802 3030 2107 3085 serationes
2140 3037 2248 3084 tuae
2284 3028 2351 3083 ad
2398 3043 2487 3083 me
2520 3028 2877 3089 accesserint,
2910 3040 3253 3097 nequaquam
3285 3025 3383 3080 ab-

1803 3120 2073 3176 sorbebor
2149 3120 2565 3187 humiliatione;
2606 3119 2704 3174 sed
2747 3135 2843 3189 per
2889 3118 3207 3189 patientiam
3252 3132 3381 3188 per-

1805 3228 2083 3277 severans,
2117 3212 2256 3267 bene
2301 3212 2428 3266 novi
2479 3227 2565 3266 me
2615 3212 2671 3266 in
2711 3213 2823 3266 vita
2874 3225 3192 3267 mansurum
3238 3225 3379 3267 esse.

1803 3305 2238 3361 Misericordiam
2291 3318 2422 3359 vero
2468 3311 2523 3358 et
2566 3304 2953 3358 miserationes
3004 3310 3130 3358 tuas
3187 3318 3383 3368 conse-

1800 3399 1895 3467 qui
1944 3411 2118 3467 rogo;
2150 3397 2278 3467 quia
2311 3404 2364 3452 et
2397 3396 2512 3467 ipse
2543 3396 2727 3451 omnia
2763 3411 2885 3465 quae
2937 3395 3216 3452 facultatis
3251 3412 3384 3452 mea:

1801 3498 1930 3545 sunt
1960 3490 2185 3561 implere
2207 3506 2314 3545 non
2344 3490 2696 3554 desino,etiu
2728 3492 2843 3561 ipsa
2862 3489 3238 3545 humiliatione
3262 3505 3383 3545 mea

1801 3583 1974 3654 legem
2007 3592 2152 3637 tuam
2189 3583 2515 3636 meditabor.

1872 3672 2040 3727 Vens.
2098 3673 2282 3727 78-80.
2312 3672 2726 3741 Confundantur
2757 3672 2988 3738 superbi,
3034 3672 3159 3741 quia
3188 3669 3382 3737 injuste

1799 3766 2131 3836 iniquitatem
2159 3764 2391 3833 fecerunt
2422 3766 2477 3816 in
2526 3780 2628 3825 me,
2660 3779 2751 3832 ego
2800 3772 2974 3814 autem
3018 3760 3297 3816 exercebar
3324 3760 3379 3812 in

1800 3855 2069 3909 mandatis
2115 3856 2239 3910 tuis.
2274 3853 2661 3908 Convertuntur
2689 3853 2817 3905 mihi
2847 3855 3082 3906 timentes
3112 3861 3178 3915 te,
3217 3860 3267 3904 et
3290 3853 3379 3920 qui

1800 3957 2051 4003 noverunt
2083 3948 2387 4001 testimonia
2436 3956 2549 3999 tua.
2586 3944 2711 3998 Fiat
2741 3957 2834 3998 cor
2863 3960 3033 3997 meum
3063 3944 3379 3997 immaculae

1799 4046 1910 4090 tum
1941 4039 1993 4091 in
2004 4036 2482 4107 justiﬁcationibus
2518 4038 2645 4098 tuis,
2680 4047 2737 4088 ut
2763 4052 2867 4089 non
2894 4034 3219 4104 confundar.
3250 4020 3381 4093 Οτι)⁴

1768 4151 1772 4154 ·
1798 4131 1891 4184 nia
1923 4144 2162 4200 namque
2191 4137 2415 4199 peccata
2457 4128 2782 4183 confusione
2810 4129 2972 4199 digna
2998 4137 3149 4185 sunt.
3191 4129 3376 4196 Quan-

1796 4222 1891 4277 diu
1936 4222 2079 4276 enim
2123 4236 2219 4275 cor
2261 4221 2642 4290 imperfectum
2686 4220 2925 4281 exsistit,
2968 4221 3139 4274 multa
3171 4220 3378 4275 sollici-

1797 4313 1930 4365 tudo
1970 4321 2023 4366 et
2076 4311 2359 4367 contentio
2406 4318 2513 4373 est,
2561 4327 2631 4366 ue
2662 4311 2965 4365 iutirmetur
3017 4318 3072 4366 et
3129 4311 3374 4366 deterius

1795 4404 1990 4458 evadat
2025 4403 2285 4473 :quando
2320 4412 2503 4458 autem
2554 4404 2863 4473 pervenerit
2902 4402 2969 4456 ad
3005 4403 3214 4473 apicem
3248 4418 3375 4473 per-

120 4490 204 4545 ὅτε
237 4497 292 4551 δὲ
327 4504 407 4566 εἰς
460 4503 630 4573 ἄκρον
683 4503 866 4577 φθάσῃ
918 4503 1017 4572 τῆς
1063 4502 1419 4572 τελειότητος,
1473 4504 1530 4555 ὲν
1580 4502 1690 4569 ἔξει

1810 4494 2075 4559 Γθςῐίοηὶσ,
2108 4496 2164 4548 in
2211 4493 2431 4549 virtutis
2476 4494 2665 4549 habitu
2705 4500 2759 4549 et
2791 4491 3191 4548 consuetudine
3244 4509 3374 4549 con-

119 4584 317 4659 ἀρετῆς
363 4595 703 4658 καταστᾶσα,
763 4592 867 4657 ἔξω
918 4595 1209 4666 γενήσεται
1262 4592 1461 4657 παντὸς
1506 4594 1693 4663 φόϐου,

119 4677 296 4735 οὐκέτι
323 4685 739 4757 ἀμφιϐάλλουσα
776 4686 851 4757 μή
891 4702 1021 4739 ποτε
1054 4687 1162 4759 ἄρα
1194 4685 1584 4757 καταισχυνθῇ.

203 4773 499 4832 Ἐκλείπει
530 4780 618 4844 εὶς
662 4779 727 4831 τὸ
784 4777 1083 4846 σωτήριόν
1124 4795 1240 4832 σου
1276 4780 1313 4847 ἡ
1352 4779 1524 4848 ψυχή
1549 4797 1692 4849 μου,

117 4864 201 4928 εὶς
239 4871 381 4939 τοὺς
429 4873 651 4941 λόγους
683 4886 800 4926 σου
842 4869 1176 4938 ἐπήλπισα.
1215 4872 1427 4942 Σφόδρα
1468 4871 1693 4924 ἀκολού-

120 4951 221 5021 θως
251 4961 568 5034 ἑρμηνεύων
612 4965 665 5016 τί
700 4964 829 5017 ποτέ
876 4966 992 5018 ἐστι
1038 4963 1099 5016 τὸ
1132 4965 1395 5036 σωτήριον
1447 4964 1687 5033 ἐπιλέγει

118 5044 243 5119 ἑξῆς
264 5071 277 5084 ’
322 5059 425 5124 Εἰς
446 5056 553 5111 τὸν
572 5057 757 5127 λόγον
779 5072 895 5110 σου
919 5056 1253 5126 ἐπήλπισα,
1276 5056 1576 5127 σημαίνων,
1607 5057 1689 5110 ὅτι

119 5138 178 5191 τὸ
194 5148 457 5221 σωτήριον
471 5150 497 5201 ό
511 5148 634 5213 Υἱὸς
652 5146 745 5200 τοῦ
766 5146 901 5201 Θεοῦ
920 5151 1055 5202 ἐστι.
1073 5149 1389 5214 Ἐξέλιπον
1405 5151 1458 5202 ol
1476 5150 1692 5218 ὀφθαλ-

115 5236 215 5296 μοί
246 5256 364 5305 μου
393 5244 481 5307 εὶς
494 5241 559 5295 τὸ
584 5241 791 5313 λόγιόν
812 5255 951 5304 σου,
980 5240 1286 5310 λέγοντος
1325 5242 1475 5296 Πότε
1504 5258 1690 5310 παρα-

120 5324 396 5400 καλέσεις
414 5350 525 5404 με;
564 5333 651 5387 ὅτι
688 5332 982 5402 ἐγενήθην
1016 5332 1097 5399 ὠς
1133 5333 1325 5400 ἀσκὸς
1357 5334 1427 5388 ἐν
1459 5333 1683 5403 πάχνη,

120 5413 189 5467 τὰ
233 5419 592 5497 δικαιώματά
634 5441 750 5481 σου
788 5428 900 5480 οὐκ
938 5426 1336 5498 ἐπελαθόμην.
1378 5429 1569 5483 Πόσαι
1612 5430 1690 5483 el-

1796 4586 2069 4650 stitutum,
2104 4586 2252 4639 omni
2298 4592 2445 4639 metu
2476 4600 2709 4639 vacuum
2748 4585 2874 4646 erit,
2900 4598 3079 4653 neque
3114 4583 3373 4640 haesitans

1793 4676 2074 4733 verebitur
2104 4692 2173 4731 ne
2198 4676 2594 4731 confundatur.

1863 4769 2031 4826 Vsus.
2067 4770 2155 4825 81.
2198 4769 2389 4839 Deﬁcit
2435 4771 2489 4823 in
2520 4773 2759 4823 salutare
2799 4778 2946 4822 tuum
2982 4767 3165 4820 anima
3198 4783 3311 4821 mea
3354 4784 3371 4820 :

1793 4864 1845 4916 in
1878 4862 2033 4917 verba
2070 4871 2161 4915 tua
2200 4862 2589 4932 supersperaui.
2627 4860 2937 4916 Admodum
2968 4868 3374 4928 consequenter

1795 4955 2077 5024 explicans
2105 4955 2238 5025 quid
2264 4955 2335 5010 sit
2369 4954 2612 5010 salutare
2651 4954 2808 5017 illud,
2834 4953 3023 5022 adjicit
3044 4958 3234 5023 postea
3265 4971 3277 5006 :
3304 4951 3371 5006 In

1796 5048 2006 5102 verbum
2033 5058 2180 5101 tuum
2207 5048 2591 5119 supersperavi,
2631 5046 2949 5118 signiﬁcans
2973 5045 3211 5099 salutare
3236 5041 3371 5097 illud

1794 5157 1918 5199 esse
1950 5141 2148 5197 Filium
2184 5141 2299 5198 Dei.
2334 5172 2404 5182 —
2436 5140 2602 5197 Vens.
2636 5140 2825 5196 82-88.
2868 5139 3180 5208 Defecerunt
3230 5134 3371 5189 oculi

1795 5237 1897 5291 mei
1925 5236 1981 5289 in
2007 5236 2269 5307 eloquium
2310 5244 2477 5301 tuum,
2502 5234 2729 5290 dicentes
2760 5250 2777 5287 :
2809 5230 3033 5300 Quando
3066 5227 3371 5285 consolabe-

1793 5329 1867 5383 ris
1906 5331 2031 5385 me?
2063 5328 2201 5396 Quia
2237 5329 2410 5398 factus
2441 5344 2557 5381 sum
2588 5328 2724 5381 sicut
2754 5336 2869 5379 uter
2902 5326 2955 5378 in
2972 5324 3183 5393 pruina,
3205 5320 3370 5391 justi-

1796 5423 2070 5493 ﬁcatioues
2105 5434 2223 5477 tuas
2245 5440 2349 5477 non
2377 5438 2497 5477 sum
2536 5421 2751 5476 oblitus.
2777 5418 2916 5486 Quot
2942 5426 3064 5471 sunt
3091 5416 3203 5470 dies
3236 5412 3371 5468 servi

119 5506 223 5559 σὶν
254 5518 313 5569 at
344 5519 555 5589 ἡμέραι
607 5519 711 5573 τοῦ
749 5518 974 5574 δούλου
1024 5533 1141 5575 σου
1159 5536 1177 5585 ;
1236 5523 1379 5576 πότε
1417 5522 1689 5590 ποιήσεις

1810 5516 1877 5570 tui
1900 5520 1925 5573 .9
1948 5517 2158 5587 quando
2189 5518 2349 5582 facies
2384 5516 2515 5571 mihi
2542 5516 2605 5571 de
2643 5510 3067 5585 persequentibus
3104 5525 3185 5564 me
3215 5507 3369 5579 judi-

117 5611 215 5662 μρι
266 5605 335 5660 ἐκ
392 5609 511 5665 τῶν
562 5609 1050 5665 καταδιωκόντων
1089 5629 1167 5682 με
1219 5614 1453 5684 capiatr;
1485 5614 1693 5685 Διητή-

1810 5612 1939 5667 cium
1965 5615 1989 5668 ?
2014 5612 2068 5669 Ν
2072 5620 2382 5670 erraverunt
2405 5610 2532 5667 mihi
2560 5610 2723 5679 iniqui
2751 5606 3125 5685 fabulationes,
3153 5605 3243 5659 sed
3266 5618 3368 5657 non

74 5771 97 5778 ’
193 5776 236 5809 ¹⁵
271 5779 405 5841 Gen.
441 5806 492 5853 ι,
524 5784 614 5844 ‘26.
694 5790 734 5821 ¹⁵
774 5786 877 5845 Job
908 5804 972 5857 ι,
1005 5786 1059 5843 8.
