3868 6282
546 274 680 330 1579
1249 272 1516 331 EUSEBH
1546 270 2027 329 CESARIENSIS
2062 274 2073 323 l

2123 269 2213 325 PP.
2254 270 2436 328 PARS
2471 272 2558 330 Ill.
2599 304 2668 315 —
2702 275 3106 332 EXEGETICA.
3564 288 3650 342 l330

545 402 602 447 ut
641 394 725 447 lea:
781 402 892 460 tua,
935 393 1177 449 Domine.
1212 394 1407 450 Omnia
1442 394 1698 449 mandata
1759 404 1848 447 tua
1874 395 2065 449 ueritas

2148 398 2195 456 Α
2218 409 2407 450 σαντο
2431 414 2534 465 μοι
2565 396 2890 468 παράνομοι
2931 398 3285 467 ἀδολεσχίας
3302 438 3316 463 ,
3357 401 3468 456 ἀλλ’
3496 406 3579 473 οὐχ
3603 409 3651 473 ὡς

544 485 716 554 inique
744 487 1004 555 persecuti
1058 497 1179 540 sunt
1232 503 1333 548 me,
1362 486 1559 557 adjuva
1595 502 1694 540 me.
1733 484 1908 539 Paulo
1941 487 2071 538 mins

2220 490 2255 541 ὁ
2284 488 2469 555 νόμος
2494 504 2632 554 σου,
2674 490 2871 558 Κύριε.
2904 490 3099 545 Πᾶσαι
3136 493 3194 544 at
3228 490 3436 546 ἐντολαί
3461 509 3549 548 σου
3565 499 3655 566 ἀλή-
3727 556 3734 561 _

544 589 1037 632 consummaverunt
1070 596 1152 634 me
1175 580 1226 632 in
1261 589 1422 633 terra.
1474 578 1584 649 Ego
1621 587 1797 631 autem
1837 596 1938 632 non
1967 579 2071 632 deri

2219 580 2365 641 θεια,
2391 578 2611 646 ἀδίκως
2635 579 2997 646 κατεδίωξαν
3015 598 3113 650 με,
3135 581 3422 649 βοήθησόν
3439 602 3529 651 μοι.
3546 590 3652 654 Παρὰ

544 665 674 739 liqui
708 666 963 721 mandata
994 677 1107 722 tua.
1155 666 1452 722 Secundum
1503 668 1919 721 misericordiam
1968 679 2071 722 tuaz

2212 670 2413 740 ,ϐραχὺ
2439 672 2727 727 ἐτέλεσαν
2747 691 2823 743 με
2845 673 2914 726 ἐν
2938 671 3014 742 τῇ
3048 671 3128 742 τῇ
3142 692 3156 704 ·
3189 673 3296 743 ἐγὼ
3330 674 3388 727 δὲ
3412 678 3502 730 οὐκ
3525 677 3654 747 ἐγκοτ-

544 759 752 829 uiviﬁca
791 776 892 826 me,
914 769 965 814 et
1001 760 1298 814 custodiam
1323 760 1625 813 testimonia
1651 761 1760 814 oris
1784 762 1881 814 tui.
1914 759 2071 815 Secut

2217 761 2432 817 ἐλιπον
2497 763 2605 830 τὰς
2656 763 2908 831 ἐντολάς
2954 778 3094 819 σου.
3148 764 3303 820 Κατὰ
3334 765 3390 818 τὸ
3425 768 3558 833 ἔλεός
3582 787 3652 824 σου

543 851 672 907 dum
731 852 1005 922 equuium
1049 852 1139 907 Dei
1175 852 1374 915 vivere,
1408 859 1491 907 est
1528 868 1654 907 cum
1701 854 1899 924 pietate
1945 855 2070 908 vitat

2219 850 2405 920 ζῆσόν
2452 871 2550 921 με,
2587 854 2686 908 καὶ
2729 854 2980 924 φυλάξω
3040 856 3114 910 τὰ
3152 858 3419 925 μαρτύρια
3455 857 3538 911 τοῦ
3572 862 3657 913 στό-

543 958 723 1014 agere,
754 959 931 1014 neque
976 944 1231 999 sensilem
1273 946 1651 1000 tantummodo
1685 947 1851 999 vitam
1889 945 2070 1001 ducert

2212 946 2401 1014 ματός
2453 962 2589 1000 σου.
2642 946 2716 999 Τὸ
2760 946 2901 1000 κατὰ
2946 947 3007 1001 τὸ
3048 947 3225 1016 λόγιον
3262 947 3348 1001 τοῦ
3394 948 3505 1002 Θεοῦ
3528 948 3598 1021 ζῇν
3625 952 3659 1004 τὸ

542 1032 677 1089 Nam
713 1035 965 1106 quisquis
996 1035 1051 1089 id
1080 1035 1472 1105 consequitur,
1506 1036 1702 1091 bonam
1736 1037 2003 1109 transiget
2032 1054 2069 1092 vi

2247 1038 2315 1091 ὺν
2340 1038 2593 1109 εὐσεδείᾳ
2622 1038 2722 1110 ζῇν
2778 1041 2947 1106 ἐστιν,
2995 1041 3094 1111 οὐχ
3141 1039 3323 1103 ἁπλῶς
3365 1041 3448 1111 τὴν
3484 1041 3664 1112 αἰσθητὴν

541 1136 686 1193 tam;
721 1127 793 1181 ita
842 1137 902 1182 ut
951 1127 1223 1182 custodiat
1276 1128 1586 1183 testimonia
1618 1126 1732 1183 oris
1761 1126 1858 1182 Dei
1893 1142 2052 1198 τιμερε

2216 1127 2418 1200 ταύτην
2450 1128 2615 1202 ζωήν.
2667 1130 2870 1184 Τούτου
2903 1130 3014 1203 γὰρ
3046 1130 3246 1201 τυχὼν,
3283 1133 3338 1184 ὲν
3362 1130 3529 1202 εὐζωῖᾳ
3555 1132 3663 1194 ἔσται,

541 1215 723 1274 Verbo
752 1217 868 1284 Dei,
897 1219 1042 1290 quod
1070 1235 1133 1274 os
1161 1219 1282 1288 ejus
1309 1235 1433 1277 esse
1468 1220 1606 1285 dixi,
1636 1220 1951 1276 testimonio
1978 1235 2068 1277 com

2213 1219 2290 1284 ὡς
2318 1222 2611 1290 φυλάσσειν
2642 1223 2712 1276 τὰ
2746 1223 3026 1294 μαρτύρια
3054 1223 3145 1276 τοῦ
3192 1222 3442 1294 στόματος
3468 1221 3544 1275 τοῦ
3569 1222 3668 1287 Θεοῦ,

543 1312 755 1366 tirmata
783 1319 838 1367 et
869 1311 1147 1367 declarata
1171 1320 1322 1367 sunt.

2217 1300 2628 1386 μαρτυρηθέντα
2650 1317 2743 1369 καὶ
2766 1315 3152 1387 ἀποδειχθέντα
3176 1315 3279 1369 ὑπὸ
3301 1315 3456 1383 Λόγου
3477 1314 3551 1368 τοῦ
3567 1314 3667 1377 θεοῦ,

2212 1394 2276 1456 οὗ
2306 1399 2461 1460 εἶπον
2492 1405 2654 1459 αὐτοῦ
2689 1407 2862 1478 στόμα
2886 1402 3045 1462 εἶναι.

611 1489 781 1546 Vsus.
813 1489 1005 1546 89-9i.
1028 1489 1094 1545 In
1122 1502 1400 1556 wternum,
1436 1492 1677 1557 Domine,
1710 1496 1918 1548 verbum
1963 1506 2111 1549 tuum

2284 1496 2389 1559 Εἰς
2435 1494 2541 1549 τὸν
2564 1494 2772 1560 αἰῶνα,
2829 1496 3027 1565 Κύριε,
3071 1499 3106 1550 ὁ
3137 1497 3316 1566 λόγος
3360 1512 3464 1551 σου
3492 1493 3674 1564 διαμένει

538 1592 804 1651 permanet
836 1583 891 1637 in
920 1583 1068 1639 etclo.
1112 1582 1176 1637 In
1203 1586 1591 1654 generationem
1633 1597 1680 1639 et
1724 1587 2065 1656 generatione:

2212 1583 2283 1638 ἐν
2291 1584 2370 1650 τῷ
2383 1585 2747 1654 οὐρανῷ.Είς
2759 1586 2970 1656 γενεὰν
2982 1587 3079 1640 καί
3098 1586 3307 1657 ’γενεὰν
3320 1587 3358 1655 ἠ
3368 1583 3578 1655 ἀλήθειά
3587 1599 3676 1649 σου,

540 1675 732 1730 veritas
764 1684 875 1740 tua,
901 1675 1140 1743 fundasti
1159 1687 1375 1741 terram,
1404 1687 1452 1731 et
1481 1688 1768 1746 permanet.
1799 1677 2067 1733 Ordinum

2212 1675 2609 1746 ἐθεμελίωσας
2639 1678 2755 1747 τὴν
2785 1678 2922 1749 τῆν,
2945 1678 3044 1732 καὶ
3083 1677 3357 1747 superet.
3396 1677 3465 1744 Τῇ
3493 1675 3676 1739 διατάξει

538 1782 603 1820 ne
634 1775 726 1820 tua
754 1776 1051 1834 perseverat
1083 1766 1217 1831 dies,
1252 1770 1504 1837 quoniam
1528 1770 1707 1824 omnia
1732 1770 1962 1824 serviunt
1993 1770 2063 1824 tib

2150 1761 2182 1815 Β
2209 1780 2326 1821 σου
2361 1768 2620 1836 διαμένει
2646 1768 2855 1838 ἡμέρα,
2893 1767 2981 1822 ὅτι
3013 1768 3087 1823 τὰ
3107 1769 3421 1837 σύμπαντα
3436 1765 3591 1821 δοῦλα
3614 1764 3677 1818 σα

540 1855 838 1915 Veritatem
871 1870 1051 1915 autem
1093 1870 1254 1915 vocat
1296 1862 1439 1916 hanc
1471 1863 1915 1932 promissionem,
1945 1879 2067 1934 quat

2225 1857 2500 1927 Ἀλήθειαν
2529 1858 2584 1911 δὲ
2611 1858 2759 1926 λέγει
2792 1858 2889 1929 τὴν
2915 1857 3245 1927 ἐπαγγελίαν
3285 1856 3491 1929 ταύτην,
3532 1856 3584 1926 ἢν
3610 1852 3676 1908 οἶδε

539 1952 751 2007 sciebat
778 1955 1003 2008 omnino
1029 1953 1267 2009 futuram
1301 1955 1354 2007 in
1386 1956 1787 2024 generationem
1815 1964 1870 2011 et
1891 1971 2066 2027 gener:

2212 1949 2429 2013 πάντως
2460 1951 2831 2022 γενησομένην
2880 1952 2960 2012 είς
3009 1951 3204 2019 γενεὰν
3247 1951 3341 2004 καὶ
3378 1948 3562 2017 γενεάν.
3592 1947 3679 2000 Καθ’

540 2043 765 2100 tionem.
818 2042 879 2099 1n
921 2045 1156 2116 singulis
1190 2046 1393 2116 quippe
1441 2047 1888 2117 generationibus
1930 2056 2067 2117 parts

2212 2040 2446 2113 ἑκάστην
2464 2042 2574 2113 γὰρ
2594 2041 2788 2111 γενεὰν
2821 2043 2962 2114 μέρη
2988 2042 3108 2098 τινὰ
3137 2041 3241 2112 τῆς
3272 2040 3509 2112 ἀληθείας
3542 2037 3682 2108 ἀνθρὼ-

538 2137 806 2208 quasdam
864 2139 1110 2194 veritatis
1168 2138 1479 2194 hominibus
1533 2140 1748 2204 mittis,
1814 2154 2065 2208 omnesqu

2212 2150 2334 2196 ποις
2362 2133 2729 2199 ἁποστίλλεις,
2752 2135 2848 2188 καὶ
2870 2134 2939 2187 τὰ
2965 2133 3259 2205 σύμπαντα
3281 2131 3372 2186 τοῦ
3395 2131 3570 2201 κόσμου
3594 2128 3682 2200 μέρη

538 2230 729 2285 mundi
765 2238 970 2303 partes,
1003 2237 1057 2287 et
1103 2247 1167 2288 ea
1215 2247 1338 2303 qua:
1391 2233 1496 2288 sub
1552 2240 1832 2303 aspectum
1880 2233 2056 2286 caduu

2211 2226 2281 2277 τά
2308 2242 2368 2277 τε
2395 2226 2569 2295 ὁρατὰ
2606 2228 2671 2296 τῇ
2706 2229 2770 2296 σῇ
2817 2225 3057 2292 διατάξει
3090 2224 3434 2294 συνέστηκεν,
3481 2223 3543 2292 μὴ
3568 2220 3684 2272 κινού-

538 2323 885 2379 ordinatione
919 2331 1013 2379 tua
1056 2332 1332 2389 constant,
1369 2339 1479 2378 non
1515 2324 1816 2379 aterminis
1850 2323 1965 2380 suis
1992 2339 2065 2379 ιη(

2217 2334 2351 2388 μενα
2380 2317 2487 2370 τῶν
2515 2317 2675 2388 ὁρῶν,
2732 2317 2866 2389 μηδὲ
2897 2319 2986 2371 τὸν
3023 2317 3185 2387 νόμον
3229 2316 3319 2369 τὸν
3367 2312 3607 2386 ὁρισθέντα
3624 2311 3683 2364 αὖ·

537 2424 615 2478 ta,
679 2431 859 2485 neque
909 2415 1015 2471 sibi
1070 2423 1333 2472 statutam
1386 2414 1559 2485 legem
1624 2415 2064 2485 transgredienti:

2210 2411 2323 2473 τοῖς
2362 2409 2777 2481 παραὸαίνοντα.
2826 2411 3005 2464 Αἴτιον
3056 2408 3113 2463 δὲ
3147 2409 3249 2479 τῆς
3281 2407 3474 2461 τούτων
3509 2406 3684 2459 ἁπάντων

537 2505 715 2562 Causa
747 2522 877 2561 vero
902 2506 1097 2561 horum
1129 2506 1374 2561 omnium
1400 2504 1802 2576 permansionis
1836 2513 1939 2571 est,
1962 2521 2064 2574 quo

2210 2499 2470 2572 διαμονῆς
2501 2502 2560 2554 τὸ
2614 2503 2673 2555 σὲ
2709 2502 2864 2572 μόνον
2902 2501 3106 2573 Κύριον
3138 2497 3281 2554 εἶναι
3321 2500 3426 2553 τῶν
3469 2498 3579 2552 ὅλων
3605 2513 3616 2526 ·
3645 2494 3686 2546 ἵει

537 2606 596 2653 ιιι
626 2598 777 2655 solus
817 2596 1081 2653 Dominus
1116 2599 1192 2652 sis
1236 2598 1648 2663 universorum;
1685 2597 1893 2669 reliqua
1925 2605 2064 2650 aute:

2247 2590 2458 2645 ὲλοιπὰ
2503 2592 2679 2645 πάντα
2722 2598 2791 2645 σὰ
2816 2591 3006 2656 δοῦλα,
3062 2593 3159 2644 καὶ
3202 2592 3280 2654 ὡς
3316 2588 3473 2644 δοῦλα
3503 2586 3685 2640 ὑποτέτα-
3773 2650 3774 2669 γ

536 2691 719 2746 omnia
755 2691 853 2747 tibi
883 2692 1143 2757 serviant,
1167 2706 1231 2745 ac
1263 2699 1522 2762 tanquam
1556 2691 1826 2761 mancipia
1860 2691 2107 2760 subjecta
2211 2697 2357 2736 κταιο

535 2783 667 2838 sint.
2284 2779 2349 2831 Εἰ
2382 2776 2468 2845 μὴ
2500 2778 2590 2831 ὅτι
2629 2781 2660 2831 ό
2689 2778 2870 2847 νόμος
2901 2794 3017 2831 σου
3049 2777 3277 2846 μελέτη
3311 2794 3430 2846 μου
3456 2776 3582 2837 ἐστὶ,
3607 2772 3689 2824 τότε

607 2873 774 2931 Vens.
813 2874 903 2930 92.
930 2873 1052 2929 Nisi
1082 2874 1221 2945 quod
1266 2875 1350 2929 lea:
1396 2883 1489 2927 tua
1538 2874 1813 2930 meditatio
1857 2888 2101 2945 irea'est,

2211 2872 2291 2926 ἄν
2315 2874 2640 2942 ἀπωλόμην
2679 2875 2748 2927 ἑν
2772 2873 2847 2942 τῇ
2880 2873 3233 2928 ταπεινώσει
3269 2891 3410 2943 μου.
3436 2870 3621 2941 Εἴρηται
3643 2868 3686 2927 ὡς

536 2980 659 3023 tunc
699 2970 836 3036 forte
885 2968 1156 3037 periissem
1204 2968 1259 3021 in
1303 2967 1670 3021 humiliatione
1719 2985 1858 3025 mea.
1890 2968 2063 3025 Dictut

2207 2965 2239 3017 ὁ
2270 2963 2459 3036 καιρὸς
2490 2965 2596 3017 τῶν
2643 2964 2961 3037 πειρασμῶν
3002 2964 3096 3017 καὶ
3137 2964 3250 3016 τῶν
3280 2961 3610 3035 περιστάσεων
3639 2973 3690 3008 τι·

532 3069 641 3124 est,
675 3068 891 3130 tempus
921 3060 1285 3114 tentationum
1317 3073 1381 3112 ac
1425 3058 1800 3112 calamitatum
1849 3061 2059 3114 humili:

2163 3108 2176 3128 ,
2210 3056 2467 3119 πείνωσις
2495 3056 2833 3127 ὀνομάζεται.
2870 3056 3157 3126 Μακαρία)
3188 3054 3373 3109 τοίνυν
3409 3053 3541 3108 ἐστὶν
3567 3047 3690 3120 avidi;

2163 3140 2177 3163 ί
2244 3148 2259 3166 \
2326 3165 2349 3166 η
2404 3148 2417 3166 Ι
2458 3148 2484 3166 Λ
2580 3150 2592 3163 α
2713 3152 2739 3166 ιο
2838 3165 2843 3166 ,
3012 3146 3061 3166 ον
3264 3150 3276 3162 ι
3372 3148 3386 3166 \
3458 3140 3689 3166 1--Ἶ.Ι.Δ-.ι

536 3153 739 3205 tionem
767 3151 1090 3222 nuncupari.
1121 3148 1235 3203 Viri
1268 3149 1433 3217 igitur
1457 3148 1600 3203 beati
1622 3157 1706 3204 est
1727 3148 1896 3205 fuisse
1925 3151 1979 3202 in
2005 3150 2063 3203 lu

2161 3140 2177 3163 ⁸
2208 3148 2270 3201 τὸ
2297 3148 2546 3217 γενέσθαι
2576 3150 2633 3201 ἐν
2677 3152 2744 3220 τῇ
2797 3146 3143 3212 ταπεινώσει,
3189 3150 3288 3202 καὶ
3326 3148 3400 3219 μὴ
3449 3140 3688 3200 ἀτωλέσθαι·

534 3239 862 3305 miliatione,
895 3250 950 3296 et
979 3256 1088 3294 non
1139 3241 1371 3310 periisse
1413 3258 1426 3294 :
1461 3251 1522 3292 ut
1550 3241 1617 3304 si,
1660 3256 1714 3295 γ.
1760 3255 1836 3309 g.,
1868 3240 2061 3294 veneri]

2206 3240 2369 3293 οἱονεὶ
2398 3240 2631 3310 ἐλήλυθα
2660 3243 2740 3305 εἰς
2775 3240 3075 3315 πειρασμὸν
3125 3239 3465 3312 μαρτυρίου·
3508 3236 3550 3289 εἰ
3587 3232 3690 3305 ubi

533 3330 589 3385 in
625 3332 983 3386 tentationem
1030 3332 1299 3402 martyrii,
1343 3330 1390 3384 si
1444 3331 1663 3400 quidem
1724 3341 2013 3401 antequam
2049 3333 2060 3384 i

2206 3329 2368 3401 νόμος
2395 3331 2489 3384 τοῦ
2523 3332 2657 3385 Θεοῦ
2694 3331 2891 3402 μελέτη
2944 3348 3043 3402 μου
3085 3326 3154 3401 ἦν
3195 3330 3289 3382 ἀεὶ
3334 3328 3441 3402 πρὸ
3479 3325 3559 3379 τοῦ
3585 3326 3690 3392 ἐμα-

531 3437 653 3477 eam
690 3422 990 3477 inciderem
1022 3422 1104 3476 lex
1130 3430 1222 3476 tua
1261 3421 1541 3478 meditatio
1578 3422 1711 3475 mihi
1737 3437 1954 3490 semper
1988 3422 2058 3475 fut

2206 3424 2342 3485 σεῖν,
2394 3422 2485 3475 καὶ
2518 3424 2721 3492 ἤσκουν
2753 3422 2933 3486 αὐτὸν,
2978 3419 3148 3474 ἐλθὼν
3193 3421 3295 3472 ἐπὶ
3325 3417 3425 3489 τὴν
3453 3414 3687 3469 ταπείνωσιν

533 3514 626 3579 rit,
650 3521 706 3570 et
742 3529 863 3570 eam
893 3522 1192 3569 exsecutus
1231 3515 1368 3580 sim;
1399 3529 1522 3568 cum
1563 3514 1619 3567 in
1670 3513 2060 3567 bumiliatione:

2203 3510 2301 3583 τὴν
2334 3513 2475 3565 κατὰ
2501 3513 2594 3565 τὸν
2632 3512 2935 3583 πειρασμὸν
2980 3510 3075 3564 τοῦ
3118 3509 3449 3582 μαρτυρίου,
3482 3508 3571 3560 οὐκ
3593 3500 3684 3556 i131-

531 3622 629 3676 ροι-
659 3607 1019 3661 tentationem
1056 3606 1305 3677 martyrii
1348 3620 1569 3670 venero,
1606 3620 1715 3659 non
1745 3607 1958 3674 peribo.
2012 3605 2049 3658 S

2204 3603 2392 3675 λυμαι.
2430 3605 2615 3669 Οὕτως
2651 3605 2878 3677 ἁρμόζει
2922 3606 3018 3658 καὶ
3066 3603 3157 3656 ἐπὶ
3215 3601 3426 3664 παντὸς
3469 3587 3680 3668 napum?»

530 3697 589 3750 in
636 3698 787 3751 omni
835 3698 1140 3752 tentatione
1195 3696 1344 3766 loqui
1373 3710 1473 3766 par
1509 3694 1710 3751 fuerit:
1740 3703 1814 3760 at,
1853 3697 2054 3767 maligu

2205 3699 2377 3749 εἰπεῖν
2397 3714 2409 3726 ·
2442 3696 2578 3750 ἀλλὰ
2624 3698 2719 3751 καὶ
2754 3697 2860 3751 τῶν
2908 3694 3158 3767 πονηρῶν
3189 3694 3472 3764 λογισμῶν
3520 3691 3598 3743 καὶ
3631 3684 3687 3737 tia

531 3788 957 3857 cogitationibus
998 3797 1048 3842 et
1096 3788 1430 3843 adversariis
1462 3789 1758 3845 virtutibus
1797 3804 1884 3845 me
1925 3790 2058 3860 impt

2204 3787 2595 3856 ἀντικειμένων
2643 3788 2921 3858 δυνάμεων
2957 3786 3317 3856 Μλεμουσῶν
3349 3784 3489 3856 ἐμοί.
3519 3774 3689 3852 Εἶχονῇ

533 3877 849 3945 gnantibus,
880 3877 1219 3946 pereundum
1262 3879 1395 3932 mihi
1426 3886 1565 3942 erat,
1598 3879 1707 3934 nisi
1738 3880 1825 3935 lex
1855 3888 1949 3935 tua
1997 3881 2060 3935 fu.

2205 3876 2546 3941 ἀπολεῖσθαι,
2596 3880 2645 3930 εἰ
2689 3878 2763 3950 μὴ
2807 3881 2835 3931 ὁ
2868 3879 2959 3942 σὸς
3004 3877 3167 3947 νόμος
3208 3873 3597 3946 ἀντιστήριγμά
3633 3883 3690 3938 με)

532 3981 628 4023 cro
652 3969 781 4022 mihi
807 3968 1019 4024 fuisset.

918 3978 1019 4024 set.
2203 3970 2445 4040 γένηται.

603 4055 769 4113 Vsus.
805 4060 895 4113 95.
928 4058 994 4113 In
1034 4071 1289 4114 (eternum
1321 4077 1425 4114 non
1458 4060 1740 4116 obliviscar
1766 4062 2110 4132 justiﬁcatio-

2265 4062 2367 4125 Εἰς
2404 4061 2510 4113 τὸν
2545 4058 2727 4112 αἰῶνα
2755 4061 2829 4114 οὐ
2854 4060 2940 4128 μὴ
2982 4057 3356 4127 ἐπιλάθωμαι
3394 4056 3506 4109 τῶν
3536 4052 3692 4105 δικαιω-

533 4167 623 4205 nes
649 4163 791 4213 tuas,
822 4152 948 4220 quia
976 4153 1030 4204 in
1054 4153 1181 4219 ipsis
1221 4152 1497 4222 viviﬁeasti
1534 4169 1634 4206 me.
1668 4151 1866 4207 Verum
1898 4168 2060 4207 memt

2198 4151 2401 4221 μάτων
2415 4167 2553 4214 σου,
2582 4152 2669 4204 ὅτι
2690 4153 2759 4205 ἐν
2776 4153 2978 4217 αὐτοῖς
3003 4149 3220 4218 ἔζησάς
3236 4167 3339 4219 με.
3373 4146 3525 4202 Ἀλλά
3553 4137 3692 4215 μεμνήδ

531 4258 629 4298 ero
679 4243 1093 4312 disciplinarum
1145 4253 1399 4308 tuarum,
1429 4259 1565 4314 quas
1603 4245 1659 4299 in
1698 4244 1805 4298 vita
1850 4244 2048 4299 edidici

2206 4259 2367 4313 σομαι
2388 4243 2497 4297 τῶν
2520 4243 2855 4314 μαθημάτων
2878 4260 2992 4305 σου,
3030 4236 3105 4296 ὧν
3132 4242 3344 4313 ἔμαθον
3374 4242 3431 4293 ἐν
3458 4238 3528 4307 τῷ
3547 4234 3636 4305 βίῳ·
3655 4227 3695 4278 δι’

533 4349 631 4404 per
655 4334 778 4389 illas
793 4335 937 4388 enim
961 4350 992 4387 a
1015 4344 1163 4389 terra
1190 4334 1245 4389 in
1265 4335 1466 4389 caelum
1495 4335 1792 4399 transiens,
1826 4349 1949 4389 cum
2004 4352 2060 4390 an

2206 4338 2386 4390 ἐκεῖνα
2411 4335 2520 4407 γάρ
2550 4334 2656 4388 ἀπὸ
2681 4335 2784 4405 γῆς
2809 4335 2888 4397 είς
2922 4334 3148 4404 οὐρανὸν
3192 4330 3467 4403 μετελθὼν
3497 4323 3603 4380 οἰκῶ
3621 4317 3696 4391 μετ’

532 4426 667 4496 gelis
713 4425 920 4480 habito.
982 4425 1453 4492 Quemadmodum
1503 4429 1647 4481 enim
1695 4426 1787 4495 qui
1838 4441 1902 4480 ex
1948 4442 2059 4496 grai

2171 4457 2177 4491 ’
2205 4428 2468 4496 ἀγγέλων·
2501 4428 2714 4497 Ὥσπερ
2762 4425 2870 4496 γὰρ
2921 4428 2950 4480 ὁ
3000 4426 3064 4478 ὲκ
3110 4423 3362 4495 μεγάλης
3393 4423 3538 4477 νόσου
3562 4415 3629 4468 διὰ
3649 4427 3698 4461 τι-

532 4519 727 4573 morbo
759 4518 1096 4574 medicorum
1126 4520 1387 4575 subsidiis
1418 4520 1628 4573 ﬁrmam
1655 4528 1709 4573 et
1741 4520 1987 4575 stabilem
2014 4536 2059 4575 s:

2205 4537 2311 4572 νων
2347 4517 2601 4589 ἰατρικῶν
2637 4516 2997 4588 βοηθημάτων
3019 4515 3220 4582 παγίαν
3261 4514 3360 4566 καὶ
3391 4508 3588 4583 βεϐαίαν
3612 4503 3695 4555 ἄνι’

533 4609 761 4663 nitatem
793 4609 1012 4679 accipit,
1040 4609 1185 4679 quod
1218 4610 1510 4663 incolumis
1544 4618 1597 4663 et
1625 4608 1765 4663 bona
1794 4609 2060 4663 valetudiu

2203 4608 2382 4663 λαϐὼν
2420 4609 2632 4678 ὑγίειαν
2659 4610 2725 4662 δι’
2759 4607 2923 4661 αὐτοῦ
2963 4606 3055 4659 τοῦ
3089 4605 3363 4673 ὑγιαίνειν
3407 4603 3497 4656 καὶ
3528 4591 3696 4651 εὖειτεῖν

534 4702 627 4767 sit,
666 4715 771 4755 non
813 4699 935 4755 ideo
961 4700 1306 4756 obliviscitur
1333 4698 1682 4762 medicinam,
1717 4714 1823 4769 qua
1869 4699 1987 4769 ipse
2014 4717 2061 4755 sa

2202 4701 2304 4754 οὐκ
2350 4700 2765 4755 ἐπιλανθάνεται
2800 4698 2908 4751 τῶν
2965 4697 3220 4769 ἰατρικῶν
3255 4695 3480 4748 ἐκείνων
3519 4684 3585 4750 οἷς
3611 4685 3696 4751 ἕρφ’

535 4792 758 4846 nitatem
781 4801 1110 4847 consecutus
1137 4798 1253 4857 est;
1279 4792 1352 4844 ita
1383 4792 1484 4846 iste
1511 4798 1734 4845 sanctus
1757 4806 1788 4844 a
1811 4790 1923 4847 Deo
1947 4791 2062 4858 just

2202 4792 2431 4863 λούθησε
2465 4793 2526 4845 τὸ
2558 4791 2730 4855 οὓτως
2761 4791 2922 4844 αὑτὸν
2955 4791 3071 4859 μετ’
3103 4786 3323 4851 εὐεξίας
3358 4784 3616 4854 ὑγιαίνειν·
3639 4773 3697 4875 σ’ξο

535 4881 880 4937 ﬁcationibus
902 4896 1039 4952 quas
1071 4882 1284 4951 accepit
1317 4881 1646 4946 viviﬁcatus,
1679 4898 1775 4951 per
1808 4898 1969 4937 omne
2002 4898 2062 4937 sa

2200 4902 2309 4948 τως
2342 4887 2381 4938 ,ὁ
2427 4885 2580 4952 ἆγιος
2627 4876 2803 4947 οὗτος,
2845 4881 2951 4934 ὑπὸ
2999 4877 3133 4935 Θεοῦ
3181 4875 3539 4948 ζωοποιηθεὶς
3574 4871 3618 4924 ἐν
3644 4871 3693 4922 οὲς

533 4974 717 5029 culum
750 4975 826 5028 ait
858 4990 917 5030 se
939 4990 1128 5029 earum
1162 4975 1387 5028 minime
1415 4974 1644 5029 oblitum
1681 4974 1782 5041 iri;
1813 4974 1954 5030 hanc
1981 4977 2060 5030 rec

2202 4975 2326 5046 ἔσχε
2385 4977 2515 5046 παρ’
2563 4973 2727 5028 αὐτοῦ
2783 4972 3113 5043 δικαιώμασι
3159 4969 3311 5038 λέγει
3358 4968 3486 5039 παρ’
3516 4965 3612 5018 ὅλον
3640 4956 3694 5008 ’ὧν

533 5066 669 5122 dens
697 5066 994 5131 rationem,
1022 5081 1080 5120 se
1120 5066 1174 5118 in
1206 5066 1274 5121 iis
1303 5080 1332 5118 a
1377 5064 1485 5120 Deo
1515 5065 1846 5120 vivificatum
1884 5082 2027 5122 esse.

2200 5067 2371 5121 αἰῶνα
2402 5067 2476 5139 μὴ
2511 5066 2962 5120 ἐπιλανθάνεσθαι
3015 5062 3210 5126 αὐτῶν,
3242 5061 3526 5121 ἀποδιδοὺς
3547 5053 3623 5125 τὴν
3643 5048 3692 5101 αἱ·

2199 5159 2342 5222 τίαν,
2372 5160 2433 5212 τὸ
2465 5161 2523 5211 ὲν
2551 5159 2734 5221 αὐτοῖς
2758 5157 2847 5211 τὸν
2874 5156 3008 5209 Θεὸν
3036 5154 3196 5210 αὑτὸν
3223 5153 3486 5225 ἐζηκέναι
3512 5147 3629 5238 (sic).
3684 5223 3691 5238 '

603 5243 770 5301 Vsus.
793 5244 980 5302 94-96.
1003 5245 1146 5299 Tuus
1175 5262 1291 5299 sum
1328 5262 1440 5314 ego,
1465 5246 1667 5300 saluum
1709 5263 1789 5300 me
1832 5246 1939 5316 fac,
1971 5266 2098 5318 quo-

2270 5249 2386 5313 Σός
2432 5249 2548 5315 ειμι
2597 5245 2732 5316 ἐγὼ,
2784 5245 2994 5300 σῶσόν
3017 5262 3114 5315 με,
3152 5243 3243 5296 ὅτι
3293 5241 3369 5295 τὰ
3411 5234 3691 5303 δικαιώματά

533 5340 678 5393 niam
716 5339 1128 5409 justiﬁcationes
1169 5346 1288 5391 tuas
1332 5338 1605 5408 exquisivi.
1644 5337 1730 5392 Me
1770 5317 2060 5409 exspectans

2198 5357 2315 5396 σου
2352 5336 2699 5406 ἐξεζήτησα.
2770 5337 2900 5408 Ἐμὲ
2940 5336 3270 5406 ὑπέμειναν
3326 5338 3385 5390 οι
3437 5317 3691 5421 ἁμαρτωξέ

533 5440 657 5484 runt
682 5440 1002 5510 peccatores,
1035 5438 1094 5484 ut
1130 5430 1403 5500 perderent
1431 5446 1530 5494 me,
1557 5432 1859 5485 testimonia
1892 5442 1982 5486 tua
2015 5436 2060 5486 in

2198 5432 2303 5487 τοῦ
2329 5431 2627 5487 ἀπολέσαι
2655 5449 2752 5501 με,
2775 5432 2848 5485 τὰ
2873 5428 3167 5500 μαρτύριὰ
3196 5445 3319 5483 σου
3360 5424 3599 5493 συνῆκα,
3628 5418 3685 5511 He.

534 5524 732 5578 tetlemi.
778 5523 963 5579 Omnis
1022 5523 1493 5578 consummationis
1534 5522 1639 5576 vidi
1679 5524 1836 5593 ﬁnem
1927 5526 2061 5579 lata:

2197 5541 2316 5593 σης
2343 5525 2698 5591 συντελείας
2728 5520 2892 5578 εἶδον
2922 5521 3128 5591 πέρας,
3179 5521 3440 5575 πλατεῖα
3468 5521 3504 5586 ὴ
3538 5512 3682 5569 ἐντελῆ

535 5614 840 5668 mandatum
865 5627 1012 5669 tuum
1031 5616 1208 5670 nimis.

1069 5616 1208 5670 imis.
2196 5637 2312 5675 σου
2342 5620 2596 5694 σφόδρα.

610 5703 775 5758 Vsus.
807 5705 1021 5761 91-100.
1066 5706 1340 5775 Quomodo
1377 5705 1542 5761 dilexi
1583 5706 1742 5777 legem
1784 5717 1949 5777 tuam,
1982 5710 2085 5767 Do.

2280 5712 2372 5779 Ὡς
2397 5692 2681 5783 ἠτάπὴσα
2718 5710 2824 5767 τὸν
2848 5711 3034 5781 νόμον
3065 5727 3200 5778 σου,
3228 5710 3433 5779 Κύριε,
3466 5708 3601 5772 ὅλην
3623 5692 3691 5761 τὴν
