3868 6282
124 349 258 407 13.31

1289 342 1789 401 COMMENTARIA
1827 341 1896 396 IN
1933 341 2269 399 PSALMOS.

3236 348 3377 403 1382

119 464 354 536 ἡμέραν
397 465 620 534 μελέτη
657 482 772 532 μου
808 464 1000 517 ἐστίν.
1049 461 1226 530 ’Υπὲρ
1276 462 1415 528 τοὺς
1449 463 1700 532 ἐχθρούς

1826 461 1966 524 nine,
1988 468 2098 514 tota
2125 459 2210 514 die
2237 461 2506 516 meditatio
2527 481 2641 518 mea
2663 474 2761 519 est.
2788 464 2956 531 Super
2976 463 3216 518 inimicos
3242 480 3380 517 meos

117 574 239 628 μου
279 555 585 624 ἐσόφισάς
624 572 699 624 με
742 555 856 622 τὴν
894 553 1152 620 ἐντολήν
1197 569 1334 616 σου,
1369 553 1460 606 ὅτι
1484 554 1572 618 εὶς
1599 553 1704 605 τὸν

121 643 312 700 αἰῶνα
353 643 470 714 ἐμή
504 645 694 699 ἐστιν.
736 643 904 713 ’Υπὲρ
945 643 1175 709 πάντας
1220 643 1361 709 τοὺς
1395 641 1706 696 διδάσκον-

120 737 231 803 τιής
255 755 335 806 με
369 737 636 805 συνῆκα,
669 737 759 790 ὅτι
783 738 858 790 τὰ
878 735 1170 807 μαρτύριά
1191 752 1308 790 σου
1331 735 1551 806 μελέτη
1585 753 1704 805 μου

121 830 321 883 ἐστίν.
380 827 553 896 ’Υπὲρ
578 827 1020 896 πρεσϐυτέρους
1039 828 1300 897 συνῆκα,
1341 828 1430 882 ὅτι
1465 830 1573 894 τὰς
1611 828 1707 880 ὲν-

121 919 308 985 τολάς
363 935 483 972 σου
528 917 874 988 ἐξεζήτησα.
916 920 979 972 El
1007 919 1063 971 δὲ
1095 917 1241 987 λέγοι
1281 936 1384 971 που
1418 920 1446 971 ὁ
1494 918 1702 989 Σωτήρ·

126 1011 249 1063 Οὐκ
276 1008 418 1062 ἐστι
444 1011 718 1079 μαθητὴς
754 1009 906 1078 ὑπὲρ
943 1009 1049 1064 τὸν
1078 1008 1472 1072 διδάσκαλον,
1508 1009 1600 1061 καὶ
1641 1007 1707 1061 τὰ

125 1100 275 1170 ἑξῆς,
331 1100 576 1166 λεκτέον,
632 1102 712 1153 ὅτι
768 1101 912 1154 τοῦτ’
945 1102 1154 1172 εἴρηται
1182 1101 1261 1172 τῷ
1289 1102 1499 1172 Σωτῆρι
1537 1118 1706 1172 ’προσ-

123 1191 584 1262 διαστειλαμένῳ,
627 1193 719 1245 καὶ
752 1194 943 1261 φάντιο
973 1193 1070 1261 Μὴ
1104 1192 1397 1261 καλέσητε
1429 1191 1710 1244 διδάσκα-

123 1288 240 1336 λον
268 1284 375 1336 ἐπὶ
411 1283 522 1353 τῆς
559 1284 674 1355 γῆς
696 1303 709 1315 °
747 1280 834 1351 εἷς
858 1287 968 1354 γάρ
988 1287 1159 1340 ἐστιν
1178 1286 1343 1356 ὑμῶν
1365 1289 1398 1339 ό
1420 1284 1708 1339 διδάσκα-

95 1359 235 1451 ‘J'oc
265 1377 299 1428 ὁ
346 1376 421 1428 ἐν
447 1376 572 1443 τοῖς
613 1377 911 1444 οὐρανοῖς.
961 1377 1048 1440 Ὠς
1082 1377 1218 1448 πρὸς
1247 1378 1452 1429 ἐκεῖνον
1489 1372 1580 1429 οὖν
1618 1375 1709 1428 τὸν

123 1465 459 1519 διδάσκαλον
511 1469 612 1522 οὐκ
648 1468 764 1521 ἔστι
799 1468 1046 1540 μαθητὴς
1093 1468 1377 1538 κρείττων.
1437 1470 1500 1521 Οἱ
1527 1469 1583 1521 δὲ
1632 1470 1710 1520 ὲν-

125 1555 302 1610 ταῦθα
333 1557 658 1628 δηλούμενοι
709 1557 894 1611 πολλοὶ
945 1558 1258 1612 διδάσκαλοι
1298 1559 1474 1630 ἕτεροι
1519 1560 1712 1628 τυγχάο

126 1662 330 1711 νουσιν,
362 1640 442 1702 ὧν
473 1649 731 1713 πολλάκις
759 1650 788 1701 ὁ
823 1648 1069 1720 μαθητὴς
1102 1651 1382 1720 κρείττων.
1420 1649 1632 1703 Γίνεται
1653 1649 1710 1702 δὲ

129 1739 378 1804 πλείονος
411 1742 506 1795 καὶ
543 1741 798 1813 συνεχοῦς
830 1742 930 1812 τῆς
969 1743 1097 1812 περὶ
1141 1743 1266 1806 τοὺς
1303 1741 1480 1806 θείους
1521 1741 1711 1810 λόγους

127 1828 446 1900 ἀσκήσεως.

213 1920 308 1974 Ἐκ
339 1921 546 1990 πάσης
571 1923 713 1977 ὀδοῦ
745 1922 1012 1992 πονηρᾶς
1037 1923 1313 1978 ἐκώλυσα
1344 1923 1484 1990 τοὺς
1524 1923 1713 1990 πόδας

122 2031 264 2082 μου,
291 2013 458 2081 ὅπως
488 2015 564 2069 ἂν
587 2016 835 2085 φυλάξω
863 2017 1005 2082 τοὺς
1033 2017 1255 2086 λόγους
1286 2031 1420 2070 o‘ov.
1442 2016 1573 2070 Ἀπὸ
1599 2015 1716 2069 τῶν

129 2105 439 2174 χριμάτων
470 2121 585 2160 σου
617 2109 727 2160 οὐκ
759 2105 1060 2170 ἐξέκλινα,
1107 2105 1195 2158 ὅτι
1242 2104 1322 2159 σὺ
1369 2105 1715 2174 ἐνομοθέτη-

131 2200 249 2267 σὰς
263 2217 389 2270 μοι.
411 2198 506 2264 Ὠς
529 2196 753 2268 γλυκέα
784 2196 864 2263 τῷ
885 2197 1140 2267 λάρυγγί
1154 2215 1272 2266 μου
1294 2197 1364 2251 τὰ
1384 2195 1555 2265 λόγιά
1575 2212 1709 2248 σου·

130 2291 283 2359 ὑπὲρ
315 2289 462 2361 μέλι
488 2288 566 2354 τῷ
587 2289 836 2356 στόματί
847 2305 988 2357 μου.
1009 2287 1138 2342 Ἀπὸ
1161 2288 1277 2341 τῶν
1302 2288 1566 2342 ἐντολῶν
1599 2301 1714 2341 σου

133 2381 408 2452 συνῆκα,
460 2381 557 2434 διὰ
607 2379 780 2432 τοῦτο
832 2379 1097 2447 ἐμίσησα
1141 2377 1347 2434 πᾶσαν
1398 2378 1540 2432 ὁδὸν
1589 2377 1713 2433 ἀδι-

135 2475 290 2539 κίας.

209 2566 450 2634 Λύχνος
502 2563 625 2630 τοῖς
669 2566 816 2619 ποσί
853 2582 973 2633 μου
1021 2566 1053 2617 ό
1082 2565 1263 2630 νόμος
1291 2575 1428 2628 σου,
1464 2560 1562 2614 καὶ
1593 2559 1718 2629 φῶς

137 2653 270 2720 ταῖς
316 2656 539 2723 τρίϐοις
580 2657 958 2724 μου.Ὤμοσα
1001 2655 1099 2708 καὶ
1127 2654 1363 2719 ἕστησα
1391 2652 1495 2705 τοῦ
1525 2651 1716 2719 φυλά-

137 2745 355 2808 ξασθαι
405 2748 479 2799 τὰ
529 2747 781 2814 κρίματα
821 2745 929 2812 τῆς
968 2745 1358 2811 δικαιοσύνης
1391 2759 1524 2796 σου.
1545 2743 1715 2810 Ἐπεὶ,

139 2836 371 2906 μηδενὸς
420 2836 841 2905 ὲκῦιασαμένου,
873 2835 1050 2906 οἰκείᾳ
1079 2836 1419 2906 χρησάμενος
1449 2836 1591 2905 ὁρμῇ
1627 2835 1719 2887 καὶ

135 2927 462 3000 προαιρέσει
491 2927 690 2998 ἀγαθῇ,
720 2928 866 2997 ὅρκῳ
889 2927 1079 2979 ἑαυτὸν
1113 2926 1442 2997 κατεδήσατο
1467 2926 1558 2978 καὶ
1576 2923 1721 2994 ὦμο-

139 3033 198 3068 σε
227 3016 320 3070 τοῦ
355 3016 696 3086 φυλάξασθαι
739 3018 803 3068 τὰ
841 3018 1083 3087 κρίματα
1123 3019 1220 3087 τῆς
1251 3016 1594 3086 δικαιοσύνης
1625 3017 1719 3069 τοῦ

141 3106 297 3171 Θεοῦ,
335 3107 555 3178 εὔχεται
585 3109 676 3162 τὸν
705 3109 863 3179 ὅρκον
902 3109 1064 3161 αὐτοῦ
1099 3109 1368 3178 ἀποδοχῆς
1396 3107 1540 3171 ἄξιον
1571 3107 1719 3179 παρὰ

141 3199 218 3269 τῷ
251 3199 372 3270 Θεῷ
400 3201 680 3268 γενέσθαιο
720 3201 884 3252 δεῖται
909 3201 1016 3271 γὰρ
1040 3199 1236 3268 πολλῆς
1263 3199 1608 3262 διδασκαλίας
1631 3201 1722 3252 καὶ

140 3292 174 3360 ἡ
203 3291 407 3359 γνῶσις
446 3292 552 3344 τῶν
580 3293 863 3364 κριμάτων
897 3291 991 3344 τοῦ
1024 3292 1180 3344 Θεοῦ.

226 3403 656 3471 Ἐταπεινώθην
700 3404 810 3469 ἕως
857 3404 1108 3472 σφόδρα,
1159 3405 1370 3470 Κύριε·
1420 3402 1605 3473 ζῆσόν
1647 3421 1724 3472 με

144 3491 297 3544 κατὰ
345 3492 450 3546 τὸν
493 3495 678 3562 λόγον
711 3507 850 3546 σου.
891 3491 968 3545 Τὰ
997 3490 1245 3544 ἑκούσια
1291 3491 1396 3543 τοῦ
1428 3491 1724 3558 στόματός

135 3597 256 3646 μου
299 3581 646 3649 εὐδόκησον
700 3580 799 3648 δὴ,
835 3581 1029 3648 Κύριε,
1063 3579 1162 3633 καὶ
1208 3580 1280 3634 τὰ
1329 3578 1580 3648 κρίματα
1609 3595 1724 3632 σου

144 3668 396 3734 δίδαξόν
420 3687 514 3738 με.
534 3671 592 3722 Ἡ
623 3669 793 3736 ψυχή
824 3685 940 3733 μου
969 3669 1039 3720 ἐν
1065 3669 1193 3732 ταῖς
1237 3667 1409 3735 χερσί
1445 3684 1564 3734 μου
1599 3666 1724 3718 δια-

146 3760 393 3825 παντὸς,
436 3758 532 3810 καὶ
588 3756 695 3810 τοῦ
750 3759 938 3824 νόμου
1001 3771 1116 3809 σου
1166 3759 1276 3809 οὐκ
1323 3757 1720 3822 ἐπελαθόμην.

148 3856 390 3907 Ἔθεντο
425 3848 753 3918 ἁμαρτωλοὶ
788 3847 1008 3916 παγίδα
1035 3864 1157 3915 μοι,
1189 3845 1286 3898 καὶ
1312 3847 1379 3898 ὲκ
1413 3844 1528 3897 τῶν
1559 3846 1724 3897 ἐντο-

144 3941 268 3996 λῶν
300 3959 418 3996 σου
451 3941 562 3992 οὐκ
595 3935 964 4001 ἐπλανήθην.
982 3935 1043 3986 Ἡ
1072 3934 1216 4003 ψυχή
1248 3950 1390 3995 τινος
1438 3933 1495 3985 ὲν
1541 3933 1725 4003 χερσὶν

147 4031 308 4084 αὖτοῦ
341 4033 512 4090 ἐστιν,
530 4027 727 4079 εἴποτε
755 4026 811 4077 ὲν
844 4023 1105 4086 κινδύνοις
1133 4022 1441 4093 γεγένηται,
1463 4021 1726 4074 καὶτοῦτο

146 4128 179 4195 ὴ
215 4123 476 4196 συνήθεια
514 4119 661 4187 λέγει
687 4119 802 4170 ὅτι·
839 4117 950 4187 Τὴν
971 4115 1148 4186 ψυχήν
1183 4131 1286 4185 μου
1320 4109 1461 4184 εἶχον
1501 4116 1580 4176 εἰς
1628 4114 1726 4176 τὰς

149 4215 336 4287 χεῖρας
389 4209 671 4284 μου.Ἐγὼ
719 4205 833 4272 οὖν,
869 4208 1030 4277 φησιν
1076 4208 1104 4258 ὁ
1145 4206 1367 4269 δίκαιος,
1407 4203 1726 4276 καθημὲραν

149 4308 502 4377 ἀποθνήσκω,
531 4304 617 4356 ἀεὶ
644 4299 934 4354 κινδυνεύω
965 4299 1051 4353 διὰ
1077 4299 1166 4351 τὸν
1197 4298 1352 4365 λόγον
1381 4315 1494 4359 σου,
1519 4297 1606 4349 διὰ
1630 4296 1726 4368 τὴν

147 4398 431 4469 ἀλήθειαν,
461 4397 548 4448 διὰ
580 4395 672 4447 τὸν
709 4393 950 4462 ἔλεγχον,
979 4391 1066 4444 διὰ
1094 4391 1190 4461 τὴν
1223 4390 1495 4460 βασιλείαν
1533 4391 1598 4459 ἣν
1635 4389 1728 4458 βα-

1810 555 2095 623 sapientem
2133 569 2212 607 me
2245 552 2414 622 fecisti
2450 557 2700 612 mandato
2743 568 2850 625 tuo,
2890 559 3015 629 quia
3046 559 3099 611 in
3129 568 3382 611 wternum

1810 661 1981 699 meum
2020 653 2117 699 est.
2145 645 2312 714 Super
2345 661 2520 700 omnes
2555 646 2796 704 docentes
2838 665 2919 703 me
2966 648 3236 710 intellexi,
3259 648 3383 716 quia

1815 736 2115 790 testimonia
2146 745 2237 788 tua
2273 737 2545 792 meditatio
2574 755 2688 792 mea
2727 748 2824 794 est.
2864 737 3034 806 Super
3055 756 3197 793 senes
3221 739 3381 791 intel-

1815 826 1938 889 lexi,
1964 826 2089 894 quia
2138 827 2391 881 mandata
2423 838 2514 882 tua
2562 830 2797 898 quesivi.
2833 829 2989 896 Quod
3034 832 3081 886 si
3133 832 3382 884 Salvator

1815 919 2177 974 alicubidicat
2203 939 2216 973 :
2239 919 2362 974 Non
2391 920 2775 990 estdiscipulus
2806 938 2960 990 super
2988 924 3296 992 magistrum
3317 924 3381 980 ¹⁸ο

1816 1019 1869 1066 et
1896 1018 2110 1073 caetera,
2145 1011 2434 1066 dicendum
2475 1019 2560 1067 est
2600 1013 2704 1066 hoc
2749 1015 3158 1082 pronuntiatum
3191 1029 3219 1067 a
3265 1012 3387 1067 Sal-

1814 1111 2000 1156 vatore
2032 1101 2221 1165 fuisse,
2261 1117 2384 1156 cum
2429 1103 2580 1171 prius
2624 1103 2967 1159 distinxisset
3006 1119 3069 1156 ac
3105 1103 3381 1159 dixisset:

1817 1192 1900 1247 Ne
1925 1194 2112 1248 vocetis
2144 1194 2455 1264 magistrum
2496 1208 2654 1261 super
2687 1203 2884 1248 terram
2915 1209 2934 1247 :
2964 1210 3098 1248 unus
3132 1194 3270 1247 enim
3307 1199 3388 1248 est

1817 1284 2073 1355 Magister
2102 1296 2267 1340 vester
2298 1285 2388 1355 qui
2408 1292 2484 1337 est
2515 1285 2567 1336 in
2599 1285 2742 1338 caelis
2774 1285 2837 1338 ¹⁷.
2873 1284 3020 1339 Illius
3059 1285 3240 1354 itaque
3269 1298 3386 1338 ma-

1817 1377 1974 1446 gistri
2001 1379 2408 1448 comparatione
2434 1395 2541 1432 non
2571 1385 2656 1433 est
2683 1376 2987 1447 discipulus
3017 1377 3382 1447 praestantior.

1819 1469 2062 1540 Magistri
2083 1477 2289 1533 autem,
2325 1472 2418 1540 qui
2452 1470 2540 1523 hic
2569 1469 2722 1523 multi
2752 1484 2874 1524 esse
2904 1467 3270 1533 declarantur,
3293 1464 3386 1520 alti

1819 1569 1967 1626 sunt,
2028 1562 2229 1632 quibus
2278 1563 2598 1631 plerumque
2659 1561 2964 1631 discipulus
3017 1560 3230 1614 doctior
3278 1566 3384 1614 est.

1818 1654 1972 1720 Quod
2023 1654 2205 1709 evenit
2254 1670 2321 1709 ex
2373 1659 2578 1722 majore
2600 1664 2652 1709 et
2689 1653 3059 1724 frequentiore
3099 1652 3154 1705 in
3186 1649 3386 1705 divinis

1820 1744 2166 1800 sermonibus
2201 1745 2613 1799 exercitatione.

1886 1917 2052 1973 Vens.
2092 1917 2187 1970 101
2221 1917 2374 1971 οίοι.
2406 1915 2483 1969 Ab
2507 1916 2648 1969 omni
2675 1915 2757 1968 via
2787 1914 2929 1966 mala
2962 1913 3201 1980 prohibui
3233 1911 3386 1980 pedes

1817 2027 1976 2072 meos.
2018 2017 2075 2061 ut
2125 2008 2420 2061 custodiam
2465 2005 2618 2060 verba
2653 2014 2764 2057 tua.
2801 2004 2842 2055 Α
2881 2004 3103 2073 judiciis
3150 2005 3250 2056 tuis
3282 2019 3386 2056 non

1815 2098 2097 2160 declinavi,
2143 2097 2268 2166 quia
2304 2106 2356 2148 tu
2390 2096 2547 2165 legem
2581 2095 2805 2164 posuisti
2850 2094 2994 2148 mihi.
3047 2092 3220 2157 Quam
3265 2093 3387 2145 dui-

1816 2191 1899 2242 cia
1929 2189 2172 2259 faucibus
2218 2190 2345 2242 meis
2377 2189 2584 2257 eloquia
2631 2188 2755 2240 tua!
2795 2203 2948 2252 super
2987 2186 3088 2239 mel
3126 2187 3205 2239 ori
3251 2202 3382 2237 meo.

1815 2283 1859 2336 Α
1918 2282 2184 2336 mandatis
2235 2283 2338 2335 tuis
2375 2281 2630 2344 intellexi,
2689 2293 2962 2348 propterea
3009 2277 3148 2331 adiri
3184 2294 3385 2331 onmem

1817 2379 1952 2430 vium
1988 2376 2301 2440 iniquitatis.

1892 2550 2061 2605 Vens.
2109 2550 2231 2612 103,
2277 2549 2399 2604 106.
2452 2546 2689 2598 Lucerna
2741 2544 2955 2612 pedibus
3000 2548 3124 2600 meis
3177 2547 3385 2599 verbum

1822 2657 1990 2709 tuum,
2019 2653 2066 2698 et
2105 2646 2278 2697 lumen
2309 2641 2508 2694 semitis
2549 2639 2694 2700 meis.
2721 2636 2910 2690 Juravi
2938 2647 2983 2690 et
3016 2639 3178 2700 statui
3206 2648 3385 2690 custo-

1820 2737 1933 2790 dire
1956 2737 2165 2805 judicia
2183 2735 2554 2802 justitiwtuaz.
2588 2731 2726 2796 Quia
2775 2732 2924 2784 nullo
2954 2731 3058 2784 vim
3101 2730 3387 2793 inferente,

1821 2827 1916 2883 sed
1947 2826 2166 2897 proprio
2189 2833 2323 2879 nutu
2349 2835 2401 2877 ct
2434 2825 2575 2878 bono
2601 2823 2901 2893 proposito,
2937 2837 3057 2876 sese
3078 2823 3392 2891 jurejuran-

1821 2925 1898 2978 do.
1923 2923 2198 2982 astrinxit.
2229 2928 2284 2974 et
2309 2919 2514 2988 juravit
2544 2935 2603 2974 se
2651 2926 2992 2974 servaturum
3038 2933 3158 2973 esse
3182 2919 3390 2987 judicia

1821 3013 2046 3082 iustitia:
2077 3010 2193 3072 Dei,
2221 3019 2376 3080 rogat
2405 3019 2463 3062 ut
2488 3009 2859 3076 juramentum
2889 3023 3049 3062 suum
3078 3011 3391 3078 acceptione

1824 3106 2044 3175 dignum
2079 3103 2217 3172 apud
2253 3101 2418 3156 Deum
2449 3101 2641 3156 evadat
2675 3120 2686 3154 :
2721 3117 2847 3154 nam
2885 3101 3125 3172 cognitio
3157 3101 3394 3170 judicio-

1749 3173 1790 3228 Ο
1825 3173 1944 3253 ruin
1976 3197 2070 3252 Dei
2099 3197 2269 3250 multa
2300 3195 2548 3250 doctrina
2571 3205 2712 3265 eget.

1894 3395 2060 3450 Vens.
2106 3395 2403 3450 107-112.
2462 3393 2788 3446 llumiliatus
2840 3408 2957 3445 sum
3008 3409 3390 3464 usquequaque,

1829 3489 2047 3543 Domine
2083 3503 2100 3540 :
2141 3489 2345 3557 viviﬁca
2387 3504 2467 3541 me
2505 3485 2786 3540 secundum
2823 3485 3032 3538 verbum
3085 3495 3248 3538 tuum.
3294 3487 3395 3540 Vo-

1825 3582 2061 3634 luntaria
2103 3581 2210 3632 oris
2240 3581 2340 3632 mei
2371 3579 2694 3646 beneplacita
2729 3575 2836 3644 fac,
2876 3575 3122 3638 Domine,
3161 3585 3210 3628 et
3241 3576 3395 3644 judi-

1826 3673 1907 3724 cia
1940 3682 2032 3725 tua
2070 3670 2196 3724 doce
2227 3685 2326 3722 me.
2355 3669 2548 3720 Anima
2581 3683 2694 3718 mea
2722 3667 2777 3716 in
2807 3665 3049 3717 manibus
3097 3666 3224 3716 meis
3255 3681 3392 3718 sem-

1823 3781 1933 3832 per,
1967 3772 2014 3816 et
2045 3763 2205 3832 legem
2237 3772 2382 3812 tuam
2413 3776 2517 3813 non
2545 3773 2662 3810 sum
2700 3755 2912 3808 oblitus.
2949 3755 3247 3808 Posuerunt
3283 3771 3395 3821 pec--

1825 3866 2028 3907 catores
2054 3852 2295 3921 laqueum
2319 3849 2470 3911 mihi,
2494 3857 2541 3900 et
2567 3847 2629 3899 de
2647 3845 2912 3898 mandatis
2943 3843 3046 3897 tuis
3077 3862 3177 3897 non
3198 3847 3390 3899 erravi.

1825 3945 2021 3998 Anima
2061 3942 2305 4011 cujusvis
2337 3941 2392 3994 in
2423 3938 2676 3993 manibus
2705 3938 2824 4006 ejus
2869 3946 2974 3998 est,
3009 3936 3054 3991 si
3090 3938 3307 4004 quando
3338 3938 3394 3990 in

1825 4036 2084 4106 periculis
2113 4041 2378 4095 versetur,
2410 4038 2572 4102 atque
2600 4045 2666 4084 ex
2699 4029 3092 4083 consuetudine
3129 4030 3229 4082 hoc
3255 4029 3393 4083 dici-

1826 4131 1914 4180 tur
1948 4125 2236 4179 :Animam
2270 4138 2442 4177 meam
2477 4122 2530 4175 in
2576 4121 2832 4176 manibus
2865 4120 3000 4174 meis
3045 4121 3224 4173 habui.
3285 4119 3393 4188 Ego

1827 4216 2031 4286 itaque,
2057 4216 2132 4270 ait
2155 4215 2363 4284 justus,
2401 4212 2645 4284 quotidie
2675 4213 2900 4275 morior,
2939 4227 3149 4280 svnmcr
3176 4213 3246 4264 ob
3271 4227 3387 4265 Scr-

1828 4325 2042 4363 monem
2077 4317 2228 4362 tuum
2255 4309 2310 4361 in
2340 4307 2584 4376 periculo
2610 4323 2818 4369 versor,
2850 4318 3066 4375 propter
3090 4304 3390 4366 veritatem.

1830 4411 2052 4474 propter
2079 4400 2579 4470 reprehensionem,
2603 4408 2825 4470 propter
2859 4413 3080 4466 regnum
3105 4396 3190 4450 cui
3219 4397 3392 4466 impe-

152 4493 378 4547 σιλεύωο
411 4491 506 4544 καὶ
538 4490 625 4544 διὰ
657 4489 829 4542 ταῦτα
863 4489 902 4555 ἡ
933 4485 1102 4554 ψυχή
1137 4501 1256 4554 μου
1294 4483 1364 4536 ἐν
1390 4483 1519 4548 ταῖς
1556 4495 1719 4550 χερσι

1832 4509 1894 4548 ro
1925 4512 1939 4559 ;
1968 4501 2021 4548 et
2042 4493 2162 4548 ideo
2186 4492 2366 4544 anima
2387 4507 2502 4544 mea
2527 4491 2582 4542 in
2604 4490 2846 4542 manibus
2874 4489 3001 4541 meis
3031 4503 3242 4554 semper.
3276 4487 3394 4542 Non

146 4603 264 4653 μου
285 4582 631 4645 διαπαντός.
648 4581 723 4632 Οὐ
745 4579 852 4649 γὰρ
871 4581 898 4631 ὁ
915 4577 1158 4638 κίνδυνος
1179 4573 1271 4627 τοῦ
1297 4574 1526 4627 θανάτου
1556 4573 1728 4624 ἐποίει

157 4673 611 4746 με-.ὲπιλαθέσθαι
640 4671 732 4725 τοῦ
783 4673 948 4742 νόμου
977 4687 1088 4724 σου.
1124 4667 1354 4722 Δύναται
1401 4667 1459 4720 δέ
1509 4684 1592 4729 τις
1636 4665 1731 4718 καὶ

154 4767 483 4837 ὐῂλότερον
519 4765 705 4835 νοῆσαι
735 4762 796 4814 τὸ
825 4761 1006 4834 ῥητὸν,
1039 4761 1131 4814 καὶ
1165 4762 1357 4822 εἰπεῖν,
1379 4759 1458 4810 ὅτι
1493 4758 1531 4824 ἡ
1559 4753 1728 4824 ψυχή

151 4880 270 4932 μου
301 4864 371 4916 έν
401 4861 529 4926 ταῖς
563 4859 736 4928 χερσί
761 4875 880 4926 μου
915 4851 994 4925 ἦν
1021 4850 1364 4916 διαπαντὸς,
1395 4851 1513 4902 ἀντὶ
1538 4847 1652 4911 τοῦ,
1674 4848 1731 4899 ὲν

157 4952 421 5022 πράξεσιν
446 4949 701 5018 ἀγαθαῖς·
733 4949 766 5016 ἡ
798 4947 915 5016 χεὶρ
939 4943 1048 5014 γὰρ
1075 4943 1166 4994 ἐπὶ
1191 4941 1297 4994 τῶν
1334 4937 1583 5010 πράξεων
1607 4937 1732 4991 πολ-

158 5041 316 5105 λάκις
350 5037 726 5111 παραδέδοται.
769 5035 831 5085 Εἰ
856 5034 911 5086 δὲ
940 5035 998 5085 ἐν
1024 5035 1144 5095 ταῖς
1173 5030 1326 5103 χερσί
1357 5046 1450 5082 σου
1479 5028 1586 5099 εἴη,
1610 5029 1734 5098 νοή-

161 5151 343 5204 σωμεν
366 5135 553 5204 χεῖρας
575 5125 710 5182 εἶναι
731 5124 825 5179 τοῦ
853 5125 986 5180 Θεοῦ
1002 5126 1100 5195 τὴν
1113 5121 1469 5194 δημιουργίαν
1491 5120 1674 5184 αὑτοῦ,

163 5227 446 5298 προσιτέον
487 5219 792 5282 διαπαντός.
812 5218 1298 5285 Ἐκληρονόμησα
1340 5215 1410 5268 τὰ
1441 5211 1734 5283 μαρτύριὰ

160 5333 277 5370 σου
308 5319 394 5382 εις
426 5316 534 5369 τὸν
563 5310 748 5366 αἰῶνα
769 5327 782 5340 ⁸
832 5309 922 5362 ὅτι
952 5307 1294 5376 ἀγαλλίαμα
1337 5303 1446 5372 τῆς
1487 5303 1733 5373 καρδίας

157 5423 276 5475 μου
301 5409 735 5463 εὶσίν.Ἐκλινα
759 5400 874 5470 τὴν
903 5396 1153 5466 καρδίαν
1189 5415 1307 5465 μου
1346 5397 1452 5451 τοῦ
1483 5395 1730 5463 ποιῆσαι

161 5499 237 5552 τὰ
263 5496 620 5570 δικαιώματά
646 5511 761 5551 σου
792 5495 880 5558 εὶς
904 5489 1010 5544 τὸν
1036 5485 1222 5541 αἰῶνα
1240 5489 1314 5542 δι’
1344 5488 1724 5558 ἀντάμειψιν.

222 5757 289 5811 ἰι
327 5763 512 5824 “sub.
548 5781 617 5836 ι,
649 5770 738 5825 24.
819 5775 861 5807 ιτ
904 5768 1095 5827 Matth.
1135 5782 1305 5833 mu,
1342 5767 1408 5834 9,
1449 5767 1536 5825 10.

1571 5897 1617 5927 1.

1833 4585 1978 4640 enim
2010 4583 2311 4654 periculum
2346 4582 2538 4636 mortis
2566 4581 2702 4650 legis
2729 4592 2830 4633 tua:
2856 4580 3103 4634 oblivisci
3129 4595 3214 4634 me
3243 4579 3390 4635 fecit.

1827 4677 2096 4731 (laterum
2130 4683 2311 4746 potest
2361 4675 2634 4744 quispiam
2693 4673 2980 4727 sublimius
3037 4671 3140 4728 hoc
3187 4672 3394 4727 dictum

1830 4767 2130 4838 intelligere
2162 4781 2226 4820 ac
2259 4766 2440 4821 dicere
2473 4785 2486 4818 :
2521 4766 2713 4818 Anima
2760 4781 2875 4818 mea
2904 4766 2957 4816 in
3000 4765 3238 4817 manibus
3269 4764 3394 4817 meis

1829 4868 1948 4915 erat
1981 4875 2218 4929 semper;
2257 4859 2309 4912 id
2338 4867 2442 4921 est,
2478 4860 2529 4911 in
2559 4858 2718 4912 bonis
2752 4857 2965 4912 actibus
2995 4874 3008 4910 :
3043 4871 3168 4910 nam
3199 4872 3394 4910 manus

1829 4964 1928 5018 pro
1960 4947 2171 5002 actibus
2203 4947 2512 5016 frequenter
2547 4946 2801 5000 traditur.
2837 4945 2891 5000 Si
2927 4956 3108 5001 autem
3138 4946 3192 5000 in
3221 4947 3395 5002 mani-

1834 5042 1936 5097 bus
1958 5040 2067 5095 tuis
2092 5039 2274 5102 fuerit,
2295 5040 2658 5109 intelligamus
2685 5054 2880 5093 manus
2908 5038 2999 5093 Dei
3026 5053 3148 5094 esse
3166 5038 3394 5092 creatio-

1832 5149 1954 5189 nem
1981 5133 2124 5203 ejus,
2151 5133 2239 5188 cui
2265 5147 2480 5202 semper
2512 5131 2727 5186 animus
2760 5140 2841 5185 est
2871 5129 3233 5184 adhibendus.
3261 5127 3394 5181 Hm-

1831 5227 2057 5279 reditate
2103 5224 2356 5294 acquisiui
2395 5223 2695 5278 testimonia
2727 5232 2820 5274 tua
2855 5225 2908 5274 in
2954 5229 3228 5283 retentum,
3269 5219 3392 5286 quia

1830 5319 2114 5374 exsultatio
2145 5317 2318 5372 cordis
2347 5318 2449 5370 mei
2487 5325 2628 5372 sunt.
2681 5313 2940 5369 Inclinavi
2975 5329 3066 5367 cor
3111 5327 3277 5366 meum
3326 5311 3392 5362 ad

1835 5409 2104 5478 faciendas
2128 5408 2539 5478 justiﬁcationes
2589 5418 2706 5461 tuas
2765 5409 2816 5460 in
2864 5416 3137 5470 wternum,
3187 5413 3398 5473 propter

1835 5502 2242 5557 retributionem.
