3868 6282
532 264 675 322 1385

1273 261 1537 318 EUSEBII
1567 260 2043 318 CESARIENSIS
2081 260 2231 320 OPP.
2273 260 2452 318 PARS
2485 260 2572 318 lli.
2613 294 2680 304 —
2712 261 3114 320 EXEGETICA.

3571 273 3662 331 λιιι

605 385 769 440 Vens.
798 385 1068 441 115416.
1107 383 1320 453 Iniquos
1351 384 1470 438 odio
1494 384 1674 448 habui,
1696 393 1744 438 et
1769 385 1930 454 legem
1957 394 2083 436 tuan

2274 386 2660 455 Hapardjtovq
2704 386 2987 457 ἐμίσησα,
3015 387 3119 440 τὸν
3155 386 3220 440 δὲ
3253 390 3414 458 νόμον
3443 408 3532 446 σου
3569 396 3667 464 ἠτό-

531 477 718 532 dilexi.
752 477 982 545 Adjutor
1011 486 1060 529 et
1091 485 1361 543 susceptor
1389 493 1532 530 meus
1556 493 1610 530 es
1639 489 1715 542 tu,
1740 477 1794 529 in
1826 476 1981 530 verba
2014 485 2108 530 tua

2205 493 2395 545 πησα.
2427 481 2652 546 Βοηθός
2677 497 2795 548 μου
2824 481 2920 533 καὶ
2947 479 3312 547 ἀντιλήπτωρ
3329 498 3430 549 μου
3454 480 3499 535 εἷ
3518 485 3667 552 σὺ,είς

531 568 910 636 supersperaui.
955 566 1224 620 Declinale
1261 584 1293 620 a
1322 583 1420 632 me,
1468 567 1706 636 maligni,
1734 575 1785 622 et
1830 568 2083 622 scrutabo

2206 570 2348 637 τοὺς
2370 573 2590 639 λόγους
2622 586 2737 626 σου
2757 571 3088 638 ἐπήλπισα.
3115 572 3433 625 Ἐκκλίνατε
3455 574 3533 626 ἀπ’
3551 574 3665 643 ἐμοῦ,

533 658 791 712 mandata
823 657 917 712 Dei
943 659 1065 712 mei.
1115 655 1332 726 Suscipe
1367 674 1448 713 me
1477 657 1759 712 secundum
1808 659 2107 712 misericor-

529 749 676 804 diam
713 761 880 814 tuam,
921 759 969 804 et
995 751 1200 819 viviﬁca
1243 765 1343 814 me,
1381 759 1430 803 et
1464 765 1567 802 non
1593 749 1891 817 confundas
1921 766 2002 804 me
2040 749 2104 804 ab

527 842 914 910 exspectatione
947 859 1079 896 mea.
1113 841 1405 912 Postquam
1439 841 1578 896 dixit
1613 856 1626 892 :
1659 840 1926 897 Declinate
1948 860 1981 896 a
2001 859 2101 908 me,

530 930 772 1000 maligni,
806 938 1204 999 consequenter
1247 930 1414 985 Deum
1442 930 1510 985 ad
1546 944 1666 985 eam
1696 945 1810 986 rem
1863 930 2102 997 invocat,

529 1026 589 1071 ut
618 1019 738 1088 ejus
765 1021 961 1074 virtute
990 1019 1209 1090 maligni
1235 1020 1302 1075 ab
1328 1021 1507 1075 anima
1535 1036 1634 1077 sua
1669 1021 1942 1092 pellantur
1973 1040 1986 1076 :
2021 1031 2104 1076 at-

527 1124 635 1179 que
664 1110 837 1165 otium
887 1121 1102 1175 nactus,
1141 1113 1306 1166 vitam
1337 1120 1393 1168 et
1443 1114 1700 1179 salutem,
1733 1129 1857 1184 qua:
1905 1129 2102 1171 secun-

525 1202 657 1258 dum
690 1202 857 1258 Deum
889 1212 993 1268 est,
1027 1212 1417 1275 consequatur,
1450 1220 1627 1278 neque
1658 1206 1877 1262 excidat
1910 1205 1979 1262 ab
2008 1222 2103 1262 ex-

525 1293 863 1362 spectatione
891 1309 990 1348 sua
1026 1312 1038 1348 :
1070 1308 1136 1348 ac
1166 1309 1382 1350 rursum
1408 1309 1564 1366 opem
1592 1287 1834 1367 postulat
1857 1295 1926 1351 ad
1955 1296 2103 1352 salu-

527 1392 656 1438 tem.
689 1414 761 1425 —
801 1384 962 1441 Vens.
998 1385 1103 1440 117
1123 1415 1146 1427 ο
1171 1386 1293 1441 120.
1323 1387 1531 1457 Adjuva
1567 1373 1666 1452 me,
1695 1398 1745 1442 et
1780 1388 1958 1443 salvus
1987 1405 2098 1453 ero,

523 1483 573 1527 et
605 1475 896 1530 meditabor
920 1476 973 1529 in
999 1477 1478 1546 justiﬁcationibus
1507 1480 1610 1534 tuis
1644 1497 1862 1549 semper.
1897 1480 2101 1548 Sprevi-

522 1569 594 1621 sti
649 1585 828 1624 omnes
877 1569 1258 1624 discedentesa
1298 1572 1520 1640 judiciis
1561 1573 1688 1636 tuis,
1719 1574 1846 1643 quia
1901 1574 2101 1641 injusta

521 1660 772 1730 cogitatio
815 1677 1017 1716 eorum.
1053 1661 1470 1718 Prwvaricantes
1499 1666 1735 1732 reputavi
1773 1680 1950 1719 omnes
1980 1681 2100 1734 pec-

2206 664 2688 732 πονηρευόμενοι,
2716 665 2811 718 καί
2843 661 3216 733 ἐξερευνήσω
3245 661 3340 728 τὰς
3369 663 3572 730 ἐντολὰς
3598 668 3666 720 τοῦ

2209 755 2356 809 Θεοῦ
2381 774 2520 824 μου.
2541 754 2876 810 Ἆντιλαϐοῦ
2897 773 3016 825 μου
3046 753 3194 808 κατὰ
3228 754 3288 807 τὸ
3313 754 3462 820 ἔλεός
3491 770 3577 809 σου
3603 758 3663 809 καί

2204 844 2391 915 ζῆσόν
2416 863 2512 916 με,
2542 845 2640 900 καί
2661 845 2745 915 μὴ
2775 845 3187 915 καταισχύνῃς
3209 861 3282 914 με
3305 844 3410 897 ἀπὸ
3439 843 3527 914 τῆς
3545 861 3666 912 προσ.

2202 935 2410 1002 δοκίας
2447 955 2588 1006 μου.
2644 934 2848 1000 Είπὼν,
2881 937 3223 990 Ἐκκλίνατε
3253 935 3346 988 ἀπ’
3376 934 3526 1002 ἐμοῦ,
3552 951 3669 1002 πονη-

2194 1031 2528 1098 ρευόμενοι,
2560 1027 2868 1092 ἀκολούθως
2894 1028 2984 1082 τὸν
3014 1027 3146 1080 Θεὸν
3173 1027 3266 1080 καὶ
3295 1027 3367 1089 είς
3395 1024 3524 1078 τοῦτο
3545 1027 3670 1081 ἐπικι-

2203 1122 2393 1184 λεῖται.
2428 1121 2504 1186 ὡς
2539 1120 2605 1176 ἂν
2633 1124 2698 1192 τῇ
2724 1120 2887 1175 αὑτοῦ
2912 1120 3137 1190 δυνάμει
3169 1117 3466 1172 ἀπελαθεῖεν
3495 1115 3571 1186 τῆς
3588 1119 3671 1170 ἑαυ-

2201 1214 2294 1268 τοῦ
2323 1214 2496 1286 ψυχῆς
2523 1215 2573 1267 οί
2597 1213 3031 1286 πονηρευόμενοι,
3059 1211 3249 1283 σχολῆς
3271 1226 3328 1263 τε
3354 1206 3507 1278 τυχὼν
3529 1207 3600 1276 τῆς
3612 1224 3675 1261 κα-

2201 1305 2269 1358 τὰ
2299 1306 2430 1359 Θεὸν
2461 1305 2605 1376 ζωῆς
2633 1323 2693 1358 τε
2718 1306 2812 1359 καὶ
2844 1304 3116 1376 σωτηρίας
3138 1301 3310 1372 τύχοι,
3343 1299 3429 1354 καὶ
3452 1299 3514 1370 μὴ
3536 1299 3673 1351 ἀποπί-

2202 1413 2286 1453 σοι
2311 1397 2408 1467 τῆς
2436 1397 2627 1450 ἑαυτοῦ
2659 1395 3012 1469 προσδοκίας·
3045 1395 3138 1448 καὶ
3172 1393 3328 1446 πάλιν
3354 1391 3479 1456 ἀξιοῖ
3505 1388 3677 1459 βοηθείας

2199 1489 2379 1557 τυχεῖν
2403 1489 2480 1550 είς
2512 1487 2572 1540 τὸ
2600 1487 2947 1558 διασωθῆναι.
2967 1483 3286 1554 Βοήθησόν
3307 1499 3420 1551 μοι,
3447 1479 3530 1533 καὶ
3554 1479 3679 1541 mihi.

2198 1593 2400 1648 σομαι,
2429 1580 2525 1632 καί
2549 1577 2863 1648 μελετήσω
2897 1579 2967 1632 ἐν
2999 1577 3122 1642 τοῖς
3144 1571 3478 1642 δικαιώμσσί
3498 1584 3589 1623 σου
3605 1568 3681 1620 δια-

2197 1669 2442 1734 παντός.
2463 1667 2902 1734 Ἐξουδένωσας
2935 1667 3166 1732 πάντας
3201 1663 3338 1730 τοὺς
3364 1658 3682 1718 ἀποστατοῦν-

520 1761 723 1805 calores
765 1762 939 1816 teme,
975 1753 1090 1808 ideo
1140 1753 1305 1808 dilexi
1369 1756 1668 1810 testimonia
1733 1765 1842 1809 tua.
1880 1732 2083 1828 Conﬁge

2196 1773 2304 1824 τας
2335 1732 2451 1812 ἀπὸ
2477 1757 2596 1812 τῶν
2623 1732 3026 1829 δικαιωμάτων
3049 1772 3187 1819 σου,
3219 1756 3310 1810 ὅτι
3343 1754 3529 1808 ἄδικον
3550 1752 3600 1805 τὸ
3620 1751 3683 1804 ὲν-

521 1843 705 1896 timore
754 1853 843 1896 tuo
896 1860 1077 1900 carnes
1138 1861 1300 1913 meas,
1355 1862 1389 1900 a
1423 1846 1644 1917 judiciis
1689 1849 1828 1902 enim
1870 1848 1976 1903 tuis
2028 1849 2092 1902 ti-

2197 1852 2435 1920 θύμημα
2458 1849 2674 1905 αὐτῶν.
2709 1851 3194 1919 Παραῦαἰνοντας
3221 1845 3559 1917 ἐλογισάμην
3581 1842 3682 1895 πάν-

2195 1956 2302 2007 τας
2348 1940 2488 2006 τοὺς
2535 1941 2922 2010 ἁμαρτωλοὺς
2970 1938 3082 2008 τῆς
3112 1938 3248 2010 τῆς,
3286 1937 3381 1991 διὰ
3412 1929 3688 2002 τοῦτο

517 2038 684 2091 πησα
708 2024 780 2078 τὰ
795 2025 1086 2095 μαρτύριά
1116 2043 1252 2081 σου.
1278 2027 1648 2097 Καθήλωσον
1671 2030 1740 2084 ἐκ
1767 2031 1876 2086 τοῦ
1900 2033 2090 2102 φόϐου
2125 2047 2244 2088 σου
2276 2034 2378 2100 τὰς
2410 2033 2642 2101 σάρκας
2666 2049 2815 2103 μου·
2841 2031 2959 2087 ἀπὸ
2983 2033 3093 2103 γὰρ
3141 2031 3264 2085 τῶν
3317 2028 3579 2099 χριμάτων
3607 2041 3687 2079 σου

514 2120 833 2188 ἐφοϐήθην-

591 2212 756 2269 Vens.
789 2213 912 2267 121.
942 2210 1068 2267 Feci
1098 2212 1362 2282 judicium
1387 2223 1436 2267 et
1449 2214 1745 2282 justitiam,
1773 2231 1876 2269 non
1904 2217 2087 2272 tradas

514 2322 596 2360 me
623 2306 876 2375 injuriam
903 2304 1247 2373 inferentibus
1278 2305 1428 2360 mihi.
1456 2305 1561 2372 Qui
1610 2308 1663 2361 in
1693 2307 1964 2380 principio
2013 2311 2090 2365 in-

513 2399 736 2454 stitutus
769 2397 965 2462 fuerat,
1011 2405 1070 2451 ut
1099 2397 1212 2467 jam
1261 2399 1494 2452 multum
1529 2399 1828 2470 prolectus,
1865 2417 1929 2456 ac
1969 2418 2088 2458 ma-

511 2503 616 2558 gna
649 2495 927 2558 operatus,
975 2496 1131 2560 rogat
1187 2504 1257 2543 ne
1304 2503 1334 2543 a
1390 2489 1637 2559 profectu
1695 2507 1796 2546 suo
1844 2493 2078 2551 excidat.

511 2578 717 2634 Deinde
748 2579 1106 2634 considerans
1143 2579 1409 2650 plurimos
1449 2595 1570 2636 esse
1595 2584 1684 2651 qui
1728 2583 1911 2651 probis
1943 2585 2082 2639 invi-

508 2670 695 2734 deant,
733 2685 858 2726 cum
903 2670 1042 2724 nihil
1087 2672 1212 2724 mali
1253 2671 1320 2726 de
1351 2673 1482 2740 ipsis
1515 2671 1802 2728 dicendum
1833 2674 2086 2739 habeant.

507 2763 922 2835 calumniasque
952 2773 1133 2819 tamen
1181 2773 1430 2832 struant;
1459 2767 1710 2820 obsecrat
1744 2775 1796 2822 et
1843 2780 1994 2838 rogat
2021 2772 2090 2825 ab

510 2855 580 2912 iis
610 2856 856 2911 liberari.
897 2854 1006 2911 Pro
1047 2855 1139 2910 illo
1181 2863 1363 2910 autem
1401 2872 1414 2909 :
1449 2856 1704 2924 iniuriam
1744 2857 2087 2926 inferentibus

509 2947 659 3012 mihi,
709 2948 906 3020 Aquila
937 2966 949 3002 :
986 2945 1068 3001 Ne
1100 2946 1342 3001 dimittas
1382 2963 1463 3001 me
1497 2947 1946 3004 calumniantibus
1979 2967 2079 3016 me,

508 3037 700 3092 edidit.

582 3129 746 3183 Vens.
789 3128 912 3185 122.
955 3127 1079 3183 Feci
1110 3129 1382 3199 judicium
1419 3140 1466 3182 et
1488 3129 1780 3198 justitiam,
1821 3148 1923 3185 non
1969 3143 2082 3187 tra-
2107 3102 2151 3162 α

506 3223 604 3276 das
641 3238 720 3275 me
752 3222 1008 3291 injuriam
1030 3222 1372 3286 inferentibus
1409 3221 1557 3274 mihi.
1614 3219 1828 3290 Suscipe
1872 3239 2080 3277 servum

473 3321 654 3364 “tuum
681 3312 736 3365 in
771 3310 985 3376 bonum,
1023 3327 1128 3364 non
1165 3311 1560 3364 calumnientur
1589 3328 1668 3365 me
1714 3313 1942 3380 superbi.
1977 3313 2081 3380 Qui

506 3400 887 3472 paenitentiam
922 3401 1052 3471 egit,
1089 3414 1120 3453 a
1155 3401 1481 3456 vexantibus
1521 3417 1579 3458 se
1607 3409 1819 3466 erutus,
1858 3413 2020 3474 atque
2050 3420 2081 3461 a

505 3493 818 3562 captivitate
851 3490 1166 3562 redemptus
1193 3490 1268 3544 ait
1311 3506 1323 3541 :
1360 3489 1578 3560 Suscipe
1615 3509 1818 3546 servum
1850 3501 1994 3548 tuum
2026 3497 2079 3550 in

505 3584 734 3646 bonum;
763 3582 815 3636 hi
854 3596 1089 3652 namque
1124 3596 1210 3636 me
1242 3581 1296 3634 in
1322 3581 1527 3634 malum
1562 3591 1933 3651 susceperant.
1963 3583 2078 3638 Nisi

501 3677 649 3731 enim
690 3689 775 3729 me
800 3688 1018 3729 servum
1055 3681 1206 3726 tuum
1235 3672 1476 3728 inimicis
1504 3673 1788 3728 subactum
1823 3690 2080 3746 suscepe-

503 3768 619 3833 ris;
671 3766 725 3820 hi
774 3765 1019 3836 superbi,
1060 3763 1314 3819 videlicet
1376 3765 1706 3822 adversariae
1754 3773 2075 3837 potestates,

502 3877 588 3917 me
613 3860 1025 3915 calumniaturse
1051 3865 1199 3913 sunt.
1223 3856 1508 3923 Quomodo
1528 3866 1710 3914 autem
1739 3858 2078 3916 calumnian-

501 3954 630 4007 tur?
662 3952 796 4023 lpsae
818 3967 905 4006 me
933 3951 1240 4006 incitarunt
1268 3949 1512 4020 mihique
1546 3957 1839 4006 suaserunt
1862 3957 1922 4006 ut
1952 3966 2077 4022 pec-

500 4052 655 4100 cator
686 4043 972 4100 evaderem
1003 4062 1016 4098 :
1048 4059 1112 4098 ac
1145 4045 1277 4114 ipsa:
1303 4043 1416 4112 jam
1460 4058 1546 4097 me
1591 4049 1874 4106 accusant,
1906 4050 2075 4097 totam

502 4137 708 4206 peccati
742 4150 967 4192 causam
1001 4135 1056 4189 in
1099 4150 1188 4190 me
1219 4133 1584 4191 conferentes.
1618 4132 1941 4191 Necessario
1986 4151 2077 4190 ro-

498 4239 591 4302 gat
641 4228 811 4284 Deum
866 4237 925 4283 ut
974 4238 1259 4299 susceptor
1294 4228 1468 4298 ipsius
1500 4228 1591 4294 sit,
1619 4228 2074 4298 quemadmodum

499 4331 554 4377 et
581 4337 845 4392 sponsor;
893 4328 952 4376 ut
991 4321 1109 4392 ipse
1151 4327 1343 4376 custos
1378 4320 1550 4388 ipsius
1581 4318 1868 4384 eliiciatur,
1911 4334 2076 4390 spon-

2267 2214 2553 2281 Ἐποίησα
2590 2211 2767 2281 κρίμα
2794 2213 2890 2265 καὶ
2926 2210 3347 2279 δικαιοσύνην,
3375 2208 3456 2278 μὴ
3481 2209 3687 2278 nepote;

2179 2322 2256 2377 με
2287 2303 2409 2369 τοῖς
2441 2293 2727 2357 ἀδικοῦσί
2749 2319 2846 2372 με.
2865 2302 2922 2355 '0
2950 2301 3091 2355 κατὰ
3120 2301 3219 2373 τὴν
3261 2301 3430 2372 ἀρχὴν
3465 2302 3683 2372 στοιχειθὺ-

2187 2413 2367 2469 μενος,
2392 2395 2468 2459 ὡς
2499 2395 2562 2450 ἂν
2585 2395 2686 2465 ήδη
2718 2395 2995 2467 προκόψας
3025 2395 3116 2448 ἐπὶ
3146 2395 3305 2458 πολὺ,
3340 2394 3428 2448 καί
3447 2394 3508 2446 τὰ
3537 2395 3682 2464 μεγάλα

2187 2487 2558 2560 κατορθώσας,
2579 2487 2795 2557 εὔχεται
2826 2487 2899 2557 μὴ
2929 2488 3182 2540 ἐκπεσεῖν
3203 2486 3304 2556 τῆς
3326 2482 3684 2558 amussim-lita

2188 2579 2449 2652 συνορῶν,
2476 2579 2558 2632 ὅτι
2592 2581 2702 2641 τοῖς
2727 2579 2908 2641 καλοῖς
2938 2576 3126 2630 πολλοὶ
3151 2577 3516 2647 βασκαίνουσι,
3539 2577 3608 2630 καί
3776 2603 3777 2652 1

2184 2688 2303 2740 γειν
2339 2670 2436 2741 μέν
2463 2687 2514 2722 τι
2553 2668 2754 2738 φαῦλον
2785 2669 2910 2739 περὶ
2948 2667 3127 2721 αὐτῶν
3159 2668 3313 2722 οὐδὲν
3345 2668 3552 2739 ἔχουσιν,
3574 2683 3680 2738 περι-

2185 2761 2442 2814 πλέκουσι
2467 2760 2524 2812 δὲ
2551 2761 2933 2828 συκοφαντίας,
2967 2758 3196 2812 ἱκετεύει
3231 2761 3325 2813 καὶ
3355 2760 3518 2813 δέεται
3545 2758 3682 2811 τούτων

2188 2853 2473 2925 ρυσθῆναι.
2492 2853 2634 2907 Ἀντί
2658 2853 2735 2916 δὲ,
2764 2852 2888 2917 τοῖς
2915 2852 3196 2906 ἀδικοῦσί
3217 2870 3318 2922 με,
3337 2849 3681 2916 Ἀκύλας

2189 2963 2278 3001 κε·
2313 2945 2410 3014 Μὴ
2441 2944 2602 3014 ἀφῇς
2623 2962 2700 3016 με
2734 2945 2858 3010 τοῖς
2886 2944 3347 3014 συκοφαντοῦσί
3366 2961 3458 3015 με.

2265 3127 2549 3195 Ἐποίησα
2580 3129 2758 3196 κρίμα
2790 3127 2888 3181 καὶ
2918 3127 3339 3196 δικαιοσύνην,
3377 3128 3460 3197 μὴ
3485 3121 3681 3194 παροόᾦς

2179 3235 2257 3289 με
2283 3219 2404 3284 τοῖς
2431 3220 2712 3274 ἀδικοῦσί
2732 3218 3122 3289 με.Ἔκδεξαι
3149 3219 3261 3273 τὸν
3286 3219 3504 3274 δοῦλόν
3522 3233 3609 3271 σου
3629 3216 3680 3278 είς

2183 3311 2427 3381 ἀγαθὸν,
2455 3310 2541 3380 μὴ
2579 3310 3217 3380 συκοφαντησάτωσάν
3251 3328 3329 3380 με
3371 3307 3674 3377 ὑπερήφανα-

2195 3400 2253 3453 Ὀ
2291 3402 2625 3471 μετανοήσας
2649 3401 2743 3454 καὶ
2780 3401 2889 3454 ἀπὸ
2916 3401 3023 3454 τῶν
3051 3400 3463 3474 ἐνεργησάντων
3494 3402 3560 3462 είς

2181 3491 2412 3558 ἐξελθὼν
2441 3495 2536 3548 καὶ
2563 3495 2660 3565 τῆς
2692 3494 3063 3565 αἰχμαλωσίας
3087 3485 3388 3566 λυτρωθείς
3413 3508 3584 3564 φησιν·
3605 3491 3673 3540 Ἔιο

2180 3583 2348 3649 δεξαι
2369 3585 2475 3638 τὸν
2499 3585 2724 3640 δοῦλόν
2750 3601 2865 3640 σου
2886 3589 2973 3652 εἰς
2997 3587 3223 3655 ἀγαθόν
3247 3603 3261 3616 -
3301 3579 3439 3640 οὗτοι
3459 3584 3555 3654 γάρ
3579 3581 3669 3652 μείς,

2179 3676 2413 3748 πονηρὸν
2442 3676 2765 3742 ἐξεδέξαντο.
2783 3677 2906 3732 Ἐὰν
2940 3676 3046 3748 γὰρ
3079 3678 3152 3749 μὴ
3182 3677 3381 3748 ὲκδέξῃ
3414 3694 3480 3748 με
3513 3676 3589 3728 τὸν
3614 3671 3677 3722 ὅπερ

2179 3768 2270 3823 λόν
2299 3786 2390 3822 σου
2423 3769 2729 3840 ὑποχείριον
2757 3770 3046 3841 γενόμενον
3068 3773 3178 3834 τοῖς
3216 3769 3511 3840 πολεμίοις,
3537 3761 3676 3820 simul

2179 3859 2537 3932 ὑπερήφανοι,
2568 3863 2622 3915 al
2665 3863 3031 3933 ἀντικείμεναι
3072 3863 3358 3934 δυνάμεις,
3393 3860 3608 3934 μέλλουσί
3639 3871 3676 3924 με

2181 3957 2553 4023 συκοφαντεῖν.
2586 3954 2711 4018 Πῶς
2748 3955 2804 4008 δὲ
2838 3954 3301 4024 συκοφαντοῦσινς
3332 3951 3495 4010 Αὗται
3522 3953 3679 4022 ἐνήργη·

2180 4062 2279 4100 σαν
2318 4047 2412 4099 καὶ
2455 4046 2678 4100 ἔπεισαν
2714 4049 2778 4100 ἵν’
2811 4047 3132 4119 ἁμαρτωλὸς
3158 4049 3412 4119 γένωμαι
3431 4064 3445 4079 ⁸
3471 4047 3552 4101 καὶ
3575 4035 3681 4096 αὗταί

2180 4153 2272 4207 μοι
2303 4139 2599 4209 κατήγοροι
2616 4140 3010 4210 γίνονται,ὅλην
3037 4140 3135 4210 τὴν
3165 4141 3352 4194 αἰτίαν
3380 4139 3484 4193 τῶν
3505 4139 3684 4207 dtu???

2179 4228 2365 4299 μάτων
2408 4230 2488 4292 εἰς
2533 4230 2632 4299 ἐμὲ
2674 4229 3424 4301 ἀναφέρουσαι.Ἀναγκαίως
3453 4223 3684 4299 παρακαλεῖ

2175 4319 2265 4374 τὸν
2294 4319 2426 4374 Θεὸν
2449 4321 2708 4391 ἀνάδοχον
2737 4321 2901 4374 αὐτοῦ
2922 4323 3195 4390 γενέσθαι,
3223 4324 3415 4394 ὥσπερ
3436 4322 3522 4375 καί
3541 4322 3682 4386 in“:

501 4414 709 4470 sionem
744 4428 971 4470 servans
1001 4428 1066 4467 ac
1106 4410 1446 4474 custodiens,
1478 4417 1538 4463 ut
1568 4424 1636 4464 ne
1667 4409 1947 4462 minimam
1984 4424 2075 4464 an-

2185 4412 2303 4482 τήψ
2339 4411 2405 4466 ἶν’
2435 4411 2595 4474 αὐτὸς
2638 4411 2809 4480 φύλαξ
2853 4411 3015 4465 αὐτοῦ
3063 4413 3311 4484 γένηται,
3351 4412 3522 4483 τηρῶν
3562 4401 3685 4469 ἑαυτῷ

500 4522 616 4563 sam
641 4506 876 4578 prabeat
905 4504 1294 4560 insidiantibus
1328 4503 1432 4558 sibi
1455 4499 1963 4556 calumniatoribus.

571 4685 735 4740 Vens.
770 4682 1050 4738 123-126.
1096 4681 1252 4738 Oculi
1288 4680 1391 4734 mei
1430 4679 1728 4750 defecerunt
1755 4682 1810 4734 in
1836 4680 2072 4735 salutare

501 4791 668 4846 tuum,
705 4789 754 4833 et
793 4780 848 4831 in
892 4777 1155 4846 eloquium
1177 4774 1408 4845 justitite
1444 4781 1566 4829 tum.
1610 4771 1725 4827 Fac
1765 4790 1884 4827 cum
1927 4784 2072 4828 seruo

501 4883 590 4926 tuo
623 4871 907 4926 secundum
935 4867 1357 4923 misericordiam
1391 4876 1558 4932 tuam,
1587 4874 1637 4920 et
1661 4865 2069 4935 justiﬁcationes

502 4976 620 5019 tuas
663 4965 790 5018 doce
825 4979 924 5017 me.
958 4961 1150 5017 Servus
1183 4969 1302 5014 tuus
1335 4975 1452 5014 sum
1483 4976 1577 5030 ego
1609 4973 1626 5010 :
1661 4957 1731 5012 da
1755 4958 1883 5010 mihi
1916 4957 2071 5010 intel-

502 5059 729 5121 lectum,
785 5066 834 5110 et
868 5055 1036 5108 sciam
1079 5051 1380 5106 testimonia
1431 5060 1542 5104 tua.
1589 5048 1808 5118 Tempus
1840 5047 2070 5116 faciendi

389 5141 396 5158 ‘
499 5151 749 5214 Domino,
766 5149 1148 5217 dissipaverunt
1171 5144 1330 5216 legem
1355 5153 1522 5197 tuam.
1547 5141 1777 5197 Sursum
1799 5140 2069 5211 aSpiciens

500 5242 566 5296 ad
617 5241 854 5298 salutare
883 5249 1037 5294 tuum
1070 5244 1124 5293 et
1153 5238 1378 5292 verbum
1411 5242 1587 5301 tuum,
1632 5239 1823 5295 totam,
1868 5232 2065 5301 inquit,

500 5350 649 5404 spem
682 5349 856 5389 meam
906 5331 1036 5386 hinc
1067 5328 1304 5401 pendere
1348 5327 1472 5392 ieci,
1503 5326 1622 5383 erui
1662 5339 1748 5379 me
1785 5325 2068 5394 postulans

500 5428 566 5481 ab
594 5425 960 5484 invidentibus
989 5421 1149 5479 saluti
1187 5435 1340 5476 meat.

569 5616 735 5670 Vens.
773 5617 896 5668 127.
941 5614 1065 5667 Ideo
1095 5611 1256 5664 dilexi
1286 5607 1536 5662 mandata
1567 5617 1658 5659 tua
1685 5621 1838 5673 super
1872 5622 2064 5658 aurum

499 5713 550 5759 et
581 5706 842 5771 lopazicn.
876 5705 987 5775 Ego
1019 5699 1367 5772 quidemfeci
1398 5699 1661 5768 judicium
1693 5706 1745 5753 et
1764 5697 2057 5767 justitiam,

2178 4501 2274 4554 καὶ
2321 4501 2598 4570 φυλάττων
2626 4501 2722 4571 τὴν
2749 4501 2972 4572 ἐγγύην,
3009 4502 3145 4573 πρὸς
3187 4501 3250 4555 τὸ
3293 4500 3546 4574 μηδεμίαν
3567 4493 3685 4563 λαῦἡν

2174 4595 2474 4665 παρασχεῖν
2504 4597 2615 4656 τοῖς
2649 4593 3028 4664 ἐφεδρεύουσιν
3061 4593 3211 4664 αὐτῷ
3238 4595 3597 4663 συκοφάνταις.

2246 4688 2310 4738 Οἱ
2343 4687 2636 4755 ὀφθαλμοί
2651 4703 2771 4754 μου
2794 4685 3075 4750 ἐξέλιπον
3089 4689 3176 4751 εὶς
3203 4686 3272 4739 τὸ
3296 4683 3569 4751 σωτήριόν
3583 4691 3682 4728 σοι’.

2169 4776 2268 4829 καὶ
2305 4779 2392 4843 εὶς
2427 4776 2495 4832 τὸ
2521 4780 2730 4846 λόγιον
2764 4775 2875 4845 τῆς
2899 4777 3289 4843 δικαιοσύνης
3311 4791 3447 4830 σου.
3481 4772 3684 4835 Ποίησον

2164 4870 2316 4937 μετὰ
2341 4869 2449 4923 τοῦ
2483 4868 2706 4923 δούλου
2733 4881 2851 4922 σου
2879 4867 3029 4922 κατὰ
3061 4867 3127 4920 τὸ
3161 4867 3340 4932 ἔλεός
3372 4883 3501 4929 σου,
3534 4861 3611 4915 καί
3634 4853 3677 4908 τὰ

2168 4958 2528 5029 δικαιώματὰ
2551 4977 2667 5014 σου
2693 4959 2942 5024 δίδαξόν
2954 4976 3050 5028 με.
3070 4958 3299 5024 Δοῦλός
3324 4974 3440 5012 σου
3463 4954 3562 5023 εἰμί
3584 4947 3675 5019 ἐπὶ»,

2168 5053 2497 5106 συνέτισόν
2538 5069 2636 5121 με,
2667 5051 2762 5105 καὶ
2802 5049 3102 5126 γνώσομαι
3150 5049 3221 5103 τὰ
3267 5045 3546 5120 μαρτύριά
3579 5058 3671 5096 σοι’.

2166 5144 2384 5213 Καιρός
2414 5144 2520 5198 τοῦ
2551 5142 2799 5212 ποιῆσαι
2844 5141 2925 5208 τῷ
2959 5143 3172 5211 Κυρίῳ,
3201 5142 3582 5196 διεσκέδασαν
3604 5133 3673 5185 τόν

2166 5237 2353 5305 νόμον
2375 5238 2669 5291 σου.Ἀνω
2691 5235 2902 5306 βλέπων
2929 5235 3021 5288 ἐπὶ
3052 5235 3112 5288 τὸ
3141 5235 3404 5306 σωτήριόν
3427 5249 3509 5286 σου
3524 5228 3597 5281 καὶ
3612 5223 3671 5274 τὸν

2167 5327 2323 5396 λόγον
2357 5345 2470 5394 σου,
2510 5329 2709 5392 πάσας,
2743 5330 2933 5397 φησὶν,
2969 5328 3245 5400 ἀνήρτησα
3293 5327 3388 5380 ἐπὶ
3429 5324 3577 5379 ταῦτα
3604 5316 3672 5374 τὰς

2167 5419 2404 5490 ἐμαυτοῦ
2437 5420 2675 5484 ἐλπίδας,
2703 5420 2963 5490 ῥυσθῆναι
2987 5413 3365 5491 δεόμενος’ἁπὸ
3383 5418 3483 5471 τῶν
3506 5408 3670 5481 ﬁnge?

2166 5511 2402 5566 νούντων
2436 5531 2536 5582 μου
2564 5516 2630 5583 τῇ
2665 5513 2927 5583 σωτηρίᾳ.

2237 5604 2339 5656 Διὰ
2363 5601 2536 5656 τοῦτο
2565 5600 2852 5669 ἠγάπησα
2887 5600 2990 5665 τὰς
3013 5597 3261 5663 ἐντολάς
3283 5613 3398 5650 σου
3420 5593 3553 5660 ὑπὲρ
3573 5601 3668 5656 7ft“

2168 5697 2305 5750 σίον
2336 5696 2431 5750 καί
2473 5693 2760 5754 τοπάζιον.
2783 5693 2921 5763 Ἐγὼ
2951 5693 3048 5764 μὲν
3071 5692 3300 5763 ἐποίησα
3337 5691 3495 5763 κρίμα
3521 5683 3596 5738 καὶ
3614 5676 3668 5731 ἃ·
