3868 6282
204 333 337 388 I535

1294 324 1791 382 COMMENTARIA
1832 325 1894 381 IN
1932 322 2265 381 PSALMOS.

3312 328 3454 386 138θῖ

199 448 508 519 καιοσύνην,
541 447 631 501 καὶ
670 448 750 501 σοὶ
791 446 952 516 δὲτῴ
980 445 1099 516 Θεῷ
1140 446 1290 498 ἔσται
1331 447 1457 499 ποτὲ
1489 446 1584 498 τοῦ
1624 447 1764 515 ποιῆ-

1883 452 2045 515 atque
2087 445 2200 508 tibi,
2237 432 2399 506 Deus,
2438 450 2649 514 tempus
2698 444 2992 515 aliquando
3025 445 3196 501 aderit
3247 462 3308 501 ea
3366 446 3447 501 fac

198 557 287 592 σαι
321 540 530 610 καιρὸς,
558 539 797 609 δηλονότι
847 542 1017 621 κρῖμα
1065 540 1156 591 καὶ
1186 524 1528 608 δικαιοσύνην
1550 539 1638 591 διὰ
1666 538 1773 591 τῶν

199 631 715 685 καταπεδασάντων
748 630 838 682 τὸν
870 631 1032 700 νόμον
1062 629 1353 682 σου.Τοῦτο
1371 627 1464 684 οὖν
1489 630 1643 693 εἰδὼς
1664 629 1797 697 ἐγὼ

199 726 291 777 καὶ
317 724 714 793 φυλαττόμενος
748 723 1064 793 περιπεσεῖν
1096 720 1175 789 τῷ
1197 721 1371 793 καιρῷ
1404 723 1615 794 ἐκείνῳ,
1633 722 1760 791 ἠγά-

198 830 349 883 πησα
390 814 487 877 τὰς
532 814 750 876 ἐντολάς
783 830 875 864 σου
910 810 1050 881 ὑπὲρ
1088 810 1263 863 πάντα
1310 812 1440 882 παρ’
1470 811 1773 883 ἀνθρώποις

196 904 352 973 τίμια
380 904 762 973 νενομισμένα.

268 1017 370 1069 Διὰ
400 1016 573 1070 τοῦτο
610 1018 758 1085 πρὸς
807 1017 1008 1086 πάσας
1052 1021 1157 1088 τὰς
1190 1016 1440 1084 ἐντολάς
1487 1033 1604 1071 σου
1633 1032 1771 1070 κατ-

198 1106 527 1173 ωρθούμην,
574 1106 781 1161 πᾶσαν
830 1108 975 1161 ὁδὸν
1012 1108 1220 1163 ἄδικον
1256 1109 1540 1179 ἐμίσησα.
1587 1108 1651 1159 Ἡ
1686 1109 1773 1160 ἀν-

198 1194 627 1269 θρωπίνηκψυχὴ
658 1200 1106 1270 συμπληρώσασα
1133 1200 1223 1252 τὸν
1260 1201 1436 1268 λόγον,
1470 1200 1685 1261 πάντως
1716 1200 1772 1251 ὲν

198 1286 367 1357 κακίᾳ
415 1289 642 1355 γίνεται.
691 1290 972 1344 Ἀδύνατον
1020 1292 1127 1361 γὰρ
1174 1292 1287 1362 ἅμα
1321 1290 1398 1360 τῷ
1446 1290 1775 1359 συμπληρω-

198 1376 355 1445 θῆναι
390 1379 479 1431 τὸν
526 1379 688 1450 νόμον
720 1382 808 1433 τὸν
839 1382 1063 1449 φυσικὸν
1102 1383 1160 1434 ἐν
1198 1381 1501 1451 ἀνθρώποις
1537 1381 1610 1450 μὴ
1650 1381 1774 1432 ὑπο-

199 1469 390 1537 στῆναι
438 1471 532 1541 τὴν
586 1471 873 1540 ἁμαρτίαν.
931 1473 1097 1525 Ἐπὰν
1139 1470 1229 1525 οὖν
1258 1474 1482 1541 γένηται
1532 1473 1564 1541 ἡ
1610 1471 1773 1547 κακία

198 1562 294 1613 καὶ
326 1562 633 1633 στρεϐλωθῇ
679 1566 710 1633 ή
749 1563 915 1634 ψυχὴ,
964 1564 1131 1616 δεῖται
1182 1563 1589 1635 κατορθώσεως.
1641 1561 1773 1616 Τίνα

196 1646 291 1704 οὖν
324 1655 436 1705 ἐστι
478 1653 549 1705 τά
578 1654 979 1724 κατορθοῦντα;
1016 1652 1127 1707 Μία
1161 1655 1346 1725 ἐντολὴ
1394 1654 1613 1709 δύναταί
1656 1672 1773 1717 πως

193 1743 297 1822 τξην
330 1743 594 1814 στρέϐλαν
645 1745 741 1822 τῆς
786 1744 983 1815 ψυχῆς,
1037 1746 1134 1816 τὴν
1180 1746 1476 1817 γενομένην
1529 1746 1637 1798 ἀπὸ
1685 1762 1776 1798 κα-

1876 535 2077 599 ciendi,
2113 532 2360 589 Videlicet
2389 534 2659 603 judicium
2686 546 2741 591 et
2768 538 3063 607 justitiam,
3101 547 3325 608 propter
3347 554 3445 594 eos

1808 586 1848 683 λ
1874 626 1965 695 qui
1990 586 2158 693 legem
2191 631 2338 678 tuam
2373 586 2747 694 pessumdant.
2768 586 3446 699 'Hujnswit‘aqiie—libi-gn;

1873 728 1966 767 rus
1999 727 2119 783 ego,
2155 728 2218 766 ac
2247 729 2448 769 cavens
2472 730 2540 768 ne
2573 716 2809 770 incidam
2852 720 2907 772 in
2937 729 3149 789 tempus
3174 720 3329 783 illud,
3359 721 3443 773 di-

1873 804 1981 858 lexi
2023 804 2279 858 mandata
2310 811 2405 859 tua
2452 821 2614 875 super
2650 807 2831 861 omnia
2862 824 2981 878 quae
3020 809 3163 880 apud
3196 810 3443 865 homines

1873 896 2106 966 pretiosa
2138 897 2535 951 existimantur.

1943 1008 2107 1063 Vrsas.
2168 1009 2288 1064 128.
2319 1004 2603 1077 Propterea
2635 1009 2703 1063 ad
2726 1011 2904 1065 omnia
2944 1011 3201 1067 mandata
3232 1023 3321 1066 tua
3357 1011 3442 1067 di-

1874 1100 2101 1169 rigebar,
2126 1117 2330 1154 omnem
2360 1103 2495 1154 viam
2526 1101 2763 1170 iniquam
2814 1102 2936 1155 odio
2983 1102 3160 1159 habui.
3196 1103 3443 1157 Humana

1876 1193 2054 1246 anima
2095 1202 2382 1262 postquam
2413 1207 2721 1247 sermonem
2756 1195 3129 1263 compleverit,
3160 1196 3213 1249 in
3237 1195 3442 1249 malitia

1876 1297 2099 1353 prorsus
2125 1292 2394 1338 versatur.
2428 1282 2574 1337 Fieri
2608 1282 2752 1337 enim
2800 1286 3009 1354 nequit,
3046 1295 3107 1340 ut
3153 1296 3439 1356 postquam

1876 1375 1959 1427 lex
2000 1374 2266 1429 naturalis
2303 1375 2357 1427 in
2390 1375 2703 1430 homini-bus
2754 1376 2971 1444 impleta
3024 1387 3127 1441 est,
3158 1386 3439 1447 peccatum

1876 1478 1983 1516 non
2019 1463 2269 1517 exsistat.
2303 1460 2440 1515 Cum
2476 1463 2657 1532 itaque
2683 1464 2887 1516 malitia
2920 1466 3154 1518 accessit
3181 1474 3234 1519 et
3261 1467 3439 1519 anima

1874 1559 2122 1606 tortuosa
2146 1560 2251 1616 est,
2289 1552 2590 1607 directione
2619 1569 2756 1622 Opus
2786 1553 2966 1608 habet.
3006 1554 3263 1620 Quaenam
3310 1571 3438 1611 vero

1876 1650 2002 1697 sunt
2026 1656 2146 1710 qua:
2190 1642 2433 1711 dirigunt
2491 1650 2541 1695 et
2604 1643 2921 1712 corrigunt?
2958 1641 3137 1697 Unum
3175 1644 3439 1701 duntaxat

1875 1734 2187 1787 mandatum
2222 1734 2417 1788 animae
2447 1737 2867 1798 tortuositatem,
2905 1750 3025 1804 qua:
3060 1750 3153 1804 per
3175 1735 3440 1788 malitiam

196 1821 345 1895 κίας,
391 1821 733 1887 κατευθῦναι.
785 1836 857 1888 Τὸ
910 1836 1090 1905 μέντοι
1142 1836 1327 1906 ἄκρως
1366 1836 1764 1907 κατορθωθῆναι

1875 1824 2099 1877 advecta
2121 1830 2227 1888 est,
2272 1832 2450 1894 potest
2507 1825 2803 1894 corrigere.
2837 1824 2902 1878 Et
2953 1826 3173 1894 quidem
3202 1826 3438 1878 animam

192 1922 295 1992 τὴν
331 1921 507 1994 ψυχὴν
542 1924 773 1978 ἐνταῦθα
802 1926 1079 1996 ἀμήχανόν
1103 1928 1218 1977 ὲστι
1242 1926 1408 1995 χωρὶς
1453 1925 1640 1978 πασῶν
1666 1926 1774 1979 τῶν

193 2011 444 2066 ἐντολῶν.
491 2014 553 2065 Ei
593 2014 772 2082 μέντοι
817 2030 879 2082 γε
931 2014 1118 2067 σκολιὰ
1161 2014 1491 2085 παραληφθῇ
1534 2017 1566 2085 ἡ
1604 2015 1769 2084 ψυχὴ,

191 2106 377 2158 οὐκέτι
409 2107 646 2168 ἐντολαῖς
672 2106 1166 2179 κατορθωθήσεται,
1185 2107 1319 2160 ἀλλά
1352 2109 1484 2178 πυρὶ
1514 2109 1547 2178 ἢ
1574 2110 1768 2179 σκότῳ,

190 2197 225 2267 ἢ
262 2197 564 2269 διχοτομία,
592 2200 624 2269 ἦ
653 2216 757 2252 τινι
787 2198 894 2251 τῶν
933 2199 1395 2270 σκυθρωποτέρων
1428 2200 1772 2270 προσαγομέ-

190 2307 300 2343 νων
329 2290 432 2343 ύπδ
462 2290 618 2343 Θεοῦ.
668 2291 790 2343 Ἐὰν
821 2292 999 2345 τοίνυν
1036 2292 1107 2362 μὴ
1134 2294 1445 2362 ποιήσωμεν
1474 2291 1650 2355 πάσας
1674 2292 1773 2355 τὰς

189 2380 431 2444 ἐντολὰς,
453 2380 513 2433 ού
539 2380 970 2452 κατορθούμεθα.
1004 2382 1164 2435 Ὅθεν
1192 2381 1508 2451 θαυμασίως
1530 2383 1766 2453 εἴρηται·

188 2472 297 2525 Διά
335 2472 512 2526 τοῦτο
542 2472 689 2539 πρὸς
733 2471 934 2538 πάσας
978 2473 1085 2539 τὰς
1112 2471 1366 2537 ἐντολάς
1406 2487 1523 2527 σου
1552 2490 1770 2541 κατωρ-

188 2565 465 2631 θούμεθα,
504 2563 710 2617 πᾶσαν
733 2563 877 2617 ὁδὸν
901 2563 1110 2617 ἄδικον
1132 2563 1526 2632 ἐμισήσαμεν.
1557 2565 1628 2617 Οὐ
1664 2564 1770 2634 γὰρ

186 2654 272 2706 [τι
305 2654 719 2726 περισπώμενος
750 2655 855 2706 ὑπὸ
898 2655 996 2725 τῆς
1027 2657 1105 2717 εἰς
1137 2654 1197 2707 τὸ
1222 2655 1423 2707 ἀδικεῖν
1453 2654 1764 2723 ἐπιθυμίας,

189 2745 458 2815 ἀπέχεται
502 2747 600 2817 τῆς
643 2747 874 2811 ἀδικίας,
927 2746 1041 2798 ἀλλ’
1080 2734 1340 2813 ἀπέὶεται
1401 2746 1633 2816 μισήσας
1673 2744 1769 2814 τὴν

186 2838 406 2891 ἀδικίαν
456 2840 485 2891 ό
534 2837 896 2908 κατορθωθεὶς
943 2837 1079 2909 πρὸς
1130 2837 1309 2898 πάσας
1350 2835 1449 2899 τὰς
1486 2835 1579 2889 τοῦ
1632 2835 1766 2889 Θεοῦ

189 2928 435 2990 ἐντολάς.
516 2989 519 2991 ς

262 3040 583 3108 Θαυμαστὰ
618 3039 689 3093 τὰ
710 3040 1002 3110 μαρτύριά
1025 3056 1161 3107 σου,
1196 3042 1292 3094 διὰ
1324 3038 1497 3095 τοῦτο
1534 3040 1767 3108 ἐξερεύ-

1873 1917 1962 1970 hic
2020 1917 2457 1987 ad,supremam
2513 1912 2890 1971 rectitudinem
2938 1916 3269 1985 pertingere,
3302 1916 3439 1969 citra

1872 2010 2114 2061 omnium
2147 2009 2528 2061 mandatorum
2574 2007 3011 2062 observationem
3068 2006 3184 2060 fieri
3228 2007 3434 2075 nequit.

1873 2099 1929 2153 Si
1964 2102 2147 2169 itaque
2176 2102 2354 2154 anima
2405 2107 2650 2154 tortuosa
2694 2099 3154 2168 deprehendatur,
3190 2113 3298 2151 non
3322 2114 3438 2151 ant-

1872 2190 2069 2260 pliusa
2102 2191 2374 2245 mandatis
2427 2191 2767 2260 corrigetur;
2816 2189 2913 2246 sed
2972 2189 3116 2260 igne.
3170 2189 3437 2251 tenebris.

1871 2281 2113 2335 sectione
2175 2281 2406 2349 aliisque
2440 2280 2774 2335 trlstioribus
2830 2294 2860 2332 a
2917 2278 3025 2335 Deo
3083 2280 3344 2354 advectis.
3381 2277 3439 2332 Si

1870 2386 1999 2441 ergo
2032 2386 2141 2426 non
2162 2372 2342 2425 omnia
2362 2370 2615 2447 mandata
2653 2385 2954 2434 servemus,
2981 2384 3090 2423 non
3114 2369 3435 2439 dirigentur.

1870 2460 1999 2517 Ideo
2045 2463 2439 2516 admirabiliter
2494 2461 2694 2515 dicitur
2747 2479 2760 2515 :
2812 2460 3097 2529 Propterea
3142 2460 3209 2513 ad
3264 2461 3443 2513 omnia

1869 2554 2124 2607 mandata
2179 2562 2272 2606 tua
2334 2552 2711 2623 dirigebantur,
2747 2569 2951 2606 omnem
3011 2553 3147 2606 viam
3200 2551 3436 2621 iniquam

1870 2647 1989 2700 odio
2022 2646 2318 2698 habuimus.
2354 2644 2471 2699 Non
2504 2645 2649 2698 enim
2676 2645 2817 2697 ultra
2841 2644 3138 2698 distractus
3170 2658 3199 2696 a
3228 2656 3436 2697 concu-

1870 2736 2135 2806 piscentia
2168 2736 2351 2805 inique
2380 2736 2592 2804 agendi,
2624 2734 2691 2788 ab
2715 2734 3003 2802 iniquitate
3034 2732 3308 2797 abstinet,
3342 2732 3438 2787 sed

1868 2828 2108 2882 abstinet
2174 2827 2383 2896 utique,
2436 2826 2564 2895 quia
2632 2824 2976 2892 iniquitatem
3036 2822 3172 2887 odit,
3219 2821 3314 2892 qui
3370 2822 3439 2876 ad

1872 2920 2053 2974 omnia
2082 2918 2172 2974 Dei
2198 2918 2449 2973 mandata
2484 2906 2753 2988 dirigitur.

1940 3028 2106 3084 Vens.
2153 3029 2402 3083 129-I5I.
2470 3027 2745 3081 Mirabilia
2797 3025 3098 3080 testimonia
3156 3034 3268 3090 tua,
3322 3022 3438 3079 ideo

179 3102 396 3196 P1108):
412 3132 565 3184 αὐτὰ
598 3133 642 3199 ’ἡ
882 3102 1018 3201 μου.
1055 3133 1117 3188 Ἠ
1138 3102 1401 3198 δήλωσις
1433 3129 1550 3185 τῶν
1572 3102 1764 3202 λόγων

1872 3130 2111 3175 scrutata
2161 3128 2239 3173 est
2271 3135 2332 3172 ea
2372 3118 2552 3171 anima
2606 3134 2741 3171 mea.
2784 3117 3090 3170 Declaratio
3140 3129 3437 3169 sermonum
3504 3102 3514 3121 ’

180 3234 303 3273 σου
351 3221 569 3289 φωτιεῖ,
604 3221 699 3275 καὶ
728 3224 995 3277 συνετιεῐ
1015 3225 1287 3291 νηπίους.
1324 3225 1391 3277 Τὸ
1421 3226 1615 3292 στόμα
1645 3241 1765 3293 μου

179 3310 401 3378 ἧνοιξα
443 3313 539 3366 καὶ
587 3314 845 3368 εἵλκυσα
895 3313 1167 3384 πνεῦμα,
1216 3313 1304 3367 ὅτι
1354 3315 1459 3380 τὰς
1512 3311 1765 3379 ἐντολάς

180 3419 303 3458 σου
345 3404 699 3458 ἐπεπόθουν.
745 3405 807 3456 Ἠ
844 3403 1033 3474 πρώτη
1069 3404 1269 3473 γνῶσις
1308 3403 1403 3456 καὶ
1444 3404 1477 3473 ἡ
1522 3405 1579 3455 ὲν
1618 3403 1761 3473 ἀρχῇ

96 3476 105 3481 Ἴ
181 3493 589 3565 παραδιδομένη
627 3493 941 3547 διδασκαλία
985 3493 1092 3545 τῶν
1125 3492 1297 3562 λόγων
1329 3510 1421 3545 σου
1454 3494 1645 3561 φωτιεῖ
1674 3493 1765 3545 καὶ

180 3587 422 3636 συνετιεῖ
465 3584 711 3654 νηπίους.
762 3583 841 3637 Τὰ
890 3584 946 3637 δὲ
990 3584 1265 3655 μαρτύριά
1316 3601 1409 3635 σου
1447 3581 1756 3651 θαυμαστὰ,

179 3676 278 3727 καὶ
340 3666 653 3745 ἐκπλήξεως
718 3677 919 3746 πλήρη.
987 3674 1225 3738 Εἰκότως
1280 3676 1340 3727 τὸ
1410 3676 1612 3744 δοχεῖον
1664 3672 1762 3744 τῆς

178 3766 425 3831 ἐμαυτοῦ
476 3766 653 3836 ψυχῆς
696 3768 1062 3830 ἀναπετάσας,
1117 3767 1211 3819 καὶ
1265 3754 1452 3838 ὥσπερ
1477 3768 1536 3820 τὸ
1591 3770 1763 3839 στόμα

177 3858 435 3921 ἀνοίξας,
486 3858 545 3911 τὸ
599 3858 747 3929 παρὰ
809 3858 901 3911 σοῦ
956 3858 1096 3911 θεῖον
1146 3858 1369 3929 Πνεῦμα
1422 3859 1762 3931 ὑπεδεχόμην

179 3948 479 4013 πιστεύσας
513 3951 814 4023 ἐπαγγελίᾳ
854 3948 1083 4019 λεγούσῃ
1105 3967 1116 3977 ’
1170 3951 1447 4014 Ἀνοιξογ
1478 3953 1538 4004 τὸ
1570 3952 1763 4021 στόμα

177 4055 299 4092 σου
325 4039 419 4092 καὶ
463 4040 760 4109 πληρὼσω
788 4043 954 4095 αὐτό.
988 4044 1094 4096 Καὶ
1128 4042 1269 4095 τοῦτ’
1301 4042 1566 4115 ἔπραττον
1602 4042 1760 4111 ἐφελ-

179 4131 409 4201 κόμενος
443 4135 522 4195 είς
546 4132 733 4186 ἑαυτὸν
764 4133 822 4185 τὸ
846 4134 996 4204 παρά
1035 4135 1128 4188 σοῦ
1167 4134 1403 4204 πνεῦμα,
1432 4135 1519 4188 ἵνα
1558 4136 1649 4188 καὶ
1692 4134 1761 4187 τὰ

182 4200 461 4295 μαρτύριά
508 4241 599 4276 σου
629 4225 694 4277 τὰ
720 4200 1005 4295 θαυμαστά
1036 4226 1169 4294 γνῶ,
1204 4200 1432 4280 καὶ-τῶν
1461 4224 1631 4293 λόγων
1667 4242 1758 4278 σου
1789 4200 1825 4239 ἡ

177 4315 270 4368 τὸν
304 4316 580 4384 φωτισμὸν
598 4318 903 4385 κτήσωμαι,
930 4316 1016 4369 διὰ
1055 4314 1146 4369 τοῦ
1184 4316 1275 4369 σοῦ
1311 4314 1616 4388 πνεύματος
1660 4316 1758 4388 τὴν

177 4405 383 4457 τούτων
417 4403 652 4475 εξληφτὼς
685 4405 1005 4476 κατάληψιν.
1043 4406 1111 4459 Τὸ
1150 4408 1344 4473 στόμα
1383 4424 1502 4475 μου
1538 4406 1755 4475 ἤνοιξα

177 4495 275 4546 καὶ
304 4494 561 4546 εἵλκυσα
586 4494 839 4563 πνεῦμα,
868 4493 955 4547 ὅτι
981 4494 1085 4559 τὰς
1108 4493 1361 4559 ἐντολάς
1395 4509 1509 4548 σου
1535 4494 1752 4548 ἐπεπό-

177 4590 358 4639 θουν·
406 4584 573 4652 αὐτῆς
602 4582 701 4652 τῆς
737 4582 1044 4645 ὑποθέσεως
1086 4581 1193 4634 τῶν
1236 4581 1462 4633 ἐντολῶν
1504 4583 1753 4634 ἐπισπω-

180 4674 352 4745 μένης
399 4676 492 4727 καὶ
540 4672 904 4743 ὲφελκομένης
948 4672 1007 4725 τὺ
1039 4670 1278 4741 πνεῦμα.
1322 4673 1457 4742 Περὶ
1497 4671 1591 4725 τοῦ
1628 4672 1753 4725 στό-

180 4783 348 4837 ματος
362 4766 454 4819 τοῦ
482 4764 724 4837 κρυπτοῦ
757 4762 1042 4835 ἀνθρώπου
1074 4762 1226 4834 φησί⁹
1247 4763 1342 4816 καὶ
1366 4760 1585 4837 δύναται
1616 4756 1756 4813 εἶναι

174 4857 353 4928 ψυχῆς
382 4856 605 4927 στόμαὴ
633 4854 945 4926 διαϐοητικὴ
972 4854 1140 4925 αὐτῆς
1158 4853 1407 4923 δύναμις,
1450 4854 1482 4923 ἥ
1514 4852 1753 4904 διανοου-

181 4947 317 5016 μένη
350 4946 609 5017 προφέρει
638 4946 728 4998 τὸν
762 4947 818 4997 ὲν
845 4945 1052 5015 διανοίᾳ
1084 4944 1254 5011 λόγον.
1298 4942 1463 4995 Οὐδὲν
1504 4940 1750 5011 διαφέρει

176 5036 361 5090 λαϐεῖν
389 5026 553 5104 λόγον’
598 5038 691 5089 καὶ
738 5035 958 5088 ὲλκῦσαι
1018 5034 1231 5102 πνεῦμα
1286 5034 1492 5103 είπείνιο
1546 5030 1745 5093 ταυτὸν

173 5129 281 5197 γὰρ
318 5127 377 5178 τὸ
436 5127 651 5196 πνεῦμα
696 5126 773 5193 τῷ
809 5126 934 5195 θείῳ
980 5126 1141 5195 λόγῳ.
1191 5124 1282 5175 Διὸ
1319 5123 1412 5174 καὶ
1450 5123 1477 5174 ό
1536 5122 1744 5193 Σωτὴρ.

174 5219 305 5288 περὶ
345 5211 403 5270 οὗ
439 5217 589 5285 ἔλεγε
631 5216 788 5285 λόγου
828 5215 918 5269 καὶ
966 5216 1224 5287 ῥημάτων
1258 5217 1446 5286 εἴρηκε
1472 5232 1483 5244 °
1529 5214 1603 5267 Τὰ
1639 5211 1751 5281 ῥή-

1869 3224 2077 3266 tuorum
2107 3211 2448 3272 illuminabit,
2478 3218 2527 3262 et
2553 3209 2871 3262 intellectum
2902 3206 3050 3259 dabit
3082 3203 3336 3274 parvulis.
3364 3204 3437 3258 Os

1867 3321 2037 3359 meum
2067 3304 2270 3372 aperui,
2296 3313 2344 3356 et
2383 3300 2587 3354 attraxi
2621 3299 2885 3366 spiritum,
2913 3296 3037 3366 quia
3067 3294 3322 3348 mandata
3346 3302 3435 3346 tua

1866 3394 2249 3449 desiderabam.
2285 3389 2465 3444 Prima
2517 3386 2778 3458 cognitio,
2810 3395 2865 3440 et
2907 3400 3028 3454 qua:
3068 3382 3224 3436 initio
3269 3382 3437 3435 tradi-

1866 3494 1956 3541 tur
1984 3484 2234 3538 doctrina
2266 3494 2581 3536 sermonum
2630 3486 2873 3541 tuorum,
2911 3474 3244 3528 illuminabit
3271 3480 3325 3526 et
3354 3472 3437 3525 in-

1866 3576 2141 3631 tellectum
2198 3572 2349 3627 dabit
2396 3569 2639 3641 parvulis
2673 3582 2685 3617 :
2715 3566 3027 3620 testimonia
3056 3577 3185 3617 vero
3217 3570 3309 3614 tua
3336 3560 3438 3613 mi-

1865 3665 2057 3720 rabilia
2092 3671 2221 3718 sunt
2250 3670 2302 3717 et
2335 3659 2623 3729 stupenda.
2658 3656 2853 3711 Merito
2882 3654 3049 3723 igitur
3081 3652 3276 3705 anima:
3305 3665 3435 3704 meae

1865 3754 2268 3823 receptaculum
2307 3748 2643 3818 expandens,
2681 3757 2735 3800 et
2762 3746 2918 3815 quasi
2949 3758 3013 3798 os
3046 3740 3319 3811 aperiens,
3349 3740 3436 3793 di-

1867 3847 2049 3900 vinum
2085 3859 2113 3896 a
2144 3851 2198 3897 te
2261 3840 2524 3911 Spiritum
2586 3837 2791 3906 accepi,
2820 3833 3048 3889 credens
3086 3831 3437 3901 promissioni

1863 3936 2067 3992 dicenti
2103 3951 2115 3985 :
2150 3935 2306 4002 Aperi
2334 3948 2391 3985 os
2416 3940 2584 3992 tuum,
2637 3936 2687 3981 et
2733 3924 2957 3995 implebo
2991 3922 3202 3978 illud".
3234 3922 3299 3977 Et
3329 3923 3434 3977 hoc

1863 4025 1967 4082 feci
2024 4026 2216 4095 spiritu
2244 4031 2339 4076 tuo
2363 4022 2416 4074 in
2440 4034 2526 4073 me
2554 4023 2849 4087 pertracto,
2883 4023 2941 4068 ut
2985 4012 3293 4068 testimonia
3339 4011 3432 4066 illa

1862 4128 1956 4174 tua
1995 4110 2267 4172 mirabilia
2288 4125 2699 4184 cognoscerem,
2739 4115 2792 4163 et
2844 4122 3158 4163 sermonum
3214 4117 3430 4163 tuorum

1864 4209 2286 4265 illustrationem
2337 4204 2662 4264 obtinerem,
2718 4214 2814 4268 per
2860 4198 3114 4267 spiritum
3156 4207 3308 4261 tuum
3339 4211 3432 4252 eo-

1860 4298 2110 4355 rumdem
2164 4296 2498 4349 intellectum
2556 4298 2611 4347 et
2670 4289 2918 4344 notitiam
3010 4287 3305 4355 accipiens.
3356 4283 3429 4338 Os

1865 4406 2033 4445 meum
2060 4370 2241 4456 aperui
2268 4394 2318 4439 et
2358 4383 2561 4437 attraxi
2590 4381 2857 4448 spiritum,
2891 4378 3017 4446 quia
3062 4379 3313 4429 mandata
3338 4382 3430 4425 tua

1787 4461 1829 4515 D
1859 4478 2225 4536 desiderabam
2260 4492 2277 4529 :
2311 4476 2426 4545 ipsa
2449 4472 2830 4527 mandatorum
2862 4467 3133 4523 sententia
3172 4465 3427 4534 spiritum

1863 4572 2168 4630 attrahente
2199 4577 2251 4623 et
2290 4566 2616 4637 pelliciente.
2664 4562 2740 4616 De
2791 4576 2887 4615 ore
2919 4564 3099 4614 autem
3148 4556 3429 4612 interioris

1861 4663 2099 4722 hominis
2156 4660 2445 4730 loquitur:
2480 4664 2764 4726 potestque
2812 4666 2875 4707 os
2931 4652 3124 4704 animae
3168 4648 3297 4714 dici,
3347 4649 3429 4702 vis

1859 4758 1978 4827 ejus
2009 4752 2327 4810 enuntiandi
2357 4764 2478 4820 qua:
2520 4746 2812 4817 cogitando
2855 4744 2911 4797 in
2969 4748 3150 4797 mente
3202 4740 3428 4796 verbum

1856 4848 2082 4921 profert.
2120 4844 2265 4899 Nihil
2294 4843 2494 4907 differt,
2532 4842 2577 4895 si
2602 4840 2754 4893 dicas
2792 4851 3068 4892 assumere
3098 4848 3425 4896 sermonem,

1856 4947 1910 4995 et
1940 4936 2212 4992 attrahere
2238 4934 2494 5004 spiritum
2541 4949 2554 4985 ι
2590 4930 2827 4996 idipsum
2866 4928 3010 4981 enim
3058 4932 3143 4981 est
3176 4922 3422 4993 spiritus,

1852 5030 1997 5101 quod
2026 5028 2245 5083 divinus
2272 5040 2469 5080 sermo.
2508 5021 2871 5088 Quamobrem
2900 5017 3161 5072 Servator
3200 5016 3266 5070 de
3307 5029 3425 5069 ser-

1858 5136 2019 5175 mone
2048 5126 2101 5174 et
2129 5117 2311 5172 verbis
2337 5116 2411 5168 ait
2445 5133 2457 5167 :
2502 5112 2669 5167 Verba
2694 5126 2810 5180 quae
2857 5108 3061 5162 locutus
3099 5121 3215 5159 sum
3256 5102 3420 5163 vobis,

1856 5210 2074 5278 spiritus
2098 5216 2146 5260 et
2174 5206 2281 5259 vita
2306 5213 2431 5257 sunt
2452 5203 2514 5254 ¹⁹.

158 5326 329 5387 ματα
375 5308 413 5361 ἃ
442 5308 752 5376 λελάληκα
775 5306 947 5375 ὑμῖν,
995 5306 1232 5375 πνεῦμά
1282 5307 1413 5359 ἐστι
1474 5305 1571 5359 καὶ
1637 5303 1747 5371 ζωή
1781 5303 1934 5357 ἐστι.

256 5417 611 5485 Ἐπίϐλεψον
657 5417 749 5468 ἐπ’
774 5414 877 5484 ἐμὲ
929 5416 1023 5467 καὶ
1060 5416 1319 5481 ἐλέησόν
1342 5432 1437 5485 με,
1486 5415 1638 5468 κατὰ
1682 5414 1747 5466 τὸ

172 5507 350 5577 κρῖμα
392 5506 511 5559 τῶν
548 5507 910 5575 ἀγαπώντων
941 5505 1008 5558 τὸ
1058 5506 1245 5575 ὄνομά
1296 5522 1433 5560 σου.
1482 5505 1600 5559 Τῶν
1646 5504 1749 5556 ὑπὸ

888 5720 930 5751 ¹⁹
969 5717 1126 5774 Joan.
1162 5732 1216 5770 vr
1242 5758 1256 5780 ,
1292 5717 1379 5772 δι.

1022 5809 1260 5871 XXIII.

253 5724 297 5755 ⁸⁸
334 5720 475 5775 Psal.
514 5735 688 5785 ωειλ,
724 5718 809 5773 II.

497 5816 767 5875 Parnm“
825 5810 941 5871 Gn.

1935 5408 2097 5464 Vens.
2142 5405 2266 5462 152.
2300 5380 2512 5472 Respice
2562 5402 2616 5455 in
2668 5414 2748 5453 me
2793 5403 2843 5453 et
2892 5396 3136 5451 miserere
3187 5391 3310 5456 mei,
3343 5406 3425 5444 se-

1860 5500 2089 5557 cundum
2118 5497 2379 5570 judicium
2433 5493 2765 5565 diligentiam
2806 5504 2992 5546 nomen
3027 5496 3197 5540 tuum.
3248 5481 3323 5536 Ex
3358 5482 3424 5535 iis

3031 5784 3107 5849 1ιῇ
