3868 6282
468 278 604 338 1587

1100 264 1368 332 EUSEBII
1404 271 1881 331 CAESARIENSIS
1919 272 2071 330 OPP.
2112 273 2294 330 PARS
2337 273 2424 329 Ill.
2465 306 2534 318 —-
2565 273 2968 336 EXEGETICA.

3513 284 3613 340 l388

462 396 613 467 quia
655 374 1258 464 Deo..misericordiam
1297 400 1725 462 consequuntur,
1764 391 1854 443 alii
1903 404 2010 444 ean

2126 390 2262 443 Θεοῦ
2286 390 2638 461 ὲλεουμένων,
2668 393 2718 445 οἱ
2761 394 2860 464 μὲν
2899 392 3224 464 τυγχάνουσι
3253 393 3420 446 τούτου
3447 395 3516 448 διὰ
3543 416 3611 468 με·

466 503 562 558 per
589 487 962 557 paenitentiam
989 485 1255 550 obtinent,
1283 485 1394 554 jam
1427 499 1456 536 a
1492 483 1732 552 peccatis
1767 481 2024 536 receden-

463 587 546 632 tes
578 592 750 648 eaque
775 575 1134 642 conﬁtentes;
1180 575 1271 629 alii
1313 574 1701 630 misericordia:
1733 572 1826 628 Dei
1859 588 2022 643 expe-

464 667 753 722 rimentum
791 673 1036 728 sumunt,
1072 664 1218 734 quod
1251 663 1500 734 profectu
1531 665 1677 718 aucti
1731 662 1797 716 ad
1850 664 2026 733 ipsum

463 758 682 814 virtutis
702 758 862 813 ﬁnem
896 765 1187 812 maturent.
1235 755 1336 810 Hic
1361 757 1546 826 itaque
1576 764 1834 825 precatur
1859 753 2026 809 mise-

464 853 757 908 ricordiam
781 851 1066 921 consequi,
1091 865 1198 904 non
1230 848 1528 905 secundum
1545 846 1811 917 judicium
1839 859 2028 900 eorum

465 945 556 1012 qui
593 941 968 1012 pmnitentiam
1013 948 1213 1008 agunt;
1259 938 1354 991 scd
1409 951 1598 992 eorum
1654 936 1748 1006 qui
1796 935 2028 1004 diligunt

466 1046 663 1086 nomen
720 1031 932 1085 Domini
965 1048 977 1082 :
1010 1043 1133 1082 nam
1184 1041 1416 1096 persona
1466 1042 1586 1096 qua:
1643 1025 1886 1094 loquitur
1943 1029 2028 1078 est

463 1135 674 1185 eorum,
709 1120 801 1189 qui
826 1119 1055 1174 multum
1098 1117 1154 1171 in
1207 1117 1407 1170 virtute
1443 1125 1497 1171 et
1533 1116 1780 1170 veritatis
1830 1113 2024 1168 notitia

464 1209 828 1281 profecerunt.
882 1207 1249 1275 Quamobrem
1307 1207 1642 1262 conﬁdenter
1674 1204 1914 1274 postulat
1969 1203 2022 1256 in

461 1307 813 1371 conspectum
855 1298 948 1353 Dei
979 1313 1038 1352 se
1086 1297 1291 1352 venire.
1323 1296 1572 1366 Respice,
1604 1296 1800 1366 inquit,
1832 1295 1885 1348 in
1913 1309 2019 1356 me,

2132 481 2367 544 τανοίας,
2395 481 2519 551 ἀρτι
2559 483 2840 552 ἁμαρτιῶν
2879 483 3280 556 ἀναχωροῦντες
3315 485 3396 537 καί
3431 485 3613 555 ἐξομολο-

2133 571 2384 641 γούμενοι
2404 589 2416 600 ·
2450 575 2499 624 oi
2531 573 2586 625 δὲ
2629 577 2822 645 πεῖραν
2850 575 2999 628 ἐλέου
3028 576 3164 629 Θεοῦ
3189 575 3530 646 λαμϐάνουσιν,
3553 581 3618 631 ἐπὶ

2133 661 2210 731 τῷ
2261 663 2668 733 προκόπτοντας
2717 665 2946 719 σπεῦσαι
2981 666 3074 721 ἐπὶ
3124 668 3184 720 τὸ
3223 668 3365 732 τέλος
3407 670 3515 722 αὐτὸ
3551 673 3621 742 τῆς

2133 750 2352 820 ἀρετῆς.
2403 750 2634 821 Εῦχεται
2677 748 2768 806 οὖν
2816 751 2968 818 οὗτος
3015 756 3297 827 ἐλεηθῆναι
3342 757 3395 808 οὐ
3436 760 3548 811 κατὰ
3579 762 3624 812 τὸ

2129 841 2304 911 κρῖμα
2328 841 2435 895 τῶν
2467 846 2889 912 μετανοούντων,
2917 846 3051 899 ἀλλὰ
3073 847 3182 899 τῶν
3210 847 3514 914 ἀγαπώντων
3542 852 3625 903 δνο-

2131 949 2206 1002 μα
2255 934 2459 1004 Κυρίου
2487 953 2498 964 ⁸
2532 937 2641 991 τῶν
2682 920 2816 1009 γὰρ’
2841 941 2959 992 κατ’
2992 938 3190 1011 ἀρετὴν
3240 939 3330 991 καὶ
3359 940 3526 1006 γνῶσιν
3555 943 3626 1011 τῆς

2129 1023 2386 1094 ἀληθείας
2432 1026 2564 1080 πολὺ
2613 1028 2998 1098 προκοψάντων
3047 1029 3108 1082 τὸ
3160 1029 3315 1098 λέγον
3371 1031 3626 1100 πρόσωπον·

2128 1109 2209 1163 διὸ
2237 1113 2329 1165 καὶ
2355 1115 2788 1186 παρρησιάζεται
2817 1117 3048 1188 ὀφθῆναι
3072 1118 3151 1189 τῷ
3181 1119 3317 1189 Θεῷ.
3351 1119 3628 1188 Ἐπίϐλεψω,

2130 1201 2238 1271 γάρ
2267 1220 2431 1274 φησιν
2454 1246 2470 1270 ,
2497 1209 2582 1260 ἐπ’
2612 1209 2709 1278 ἐμὲ
2724 1210 2816 1262 καὶ
2842 1210 2900 1275 ἐξ
2925 1210 3166 1281 ἀνάγκης
3184 1210 3367 1279 ἕψεται
3389 1210 3443 1263 τὺ
3463 1211 3633 1281 ἔλεγξθῆ-

2134 1291 2221 1343 ναί
2262 1310 2349 1362 με.

459 1401 512 1447 et
567 1393 694 1446 hinc
755 1391 1066 1448 necessario
1131 1397 1390 1470 sequetur
1457 1405 1544 1445 me
1587 1387 2020 1444 misericordiam
2055 1386 2342 1454 consequi.

533 1500 697 1556 Vens.
729 1502 852 1556 155.
883 1499 1105 1554 Gressus
1147 1517 1286 1554 meos
1336 1500 1504 1570 dirige
1562 1499 1848 1554 secundum
1909 1500 2020 1553 elo-

454 1594 634 1663 quium
659 1601 826 1657 tuum,
860 1602 910 1647 et
938 1608 1040 1644 non
1069 1590 1366 1644 dominetur
1389 1592 1515 1644 mihi
1545 1593 1712 1645 omnis
1733 1591 2019 1660 injustitia.

2204 1499 2286 1554 Τὰ
2325 1501 2652 1570 διαδήματα
2698 1521 2819 1572 μου
2861 1507 3230 1561 κατεύθυνον
3276 1508 3422 1562 κατὰ
3457 1509 3516 1564 τὸ
3563 1516 3639 1566 ,ἱό-

2129 1591 2261 1658 γιόν
2319 1605 2436 1646 σου
2455 1632 2470 1655 ,
2523 1593 2618 1645 καί
2663 1593 2750 1662 μὴ
2808 1585 3321 1664 κατακυριευσάτω
3364 1618 3474 1669 μου
3513 1603 3641 1660 πᾶσα

457 1683 766 1738 Secundum
789 1682 1065 1750 eloquium
1101 1679 1192 1735 Dei
1227 1680 1400 1750 dirige
1441 1697 1665 1751 gressus
1721 1694 1897 1744 meos,
1931 1677 2010 1750 qu‘

2127 1682 2363 1750 ἀνομία.
2395 1683 2553 1736 Κατά
2595 1683 2656 1768 το
2695 1685 2873 1754 λόγιον
2905 1687 2996 1742 τοῦ
3041 1688 3178 1742 Θεοῦ
3231 1693 3533 1747 κατευθύνει
3557 1697 3641 1748 ’τὰ

452 1786 519 1826 ex
553 1771 758 1825 malitia
786 1771 1163 1840 etignorantia
1198 1769 1266 1823 ad
1299 1771 1554 1823 virtutem
1584 1779 1637 1824 et
1654 1770 2020 1840 cognitionem

452 1862 698 1917 veritatis
721 1860 1059 1931 proﬁciscor.
1094 1859 1228 1914 Nam
1264 1869 1449 1915 rectus
1492 1876 1672 1916 sermo
1699 1861 1936 1916 director
1967 1871 2021 1916 et

451 1953 559 2006 dux
590 1953 775 2007 talium
806 1968 1088 2023 gressuum
1112 1959 1213 2008 est.

523 2148 688 2205 Vens.
756 2149 878 2206 134.
917 2149 1127 2204 Redime
1160 2164 1240 2202 me
1271 2165 1302 2202 a
1333 2149 1600 2203 calumnia
1649 2147 1939 2210 hominum,
1969 2157 2019 2202 et

450 2242 748 2295 custodiam
774 2242 1026 2296 mandata
1054 2252 1166 2297 tua.
1196 2241 1254 2296 In
1292 2241 1598 2296 mercedem
1630 2239 2021 2295 misericordia:

448 2347 555 2400 qua
595 2332 859 2388 liberatus
903 2340 986 2388 est
1030 2347 1059 2386 a
1099 2333 1388 2386 calumniis
1427 2331 1730 2394 hominum,
1773 2345 1834 2385 se
1867 2344 2020 2383 man—

448 2423 574 2474 data
626 2420 840 2476 Domini
894 2423 1312 2477 observaturum
1378 2421 1665 2490 pollicetur
1708 2440 1722 2474 :
1770 2423 1853 2475 vel
1906 2437 2016 2475 non

449 2517 562 2564 tam
591 2513 920 2578 mercedem,
964 2527 1127 2582 quam
1189 2511 1489 2582 gratiarum
1545 2512 1812 2564 actionem
1877 2526 2016 2580 prm-

381 2615 383 2618 ‘
451 2598 572 2661 beo,
606 2608 666 2653 ut
698 2599 935 2654 redimar
963 2614 991 2653 a
1026 2600 1294 2654 calumnia
1355 2599 1657 2654 hominum.
1703 2597 1855 2654 Hanc
1886 2614 2016 2655 vero

449 2688 679 2756 gratiam
718 2688 1078 2758 impetrarunt
1107 2687 1308 2757 Joseph
1342 2695 1396 2742 et
1441 2686 1712 2743 Susanna.
1745 2688 2013 2743 Cancrum

448 2775 655 2843 tropice
689 2775 938 2831 homines
981 2777 1087 2831 dici
1125 2776 1337 2854 possint
1375 2776 1626 2832 diabolus
1654 2784 1708 2832 et
1758 2780 2015 2833 adversa-

448 2872 542 2924 ria:
575 2871 694 2940 ejus
746 2872 909 2927 sociae
958 2879 1275 2942 potestates,
1307 2886 1336 2924 a
1369 2886 1601 2941 quarum
1656 2872 2012 2944 sycophantia

446 2959 712 3016 redimere
732 2962 902 3016 solius
928 2960 1019 3017 Dei
1048 2973 1150 3018 est.

2125 1769 2435 1842 διαδήματά
2465 1791 2588 1845 μου,
2638 1775 2702 1828 ἐκ
2747 1777 2943 1840 κακίας
2982 1781 3076 1833 καὶ
3108 1781 3330 1849 ἀγνοίας
3370 1785 3446 1847 εἰς
3487 1786 3642 1857 ἀρετὴν

2124 1863 2218 1914 καὶ
2267 1863 2468 1930 γνῶσιν
2516 1866 2616 1936 τῆς
2665 1868 2918 1937 ἀληθείας
2966 1871 3348 1936 διαϐαίνοντος.
3415 1875 3644 1946 Εὐθυντὴρ

2123 1950 2230 2019 γὰρ
2263 1953 2359 2004 καὶ
2408 1953 2629 2024 ἡγεμὼν
2661 1955 2769 2008 τῶν
2809 1957 3060 2012 τοιούτων
3099 1960 3448 2032 διαδημάτων
3468 1966 3494 2016 ὁ
3523 1965 3644 2036 ὀρθὸς

2122 2041 2296 2110 λόγος.

2191 2135 2505 2202 Δύτρωσαι
2533 2154 2611 2206 με
2645 2138 2760 2192 ἀπὸ
2786 2143 3195 2210 συκοφαντίας
3223 2145 3549 2215 ἀνθρώπων,
3571 2151 3645 2202 καί

2119 2227 2370 2294 φυλάξω
2397 2228 2505 2294 τὰς
2532 2230 2784 2296 ἐντολάς
2815 2248 2950 2287 σου.
2985 2235 3189 2288 Μισθὸν
3222 2236 3319 2290 τοῦ
3359 2239 3500 2292 ἐλέου
3530 2241 3646 2292 λελυ-

2119 2317 2360 2386 τρῶσθαι
2421 2320 2530 2373 ἀπὸ
2583 2323 2944 2390 συκοφαντίας
2995 2325 3299 2396 ἀνθρώπων
3357 2331 3646 2400 ὑπισχνεῖται

2117 2403 2309 2460 δώσειν
2348 2406 2445 2476 τὴν
2478 2408 2586 2461 τῶν
2632 2410 2861 2464 ἐντολῶν
2912 2414 3115 2484 Κυρίου
3156 2416 3408 2489 φυλακήν
3433 2438 3445 2449 ·
3478 2421 3507 2488 ἢ
3555 2421 3644 2472 οὐδὲ

2121 2495 2332 2563 μισθὸν,
2351 2497 2465 2550 ἀλλ’
2490 2499 2840 2569 εὐχαριστίαν
2881 2504 2962 2566 είς
2992 2504 3052 2556 τὸ
3083 2505 3425 2580 λυτρωθῆναί
3469 2527 3528 2580 με
3565 2512 3646 2563 ἀπὸ

2119 2588 2480 2654 συκοφαντίας
2523 2589 2842 2660 ἀνθρώπων.
2895 2592 3003 2645 Καὶ
3027 2597 3393 2666 τετυχήκασιν
3412 2599 3645 2670 αἰσθητῶς

2115 2676 2213 2746 τῆς
2242 2678 2508 2749 αἰτήσεως
2553 2680 2743 2751 Ἰωσὴφ
2787 2683 2878 2735 καὶ
2906 2685 3199 2740 Σουσάννα.
3244 2689 3486 2760 Ῥηθείεν
3509 2691 3556 2745 δὲ
3579 2693 3647 2745 ἇν-

2116 2764 2322 2836 θρωποι
2349 2769 2622 2838 τροπικῶς
2665 2774 2694 2824 ὀ
2721 2771 2966 2836 διάϐολος
3015 2775 3108 2828 καὶ
3153 2779 3210 2830 αί
3251 2781 3378 2833 κατ’
3411 2783 3554 2834 αὑτὸν
3577 2801 3648 2834 πο-

2114 2857 2276 2925 νηραὶ
2317 2856 2593 2928 δυνάμεις,
2627 2861 2718 2929 ἀφ’
2749 2854 2823 2916 ὧν
2845 2864 2944 2934 τῆς
2985 2870 3353 2934 συκοφαντίας
3393 2873 3541 2942 μόνου
3577 2875 3648 2927 τοῦ

2113 2945 2248 2998 Θεοῦ
2277 2947 2620 3018 λυτροῦσθαι.

519 3051 681 3106 Vens.
715 3052 836 3114 155,
868 3053 988 3108 156.
1022 3052 1241 3107 Faciem
1263 3064 1408 3108 tuam
1439 3055 1682 3110 illumina
1715 3071 1872 3126 super
1903 3073 2010 3112 ser-

2189 3040 2259 3092 Τὸ
2309 3042 2632 3107 πρόσωπόν
2677 3059 2794 3100 σου
2845 3049 3140 3119 ἐπίφανον
3170 3053 3268 3107 ἐπὶ
3317 3056 3426 3109 τὸν
3467 3056 3650 3111 δοῦλόν

443 3157 561 3194 υιιηι
607 3151 773 3205 tuum,
807 3155 854 3198 et
896 3149 1021 3198 doce
1051 3161 1129 3198 me
1163 3145 1574 3214 justiﬁcationes
1621 3156 1760 3202 tuas.
1798 3147 2008 3204 Secun-

443 3235 572 3288 dum
625 3234 928 3292 Salvatoris
982 3239 1250 3293 illustrem
1303 3239 1599 3294 adventum
1649 3241 1834 3296 videre
1891 3257 2012 3310 per-

441 3332 659 3393 optans,
718 3343 818 3398 pro
877 3343 942 3380 eo
985 3327 1132 3383 Patri
1185 3331 1455 3400 supplicat
1492 3333 1680 3388 dicens
1725 3353 1738 3388 :
1792 3333 2009 3388 Faciem

443 3427 608 3480 tuam,
645 3415 890 3480 Domine,
920 3418 1165 3472 illumina
1204 3435 1222 3472 :
1255 3435 1418 3488 quam
1473 3425 1566 3490 qui
1601 3423 1754 3489 vidit,
1784 3425 1919 3478 vidit
1955 3434 2010 3479 et

443 3506 677 3562 Patrem.
729 3507 861 3562 Nam
916 3510 1032 3578 ipse
1079 3509 1147 3564 de
1197 3511 1380 3580 seipso
1437 3513 1512 3566 ait
1548 3529 1561 3565 :
1591 3514 1696 3579 Qui
1739 3516 1869 3568 vidit
1906 3533 2006 3580 me,

441 3598 572 3651 vidit
631 3608 681 3652 et
741 3599 956 3654 Patrem
975 3603 1042 3656 ²⁰.
1097 3599 1288 3655 Exitus
1356 3620 1614 3673 aquarum
1678 3607 2007 3663 deduxerunt

441 3689 577 3741 oculi
619 3689 739 3752 mei,
763 3691 886 3758 quia
917 3707 1018 3744 non
1041 3692 1402 3748 custodierunt
1435 3696 1594 3766 legem
1635 3707 1802 3754 tuam.

506 3777 670 3834 Vens.
704 3780 961 3835 157-145.
1008 3781 1198 3837 Justus
1240 3801 1315 3848 es,
1370 3785 1614 3853 Domine,
1645 3797 1694 3842 et
1744 3799 1887 3844 recta
1918 3792 2006 3860 ju-

435 3869 580 3922 dicia
606 3877 717 3923 tua.
756 3869 1032 3925 Mandasti
1057 3873 1329 3941 justitiam
1362 3879 1658 3931 testimonia
1700 3889 1812 3945 tua,
1846 3890 1893 3934 et
1924 3898 2005 3935 ve-

436 3956 647 4009 ritatem
674 3967 818 4010 tuam
871 3962 1040 4016 valde.
1098 3962 1381 4016 Tabescere
1415 3981 1495 4017 me
1530 3965 1648 4034 fecit
1677 3969 1819 4021 zelus
1857 3979 2000 4035 tuus,

433 4045 560 4112 quia
586 4044 737 4098 obliti
769 4057 890 4100 sunt
927 4050 1080 4103 verba
1116 4061 1207 4104 tua
1235 4052 1432 4106 inimici
1458 4056 1576 4107 mei.
1619 4053 1850 4123 Ignitum
1889 4059 2001 4113 elo-

431 4135 611 4202 quium
640 4144 786 4188 tuum
822 4139 1162 4204 uehementer,
1194 4151 1244 4196 et
1264 4159 1442 4197 seruus
1477 4154 1600 4198 tuus
1627 4145 1813 4202 dilexit
1842 4149 1997 4206 illud.

431 4224 867 4283 Adolescentulus
892 4247 1008 4285 sum
1039 4249 1129 4302 ego
1156 4245 1206 4287 et
1229 4244 1572 4303 contemptus,
1587 4237 1998 4307 justiﬁcationes

433 4323 552 4368 tuas
572 4333 674 4371 non
705 4335 822 4372 sum
863 4320 1076 4376 oblitus.
1111 4321 1336 4378 Iustitia
1375 4335 1468 4379 tua
1499 4327 1718 4394 justitia
1756 4331 1812 4383 in
1843 4341 1999 4385 wter-
2032 4363 2075 4416 ο

430 4422 580 4470 num,
609 4416 658 4461 et
697 4409 782 4463 lea:
813 4420 904 4465 tua
937 4415 1148 4468 veritas.
1181 4414 1572 4471 Tribulationes
1617 4429 1667 4472 et
1709 4423 1996 4476 necessita-

431 4507 506 4552 tes
557 4500 860 4558 invenerunt
914 4507 1322 4562 me:mandata
1371 4519 1464 4562 tua
1523 4511 1798 4567 meditatio
1860 4531 1996 4569 mea.

431 4589 792 4661 Symmachus
816 4598 977 4651 aliam
998 4598 1152 4655 ell‘ert
1184 4601 1508 4655 sententiam
1535 4602 1722 4659 dicens
1758 4623 1772 4660 :
1809 4605 2002 4660 Tribu-

428 4689 650 4745 lationes
687 4700 738 4745 et
785 4684 1085 4764 aﬂlictiones
1133 4700 1632 4766 comprehenderunt
1676 4721 1806 4760 me:
1849 4723 2000 4760 man-
2041 4747 2043 4749 ι

427 4777 558 4833 data
581 4797 698 4835 vero
722 4783 1050 4840 delectabant
1081 4804 1161 4841 me
1195 4803 1213 4840 :
1239 4803 1304 4843 ac
1358 4791 1402 4846 si
1444 4795 1622 4848 omnis
1666 4794 1761 4851 Dei
1820 4800 2000 4853 cultor

427 4868 664 4937 graviter
695 4879 748 4926 et
767 4887 912 4942 aegre
952 4873 1090 4930 ferat
1119 4876 1283 4946 hujus
1315 4881 1435 4935 vita:
1465 4885 1702 4953 negotia,
1735 4895 1898 4957 atque
1929 4905 1994 4944 ex

427 4960 708 5016 hominum
734 4965 943 5018 malitia
978 4976 1222 5032 vexetur,
1258 4972 1545 5043 solamque
1571 4977 1766 5032 habeat
1791 4994 1995 5035 conso-

428 5053 705 5117 lationem,
735 5060 1129 5114 recreationcm
1172 5070 1226 5115 et
1269 5064 1686 5124 delectationem
1721 5071 1776 5125 in
1824 5089 1978 5128 man-

423 5143 675 5200 datorum
705 5146 797 5202 Dei
827 5149 1194 5205 meditatione.

495 5277 660 5336 Vens.
692 5281 812 5336 144.
872 5281 1094 5338 Iustitia
1127 5288 1424 5340 testimonia
1467 5298 1558 5342 tua
1609 5291 1662 5343 in
1709 5301 1990 5357 wternum,

424 5368 742 5424 intellectum
768 5371 838 5426 da
859 5374 1009 5439 mihi,
1057 5383 1105 5427 et
1140 5376 1326 5432 vivam.
1368 5375 1490 5431 "me
1531 5377 1769 5448 justitia,
1821 5397 1986 5452 quam

494 5503 538 5534 ’⁸
573 5504 731 5561 Joan.
770 5525 884 5575 le,
918 5510 976 5566 9.

445 5598 470 5666 ’ἓ
500 5603 521 5626 ⁹
550 5599 814 5675 lnterprcs
852 5609 974 5680 legit
1004 5611 1314 5670 κατεύουνε.
1357 5615 1512 5671 Eol'r.
1557 5617 1794 5675 ΡΑτιπιοι..

2113 3143 2250 3193 σου,
2277 3132 2373 3184 καὶ
2394 3133 2643 3199 δίδαξόν
2669 3154 2744 3206 με
2773 3140 2845 3192 τὰ
2871 3139 3228 3212 δικαιώματά
3254 3161 3400 3201 σου.
3441 3150 3539 3219 Τὴν
3564 3150 3648 3201 δευ-

2111 3221 2273 3292 τέραν
2305 3223 2398 3276 τοῦ
2428 3227 2674 3298 Σωτῆρος
2707 3231 3001 3302 ὲπίλαμψιν
3030 3236 3155 3288 ἰδεῖν
3190 3238 3376 3293 ποθῶν
3397 3241 3528 3306 ἀξιοῖ
3554 3242 3651 3312 περὶ

2111 3312 2300 3383 αὐτῆς,
2327 3313 2405 3383 τῷ
2423 3316 2597 3386 Πατρὶ
2626 3321 2869 3386 φάσκων,
2889 3325 2960 3377 Τὸ
2981 3328 3308 3394 πρόσωπόν
3333 3348 3472 3394 σου,
3491 3333 3648 3402 Κύριε.

2109 3403 2405 3470 ἐπίφανον
2430 3421 2444 3434 ·
2475 3406 2612 3476 ὅπερ
2653 3407 2774 3462 ἰδών
2813 3428 2895 3474 τις
2925 3414 3133 3484 ἑώρακε
3180 3419 3274 3470 καὶ
3302 3421 3397 3499 τὸν
3444 3422 3646 3492 Πατέρα.

2108 3492 2280 3555 Αὐτὸς
2324 3493 2431 3564 γὰρ
2468 3497 2595 3567 περὶ
2621 3499 2808 3552 ἑαυτοῦ
2838 3500 3013 3570 λέγει·
3044 3504 3096 3556 Ὁ
3128 3492 3403 3574 ἑωρακὼς
3430 3510 3544 3579 ἐμὲ,
3571 3510 3646 3561 ἑώ-

2099 3599 2249 3648 ρακε
2277 3583 2383 3635 τὸν
2405 3589 2654 3654 Πατέρα.
2682 3591 2993 3658 Διεξόδους
3011 3593 3245 3649 ὑδάτων
3259 3600 3591 3655 κατέδυσαν
3610 3605 3646 3652 cl

2108 3674 2403 3743 ὀφθαλμοί
2417 3694 2557 3745 μου,
2583 3680 2714 3734 ἐπεὶ
2731 3684 2839 3736 οὐκ
2857 3685 3172 3752 ἐφύλαξαν
3185 3688 3296 3740 τὸν
3311 3694 3501 3759 νόμον
3537 3709 3644 3744 σου.

2176 3764 2410 3830 Δίκαιος
2445 3762 2518 3831 εἴ,
2553 3770 2751 3837 Κύριε,
2787 3772 2883 3825 καὶ
2929 3774 3123 3840 causa;
3165 3780 3224 3829 αἱ
3261 3776 3495 3845 κρίσεις
3536 3795 3646 3834 σου.

2119 3853 2426 3910 Ἐνετείλω
2471 3858 2869 3930 δικαιοσύνην
2913 3866 2984 3918 τὰ
3025 3868 3325 3934 μαρτύριά
3380 3887 3525 3936 σου,
3571 3871 3646 3923 καί

2102 3944 2392 4013 ἀλήθειαν
2433 3949 2687 4017 σφόδρα.
2734 3953 3005 4020 Ἐξέτηξέ
3027 3973 3104 4023 με
3129 3960 3160 4009 ὀ
3189 3956 3375 4024 ζῆλός
3416 3977 3543 4025 σου,
3578 3962 3644 4013 ὅτι

2101 4034 2466 4092 ἐπελάθοντο
2499 4039 2616 4092 τῶν
2642 4043 2840 4112 λόγων
2862 4062 2978 4098 σου
3006 4050 3059 4099 οἱ
3087 4048 3292 4116 ἐχθροί
3317 4070 3460 4120 μου.
3493 4057 3646 4105 [leav-

2093 4127 2365 4195 ρωμένον
2406 4131 2473 4183 τὸ
2517 4133 2727 4202 λόγιόν
2768 4151 2884 4189 σου
2927 4139 3181 4207 σφόδρα,
3227 4144 3331 4195 καὶ
3381 4148 3415 4197 ό
3463 4144 3645 4208 δοῦλός

2101 4231 2218 4271 σου
2254 4220 2570 4288 ἠγάπησεν
2591 4227 2756 4288 αὑτό,
2784 4228 3075 4296 Νεώτερος
3101 4231 3215 4299 ἐγώ
3236 4237 3360 4302 εἰμι
3395 4237 3488 4289 καὶ
3515 4236 3646 4298 etfau-

2102 4308 2449 4379 δενωμένος,
2466 4316 2537 4369 τὰ
2556 4315 2912 4388 δικαιώματά
2926 4337 3042 4376 σου
3056 4325 3166 4377 οὐκ
3181 4325 3570 4398 ἐπελαθόμην.
3593 4330 3642 4379 Ἡ

2101 4400 2456 4475 δικαιοσύνη
2492 4422 2608 4462 σου
2644 4410 2998 4480 δικαιοσύνη
3033 4417 3119 4480 εἰς
3147 4415 3258 4470 τὸν
3287 4417 3492 4482 αἰῶνα,
3517 4418 3595 4470 καὶ
3619 4420 3644 4468 ὁ

2101 4494 2283 4562 νόμος
2301 4511 2417 4549 σου
2431 4498 2698 4564 ἀλήθεια.
2720 4504 2964 4571 extum
2995 4506 3093 4558 καὶ
3135 4507 3398 4578 ἀνάγκαι
3420 4507 3642 4575 εὒρσσόν

2095 4600 2172 4650 με
2189 4601 2202 4615 ·
2223 4587 2282 4638 al
2295 4587 2538 4641 ἐντολαί
2554 4605 2670 4643 σου
2683 4592 2902 4668 μελέτη
2912 4612 3030 4663 μου
3053 4635 3067 4648 .
3085 4596 3141 4649 ’0
3163 4597 3464 4668 Σύμμαχος
3488 4601 3640 4666 ἑτέραν

2101 4675 2408 4746 παρέστησε
2453 4677 2689 4733 διάνοιαν
2742 4665 2940 4749 εἰπὼν,
2980 4665 3635 4756 Θλίψειςήσιαὶηὲγκαιιή-

2099 4777 2230 4830 σεις
2258 4766 2589 4822 κατέλαϐόν
2608 4789 2686 4839 με
2705 4789 2718 4802 ·
2745 4775 2804 4825 al
2824 4772 2893 4825 δὲ
2917 4775 3153 4828 ἐντολαὶ
3185 4776 3450 4845 ἐτερπόν
3475 4795 3539 4846 με
3555 4796 3566 4806 ·
3584 4777 3638 4837 ὡς

2099 4853 2299 4917 παντὸς
2335 4854 2616 4921 θεοσεϐοῦς
2663 4858 2999 4932 βαρουμένου
3043 4864 3140 4934 μὲν
3169 4867 3263 4918 καὶ
3298 4867 3636 4938 δυσχερςιιίνεον⁴

2095 4959 2188 5005 τος
2218 4945 2308 4998 ἐπὶ
2339 4950 2451 5009 τοῖς
2479 4948 2569 5000 τοῦ
2617 4949 2731 5018 βίου
2781 4954 3117 5024 πράγμασιν,
3160 4957 3564 5021 ἀποκακοῦντός
3593 4975 3635 5009 τε

2096 5035 2160 5086 ὲκ
2184 5032 2284 5105 τῆς
2312 5038 2419 5090 τῶν
2444 5039 2742 5106 ἀνθρώπων
2769 5046 2984 5108 κακίας,
3029 5047 3194 5117 μόνην
3226 5049 3285 5100 δὲ
3323 5052 3530 5120 ἔχοντος
3557 5067 3633 5100 πα-

2097 5127 2369 5195 ραμυθίαν
2392 5132 2485 5183 καὶ
2508 5131 2806 5204 ἀνάκτησιν
2835 5138 2925 5189 καὶ
2951 5138 3141 5208 τέρψιν
3166 5139 3264 5210 τὴν
3298 5142 3526 5211 μελέτην
3551 5140 3634 5192 τῶν

2095 5217 2322 5272 ἐντολῶν
2349 5220 2444 5273 τοῦ
2486 5221 2642 5275 Θεοῦ.

2162 5310 2517 5380 Δικαιοσύνη
2570 5314 2643 5366 τὰ
2686 5317 2977 5384 μαρτύριά
3027 5333 3143 5372 σου
3191 5323 3280 5386 εἰς
3332 5323 3442 5375 τὸν
3464 5321 3630 5376 αἰῶνα.

2093 5399 2419 5456 συνέτισόν
2435 5419 2533 5473 με,
2565 5405 2663 5459 καὶ
2691 5405 2958 5478 ζήσομαι.
2989 5409 3137 5480 Αὕτη
3169 5411 3203 5482 ἡ
3229 5412 3554 5483 δικαιοσύνη,
3582 5413 3632 5480 ἦν
