  <div class='ocr_page' id='page_1' title='image "/cluster/home/n/w/nwhite01/storage/ocr_20150623/23/mdp.39015078384396/722.png"; bbox 0 0 3868 6282; ppageno 0'>
   <div class='ocr_carea' id='block_1_1' title="bbox 237 310 373 366">
    <p class='ocr_par' dir='ltr' id='par_1_1' title="bbox 237 310 373 366">
     <span class='ocr_line' id='line_1_1' title="bbox 237 310 373 366; baseline -0.015 0"><span class='ocrx_word' id='word_1_1' title='bbox 237 310 373 366; x_wconf 73' lang='lat'><strong>1389</strong></span> 
     </span>
    </p>
   </div>
   <div class='ocr_carea' id='block_1_2' title="bbox 1366 305 2346 366">
    <p class='ocr_par' dir='ltr' id='par_1_2' title="bbox 1366 305 2346 366">
     <span class='ocr_line' id='line_1_2' title="bbox 1366 305 2346 366; baseline -0.004 -2"><span class='ocrx_word' id='word_1_2' title='bbox 1366 308 1869 366; x_wconf 77' lang='lat' dir='ltr'><strong>COMMENTARIA</strong></span> <span class='ocrx_word' id='word_1_3' title='bbox 1912 306 1978 362; x_wconf 86' lang='lat' dir='ltr'><strong>IN</strong></span> <span class='ocrx_word' id='word_1_4' title='bbox 2016 305 2346 363; x_wconf 79' lang='lat' dir='ltr'><strong>PSALMOS.</strong></span> 
     </span>
    </p>
   </div>
   <div class='ocr_carea' id='block_1_3' title="bbox 3350 312 3490 368">
    <p class='ocr_par' dir='ltr' id='par_1_3' title="bbox 3350 312 3490 368">
     <span class='ocr_line' id='line_1_3' title="bbox 3350 312 3490 368; baseline -0.014 -1"><span class='ocrx_word' id='word_1_5' title='bbox 3350 313 3370 367; x_wconf 92' lang='lat'><strong>1</strong></span> <span class='ocrx_word' id='word_1_6' title='bbox 3386 312 3490 368; x_wconf 78' lang='lat'><strong>590</strong></span> 
     </span>
    </p>
   </div>
   <div class='ocr_carea' id='block_1_4' title="bbox 230 421 1799 497">
    <p class='ocr_par' dir='ltr' id='par_1_4' title="bbox 230 421 1799 497">
     <span class='ocr_line' id='line_1_4' title="bbox 230 421 1799 497; baseline 0.003 -22"><span class='ocrx_word' id='word_1_7' title='bbox 230 422 507 492; x_wconf 80' lang='grc' dir='ltr'><strong>ἀσκοῦμεν</strong></span> <span class='ocrx_word' id='word_1_8' title='bbox 548 421 639 475; x_wconf 82' lang='grc' dir='ltr'><strong>ὲπὶ</strong></span> <span class='ocrx_word' id='word_1_9' title='bbox 685 421 779 475; x_wconf 89' lang='grc' dir='ltr'><strong>τοῦ</strong></span> <span class='ocrx_word' id='word_1_10' title='bbox 813 423 1097 494; x_wconf 82' lang='grc' dir='ltr'><strong>παρόντος,</strong></span> <span class='ocrx_word' id='word_1_11' title='bbox 1132 424 1231 477; x_wconf 77' lang='grc' dir='ltr'><strong>οὐκ</strong></span> <span class='ocrx_word' id='word_1_12' title='bbox 1268 425 1575 480; x_wconf 79' lang='grc' dir='ltr'><strong>ἀποδίδοται</strong></span> <span class='ocrx_word' id='word_1_13' title='bbox 1604 429 1733 497; x_wconf 79' lang='grc' dir='ltr'>ἡμῖν</span> <span class='ocrx_word' id='word_1_14' title='bbox 1760 428 1799 479; x_wconf 53' lang='grc' dir='ltr'><strong>ἐς</strong></span> 
     </span>
    </p>
   </div>
   <div class='ocr_carea' id='block_1_5' title="bbox 1911 421 3490 497">
    <p class='ocr_par' dir='ltr' id='par_1_5' title="bbox 1921 424 3490 497">
     <span class='ocr_line' id='line_1_5' title="bbox 1921 424 3490 497; baseline -0.003 -16"><span class='ocrx_word' id='word_1_15' title='bbox 1921 428 1974 481; x_wconf 93' lang='lat' dir='ltr'><strong>in</strong></span> <span class='ocrx_word' id='word_1_16' title='bbox 2017 426 2270 497; x_wconf 58' lang='lat' dir='ltr'><strong>prasenti</strong></span> <span class='ocrx_word' id='word_1_17' title='bbox 2308 439 2648 491; x_wconf 79' lang='lat' dir='ltr'><strong>exercemus,</strong></span> <span class='ocrx_word' id='word_1_18' title='bbox 2686 440 2794 480; x_wconf 90' lang='lat' dir='ltr'><strong>non</strong></span> <span class='ocrx_word' id='word_1_19' title='bbox 2848 425 3009 481; x_wconf 87' lang='lat' dir='ltr'><strong>datur</strong></span> <span class='ocrx_word' id='word_1_20' title='bbox 3041 424 3198 479; x_wconf 86' lang='lat' dir='ltr'><strong>nobis</strong></span> <span class='ocrx_word' id='word_1_21' title='bbox 3241 425 3307 478; x_wconf 65' lang='lat' dir='ltr'><strong>all</strong></span> <span class='ocrx_word' id='word_1_22' title='bbox 3356 440 3490 495; x_wconf 84' lang='lat' dir='ltr'><strong>pau-</strong></span> 
     </span>
    </p>
   </div>
   <div class='ocr_carea' id='block_1_6' title="bbox 228 511 1807 582">
    <p class='ocr_par' dir='ltr' id='par_1_6' title="bbox 228 511 1807 582">
     <span class='ocr_line' id='line_1_6' title="bbox 228 511 1807 582; baseline 0.002 -18"><span class='ocrx_word' id='word_1_23' title='bbox 228 511 433 579; x_wconf 82' lang='grc' dir='ltr'>όλίγαις</span> <span class='ocrx_word' id='word_1_24' title='bbox 476 511 729 582; x_wconf 80' lang='grc' dir='ltr'><strong>ἡμέραις,</strong></span> <span class='ocrx_word' id='word_1_25' title='bbox 762 512 874 564; x_wconf 82' lang='grc' dir='ltr'>ἀλλ’</span> <span class='ocrx_word' id='word_1_26' title='bbox 898 516 977 575; x_wconf 91' lang='grc' dir='ltr'><strong>εἰς</strong></span> <span class='ocrx_word' id='word_1_27' title='bbox 1004 513 1093 565; x_wconf 86' lang='grc' dir='ltr'><strong>τὸν</strong></span> <span class='ocrx_word' id='word_1_28' title='bbox 1120 512 1310 566; x_wconf 80' lang='grc' dir='ltr'>αἰῶνα.</span> <span class='ocrx_word' id='word_1_29' title='bbox 1331 514 1419 565; x_wconf 84' lang='grc' dir='ltr'>Ἑν</span> <span class='ocrx_word' id='word_1_30' title='bbox 1460 514 1665 576; x_wconf 81' lang='grc' dir='ltr'>τούτοις</span> <span class='ocrx_word' id='word_1_31' title='bbox 1701 515 1807 567; x_wconf 77' lang='grc' dir='ltr'><strong>πᾶ-</strong></span> 
     </span>
    </p>
   </div>
   <div class='ocr_carea' id='block_1_7' title="bbox 230 601 1810 673">
    <p class='ocr_par' dir='ltr' id='par_1_7' title="bbox 230 601 1810 673">
     <span class='ocr_line' id='line_1_7' title="bbox 230 601 1810 673; baseline 0.003 -19"><span class='ocrx_word' id='word_1_32' title='bbox 230 619 314 655; x_wconf 89' lang='grc' dir='ltr'><strong>σιν</strong></span> <span class='ocrx_word' id='word_1_33' title='bbox 348 605 487 655; x_wconf 85' lang='grc' dir='ltr'>αἰτεῖ</span> <span class='ocrx_word' id='word_1_34' title='bbox 504 605 533 655; x_wconf 86' lang='grc' dir='ltr'><strong>ό</strong></span> <span class='ocrx_word' id='word_1_35' title='bbox 555 604 845 673; x_wconf 82' lang='grc' dir='ltr'><strong>Προφήτης</strong></span> <span class='ocrx_word' id='word_1_36' title='bbox 877 603 984 656; x_wconf 76' lang='grc' dir='ltr'>ἀπὸ</span> <span class='ocrx_word' id='word_1_37' title='bbox 1007 601 1102 657; x_wconf 91' lang='grc' dir='ltr'><strong>τοῦ</strong></span> <span class='ocrx_word' id='word_1_38' title='bbox 1131 602 1266 655; x_wconf 83' lang='grc' dir='ltr'>Θεοῦ</span> <span class='ocrx_word' id='word_1_39' title='bbox 1296 604 1532 665; x_wconf 90' lang='grc' dir='ltr'>σύνεσιν,</span> <span class='ocrx_word' id='word_1_40' title='bbox 1560 607 1621 657; x_wconf 86' lang='grc' dir='ltr'><strong>τὸ</strong></span> <span class='ocrx_word' id='word_1_41' title='bbox 1644 607 1810 673; x_wconf 85' lang='grc' dir='ltr'>ἀναγ-</span> 
     </span>
    </p>
   </div>
   <div class='ocr_carea' id='block_1_8' title="bbox 231 691 1806 763">
    <p class='ocr_par' dir='ltr' id='par_1_8' title="bbox 231 691 1806 763">
     <span class='ocr_line' id='line_1_8' title="bbox 231 691 1806 763; baseline 0.001 -18"><span class='ocrx_word' id='word_1_42' title='bbox 231 692 513 746; x_wconf 87' lang='grc' dir='ltr'>καιότατον</span> <span class='ocrx_word' id='word_1_43' title='bbox 534 692 643 745; x_wconf 87' lang='grc' dir='ltr'><strong>τῶν</strong></span> <span class='ocrx_word' id='word_1_44' title='bbox 670 694 764 746; x_wconf 84' lang='grc' dir='ltr'><strong>τοῦ</strong></span> <span class='ocrx_word' id='word_1_45' title='bbox 788 691 921 745; x_wconf 87' lang='grc' dir='ltr'>Θεοῦ</span> <span class='ocrx_word' id='word_1_46' title='bbox 950 692 1306 763; x_wconf 86' lang='grc' dir='ltr'>δωρημάτων,</span> <span class='ocrx_word' id='word_1_47' title='bbox 1334 694 1428 747; x_wconf 74' lang='grc' dir='ltr'>καὶ</span> <span class='ocrx_word' id='word_1_48' title='bbox 1446 694 1593 762; x_wconf 79' lang='grc' dir='ltr'>λέγει</span> <span class='ocrx_word' id='word_1_49' title='bbox 1611 710 1624 723; x_wconf 85' lang='grc'><strong>·</strong></span> <span class='ocrx_word' id='word_1_50' title='bbox 1656 698 1806 747; x_wconf 90' lang='grc' dir='ltr'>Συν-</span> 
     </span>
    </p>
   </div>
   <div class='ocr_carea' id='block_1_9' title="bbox 227 781 1807 854">
    <p class='ocr_par' dir='ltr' id='par_1_9' title="bbox 227 781 1807 854">
     <span class='ocr_line' id='line_1_9' title="bbox 227 781 1807 854; baseline 0.001 -18"><span class='ocrx_word' id='word_1_51' title='bbox 227 783 431 836; x_wconf 83' lang='grc' dir='ltr'>ἐτισόν</span> <span class='ocrx_word' id='word_1_52' title='bbox 449 800 546 851; x_wconf 80' lang='grc' dir='ltr'>με,</span> <span class='ocrx_word' id='word_1_53' title='bbox 572 784 671 853; x_wconf 85' lang='grc' dir='ltr'>ἵνα</span> <span class='ocrx_word' id='word_1_54' title='bbox 696 781 850 849; x_wconf 76' lang='grc' dir='ltr'>ζήσω</span> <span class='ocrx_word' id='word_1_55' title='bbox 869 801 882 814; x_wconf 88' lang='grc'><strong>·</strong></span> <span class='ocrx_word' id='word_1_56' title='bbox 916 785 1002 836; x_wconf 78' lang='grc' dir='ltr'><strong>ἐπ’</strong></span> <span class='ocrx_word' id='word_1_57' title='bbox 1032 783 1245 853; x_wconf 77' lang='grc' dir='ltr'>εκείνην</span> <span class='ocrx_word' id='word_1_58' title='bbox 1266 783 1373 853; x_wconf 83' lang='grc' dir='ltr'><strong>γὰρ</strong></span> <span class='ocrx_word' id='word_1_59' title='bbox 1400 783 1497 853; x_wconf 84' lang='grc' dir='ltr'><strong>τὴν</strong></span> <span class='ocrx_word' id='word_1_60' title='bbox 1532 783 1807 854; x_wconf 77' lang='grc' dir='ltr'>μακαρίαν</span> 
     </span>
    </p>
   </div>
   <div class='ocr_carea' id='block_1_10' title="bbox 228 873 1807 947">
    <p class='ocr_par' dir='ltr' id='par_1_10' title="bbox 228 873 1807 947">
     <span class='ocr_line' id='line_1_10' title="bbox 228 873 1807 947; baseline 0.001 -22"><span class='ocrx_word' id='word_1_61' title='bbox 228 873 372 943; x_wconf 81' lang='grc' dir='ltr'>ζωὴν</span> <span class='ocrx_word' id='word_1_62' title='bbox 403 873 627 945; x_wconf 85' lang='grc' dir='ltr'>ἀνόητος</span> <span class='ocrx_word' id='word_1_63' title='bbox 655 875 754 927; x_wconf 87' lang='grc' dir='ltr'><strong>οὐκ</strong></span> <span class='ocrx_word' id='word_1_64' title='bbox 784 874 1001 947; x_wconf 81' lang='grc' dir='ltr'>ἔρχεται</span> <span class='ocrx_word' id='word_1_65' title='bbox 1031 874 1064 944; x_wconf 82' lang='grc' dir='ltr'>ἢ</span> <span class='ocrx_word' id='word_1_66' title='bbox 1099 874 1373 936; x_wconf 84' lang='grc' dir='ltr'>ἀσύνετος,</span> <span class='ocrx_word' id='word_1_67' title='bbox 1400 874 1535 927; x_wconf 86' lang='grc' dir='ltr'><strong>ἀλλά</strong></span> <span class='ocrx_word' id='word_1_68' title='bbox 1557 874 1636 927; x_wconf 86' lang='grc' dir='ltr'><strong>δεῖ</strong></span> <span class='ocrx_word' id='word_1_69' title='bbox 1656 876 1807 944; x_wconf 82' lang='grc' dir='ltr'>αἰτῆ-</span> 
     </span>
    </p>
   </div>
   <div class='ocr_carea' id='block_1_11' title="bbox 229 964 1804 1035">
    <p class='ocr_par' dir='ltr' id='par_1_11' title="bbox 229 964 1804 1035">
     <span class='ocr_line' id='line_1_11' title="bbox 229 964 1804 1035; baseline 0.001 -18"><span class='ocrx_word' id='word_1_70' title='bbox 229 982 319 1017; x_wconf 86' lang='grc' dir='ltr'><strong>σαι</strong></span> <span class='ocrx_word' id='word_1_71' title='bbox 354 966 503 1035; x_wconf 82' lang='grc' dir='ltr'><strong>παρά</strong></span> <span class='ocrx_word' id='word_1_72' title='bbox 531 964 626 1018; x_wconf 89' lang='grc' dir='ltr'><strong>τοῦ</strong></span> <span class='ocrx_word' id='word_1_73' title='bbox 650 966 785 1019; x_wconf 83' lang='grc' dir='ltr'><strong>Θεοῦ</strong></span> <span class='ocrx_word' id='word_1_74' title='bbox 812 965 1046 1029; x_wconf 91' lang='grc' dir='ltr'>σύνεσιν,</span> <span class='ocrx_word' id='word_1_75' title='bbox 1068 965 1162 1017; x_wconf 87' lang='grc' dir='ltr'><strong>τοῦ</strong></span> <span class='ocrx_word' id='word_1_76' title='bbox 1192 965 1421 1028; x_wconf 83' lang='grc' dir='ltr'><strong>διδόντος</strong></span> <span class='ocrx_word' id='word_1_77' title='bbox 1452 967 1586 1018; x_wconf 80' lang='grc' dir='ltr'>πᾶσι</span> <span class='ocrx_word' id='word_1_78' title='bbox 1608 968 1720 1029; x_wconf 81' lang='grc' dir='ltr'>τοῖς</span> <span class='ocrx_word' id='word_1_79' title='bbox 1746 966 1804 1032; x_wconf 65' lang='lat' dir='ltr'><strong>te</strong></span> 
     </span>
    </p>
   </div>
   <div class='ocr_carea' id='block_1_12' title="bbox 225 1055 1806 1126">
    <p class='ocr_par' dir='ltr' id='par_1_12' title="bbox 225 1055 1806 1126">
     <span class='ocr_line' id='line_1_12' title="bbox 225 1055 1806 1126; baseline -0.001 -18"><span class='ocrx_word' id='word_1_80' title='bbox 225 1056 353 1126; x_wconf 83' lang='grc' dir='ltr'><strong>ὅλης</strong></span> <span class='ocrx_word' id='word_1_81' title='bbox 377 1056 554 1125; x_wconf 78' lang='grc' dir='ltr'>ψυχῆς</span> <span class='ocrx_word' id='word_1_82' title='bbox 576 1055 816 1110; x_wconf 74' lang='grc' dir='ltr'>αἰτοῦσιν</span> <span class='ocrx_word' id='word_1_83' title='bbox 841 1055 1025 1119; x_wconf 83' lang='grc' dir='ltr'>αὐτὸν,</span> <span class='ocrx_word' id='word_1_84' title='bbox 1053 1055 1139 1107; x_wconf 85' lang='grc' dir='ltr'>ἶνα</span> <span class='ocrx_word' id='word_1_85' title='bbox 1169 1056 1426 1119; x_wconf 79' lang='grc' dir='ltr'>λαϐόντες</span> <span class='ocrx_word' id='word_1_86' title='bbox 1459 1055 1694 1121; x_wconf 87' lang='grc' dir='ltr'>σύνεσιν,</span> <span class='ocrx_word' id='word_1_87' title='bbox 1714 1056 1806 1110; x_wconf 85' lang='grc' dir='ltr'><strong>δυ-</strong></span> 
     </span>
    </p>
   </div>
   <div class='ocr_carea' id='block_1_13' title="bbox 225 1146 1661 1217">
    <p class='ocr_par' dir='ltr' id='par_1_13' title="bbox 225 1146 1661 1217">
     <span class='ocr_line' id='line_1_13' title="bbox 225 1146 1661 1217; baseline -0.001 -17"><span class='ocrx_word' id='word_1_88' title='bbox 225 1147 480 1217; x_wconf 80' lang='grc' dir='ltr'>νηθῶμεν</span> <span class='ocrx_word' id='word_1_89' title='bbox 517 1148 719 1200; x_wconf 80' lang='grc' dir='ltr'>εἰπεῖν’</span> <span class='ocrx_word' id='word_1_90' title='bbox 759 1148 1090 1201; x_wconf 85' lang='grc' dir='ltr'>Συνέτισόν</span> <span class='ocrx_word' id='word_1_91' title='bbox 1124 1164 1223 1216; x_wconf 77' lang='grc' dir='ltr'>με,</span> <span class='ocrx_word' id='word_1_92' title='bbox 1257 1146 1358 1200; x_wconf 78' lang='grc' dir='ltr'>καὶ</span> <span class='ocrx_word' id='word_1_93' title='bbox 1391 1146 1661 1217; x_wconf 78' lang='grc' dir='ltr'><strong>ζήσομαι.</strong></span> 
     </span>
    </p>
   </div>
   <div class='ocr_carea' id='block_1_14' title="bbox 307 1234 1803 1304">
    <p class='ocr_par' dir='ltr' id='par_1_14' title="bbox 307 1234 1803 1304">
     <span class='ocr_line' id='line_1_14' title="bbox 307 1234 1803 1304; baseline 0 -17"><span class='ocrx_word' id='word_1_94' title='bbox 307 1234 631 1303; x_wconf 78' lang='grc' dir='ltr'>Ἑκέκραξα</span> <span class='ocrx_word' id='word_1_95' title='bbox 661 1236 731 1289; x_wconf 85' lang='grc' dir='ltr'>ἐν</span> <span class='ocrx_word' id='word_1_96' title='bbox 750 1234 863 1303; x_wconf 73' lang='grc' dir='ltr'><strong>ὅλῃ</strong></span> <span class='ocrx_word' id='word_1_97' title='bbox 886 1235 1100 1304; x_wconf 82' lang='grc' dir='ltr'><strong>καρδίᾳ</strong></span> <span class='ocrx_word' id='word_1_98' title='bbox 1119 1252 1260 1303; x_wconf 82' lang='grc' dir='ltr'>μου,</span> <span class='ocrx_word' id='word_1_99' title='bbox 1287 1234 1638 1289; x_wconf 81' lang='grc' dir='ltr'>ἐπάκουσόν</span> <span class='ocrx_word' id='word_1_100' title='bbox 1659 1250 1803 1302; x_wconf 84' lang='grc' dir='ltr'>μου,</span> 
     </span>
    </p>
   </div>
   <div class='ocr_carea' id='block_1_15' title="bbox 224 1322 1808 1394">
    <p class='ocr_par' dir='ltr' id='par_1_15' title="bbox 224 1322 1808 1394">
     <span class='ocr_line' id='line_1_15' title="bbox 224 1322 1808 1394; baseline -0.001 -15"><span class='ocrx_word' id='word_1_101' title='bbox 224 1327 421 1393; x_wconf 81' lang='grc' dir='ltr'>Κύριε,</span> <span class='ocrx_word' id='word_1_102' title='bbox 460 1326 533 1378; x_wconf 86' lang='grc' dir='ltr'>τὰ</span> <span class='ocrx_word' id='word_1_103' title='bbox 573 1323 933 1394; x_wconf 81' lang='grc' dir='ltr'>δικαιώματά</span> <span class='ocrx_word' id='word_1_104' title='bbox 981 1339 1097 1379; x_wconf 87' lang='grc' dir='ltr'>σου</span> <span class='ocrx_word' id='word_1_105' title='bbox 1145 1322 1808 1393; x_wconf 61' lang='grc' dir='ltr'>ἑκζητήσω.Ἐκέκραξά</span> 
     </span>
    </p>
   </div>
   <div class='ocr_carea' id='block_1_16' title="bbox 224 1413 1802 1486">
    <p class='ocr_par' dir='ltr' id='par_1_16' title="bbox 224 1413 1802 1486">
     <span class='ocr_line' id='line_1_16' title="bbox 224 1413 1802 1486; baseline 0 -17"><span class='ocrx_word' id='word_1_106' title='bbox 224 1432 346 1479; x_wconf 89' lang='grc' dir='ltr'>σοι,</span> <span class='ocrx_word' id='word_1_107' title='bbox 391 1414 600 1469; x_wconf 85' lang='grc' dir='ltr'>σῶσόν</span> <span class='ocrx_word' id='word_1_108' title='bbox 635 1433 726 1483; x_wconf 83' lang='grc' dir='ltr'><strong>με,</strong></span> <span class='ocrx_word' id='word_1_109' title='bbox 770 1416 871 1470; x_wconf 79' lang='grc' dir='ltr'>καὶ</span> <span class='ocrx_word' id='word_1_110' title='bbox 921 1414 1171 1486; x_wconf 76' lang='grc' dir='ltr'><strong>φυλάξω</strong></span> <span class='ocrx_word' id='word_1_111' title='bbox 1223 1416 1295 1470; x_wconf 88' lang='grc' dir='ltr'>τὰ</span> <span class='ocrx_word' id='word_1_112' title='bbox 1332 1413 1626 1484; x_wconf 83' lang='grc' dir='ltr'>μαρτύριά</span> <span class='ocrx_word' id='word_1_113' title='bbox 1664 1431 1802 1469; x_wconf 91' lang='grc' dir='ltr'>σου.</span> 
     </span>
    </p>
   </div>
   <div class='ocr_carea' id='block_1_17' title="bbox 223 1505 1806 1575">
    <p class='ocr_par' dir='ltr' id='par_1_17' title="bbox 223 1505 1806 1575">
     <span class='ocr_line' id='line_1_17' title="bbox 223 1505 1806 1575; baseline -0.001 -15"><span class='ocrx_word' id='word_1_114' title='bbox 223 1508 583 1575; x_wconf 65' lang='grc' dir='ltr'>Προέερθασα</span> <span class='ocrx_word' id='word_1_115' title='bbox 604 1508 789 1575; x_wconf 80' lang='grc' dir='ltr'>ἀωρίᾳ</span> <span class='ocrx_word' id='word_1_116' title='bbox 824 1508 921 1560; x_wconf 79' lang='grc' dir='ltr'>καὶ</span> <span class='ocrx_word' id='word_1_117' title='bbox 948 1506 1262 1574; x_wconf 78' lang='grc' dir='ltr'><strong>ἐκέκραξα,</strong></span> <span class='ocrx_word' id='word_1_118' title='bbox 1290 1509 1378 1572; x_wconf 82' lang='grc' dir='ltr'><strong>εἰς</strong></span> <span class='ocrx_word' id='word_1_119' title='bbox 1412 1505 1553 1571; x_wconf 86' lang='grc' dir='ltr'>τοὺς</span> <span class='ocrx_word' id='word_1_120' title='bbox 1583 1506 1806 1574; x_wconf 72' lang='grc' dir='ltr'>λόγους</span> 
     </span>
    </p>
   </div>
   <div class='ocr_carea' id='block_1_18' title="bbox 221 1580 1807 1668">
    <p class='ocr_par' dir='ltr' id='par_1_18' title="bbox 221 1580 1807 1668">
     <span class='ocr_line' id='line_1_18' title="bbox 221 1580 1807 1668; baseline -0.001 -16"><span class='ocrx_word' id='word_1_121' title='bbox 221 1584 340 1653; x_wconf 82' lang='grc' dir='ltr'><strong>σου</strong></span> <span class='ocrx_word' id='word_1_122' title='bbox 363 1600 692 1665; x_wconf 73' lang='grc' dir='ltr'>ἐπήλπισα.</span> <span class='ocrx_word' id='word_1_123' title='bbox 713 1600 1105 1668; x_wconf 77' lang='grc' dir='ltr'>Προέφθασαν</span> <span class='ocrx_word' id='word_1_124' title='bbox 1125 1602 1179 1653; x_wconf 87' lang='grc' dir='ltr'><strong>οἰ</strong></span> <span class='ocrx_word' id='word_1_125' title='bbox 1202 1600 1497 1667; x_wconf 72' lang='grc' dir='ltr'><strong>ὀφθαλμοί</strong></span> <span class='ocrx_word' id='word_1_126' title='bbox 1658 1598 1807 1666; x_wconf 84' lang='grc' dir='ltr'>πρὸς</span> 
     </span>
    </p>
   </div>
   <div class='ocr_carea' id='block_1_19' title="bbox 223 1688 1805 1760">
    <p class='ocr_par' dir='ltr' id='par_1_19' title="bbox 223 1688 1805 1760">
     <span class='ocr_line' id='line_1_19' title="bbox 223 1688 1805 1760; baseline -0.001 -17"><span class='ocrx_word' id='word_1_127' title='bbox 223 1691 457 1758; x_wconf 80' lang='grc' dir='ltr'><strong>ὄρθρον,</strong></span> <span class='ocrx_word' id='word_1_128' title='bbox 483 1691 589 1749; x_wconf 88' lang='grc' dir='ltr'><strong>τοῦ</strong></span> <span class='ocrx_word' id='word_1_129' title='bbox 607 1688 869 1760; x_wconf 75' lang='grc' dir='ltr'>μελετᾶν</span> <span class='ocrx_word' id='word_1_130' title='bbox 892 1691 965 1743; x_wconf 87' lang='grc' dir='ltr'>τὰ</span> <span class='ocrx_word' id='word_1_131' title='bbox 989 1690 1165 1759; x_wconf 72' lang='grc' dir='ltr'>λόγια</span> <span class='ocrx_word' id='word_1_132' title='bbox 1177 1707 1315 1745; x_wconf 90' lang='grc' dir='ltr'>σου.</span> <span class='ocrx_word' id='word_1_133' title='bbox 1330 1690 1390 1743; x_wconf 89' lang='lat'><strong>&#39;0</strong></span> <span class='ocrx_word' id='word_1_134' title='bbox 1408 1692 1464 1742; x_wconf 82' lang='grc' dir='ltr'>ὲν</span> <span class='ocrx_word' id='word_1_135' title='bbox 1481 1688 1655 1760; x_wconf 81' lang='grc' dir='ltr'>ἀωρίᾳ</span> <span class='ocrx_word' id='word_1_136' title='bbox 1674 1704 1805 1759; x_wconf 90' lang='grc' dir='ltr'>προ-</span> 
     </span>
    </p>
   </div>
   <div class='ocr_carea' id='block_1_20' title="bbox 1917 515 3487 585">
    <p class='ocr_par' dir='ltr' id='par_1_20' title="bbox 1917 515 3487 585">
     <span class='ocr_line' id='line_1_20' title="bbox 1917 515 3487 585; baseline -0.003 -11"><span class='ocrx_word' id='word_1_137' title='bbox 1917 534 2013 574; x_wconf 90' lang='lat' dir='ltr'><strong>cos</strong></span> <span class='ocrx_word' id='word_1_138' title='bbox 2045 520 2185 582; x_wconf 91' lang='lat' dir='ltr'><strong>dies,</strong></span> <span class='ocrx_word' id='word_1_139' title='bbox 2211 517 2305 573; x_wconf 89' lang='lat' dir='ltr'><strong>sed</strong></span> <span class='ocrx_word' id='word_1_140' title='bbox 2329 518 2382 571; x_wconf 91' lang='lat' dir='ltr'><strong>in</strong></span> <span class='ocrx_word' id='word_1_141' title='bbox 2409 525 2695 577; x_wconf 65' lang='lat' dir='ltr'><strong>aeternum.</strong></span> <span class='ocrx_word' id='word_1_142' title='bbox 2722 515 2779 572; x_wconf 84' lang='lat' dir='ltr'><strong>In</strong></span> <span class='ocrx_word' id='word_1_143' title='bbox 2805 517 2891 571; x_wconf 92' lang='lat' dir='ltr'><strong>his</strong></span> <span class='ocrx_word' id='word_1_144' title='bbox 2925 517 3182 570; x_wconf 89' lang='lat' dir='ltr'><strong>omnibus</strong></span> <span class='ocrx_word' id='word_1_145' title='bbox 3216 516 3487 585; x_wconf 85' lang='lat' dir='ltr'><strong>Propheta</strong></span> 
     </span>
    </p>
   </div>
   <div class='ocr_carea' id='block_1_21' title="bbox 1917 606 3486 680">
    <p class='ocr_par' dir='ltr' id='par_1_21' title="bbox 1917 606 3486 680">
     <span class='ocr_line' id='line_1_21' title="bbox 1917 606 3486 680; baseline 0.001 -19"><span class='ocrx_word' id='word_1_146' title='bbox 1917 609 2259 680; x_wconf 85' lang='lat' dir='ltr'><strong>prudentiam</strong></span> <span class='ocrx_word' id='word_1_147' title='bbox 2294 622 2325 660; x_wconf 88' lang='lat' dir='ltr'><strong>a</strong></span> <span class='ocrx_word' id='word_1_148' title='bbox 2372 606 2481 661; x_wconf 88' lang='lat' dir='ltr'><strong>Deo</strong></span> <span class='ocrx_word' id='word_1_149' title='bbox 2515 608 2740 677; x_wconf 82' lang='lat' dir='ltr'><strong>expetit,</strong></span> <span class='ocrx_word' id='word_1_150' title='bbox 2791 608 2935 678; x_wconf 90' lang='lat' dir='ltr'><strong>quod</strong></span> <span class='ocrx_word' id='word_1_151' title='bbox 2976 615 3061 663; x_wconf 91' lang='lat' dir='ltr'><strong>est</strong></span> <span class='ocrx_word' id='word_1_152' title='bbox 3094 609 3337 662; x_wconf 90' lang='lat' dir='ltr'><strong>omnium</strong></span> <span class='ocrx_word' id='word_1_153' title='bbox 3392 607 3486 662; x_wconf 86' lang='lat' dir='ltr'><strong>Dei</strong></span> 
     </span>
    </p>
   </div>
   <div class='ocr_carea' id='block_1_22' title="bbox 1915 697 3486 765">
    <p class='ocr_par' dir='ltr' id='par_1_22' title="bbox 1915 697 3486 765">
     <span class='ocr_line' id='line_1_22' title="bbox 1915 697 3486 765; baseline -0.001 -12"><span class='ocrx_word' id='word_1_154' title='bbox 1915 700 2183 753; x_wconf 90' lang='lat' dir='ltr'><strong>donorum</strong></span> <span class='ocrx_word' id='word_1_155' title='bbox 2207 697 2443 751; x_wconf 81' lang='lat' dir='ltr'><strong>maxime</strong></span> <span class='ocrx_word' id='word_1_156' title='bbox 2494 699 2904 765; x_wconf 81' lang='lat' dir='ltr'><strong>necessarium;</strong></span> <span class='ocrx_word' id='word_1_157' title='bbox 2968 714 3031 752; x_wconf 89' lang='lat' dir='ltr'><strong>ac</strong></span> <span class='ocrx_word' id='word_1_158' title='bbox 3071 697 3486 753; x_wconf 84' lang='lat' dir='ltr'><strong>dicit:]ntelle-</strong></span> 
     </span>
    </p>
   </div>
   <div class='ocr_carea' id='block_1_23' title="bbox 1911 786 3482 858">
    <p class='ocr_par' dir='ltr' id='par_1_23' title="bbox 1911 786 3482 858">
     <span class='ocr_line' id='line_1_23' title="bbox 1911 786 3482 858; baseline 0.001 -18"><span class='ocrx_word' id='word_1_159' title='bbox 1911 796 2055 841; x_wconf 91' lang='lat' dir='ltr'><strong>ctum</strong></span> <span class='ocrx_word' id='word_1_160' title='bbox 2088 787 2164 840; x_wconf 92' lang='lat' dir='ltr'><strong>da</strong></span> <span class='ocrx_word' id='word_1_161' title='bbox 2194 786 2343 849; x_wconf 82' lang='lat' dir='ltr'><strong>mihi,</strong></span> <span class='ocrx_word' id='word_1_162' title='bbox 2370 793 2427 838; x_wconf 93' lang='lat' dir='ltr'><strong>ut</strong></span> <span class='ocrx_word' id='word_1_163' title='bbox 2454 788 2640 841; x_wconf 81' lang='lat' dir='ltr'><strong>vivam.</strong></span> <span class='ocrx_word' id='word_1_164' title='bbox 2670 786 2726 841; x_wconf 95' lang='lat' dir='ltr'><strong>In</strong></span> <span class='ocrx_word' id='word_1_165' title='bbox 2755 788 2902 841; x_wconf 86' lang='lat' dir='ltr'><strong>illam</strong></span> <span class='ocrx_word' id='word_1_166' title='bbox 2932 788 3131 858; x_wconf 88' lang='lat' dir='ltr'><strong>quippe</strong></span> <span class='ocrx_word' id='word_1_167' title='bbox 3147 790 3359 843; x_wconf 84' lang='lat' dir='ltr'><strong>beatam</strong></span> <span class='ocrx_word' id='word_1_168' title='bbox 3398 788 3482 842; x_wconf 74' lang='lat' dir='ltr'><strong>vi~</strong></span> 
     </span>
    </p>
   </div>
   <div class='ocr_carea' id='block_1_24' title="bbox 1910 877 3484 948">
    <p class='ocr_par' dir='ltr' id='par_1_24' title="bbox 1910 877 3484 948">
     <span class='ocr_line' id='line_1_24' title="bbox 1910 877 3484 948; baseline -0.001 -17"><span class='ocrx_word' id='word_1_169' title='bbox 1910 885 2022 933; x_wconf 91' lang='lat' dir='ltr'><strong>tam</strong></span> <span class='ocrx_word' id='word_1_170' title='bbox 2059 892 2251 933; x_wconf 91' lang='lat' dir='ltr'><strong>amens</strong></span> <span class='ocrx_word' id='word_1_171' title='bbox 2277 884 2332 932; x_wconf 91' lang='lat' dir='ltr'><strong>et</strong></span> <span class='ocrx_word' id='word_1_172' title='bbox 2366 877 2636 945; x_wconf 87' lang='lat' dir='ltr'><strong>insipiens</strong></span> <span class='ocrx_word' id='word_1_173' title='bbox 2665 892 2772 932; x_wconf 92' lang='lat' dir='ltr'><strong>non</strong></span> <span class='ocrx_word' id='word_1_174' title='bbox 2810 878 3150 948; x_wconf 79' lang='lat' dir='ltr'><strong>ingreditur;</strong></span> <span class='ocrx_word' id='word_1_175' title='bbox 3196 878 3292 934; x_wconf 88' lang='lat' dir='ltr'><strong>sed</strong></span> <span class='ocrx_word' id='word_1_176' title='bbox 3321 878 3484 931; x_wconf 88' lang='lat' dir='ltr'><strong>intel-</strong></span> 
     </span>
    </p>
   </div>
   <div class='ocr_carea' id='block_1_25' title="bbox 1911 966 3483 1038">
    <p class='ocr_par' dir='ltr' id='par_1_25' title="bbox 1911 966 3483 1038">
     <span class='ocr_line' id='line_1_25' title="bbox 1911 966 3483 1038; baseline -0.001 -16"><span class='ocrx_word' id='word_1_177' title='bbox 1911 969 2110 1024; x_wconf 88' lang='lat' dir='ltr'><strong>lectum</strong></span> <span class='ocrx_word' id='word_1_178' title='bbox 2142 982 2174 1021; x_wconf 90' lang='lat' dir='ltr'><strong>a</strong></span> <span class='ocrx_word' id='word_1_179' title='bbox 2224 966 2335 1022; x_wconf 91' lang='lat' dir='ltr'><strong>Deo</strong></span> <span class='ocrx_word' id='word_1_180' title='bbox 2369 974 2618 1037; x_wconf 87' lang='lat' dir='ltr'><strong>petamus</strong></span> <span class='ocrx_word' id='word_1_181' title='bbox 2668 977 2903 1037; x_wconf 86' lang='lat' dir='ltr'><strong>oportet,</strong></span> <span class='ocrx_word' id='word_1_182' title='bbox 2954 969 3047 1038; x_wconf 88' lang='lat' dir='ltr'><strong>qui</strong></span> <span class='ocrx_word' id='word_1_183' title='bbox 3100 968 3193 1023; x_wconf 89' lang='lat' dir='ltr'><strong>dat</strong></span> <span class='ocrx_word' id='word_1_184' title='bbox 3228 969 3483 1024; x_wconf 88' lang='lat' dir='ltr'><strong>omnibus</strong></span> 
     </span>
    </p>
   </div>
   <div class='ocr_carea' id='block_1_26' title="bbox 1912 1057 3482 1129">
    <p class='ocr_par' dir='ltr' id='par_1_26' title="bbox 1912 1057 3482 1129">
     <span class='ocr_line' id='line_1_26' title="bbox 1912 1057 3482 1129; baseline -0.001 -17"><span class='ocrx_word' id='word_1_185' title='bbox 1912 1065 2029 1113; x_wconf 92' lang='lat' dir='ltr'><strong>toto</strong></span> <span class='ocrx_word' id='word_1_186' title='bbox 2061 1058 2226 1113; x_wconf 83' lang='lat' dir='ltr'><strong>corde</strong></span> <span class='ocrx_word' id='word_1_187' title='bbox 2254 1058 2321 1111; x_wconf 90' lang='lat' dir='ltr'><strong>ab</strong></span> <span class='ocrx_word' id='word_1_188' title='bbox 2362 1071 2423 1111; x_wconf 89' lang='lat' dir='ltr'><strong>se</strong></span> <span class='ocrx_word' id='word_1_189' title='bbox 2460 1057 2770 1125; x_wconf 85' lang='lat' dir='ltr'><strong>petentibus</strong></span> <span class='ocrx_word' id='word_1_190' title='bbox 2801 1074 2813 1108; x_wconf 90' lang='lat'>:</span> <span class='ocrx_word' id='word_1_191' title='bbox 2847 1064 2906 1110; x_wconf 90' lang='lat' dir='ltr'><strong>ut</strong></span> <span class='ocrx_word' id='word_1_192' title='bbox 2936 1066 3161 1129; x_wconf 84' lang='lat' dir='ltr'><strong>accepto</strong></span> <span class='ocrx_word' id='word_1_193' title='bbox 3205 1058 3482 1113; x_wconf 89' lang='lat' dir='ltr'><strong>intellectu</strong></span> 
     </span>
    </p>
   </div>
   <div class='ocr_carea' id='block_1_27' title="bbox 1907 1146 3372 1213">
    <p class='ocr_par' dir='ltr' id='par_1_27' title="bbox 1907 1146 3372 1213">
     <span class='ocr_line' id='line_1_27' title="bbox 1907 1146 3372 1213; baseline 0 -10"><span class='ocrx_word' id='word_1_194' title='bbox 1907 1150 2091 1203; x_wconf 87' lang='lat' dir='ltr'><strong>dicere</strong></span> <span class='ocrx_word' id='word_1_195' title='bbox 2114 1148 2394 1202; x_wconf 84' lang='lat' dir='ltr'><strong>valeamus</strong></span> <span class='ocrx_word' id='word_1_196' title='bbox 2422 1165 2434 1200; x_wconf 93' lang='lat'>:</span> <span class='ocrx_word' id='word_1_197' title='bbox 2467 1146 2800 1201; x_wconf 82' lang='lat' dir='ltr'><strong>Intellectum</strong></span> <span class='ocrx_word' id='word_1_198' title='bbox 2824 1148 2894 1201; x_wconf 89' lang='lat' dir='ltr'><strong>da</strong></span> <span class='ocrx_word' id='word_1_199' title='bbox 2926 1148 3076 1213; x_wconf 79' lang='lat' dir='ltr'><strong>mihi,</strong></span> <span class='ocrx_word' id='word_1_200' title='bbox 3108 1156 3157 1202; x_wconf 88' lang='lat' dir='ltr'><strong>et</strong></span> <span class='ocrx_word' id='word_1_201' title='bbox 3183 1150 3372 1203; x_wconf 73' lang='lat' dir='ltr'><strong>vivam.</strong></span> 
     </span>
    </p>
   </div>
   <div class='ocr_carea' id='block_1_28' title="bbox 1982 1234 3484 1302">
    <p class='ocr_par' dir='ltr' id='par_1_28' title="bbox 1982 1234 3484 1302">
     <span class='ocr_line' id='line_1_28' title="bbox 1982 1234 3484 1302; baseline -0.002 -12"><span class='ocrx_word' id='word_1_202' title='bbox 1982 1236 2150 1291; x_wconf 75' lang='lat' dir='ltr'><strong>Vens.</strong></span> <span class='ocrx_word' id='word_1_203' title='bbox 2176 1235 2433 1291; x_wconf 68' lang='lat'><strong>145-148.</strong></span> <span class='ocrx_word' id='word_1_204' title='bbox 2471 1234 2714 1290; x_wconf 89' lang='lat' dir='ltr'><strong>Clamovi</strong></span> <span class='ocrx_word' id='word_1_205' title='bbox 2741 1236 2795 1288; x_wconf 89' lang='lat' dir='ltr'><strong>in</strong></span> <span class='ocrx_word' id='word_1_206' title='bbox 2814 1244 2926 1290; x_wconf 90' lang='lat' dir='ltr'><strong>toto</strong></span> <span class='ocrx_word' id='word_1_207' title='bbox 2943 1235 3100 1290; x_wconf 86' lang='lat' dir='ltr'><strong>corde</strong></span> <span class='ocrx_word' id='word_1_208' title='bbox 3124 1253 3257 1302; x_wconf 83' lang='lat' dir='ltr'><strong>meo,</strong></span> <span class='ocrx_word' id='word_1_209' title='bbox 3289 1236 3484 1290; x_wconf 79' lang='lat' dir='ltr'><strong>exaudi</strong></span> 
     </span>
    </p>
   </div>
   <div class='ocr_carea' id='block_1_29' title="bbox 1909 1326 3483 1397">
    <p class='ocr_par' dir='ltr' id='par_1_29' title="bbox 1909 1326 3483 1397">
     <span class='ocr_line' id='line_1_29' title="bbox 1909 1326 3483 1397; baseline -0.002 -15"><span class='ocrx_word' id='word_1_210' title='bbox 1909 1345 2010 1392; x_wconf 88' lang='lat' dir='ltr'><strong>me,</strong></span> <span class='ocrx_word' id='word_1_211' title='bbox 2047 1328 2286 1392; x_wconf 87' lang='lat' dir='ltr'><strong>Domine,</strong></span> <span class='ocrx_word' id='word_1_212' title='bbox 2310 1326 2728 1396; x_wconf 83' lang='lat' dir='ltr'><strong>justiﬁcationes</strong></span> <span class='ocrx_word' id='word_1_213' title='bbox 2770 1335 2888 1379; x_wconf 89' lang='lat' dir='ltr'><strong>tuas</strong></span> <span class='ocrx_word' id='word_1_214' title='bbox 2921 1328 3201 1397; x_wconf 80' lang='lat' dir='ltr'><strong>requiram.</strong></span> <span class='ocrx_word' id='word_1_215' title='bbox 3243 1327 3483 1382; x_wconf 87' lang='lat' dir='ltr'><strong>Clamavi</strong></span> 
     </span>
    </p>
   </div>
   <div class='ocr_carea' id='block_1_30' title="bbox 1910 1416 3480 1484">
    <p class='ocr_par' dir='ltr' id='par_1_30' title="bbox 1910 1416 3480 1484">
     <span class='ocr_line' id='line_1_30' title="bbox 1910 1416 3480 1484; baseline -0.002 -12"><span class='ocrx_word' id='word_1_216' title='bbox 1910 1417 1978 1472; x_wconf 87' lang='lat' dir='ltr'><strong>ad</strong></span> <span class='ocrx_word' id='word_1_217' title='bbox 2011 1426 2078 1481; x_wconf 83' lang='lat' dir='ltr'><strong>te,</strong></span> <span class='ocrx_word' id='word_1_218' title='bbox 2121 1417 2326 1471; x_wconf 87' lang='lat' dir='ltr'><strong>salvum</strong></span> <span class='ocrx_word' id='word_1_219' title='bbox 2362 1433 2443 1470; x_wconf 90' lang='lat' dir='ltr'><strong>me</strong></span> <span class='ocrx_word' id='word_1_220' title='bbox 2478 1416 2585 1484; x_wconf 78' lang='lat' dir='ltr'><strong>fac,</strong></span> <span class='ocrx_word' id='word_1_221' title='bbox 2615 1425 2664 1470; x_wconf 91' lang='lat' dir='ltr'><strong>et</strong></span> <span class='ocrx_word' id='word_1_222' title='bbox 2697 1416 2995 1471; x_wconf 76' lang='lat' dir='ltr'><strong>custodiam</strong></span> <span class='ocrx_word' id='word_1_223' title='bbox 3040 1417 3339 1471; x_wconf 79' lang='lat' dir='ltr'><strong>testimonia</strong></span> <span class='ocrx_word' id='word_1_224' title='bbox 3369 1425 3480 1469; x_wconf 88' lang='lat' dir='ltr'><strong>tua.</strong></span> 
     </span>
    </p>
   </div>
   <div class='ocr_carea' id='block_1_31' title="bbox 1910 1505 3480 1572">
    <p class='ocr_par' dir='ltr' id='par_1_31' title="bbox 1910 1505 3480 1572">
     <span class='ocr_line' id='line_1_31' title="bbox 1910 1505 3480 1572; baseline -0.001 -13"><span class='ocrx_word' id='word_1_225' title='bbox 1910 1505 2153 1561; x_wconf 73' lang='lat' dir='ltr'><strong>Prteveni</strong></span> <span class='ocrx_word' id='word_1_226' title='bbox 2184 1506 2236 1557; x_wconf 89' lang='lat' dir='ltr'><strong>in</strong></span> <span class='ocrx_word' id='word_1_227' title='bbox 2267 1506 2572 1572; x_wconf 87' lang='lat' dir='ltr'><strong>crepusculo</strong></span> <span class='ocrx_word' id='word_1_228' title='bbox 2603 1514 2652 1558; x_wconf 89' lang='lat' dir='ltr'><strong>et</strong></span> <span class='ocrx_word' id='word_1_229' title='bbox 2696 1506 2943 1569; x_wconf 77' lang='lat' dir='ltr'><strong>clamavi,</strong></span> <span class='ocrx_word' id='word_1_230' title='bbox 2996 1506 3051 1559; x_wconf 89' lang='lat' dir='ltr'><strong>in</strong></span> <span class='ocrx_word' id='word_1_231' title='bbox 3081 1506 3234 1559; x_wconf 81' lang='lat' dir='ltr'><strong>verba</strong></span> <span class='ocrx_word' id='word_1_232' title='bbox 3269 1516 3362 1567; x_wconf 86' lang='lat' dir='ltr'><strong>tua</strong></span> <span class='ocrx_word' id='word_1_233' title='bbox 3388 1522 3480 1560; x_wconf 88' lang='lat' dir='ltr'><strong>su-</strong></span> 
     </span>
    </p>
   </div>
   <div class='ocr_carea' id='block_1_32' title="bbox 1910 1595 3483 1664">
    <p class='ocr_par' dir='ltr' id='par_1_32' title="bbox 1910 1595 3483 1664">
     <span class='ocr_line' id='line_1_32' title="bbox 1910 1595 3483 1664; baseline -0.001 -13"><span class='ocrx_word' id='word_1_234' title='bbox 1910 1598 2229 1664; x_wconf 81' lang='lat' dir='ltr'><strong>persperavi.</strong></span> <span class='ocrx_word' id='word_1_235' title='bbox 2260 1595 2631 1650; x_wconf 62' lang='lat' dir='ltr'><strong>Praevenerunt</strong></span> <span class='ocrx_word' id='word_1_236' title='bbox 2662 1596 2805 1652; x_wconf 92' lang='lat' dir='ltr'><strong>oculi</strong></span> <span class='ocrx_word' id='word_1_237' title='bbox 2828 1597 2931 1649; x_wconf 84' lang='lat' dir='ltr'><strong>mei</strong></span> <span class='ocrx_word' id='word_1_238' title='bbox 2954 1596 3187 1650; x_wconf 81' lang='lat' dir='ltr'><strong>diluculo</strong></span> <span class='ocrx_word' id='word_1_239' title='bbox 3228 1597 3296 1649; x_wconf 92' lang='lat' dir='ltr'><strong>ad</strong></span> <span class='ocrx_word' id='word_1_240' title='bbox 3318 1597 3483 1651; x_wconf 89' lang='lat' dir='ltr'><strong>medi-</strong></span> 
     </span>
    </p>
   </div>
   <div class='ocr_carea' id='block_1_33' title="bbox 1919 1685 3484 1756">
    <p class='ocr_par' dir='ltr' id='par_1_33' title="bbox 1919 1685 3484 1756">
     <span class='ocr_line' id='line_1_33' title="bbox 1919 1685 3484 1756; baseline 0.001 -17"><span class='ocrx_word' id='word_1_241' title='bbox 1919 1690 2138 1740; x_wconf 89' lang='lat' dir='ltr'><strong>tandum</strong></span> <span class='ocrx_word' id='word_1_242' title='bbox 2166 1685 2376 1756; x_wconf 89' lang='lat' dir='ltr'><strong>eloquia</strong></span> <span class='ocrx_word' id='word_1_243' title='bbox 2401 1696 2512 1740; x_wconf 91' lang='lat' dir='ltr'><strong>tua.</strong></span> <span class='ocrx_word' id='word_1_244' title='bbox 2560 1685 2665 1751; x_wconf 92' lang='lat' dir='ltr'><strong>Qui</strong></span> <span class='ocrx_word' id='word_1_245' title='bbox 2697 1686 2751 1739; x_wconf 92' lang='lat' dir='ltr'><strong>in</strong></span> <span class='ocrx_word' id='word_1_246' title='bbox 2784 1686 3111 1756; x_wconf 90' lang='lat' dir='ltr'><strong>crepusculo</strong></span> <span class='ocrx_word' id='word_1_247' title='bbox 3138 1687 3397 1755; x_wconf 62' lang='lat' dir='ltr'><strong>praevenit</strong></span> <span class='ocrx_word' id='word_1_248' title='bbox 3430 1694 3484 1741; x_wconf 88' lang='lat' dir='ltr'><strong>et</strong></span> 
     </span>
    </p>
   </div>
   <div class='ocr_carea' id='block_1_34' title="bbox 221 1755 1799 1852">
    <p class='ocr_par' dir='ltr' id='par_1_34' title="bbox 221 1755 1799 1852">
     <span class='ocr_line' id='line_1_34' title="bbox 221 1755 1799 1852; baseline -0.001 -19"><span class='ocrx_word' id='word_1_249' title='bbox 221 1755 402 1834; x_wconf 56' lang='grc' dir='ltr'>λαϐὼν</span> <span class='ocrx_word' id='word_1_250' title='bbox 435 1783 530 1835; x_wconf 80' lang='grc' dir='ltr'>καὶ</span> <span class='ocrx_word' id='word_1_251' title='bbox 565 1755 655 1835; x_wconf 71' lang='grc' dir='ltr'><strong>τδν</strong></span> <span class='ocrx_word' id='word_1_252' title='bbox 683 1755 815 1834; x_wconf 85' lang='grc' dir='ltr'>Θεὸν</span> <span class='ocrx_word' id='word_1_253' title='bbox 842 1755 1270 1851; x_wconf 81' lang='grc' dir='ltr'>ἐπικαλούμενος</span> <span class='ocrx_word' id='word_1_254' title='bbox 1297 1755 1671 1852; x_wconf 75' lang='grc' dir='ltr'>ἐλευθεροῦται</span> <span class='ocrx_word' id='word_1_255' title='bbox 1696 1755 1799 1832; x_wconf 76' lang='grc' dir='ltr'><strong>τῶν</strong></span> 
     </span>
    </p>
   </div>
   <div class='ocr_carea' id='block_1_35' title="bbox 1911 1755 3485 1852">
    <p class='ocr_par' dir='ltr' id='par_1_35' title="bbox 1913 1755 3485 1840">
     <span class='ocr_line' id='line_1_35' title="bbox 1913 1755 3485 1840; baseline 0.001 -12"><span class='ocrx_word' id='word_1_256' title='bbox 1913 1776 2082 1831; x_wconf 88' lang='lat' dir='ltr'><strong>Deum</strong></span> <span class='ocrx_word' id='word_1_257' title='bbox 2132 1755 2371 1840; x_wconf 86' lang='lat' dir='ltr'><strong>invocat,</strong></span> <span class='ocrx_word' id='word_1_258' title='bbox 2426 1790 2457 1829; x_wconf 90' lang='lat' dir='ltr'><strong>a</strong></span> <span class='ocrx_word' id='word_1_259' title='bbox 2502 1776 2787 1831; x_wconf 83' lang='lat' dir='ltr'><strong>nocturnis</strong></span> <span class='ocrx_word' id='word_1_260' title='bbox 2841 1755 3058 1831; x_wconf 87' lang='lat' dir='ltr'><strong>insidiis</strong></span> <span class='ocrx_word' id='word_1_261' title='bbox 3093 1775 3379 1839; x_wconf 87' lang='lat' dir='ltr'><strong>liberatur,</strong></span> <span class='ocrx_word' id='word_1_262' title='bbox 3429 1782 3485 1830; x_wconf 88' lang='lat' dir='ltr'><strong>et</strong></span> 
     </span>
    </p>
   </div>
   <div class='ocr_carea' id='block_1_36' title="bbox 222 1871 1806 1949">
    <p class='ocr_par' dir='ltr' id='par_1_36' title="bbox 222 1871 1806 1949">
     <span class='ocr_line' id='line_1_36' title="bbox 222 1871 1806 1949; baseline -0.001 -24"><span class='ocrx_word' id='word_1_263' title='bbox 222 1874 549 1949; x_wconf 68' lang='grc' dir='ltr'>νυκτερινῶν</span> <span class='ocrx_word' id='word_1_264' title='bbox 578 1873 901 1937; x_wconf 77' lang='grc' dir='ltr'>ὲπιῦουλῶν,</span> <span class='ocrx_word' id='word_1_265' title='bbox 934 1875 1027 1926; x_wconf 75' lang='grc' dir='ltr'><strong>καὶ</strong></span> <span class='ocrx_word' id='word_1_266' title='bbox 1054 1875 1112 1926; x_wconf 80' lang='grc' dir='ltr'>ὲν</span> <span class='ocrx_word' id='word_1_267' title='bbox 1132 1873 1211 1943; x_wconf 82' lang='grc' dir='ltr'>τῷ</span> <span class='ocrx_word' id='word_1_268' title='bbox 1239 1873 1423 1944; x_wconf 75' lang='grc' dir='ltr'>ὄρθρῳ</span> <span class='ocrx_word' id='word_1_269' title='bbox 1444 1871 1630 1936; x_wconf 84' lang='grc' dir='ltr'>αὐτοῦ,</span> <span class='ocrx_word' id='word_1_270' title='bbox 1653 1888 1806 1925; x_wconf 87' lang='grc' dir='ltr'>τουτ-</span> 
     </span>
    </p>
   </div>
   <div class='ocr_carea' id='block_1_37' title="bbox 222 1958 1806 2034">
    <p class='ocr_par' dir='ltr' id='par_1_37' title="bbox 222 1958 1806 2034">
     <span class='ocr_line' id='line_1_37' title="bbox 222 1958 1806 2034; baseline -0.002 -20"><span class='ocrx_word' id='word_1_271' title='bbox 222 1962 370 2015; x_wconf 80' lang='grc' dir='ltr'>έστιν</span> <span class='ocrx_word' id='word_1_272' title='bbox 395 1963 453 2014; x_wconf 84' lang='grc' dir='ltr'>ὲν</span> <span class='ocrx_word' id='word_1_273' title='bbox 485 1965 551 2031; x_wconf 82' lang='grc' dir='ltr'>τῇ</span> <span class='ocrx_word' id='word_1_274' title='bbox 589 1962 819 2034; x_wconf 80' lang='grc' dir='ltr'>ἀνατολῇ</span> <span class='ocrx_word' id='word_1_275' title='bbox 861 1960 955 2014; x_wconf 82' lang='grc' dir='ltr'><strong>τοῦ</strong></span> <span class='ocrx_word' id='word_1_276' title='bbox 994 1960 1168 2029; x_wconf 73' lang='grc' dir='ltr'>φωτὸς</span> <span class='ocrx_word' id='word_1_277' title='bbox 1209 1960 1605 2031; x_wconf 81' lang='grc' dir='ltr'>προφθάνοντος</span> <span class='ocrx_word' id='word_1_278' title='bbox 1644 1958 1806 2028; x_wconf 85' lang='grc' dir='ltr'>δηλα-</span> 
     </span>
    </p>
   </div>
   <div class='ocr_carea' id='block_1_38' title="bbox 219 2046 1805 2122">
    <p class='ocr_par' dir='ltr' id='par_1_38' title="bbox 219 2046 1805 2122">
     <span class='ocr_line' id='line_1_38' title="bbox 219 2046 1805 2122; baseline -0.004 -17"><span class='ocrx_word' id='word_1_279' title='bbox 219 2051 306 2122; x_wconf 78' lang='grc' dir='ltr'>δὴ,</span> <span class='ocrx_word' id='word_1_280' title='bbox 334 2053 461 2114; x_wconf 80' lang='grc' dir='ltr'>τοὺς</span> <span class='ocrx_word' id='word_1_281' title='bbox 510 2052 822 2122; x_wconf 80' lang='grc' dir='ltr'>ὀφθαλμοὺς</span> <span class='ocrx_word' id='word_1_282' title='bbox 870 2048 1333 2121; x_wconf 87' lang='grc' dir='ltr'>προαπαντῶντας</span> <span class='ocrx_word' id='word_1_283' title='bbox 1373 2049 1658 2118; x_wconf 76' lang='grc' dir='ltr'>κέκτηται,</span> <span class='ocrx_word' id='word_1_284' title='bbox 1710 2046 1805 2098; x_wconf 73' lang='grc' dir='ltr'>καὶ</span> 
     </span>
    </p>
   </div>
   <div class='ocr_carea' id='block_1_39' title="bbox 141 2135 1806 2215">
    <p class='ocr_par' dir='ltr' id='par_1_39' title="bbox 141 2135 1806 2215">
     <span class='ocr_line' id='line_1_39' title="bbox 141 2135 1806 2215; baseline -0.005 -19"><span class='ocrx_word' id='word_1_285' title='bbox 141 2148 147 2157; x_wconf 83' lang='grc'><em>”</em></span> <span class='ocrx_word' id='word_1_286' title='bbox 223 2144 425 2215; x_wconf 79' lang='grc' dir='ltr'>μελετᾷ</span> <span class='ocrx_word' id='word_1_287' title='bbox 452 2142 547 2197; x_wconf 88' lang='grc' dir='ltr'><strong>τοῦ</strong></span> <span class='ocrx_word' id='word_1_288' title='bbox 578 2143 713 2196; x_wconf 87' lang='grc' dir='ltr'>Θεοῦ</span> <span class='ocrx_word' id='word_1_289' title='bbox 744 2143 841 2195; x_wconf 79' lang='grc' dir='ltr'><strong>σὺν</strong></span> <span class='ocrx_word' id='word_1_290' title='bbox 871 2143 1153 2213; x_wconf 70' lang='grc' dir='ltr'>παρρησίᾳ</span> <span class='ocrx_word' id='word_1_291' title='bbox 1176 2139 1246 2193; x_wconf 86' lang='grc' dir='ltr'><strong>τά</strong></span> <span class='ocrx_word' id='word_1_292' title='bbox 1264 2141 1437 2209; x_wconf 85' lang='grc' dir='ltr'>λόγια.</span> <span class='ocrx_word' id='word_1_293' title='bbox 1456 2138 1669 2208; x_wconf 80' lang='grc' dir='ltr'>Ἐκείνη</span> <span class='ocrx_word' id='word_1_294' title='bbox 1698 2135 1806 2208; x_wconf 82' lang='grc' dir='ltr'><strong>γὰρ</strong></span> 
     </span>
    </p>
   </div>
   <div class='ocr_carea' id='block_1_40' title="bbox 1909 1864 3483 1934">
    <p class='ocr_par' dir='ltr' id='par_1_40' title="bbox 1909 1864 3483 1934">
     <span class='ocr_line' id='line_1_40' title="bbox 1909 1864 3483 1934; baseline -0.001 -13"><span class='ocrx_word' id='word_1_295' title='bbox 1909 1867 2170 1931; x_wconf 90' lang='lat' dir='ltr'><strong>diluculo,</strong></span> <span class='ocrx_word' id='word_1_296' title='bbox 2215 1866 2268 1920; x_wconf 87' lang='lat' dir='ltr'><strong>id</strong></span> <span class='ocrx_word' id='word_1_297' title='bbox 2294 1874 2379 1921; x_wconf 90' lang='lat' dir='ltr'><strong>est</strong></span> <span class='ocrx_word' id='word_1_298' title='bbox 2409 1872 2533 1919; x_wconf 91' lang='lat' dir='ltr'><strong>ortu</strong></span> <span class='ocrx_word' id='word_1_299' title='bbox 2562 1865 2723 1929; x_wconf 91' lang='lat' dir='ltr'><strong>lucis,</strong></span> <span class='ocrx_word' id='word_1_300' title='bbox 2783 1865 2898 1934; x_wconf 88' lang='lat' dir='ltr'><strong>jam</strong></span> <span class='ocrx_word' id='word_1_301' title='bbox 2934 1864 3249 1929; x_wconf 87' lang='lat' dir='ltr'><strong>accedente,</strong></span> <span class='ocrx_word' id='word_1_302' title='bbox 3291 1864 3483 1919; x_wconf 90' lang='lat' dir='ltr'><strong>oculos</strong></span> 
     </span>
    </p>
   </div>
   <div class='ocr_carea' id='block_1_41' title="bbox 1910 1951 3483 2023">
    <p class='ocr_par' dir='ltr' id='par_1_41' title="bbox 1910 1951 3483 2023">
     <span class='ocr_line' id='line_1_41' title="bbox 1910 1951 3483 2023; baseline -0.003 -14"><span class='ocrx_word' id='word_1_303' title='bbox 1910 1955 1961 2009; x_wconf 91' lang='lat' dir='ltr'><strong>ei</strong></span> <span class='ocrx_word' id='word_1_304' title='bbox 1990 1961 2347 2009; x_wconf 85' lang='lat' dir='ltr'><strong>occurrentes</strong></span> <span class='ocrx_word' id='word_1_305' title='bbox 2386 1953 2570 2021; x_wconf 83' lang='lat' dir='ltr'><strong>habet,</strong></span> <span class='ocrx_word' id='word_1_306' title='bbox 2617 1968 2683 2007; x_wconf 88' lang='lat' dir='ltr'><strong>ac</strong></span> <span class='ocrx_word' id='word_1_307' title='bbox 2718 1969 2843 2007; x_wconf 90' lang='lat' dir='ltr'><strong>cum</strong></span> <span class='ocrx_word' id='word_1_308' title='bbox 2894 1952 3091 2008; x_wconf 82' lang='lat' dir='ltr'><strong>ﬁducia</strong></span> <span class='ocrx_word' id='word_1_309' title='bbox 3137 1951 3232 2008; x_wconf 86' lang='lat' dir='ltr'><strong>Dei</strong></span> <span class='ocrx_word' id='word_1_310' title='bbox 3268 1951 3483 2023; x_wconf 89' lang='lat' dir='ltr'><strong>eloquia</strong></span> 
     </span>
    </p>
   </div>
   <div class='ocr_carea' id='block_1_42' title="bbox 1912 2040 3485 2112">
    <p class='ocr_par' dir='ltr' id='par_1_42' title="bbox 1912 2040 3485 2112">
     <span class='ocr_line' id='line_1_42' title="bbox 1912 2040 3485 2112; baseline -0.003 -14"><span class='ocrx_word' id='word_1_311' title='bbox 1912 2044 2227 2098; x_wconf 83' lang='lat' dir='ltr'><strong>meditatur.</strong></span> <span class='ocrx_word' id='word_1_312' title='bbox 2264 2041 2360 2097; x_wconf 86' lang='lat' dir='ltr'><strong>Illa</strong></span> <span class='ocrx_word' id='word_1_313' title='bbox 2393 2058 2631 2112; x_wconf 86' lang='lat' dir='ltr'><strong>namque</strong></span> <span class='ocrx_word' id='word_1_314' title='bbox 2667 2042 2850 2096; x_wconf 87' lang='lat' dir='ltr'><strong>anima</strong></span> <span class='ocrx_word' id='word_1_315' title='bbox 2883 2041 3228 2112; x_wconf 88' lang='lat' dir='ltr'><strong>potissimum</strong></span> <span class='ocrx_word' id='word_1_316' title='bbox 3270 2042 3325 2095; x_wconf 88' lang='lat' dir='ltr'><strong>in</strong></span> <span class='ocrx_word' id='word_1_317' title='bbox 3366 2040 3485 2111; x_wconf 87' lang='lat' dir='ltr'><strong>lege</strong></span> 
     </span>
    </p>
   </div>
   <div class='ocr_carea' id='block_1_43' title="bbox 1915 2132 3373 2206">
    <p class='ocr_par' dir='ltr' id='par_1_43' title="bbox 1915 2132 3373 2206">
     <span class='ocr_line' id='line_1_43' title="bbox 1915 2132 3373 2206; baseline -0.003 -17"><span class='ocrx_word' id='word_1_318' title='bbox 1915 2133 2134 2206; x_wconf 88' lang='lat' dir='ltr'><strong>gaudet,</strong></span> <span class='ocrx_word' id='word_1_319' title='bbox 2168 2149 2291 2205; x_wconf 70' lang='lat' dir='ltr'><strong>qua:</strong></span> <span class='ocrx_word' id='word_1_320' title='bbox 2323 2134 2429 2190; x_wconf 86' lang='lat' dir='ltr'><strong>sibi</strong></span> <span class='ocrx_word' id='word_1_321' title='bbox 2462 2133 2833 2190; x_wconf 82' lang='lat' dir='ltr'><strong>exsecutionis</strong></span> <span class='ocrx_word' id='word_1_322' title='bbox 2863 2132 2985 2204; x_wconf 88' lang='lat' dir='ltr'><strong>ejus</strong></span> <span class='ocrx_word' id='word_1_323' title='bbox 3015 2134 3239 2189; x_wconf 89' lang='lat' dir='ltr'><strong>conscia</strong></span> <span class='ocrx_word' id='word_1_324' title='bbox 3267 2139 3373 2188; x_wconf 89' lang='lat' dir='ltr'><strong>est.</strong></span> 
     </span>
    </p>
   </div>
   <div class='ocr_carea' id='block_1_44' title="bbox 222 2223 2526 2306">
    <p class='ocr_par' dir='ltr' id='par_1_44' title="bbox 222 2223 2526 2306">
     <span class='ocr_line' id='line_1_44' title="bbox 222 2223 2526 2306; baseline -0.005 -18"><span class='ocrx_word' id='word_1_325' title='bbox 222 2235 458 2303; x_wconf 80' lang='grc' dir='ltr'>μάλιστα</span> <span class='ocrx_word' id='word_1_326' title='bbox 500 2234 579 2305; x_wconf 82' lang='grc' dir='ltr'>τῷ</span> <span class='ocrx_word' id='word_1_327' title='bbox 610 2237 759 2306; x_wconf 88' lang='grc' dir='ltr'>νόμῳ</span> <span class='ocrx_word' id='word_1_328' title='bbox 799 2234 977 2304; x_wconf 81' lang='grc' dir='ltr'>χαίρει</span> <span class='ocrx_word' id='word_1_329' title='bbox 1013 2231 1182 2302; x_wconf 77' lang='grc' dir='ltr'>ψυχὴ,</span> <span class='ocrx_word' id='word_1_330' title='bbox 1211 2232 1332 2301; x_wconf 77' lang='grc' dir='ltr'>ἥτις</span> <span class='ocrx_word' id='word_1_331' title='bbox 1381 2230 1519 2300; x_wconf 81' lang='grc' dir='ltr'>αὑτὴ</span> <span class='ocrx_word' id='word_1_332' title='bbox 1568 2229 1804 2283; x_wconf 85' lang='grc' dir='ltr'>σύνοιδεν</span> <span class='ocrx_word' id='word_1_333' title='bbox 1834 2227 2002 2295; x_wconf 77' lang='grc' dir='ltr'>ἑαυτῇ</span> <span class='ocrx_word' id='word_1_334' title='bbox 2034 2224 2130 2295; x_wconf 82' lang='grc' dir='ltr'>τὴν</span> <span class='ocrx_word' id='word_1_335' title='bbox 2167 2223 2526 2294; x_wconf 88' lang='grc' dir='ltr'>κατόρθωσιν.</span> 
     </span>
    </p>
   </div>
   <div class='ocr_carea' id='block_1_45' title="bbox 296 2340 1804 2413">
    <p class='ocr_par' dir='ltr' id='par_1_45' title="bbox 296 2340 1804 2413">
     <span class='ocr_line' id='line_1_45' title="bbox 296 2340 1804 2413; baseline -0.003 -16"><span class='ocrx_word' id='word_1_336' title='bbox 296 2343 409 2411; x_wconf 83' lang='grc' dir='ltr'><strong>Τῆς</strong></span> <span class='ocrx_word' id='word_1_337' title='bbox 446 2343 652 2413; x_wconf 73' lang='grc' dir='ltr'>φωνῆς</span> <span class='ocrx_word' id='word_1_338' title='bbox 666 2361 785 2412; x_wconf 83' lang='grc' dir='ltr'><strong>μου</strong></span> <span class='ocrx_word' id='word_1_339' title='bbox 809 2343 1097 2405; x_wconf 77' lang='grc' dir='ltr'>ἄκουσον,</span> <span class='ocrx_word' id='word_1_340' title='bbox 1122 2343 1316 2409; x_wconf 84' lang='grc' dir='ltr'>Κύριε,</span> <span class='ocrx_word' id='word_1_341' title='bbox 1351 2342 1501 2395; x_wconf 82' lang='grc' dir='ltr'>κατὰ</span> <span class='ocrx_word' id='word_1_342' title='bbox 1529 2341 1598 2395; x_wconf 84' lang='grc' dir='ltr'>τὸ</span> <span class='ocrx_word' id='word_1_343' title='bbox 1630 2340 1804 2405; x_wconf 70' lang='grc' dir='ltr'>ἔλεός</span> 
     </span>
    </p>
   </div>
   <div class='ocr_carea' id='block_1_46' title="bbox 217 2432 1803 2504">
    <p class='ocr_par' dir='ltr' id='par_1_46' title="bbox 217 2432 1803 2504">
     <span class='ocr_line' id='line_1_46' title="bbox 217 2432 1803 2504; baseline -0.002 -16"><span class='ocrx_word' id='word_1_344' title='bbox 217 2451 357 2502; x_wconf 89' lang='grc' dir='ltr'>σου,</span> <span class='ocrx_word' id='word_1_345' title='bbox 383 2435 532 2489; x_wconf 82' lang='grc' dir='ltr'>κατὰ</span> <span class='ocrx_word' id='word_1_346' title='bbox 563 2436 628 2488; x_wconf 84' lang='grc' dir='ltr'>τὸ</span> <span class='ocrx_word' id='word_1_347' title='bbox 649 2435 825 2504; x_wconf 73' lang='grc' dir='ltr'>κρῖμα</span> <span class='ocrx_word' id='word_1_348' title='bbox 844 2450 960 2489; x_wconf 89' lang='grc' dir='ltr'><strong>σου</strong></span> <span class='ocrx_word' id='word_1_349' title='bbox 983 2432 1166 2501; x_wconf 78' lang='grc' dir='ltr'><strong>ζῆσόν</strong></span> <span class='ocrx_word' id='word_1_350' title='bbox 1178 2451 1275 2503; x_wconf 82' lang='grc' dir='ltr'>με.</span> <span class='ocrx_word' id='word_1_351' title='bbox 1302 2433 1727 2503; x_wconf 78' lang='grc' dir='ltr'>Προσήγγισαν</span> <span class='ocrx_word' id='word_1_352' title='bbox 1748 2435 1803 2485; x_wconf 87' lang='grc' dir='ltr'><strong>οἰ</strong></span> 
     </span>
    </p>
   </div>
   <div class='ocr_carea' id='block_1_47' title="bbox 219 2524 1803 2595">
    <p class='ocr_par' dir='ltr' id='par_1_47' title="bbox 219 2524 1803 2595">
     <span class='ocr_line' id='line_1_47' title="bbox 219 2524 1803 2595; baseline -0.001 -17"><span class='ocrx_word' id='word_1_353' title='bbox 219 2526 685 2592; x_wconf 86' lang='grc' dir='ltr'>καταδιώκοντές</span> <span class='ocrx_word' id='word_1_354' title='bbox 708 2544 785 2595; x_wconf 84' lang='grc' dir='ltr'>με</span> <span class='ocrx_word' id='word_1_355' title='bbox 823 2527 1067 2595; x_wconf 78' lang='grc' dir='ltr'><strong>ἀνομίᾳ·</strong></span> <span class='ocrx_word' id='word_1_356' title='bbox 1101 2525 1221 2581; x_wconf 80' lang='grc' dir='ltr'><strong>ἀπὸ</strong></span> <span class='ocrx_word' id='word_1_357' title='bbox 1245 2524 1313 2579; x_wconf 81' lang='grc' dir='ltr'>δὲ</span> <span class='ocrx_word' id='word_1_358' title='bbox 1346 2525 1451 2579; x_wconf 89' lang='grc' dir='ltr'><strong>τοῦ</strong></span> <span class='ocrx_word' id='word_1_359' title='bbox 1473 2525 1660 2593; x_wconf 81' lang='grc' dir='ltr'>νόμου</span> <span class='ocrx_word' id='word_1_360' title='bbox 1686 2538 1803 2577; x_wconf 83' lang='grc' dir='ltr'>σου</span> 
     </span>
    </p>
   </div>
   <div class='ocr_carea' id='block_1_48' title="bbox 217 2612 1801 2687">
    <p class='ocr_par' dir='ltr' id='par_1_48' title="bbox 217 2612 1801 2687">
     <span class='ocr_line' id='line_1_48' title="bbox 217 2612 1801 2687; baseline -0.002 -18"><span class='ocrx_word' id='word_1_361' title='bbox 217 2617 702 2684; x_wconf 80' lang='grc' dir='ltr'>ἐμακρύνθησαν.</span> <span class='ocrx_word' id='word_1_362' title='bbox 720 2618 929 2687; x_wconf 75' lang='grc' dir='ltr'><strong>Ἑγγὺς</strong></span> <span class='ocrx_word' id='word_1_363' title='bbox 950 2614 1007 2671; x_wconf 82' lang='grc' dir='ltr'>εἷ</span> <span class='ocrx_word' id='word_1_364' title='bbox 1031 2616 1133 2681; x_wconf 87' lang='grc' dir='ltr'>σὺ,</span> <span class='ocrx_word' id='word_1_365' title='bbox 1172 2617 1369 2684; x_wconf 81' lang='grc' dir='ltr'>Κύριε,</span> <span class='ocrx_word' id='word_1_366' title='bbox 1397 2615 1494 2668; x_wconf 83' lang='grc' dir='ltr'><strong>καί</strong></span> <span class='ocrx_word' id='word_1_367' title='bbox 1524 2612 1712 2668; x_wconf 82' lang='grc' dir='ltr'>πᾶσαι</span> <span class='ocrx_word' id='word_1_368' title='bbox 1742 2616 1801 2666; x_wconf 84' lang='lat' dir='ltr'><strong>al</strong></span> 
     </span>
    </p>
   </div>
   <div class='ocr_carea' id='block_1_49' title="bbox 217 2706 1792 2777">
    <p class='ocr_par' dir='ltr' id='par_1_49' title="bbox 217 2706 1792 2777">
     <span class='ocr_line' id='line_1_49' title="bbox 217 2706 1792 2777; baseline -0.004 -15"><span class='ocrx_word' id='word_1_369' title='bbox 217 2707 350 2762; x_wconf 80' lang='grc' dir='ltr'>ὁδοί</span> <span class='ocrx_word' id='word_1_370' title='bbox 381 2723 496 2763; x_wconf 86' lang='grc' dir='ltr'><strong>σσυ</strong></span> <span class='ocrx_word' id='word_1_371' title='bbox 528 2708 797 2774; x_wconf 80' lang='grc' dir='ltr'>ἀλήθεια.</span> <span class='ocrx_word' id='word_1_372' title='bbox 838 2708 1149 2777; x_wconf 84' lang='grc' dir='ltr'>Καταρχὰς</span> <span class='ocrx_word' id='word_1_373' title='bbox 1177 2708 1368 2775; x_wconf 71' lang='grc' dir='ltr'>ἔγνων</span> <span class='ocrx_word' id='word_1_374' title='bbox 1398 2707 1465 2760; x_wconf 85' lang='grc' dir='ltr'>ἐκ</span> <span class='ocrx_word' id='word_1_375' title='bbox 1497 2706 1616 2758; x_wconf 85' lang='grc' dir='ltr'><strong>τῶν</strong></span> <span class='ocrx_word' id='word_1_376' title='bbox 1648 2722 1792 2773; x_wconf 75' lang='grc' dir='ltr'><strong>μαρο</strong></span> 
     </span>
    </p>
   </div>
   <div class='ocr_carea' id='block_1_50' title="bbox 218 2796 1793 2868">
    <p class='ocr_par' dir='ltr' id='par_1_50' title="bbox 218 2796 1793 2868">
     <span class='ocr_line' id='line_1_50' title="bbox 218 2796 1793 2868; baseline -0.003 -15"><span class='ocrx_word' id='word_1_377' title='bbox 218 2800 436 2868; x_wconf 76' lang='grc' dir='ltr'>τυρίων</span> <span class='ocrx_word' id='word_1_378' title='bbox 465 2815 601 2866; x_wconf 90' lang='grc' dir='ltr'>σου,</span> <span class='ocrx_word' id='word_1_379' title='bbox 620 2800 709 2853; x_wconf 87' lang='grc' dir='ltr'>ὅτι</span> <span class='ocrx_word' id='word_1_380' title='bbox 735 2801 820 2866; x_wconf 84' lang='grc' dir='ltr'><strong>εις</strong></span> <span class='ocrx_word' id='word_1_381' title='bbox 851 2800 959 2854; x_wconf 83' lang='grc' dir='ltr'>τὸν</span> <span class='ocrx_word' id='word_1_382' title='bbox 984 2798 1171 2852; x_wconf 88' lang='grc' dir='ltr'>αἰῶνα</span> <span class='ocrx_word' id='word_1_383' title='bbox 1203 2798 1599 2867; x_wconf 78' lang='grc' dir='ltr'>ἐθεμελίωσας</span> <span class='ocrx_word' id='word_1_384' title='bbox 1623 2796 1793 2851; x_wconf 85' lang='grc' dir='ltr'>αὑτά.</span> 
     </span>
    </p>
   </div>
   <div class='ocr_carea' id='block_1_51' title="bbox 291 2986 1798 3062">
    <p class='ocr_par' dir='ltr' id='par_1_51' title="bbox 291 2986 1798 3062">
     <span class='ocr_line' id='line_1_51' title="bbox 291 2986 1798 3062; baseline -0.005 -15"><span class='ocrx_word' id='word_1_385' title='bbox 291 2994 405 3048; x_wconf 81' lang='grc' dir='ltr'>ἰδε</span> <span class='ocrx_word' id='word_1_386' title='bbox 446 2992 561 3061; x_wconf 79' lang='grc' dir='ltr'><strong>τὴν</strong></span> <span class='ocrx_word' id='word_1_387' title='bbox 595 2993 960 3047; x_wconf 81' lang='grc' dir='ltr'>ταπείνωσιν</span> <span class='ocrx_word' id='word_1_388' title='bbox 993 3009 1133 3062; x_wconf 78' lang='grc' dir='ltr'>μου,</span> <span class='ocrx_word' id='word_1_389' title='bbox 1178 2991 1275 3045; x_wconf 83' lang='grc' dir='ltr'><strong>καί</strong></span> <span class='ocrx_word' id='word_1_390' title='bbox 1300 2988 1515 3054; x_wconf 77' lang='grc' dir='ltr'>ἐξέλου</span> <span class='ocrx_word' id='word_1_391' title='bbox 1558 3004 1655 3059; x_wconf 78' lang='grc' dir='ltr'>με,</span> <span class='ocrx_word' id='word_1_392' title='bbox 1711 2986 1798 3040; x_wconf 81' lang='grc' dir='ltr'>ὅτι</span> 
     </span>
    </p>
   </div>
   <div class='ocr_carea' id='block_1_52' title="bbox 219 3077 1800 3156">
    <p class='ocr_par' dir='ltr' id='par_1_52' title="bbox 219 3077 1800 3156">
     <span class='ocr_line' id='line_1_52' title="bbox 219 3077 1800 3156; baseline -0.004 -19"><span class='ocrx_word' id='word_1_393' title='bbox 219 3084 325 3138; x_wconf 87' lang='grc' dir='ltr'><strong>τοῦ</strong></span> <span class='ocrx_word' id='word_1_394' title='bbox 352 3087 541 3156; x_wconf 84' lang='grc' dir='ltr'>νόμου</span> <span class='ocrx_word' id='word_1_395' title='bbox 582 3100 698 3140; x_wconf 90' lang='grc' dir='ltr'>σου</span> <span class='ocrx_word' id='word_1_396' title='bbox 724 3087 836 3139; x_wconf 83' lang='grc' dir='ltr'>οὑκ</span> <span class='ocrx_word' id='word_1_397' title='bbox 868 3083 1269 3151; x_wconf 79' lang='grc' dir='ltr'>ἐπελαθόμην.</span> <span class='ocrx_word' id='word_1_398' title='bbox 1295 3080 1514 3148; x_wconf 86' lang='grc' dir='ltr'>Κρῖνον</span> <span class='ocrx_word' id='word_1_399' title='bbox 1543 3078 1655 3147; x_wconf 81' lang='grc' dir='ltr'><strong>τὴν</strong></span> <span class='ocrx_word' id='word_1_400' title='bbox 1684 3077 1800 3146; x_wconf 83' lang='grc' dir='ltr'>κρί-</span> 
     </span>
    </p>
   </div>
   <div class='ocr_carea' id='block_1_53' title="bbox 216 3167 1802 3247">
    <p class='ocr_par' dir='ltr' id='par_1_53' title="bbox 216 3167 1802 3247">
     <span class='ocr_line' id='line_1_53' title="bbox 216 3167 1802 3247; baseline -0.004 -16"><span class='ocrx_word' id='word_1_401' title='bbox 216 3192 322 3231; x_wconf 84' lang='grc' dir='ltr'><strong>σιν</strong></span> <span class='ocrx_word' id='word_1_402' title='bbox 344 3195 463 3247; x_wconf 85' lang='grc' dir='ltr'><strong>μου</strong></span> <span class='ocrx_word' id='word_1_403' title='bbox 503 3178 600 3231; x_wconf 82' lang='grc' dir='ltr'><strong>καί</strong></span> <span class='ocrx_word' id='word_1_404' title='bbox 636 3177 941 3246; x_wconf 78' lang='grc' dir='ltr'>λύτρωσαί</span> <span class='ocrx_word' id='word_1_405' title='bbox 977 3192 1067 3240; x_wconf 83' lang='grc' dir='ltr'><strong>με,</strong></span> <span class='ocrx_word' id='word_1_406' title='bbox 1101 3174 1199 3228; x_wconf 84' lang='grc' dir='ltr'>διὰ</span> <span class='ocrx_word' id='word_1_407' title='bbox 1220 3173 1327 3227; x_wconf 84' lang='grc' dir='ltr'>τὸν</span> <span class='ocrx_word' id='word_1_408' title='bbox 1354 3173 1537 3242; x_wconf 75' lang='grc' dir='ltr'>λόγον</span> <span class='ocrx_word' id='word_1_409' title='bbox 1566 3186 1683 3224; x_wconf 93' lang='grc' dir='ltr'><strong>σου</strong></span> <span class='ocrx_word' id='word_1_410' title='bbox 1714 3167 1802 3237; x_wconf 79' lang='grc' dir='ltr'><strong>ζῆ-</strong></span> 
     </span>
    </p>
   </div>
   <div class='ocr_carea' id='block_1_54' title="bbox 216 3262 1802 3340">
    <p class='ocr_par' dir='ltr' id='par_1_54' title="bbox 216 3262 1802 3340">
     <span class='ocr_line' id='line_1_54' title="bbox 216 3262 1802 3340; baseline -0.004 -19"><span class='ocrx_word' id='word_1_411' title='bbox 216 3270 336 3321; x_wconf 89' lang='grc' dir='ltr'><strong>σόν</strong></span> <span class='ocrx_word' id='word_1_412' title='bbox 352 3285 450 3337; x_wconf 81' lang='grc' dir='ltr'>με.</span> <span class='ocrx_word' id='word_1_413' title='bbox 484 3268 756 3340; x_wconf 82' lang='grc' dir='ltr'>Κριθῆναι</span> <span class='ocrx_word' id='word_1_414' title='bbox 782 3268 917 3339; x_wconf 82' lang='grc' dir='ltr'>πρὸς</span> <span class='ocrx_word' id='word_1_415' title='bbox 946 3267 1072 3331; x_wconf 77' lang='grc' dir='ltr'>τοὺς</span> <span class='ocrx_word' id='word_1_416' title='bbox 1100 3263 1327 3336; x_wconf 75' lang='grc' dir='ltr'>ἐχθροὺς</span> <span class='ocrx_word' id='word_1_417' title='bbox 1350 3264 1492 3316; x_wconf 84' lang='grc' dir='ltr'>αἰτεῖ</span> <span class='ocrx_word' id='word_1_418' title='bbox 1523 3262 1646 3325; x_wconf 79' lang='grc' dir='ltr'>τοὺς</span> <span class='ocrx_word' id='word_1_419' title='bbox 1667 3262 1802 3330; x_wconf 82' lang='grc' dir='ltr'>ἀφα-</span> 
     </span>
    </p>
   </div>
   <div class='ocr_carea' id='block_1_55' title="bbox 218 3352 1800 3430">
    <p class='ocr_par' dir='ltr' id='par_1_55' title="bbox 218 3352 1800 3430">
     <span class='ocr_line' id='line_1_55' title="bbox 218 3352 1800 3430; baseline -0.004 -17"><span class='ocrx_word' id='word_1_420' title='bbox 218 3360 324 3423; x_wconf 80' lang='grc' dir='ltr'><strong>νῶς</strong></span> <span class='ocrx_word' id='word_1_421' title='bbox 355 3360 388 3430; x_wconf 83' lang='grc' dir='ltr'><strong>ἢ</strong></span> <span class='ocrx_word' id='word_1_422' title='bbox 416 3360 673 3430; x_wconf 73' lang='grc' dir='ltr'>ἐμφανῶς</span> <span class='ocrx_word' id='word_1_423' title='bbox 701 3357 1088 3430; x_wconf 84' lang='grc' dir='ltr'>πολεμοῦντας,</span> <span class='ocrx_word' id='word_1_424' title='bbox 1112 3358 1206 3411; x_wconf 83' lang='grc' dir='ltr'><strong>καί</strong></span> <span class='ocrx_word' id='word_1_425' title='bbox 1230 3353 1569 3427; x_wconf 83' lang='grc' dir='ltr'>λυτρωθῆναι</span> <span class='ocrx_word' id='word_1_426' title='bbox 1587 3369 1602 3383; x_wconf 88' lang='grc'><strong>·</strong></span> <span class='ocrx_word' id='word_1_427' title='bbox 1640 3352 1800 3423; x_wconf 87' lang='grc' dir='ltr'>μόνος</span> 
     </span>
    </p>
   </div>
   <div class='ocr_carea' id='block_1_56' title="bbox 217 3442 1798 3522">
    <p class='ocr_par' dir='ltr' id='par_1_56' title="bbox 217 3442 1798 3522">
     <span class='ocr_line' id='line_1_56' title="bbox 217 3442 1798 3522; baseline -0.008 -16"><span class='ocrx_word' id='word_1_428' title='bbox 217 3454 325 3522; x_wconf 82' lang='grc' dir='ltr'><strong>γάρ</strong></span> <span class='ocrx_word' id='word_1_429' title='bbox 357 3452 503 3504; x_wconf 74' lang='grc' dir='ltr'>ἐστιν</span> <span class='ocrx_word' id='word_1_430' title='bbox 530 3452 558 3502; x_wconf 88' lang='grc' dir='ltr'>ὁ</span> <span class='ocrx_word' id='word_1_431' title='bbox 590 3449 719 3512; x_wconf 82' lang='grc' dir='ltr'>Θεὸς</span> <span class='ocrx_word' id='word_1_432' title='bbox 744 3450 772 3501; x_wconf 90' lang='grc' dir='ltr'>ὁ</span> <span class='ocrx_word' id='word_1_433' title='bbox 803 3449 861 3515; x_wconf 77' lang='grc' dir='ltr'><strong>ἐξ</strong></span> <span class='ocrx_word' id='word_1_434' title='bbox 892 3447 1166 3518; x_wconf 81' lang='grc' dir='ltr'>ἑκατέρων</span> <span class='ocrx_word' id='word_1_435' title='bbox 1189 3444 1571 3517; x_wconf 85' lang='grc' dir='ltr'>λυτρούμενος,</span> <span class='ocrx_word' id='word_1_436' title='bbox 1600 3443 1699 3496; x_wconf 71' lang='grc' dir='ltr'><strong>καὶ</strong></span> <span class='ocrx_word' id='word_1_437' title='bbox 1737 3442 1798 3495; x_wconf 88' lang='grc' dir='ltr'><strong>οὐ</strong></span> 
     </span>
    </p>
   </div>
   <div class='ocr_carea' id='block_1_57' title="bbox 214 3532 1799 3612">
    <p class='ocr_par' dir='ltr' id='par_1_57' title="bbox 214 3532 1799 3612">
     <span class='ocr_line' id='line_1_57' title="bbox 214 3532 1799 3612; baseline -0.007 -16"><span class='ocrx_word' id='word_1_438' title='bbox 214 3544 449 3597; x_wconf 82' lang='grc' dir='ltr'>θανάτου</span> <span class='ocrx_word' id='word_1_439' title='bbox 501 3542 659 3611; x_wconf 82' lang='grc' dir='ltr'>μόνον</span> <span class='ocrx_word' id='word_1_440' title='bbox 702 3540 847 3612; x_wconf 77' lang='grc' dir='ltr'>ἡμᾶς</span> <span class='ocrx_word' id='word_1_441' title='bbox 892 3538 1270 3603; x_wconf 85' lang='grc' dir='ltr'>ἀπαλλάττων,</span> <span class='ocrx_word' id='word_1_442' title='bbox 1294 3535 1353 3589; x_wconf 80' lang='grc' dir='ltr'>ὃν</span> <span class='ocrx_word' id='word_1_443' title='bbox 1380 3534 1663 3589; x_wconf 87' lang='grc' dir='ltr'>ἀπειλοῦσι</span> <span class='ocrx_word' id='word_1_444' title='bbox 1705 3532 1799 3587; x_wconf 78' lang='grc' dir='ltr'>καὶ</span> 
     </span>
    </p>
   </div>
   <div class='ocr_carea' id='block_1_58' title="bbox 214 3621 1801 3702">
    <p class='ocr_par' dir='ltr' id='par_1_58' title="bbox 214 3621 1801 3702">
     <span class='ocr_line' id='line_1_58' title="bbox 214 3621 1801 3702; baseline -0.006 -19"><span class='ocrx_word' id='word_1_445' title='bbox 214 3630 529 3702; x_wconf 73' lang='grc' dir='ltr'>ἐνεργοῦσιν</span> <span class='ocrx_word' id='word_1_446' title='bbox 559 3632 608 3682; x_wconf 85' lang='grc' dir='ltr'><strong>οἰ</strong></span> <span class='ocrx_word' id='word_1_447' title='bbox 636 3629 905 3700; x_wconf 90' lang='grc' dir='ltr'>δαίμονες,</span> <span class='ocrx_word' id='word_1_448' title='bbox 939 3628 1075 3681; x_wconf 87' lang='grc' dir='ltr'><strong>ἀλλά</strong></span> <span class='ocrx_word' id='word_1_449' title='bbox 1119 3627 1211 3679; x_wconf 78' lang='grc' dir='ltr'><strong>καὶ</strong></span> <span class='ocrx_word' id='word_1_450' title='bbox 1254 3624 1398 3695; x_wconf 78' lang='grc' dir='ltr'>ζωὴν</span> <span class='ocrx_word' id='word_1_451' title='bbox 1427 3624 1682 3695; x_wconf 83' lang='grc' dir='ltr'>παρέχων</span> <span class='ocrx_word' id='word_1_452' title='bbox 1713 3621 1801 3674; x_wconf 85' lang='grc' dir='ltr'>διὰ</span> 
     </span>
    </p>
   </div>
   <div class='ocr_carea' id='block_1_59' title="bbox 215 3712 1799 3788">
    <p class='ocr_par' dir='ltr' id='par_1_59' title="bbox 215 3712 1799 3788">
     <span class='ocr_line' id='line_1_59' title="bbox 215 3712 1799 3788; baseline -0.008 -13"><span class='ocrx_word' id='word_1_453' title='bbox 215 3722 309 3775; x_wconf 80' lang='grc' dir='ltr'><strong>τὸν</strong></span> <span class='ocrx_word' id='word_1_454' title='bbox 342 3721 501 3774; x_wconf 84' lang='grc' dir='ltr'>αὐτὸν</span> <span class='ocrx_word' id='word_1_455' title='bbox 538 3721 716 3788; x_wconf 85' lang='grc' dir='ltr'>λόγον.</span> <span class='ocrx_word' id='word_1_456' title='bbox 748 3720 999 3786; x_wconf 82' lang='grc' dir='ltr'>Μακρὰν</span> <span class='ocrx_word' id='word_1_457' title='bbox 1048 3716 1166 3772; x_wconf 78' lang='grc' dir='ltr'><strong>ἀπὸ</strong></span> <span class='ocrx_word' id='word_1_458' title='bbox 1213 3712 1576 3784; x_wconf 73' lang='grc' dir='ltr'>ἁμαρτωλῶν</span> <span class='ocrx_word' id='word_1_459' title='bbox 1608 3726 1799 3780; x_wconf 86' lang='grc' dir='ltr'>σωτη-</span> 
     </span>
    </p>
   </div>
   <div class='ocr_carea' id='block_1_60' title="bbox 214 3804 1797 3883">
    <p class='ocr_par' dir='ltr' id='par_1_60' title="bbox 214 3804 1797 3883">
     <span class='ocr_line' id='line_1_60' title="bbox 214 3804 1797 3883; baseline -0.009 -14"><span class='ocrx_word' id='word_1_460' title='bbox 214 3817 334 3883; x_wconf 84' lang='grc' dir='ltr'>ρία,</span> <span class='ocrx_word' id='word_1_461' title='bbox 372 3815 461 3868; x_wconf 81' lang='grc' dir='ltr'>ὅτι</span> <span class='ocrx_word' id='word_1_462' title='bbox 494 3815 565 3867; x_wconf 87' lang='grc' dir='ltr'>τὰ</span> <span class='ocrx_word' id='word_1_463' title='bbox 608 3810 970 3881; x_wconf 81' lang='grc' dir='ltr'>δικαιώματά</span> <span class='ocrx_word' id='word_1_464' title='bbox 1010 3825 1126 3863; x_wconf 91' lang='grc' dir='ltr'><strong>σου</strong></span> <span class='ocrx_word' id='word_1_465' title='bbox 1160 3809 1271 3861; x_wconf 86' lang='grc' dir='ltr'>οὐκ</span> <span class='ocrx_word' id='word_1_466' title='bbox 1308 3804 1697 3871; x_wconf 72' lang='grc' dir='ltr'>ἐξεζήτησαν.</span> <span class='ocrx_word' id='word_1_467' title='bbox 1734 3804 1797 3855; x_wconf 81' lang='lat' dir='ltr'><strong>Ol</strong></span> 
     </span>
    </p>
   </div>
   <div class='ocr_carea' id='block_1_61' title="bbox 215 3893 1797 3972">
    <p class='ocr_par' dir='ltr' id='par_1_61' title="bbox 215 3893 1797 3972">
     <span class='ocr_line' id='line_1_61' title="bbox 215 3893 1797 3972; baseline -0.007 -15"><span class='ocrx_word' id='word_1_468' title='bbox 215 3904 503 3972; x_wconf 78' lang='grc' dir='ltr'>οἰκτιρμοί</span> <span class='ocrx_word' id='word_1_469' title='bbox 529 3919 645 3956; x_wconf 87' lang='grc' dir='ltr'><strong>σου</strong></span> <span class='ocrx_word' id='word_1_470' title='bbox 672 3902 911 3964; x_wconf 74' lang='grc' dir='ltr'>πολλοὶ,</span> <span class='ocrx_word' id='word_1_471' title='bbox 941 3901 1135 3969; x_wconf 86' lang='grc' dir='ltr'>Κύριε,</span> <span class='ocrx_word' id='word_1_472' title='bbox 1168 3896 1318 3951; x_wconf 87' lang='grc' dir='ltr'>κατὰ</span> <span class='ocrx_word' id='word_1_473' title='bbox 1361 3895 1426 3949; x_wconf 85' lang='grc' dir='ltr'>τὸ</span> <span class='ocrx_word' id='word_1_474' title='bbox 1472 3893 1649 3963; x_wconf 68' lang='grc' dir='ltr'>κρᾷιά</span> <span class='ocrx_word' id='word_1_475' title='bbox 1682 3909 1797 3947; x_wconf 89' lang='grc' dir='ltr'>σου</span> 
     </span>
    </p>
   </div>
   <div class='ocr_carea' id='block_1_62' title="bbox 215 3980 1792 4062">
    <p class='ocr_par' dir='ltr' id='par_1_62' title="bbox 215 3980 1792 4062">
     <span class='ocr_line' id='line_1_62' title="bbox 215 3980 1792 4062; baseline -0.007 -16"><span class='ocrx_word' id='word_1_476' title='bbox 215 3992 403 4061; x_wconf 77' lang='grc' dir='ltr'><strong>ζῆσόν</strong></span> <span class='ocrx_word' id='word_1_477' title='bbox 428 3993 721 4061; x_wconf 78' lang='grc' dir='ltr'>με.¹Ἐλεος</span> <span class='ocrx_word' id='word_1_478' title='bbox 763 3989 1051 4062; x_wconf 86' lang='grc' dir='ltr'>ἀνθρώπου</span> <span class='ocrx_word' id='word_1_479' title='bbox 1095 3989 1187 4041; x_wconf 74' lang='grc' dir='ltr'><strong>ἐπὶ</strong></span> <span class='ocrx_word' id='word_1_480' title='bbox 1214 3988 1305 4041; x_wconf 77' lang='grc' dir='ltr'><strong>τὸν</strong></span> <span class='ocrx_word' id='word_1_481' title='bbox 1334 3986 1557 4057; x_wconf 82' lang='grc' dir='ltr'>πλησίον</span> <span class='ocrx_word' id='word_1_482' title='bbox 1586 3980 1752 4037; x_wconf 86' lang='grc' dir='ltr'>αὐτοῦ</span> <span class='ocrx_word' id='word_1_483' title='bbox 1779 3998 1792 4011; x_wconf 83' lang='grc'><em>’</em></span> 
     </span>
    </p>
   </div>
   <div class='ocr_carea' id='block_1_63' title="bbox 215 4073 1796 4153">
    <p class='ocr_par' dir='ltr' id='par_1_63' title="bbox 215 4073 1796 4153">
     <span class='ocr_line' id='line_1_63' title="bbox 215 4073 1796 4153; baseline -0.006 -18"><span class='ocrx_word' id='word_1_484' title='bbox 215 4083 366 4146; x_wconf 73' lang='grc' dir='ltr'>ἔλεος</span> <span class='ocrx_word' id='word_1_485' title='bbox 402 4082 459 4134; x_wconf 86' lang='grc' dir='ltr'><strong>δὲ</strong></span> <span class='ocrx_word' id='word_1_486' title='bbox 505 4083 710 4153; x_wconf 86' lang='grc' dir='ltr'>Κυρίου</span> <span class='ocrx_word' id='word_1_487' title='bbox 746 4082 838 4135; x_wconf 75' lang='grc' dir='ltr'><strong>ἐπὶ</strong></span> <span class='ocrx_word' id='word_1_488' title='bbox 886 4083 1064 4134; x_wconf 82' lang='grc' dir='ltr'>πᾶσαν</span> <span class='ocrx_word' id='word_1_489' title='bbox 1093 4080 1290 4150; x_wconf 83' lang='grc' dir='ltr'>σάρκα,</span> <span class='ocrx_word' id='word_1_490' title='bbox 1319 4077 1378 4141; x_wconf 81' lang='grc' dir='ltr'>ὃς</span> <span class='ocrx_word' id='word_1_491' title='bbox 1425 4077 1519 4129; x_wconf 79' lang='grc' dir='ltr'><strong>καὶ</strong></span> <span class='ocrx_word' id='word_1_492' title='bbox 1548 4074 1687 4129; x_wconf 85' lang='grc' dir='ltr'>πάνυ</span> <span class='ocrx_word' id='word_1_493' title='bbox 1713 4073 1796 4126; x_wconf 76' lang='grc' dir='ltr'><strong>διο</strong></span> 
     </span>
    </p>
   </div>
   <div class='ocr_carea' id='block_1_64' title="bbox 215 4164 1796 4244">
    <p class='ocr_par' dir='ltr' id='par_1_64' title="bbox 215 4164 1796 4244">
     <span class='ocr_line' id='line_1_64' title="bbox 215 4164 1796 4244; baseline -0.007 -16"><span class='ocrx_word' id='word_1_494' title='bbox 215 4176 500 4237; x_wconf 88' lang='grc' dir='ltr'>καιότατος</span> <span class='ocrx_word' id='word_1_495' title='bbox 542 4171 681 4228; x_wconf 78' lang='grc' dir='ltr'>εἶναι</span> <span class='ocrx_word' id='word_1_496' title='bbox 721 4176 887 4228; x_wconf 86' lang='grc' dir='ltr'>δοκεῖ.</span> <span class='ocrx_word' id='word_1_497' title='bbox 934 4173 1224 4244; x_wconf 82' lang='grc' dir='ltr'>Συγκρίσει</span> <span class='ocrx_word' id='word_1_498' title='bbox 1253 4169 1362 4240; x_wconf 88' lang='grc' dir='ltr'><strong>γάρ</strong></span> <span class='ocrx_word' id='word_1_499' title='bbox 1388 4166 1689 4239; x_wconf 86' lang='grc' dir='ltr'>ἀνθρώπων</span> <span class='ocrx_word' id='word_1_500' title='bbox 1721 4164 1796 4227; x_wconf 85' lang='grc' dir='ltr'>ὡς</span> 
     </span>
    </p>
   </div>
   <div class='ocr_carea' id='block_1_65' title="bbox 216 4255 1796 4337">
    <p class='ocr_par' dir='ltr' id='par_1_65' title="bbox 216 4255 1796 4337">
     <span class='ocr_line' id='line_1_65' title="bbox 216 4255 1796 4337; baseline -0.008 -18"><span class='ocrx_word' id='word_1_501' title='bbox 216 4267 354 4337; x_wconf 83' lang='grc' dir='ltr'>πρὸς</span> <span class='ocrx_word' id='word_1_502' title='bbox 380 4267 479 4335; x_wconf 81' lang='grc' dir='ltr'><strong>τὴν</strong></span> <span class='ocrx_word' id='word_1_503' title='bbox 511 4266 713 4336; x_wconf 72' lang='grc' dir='ltr'>ἀκριϐῆ</span> <span class='ocrx_word' id='word_1_504' title='bbox 739 4265 920 4335; x_wconf 91' lang='grc' dir='ltr'>κρίσιν</span> <span class='ocrx_word' id='word_1_505' title='bbox 952 4263 1044 4317; x_wconf 89' lang='grc' dir='ltr'><strong>τοῦ</strong></span> <span class='ocrx_word' id='word_1_506' title='bbox 1078 4262 1233 4325; x_wconf 88' lang='grc' dir='ltr'>Θεοῦ,</span> <span class='ocrx_word' id='word_1_507' title='bbox 1264 4260 1414 4314; x_wconf 78' lang='grc' dir='ltr'>ὲλέου</span> <span class='ocrx_word' id='word_1_508' title='bbox 1440 4260 1609 4312; x_wconf 82' lang='grc' dir='ltr'>δεῖται</span> <span class='ocrx_word' id='word_1_509' title='bbox 1634 4257 1694 4309; x_wconf 82' lang='grc' dir='ltr'><strong>τὸ</strong></span> <span class='ocrx_word' id='word_1_510' title='bbox 1722 4255 1796 4307; x_wconf 87' lang='grc' dir='ltr'><strong>δί-</strong></span> 
     </span>
    </p>
   </div>
   <div class='ocr_carea' id='block_1_66' title="bbox 1983 2330 3483 2397">
    <p class='ocr_par' dir='ltr' id='par_1_66' title="bbox 1983 2330 3483 2397">
     <span class='ocr_line' id='line_1_66' title="bbox 1983 2330 3483 2397; baseline -0.001 -10"><span class='ocrx_word' id='word_1_511' title='bbox 1983 2333 2151 2389; x_wconf 68' lang='lat' dir='ltr'><strong>Vens.</strong></span> <span class='ocrx_word' id='word_1_512' title='bbox 2184 2334 2440 2389; x_wconf 63' lang='lat'><strong>{49-152.</strong></span> <span class='ocrx_word' id='word_1_513' title='bbox 2482 2333 2671 2387; x_wconf 85' lang='lat' dir='ltr'><strong>Vocem</strong></span> <span class='ocrx_word' id='word_1_514' title='bbox 2722 2349 2893 2388; x_wconf 86' lang='lat' dir='ltr'><strong>meam</strong></span> <span class='ocrx_word' id='word_1_515' title='bbox 2925 2330 3075 2397; x_wconf 87' lang='lat' dir='ltr'><strong>audi,</strong></span> <span class='ocrx_word' id='word_1_516' title='bbox 3118 2331 3363 2395; x_wconf 86' lang='lat' dir='ltr'><strong>Domine,</strong></span> <span class='ocrx_word' id='word_1_517' title='bbox 3405 2348 3483 2385; x_wconf 87' lang='lat' dir='ltr'><strong>se-</strong></span> 
     </span>
    </p>
   </div>
   <div class='ocr_carea' id='block_1_67' title="bbox 1909 2420 3483 2489">
    <p class='ocr_par' dir='ltr' id='par_1_67' title="bbox 1909 2420 3483 2489">
     <span class='ocr_line' id='line_1_67' title="bbox 1909 2420 3483 2489; baseline -0.001 -12"><span class='ocrx_word' id='word_1_518' title='bbox 1909 2423 2139 2477; x_wconf 88' lang='lat' dir='ltr'><strong>cundum</strong></span> <span class='ocrx_word' id='word_1_519' title='bbox 2188 2421 2608 2477; x_wconf 87' lang='lat' dir='ltr'><strong>misericordiam</strong></span> <span class='ocrx_word' id='word_1_520' title='bbox 2661 2431 2805 2477; x_wconf 89' lang='lat' dir='ltr'><strong>tuam</strong></span> <span class='ocrx_word' id='word_1_521' title='bbox 2834 2463 2849 2488; x_wconf 97' lang='lat'><strong>,</strong></span> <span class='ocrx_word' id='word_1_522' title='bbox 2903 2421 3188 2475; x_wconf 85' lang='lat' dir='ltr'><strong>secundum</strong></span> <span class='ocrx_word' id='word_1_523' title='bbox 3219 2420 3483 2489; x_wconf 82' lang='lat' dir='ltr'><strong>judicium</strong></span> 
     </span>
    </p>
   </div>
   <div class='ocr_carea' id='block_1_68' title="bbox 1906 2509 3484 2580">
    <p class='ocr_par' dir='ltr' id='par_1_68' title="bbox 1906 2509 3484 2580">
     <span class='ocr_line' id='line_1_68' title="bbox 1906 2509 3484 2580; baseline 0.001 -16"><span class='ocrx_word' id='word_1_524' title='bbox 1906 2522 2055 2565; x_wconf 85' lang='lat' dir='ltr'><strong>tuum</strong></span> <span class='ocrx_word' id='word_1_525' title='bbox 2080 2511 2286 2580; x_wconf 73' lang='lat' dir='ltr'><strong>uiviﬁca</strong></span> <span class='ocrx_word' id='word_1_526' title='bbox 2310 2527 2409 2564; x_wconf 88' lang='lat' dir='ltr'><strong>me.</strong></span> <span class='ocrx_word' id='word_1_527' title='bbox 2438 2509 3000 2580; x_wconf 81' lang='lat' dir='ltr'><strong>Appropinquaverunt</strong></span> <span class='ocrx_word' id='word_1_528' title='bbox 3022 2518 3380 2579; x_wconf 75' lang='lat' dir='ltr'><strong>persequentes</strong></span> <span class='ocrx_word' id='word_1_529' title='bbox 3404 2526 3484 2565; x_wconf 85' lang='lat' dir='ltr'><strong>me</strong></span> 
     </span>
    </p>
   </div>
   <div class='ocr_carea' id='block_1_69' title="bbox 1904 2599 3483 2670">
    <p class='ocr_par' dir='ltr' id='par_1_69' title="bbox 1904 2599 3483 2670">
     <span class='ocr_line' id='line_1_69' title="bbox 1904 2599 3483 2670; baseline -0.001 -16"><span class='ocrx_word' id='word_1_530' title='bbox 1904 2600 2221 2670; x_wconf 79' lang='lat' dir='ltr'><strong>iniquitati:</strong></span> <span class='ocrx_word' id='word_1_531' title='bbox 2258 2618 2290 2653; x_wconf 91' lang='lat' dir='ltr'><strong>a</strong></span> <span class='ocrx_word' id='word_1_532' title='bbox 2329 2601 2438 2669; x_wconf 88' lang='lat' dir='ltr'><strong>lege</strong></span> <span class='ocrx_word' id='word_1_533' title='bbox 2464 2611 2637 2655; x_wconf 90' lang='lat' dir='ltr'><strong>autem</strong></span> <span class='ocrx_word' id='word_1_534' title='bbox 2668 2613 2758 2654; x_wconf 87' lang='lat' dir='ltr'><strong>tua</strong></span> <span class='ocrx_word' id='word_1_535' title='bbox 2789 2601 2940 2670; x_wconf 88' lang='lat' dir='ltr'><strong>longe</strong></span> <span class='ocrx_word' id='word_1_536' title='bbox 2957 2599 3087 2662; x_wconf 82' lang='lat' dir='ltr'><strong>facti</strong></span> <span class='ocrx_word' id='word_1_537' title='bbox 3122 2609 3265 2653; x_wconf 89' lang='lat' dir='ltr'><strong>sunt.</strong></span> <span class='ocrx_word' id='word_1_538' title='bbox 3314 2600 3483 2669; x_wconf 81' lang='lat' dir='ltr'><strong>Prope</strong></span> 
     </span>
    </p>
   </div>
   <div class='ocr_carea' id='block_1_70' title="bbox 1904 2689 3481 2753">
    <p class='ocr_par' dir='ltr' id='par_1_70' title="bbox 1904 2689 3481 2753">
     <span class='ocr_line' id='line_1_70' title="bbox 1904 2689 3481 2753; baseline -0.001 -9"><span class='ocrx_word' id='word_1_539' title='bbox 1904 2708 1957 2745; x_wconf 92' lang='lat' dir='ltr'><strong>es</strong></span> <span class='ocrx_word' id='word_1_540' title='bbox 1990 2700 2068 2753; x_wconf 92' lang='lat' dir='ltr'><strong>tu,</strong></span> <span class='ocrx_word' id='word_1_541' title='bbox 2124 2691 2380 2753; x_wconf 88' lang='lat' dir='ltr'><strong>Domine,</strong></span> <span class='ocrx_word' id='word_1_542' title='bbox 2436 2701 2484 2745; x_wconf 88' lang='lat' dir='ltr'><strong>et</strong></span> <span class='ocrx_word' id='word_1_543' title='bbox 2525 2707 2701 2746; x_wconf 88' lang='lat' dir='ltr'><strong>omnes</strong></span> <span class='ocrx_word' id='word_1_544' title='bbox 2743 2693 2841 2746; x_wconf 76' lang='lat' dir='ltr'><strong>uia:</strong></span> <span class='ocrx_word' id='word_1_545' title='bbox 2893 2700 2997 2745; x_wconf 78' lang='lat' dir='ltr'><strong>tua:</strong></span> <span class='ocrx_word' id='word_1_546' title='bbox 3042 2690 3255 2745; x_wconf 89' lang='lat' dir='ltr'><strong>veritas.</strong></span> <span class='ocrx_word' id='word_1_547' title='bbox 3316 2689 3481 2746; x_wconf 85' lang='lat' dir='ltr'><strong>Initio</strong></span> 
     </span>
    </p>
   </div>
   <div class='ocr_carea' id='block_1_71' title="bbox 1906 2776 3483 2851">
    <p class='ocr_par' dir='ltr' id='par_1_71' title="bbox 1906 2776 3483 2851">
     <span class='ocr_line' id='line_1_71' title="bbox 1906 2776 3483 2851; baseline 0.001 -18"><span class='ocrx_word' id='word_1_548' title='bbox 1906 2781 2124 2851; x_wconf 80' lang='lat' dir='ltr'><strong>cognoui</strong></span> <span class='ocrx_word' id='word_1_549' title='bbox 2170 2782 2233 2836; x_wconf 88' lang='lat' dir='ltr'><strong>de</strong></span> <span class='ocrx_word' id='word_1_550' title='bbox 2280 2782 2595 2836; x_wconf 85' lang='lat' dir='ltr'><strong>testimoniis</strong></span> <span class='ocrx_word' id='word_1_551' title='bbox 2629 2782 2755 2847; x_wconf 86' lang='lat' dir='ltr'><strong>tuis,</strong></span> <span class='ocrx_word' id='word_1_552' title='bbox 2797 2783 2923 2851; x_wconf 88' lang='lat' dir='ltr'><strong>quia</strong></span> <span class='ocrx_word' id='word_1_553' title='bbox 2962 2782 3017 2835; x_wconf 88' lang='lat' dir='ltr'><strong>in</strong></span> <span class='ocrx_word' id='word_1_554' title='bbox 3048 2776 3303 2835; x_wconf 68' lang='lat' dir='ltr'><strong>wtefnum</strong></span> <span class='ocrx_word' id='word_1_555' title='bbox 3346 2780 3483 2849; x_wconf 78' lang='lat' dir='ltr'><strong>fun—</strong></span> 
     </span>
    </p>
   </div>
   <div class='ocr_carea' id='block_1_72' title="bbox 1905 2870 2178 2928">
    <p class='ocr_par' dir='ltr' id='par_1_72' title="bbox 1905 2870 2178 2928">
     <span class='ocr_line' id='line_1_72' title="bbox 1905 2870 2178 2928; baseline 0.011 -5"><span class='ocrx_word' id='word_1_556' title='bbox 1905 2870 2051 2925; x_wconf 88' lang='lat' dir='ltr'><strong>dasti</strong></span> <span class='ocrx_word' id='word_1_557' title='bbox 2094 2888 2178 2928; x_wconf 77' lang='lat' dir='ltr'><strong>ea.</strong></span> 
     </span>
    </p>
   </div>
   <div class='ocr_carea' id='block_1_73' title="bbox 1983 2958 3483 3049">
    <p class='ocr_par' dir='ltr' id='par_1_73' title="bbox 1983 2958 3483 3049">
     <span class='ocr_line' id='line_1_73' title="bbox 1983 2958 3483 3049; baseline -0.001 -13"><span class='ocrx_word' id='word_1_558' title='bbox 1983 2982 2440 3040; x_wconf 75' lang='lat' dir='ltr'><strong>Vsas.155-156.</strong></span> <span class='ocrx_word' id='word_1_559' title='bbox 2509 2982 2635 3038; x_wconf 86' lang='lat' dir='ltr'><strong>Vide</strong></span> <span class='ocrx_word' id='word_1_560' title='bbox 2674 2958 3025 3038; x_wconf 82' lang='lat' dir='ltr'><strong>humilitatem</strong></span> <span class='ocrx_word' id='word_1_561' title='bbox 3061 2999 3229 3038; x_wconf 90' lang='lat' dir='ltr'><strong>meam</strong></span> <span class='ocrx_word' id='word_1_562' title='bbox 3267 2989 3316 3036; x_wconf 86' lang='lat' dir='ltr'><strong>et</strong></span> <span class='ocrx_word' id='word_1_563' title='bbox 3345 2982 3483 3049; x_wconf 72' lang='lat' dir='ltr'><strong>eripe</strong></span> 
     </span>
    </p>
   </div>
   <div class='ocr_carea' id='block_1_74' title="bbox 1854 3069 3482 3145">
    <p class='ocr_par' dir='ltr' id='par_1_74' title="bbox 1854 3069 3482 3145">
     <span class='ocr_line' id='line_1_74' title="bbox 1854 3069 3482 3145; baseline -0.001 -19"><span class='ocrx_word' id='word_1_564' title='bbox 1854 3069 1872 3092; x_wconf 86' lang='lat'>‘</span> <span class='ocrx_word' id='word_1_565' title='bbox 1910 3090 2012 3138; x_wconf 89' lang='lat' dir='ltr'><strong>me,</strong></span> <span class='ocrx_word' id='word_1_566' title='bbox 2041 3076 2165 3144; x_wconf 88' lang='lat' dir='ltr'><strong>quia</strong></span> <span class='ocrx_word' id='word_1_567' title='bbox 2196 3074 2355 3145; x_wconf 83' lang='lat' dir='ltr'><strong>legem</strong></span> <span class='ocrx_word' id='word_1_568' title='bbox 2387 3084 2532 3129; x_wconf 89' lang='lat' dir='ltr'><strong>tuam</strong></span> <span class='ocrx_word' id='word_1_569' title='bbox 2567 3091 2671 3129; x_wconf 88' lang='lat' dir='ltr'><strong>non</strong></span> <span class='ocrx_word' id='word_1_570' title='bbox 2709 3090 2827 3129; x_wconf 90' lang='lat' dir='ltr'><strong>sum</strong></span> <span class='ocrx_word' id='word_1_571' title='bbox 2856 3075 3075 3128; x_wconf 85' lang='lat' dir='ltr'><strong>oblitus.</strong></span> <span class='ocrx_word' id='word_1_572' title='bbox 3109 3073 3305 3127; x_wconf 84' lang='lat' dir='ltr'><strong>Judica</strong></span> <span class='ocrx_word' id='word_1_573' title='bbox 3330 3072 3482 3141; x_wconf 83' lang='lat' dir='ltr'><strong>judi-</strong></span> 
     </span>
    </p>
   </div>
   <div class='ocr_carea' id='block_1_75' title="bbox 1904 3164 3482 3234">
    <p class='ocr_par' dir='ltr' id='par_1_75' title="bbox 1904 3164 3482 3234">
     <span class='ocr_line' id='line_1_75' title="bbox 1904 3164 3482 3234; baseline 0.001 -18"><span class='ocrx_word' id='word_1_574' title='bbox 1904 3166 2044 3218; x_wconf 85' lang='lat' dir='ltr'><strong>cium</strong></span> <span class='ocrx_word' id='word_1_575' title='bbox 2077 3182 2248 3219; x_wconf 89' lang='lat' dir='ltr'><strong>meum</strong></span> <span class='ocrx_word' id='word_1_576' title='bbox 2274 3174 2323 3219; x_wconf 89' lang='lat' dir='ltr'><strong>et</strong></span> <span class='ocrx_word' id='word_1_577' title='bbox 2355 3166 2550 3219; x_wconf 86' lang='lat' dir='ltr'><strong>redime</strong></span> <span class='ocrx_word' id='word_1_578' title='bbox 2577 3182 2678 3231; x_wconf 86' lang='lat' dir='ltr'><strong>me,</strong></span> <span class='ocrx_word' id='word_1_579' title='bbox 2731 3176 2942 3234; x_wconf 82' lang='lat' dir='ltr'><strong>propter</strong></span> <span class='ocrx_word' id='word_1_580' title='bbox 2978 3164 3189 3219; x_wconf 82' lang='lat' dir='ltr'><strong>verbum</strong></span> <span class='ocrx_word' id='word_1_581' title='bbox 3223 3173 3370 3231; x_wconf 79' lang='lat' dir='ltr'><strong>tuum</strong></span> <span class='ocrx_word' id='word_1_582' title='bbox 3408 3166 3482 3218; x_wconf 88' lang='lat' dir='ltr'><strong>ui-</strong></span> 
     </span>
    </p>
   </div>
   <div class='ocr_carea' id='block_1_76' title="bbox 1904 3254 3483 3326">
    <p class='ocr_par' dir='ltr' id='par_1_76' title="bbox 1904 3254 3483 3326">
     <span class='ocr_line' id='line_1_76' title="bbox 1904 3254 3483 3326; baseline 0 -17"><span class='ocrx_word' id='word_1_583' title='bbox 1904 3256 2060 3323; x_wconf 77' lang='lat' dir='ltr'><strong>viﬁca</strong></span> <span class='ocrx_word' id='word_1_584' title='bbox 2107 3272 2205 3310; x_wconf 89' lang='lat' dir='ltr'><strong>me.</strong></span> <span class='ocrx_word' id='word_1_585' title='bbox 2244 3254 2449 3310; x_wconf 88' lang='lat' dir='ltr'><strong>Contra</strong></span> <span class='ocrx_word' id='word_1_586' title='bbox 2481 3255 2733 3310; x_wconf 89' lang='lat' dir='ltr'><strong>inimicos</strong></span> <span class='ocrx_word' id='word_1_587' title='bbox 2777 3255 2863 3310; x_wconf 91' lang='lat' dir='ltr'><strong>vel</strong></span> <span class='ocrx_word' id='word_1_588' title='bbox 2899 3255 3040 3309; x_wconf 88' lang='lat' dir='ltr'><strong>clam</strong></span> <span class='ocrx_word' id='word_1_589' title='bbox 3088 3255 3172 3311; x_wconf 90' lang='lat' dir='ltr'><strong>vel</strong></span> <span class='ocrx_word' id='word_1_590' title='bbox 3208 3255 3387 3326; x_wconf 89' lang='lat' dir='ltr'><strong>palam</strong></span> <span class='ocrx_word' id='word_1_591' title='bbox 3422 3269 3483 3310; x_wconf 86' lang='lat' dir='ltr'><strong>se</strong></span> 
     </span>
    </p>
   </div>
   <div class='ocr_carea' id='block_1_77' title="bbox 1902 3344 3478 3416">
    <p class='ocr_par' dir='ltr' id='par_1_77' title="bbox 1902 3344 3478 3416">
     <span class='ocr_line' id='line_1_77' title="bbox 1902 3344 3478 3416; baseline 0 -16"><span class='ocrx_word' id='word_1_592' title='bbox 1902 3353 2285 3416; x_wconf 79' lang='lat' dir='ltr'><strong>oppugnantes</strong></span> <span class='ocrx_word' id='word_1_593' title='bbox 2306 3344 2577 3414; x_wconf 76' lang='lat' dir='ltr'><strong>judicium</strong></span> <span class='ocrx_word' id='word_1_594' title='bbox 2612 3345 2765 3408; x_wconf 83' lang='lat' dir='ltr'><strong>ferri,</strong></span> <span class='ocrx_word' id='word_1_595' title='bbox 2797 3352 2851 3400; x_wconf 90' lang='lat' dir='ltr'><strong>et</strong></span> <span class='ocrx_word' id='word_1_596' title='bbox 2880 3344 3101 3401; x_wconf 85' lang='lat' dir='ltr'><strong>liberari</strong></span> <span class='ocrx_word' id='word_1_597' title='bbox 3133 3360 3191 3399; x_wconf 85' lang='lat' dir='ltr'><strong>se</strong></span> <span class='ocrx_word' id='word_1_598' title='bbox 3217 3344 3478 3414; x_wconf 86' lang='lat' dir='ltr'><strong>postulat.</strong></span> 
     </span>
    </p>
   </div>
   <div class='ocr_carea' id='block_1_78' title="bbox 1909 3436 3480 3508">
    <p class='ocr_par' dir='ltr' id='par_1_78' title="bbox 1909 3436 3480 3508">
     <span class='ocr_line' id='line_1_78' title="bbox 1909 3436 3480 3508; baseline -0.001 -17"><span class='ocrx_word' id='word_1_599' title='bbox 1909 3436 2072 3493; x_wconf 91' lang='lat' dir='ltr'><strong>Solus</strong></span> <span class='ocrx_word' id='word_1_600' title='bbox 2103 3453 2342 3508; x_wconf 85' lang='lat' dir='ltr'><strong>namque</strong></span> <span class='ocrx_word' id='word_1_601' title='bbox 2373 3437 2518 3493; x_wconf 90' lang='lat' dir='ltr'><strong>Deus</strong></span> <span class='ocrx_word' id='word_1_602' title='bbox 2540 3444 2645 3503; x_wconf 90' lang='lat' dir='ltr'><strong>est,</strong></span> <span class='ocrx_word' id='word_1_603' title='bbox 2678 3438 2774 3508; x_wconf 92' lang='lat' dir='ltr'><strong>qui</strong></span> <span class='ocrx_word' id='word_1_604' title='bbox 2821 3436 2890 3491; x_wconf 89' lang='lat' dir='ltr'><strong>ab</strong></span> <span class='ocrx_word' id='word_1_605' title='bbox 2927 3438 3174 3507; x_wconf 91' lang='lat' dir='ltr'><strong>utrisque</strong></span> <span class='ocrx_word' id='word_1_606' title='bbox 3222 3437 3480 3503; x_wconf 86' lang='lat' dir='ltr'><strong>redimit;</strong></span> 
     </span>
    </p>
   </div>
   <div class='ocr_carea' id='block_1_79' title="bbox 1902 3529 3482 3598">
    <p class='ocr_par' dir='ltr' id='par_1_79' title="bbox 1902 3529 3482 3598">
     <span class='ocr_line' id='line_1_79' title="bbox 1902 3529 3482 3598; baseline -0.002 -14"><span class='ocrx_word' id='word_1_607' title='bbox 1902 3536 1958 3584; x_wconf 89' lang='lat' dir='ltr'><strong>et</strong></span> <span class='ocrx_word' id='word_1_608' title='bbox 1988 3545 2097 3585; x_wconf 93' lang='lat' dir='ltr'><strong>non</strong></span> <span class='ocrx_word' id='word_1_609' title='bbox 2128 3545 2160 3584; x_wconf 88' lang='lat' dir='ltr'><strong>a</strong></span> <span class='ocrx_word' id='word_1_610' title='bbox 2192 3536 2368 3584; x_wconf 90' lang='lat' dir='ltr'><strong>morte</strong></span> <span class='ocrx_word' id='word_1_611' title='bbox 2401 3530 2578 3585; x_wconf 91' lang='lat' dir='ltr'><strong>solum</strong></span> <span class='ocrx_word' id='word_1_612' title='bbox 2625 3545 2726 3585; x_wconf 89' lang='lat' dir='ltr'><strong>nos</strong></span> <span class='ocrx_word' id='word_1_613' title='bbox 2759 3529 2973 3593; x_wconf 88' lang='lat' dir='ltr'><strong>liberat,</strong></span> <span class='ocrx_word' id='word_1_614' title='bbox 3012 3544 3175 3598; x_wconf 89' lang='lat' dir='ltr'><strong>quam</strong></span> <span class='ocrx_word' id='word_1_615' title='bbox 3204 3529 3482 3583; x_wconf 66' lang='lat' dir='ltr'><strong>daemones</strong></span> 
     </span>
    </p>
   </div>
   <div class='ocr_carea' id='block_1_80' title="bbox 1902 3615 3478 3685">
    <p class='ocr_par' dir='ltr' id='par_1_80' title="bbox 1902 3615 3478 3685">
     <span class='ocr_line' id='line_1_80' title="bbox 1902 3615 3478 3685; baseline -0.002 -13"><span class='ocrx_word' id='word_1_616' title='bbox 1902 3618 2182 3673; x_wconf 89' lang='lat' dir='ltr'><strong>minantur</strong></span> <span class='ocrx_word' id='word_1_617' title='bbox 2219 3626 2275 3673; x_wconf 93' lang='lat' dir='ltr'><strong>et</strong></span> <span class='ocrx_word' id='word_1_618' title='bbox 2328 3617 2591 3685; x_wconf 81' lang='lat' dir='ltr'><strong>inferunt,</strong></span> <span class='ocrx_word' id='word_1_619' title='bbox 2640 3632 2831 3672; x_wconf 86' lang='lat' dir='ltr'><strong>verum</strong></span> <span class='ocrx_word' id='word_1_620' title='bbox 2883 3617 3046 3669; x_wconf 91' lang='lat' dir='ltr'><strong>etiam</strong></span> <span class='ocrx_word' id='word_1_621' title='bbox 3093 3616 3164 3670; x_wconf 92' lang='lat' dir='ltr'><strong>ob</strong></span> <span class='ocrx_word' id='word_1_622' title='bbox 3231 3615 3478 3669; x_wconf 82' lang='lat' dir='ltr'><strong>eamdem</strong></span> 
     </span>
    </p>
   </div>
   <div class='ocr_carea' id='block_1_81' title="bbox 1904 3702 3474 3775">
    <p class='ocr_par' dir='ltr' id='par_1_81' title="bbox 1904 3702 3474 3775">
     <span class='ocr_line' id='line_1_81' title="bbox 1904 3702 3474 3775; baseline -0.003 -16"><span class='ocrx_word' id='word_1_623' title='bbox 1904 3708 2171 3762; x_wconf 87' lang='lat' dir='ltr'><strong>rationem</strong></span> <span class='ocrx_word' id='word_1_624' title='bbox 2202 3705 2369 3759; x_wconf 88' lang='lat' dir='ltr'><strong>vitam</strong></span> <span class='ocrx_word' id='word_1_625' title='bbox 2402 3706 2627 3775; x_wconf 61' lang='lat' dir='ltr'><strong>praebet.</strong></span> <span class='ocrx_word' id='word_1_626' title='bbox 2654 3703 2827 3773; x_wconf 87' lang='lat' dir='ltr'><strong>Longe</strong></span> <span class='ocrx_word' id='word_1_627' title='bbox 2854 3720 2887 3756; x_wconf 89' lang='lat' dir='ltr'><strong>a</strong></span> <span class='ocrx_word' id='word_1_628' title='bbox 2916 3702 3279 3771; x_wconf 83' lang='lat' dir='ltr'><strong>peccatoribus</strong></span> <span class='ocrx_word' id='word_1_629' title='bbox 3304 3704 3474 3766; x_wconf 86' lang='lat' dir='ltr'><strong>salus,</strong></span> 
     </span>
    </p>
   </div>
   <div class='ocr_carea' id='block_1_82' title="bbox 1899 3794 3481 3868">
    <p class='ocr_par' dir='ltr' id='par_1_82' title="bbox 1899 3794 3481 3868">
     <span class='ocr_line' id='line_1_82' title="bbox 1899 3794 3481 3868; baseline -0.001 -20"><span class='ocrx_word' id='word_1_630' title='bbox 1899 3800 2027 3868; x_wconf 81' lang='lat' dir='ltr'><strong>quia</strong></span> <span class='ocrx_word' id='word_1_631' title='bbox 2064 3797 2475 3867; x_wconf 79' lang='lat' dir='ltr'><strong>justi/icationes</strong></span> <span class='ocrx_word' id='word_1_632' title='bbox 2525 3804 2643 3848; x_wconf 90' lang='lat' dir='ltr'><strong>tuas</strong></span> <span class='ocrx_word' id='word_1_633' title='bbox 2693 3811 2797 3848; x_wconf 90' lang='lat' dir='ltr'><strong>non</strong></span> <span class='ocrx_word' id='word_1_634' title='bbox 2837 3794 3216 3865; x_wconf 69' lang='lat' dir='ltr'><strong>exquisierunt.</strong></span> <span class='ocrx_word' id='word_1_635' title='bbox 3272 3794 3481 3847; x_wconf 83' lang='lat' dir='ltr'><strong>Miseri-&#39;-</strong></span> 
     </span>
    </p>
   </div>
   <div class='ocr_carea' id='block_1_83' title="bbox 1899 3884 3479 3953">
    <p class='ocr_par' dir='ltr' id='par_1_83' title="bbox 1899 3884 3479 3953">
     <span class='ocr_line' id='line_1_83' title="bbox 1899 3884 3479 3953; baseline -0.003 -12"><span class='ocrx_word' id='word_1_636' title='bbox 1899 3887 2095 3942; x_wconf 77' lang='lat' dir='ltr'><strong>cordiw</strong></span> <span class='ocrx_word' id='word_1_637' title='bbox 2149 3886 2510 3949; x_wconf 75' lang='lat' dir='ltr'><strong>tute‘multte,</strong></span> <span class='ocrx_word' id='word_1_638' title='bbox 2571 3885 2821 3951; x_wconf 88' lang='lat' dir='ltr'><strong>Domine,</strong></span> <span class='ocrx_word' id='word_1_639' title='bbox 2882 3884 3170 3939; x_wconf 86' lang='lat' dir='ltr'><strong>secundum</strong></span> <span class='ocrx_word' id='word_1_640' title='bbox 3211 3884 3479 3953; x_wconf 88' lang='lat' dir='ltr'><strong>judicium</strong></span> 
     </span>
    </p>
   </div>
   <div class='ocr_carea' id='block_1_84' title="bbox 1902 3971 3478 4045">
    <p class='ocr_par' dir='ltr' id='par_1_84' title="bbox 1902 3971 3478 4045">
     <span class='ocr_line' id='line_1_84' title="bbox 1902 3971 3478 4045; baseline -0.004 -15"><span class='ocrx_word' id='word_1_641' title='bbox 1902 3988 2050 4030; x_wconf 91' lang='lat' dir='ltr'><strong>tuum</strong></span> <span class='ocrx_word' id='word_1_642' title='bbox 2098 3976 2305 4045; x_wconf 76' lang='lat' dir='ltr'><strong>viui/ica</strong></span> <span class='ocrx_word' id='word_1_643' title='bbox 2341 3992 2443 4029; x_wconf 87' lang='lat' dir='ltr'><strong>me.</strong></span> <span class='ocrx_word' id='word_1_644' title='bbox 2489 3972 2861 4029; x_wconf 85' lang='lat' dir='ltr'><strong>Misericordia</strong></span> <span class='ocrx_word' id='word_1_645' title='bbox 2904 3973 3142 4028; x_wconf 89' lang='lat' dir='ltr'><strong>hominis</strong></span> <span class='ocrx_word' id='word_1_646' title='bbox 3180 3972 3236 4026; x_wconf 89' lang='lat' dir='ltr'><strong>in</strong></span> <span class='ocrx_word' id='word_1_647' title='bbox 3287 3971 3478 4041; x_wconf 68' lang='lat' dir='ltr'><strong>proxi~</strong></span> 
     </span>
    </p>
   </div>
   <div class='ocr_carea' id='block_1_85' title="bbox 1901 4061 3477 4131">
    <p class='ocr_par' dir='ltr' id='par_1_85' title="bbox 1901 4061 3477 4131">
     <span class='ocr_line' id='line_1_85' title="bbox 1901 4061 3477 4131; baseline -0.004 -9"><span class='ocrx_word' id='word_1_648' title='bbox 1901 4082 2050 4122; x_wconf 91' lang='lat' dir='ltr'><strong>mum</strong></span> <span class='ocrx_word' id='word_1_649' title='bbox 2084 4081 2246 4123; x_wconf 90' lang='lat' dir='ltr'><strong>suum</strong></span> <span class='ocrx_word' id='word_1_650' title='bbox 2280 4072 2403 4131; x_wconf 90' lang='lat' dir='ltr'><strong>est;</strong></span> <span class='ocrx_word' id='word_1_651' title='bbox 2444 4062 2826 4119; x_wconf 88' lang='lat' dir='ltr'><strong>misericordia</strong></span> <span class='ocrx_word' id='word_1_652' title='bbox 2867 4077 3000 4118; x_wconf 89' lang='lat' dir='ltr'><strong>vero</strong></span> <span class='ocrx_word' id='word_1_653' title='bbox 3029 4061 3126 4117; x_wconf 87' lang='lat' dir='ltr'><strong>Dei</strong></span> <span class='ocrx_word' id='word_1_654' title='bbox 3174 4063 3230 4117; x_wconf 90' lang='lat' dir='ltr'><strong>in</strong></span> <span class='ocrx_word' id='word_1_655' title='bbox 3259 4076 3477 4117; x_wconf 92' lang='lat' dir='ltr'><strong>omnem</strong></span> 
     </span>
    </p>
   </div>
   <div class='ocr_carea' id='block_1_86' title="bbox 1899 4151 3479 4227">
    <p class='ocr_par' dir='ltr' id='par_1_86' title="bbox 1899 4151 3479 4227">
     <span class='ocr_line' id='line_1_86' title="bbox 1899 4151 3479 4227; baseline -0.006 -13"><span class='ocrx_word' id='word_1_656' title='bbox 1899 4173 2147 4223; x_wconf 90' lang='lat' dir='ltr'><strong>carnem,</strong></span> <span class='ocrx_word' id='word_1_657' title='bbox 2176 4156 2269 4227; x_wconf 89' lang='lat' dir='ltr'><strong>qui</strong></span> <span class='ocrx_word' id='word_1_658' title='bbox 2293 4157 2458 4212; x_wconf 91' lang='lat' dir='ltr'><strong>etiam</strong></span> <span class='ocrx_word' id='word_1_659' title='bbox 2482 4156 2640 4225; x_wconf 79' lang='lat' dir='ltr'><strong>longe</strong></span> <span class='ocrx_word' id='word_1_660' title='bbox 2667 4153 3010 4225; x_wconf 76' lang='lat' dir='ltr'><strong>iustissimus</strong></span> <span class='ocrx_word' id='word_1_661' title='bbox 3031 4160 3137 4209; x_wconf 89' lang='lat' dir='ltr'><strong>est.</strong></span> <span class='ocrx_word' id='word_1_662' title='bbox 3166 4151 3301 4205; x_wconf 84' lang='lat' dir='ltr'><strong>Nam</strong></span> <span class='ocrx_word' id='word_1_663' title='bbox 3328 4166 3479 4205; x_wconf 86' lang='lat' dir='ltr'><strong>com-</strong></span> 
     </span>
    </p>
   </div>
   <div class='ocr_carea' id='block_1_87' title="bbox 1903 4240 3477 4321">
    <p class='ocr_par' dir='ltr' id='par_1_87' title="bbox 1903 4240 3477 4321">
     <span class='ocr_line' id='line_1_87' title="bbox 1903 4240 3477 4321; baseline -0.007 -18"><span class='ocrx_word' id='word_1_664' title='bbox 1903 4250 2190 4321; x_wconf 89' lang='lat' dir='ltr'><strong>paratione</strong></span> <span class='ocrx_word' id='word_1_665' title='bbox 2222 4248 2505 4302; x_wconf 88' lang='lat' dir='ltr'><strong>hominum</strong></span> <span class='ocrx_word' id='word_1_666' title='bbox 2552 4246 2695 4300; x_wconf 82' lang='lat' dir='ltr'><strong>facta</strong></span> <span class='ocrx_word' id='word_1_667' title='bbox 2731 4246 2799 4300; x_wconf 91' lang='lat' dir='ltr'><strong>ad</strong></span> <span class='ocrx_word' id='word_1_668' title='bbox 2834 4250 3152 4299; x_wconf 87' lang='lat' dir='ltr'><strong>accuratum</strong></span> <span class='ocrx_word' id='word_1_669' title='bbox 3197 4240 3290 4295; x_wconf 89' lang='lat' dir='ltr'><strong>Dei</strong></span> <span class='ocrx_word' id='word_1_670' title='bbox 3328 4240 3477 4309; x_wconf 84' lang='lat' dir='ltr'><strong>judi-</strong></span> 
     </span>
    </p>
   </div>
   <div class='ocr_carea' id='block_1_88' title="bbox 214 4328 1799 4432">
    <p class='ocr_par' dir='ltr' id='par_1_88' title="bbox 214 4328 1794 4427">
     <span class='ocr_line' id='line_1_88' title="bbox 214 4328 1794 4427; baseline -0.008 -18"><span class='ocrx_word' id='word_1_671' title='bbox 214 4328 387 4409; x_wconf 76' lang='grc' dir='ltr'>καιον.</span> <span class='ocrx_word' id='word_1_672' title='bbox 423 4328 538 4408; x_wconf 68' lang='lat' dir='ltr'><strong>Dav</strong></span> <span class='ocrx_word' id='word_1_673' title='bbox 586 4328 713 4427; x_wconf 32' lang='grc' dir='ltr'>κὰρ.</span> <span class='ocrx_word' id='word_1_674' title='bbox 739 4328 793 4407; x_wconf 43' lang='grc' dir='ltr'><strong>ὃ.</strong></span> <span class='ocrx_word' id='word_1_675' title='bbox 820 4355 968 4408; x_wconf 88' lang='grc' dir='ltr'><strong>δοκεῖ</strong></span> <span class='ocrx_word' id='word_1_676' title='bbox 999 4353 1276 4421; x_wconf 81' lang='grc' dir='ltr'>γεγονέναι</span> <span class='ocrx_word' id='word_1_677' title='bbox 1305 4349 1425 4404; x_wconf 87' lang='grc' dir='ltr'>κατ’</span> <span class='ocrx_word' id='word_1_678' title='bbox 1454 4348 1618 4412; x_wconf 76' lang='grc' dir='ltr'>ἔλεον,</span> <span class='ocrx_word' id='word_1_679' title='bbox 1658 4345 1794 4415; x_wconf 75' lang='grc' dir='ltr'><strong>ἐλέῳ</strong></span> 
     </span>
    </p>
   </div>
   <div class='ocr_carea' id='block_1_89' title="bbox 1911 4328 3479 4432">
    <p class='ocr_par' dir='ltr' id='par_1_89' title="bbox 1911 4328 3479 4404">
     <span class='ocr_line' id='line_1_89' title="bbox 1911 4328 3479 4404; baseline -0.004 -13"><span class='ocrx_word' id='word_1_680' title='bbox 1911 4338 2092 4398; x_wconf 85' lang='lat' dir='ltr'><strong>cium,</strong></span> <span class='ocrx_word' id='word_1_681' title='bbox 2135 4336 2353 4404; x_wconf 89' lang='lat' dir='ltr'><strong>justitia</strong></span> <span class='ocrx_word' id='word_1_682' title='bbox 2405 4334 2787 4389; x_wconf 86' lang='lat' dir='ltr'><strong>misericordia</strong></span> <span class='ocrx_word' id='word_1_683' title='bbox 2833 4333 3058 4403; x_wconf 82' lang='lat' dir='ltr'><strong>indiget.</strong></span> <span class='ocrx_word' id='word_1_684' title='bbox 3105 4328 3479 4399; x_wconf 86' lang='lat' dir='ltr'><strong>Quodcunque</strong></span> 
     </span>
    </p>
   </div>
   <div class='ocr_carea' id='block_1_90' title="bbox 214 4437 1793 4516">
    <p class='ocr_par' dir='ltr' id='par_1_90' title="bbox 214 4437 1793 4516">
     <span class='ocr_line' id='line_1_90' title="bbox 214 4437 1793 4516; baseline -0.006 -18"><span class='ocrx_word' id='word_1_685' title='bbox 214 4445 351 4499; x_wconf 89' lang='grc' dir='ltr'>Θεοῦ</span> <span class='ocrx_word' id='word_1_686' title='bbox 381 4445 606 4513; x_wconf 86' lang='grc' dir='ltr'>γίνεται.</span> <span class='ocrx_word' id='word_1_687' title='bbox 634 4446 698 4497; x_wconf 92' lang='grc' dir='ltr'>Τί</span> <span class='ocrx_word' id='word_1_688' title='bbox 718 4446 827 4516; x_wconf 86' lang='grc' dir='ltr'><strong>γάρ</strong></span> <span class='ocrx_word' id='word_1_689' title='bbox 854 4461 938 4506; x_wconf 88' lang='grc' dir='ltr'><strong>τις</strong></span> <span class='ocrx_word' id='word_1_690' title='bbox 970 4443 1117 4508; x_wconf 78' lang='grc' dir='ltr'>ἄξιον</span> <span class='ocrx_word' id='word_1_691' title='bbox 1146 4440 1409 4510; x_wconf 85' lang='grc' dir='ltr'>πεποίηκε</span> <span class='ocrx_word' id='word_1_692' title='bbox 1440 4437 1656 4491; x_wconf 77' lang='grc' dir='ltr'>αἰωνίου</span> <span class='ocrx_word' id='word_1_693' title='bbox 1689 4449 1793 4505; x_wconf 82' lang='grc' dir='ltr'>μα-</span> 
     </span>
    </p>
   </div>
   <div class='ocr_carea' id='block_1_91' title="bbox 216 4525 1797 4606">
    <p class='ocr_par' dir='ltr' id='par_1_91' title="bbox 216 4525 1797 4606">
     <span class='ocr_line' id='line_1_91' title="bbox 216 4525 1797 4606; baseline -0.022 2"><span class='ocrx_word' id='word_1_694' title='bbox 216 4536 537 4606; x_wconf 79' lang='grc' dir='ltr'>καριότητος</span> <span class='ocrx_word' id='word_1_695' title='bbox 573 4535 667 4589; x_wconf 70' lang='grc' dir='ltr'><strong>καὶ</strong></span> <span class='ocrx_word' id='word_1_696' title='bbox 698 4534 971 4604; x_wconf 78' lang='grc' dir='ltr'>βασιλείας</span> <span class='ocrx_word' id='word_1_697' title='bbox 990 4531 1253 4602; x_wconf 82' lang='grc' dir='ltr'>οὐρανῶν,</span> <span class='ocrx_word' id='word_1_698' title='bbox 1286 4530 1360 4600; x_wconf 84' lang='grc' dir='ltr'><strong>μὴ</strong></span> <span class='ocrx_word' id='word_1_699' title='bbox 1391 4529 1495 4581; x_wconf 76' lang='grc' dir='ltr'><strong>ὑπὸ</strong></span> <span class='ocrx_word' id='word_1_700' title='bbox 1517 4526 1652 4579; x_wconf 90' lang='grc' dir='ltr'>Θεοῦ</span> <span class='ocrx_word' id='word_1_701' title='bbox 1678 4525 1797 4595; x_wconf 80' lang='grc' dir='ltr'>βοη-</span> 
     </span>
    </p>
   </div>
   <div class='ocr_carea' id='block_1_92' title="bbox 215 4614 1794 4697">
    <p class='ocr_par' dir='ltr' id='par_1_92' title="bbox 215 4614 1794 4697">
     <span class='ocr_line' id='line_1_92' title="bbox 215 4614 1794 4697; baseline -0.008 -17"><span class='ocrx_word' id='word_1_702' title='bbox 215 4626 308 4681; x_wconf 83' lang='grc' dir='ltr'>οού</span> <span class='ocrx_word' id='word_1_703' title='bbox 316 4644 472 4697; x_wconf 86' lang='grc' dir='ltr'>μενος</span> <span class='ocrx_word' id='word_1_704' title='bbox 488 4625 796 4692; x_wconf 77' lang='grc' dir='ltr'><strong>;-Πολλοί</strong></span> <span class='ocrx_word' id='word_1_705' title='bbox 814 4628 867 4677; x_wconf 86' lang='grc' dir='ltr'><strong>οἰ</strong></span> <span class='ocrx_word' id='word_1_706' title='bbox 888 4620 1269 4686; x_wconf 84' lang='grc' dir='ltr'>ἐκδιώκοντές</span> <span class='ocrx_word' id='word_1_707' title='bbox 1278 4637 1355 4689; x_wconf 81' lang='grc' dir='ltr'>με</span> <span class='ocrx_word' id='word_1_708' title='bbox 1377 4620 1472 4673; x_wconf 82' lang='grc' dir='ltr'>καὶ</span> <span class='ocrx_word' id='word_1_709' title='bbox 1490 4614 1794 4680; x_wconf 72' lang='grc' dir='ltr'>θλίϐοντές</span> 
     </span>
    </p>
   </div>
   <div class='ocr_carea' id='block_1_93' title="bbox 210 4703 1795 4786">
    <p class='ocr_par' dir='ltr' id='par_1_93' title="bbox 210 4703 1795 4786">
     <span class='ocr_line' id='line_1_93' title="bbox 210 4703 1795 4786; baseline -0.007 -16"><span class='ocrx_word' id='word_1_710' title='bbox 210 4735 308 4786; x_wconf 79' lang='grc' dir='ltr'>με,</span> <span class='ocrx_word' id='word_1_711' title='bbox 344 4718 411 4769; x_wconf 77' lang='grc' dir='ltr'>ἐκ</span> <span class='ocrx_word' id='word_1_712' title='bbox 443 4716 561 4769; x_wconf 89' lang='grc' dir='ltr'><strong>τῶν</strong></span> <span class='ocrx_word' id='word_1_713' title='bbox 589 4715 929 4785; x_wconf 82' lang='grc' dir='ltr'>μαρτυρίων</span> <span class='ocrx_word' id='word_1_714' title='bbox 981 4730 1098 4767; x_wconf 90' lang='grc' dir='ltr'>σου</span> <span class='ocrx_word' id='word_1_715' title='bbox 1133 4714 1246 4765; x_wconf 86' lang='grc' dir='ltr'>οὐκ</span> <span class='ocrx_word' id='word_1_716' title='bbox 1284 4709 1584 4774; x_wconf 74' lang='grc' dir='ltr'>ἐξέκλινα.</span> <span class='ocrx_word' id='word_1_717' title='bbox 1613 4703 1795 4760; x_wconf 76' lang='grc' dir='ltr'>Εἶδον</span> 
     </span>
    </p>
   </div>
   <div class='ocr_carea' id='block_1_94' title="bbox 214 4794 1796 4870">
    <p class='ocr_par' dir='ltr' id='par_1_94' title="bbox 214 4794 1796 4870">
     <span class='ocr_line' id='line_1_94' title="bbox 214 4794 1796 4870; baseline -0.007 -11"><span class='ocrx_word' id='word_1_718' title='bbox 214 4804 662 4870; x_wconf 83' lang='grc' dir='ltr'>ἀσυνετοῦντας</span> <span class='ocrx_word' id='word_1_719' title='bbox 718 4803 816 4856; x_wconf 85' lang='grc' dir='ltr'><strong>καί</strong></span> <span class='ocrx_word' id='word_1_720' title='bbox 885 4802 1272 4869; x_wconf 78' lang='grc' dir='ltr'>ἐξετηκόμην,</span> <span class='ocrx_word' id='word_1_721' title='bbox 1318 4799 1407 4851; x_wconf 88' lang='grc' dir='ltr'>ὅτι</span> <span class='ocrx_word' id='word_1_722' title='bbox 1485 4798 1558 4851; x_wconf 86' lang='grc' dir='ltr'>τὰ</span> <span class='ocrx_word' id='word_1_723' title='bbox 1621 4794 1796 4864; x_wconf 74' lang='grc' dir='ltr'>λόγια</span> 
     </span>
    </p>
   </div>
   <div class='ocr_carea' id='block_1_95' title="bbox 215 4886 1794 4963">
    <p class='ocr_par' dir='ltr' id='par_1_95' title="bbox 215 4886 1794 4963">
     <span class='ocr_line' id='line_1_95' title="bbox 215 4886 1794 4963; baseline -0.007 -14"><span class='ocrx_word' id='word_1_724' title='bbox 215 4910 333 4948; x_wconf 89' lang='grc' dir='ltr'>σου</span> <span class='ocrx_word' id='word_1_725' title='bbox 363 4896 475 4948; x_wconf 87' lang='grc' dir='ltr'>οὐκ</span> <span class='ocrx_word' id='word_1_726' title='bbox 512 4891 1056 4963; x_wconf 64' lang='grc' dir='ltr'>ἐφυλάξαντοΗδε,</span> <span class='ocrx_word' id='word_1_727' title='bbox 1102 4890 1192 4943; x_wconf 85' lang='grc' dir='ltr'>ὅτι</span> <span class='ocrx_word' id='word_1_728' title='bbox 1239 4891 1345 4955; x_wconf 87' lang='grc' dir='ltr'>τὰς</span> <span class='ocrx_word' id='word_1_729' title='bbox 1384 4886 1637 4951; x_wconf 76' lang='grc' dir='ltr'>ἐντολάς</span> <span class='ocrx_word' id='word_1_730' title='bbox 1677 4900 1794 4939; x_wconf 93' lang='grc' dir='ltr'><strong>σου</strong></span> 
     </span>
    </p>
   </div>
   <div class='ocr_carea' id='block_1_96' title="bbox 213 4968 1791 5046">
    <p class='ocr_par' dir='ltr' id='par_1_96' title="bbox 213 4968 1791 5046">
     <span class='ocr_line' id='line_1_96' title="bbox 213 4968 1791 5046; baseline -0.005 -15"><span class='ocrx_word' id='word_1_731' title='bbox 213 4977 520 5046; x_wconf 70' lang='grc' dir='ltr'>ἠγάπησα,</span> <span class='ocrx_word' id='word_1_732' title='bbox 543 4978 739 5045; x_wconf 82' lang='grc' dir='ltr'>Κύριε,</span> <span class='ocrx_word' id='word_1_733' title='bbox 765 4976 835 5028; x_wconf 84' lang='grc' dir='ltr'>ἐν</span> <span class='ocrx_word' id='word_1_734' title='bbox 858 4974 939 5040; x_wconf 86' lang='grc' dir='ltr'>τῷ</span> <span class='ocrx_word' id='word_1_735' title='bbox 966 4975 1121 5028; x_wconf 75' lang='grc' dir='ltr'>ἐλέει</span> <span class='ocrx_word' id='word_1_736' title='bbox 1153 4988 1269 5026; x_wconf 89' lang='grc' dir='ltr'><strong>σου</strong></span> <span class='ocrx_word' id='word_1_737' title='bbox 1303 4971 1487 5041; x_wconf 79' lang='grc' dir='ltr'>ζῆσόν</span> <span class='ocrx_word' id='word_1_738' title='bbox 1508 4986 1603 5040; x_wconf 82' lang='grc' dir='ltr'><strong>με.</strong></span> <span class='ocrx_word' id='word_1_739' title='bbox 1622 4968 1791 5038; x_wconf 81' lang='grc' dir='ltr'><strong>Ἀρχὴ</strong></span> 
     </span>
    </p>
   </div>
   <div class='ocr_carea' id='block_1_97' title="bbox 214 5059 1796 5136">
    <p class='ocr_par' dir='ltr' id='par_1_97' title="bbox 214 5059 1796 5136">
     <span class='ocr_line' id='line_1_97' title="bbox 214 5059 1796 5136; baseline -0.005 -16"><span class='ocrx_word' id='word_1_740' title='bbox 214 5066 333 5120; x_wconf 57' lang='grc' dir='ltr'><strong>τῶν</strong></span> <span class='ocrx_word' id='word_1_741' title='bbox 361 5069 560 5136; x_wconf 74' lang='grc' dir='ltr'>λόγων</span> <span class='ocrx_word' id='word_1_742' title='bbox 586 5081 704 5120; x_wconf 87' lang='grc' dir='ltr'><strong>σου</strong></span> <span class='ocrx_word' id='word_1_743' title='bbox 732 5065 982 5130; x_wconf 72' lang='grc' dir='ltr'>ἀλήθεια</span> <span class='ocrx_word' id='word_1_744' title='bbox 1000 5082 1012 5095; x_wconf 90' lang='grc'>·</span> <span class='ocrx_word' id='word_1_745' title='bbox 1051 5064 1149 5118; x_wconf 73' lang='grc' dir='ltr'>καὶ</span> <span class='ocrx_word' id='word_1_746' title='bbox 1177 5066 1262 5130; x_wconf 84' lang='grc' dir='ltr'><strong>εἰς</strong></span> <span class='ocrx_word' id='word_1_747' title='bbox 1288 5065 1396 5118; x_wconf 85' lang='grc' dir='ltr'>τὸν</span> <span class='ocrx_word' id='word_1_748' title='bbox 1424 5061 1610 5117; x_wconf 86' lang='grc' dir='ltr'>αἰῶνα</span> <span class='ocrx_word' id='word_1_749' title='bbox 1646 5059 1796 5113; x_wconf 79' lang='grc' dir='ltr'><strong>πάν-</strong></span> 
     </span>
    </p>
   </div>
   <div class='ocr_carea' id='block_1_98' title="bbox 214 5155 1379 5227">
    <p class='ocr_par' dir='ltr' id='par_1_98' title="bbox 214 5155 1379 5227">
     <span class='ocr_line' id='line_1_98' title="bbox 214 5155 1379 5227; baseline -0.003 -16"><span class='ocrx_word' id='word_1_750' title='bbox 214 5174 289 5211; x_wconf 76' lang='grc' dir='ltr'><strong>τα</strong></span> <span class='ocrx_word' id='word_1_751' title='bbox 309 5157 382 5211; x_wconf 83' lang='grc' dir='ltr'>τὰ</span> <span class='ocrx_word' id='word_1_752' title='bbox 412 5158 663 5227; x_wconf 85' lang='grc' dir='ltr'>κρίματα</span> <span class='ocrx_word' id='word_1_753' title='bbox 690 5156 801 5225; x_wconf 84' lang='grc' dir='ltr'>τῆς</span> <span class='ocrx_word' id='word_1_754' title='bbox 829 5155 1218 5223; x_wconf 85' lang='grc' dir='ltr'>δικαιοσύνης</span> <span class='ocrx_word' id='word_1_755' title='bbox 1244 5170 1379 5209; x_wconf 86' lang='grc' dir='ltr'>σου.</span> 
     </span>
    </p>
   </div>
   <div class='ocr_carea' id='block_1_99' title="bbox 290 5350 1794 5421">
    <p class='ocr_par' dir='ltr' id='par_1_99' title="bbox 290 5350 1794 5421">
     <span class='ocr_line' id='line_1_99' title="bbox 290 5350 1794 5421; baseline -0.002 -13"><span class='ocrx_word' id='word_1_756' title='bbox 290 5354 609 5421; x_wconf 73' lang='grc' dir='ltr'>’Ἄρχοντες</span> <span class='ocrx_word' id='word_1_757' title='bbox 640 5350 1006 5416; x_wconf 78' lang='grc' dir='ltr'>κατεδίωξάν</span> <span class='ocrx_word' id='word_1_758' title='bbox 1020 5367 1098 5420; x_wconf 81' lang='grc' dir='ltr'>με</span> <span class='ocrx_word' id='word_1_759' title='bbox 1126 5352 1371 5420; x_wconf 84' lang='grc' dir='ltr'>δωρεὰν,</span> <span class='ocrx_word' id='word_1_760' title='bbox 1401 5352 1497 5405; x_wconf 85' lang='grc' dir='ltr'><strong>καί</strong></span> <span class='ocrx_word' id='word_1_761' title='bbox 1528 5351 1643 5405; x_wconf 80' lang='grc' dir='ltr'><strong>ἀπὸ</strong></span> <span class='ocrx_word' id='word_1_762' title='bbox 1676 5351 1794 5405; x_wconf 85' lang='grc' dir='ltr'><strong>τῶν</strong></span> 
     </span>
    </p>
   </div>
   <div class='ocr_carea' id='block_1_100' title="bbox 214 5442 1791 5514">
    <p class='ocr_par' dir='ltr' id='par_1_100' title="bbox 214 5442 1791 5514">
     <span class='ocr_line' id='line_1_100' title="bbox 214 5442 1791 5514; baseline -0.002 -15"><span class='ocrx_word' id='word_1_763' title='bbox 214 5447 412 5514; x_wconf 58' lang='grc' dir='ltr'>λόγων</span> <span class='ocrx_word' id='word_1_764' title='bbox 432 5459 548 5498; x_wconf 91' lang='grc' dir='ltr'><strong>σου</strong></span> <span class='ocrx_word' id='word_1_765' title='bbox 575 5443 915 5497; x_wconf 75' lang='grc' dir='ltr'>ἐδειλίασεν</span> <span class='ocrx_word' id='word_1_766' title='bbox 952 5444 990 5511; x_wconf 80' lang='grc' dir='ltr'><strong><em>ἠ</em></strong></span> <span class='ocrx_word' id='word_1_767' title='bbox 1019 5442 1232 5511; x_wconf 82' lang='grc' dir='ltr'>καρδία</span> <span class='ocrx_word' id='word_1_768' title='bbox 1251 5462 1389 5513; x_wconf 84' lang='grc' dir='ltr'>μου.</span> <span class='ocrx_word' id='word_1_769' title='bbox 1409 5442 1791 5513; x_wconf 72' lang='grc' dir='ltr'>Ἀγαλλιάσο-</span> 
     </span>
    </p>
   </div>
   <div class='ocr_carea' id='block_1_101' title="bbox 208 5533 1794 5604">
    <p class='ocr_par' dir='ltr' id='par_1_101' title="bbox 208 5533 1794 5604">
     <span class='ocr_line' id='line_1_101' title="bbox 208 5533 1794 5604; baseline 0.001 -17"><span class='ocrx_word' id='word_1_770' title='bbox 208 5551 316 5604; x_wconf 83' lang='grc' dir='ltr'>μαι</span> <span class='ocrx_word' id='word_1_771' title='bbox 347 5535 461 5604; x_wconf 80' lang='grc' dir='ltr'><strong>ἐγὼ</strong></span> <span class='ocrx_word' id='word_1_772' title='bbox 485 5534 582 5588; x_wconf 82' lang='grc' dir='ltr'><strong>ἐπὶ</strong></span> <span class='ocrx_word' id='word_1_773' title='bbox 615 5534 689 5587; x_wconf 85' lang='grc' dir='ltr'>τὰ</span> <span class='ocrx_word' id='word_1_774' title='bbox 724 5533 898 5603; x_wconf 56' lang='lat' dir='ltr'><strong>adquei</strong></span> <span class='ocrx_word' id='word_1_775' title='bbox 919 5549 1056 5597; x_wconf 84' lang='grc' dir='ltr'>σου,</span> <span class='ocrx_word' id='word_1_776' title='bbox 1084 5534 1165 5601; x_wconf 88' lang='grc' dir='ltr'>ὡς</span> <span class='ocrx_word' id='word_1_777' title='bbox 1197 5536 1231 5588; x_wconf 85' lang='grc' dir='ltr'><strong>ό</strong></span> <span class='ocrx_word' id='word_1_778' title='bbox 1266 5535 1563 5603; x_wconf 81' lang='grc' dir='ltr'>εὑρίσκων</span> <span class='ocrx_word' id='word_1_779' title='bbox 1592 5535 1794 5590; x_wconf 78' lang='grc' dir='ltr'>σκῦλα</span> 
     </span>
    </p>
   </div>
   <div class='ocr_carea' id='block_1_102' title="bbox 211 5624 1793 5699">
    <p class='ocr_par' dir='ltr' id='par_1_102' title="bbox 211 5624 1793 5699">
     <span class='ocr_line' id='line_1_102' title="bbox 211 5624 1793 5699; baseline 0.001 -18"><span class='ocrx_word' id='word_1_780' title='bbox 211 5624 434 5687; x_wconf 71' lang='grc' dir='ltr'><em>πολλὰ.</em></span> <span class='ocrx_word' id='word_1_781' title='bbox 452 5625 703 5692; x_wconf 83' lang='grc' dir='ltr'>Ἀδικίας</span> <span class='ocrx_word' id='word_1_782' title='bbox 724 5626 991 5697; x_wconf 83' lang='grc' dir='ltr'>ἐμίσησα</span> <span class='ocrx_word' id='word_1_783' title='bbox 1014 5626 1111 5682; x_wconf 76' lang='grc' dir='ltr'><strong>καί</strong></span> <span class='ocrx_word' id='word_1_784' title='bbox 1136 5625 1568 5699; x_wconf 76' lang='grc' dir='ltr'>ἐϐδελυξάμην,</span> <span class='ocrx_word' id='word_1_785' title='bbox 1600 5626 1704 5683; x_wconf 84' lang='grc' dir='ltr'>τὸν</span> <span class='ocrx_word' id='word_1_786' title='bbox 1726 5626 1793 5683; x_wconf 83' lang='grc' dir='ltr'>δὲ</span> 
     </span>
    </p>
   </div>
   <div class='ocr_carea' id='block_1_103' title="bbox 1902 4421 3479 4493">
    <p class='ocr_par' dir='ltr' id='par_1_103' title="bbox 1902 4421 3479 4493">
     <span class='ocr_line' id='line_1_103' title="bbox 1902 4421 3479 4493; baseline -0.006 -10"><span class='ocrx_word' id='word_1_787' title='bbox 1902 4428 2051 4483; x_wconf 87' lang='lat' dir='ltr'><strong>enim</strong></span> <span class='ocrx_word' id='word_1_788' title='bbox 2085 4427 2387 4483; x_wconf 89' lang='lat' dir='ltr'><strong>secundum</strong></span> <span class='ocrx_word' id='word_1_789' title='bbox 2423 4426 2857 4481; x_wconf 89' lang='lat' dir='ltr'><strong>misericordiam</strong></span> <span class='ocrx_word' id='word_1_790' title='bbox 2901 4423 3087 4493; x_wconf 90' lang='lat' dir='ltr'><strong>peragi</strong></span> <span class='ocrx_word' id='word_1_791' title='bbox 3114 4421 3350 4487; x_wconf 88' lang='lat' dir='ltr'><strong>videtur,</strong></span> <span class='ocrx_word' id='word_1_792' title='bbox 3376 4421 3479 4474; x_wconf 82' lang='lat' dir='ltr'><strong>mi-</strong></span> 
     </span>
    </p>
   </div>
   <div class='ocr_carea' id='block_1_104' title="bbox 1902 4513 3475 4582">
    <p class='ocr_par' dir='ltr' id='par_1_104' title="bbox 1902 4513 3475 4582">
     <span class='ocr_line' id='line_1_104' title="bbox 1902 4513 3475 4582; baseline -0.005 -9"><span class='ocrx_word' id='word_1_793' title='bbox 1902 4518 2204 4573; x_wconf 89' lang='lat' dir='ltr'><strong>sericordia</strong></span> <span class='ocrx_word' id='word_1_794' title='bbox 2249 4517 2341 4573; x_wconf 91' lang='lat' dir='ltr'><strong>Dei</strong></span> <span class='ocrx_word' id='word_1_795' title='bbox 2378 4515 2632 4572; x_wconf 84' lang='lat' dir='ltr'><strong>eﬂicitur.</strong></span> <span class='ocrx_word' id='word_1_796' title='bbox 2688 4514 2831 4581; x_wconf 85' lang='lat' dir='ltr'><strong>Quid</strong></span> <span class='ocrx_word' id='word_1_797' title='bbox 2864 4514 3009 4569; x_wconf 92' lang='lat' dir='ltr'><strong>enim</strong></span> <span class='ocrx_word' id='word_1_798' title='bbox 3057 4513 3184 4582; x_wconf 87' lang='lat' dir='ltr'><strong>quis</strong></span> <span class='ocrx_word' id='word_1_799' title='bbox 3235 4526 3475 4581; x_wconf 87' lang='lat' dir='ltr'><strong>unquam</strong></span> 
     </span>
    </p>
   </div>
   <div class='ocr_carea' id='block_1_105' title="bbox 1900 4603 3477 4676">
    <p class='ocr_par' dir='ltr' id='par_1_105' title="bbox 1900 4603 3477 4676">
     <span class='ocr_line' id='line_1_105' title="bbox 1900 4603 3477 4676; baseline -0.004 -15"><span class='ocrx_word' id='word_1_800' title='bbox 1900 4616 2106 4661; x_wconf 69' lang='lat' dir='ltr'><strong>aeterna</strong></span> <span class='ocrx_word' id='word_1_801' title='bbox 2132 4606 2475 4662; x_wconf 90' lang='lat' dir='ltr'><strong>beatitudine</strong></span> <span class='ocrx_word' id='word_1_802' title='bbox 2511 4611 2565 4661; x_wconf 92' lang='lat' dir='ltr'><strong>et</strong></span> <span class='ocrx_word' id='word_1_803' title='bbox 2597 4618 2765 4676; x_wconf 89' lang='lat' dir='ltr'><strong>regno</strong></span> <span class='ocrx_word' id='word_1_804' title='bbox 2809 4604 3073 4659; x_wconf 59' lang='lat' dir='ltr'><strong>caelorum</strong></span> <span class='ocrx_word' id='word_1_805' title='bbox 3102 4603 3327 4673; x_wconf 89' lang='lat' dir='ltr'><strong>dignum</strong></span> <span class='ocrx_word' id='word_1_806' title='bbox 3358 4616 3477 4672; x_wconf 87' lang='lat' dir='ltr'><strong>ges-</strong></span> 
     </span>
    </p>
   </div>
   <div class='ocr_carea' id='block_1_106' title="bbox 1902 4690 3478 4766">
    <p class='ocr_par' dir='ltr' id='par_1_106' title="bbox 1902 4690 3478 4766">
     <span class='ocr_line' id='line_1_106' title="bbox 1902 4690 3478 4766; baseline -0.006 -12"><span class='ocrx_word' id='word_1_807' title='bbox 1902 4698 2056 4761; x_wconf 90' lang='lat' dir='ltr'><strong>serit,</strong></span> <span class='ocrx_word' id='word_1_808' title='bbox 2094 4696 2201 4751; x_wconf 89' lang='lat' dir='ltr'><strong>nisi</strong></span> <span class='ocrx_word' id='word_1_809' title='bbox 2231 4695 2342 4751; x_wconf 93' lang='lat' dir='ltr'><strong>Deo</strong></span> <span class='ocrx_word' id='word_1_810' title='bbox 2365 4696 2705 4766; x_wconf 87' lang='lat' dir='ltr'><strong>opitulante?</strong></span> <span class='ocrx_word' id='word_1_811' title='bbox 2732 4724 2803 4735; x_wconf 89' lang='lat'><strong>—</strong></span> <span class='ocrx_word' id='word_1_812' title='bbox 2834 4692 3001 4749; x_wconf 74' lang='lat' dir='ltr'><strong>Vens.</strong></span> <span class='ocrx_word' id='word_1_813' title='bbox 3030 4691 3285 4747; x_wconf 82' lang='lat'><strong>157-160.</strong></span> <span class='ocrx_word' id='word_1_814' title='bbox 3314 4690 3478 4745; x_wconf 72' lang='lat' dir='ltr'><strong>Multi</strong></span> 
     </span>
    </p>
   </div>
   <div class='ocr_carea' id='block_1_107' title="bbox 1899 4781 3475 4856">
    <p class='ocr_par' dir='ltr' id='par_1_107' title="bbox 1899 4781 3475 4856">
     <span class='ocr_line' id='line_1_107' title="bbox 1899 4781 3475 4856; baseline -0.003 -18"><span class='ocrx_word' id='word_1_815' title='bbox 1899 4786 1989 4856; x_wconf 72' lang='lat' dir='ltr'><strong>qui</strong></span> <span class='ocrx_word' id='word_1_816' title='bbox 2028 4795 2407 4855; x_wconf 89' lang='lat' dir='ltr'><strong>persequuntur</strong></span> <span class='ocrx_word' id='word_1_817' title='bbox 2441 4800 2521 4838; x_wconf 89' lang='lat' dir='ltr'><strong>me</strong></span> <span class='ocrx_word' id='word_1_818' title='bbox 2547 4793 2597 4838; x_wconf 91' lang='lat' dir='ltr'><strong>et</strong></span> <span class='ocrx_word' id='word_1_819' title='bbox 2646 4783 2903 4837; x_wconf 85' lang='lat' dir='ltr'><strong>tribulant</strong></span> <span class='ocrx_word' id='word_1_820' title='bbox 2936 4799 3039 4849; x_wconf 90' lang='lat' dir='ltr'><strong>me,</strong></span> <span class='ocrx_word' id='word_1_821' title='bbox 3085 4799 3119 4834; x_wconf 93' lang='lat' dir='ltr'><strong>a</strong></span> <span class='ocrx_word' id='word_1_822' title='bbox 3163 4781 3475 4835; x_wconf 86' lang='lat' dir='ltr'><strong>testimoniis</strong></span> 
     </span>
    </p>
   </div>
   <div class='ocr_carea' id='block_1_108' title="bbox 1900 4873 3471 4944">
    <p class='ocr_par' dir='ltr' id='par_1_108' title="bbox 1900 4873 3471 4944">
     <span class='ocr_line' id='line_1_108' title="bbox 1900 4873 3471 4944; baseline -0.001 -15"><span class='ocrx_word' id='word_1_823' title='bbox 1900 4877 2004 4929; x_wconf 78' lang='lat' dir='ltr'><strong>tuis</strong></span> <span class='ocrx_word' id='word_1_824' title='bbox 2037 4892 2142 4929; x_wconf 91' lang='lat' dir='ltr'><strong>non</strong></span> <span class='ocrx_word' id='word_1_825' title='bbox 2172 4875 2451 4929; x_wconf 78' lang='lat' dir='ltr'><strong>declinavi.</strong></span> <span class='ocrx_word' id='word_1_826' title='bbox 2518 4874 2634 4928; x_wconf 86' lang='lat' dir='ltr'><strong>Vidi</strong></span> <span class='ocrx_word' id='word_1_827' title='bbox 2672 4874 2998 4944; x_wconf 87' lang='lat' dir='ltr'><strong>insipientes,</strong></span> <span class='ocrx_word' id='word_1_828' title='bbox 3040 4885 3089 4929; x_wconf 87' lang='lat' dir='ltr'><strong>et</strong></span> <span class='ocrx_word' id='word_1_829' title='bbox 3123 4873 3471 4938; x_wconf 86' lang='lat' dir='ltr'><strong>tabescebam,</strong></span> 
     </span>
    </p>
   </div>
   <div class='ocr_carea' id='block_1_109' title="bbox 1900 4960 3476 5032">
    <p class='ocr_par' dir='ltr' id='par_1_109' title="bbox 1900 4960 3476 5032">
     <span class='ocr_line' id='line_1_109' title="bbox 1900 4960 3476 5032; baseline 0.002 -19"><span class='ocrx_word' id='word_1_830' title='bbox 1900 4962 2027 5030; x_wconf 88' lang='lat' dir='ltr'><strong>quia</strong></span> <span class='ocrx_word' id='word_1_831' title='bbox 2058 4960 2268 5031; x_wconf 88' lang='lat' dir='ltr'><strong>eloquia</strong></span> <span class='ocrx_word' id='word_1_832' title='bbox 2300 4966 2417 5013; x_wconf 76' lang='lat' dir='ltr'><strong>&#39;tua</strong></span> <span class='ocrx_word' id='word_1_833' title='bbox 2462 4977 2566 5014; x_wconf 90' lang='lat' dir='ltr'><strong>non</strong></span> <span class='ocrx_word' id='word_1_834' title='bbox 2614 4963 2994 5017; x_wconf 86' lang='lat' dir='ltr'><strong>custodierunt.</strong></span> <span class='ocrx_word' id='word_1_835' title='bbox 3055 4962 3185 5019; x_wconf 85' lang='lat' dir='ltr'><strong>Vide</strong></span> <span class='ocrx_word' id='word_1_836' title='bbox 3228 4965 3476 5032; x_wconf 88' lang='lat' dir='ltr'><strong>quoniam</strong></span> 
     </span>
    </p>
   </div>
   <div class='ocr_carea' id='block_1_110' title="bbox 1900 5050 3475 5117">
    <p class='ocr_par' dir='ltr' id='par_1_110' title="bbox 1900 5050 3475 5117">
     <span class='ocr_line' id='line_1_110' title="bbox 1900 5050 3475 5117; baseline 0.003 -14"><span class='ocrx_word' id='word_1_837' title='bbox 1900 5050 2160 5104; x_wconf 86' lang='lat' dir='ltr'><strong>mandata</strong></span> <span class='ocrx_word' id='word_1_838' title='bbox 2192 5060 2285 5104; x_wconf 91' lang='lat' dir='ltr'><strong>tua</strong></span> <span class='ocrx_word' id='word_1_839' title='bbox 2335 5052 2521 5116; x_wconf 69' lang='lat' dir='ltr'><strong>dilexi,</strong></span> <span class='ocrx_word' id='word_1_840' title='bbox 2575 5052 2818 5117; x_wconf 88' lang='lat' dir='ltr'><strong>Domine,</strong></span> <span class='ocrx_word' id='word_1_841' title='bbox 2868 5054 2922 5106; x_wconf 90' lang='lat' dir='ltr'><strong>in</strong></span> <span class='ocrx_word' id='word_1_842' title='bbox 2970 5052 3337 5107; x_wconf 87' lang='lat' dir='ltr'><strong>misericordia</strong></span> <span class='ocrx_word' id='word_1_843' title='bbox 3384 5064 3475 5107; x_wconf 89' lang='lat' dir='ltr'><strong>tua</strong></span> 
     </span>
    </p>
   </div>
   <div class='ocr_carea' id='block_1_111' title="bbox 1898 5144 3476 5213">
    <p class='ocr_par' dir='ltr' id='par_1_111' title="bbox 1898 5144 3476 5213">
     <span class='ocr_line' id='line_1_111' title="bbox 1898 5144 3476 5213; baseline 0.001 -16"><span class='ocrx_word' id='word_1_844' title='bbox 1898 5144 2106 5213; x_wconf 82' lang='lat' dir='ltr'><strong>viuiﬁca</strong></span> <span class='ocrx_word' id='word_1_845' title='bbox 2140 5161 2240 5199; x_wconf 77' lang='lat' dir='ltr'><strong>me.</strong></span> <span class='ocrx_word' id='word_1_846' title='bbox 2276 5144 2607 5211; x_wconf 83' lang='lat' dir='ltr'><strong>Principium</strong></span> <span class='ocrx_word' id='word_1_847' title='bbox 2643 5145 2915 5199; x_wconf 87' lang='lat' dir='ltr'><strong>verborum</strong></span> <span class='ocrx_word' id='word_1_848' title='bbox 2945 5155 3155 5199; x_wconf 89' lang='lat' dir='ltr'><strong>tuorum</strong></span> <span class='ocrx_word' id='word_1_849' title='bbox 3183 5146 3393 5212; x_wconf 83' lang='lat' dir='ltr'><strong>ueritas,</strong></span> <span class='ocrx_word' id='word_1_850' title='bbox 3425 5154 3476 5200; x_wconf 92' lang='lat' dir='ltr'><strong>et</strong></span> 
     </span>
    </p>
   </div>
   <div class='ocr_carea' id='block_1_112' title="bbox 1898 5234 3081 5306">
    <p class='ocr_par' dir='ltr' id='par_1_112' title="bbox 1898 5234 3081 5306">
     <span class='ocr_line' id='line_1_112' title="bbox 1898 5234 3081 5306; baseline 0.003 -18"><span class='ocrx_word' id='word_1_851' title='bbox 1898 5236 1957 5289; x_wconf 87' lang='lat' dir='ltr'><strong>in</strong></span> <span class='ocrx_word' id='word_1_852' title='bbox 1992 5244 2247 5291; x_wconf 75' lang='lat' dir='ltr'><strong>azternum</strong></span> <span class='ocrx_word' id='word_1_853' title='bbox 2271 5235 2449 5290; x_wconf 91' lang='lat' dir='ltr'><strong>omnia</strong></span> <span class='ocrx_word' id='word_1_854' title='bbox 2469 5234 2680 5304; x_wconf 88' lang='lat' dir='ltr'><strong>judicia</strong></span> <span class='ocrx_word' id='word_1_855' title='bbox 2704 5236 2931 5306; x_wconf 75' lang='lat' dir='ltr'><strong>justitiw</strong></span> <span class='ocrx_word' id='word_1_856' title='bbox 2955 5245 3081 5292; x_wconf 68' lang='lat' dir='ltr'><strong>tuae.</strong></span> 
     </span>
    </p>
   </div>
   <div class='ocr_carea' id='block_1_113' title="bbox 1970 5349 3476 5422">
    <p class='ocr_par' dir='ltr' id='par_1_113' title="bbox 1970 5349 3476 5422">
     <span class='ocr_line' id='line_1_113' title="bbox 1970 5349 3476 5422; baseline 0 -19"><span class='ocrx_word' id='word_1_857' title='bbox 1970 5350 2137 5408; x_wconf 71' lang='lat' dir='ltr'><strong>Vens.</strong></span> <span class='ocrx_word' id='word_1_858' title='bbox 2159 5350 2408 5406; x_wconf 72' lang='lat'><strong>161-161.</strong></span> <span class='ocrx_word' id='word_1_859' title='bbox 2431 5350 2701 5422; x_wconf 85' lang='lat' dir='ltr'><strong>Principes</strong></span> <span class='ocrx_word' id='word_1_860' title='bbox 2716 5352 2975 5422; x_wconf 87' lang='lat' dir='ltr'><strong>persecuti</strong></span> <span class='ocrx_word' id='word_1_861' title='bbox 2990 5358 3111 5405; x_wconf 87' lang='lat' dir='ltr'><strong>sunt</strong></span> <span class='ocrx_word' id='word_1_862' title='bbox 3126 5349 3408 5421; x_wconf 85' lang='lat' dir='ltr'><strong>megratis,</strong></span> <span class='ocrx_word' id='word_1_863' title='bbox 3426 5358 3476 5403; x_wconf 86' lang='lat' dir='ltr'><strong>et</strong></span> 
     </span>
    </p>
   </div>
   <div class='ocr_carea' id='block_1_114' title="bbox 1900 5439 3475 5511">
    <p class='ocr_par' dir='ltr' id='par_1_114' title="bbox 1900 5439 3475 5511">
     <span class='ocr_line' id='line_1_114' title="bbox 1900 5439 3475 5511; baseline 0 -17"><span class='ocrx_word' id='word_1_864' title='bbox 1900 5459 1933 5494; x_wconf 90' lang='lat' dir='ltr'><strong>a</strong></span> <span class='ocrx_word' id='word_1_865' title='bbox 1966 5442 2135 5496; x_wconf 83' lang='lat' dir='ltr'><strong>verbis</strong></span> <span class='ocrx_word' id='word_1_866' title='bbox 2166 5442 2270 5495; x_wconf 87' lang='lat' dir='ltr'><strong>tuis</strong></span> <span class='ocrx_word' id='word_1_867' title='bbox 2301 5442 2606 5511; x_wconf 77' lang='lat' dir='ltr'><strong>formidavit</strong></span> <span class='ocrx_word' id='word_1_868' title='bbox 2638 5460 2729 5497; x_wconf 92' lang='lat' dir='ltr'><strong>cor</strong></span> <span class='ocrx_word' id='word_1_869' title='bbox 2761 5459 2953 5497; x_wconf 86' lang='lat' dir='ltr'><strong>meum.</strong></span> <span class='ocrx_word' id='word_1_870' title='bbox 2989 5439 3235 5497; x_wconf 70' lang='lat' dir='ltr'><strong>Lwtabor</strong></span> <span class='ocrx_word' id='word_1_871' title='bbox 3259 5458 3352 5511; x_wconf 89' lang='lat' dir='ltr'><strong>ego</strong></span> <span class='ocrx_word' id='word_1_872' title='bbox 3381 5458 3475 5495; x_wconf 57' lang='lat' dir='ltr'><strong>suo</strong></span> 
     </span>
    </p>
   </div>
   <div class='ocr_carea' id='block_1_115' title="bbox 1898 5532 3474 5606">
    <p class='ocr_par' dir='ltr' id='par_1_115' title="bbox 1898 5532 3474 5606">
     <span class='ocr_line' id='line_1_115' title="bbox 1898 5532 3474 5606; baseline -0.001 -18"><span class='ocrx_word' id='word_1_873' title='bbox 1898 5551 1990 5606; x_wconf 88' lang='lat' dir='ltr'><strong>per</strong></span> <span class='ocrx_word' id='word_1_874' title='bbox 2015 5535 2225 5604; x_wconf 89' lang='lat' dir='ltr'><strong>eloquia</strong></span> <span class='ocrx_word' id='word_1_875' title='bbox 2250 5544 2361 5600; x_wconf 91' lang='lat' dir='ltr'><strong>tua,</strong></span> <span class='ocrx_word' id='word_1_876' title='bbox 2395 5536 2531 5590; x_wconf 90' lang='lat' dir='ltr'><strong>sicut</strong></span> <span class='ocrx_word' id='word_1_877' title='bbox 2562 5537 2652 5606; x_wconf 85' lang='lat' dir='ltr'><strong>qui</strong></span> <span class='ocrx_word' id='word_1_878' title='bbox 2679 5535 2871 5591; x_wconf 81' lang='lat' dir='ltr'><strong>inuenit</strong></span> <span class='ocrx_word' id='word_1_879' title='bbox 2897 5534 3067 5603; x_wconf 85' lang='lat' dir='ltr'><strong>spolia</strong></span> <span class='ocrx_word' id='word_1_880' title='bbox 3105 5534 3296 5589; x_wconf 89' lang='lat' dir='ltr'><strong>multa.</strong></span> <span class='ocrx_word' id='word_1_881' title='bbox 3359 5532 3474 5587; x_wconf 85' lang='lat' dir='ltr'><strong>lni-</strong></span> 
     </span>
    </p>
   </div>
   <div class='ocr_carea' id='block_1_116' title="bbox 1897 5625 3473 5700">
    <p class='ocr_par' dir='ltr' id='par_1_116' title="bbox 1897 5625 3473 5700">
     <span class='ocr_line' id='line_1_116' title="bbox 1897 5625 3473 5700; baseline 0 -19"><span class='ocrx_word' id='word_1_882' title='bbox 1897 5627 2129 5698; x_wconf 81' lang='lat' dir='ltr'><strong>quitates</strong></span> <span class='ocrx_word' id='word_1_883' title='bbox 2182 5625 2303 5682; x_wconf 90' lang='lat' dir='ltr'><strong>odio</strong></span> <span class='ocrx_word' id='word_1_884' title='bbox 2330 5626 2521 5700; x_wconf 76' lang='lat' dir='ltr'><strong>_habui-</strong></span> <span class='ocrx_word' id='word_1_885' title='bbox 2540 5636 2589 5684; x_wconf 87' lang='lat' dir='ltr'><strong>et</strong></span> <span class='ocrx_word' id='word_1_886' title='bbox 2621 5627 2958 5685; x_wconf 84' lang='lat' dir='ltr'><strong>abominatus</strong></span> <span class='ocrx_word' id='word_1_887' title='bbox 2990 5642 3128 5694; x_wconf 90' lang='lat' dir='ltr'><strong>sum,</strong></span> <span class='ocrx_word' id='word_1_888' title='bbox 3176 5627 3335 5700; x_wconf 82' lang='lat' dir='ltr'><strong>legem</strong></span> <span class='ocrx_word' id='word_1_889' title='bbox 3372 5642 3473 5681; x_wconf 78' lang='lat' dir='ltr'><strong>au-</strong></span> 
     </span>
    </p>
   </div>
  </div>
