3868 6282
433 322 568 380 "9|

1174 315 1439 372 EUSEBII
1477 314 1952 370 CJESARIENSIS
1989 313 2137 370 OPP.
2167 313 2343 368 PARS
2381 311 2470 368 ΙΙΙ.
2514 343 2582 352 -
2623 311 3024 367 EXEGETICA.

3512 317 3624 370 1592

437 448 541 494 tem
584 447 730 490 luam
765 436 946 490 dilexi.
991 433 1189 502 Septies
1236 435 1293 487 in
1340 432 1424 486 die
1475 431 1684 485 laudem
1740 430 1853 484 dixi
1908 430 1996 483 tibi

2104 431 2291 498 νόμον
2311 444 2427 482 σου
2455 427 2763 496 ἠγάπησα.
2781 427 3052 492 Ἑπτάκις
3077 425 3188 492 τῆς
3223 426 3439 495 ἡμέρας
3472 430 3630 495 ᾔνεσα

433 546 588 599 super
609 531 817 599 judicia
844 529 1072 598 justitite
1097 537 1221 581 tute.
1267 526 1380 582 Hoc
1418 527 1545 581 item
1586 525 1859 595 intelligas
1898 525 2002 580 hac

434 625 663 686 ratione,
705 622 848 691 quod
882 620 1139 674 nimirum
1169 628 1294 672 ante
1321 619 1490 673 solem
1517 617 1710 672 electo
1747 631 2000 686 surgens,

435 713 734 769 secundum
768 713 898 767 illud
937 731 950 767 :
991 712 1068 766 De
1113 719 1258 766 nocte
1287 726 1436 763 mane
1471 709 1736 777 consurgit
1784 709 2002 777 spiritus

433 819 579 857 meus
615 803 684 856 ad
719 813 789 867 te,
836 802 976 856 Deus
1004 803 1078 866 ¹¹;
1110 809 1164 856 et
1194 818 1207 853 :
1251 799 1422 864 Deus,
1468 798 1606 851 Deus
1643 814 1808 862 meus,
1853 797 1922 850 ad
1954 806 2002 850 te

432 902 496 952 de
524 897 636 950 luce
657 896 812 965 vigilo
831 897 898 956 ",
932 895 1165 964 primum
1193 893 1462 948 emitteret
1487 890 1778 960 hymnum;
1806 889 2002 944 deinde

431 989 674 1042 instante
705 987 812 1049 die,
871 984 1043 1053 prima
1094 983 1224 1036 hora
1269 982 1398 1044 diei,
1457 981 1612 1050 quasi
1669 981 1999 1034 sacriﬁcium

435 1076 786 1137 matutinum,
841 1073 1144 1128 secundum
1177 1071 1439 1141 hymnum
1487 1069 1597 1125 Deo
1627 1071 1998 1139 persolveret;

433 1165 566 1219 hora
622 1164 874 1219 similiter
917 1163 1103 1224 tertia,
1156 1162 1282 1216 item
1342 1162 1595 1228 tertium;
1643 1169 1796 1217 sexta
1845 1160 1997 1224 item,

431 1264 722 1324 quartum;
769 1269 935 1317 nona,
973 1252 1259 1322 quintum;
1307 1251 1630 1306 duodecima
1667 1252 1821 1316 hora,
1875 1266 2000 1306 sex-

433 1353 548 1398 tum
577 1361 591 1408 ;
627 1343 825 1398 deinde
856 1358 1082 1412 vespera
1111 1350 1235 1413 post
1261 1342 1557 1396 adhibitam
1591 1343 1807 1412 corpori
1839 1357 2001 1396 cura-

377 1499 380 1502 ,
432 1431 660 1495 tionem,
705 1431 994 1484 adlectum
1027 1445 1375 1493 accessurus,
1419 1430 1706 1500 septimum
1738 1431 1999 1500 hymnum

431 1521 733 1576 effunderet
759 1538 774 1586 ;
808 1527 972 1592 atque
1008 1521 1083 1574 ita
1112 1521 1368 1592 implebat
1396 1521 1527 1575 illud
1555 1538 1569 1574 :
1607 1517 1804 1588 Septies
1834 1521 1889 1574 in
1915 1519 2000 1575 die

431 1611 638 1668 laudem
669 1612 783 1666 dixi
810 1611 921 1668 tibi.

2108 536 2182 574 σε
2203 520 2299 572 ἐπὶ
2328 519 2400 572 τὰ
2424 519 2677 586 κρίματα
2713 516 2819 583 τῆς
2859 517 3252 584 δικαιοσύνης
3275 534 3409 570 σου,
3438 519 3631 588 Νοήσεις

2105 610 2199 665 καὶ
2229 609 2398 672 οὕτως
2423 610 2721 678 ἐπιστήσας
2738 607 2814 670 ὡς
2835 608 2939 678 πρὸ
2965 607 3114 677 ἡλίου
3146 607 3532 676 διανιστάμενος
3555 608 3632 677 τῆς

2103 700 2286 769 κοίτης
2311 700 2450 753 κατά
2485 699 2578 752 τὸν
2614 698 2840 766 λέγοντα
2866 714 2879 728 ⁶
2922 700 3014 749 Ἐκ
3057 696 3279 762 νυκτὸς
3322 696 3547 764 ὀρθρίζει
3582 699 3632 751 τὸ

2103 791 2338 860 πνεῦμά
2356 808 2476 860 μου
2501 790 2650 858 πρὸς
2677 789 2771 850 σὲ,
2803 792 2836 842 ό
2868 790 3010 855 Θεός
3029 806 3042 818 ·
3076 789 3190 850 καὶ,
3224 791 3257 842 d
3284 789 3445 853 Θεὸς,
3470 793 3498 841 ό
3517 791 3634 855 Θεός

2097 901 2236 952 μου,
2255 883 2404 951 πρὸς
2422 883 2498 936 σὲ
2516 881 2768 950 ὀρθρίζω,
2798 881 2887 934 τὸν
2912 880 3125 951 πρῶτον
3151 881 3459 950 ἀνέπεμπεν
3479 880 3633 949 ὕμνον·

2102 969 2199 1025 εἴτ’
2215 973 2510 1041 ἐπιστάσης
2529 970 2756 1041 ἡμέρας,
2777 970 2919 1023 κατά
2937 969 3034 1040 τὴν
3056 968 3280 1042 πρώτην
3298 969 3464 1040 ὥραν,
3483 970 3640 1042 ὥσπερ

2101 1062 2268 1115 ἕωθεν
2305 1062 2403 1132 τὴν
2449 1062 2639 1116 θυσίαν
2687 1060 2991 1132 προσέφερε
3029 1060 3107 1130 τῷ
3137 1061 3259 1130 Θεῷ
3289 1061 3379 1112 τὸν
3407 1061 3644 1132 δεύτερον,

2102 1152 2192 1204 καὶ
2221 1152 2359 1204 κατά
2380 1152 2478 1221 τὴν
2510 1151 2698 1221 τρίτην
2733 1150 2995 1214 ὡσαύτως
3031 1151 3130 1220 τὴν
3155 1151 3359 1219 τρίτον,
3393 1151 3482 1202 καὶ
3513 1151 3646 1202 πάλιν

2101 1239 2243 1292 κατά
2285 1239 2384 1309 τὴν
2429 1239 2594 1310 ἕκτην
2636 1239 2726 1292 τὸν
2774 1239 3051 1310 τέταρτον,
3084 1239 3222 1293 κατά
3273 1239 3329 1292 δὲ
3365 1239 3458 1308 τὴν
3483 1241 3645 1310 ἐνάτην

2100 1327 2249 1398 ὥραν
2280 1327 2370 1380 τὸν
2393 1327 2658 1398 πέμπτον,
2690 1327 2831 1382 κατά
2861 1327 2919 1381 δὲ
2943 1328 3037 1398 τὴν
3058 1328 3366 1398 δωδεκάτην
3385 1330 3473 1380 τὸν
3493 1330 3641 1394 ἕκτον,

2101 1413 2200 1471 εἷθ’
2233 1418 2472 1489 ἑσπέρας
2519 1419 2655 1488 μετά
2700 1419 2798 1488 τὴν
2824 1417 2919 1471 τοῦ
2949 1417 3199 1488 σώματος
3233 1419 3543 1490 θεραπείαν,
3568 1421 3644 1474 ὲπὶ

2101 1510 2285 1579 κοίτην
2315 1509 2520 1579 μέλλων
2545 1509 2839 1580 τρέπεσθαι
2883 1508 2974 1561 τὸν
3018 1508 3244 1579 ἕϐδομον
3291 1509 3461 1578 ῦμνον
3485 1511 3643 1562 ἀπεδί-

2099 1599 2212 1664 δου,
2251 1600 2345 1655 καὶ
2395 1597 2566 1663 οῦτως
2594 1598 2828 1670 ἐπλήρου
2862 1599 2956 1651 τόο
3001 1597 3274 1666 Ἑπτάκις
3306 1599 3421 1668 τῆς
3453 1599 3646 1668 ἡμέρας

2102 1689 2293 1758 ᾔνεσα
2330 1703 2423 1742 σε.

502 1783 668 1838 Vens.
702 1783 828 1838 165.
880 1783 1001 1837 Pax
1039 1785 1206 1838 multa
1239 1783 1573 1854 diligentibus
1620 1785 1780 1854 legem
1828 1792 1994 1849 tuam,

2169 1779 2393 1846 Εἰρήνη
2422 1779 2619 1846 πολλὴ
2645 1778 2770 1845 τοῖς
2799 1779 3068 1847 ἀγαπῶσι
3085 1779 3190 1832 τὸν⁸
3212 1781 3405 1848 νόμον
3428 1781 3648 1843 actual

428 1883 479 1928 et
509 1891 612 1928 non
631 1883 709 1928 est
742 1875 852 1928 illis
877 1875 1212 1932 scandalum.
1281 1874 1373 1930 Dei
1413 1889 1610 1929 nomen
1651 1873 1871 1946 [legem]
1915 1873 1999 1927 di-

431 1963 724 2034 ligentibus
751 1965 1023 2042 paxginest
1047 1965 1212 2018 multa
1237 1982 1252 2031 ;
1289 1980 1397 2019 non
1420 1965 1604 2042 qualis
1622 1971 1844 2019 externa
1872 1980 1884 2015 :
1907 1963 1997 2017 illa

429 2057 632 2124 quippe
656 2069 764 2109 non
795 2071 965 2125 penes
1020 2072 1123 2111 nos
1169 2065 1289 2123 est;
1327 2041 1424 2110 sed
1452 2070 1515 2110 ea
1547 2072 1668 2126 qua:
1699 2056 1752 2109 in
1788 2055 1998 2126 cogita-

429 2146 675 2200 tionibus
704 2145 807 2201 sila
841 2153 945 2210 est,
983 2161 1048 2200 ex
1079 2161 1187 2216 qua
1230 2147 1563 2201 turbationis
1607 2153 1661 2200 et
1709 2146 1995 2209 tumultus,

427 2251 550 2306 qua:
589 2251 655 2289 ex
699 2235 990 2292 aﬂ‘ectuum
1058 2239 1332 2292 vacuitate
1384 2238 1625 2308 gignitur
1681 2237 1998 2291 immunitas

427 2322 667 2378 exsistit.
702 2322 856 2378 Hanc
882 2339 990 2378 una
1022 2339 1147 2379 cum
1195 2325 1518 2395 congruenti
1566 2326 1736 2395 gratia
1769 2339 1997 2394 accepe-

428 2421 578 2477 runt,
605 2415 698 2484 qui
732 2429 852 2468 eam
876 2429 906 2467 a
932 2413 1042 2468 Deo
1075 2414 1234 2470 Patre
1263 2424 1316 2469 et
1354 2415 1581 2469 Domino
1614 2415 1746 2470 Jesu
1777 2417 1999 2470 Christo

429 2503 578 2558 nacti
615 2510 763 2557 sunt.
796 2501 932 2556 Cum
966 2504 1112 2557 illam
1139 2505 1326 2573 itaque
1364 2505 1417 2558 in
1458 2504 1676 2558 nomine
1699 2503 1792 2558 Dei
1819 2505 2000 2574 possi-

428 2591 618 2654 deant,
646 2597 836 2660 utpote
876 2591 1074 2646 eximie
1109 2590 1357 2660 perfecti,
1411 2591 1728 2646 scandalum
1764 2608 1872 2647 non
1899 2593 1999 2647 ba-

428 2683 558 2737 bent
591 2681 646 2735 in
695 2681 1009 2750 semetipsis
1061 2699 1074 2735 :
1129 2697 1254 2736 nam
1316 2682 1636 2752 pusillorum
1681 2682 1835 2746 illud,
1888 2699 1998 2738 non

426 2786 558 2825 vero
593 2771 1033 2841 praestantiorum
1069 2779 1175 2834 est,
1231 2771 1689 2842 quemadmodum
1747 2774 1822 2827 ait
1872 2773 1997 2828 Ser-

428 2869 586 2915 vator
638 2877 653 2914 :
717 2861 899 2915 Videte
948 2879 1010 2915 ne
1042 2863 1416 2916 scandalizetis
1469 2879 1628 2916 unum
1677 2863 1741 2916 de
1787 2865 1997 2932 pusillis

425 2955 546 3008 istis
576 2953 642 3008 ’³.
685 2952 842 3018 Quod
890 2953 937 3008 si
986 2954 1156 3007 multa
1191 2969 1293 3022 pax
1341 2955 1410 3008 sit
1443 2954 1798 3024 diligentibus
1827 2955 1997 3025 legem

2098 1872 2207 1924 οὐκ
2235 1870 2406 1924 ἔστιν
2431 1870 2633 1936 αὐτοῖς
2659 1869 3027 1928 σκάνδαλον.
3067 1872 3191 1935 Τοῖς
3222 1871 3314 1925 τοῦ
3341 1871 3478 1924 Θεοῦ
3503 1871 3649 1941 ὄνομα

2099 1961 2352 2015 ποθοῦσιν
2384 1963 2573 2032 εἰρήνη
2607 1962 2858 2032 τυγχάνει
2891 1961 3082 2034 πολλὴ,
3115 1964 3176 2015 οὐ
3205 1963 3464 2016 τοσοῦτον
3485 1964 3517 2033 ἡ
3541 1963 3650 2027 ἔξω·

2100 2051 2190 2105 θεν
2209 2069 2222 2082 ·
2254 2053 2314 2104 ού
2344 2052 2452 2122 γάρ
2480 2054 2562 2121 ιφ’
2588 2055 2722 2122 ἡμῖν
2747 2052 2886 2122 αῦτη
2907 2070 2920 2084 ·
2949 2053 3062 2106 ἀλλ’
3091 2056 3128 2123 ἡ
3155 2054 3214 2107 ὲν
3235 2056 3349 2116 τοῖς
3372 2054 3648 2122 λογισμοῖς,

2098 2142 2218 2194 καθ’
2248 2143 2312 2211 ἢν
2344 2142 2628 2212 συμϐαίνει
2652 2141 2948 2213 ἀταραξίαν
2973 2143 3065 2195 καὶ
3086 2142 3475 2213 άνενοχλησίαν
3499 2141 3588 2210 τῆς
3603 2140 3653 2206 ἐξ

2099 2232 2365 2294 ἀπαθείας
2385 2232 2546 2302 ἔχειν.
2572 2231 2783 2302 Ταύτην
2811 2233 2928 2301 ἅμα
2956 2235 3022 2302 τῇ
3047 2231 3372 2302 καταλλήλῳ
3399 2231 3570 2300 χάριτι
3591 2233 3653 2281 εἰ-

2097 2321 2329 2392 λήφασιν
2355 2324 2402 2375 οἱ
2433 2322 2645 2392 ἔχοντες
2669 2322 2776 2375 ἀπὸ
2808 2321 2942 2375 Θεοῦ
2975 2323 3067 2375 καὶ
3095 2321 3306 2392 Πατρὸς
3343 2322 3442 2374 καὶ
3474 2319 3652 2391 Κυρίου

2111 2410 2282 2481 Ἰησοῦ
2316 2409 2570 2483 Χριστοῦ.
2595 2411 2932 2482 Κεκτημένοι
2965 2411 3096 2478 γοῦν
3122 2411 3288 2482 αὐτὴν
3310 2411 3403 2464 διὰ
3431 2412 3490 2463 τὸ
3509 2411 3652 2477 ὄνομα

2096 2504 2191 2558 τοῦ
2225 2501 2380 2567 Θεοῦ,
2411 2502 2852 2574 ὑπερϐαλλόντως
2881 2503 3216 2574 ὑπάρχοντες
3257 2503 3481 2565 τέλειοι,
3515 2501 3652 2556 σκάν-

2096 2593 2252 2648 δαλον
2295 2593 2393 2646 οὐκ
2424 2591 2636 2662 ἔχουσιν
2675 2594 2731 2645 ὲν
2765 2594 3007 2654 ἑαυτοῖς·
3057 2592 3268 2662 μικρῶν
3316 2592 3434 2662 γὰρ
3480 2591 3582 2645 ἀλλ’
3604 2591 3651 2642 ού

2102 2684 2352 2753 μεγάλων
2377 2683 2438 2736 τδ
2472 2683 2616 2753 ἔχειν
2657 2685 2832 2747 τοῦτο,
2861 2681 2935 2746 ὥς
2971 2699 3131 2752 φησιν
3160 2685 3187 2736 ὁ
3217 2683 3442 2752 Σωτήρ·
3487 2680 3651 2749 Ὁρᾶτε

2092 2773 2177 2842 μὴ
2213 2774 2663 2841 σκανδαλίσητε
2689 2757 2809 2828 ἕνα
2825 2772 2942 2827 τῶν
2960 2772 3188 2845 μικρῶν
3221 2774 3472 2826 τούτων.
3519 2774 3572 2824 Et
3605 2772 3652 2825 δὲ

2099 2864 2183 2934 εἴη
2212 2867 2396 2936 εἰρήνη
2433 2865 2600 2934 πολλὴ
2629 2867 2740 2927 τοῖς
2768 2863 3020 2932 ἀγαπῶσι
3053 2865 3142 2916 τὸν
3187 2864 3355 2933 νόμον
3398 2863 3492 2916 τοῦ
3515 2861 3649 2924 Θεοῦ,

2099 2958 2316 3026 εἰρήνην
2337 2956 2448 3026 ἔχει
2476 2957 2694 3027 πολλὴν,
2722 2957 2956 3025 πόλεμος
2979 2957 3076 3026 ούχ
3111 2957 3346 3010 ἅπτεται
3374 2957 3475 3027 τῆς
3502 2956 3654 3024 ψυχῆς

429 3042 545 3104 Dei.
584 3059 772 3112 pacein
807 3043 896 3096 ille
929 3044 1154 3097 multam
1189 3043 1373 3106 habet,
1416 3043 1729 3112 bellumque
1761 3044 1994 3098 animam

2103 3045 2264 3099 αὐτοῦ
2285 3063 2297 3076 ·
2330 3046 2478 3100 οὐδὲν
2505 3046 2610 3117 γάρ
2642 3046 2749 3098 τῶν
2779 3047 3185 3117 ἁμαρτημάτων
3213 3047 3438 3100 ἐκκαίει
3461 3047 3550 3118 τὴν
3578 3047 3654 3114 ψυ-

424 3131 544 3201 ejus
567 3149 672 3186 non
691 3132 904 3202 attingit
925 3153 936 3187 :
957 3133 1166 3187 nullum
1179 3133 1328 3186 enim
1343 3140 1623 3200 peccatum
1641 3132 1749 3186 urit
1765 3131 1998 3186 animam

426 3220 578 3288 ejus:
613 3228 666 3276 et
691 3221 820 3289 quia
856 3236 1042 3290 pacem
1073 3222 1257 3286 habet,
1276 3222 1400 3276 talis
1420 3222 1616 3286 evasit,
1651 3229 1758 3276 uta
1781 3220 2001 3276 nemine

432 3310 571 3364 ultra
615 3310 1041 3376 scundalizetur,
1076 3311 1263 3366 dicens
1296 3328 1307 3362 :
1344 3311 1474 3377 Quis
1527 3329 1620 3365 nos
1661 3311 1927 3379 separabit
1968 3328 1999 3365 a

424 3401 684 3454 sharitate
733 3399 977 3454 Christi?
1014 3400 1330 3464 Tribulatio,
1370 3419 1438 3454 an
1465 3403 1708 3470 angustia
1729 3404 1796 3466 “,
1827 3410 1932 3456 etc.

502 3487 668 3543 VERS.
698 3489 822 3544 166.
862 3487 1248 3558 Exspectabam
1281 3491 1529 3546 Salutare
1558 3503 1726 3556 tuum,
1754 3491 1996 3552 Domine.

427 3590 477 3635 et
507 3579 764 3634 mandata
809 3589 902 3632 tua
957 3580 1142 3634 dilexi.
1207 3580 1345 3636 Cum
1395 3589 1508 3636 ate
1545 3596 1730 3635 veram
1767 3583 1998 3642 salutem

426 3680 825 3744 exspectarem,
874 3687 981 3726 non
1029 3671 1191 3724 modo
1222 3671 1465 3735 servavi,
1503 3671 1597 3726 sed
1642 3672 1804 3726 etiam
1837 3669 1998 3726 dilexi

437 3763 698 3816 mandata
747 3771 861 3817 tua.
903 3760 1038 3814 Nam
1075 3776 1199 3815 cum
1242 3771 1396 3816 actus
1442 3777 1548 3816 una
1596 3779 1719 3816 cum
1762 3762 1998 3832 perfecta

428 3852 808 3907 mandatorum
837 3850 1128 3906 dilectione
1157 3852 1438 3922 jungatur,
1482 3858 1854 3921 exspectatum
1895 3852 1997 3906 Sa-

429 3947 604 4000 lutare
661 3946 951 4002 confestim
1003 3955 1283 4015 sequetur,
1334 3945 1476 4016 quod
1535 3961 1642 4000 non
1693 3947 1839 4001 aliud
1892 3955 1994 4011 est,

429 4052 594 4106 quam
628 4038 778 4093 salus
811 4054 1004 4092 eorum
1049 4039 1140 4107 qni
1187 4040 1359 4108 ipsam
1403 4047 1791 4108 assequuntur.
1841 4040 1996 4106 Quod

430 4125 477 4179 si
498 4125 672 4180 etiam
707 4126 1043 4181 Salvatorem
1076 4137 1374 4197 exspectet,
1409 4130 1476 4184 de
1507 4145 1614 4199 quo
1631 4131 1835 4185 dictum
1866 4139 1946 4186 est
1981 4151 1994 4187 :

437 4212 643 4267 Videbit
686 4215 856 4268 omnis
905 4231 1030 4267 caro
1063 4213 1312 4269 Salutare
1351 4216 1448 4270 Dei
1471 4218 1537 4283 ",
1599 4224 2000 4287 consequenter

425 4303 678 4359 mandata
701 4303 791 4360 Dei
821 4303 1015 4374 diligit,
1039 4306 1197 4375 cujus
1222 4306 1384 4360 etiam
1419 4306 1668 4362 Salutare
1710 4319 1995 4379 exspecta-

2101 3135 2200 3205 χὴν
2225 3133 2412 3198 αὑτοῦ,
2444 3135 2538 3186 καὶ
2566 3135 2659 3188 ἅτε
2699 3136 2885 3205 είρήνη
2903 3152 2920 3187 ι
2947 3134 3082 3204 ἔχων
3119 3135 3364 3198 τοιοῦτος
3393 3135 3651 3203 γεγένηται

2099 3225 2175 3286 ὡς
2211 3224 2315 3275 ὑπὸ
2360 3222 2587 3294 μηδενὸς
2629 3222 2707 3274 ἔτι
2747 3222 3103 3293 σκανδαλισθῇ
3143 3223 3352 3290 λέγων’
3393 3224 3488 3288 Τίς
3523 3219 3657 3290 ἡμᾶς

2100 3315 2338 3383 χωρίσει
2368 3313 2486 3368 ἀπὸ
2513 3314 2621 3382 τῆς
2646 3314 2880 3382 ἀγάπης
2907 3314 3011 3368 τοῦ
3044 3316 3342 3384 Χριστοῦ;
3388 3316 3594 3382 Θλίψις
3624 3313 3653 3379 ἢ

2101 3405 2484 3474 στενοχωρία,
2521 3406 2616 3458 καὶ
2645 3405 2713 3458 τά
2743 3406 2886 3475 ἑξῆς.

2169 3495 2560 3563 Προσεδόκων
2600 3495 2666 3548 τὸ
2709 3495 3006 3566 Σωτήριόν
3045 3512 3183 3560 σου,
3215 3498 3417 3563 Κύριε,
3448 3496 3542 3549 καὶ
3570 3495 3654 3560 τὰς

2098 3586 2350 3653 ἐντολάς
2373 3600 2487 3640 σου
2509 3581 2812 3654 ἠγάπησα.
2841 3587 3158 3657 Προσδοκῶν
3187 3587 3284 3656 τὴν
3313 3586 3428 3638 ἀπὸ
3459 3585 3548 3638 σοῦ
3575 3602 3654 3636 σω-

2099 3678 2295 3747 τηρίαν
2350 3676 2447 3746 τὴν
2500 3676 2779 3747 ἀληθινὴν,
2807 3677 2866 3729 ού
2913 3677 3072 3746 μόνον
3117 3678 3383 3746 ἐτήρησα,
3416 3675 3548 3728 ἀλλά
3580 3673 3654 3726 καὶ

2101 3766 2364 3834 ἠγάπησά
2392 3781 2482 3815 σου
2521 3763 2619 3823 τάς
2651 3764 2888 3826 ἐντολάς.
2913 3763 3025 3832 Τῆς
3062 3763 3169 3833 γάρ
3205 3764 3319 3833 μετ’
3351 3765 3653 3832 ἀγαπήσεως

2100 3857 2207 3909 τῶν
2250 3854 2476 3910 ἐντολῶν
2523 3852 2961 3925 κατωρθωμένης
3009 3853 3286 3923 ἐνεργείας
3334 3851 3652 3922 ὑπαρξάσης,

2101 3948 2259 4010 εὐθὺς
2284 3946 2634 4016 ἀκολουθήσει
2667 3945 2727 3996 τὸ
2756 3943 3199 4014 προσδοκώμενον
3246 3944 3541 4013 Σωτήριον,
3572 3941 3651 4008 οὐχ

2100 4037 2283 4108 ἕτερον
2311 4034 2368 4086 δν
2401 4035 2500 4105 τῆς
2529 4034 2637 4086 τῶν
2671 4031 2988 4102 σωζομένων
3030 4033 3322 4103 σωτηρίας.
3369 4035 3431 4084 Εἰ
3481 4032 3533 4084 δὲ
3576 4031 3650 4082 καὶ

2099 4127 2188 4178 τὸν
2219 4125 2441 4196 Σωτῆρα
2471 4123 2760 4194 προσδοκᾷ,
2794 4123 2918 4193 περ)⁸
2946 4118 3005 4175 οῦ
3033 4122 3245 4193 εἴρηται
3265 4141 3276 4151 υ
3309 4121 3492 4175 Πᾶσα
3519 4118 3649 4186 σὰρξ

2101 4219 2308 4285 ὄψεται
2339 4217 2403 4268 τὸ
2437 4215 2736 4283 Σωτήρων
2781 4215 2886 4268 τοῦ
2926 4214 3093 4276 Θεοῦ,
3144 4212 3457 4276 ἀκολούθως
3489 4212 3648 4279 ἀγαπᾷ

2102 4309 2200 4373 τὰς
2224 4307 2441 4371 ἐντολὰς
2471 4306 2563 4359 τοῦ
2587 4306 2743 4369 Θεοῦ,
2769 4301 2829 4358 οὗ
2850 4307 2942 4358 καὶ
2965 4305 3023 4356 τὸ
3046 4306 3318 4374 Σωτήριον
3347 4303 3649 4374 7:905:56“-

425 4402 522 4462 vit,
557 4408 612 4454 ut
643 4407 696 4454 et
726 4401 939 4454 actione
979 4417 1150 4472 purus
1196 4411 1251 4456 et
1299 4401 1706 4471 exspectatione
1753 4407 1996 4453 contem-

2104 4419 2213 4464 σεν,
2247 4402 2331 4452 ἵνα
2375 4399 2467 4452 καὶ
2499 4399 2596 4469 τὴν
2635 4397 2829 4468 πρᾶξιν
2938 4397 3209 4469 καθαρῶς,
3255 4398 3347 4450 καὶ
3381 4396 3479 4466 τὴν
3511 4409 3648 4463 προσο

325 4499 328 4502 ’
427 4490 735 4557 plabundus
783 4491 876 4554 sit,
907 4501 1237 4560 exspectans
1274 4506 1489 4560 semper
1519 4500 1575 4544 et
1621 4489 1996 4560 contemplans

425 4577 594 4634 Deum
633 4579 868 4636 Verbum
904 4583 1210 4640 venientem
1241 4598 1486 4652 querere
1536 4591 1591 4636 et
1649 4582 1861 4637 salvum
1915 4580 1997 4637 fa-

423 4685 548 4725 cere
574 4671 717 4740 quod
761 4671 1016 4740 perierat.

498 4760 662 4816 Vens.
707 4761 828 4826 l67,
866 4763 988 4818 l68.
1009 4762 1303 4818 Custodivit
1335 4766 1516 4818 anima
1550 4780 1663 4816 mea
1694 4765 1996 4820 testimonia

424 4860 516 4904 tua
537 4889 550 4913 ,
583 4858 632 4903 et
663 4849 850 4904 dilexit
888 4867 952 4904 ea
985 4853 1331 4906 vehementer.
1365 4849 1484 4907 Non
1521 4853 1696 4908 solum
1736 4853 1993 4908 mandata

426 4950 518 4993 tua
545 4939 746 5003 dilexi,
778 4954 965 4996 verum
993 4940 1158 4995 etiam
1194 4941 1506 4996 testimonia
1540 4948 1633 4995 tua
1669 4941 1824 4996 valde
1857 4942 1995 4995 dile-

425 5030 505 5083 xit
555 5030 737 5084 anima
784 5045 936 5094 mea,
984 5037 1039 5086 et
1077 5031 1375 5085 custodivit
1413 5046 1496 5085 ea.
1542 5030 1726 5084 Primo
1774 5031 1994 5100 quidem

427 5120 740 5188 singulatim
781 5119 1033 5185 dicebat,
1063 5119 1367 5189 diligebam,
1393 5129 1483 5186 et,
1529 5120 1693 5174 dilexi
1741 5121 1997 5174 mandato

432 5219 564 5272 tua;
597 5212 839 5266 secundo
875 5221 1086 5275 autem,
1132 5211 1427 5267 Custodivit
1473 5213 1655 5266 anima
1692 5228 1806 5266 mea
1850 5213 1996 5266 testi-

426 5305 602 5358 monia
655 5313 785 5369 tua;
839 5307 1001 5360 tertio
1051 5308 1178 5362 item
1231 5315 1463 5378 utraque
1509 5308 1846 5378 conjungens
1882 5309 1991 5363 ait:

428 5391 640 5448 Servavi
677 5395 930 5450 mandata
959 5406 1049 5450 tua
1078 5407 1127 5452 et
1161 5399 1464 5454 testimonia
1501 5409 1633 5462 tua;
1662 5399 1787 5470 quia
1818 5414 1994 5452 omnes

427 5483 519 5536 uia:
551 5503 677 5545 mea;
704 5489 755 5541 in
781 5498 1056 5558 conspectu
1082 5499 1190 5556 tuo,
1223 5490 1462 5546 Domine.
1488 5489 1749 5545 Peccator
1775 5505 1883 5545 non
1915 5490 1999 5544 di-

509 5637 549 5667 “
594 5638 711 5693 lsa.
757 5657 880 5696 xxv:
910 5685 924 5712 ,
961 5644 1014 5698 9.
1092 5645 1136 5677 "
1177 5643 1321 5700 Psal.
1358 5661 1505 5714 mn,
1542 5645 1595 5698 2.
1674 5646 1718 5677 "
1757 5643 1945 5699 Matth.
1985 5658 2152 5708 xvnt,
2190 5643 2273 5697 ll).
2351 5644 2410 5714 ’δ’
2435 5640 2592 5697 Rom.
2630 5657 2759 5704 \m,
2796 5641 2882 5697 55.

2103 4493 2285 4546 δοκίαν
2319 4490 2686 4562 θεωρητικῶς,
2718 4488 3030 4560 προσδοκῶν
3059 4488 3144 4540 ἀεὶ
3181 4490 3274 4541 καὶ
3305 4487 3525 4558 θεωρῶν
3547 4486 3646 4550 ἐλη-

2102 4582 2299 4638 λυθότα
2325 4582 2415 4638 τὸν
2435 4581 2566 4634 Θεὸν
2596 4581 2769 4648 Λόγον
2799 4579 3030 4650 ζητῆσαι
3056 4579 3149 4634 καὶ
3182 4578 3354 4630 σῶσαι
3380 4579 3442 4630 τὸ
3468 4576 3640 4629 ἀπολω-

2099 4691 2206 4738 λος.

2184 4763 2512 4834 Ἑφύλαξεν
2544 4763 2581 4829 ἡ
2616 4760 2783 4829 ψυχή
2807 4778 2926 4829 μου
2969 4758 3040 4812 τὰ
3075 4757 3370 4828 μαρτύριὰ
3410 4775 3539 4819 σου,
3566 4755 3641 4807 καὶ

2099 4856 2416 4924 ἠγάπησεν
2443 4853 2596 4906 αὺτά
2627 4852 2881 4920 σφόδρα.
2918 4851 2990 4903 Oi:
3022 4851 3178 4919 μόνον
3202 4849 3300 4912 τὰς
3329 4849 3541 4910 ἐντολάς
3568 4864 3640 4898 σου

2099 4946 2380 5015 ἠγάπησα,
2408 4943 2544 5000 ἀλλά
2572 4943 2667 4995 καὶ
2693 4941 2759 4994 τὰ
2791 4935 3064 5012 μαρτύριά
3096 4957 3190 4992 σου
3225 4940 3433 5010 σφόδρα
3453 4939 3639 5008 ἠγάπη-

2101 5054 2190 5090 σεν
2221 5038 2254 5106 ἡ
2285 5035 2429 5106 ψυχή
2460 5052 2584 5104 μου,
2623 5033 2718 5086 καὶ
2765 5032 3026 5100 ἐφύλαξεν
3073 5032 3228 5086 αὑτά.
3265 5032 3529 5102 Πρότερον
3566 5029 3641 5097 μὲν

2101 5127 2240 5180 κατά
2265 5125 2342 5190 ἓν,
2375 5125 2641 5194 ἠγάπων,
2670 5125 2782 5187 καὶ,
2812 5123 3097 5193 ἠγάπησα
3125 5124 3228 5188 τὰς
3248 5122 3503 5188 ἐντολάς
3527 5134 3635 5175 σου·

2097 5219 2346 5289 δεύτερον
2370 5234 2382 5247 ο
2446 5215 2776 5284 Ἑφύλαξεν
2815 5217 2852 5282 ἡ
2888 5214 3056 5283 ψυχή
3104 5233 3224 5282 μου
3275 5217 3348 5267 τὰ
3383 5206 3638 5281 μῳῃὲριδ

2099 5324 2214 5361 σου
2235 5325 2247 5336 ·
2269 5306 2410 5360 κατὰ
2444 5305 2501 5358 δὲ
2527 5305 2587 5357 τὸ
2619 5305 2797 5375 τρίτον
2832 5302 3146 5372 συναγαγὼν
3175 5304 3460 5374 ἀμφότερα
3484 5303 3554 5364 είς
3575 5299 3636 5359 ἐν,

2103 5397 2264 5468 φησίν
2284 5414 2295 5425 “
2343 5393 2641 5464 Ἑξεύλαξα
2669 5393 2774 5458 τὰς
2797 5390 3046 5457 ἐντολάς
3075 5407 3190 5444 σου
3232 5391 3329 5444 καὶ
3360 5391 3430 5443 τὰ
3452 5385 3638 5458 μαρτύ-

2097 5490 2202 5559 ριά
2228 5505 2364 5555 σου,
2396 5488 2483 5542 ὅτι
2509 5487 2694 5545 πᾶσαι
2718 5491 2776 5540 αἱ
2805 5487 2934 5542 ὁδοί
2955 5504 3075 5555 μου
3103 5485 3382 5538 ἐναντίον
3406 5497 3532 5548 σου,
3547 5477 3636 5534 Κύ-

2966 5641 3008 5673 ¹³
3048 5643 3155 5695 lsa.
3195 5653 3298 5706 ιι,
3337 5640 3388 5692 5.
