3868 6282
228 340 364 397 1595
1378 321 1794 381 ΟΟΜΜΕΝΤΑΕ

1918 320 1984 375 ΙΝ
2023 320 2363 378 PSALMOS.
3355 328 3493 386 ιεοι

217 457 403 526 ριε.’0
420 453 743 525 ἁμαρτωλὸς
775 454 875 505 οὐκ
897 451 1012 521 ὲρεῖ
1030 467 1041 479 ·
1063 448 1255 504 Πᾶσαι
1281 450 1340 500 al
1371 446 1499 500 ὁδοί
1514 463 1631 514 μου
1651 445 1794 498 ἐναν

1918 450 2036 507 cet,
2074 441 2267 497 Omnes
2308 442 2408 497 uite
2458 458 2585 497 mete
2626 441 2679 496 in
2722 452 3001 512 conspectu
3045 452 3178 499 tuo:
3222 461 3347 501 nam
3395 448 3494 501 via:

222 548 354 598 τίον
384 560 500 597 σου
520 561 533 574 ’
561 543 616 595 αἱ
648 544 757 610 γὰρ
789 540 897 593 ὁδοὶ
940 538 1035 590 τοῦ
1082 533 1408 606 ἀμαρτωλοῦ
1441 533 1540 585 οὐκ
1586 532 1723 583 εἰσὶν
1752 532 1794 582 ὲκ

1914 535 2221 604 peccatoris
2256 550 2364 588 non
2411 542 2539 589 sunt
2571 534 2624 587 in
2667 544 2962 605 conspectu
3004 536 3134 603 Dei,
3179 538 3275 593 sed
3315 540 3490 593 solum

224 635 523 705 ὀξθαλμοϊς
559 603 849 691 τοῦ-Θεοῦ,
884 630 1018 683 ἀλλὰ
1050 603 1213 699 μόνον
1250 628 1303 679 αι
1342 623 1435 679 τοῦ
1470 622 1704 675 δικαίου’
1742 603 1809 675 tv’

223 721 317 778 οὖν
353 726 446 776 καὶ
475 727 530 777 al
561 725 824 794 ἡμέτεραι
852 722 1115 789 γένωνται
1147 721 1317 771 πᾶσαι
1342 718 1397 768 αἱ
1431 715 1539 767 ὁδοὶ
1571 712 1807 765 ἐναντίον

225 814 317 867 τοῦ
347 814 503 876 Θεοῦ,
529 817 575 867 oi
605 814 791 883 mittat,
812 814 860 864 oi
889 811 1187 883 προφῆται,
1224 811 1257 879 ἡ
1288 809 1381 860 ἐπὶ
1426 808 1561 859 πᾶσι
1602 804 1802 869 τελεία,

223 904 450 975 ἀληθινὴ
482 904 574 956 καὶ
604 904 780 975 ἀγαθὴ
803 903 938 969 ὁδὸς,
964 905 992 955 ὁ
1017 900 1184 955 εἰπών
1205 919 1217 932 ·
1263 898 1402 968 Ἐγώ
1426 901 1539 967 ειμι
1568 897 1606 963 ’ὴ
1643 895 1801 961 ὁδὸς,

224 994 459 1065 Χριστὸς
494 994 721 1064 Ἰησοῦς,
756 992 1040 1062 εύξώμεθα
1079 994 1136 1044 ὲν
1179 993 1245 1060 τῇ
1290 989 1395 1059 6δῷ
1426 988 1586 1059 μέχρι
1617 986 1803 1048 τέλους

221 1085 507 1148 ὁδεύοντας
529 1086 730 1153 φθάσαι
754 1085 890 1155 πρὸς
913 1084 1003 1137 τὸν
1025 1084 1155 1136 Θεὸν
1180 1082 1274 1135 καὶ
1296 1081 1516 1151 Πατέρα
1536 1078 1644 1131 τῶν
1665 1078 1801 1131 ὅλων

222 1174 313 1227 διὰ
340 1175 575 1241 Χριστοῦ
618 1175 814 1244 Ἰησοῦ.

310 1264 626 1334 Ἐγτισάτω
674 1267 712 1333 ἠ
758 1265 967 1332 δέησίς
995 1281 1113 1333 μου
1149 1261 1404 1315 ἐνώπιόν
1433 1275 1569 1325 σου,
1599 1258 1796 1326 Κύριε,

221 1352 374 1405 κατὰ
424 1353 488 1406 τὸ
539 1354 748 1421 λόγιόν
785 1367 900 1407 σου
947 1351 1272 1405 συνέτισόν
1297 1367 1391 1419 με.
1425 1348 1700 1402 Εὶσέλθοι
1731 1346 1797 1399 τὸ

220 1439 452 1509 ἀξίωμά
482 1459 600 1509 μου
624 1436 881 1495 ἐνώπιόν
906 1459 1043 1505 σου,
1073 1442 1267 1509 Κύριε,
1308 1436 1457 1493 κατὰ
1493 1437 1558 1491 τὸ
1594 1438 1799 1505 λόγιόν

219 1546 339 1585 σου
363 1532 553 1598 ῥῦσαί
568 1549 666 1600 με.
685 1532 739 1583 Ἐ
744 1532 1111 1599 ξηρεύξαντο
1138 1532 1209 1583 τὰ
1228 1531 1397 1600 χείλη
1430 1548 1549 1598 μου
1582 1529 1794 1597 ὕμνον,

219 1620 369 1675 dear
390 1621 638 1691 διδάξῃς
660 1640 736 1691 με
763 1624 835 1677 τὰ
860 1622 1219 1691 δικαιώματά
1240 1637 1355 1675 σου
1372 1639 1383 1651 ’
1420 1620 1735 1689 φθέγξαιτο
1759 1620 1795 1687 ἡ

218 1712 473 1781 γλῶσσά
493 1732 612 1782 μου
642 1715 713 1767 τὰ
736 1715 909 1782 λόγιά
939 1731 1075 1776 σου,
1105 1713 1192 1766 ὅτι
1229 1713 1417 1767 πᾶσαι
1456 1714 1515 1765 al
1554 1710 1798 1764 ἐντολαί

1911 626 2009 679 viae
2030 626 2185 693 justi.
2219 623 2289 677 Ut
2316 624 2483 694 igitur
2507 640 2697 680 omnes
2746 627 2847 680 vim
2874 635 3076 681 nostra:
3107 629 3161 682 in
3194 639 3490 699 conspectu

1910 717 2000 772 Dei
2037 719 2187 780 sint;
2231 716 2485 772 videlicet
2513 718 2694 787 leges,
2734 719 3039 788 prophetae,
3077 718 3317 789 perlecta
3359 720 3488 775 item

1906 823 2033 862 vera
2076 814 2130 861 et
2173 807 2313 861 bona
2354 806 2443 860 illa
2476 809 2595 872 via,
2638 823 2837 877 nempe
2891 808 2983 878 qui
3015 807 3203 873 dixit,
3230 808 3342 879 Ego
3371 825 3489 863 sum

1905 899 1990 953 via
2019 899 2086 963 ’°,
2118 897 2377 953 Christus
2408 896 2601 967 Jesus,
2650 914 2942 972 precemur
2977 900 3033 953 in
3079 900 3169 954 via
3214 915 3389 969 usque
3432 900 3487 953 in

1903 984 2109 1050 linem;
2165 994 2225 1040 ut
2270 985 2373 1041 iter
2414 997 2637 1055 agentes
2682 988 3069 1057 perveniamus
3116 989 3183 1043 ad
3226 987 3395 1045 Deum
3433 996 3489 1044 et

1902 1074 2119 1131 Patrem
2153 1076 2538 1131 universorum
2570 1090 2666 1147 per
2684 1076 2968 1133 Christum
2994 1076 3205 1133 Jesum.
3492 1067 3497 1075 ’

1896 1257 1927 1311 ι
1975 1253 2146 1310 Vens.
2188 1253 2448 1310 169-172.
2494 1253 2889 1323 Appropinquet
2934 1252 3234 1322 deprecatio
3278 1266 3394 1305 mea
3434 1250 3489 1303 in

1900 1356 2178 1415 conspectu
2200 1356 2289 1399 tuo
2309 1386 2324 1410 ,
2349 1345 2572 1399 Domine
2589 1386 2605 1411 ,
2622 1345 2786 1413 juxta
2809 1344 3071 1410 eloquium
3095 1351 3242 1396 tuum
3265 1343 3337 1394 da
3360 1332 3490 1395 mihi

1902 1437 2247 1491 intellectum.
2288 1434 2457 1489 Intret
2488 1435 2780 1504 postulatio
2814 1450 2929 1486 mea
2960 1435 3013 1485 in
3039 1443 3316 1500 conspectu
3360 1441 3447 1487 tuo
3468 1471 3485 1495 ,

1905 1528 2161 1593 Domine,
2194 1526 2481 1581 secundum
2509 1526 2773 1595 eloquium
2799 1534 2947 1577 tuum
2969 1525 3109 1591 eripe
3137 1541 3236 1578 me.
3267 1522 3489 1576 Eructa-

1906 1628 2088 1675 verunt
2122 1619 2267 1672 labia
2294 1636 2407 1673 mea
2433 1618 2716 1687 hymnum,
2746 1632 2865 1669 cum
2903 1614 3143 1669 docueris
3182 1631 3262 1669 me
3290 1615 3488 1683 iustiﬁ-

1911 1712 2144 1763 cationes
2178 1718 2319 1766 tuas.
2367 1708 2681 1762 Pronuntiet
2725 1707 2905 1777 lingua
2948 1723 3066 1759 mea
3106 1706 3315 1775 eloquia
3360 1716 3483 1769 tua,

216 1821 337 1856 σου
361 1806 734 1872 δικαιοσύνη.
768 1806 980 1876 Σφόδρα
1008 1805 1317 1868 ἀκολούθως
1354 1804 1492 1875 μετὰ
1524 1803 1616 1856 τοῦ
1646 1802 1794 1868 eliget.

1907 1801 2032 1870 quia
2059 1801 2237 1853 omnia
2269 1800 2523 1853 mandatu
2544 1808 2658 1861 tua,
2680 1798 2919 1866 justitia.
2940 1796 3261 1853 Admodum
3297 1811 3488 1852 conse-

217 1894 345 1948 σθαι
376 1897 502 1948 πεοὶ
548 1897 649 1965 τῆς
690 1896 961 1961 διανοίας·
991 1899 1051 1951 τὸ
1084 1898 1191 1969 γὰρ
1226 1897 1607 1966 συνετισθῆναι
1641 1896 1706 1949 τὰ
1731 1896 1794 1949 λό

1911 1900 2142 1962 quenter
2188 1901 2476 1962 postquam
2526 1907 2625 1961 pro
2672 1898 2851 1946 mente
2881 1904 2979 1945 sua
3010 1899 3265 1959 precatus
3297 1895 3482 1951 esset;

213 1998 313 2050 για
341 1983 435 2036 τοῦ
463 1984 598 2038 Θεοῦ
626 1987 726 2038 οὐκ
760 1982 828 2055 ἦν
855 1988 1075 2056 χειλέων
1102 1988 1224 2041 οὐδὲ
1255 1987 1527 2059 γλώσσης,
1554 1986 1686 2040 ἀλλὰ
1712 1986 1794 2040 τοί

1909 2000 2017 2038 non
2048 1985 2191 2039 enim
2225 1984 2493 2038 labiorum
2537 1992 2591 2038 et
2622 1984 2823 2052 lingua:
2874 1991 2959 2036 est
3003 1981 3341 2050 eloquiorum
3389 1976 3484 2033 Dei

212 2076 359 2129 κατὰ
378 2077 554 2148 ψυχὴν
578 2078 920 2150 διανοητικοῦ
937 2097 949 2111 ’
976 2079 1043 2132 τὰ
1068 2081 1346 2150 ἡγούμενα
1371 2079 1550 2132 τοίνυν
1581 2079 1794 2148 αἰτήσας

1911 2074 2325 2145 intelligentiam
2362 2074 2639 2142 accipere,
2688 2074 2779 2128 sed
2812 2073 2985 2127 solius
3033 2088 3156 2141 quae
3203 2071 3258 2124 in
3303 2070 3486 2124 anima

211 2163 311 2215 ἐπὶ
341 2164 409 2215 τὰ
437 2164 664 2235 δεύτερα
700 2168 928 2237 μέτεισι,
957 2170 1049 2220 καὶ
1075 2168 1216 2233 ἀξιοῖ
1243 2168 1310 2220 τὰ
1347 2166 1442 2219 τοῦ
1469 2168 1527 2220 ὲν
1552 2166 1700 2235 αὐτῷ
1729 2166 1794 2218 λά

1906 2172 1991 2219 est
2020 2164 2354 2235 intelligendi
2390 2164 2665 2219 facultatis
2694 2182 2707 2229 ;
2743 2179 2867 2218 eum
2895 2165 3076 2234 priora
3114 2163 3481 2234 postulasset,

211 2268 314 2319 γου
341 2253 545 2323 ὄργανα
590 2255 659 2309 τὰ
685 2257 837 2327 χείλη
868 2259 962 2312 καὶ
1005 2258 1105 2329 τὴν
1133 2257 1379 2325 γλῶτταν
1410 2257 1803 2328 ἀφιερωθῆναι,

210 2342 289 2406 ὡς
324 2343 389 2396 ἂν
416 2345 709 2411 διαπαντὸς
735 2348 803 2402 τὰ
836 2350 934 2419 μὲν
963 2349 1113 2420 χείλη
1149 2349 1314 2420 ὕμνον
1341 2349 1719 2419 διερεύγοιντο,
1737 2348 1805 2404 δι·

210 2435 546 2505 δασκομένου
596 2440 689 2492 τοῦ
742 2441 832 2493 νοῦ
883 2443 973 2495 ὑπ’
1013 2442 1179 2495 αὑτοῦ
1210 2442 1306 2495 τοῦ
1334 2442 1469 2495 Θεοῦ
1495 2441 1564 2495 τὰ
1585 2440 1804 2495 δικαιὼ-

212 2543 362 2595 ματα
394 2528 557 2582 αὐτοῦ
578 2548 590 2560 ·
625 2535 656 2601 ή
690 2533 745 2585 δὲ
769 2532 983 2601 γλῶττα
1021 2531 1311 2602 φθέγγοιτο
1350 2534 1513 2603 μηδὲν
1540 2534 1723 2602 ἕτερον
1766 2531 1798 2600 ἢ

215 2616 279 2669 τὰ
307 2617 461 2686 λόγιοι
484 2620 576 2672 τοῦ
602 2621 758 2688 Θεοῦ,
797 2624 890 2675 καὶ
918 2623 1075 2676 τοῦτο
1102 2624 1361 2694 πράσσοι,
1395 2622 1484 2675 ὅτι
1522 2621 1711 2677 πᾶσαι
1741 2624 1801 2676 αἱ

207 2707 339 2762 ὁδοὶ
364 2712 549 2766 αὐτοῦ
580 2713 975 2768 δικαιοσύναι.

283 2883 559 2939 Γενέσθω
585 2887 622 2953 ἡ
650 2888 777 2954 χείρ
806 2902 921 2941 σου
945 2887 1049 2941 τοῦ
1076 2887 1273 2941 σῶσαί
1294 2907 1390 2958 με,
1435 2889 1523 2943 ὅτι
1570 2890 1675 2955 τὰς
1702 2891 1797 2943 ἐν.

208 2974 394 3040 τολάς
429 2991 547 3029 σου
585 2978 989 3045 ᾐρετισὰμην.
1038 2978 1268 3032 Συνιδὼν
1314 2979 1376 3031 τὸ
1423 2980 1649 3050 μέγεθος
1699 2978 1793 3033 τοῦ

206 3063 447 3132 ἑτοίμου,
485 3066 734 3137 βοηθείας
765 3068 932 3122 δεῖται
981 3072 1078 3141 τῆς
1119 3070 1271 3141 παρὰ
1316 3071 1408 3123 τοῦ
1442 3071 1577 3123 Θεοῦ
1619 3076 1699 3135 εἰς
1733 3074 1793 3125 τὸ

203 3155 550 3225 κατορθῶσαι
576 3158 645 3211 τὰ
672 3159 1077 3229 προλελεγμένα
1097 3178 1110 3191 ’
1142 3160 1353 3230 μεγάλα
1378 3161 1433 3213 δὲ
1457 3164 1620 3215 αἰτῶν
1645 3163 1793 3234 παρὰ

204 3245 301 3297 τοῦ
324 3246 478 3310 Θεοῦ,
502 3249 596 3301 καὶ
616 3248 677 3300 τὸ
698 3252 826 3319 παρ’
845 3251 1036 3303 ἑαυτοῦ
1069 3252 1413 3322 συνεισφέρει
1433 3251 1607 3320 λέγων
1628 3270 1641 3282 ·
1677 3254 1794 3306 Ὅτι

202 3334 314 3402 τὰς
336 3337 589 3403 ἐντολάς
612 3334 729 3392 σού
767 3339 1343 3409 ᾑρετισὰμην.”υπερ
1372 3340 1479 3410 γὰρ
1514 3337 1581 3410 ἦν
1607 3343 1700 3394 ἐπὶ
1727 3345 1792 3413 τῇ

202 3427 315 3497 ἑμῂ
351 3428 589 3499 ἐξουσίᾳ,
609 3429 752 3481 τοῦτ’
780 3430 839 3494 ἐξ
878 3430 1011 3501 ἐμοῦ
1040 3432 1412 3503 πεπλήρωται,
1441 3434 1550 3495 Τὰς
1578 3434 1797 3499 ἐντολάς

204 3535 300 3570 σου
328 3520 687 3591 ᾑρετισάμην,
723 3521 1018 3593 ἀγαπήσας
1066 3523 1236 3587 αὐτὰς
1271 3525 1412 3578 κατὰ
1446 3524 1516 3577 τὰ
1561 3524 1795 3595 πρόσθεν

200 3609 492 3680 εἰρημένα.

290 3698 667 3766 Ἐπεπόθησα
689 3698 754 3751 τὸ
786 3701 1085 3767 Σωτήριόν
1117 3717 1255 3765 σου,
1283 3702 1379 3755 καί
1412 3703 1652 3771 δ’νόμος
1679 3716 1794 3758 σου

198 3790 418 3857 μελέτη
446 3808 564 3859 μου
593 3790 747 3843 ἐστί.
792 3793 853 3842 Οἱ
896 3780 1081 3843 πολλοὶ
1112 3792 1218 3845 τῶν
1261 3792 1561 3863 ἀνθρώπων
1605 3794 1795 3845 ὲπιπο⁶

203 3878 356 3935 θοῦσι
392 3880 686 3950 σωτηρίαν,
710 3880 824 3933 ἀλλ’
850 3881 909 3932 ού
938 3880 999 3932 τὸ
1026 3881 1121 3933 τοῦ
1153 3881 1309 3944 Θεοῦ,
1334 3881 1468 3935 ἀλλὰ
1499 3883 1559 3935 τὸ
1593 3886 1794 3954 σαρκὸς

205 3969 469 4039 σωτήριον
496 3970 556 4022 τὸ
588 3972 644 4022 έν
679 3971 1098 4040 κόσμῳ.¹Ἐργον
1122 3971 1179 4023 δέ
1200 3972 1347 4024 ἐστιν
1380 3971 1713 4043 ὲπιποθῆσαι
1733 3973 1792 4025 τὸ

201 4058 297 4110 τοῦ
331 4059 463 4111 Θεοῦ
498 4061 793 4132 Σωτήριον,
828 4059 967 4112 ὥστε
1010 4061 1066 4114 ὲν
1104 4060 1222 4129 Θεῷ
1270 4060 1528 4132 σωθῆναι,
1556 4063 1613 4113 ἐν
1642 4062 1792 4131 αὐτῷ

204 4149 599 4215 ἀναπαύεσθαι,
626 4151 1032 4222 κληρονομῆσαι
1074 4153 1141 4205 τὰ
1172 4153 1333 4220 ἅγια·
1377 4153 1438 4205 τὸ
1468 4153 1576 4223 γὰρ
1610 4154 1791 4223 Σωτή-

207 4259 321 4312 ριον
343 4241 435 4294 τοῦ
468 4242 603 4295 Θεοῦ
634 4242 789 4296 τοῦτό
818 4246 968 4296 ἐστιν
1007 4245 1040 4313 ή
1077 4243 1292 4306 αἰώνιος
1320 4243 1453 4315 ζωή.
1476 4245 1599 4297 Ἐὰν
1630 4245 1789 4317 θέλῃς

204 4330 539 4401 ἐπαναϐῆναι
570 4332 647 4401 τῷ
682 4332 844 4403 λόγῳ,
877 4333 936 4385 τὸ
966 4333 1241 4403 Σωτήρων
1270 4333 1364 4386 τοῦ
1408 4333 1541 4386 Θεοῦ
1586 4336 1615 4387 ὁ
1657 4336 1789 4405 Χρι-

1906 2256 1973 2310 ad
2004 2258 2243 2312 secunda
2277 2265 2467 2327 postea
2497 2259 2731 2323 transit,
2764 2273 2828 2312 ac
2873 2264 3029 2328 rogat
3071 2265 3128 2309 ut
3178 2256 3331 2309 verbi
3361 2272 3485 2326 qua:

1907 2347 1960 2402 in
1994 2364 2052 2402 se
2078 2348 2315 2404 habebat
2344 2350 2707 2403 instrumenta
2728 2388 2744 2413 ,
2779 2364 2972 2418 nempe
3008 2347 3150 2400 labia
3178 2356 3233 2401 et
3262 2348 3443 2416 lingua
3464 2386 3480 2410 ,

1903 2445 2401 2503 consecrarentur;
2435 2445 2494 2491 ut
2522 2440 2663 2492 labia
2711 2439 2929 2508 quidem
2963 2436 3224 2507 hymnum
3267 2450 3482 2505 semper

1901 2536 2252 2592 eruetarent,
2286 2536 2575 2598 postquam
2626 2528 2734 2583 Deo
2789 2530 3016 2583 doctore
3054 2527 3479 2596 justiﬁcationes

1899 2619 2019 2686 ejus
2048 2635 2203 2674 mens
2234 2619 2593 2685 edidicisset;
2633 2620 2819 2687 lingua
2858 2631 2987 2672 vero
3026 2617 3163 2669 nihil
3197 2615 3343 2669 aliud
3396 2616 3478 2669 lo-

1899 2717 2159 2778 queretur
2205 2725 2365 2779 quam
2390 2710 2607 2777 eloquia
2643 2709 2735 2763 Dei
2764 2729 2775 2763 :
2802 2717 2965 2777 atque
2997 2708 3050 2761 id
3086 2713 3311 2777 ageret,
3357 2706 3482 2775 quia

1899 2815 2074 2852 omnes
2101 2800 2196 2853 vite
2225 2800 2339 2867 ejus
2360 2800 2611 2868 justitite.

1969 2888 2136 2944 Vens.
2182 2890 2303 2942 175.
2346 2889 2475 2943 Fiat
2509 2905 2697 2943 manus
2742 2900 2867 2956 tua,
2912 2899 2971 2943 ut
3004 2893 3169 2946 salvet
3204 2910 3282 2947 me
3304 2936 3318 2961 ,
3349 2910 3481 2964 quo-

1896 2982 2043 3035 niam
2074 2982 2334 3035 mandata
2370 2991 2463 3037 tua
2496 2984 2647 3053 elegi.
2680 2981 2886 3037 Videns
2938 2985 3369 3054 magnitudinem
3416 2987 3479 3039 il-

1898 3072 2004 3126 lius
2037 3071 2180 3140 quod
2218 3072 2270 3124 in
2305 3081 2557 3141 promptu
2589 3080 2734 3134 erat,
2769 3086 2925 3141 Opem
2977 3088 3007 3126 a
3058 3073 3169 3128 Deo
3200 3077 3475 3144 postulat,

1901 3172 1959 3215 ut
1988 3162 2246 3231 praedicta
2280 3162 2546 3231 perﬁciat.
2578 3162 2715 3216 Cum
2748 3178 2913 3231 porro
2946 3179 3142 3234 magna
3174 3168 3413 3235 postulet
3443 3182 3473 3220 a

1896 3252 2028 3315 Deo,
2061 3255 2221 3307 etiam
2251 3253 2393 3321 quod
2431 3268 2458 3305 a
2489 3267 2548 3308 se
2580 3259 2664 3308 est
2694 3252 2901 3323 profert
2933 3254 3123 3309 dicens
3160 3270 3175 3309 :
3210 3256 3477 3321 Quoniam

1896 3342 2152 3395 mandata
2179 3352 2272 3394 tua
2300 3342 2451 3411 elegi.
2478 3341 2612 3394 Nam
2639 3341 2783 3410 quod
2809 3342 2861 3395 in
2886 3357 3004 3396 mea
3031 3352 3296 3411 potestate
3323 3350 3474 3409 erat,

1896 3434 1947 3487 id
1982 3448 2012 3486 a
2044 3448 2129 3488 me
2160 3432 2441 3501 impletum
2473 3441 2575 3488 est.
2611 3432 2861 3486 Mandata
2896 3445 2987 3487 tua
3020 3433 3157 3505 elegi
3178 3474 3193 3499 ,
3227 3434 3354 3504 quia
3388 3434 3474 3488 di-

1895 3524 2124 3596 ligebam
2153 3539 2217 3579 ea
2237 3566 2251 3591 ,
2284 3534 2343 3578 ut
2374 3524 2630 3593 superius
2664 3525 2872 3579 dictum
2905 3532 3011 3581 est.

1965 3698 2131 3754 Vens.
2176 3699 2297 3775 174.
2339 3698 2625 3766 Concupivi
2671 3698 2923 3753 Salutare
2965 3709 3144 3765 tuum,
3176 3709 3225 3752 et
3250 3699 3334 3753 lea:
3379 3709 3472 3754 tua

1895 3791 2167 3844 meditatio
2196 3806 2311 3843 mea
2344 3800 2444 3844 est.
2475 3789 2627 3843 Multi
2664 3790 2945 3843 hominum
2989 3791 3219 3845 salutem
3262 3806 3470 3845 concu-

1893 3879 2148 3950 piscunt;
2181 3880 2273 3934 sed
2303 3895 2410 3931 non
2438 3881 2679 3933 salutare
2708 3879 2835 3942 Dei,
2866 3880 2962 3933 sed
2994 3881 3177 3935 carnis
3206 3881 3469 3945 salutare,

1892 3970 2037 4041 quod
2073 3972 2125 4024 in
2161 3971 2366 4023 mundo
2398 3978 2501 4025 est.
2556 3969 2706 4040 Opus
2748 3977 2933 4023 autem
2963 3978 3045 4025 est
3076 3973 3472 4041 concupiscere

1894 4061 2145 4115 Salutare
2175 4060 2264 4114 Dei
2293 4079 2307 4124 ;
2342 4068 2401 4113 ut
2442 4061 2494 4114 in
2529 4060 2637 4114 Deo
2663 4047 2909 4115 salutem
2959 4063 3367 4125 nauciscamur,
3415 4063 3468 4116 in

1893 4152 2011 4221 ipso
2056 4151 2439 4221 quiescamus,
2488 4160 2677 4206 sancta
2720 4151 2773 4205 in
2816 4152 3184 4206 lucreditatem
3231 4153 3468 4222 accipia-

1892 4258 2053 4296 mus:
2106 4256 2232 4294 nam
2262 4241 2516 4295 Salutare
2565 4241 2658 4296 Dei
2701 4248 2786 4296 est
2810 4251 3011 4295 aeterna
3035 4243 3163 4296 vita.
3210 4242 3365 4307 Quod
3420 4245 3466 4298 si

1899 4331 2033 4385 velis
2069 4331 2234 4384 verbo
2266 4330 2556 4386 sublimius
2585 4333 2863 4402 progredi,
2903 4320 3153 4385 salutare
3186 4331 3278 4385 Dei
3309 4332 3469 4386 Chri-

207 4422 329 4484 στὸς
353 4424 497 4474 ἐστιν
520 4440 533 4452 ’
584 4423 786 4493 Ἰησοῦς
810 4425 918 4494 γὰρ
948 4424 1332 4494 ἑρμηνεύεται,
1361 4425 1495 4477 Θεοῦ
1522 4426 1784 4496 σωτηρία.

1902 4429 2013 4475 stus
2042 4428 2124 4474 est
2159 4438 2172 4474 :
2220 4418 2381 4475 Jesus
2412 4437 2650 4491 namque
2679 4421 3005 4489 explicatur,
3035 4420 3130 4475 Dei
3162 4423 3334 4476 salus.
3370 4421 3470 4478 llic

204 4507 371 4573 Οὗτος
404 4513 533 4582 ἡμῖν
562 4512 1003 4583 ὲπέμιρθη.’06ὸς
1035 4513 1128 4565 τοῦ
1159 4512 1548 4576 ἐπιποθοῦντος
1588 4514 1649 4566 τὸ
1679 4514 1791 4567 Σω-

202 4604 388 4674 τήριον
414 4602 505 4654 τοῦ
536 4602 690 4666 Θεοῦ,
719 4603 779 4655 τὸ
817 4603 907 4656 τὸν
937 4604 1097 4674 νόμον
1140 4599 1278 4657 εἶναι
1305 4604 1533 4675 μελέτην
1566 4605 1641 4675 τῷ
1668 4607 1789 4657 ἐπι-

206 4690 479 4754 ποθοῦντι,
509 4693 999 4762 προαναφωνοῦντα
1042 4696 1139 4765 τὴν
1184 4694 1341 4766 δεῦρο
1376 4696 1540 4748 αὐτοῦ
1584 4697 1784 4763 ἄφιξιν.

207 4783 389 4838 Νόμιον
411 4782 467 4835 δὲ
493 4783 728 4838 ἐνταῦθα
748 4785 900 4838 καλεῖ
928 4788 1108 4839 πᾶσαν
1135 4787 1234 4857 τὴν
1258 4787 1492 4841 παλαιὰν
1511 4789 1606 4843 καὶ
1639 4789 1788 4844 θείαν

204 4876 245 4927 Γ
250 4876 447 4945 ραφήν.

244 5020 249 5021 ,
276 4964 531 5029 Ζήσεται
557 4966 594 5033 ὴ
615 4965 783 5034 ’Ψυχή
802 4984 943 5034 μου,
962 4966 1056 5020 καὶ
1084 4968 1309 5021 αἰνέσει
1335 4985 1427 5033 σε,
1452 4969 1551 5023 καὶ
1576 4970 1646 5023 τὰ
1666 4972 1788 5037 κρί-

200 5052 359 5120 ματά
403 5068 519 5106 σου
558 5054 855 5122 ,ϐοηθήσει
894 5072 1014 5123 μοι.
1056 5058 1150 5119 El;
1177 5057 1268 5109 τὸν
1304 5058 1564 5129 μέλλοντα
1596 5060 1786 5129 χρόνον

204 5143 473 5195 ἐνέκλειεν
499 5145 598 5214 τὴν
622 5142 768 5215 ζωὴν
794 5145 896 5213 τῆς
916 5145 1114 5216 ψυχῆς.
1133 5147 1192 5201 Ἠ
1218 5148 1326 5218 γὰρ
1367 5148 1477 5217 ζωὴ
1500 5151 1668 5219 ἡμῶν
1696 5151 1787 5204 κέ-

206 5251 457 5303 κρυπται
486 5236 607 5289 σὺν
636 5235 866 5304 Χριστῷ
891 5239 960 5290 ἐν
990 5238 1068 5302 τῷ
1100 5238 1239 5304 Θεῷ.
1261 5241 1392 5293 Τότε
1425 5243 1657 5312 ὑμνήσει
1683 5262 1783 5297 κυ-

206 5327 336 5397 ρίως
363 5326 454 5378 τὸν
484 5326 636 5381 Θεόν.
670 5328 779 5382 Kal
812 5329 883 5381 τὰ
921 5330 1174 5397 κρίματά
1200 5347 1317 5385 σου
1339 5334 1633 5400 ,βοηθήσει
1658 5353 1778 5403 μοι.

218 5415 340 5467 Ἐπὶ
374 5415 594 5486 βοηθείᾳ
620 5418 728 5470 τῶν
764 5420 1097 5489 κρινομένων
1129 5421 1197 5473 τὰ
1230 5422 1468 5492 κρίματα
1510 5424 1602 5477 τοῦ
1647 5426 1781 5479 Θεοῦ

205 5504 433 5571 γίνεται.
480 5506 637 5559 Ἀλλὰ
681 5507 813 5579 ἄλλη
864 5509 1146 5579 παρρησία
1198 5511 1446 5581 βοηθείας
1500 5516 1781 5586 χριμάτων

284 5674 331 5705 ’⁸
368 5672 675 5753 Joan._x1v,
713 5679 764 5733 6.
840 5682 883 5712 ’⁷
926 5680 1137 5739 Coloss.
1173 5699 1262 5751 Ill,-
1295 5686 1346 5742 5.

1894 4519 1977 4565 est
2004 4511 2097 4579 qui
2131 4509 2292 4564 nobis
2346 4510 2549 4565 missus
2592 4519 2695 4565 est.
2740 4509 2834 4563 Via
2882 4510 3328 4579 concupiscentis
3363 4509 3466 4563 Sa-

1892 4605 2070 4657 lutare
2109 4602 2202 4656 Dei
2230 4611 2351 4667 est,
2390 4611 2449 4656 ut
2478 4602 2582 4657 sibi
2626 4602 3039 4671 concupiscenti
3080 4603 3360 4657 meditatio
3392 4603 3467 4658 sit

1892 4696 1973 4750 lex
1997 4735 2011 4760 ,
2046 4710 2167 4764 quze
2197 4694 2317 4763 ejus
2342 4693 2408 4746 ad
2440 4709 2542 4748 nos
2574 4694 2866 4748 adventum
2890 4694 3236 4764 praenuntiat.
3269 4692 3464 4764 Legem

1890 4796 2070 4841 autem
2101 4786 2189 4839 hic
2218 4792 2379 4839 vocat
2421 4792 2588 4838 totam
2639 4793 2875 4858 veterem
2920 4800 2983 4838 ac
3031 4784 3273 4839 divinam
3312 4784 3465 4839 Scri-

1796 4890 1799 4893 '
1889 4886 1982 4945 ptu
1992 4892 2125 4930 ram.

1962 4971 2133 5026 Vens.
2174 4971 2306 5034 I75,
2350 4969 2474 5024 176.
2526 4969 2671 5024 Vivet
2711 4971 2892 5023 anima
2932 4987 3083 5036 nica,
3131 4980 3181 5023 et
3219 4970 3465 5025 laudabit

1890 5073 1969 5124 te,
2002 5073 2051 5116 et
2079 5062 2285 5132 judicia
2310 5072 2401 5113 tua
2432 5061 2758 5129 adjuvabunl
2791 5078 2890 5113 me.
2923 5060 2978 5114 In
3012 5061 3194 5115 futuro
3218 5070 3465 5132 tempore

1885 5154 2050 5207 vitam
2078 5152 2273 5207 anima:
2304 5151 2555 5205 includit.
2605 5152 2725 5205 Vita
2755 5153 2901 5205 enim
2935 5161 3119 5206 nostra
3149 5153 3463 5208 abscondita

1886 5256 1962 5299 est
1993 5262 2113 5297 cum
2141 5244 2351 5299 Christo
2384 5245 2437 5297 in
2473 5243 2577 5297 Deo
2616 5245 2682 5297 ⁸⁷.
2716 5242 2870 5297 Tunc
2902 5242 3068 5297 Deum
3102 5245 3319 5313 proprie
3346 5246 3462 5298 lau-

1890 5336 2062 5390 dabit.
2101 5334 2168 5388 Et
2217 5334 2426 5403 judicia
2460 5344 2551 5387 tua
2598 5334 2920 5402 adjuvabunt
2955 5352 3054 5388 me.
3089 5336 3170 5389 Ad
3200 5338 3461 5390 auxilium

1884 5442 2073 5481 eorum
2095 5467 2109 5491 ,
2140 5426 2207 5482 de
2233 5427 2431 5496 quibus
2460 5426 2764 5495 judicatur,
2787 5427 2995 5497 judicia
3039 5429 3129 5482 Dei
3160 5427 3311 5482 ﬁunt.
3350 5427 3457 5483 Ve-

1885 5534 2003 5573 rum
2058 5518 2163 5572 alia
2212 5518 2397 5574 auxilii
2455 5519 2509 5573 in
2545 5518 2769 5590 judieiis
2796 5518 3001 5574 ferendi
3048 5519 3243 5576 ﬁducia
3289 5534 3456 5590 penes
