4106 6164
1131 323 1784 423 TRADITIO
1923 323 2726 425 CATHOLICA.

1423 523 1808 582 SECULUM
1874 523 1932 576 ν.
1995 524 2258 580 ANNUS
2314 522 2435 578 420

1808 714 2068 738 ἠδ’-³

1507 909 2374 1040 ELENCHUS

247 1123 768 1199 AUCTORUM
819 1123 934 1195 ET
979 1122 1370 1195 OPEHUM
1429 1122 1582 1204 QUI
1635 1123 1723 1196 IN
1777 1121 1966 1194 HAG
2021 1121 2236 1194 TOMI
2294 1122 2525 1196 XXIII
2577 1124 2880 1198 PARTE
2939 1127 2959 1197 Ι
3014 1127 3636 1205 COTINENTUB.

884 1570 948 1632 S.
980 1567 1351 1633 EUSEBIUS
1383 1566 1895 1645 HIERONYMUS,
1943 1569 2490 1634 STRIDONENSIS
2525 1569 2997 1637 PRESBYTER.

242 1678 558 1742 VALLARSII
599 1676 922 1739 anrmo.
3243 1685 3354 1748 col.
3601 1685 3641 1746 9

322 1785 586 1848 Senum.

245 1891 373 1954 Vita
404 1890 466 1953 S.
498 1891 665 1955 Pauli
690 1889 864 1971 primi
890 1888 1170 1954 eremitze.
3567 1899 3641 1962 Π

246 1999 380 2061 Vita
407 1998 468 2061 s.
500 1995 834 2060 Hilarionis.
3564 2003 3644 2066 99

247 2105 383 2166 Vita
408 2103 623 2167 Malchi
649 2101 939 2167 monachi.
3565 2112 3646 2172 55

249 2211 491 2293 Regulaa
517 2211 578 2274 S.
611 2209 911 2273 Pachumii
938 2207 1272 2272 Translatio
1305 2207 1529 2268 Latina.
3567 2219 3647 2280 65

249 2321 524 2384 Instituta
553 2319 616 2382 S.
650 2317 976 2382 Pachomii.
3568 2326 3639 2387 81

249 2428 542 2507 Praecepta
568 2432 628 2489 et
648 2424 864 2504 judicia
892 2423 954 2485 S.
987 2424 1304 2486 Pachomii.
3569 2437 3649 2500 85

248 2533 546 2612 Praecepta
573 2547 641 2596 ac
671 2533 835 2612 leges
863 2530 924 2592 S.
957 2529 1275 2594 Pachomii.
3570 2541 3645 2604 87

247 2640 468 2702 Monita
494 2639 558 2700 S.
591 2638 909 2702 Pachomii.
3567 2648 3647 2710 89

251 2747 366 2808 PP.
401 2744 698 2808 Pachomii
728 2751 788 2808 et
814 2743 1105 2807 Theodori
1133 2742 1412 2821 Epistolaa
1440 2746 1497 2805 et
1527 2739 1704 2805 verba
1734 2744 1997 2823 mystica.
3563 2757 3637 2818 91

255 2851 447 2916 Verba
473 2851 814 2931 prOphetica
841 2853 903 2915 S.
937 2849 1253 2914 Pachomii.
3537 2862 3654 2924 102

252 2959 516 3041 Epistola
545 2958 837 3023 Theodori
867 2958 942 3021 ad
971 2959 1324 3023 monasteria
1356 2959 1430 3026 de
1457 2963 1704 3028 Pascha.
3540 2971 3655 3032 104

255 3061 828 3146 lnterpretatio'libri
860 3065 1089 3144 Didymi
1121 3065 1195 3131 de
1222 3067 1442 3146 Spiritu
1471 3077 1676 3133 sancto
1707 3069 1781 3132 ad
1815 3068 2246 3134 Paulinianum.
3543 3075 3655 3137 107

260 3175 540 3254 Dialogus
567 3179 768 3236 contra
799 3173 1218 3236 Luciferianos.
3544 3172 3804 3246 463/“

259 3280 437 3344 Liber
463 3280 538 3345 de
565 3285 848 3361 perpetua
875 3278 1216 3360 virginitate
1242 3281 1310 3342 B.
1345 3281 1563 3344 Mariae.
3549 3290 3662 3352 193

260 3388 568 3453 Adversus
594 3387 966 3452 Iovinianum
997 3385 1132 3450 libri
1158 3385 1297 3452 duo.
3543 3397 3653 3460 om

261 3495 439 3560 Liber
465 3499 670 3575 contra
699 3493 1104 3573 Vigilantiam.
3541 3503 3660 3567 353

261 3603 442 3667 Liber
469 3609 673 3668 contra
697 3602 862 3666 Joan.
897 3601 1515 3684 Hierosolymitannm.
3503 3634 3506 3637 ·
3541 3613 3653 3675 371

263 3708 552 3791 Apologia
581 3708 866 3772 adversus
892 3707 1074 3771 libros
1104 3708 1322 3773 Ruﬁni.
3538 3717 3658 3780 415

267 3817 551 3898 Dialogus
572 3814 860 3881 adversus
887 3815 1255 3897 Pelagianos.
3537 3824 3654 3889 517

268 3922 442 3988 Liber
469 3921 542 3987 de
569 3921 713 3987 viris
737 3920 1091 3989 illustribus.
3539 3935 3650 3999 631

423 4027 750 4090 APPENDIX.

266 4135 353 4200 De
389 4133 526 4200 vitis
552 4133 973 4215 apostolorum.
3541 4148 3651 4212 761

271 4241 534 4323 Epistola
559 4239 634 4304 ad
661 4240 1031 4308 Desiderium
1059 4240 1132 4306 de
1159 4239 1465 4308 duodecim
1495 4241 1856 4310 doctoribus.
3540 4256 3660 4320 763
