4118 6158
1498 584 2585 741 PR/EFATIO.

406 1159 788 1237 Quanquam
848 1160 1131 1238 praefixa;
1203 1160 1465 1238 singulis
1546 1160 1809 1239 hujusce
1886 1164 2039 1222 tomi
2122 1163 2377 1222 secundi
2432 1162 2607 1222 libris
2672 1160 3100 1221 admonitiones
3182 1159 3489 1238 prmfandi
3544 1176 3730 1219 onere

322 1257 599 1317 maxima
628 1275 724 1317 me
762 1275 843 1317 ex
885 1263 1062 1336 parte
1121 1258 1354 1330 levent,
1412 1259 1702 1336 quaedam
1764 1260 2173 1319 nihilominus
2232 1279 2363 1320 esse
2423 1260 2625 1331 video,
2692 1259 2769 1319 de
2827 1259 3057 1336 quibus
3116 1258 3412 1317 lectorem
3470 1256 3533 1315 in
3590 1256 3729 1333 ipso

328 1355 537 1415 statim
570 1354 742 1414 aditu
808 1355 1251 1434 praemunitum
1312 1356 1499 1415 fuisse
1557 1376 1681 1416 non
1740 1357 1971 1435 pigeat.
2031 1360 2118 1417 Ac
2168 1358 2439 1435 primum
2500 1358 2771 1417 instituti
2828 1357 2946 1415 mei
3002 1356 3159 1415 ratio
3216 1353 3537 1414 reddenda
3610 1358 3725 1425 est,

328 1451 491 1529 quod
577 1451 941 1530 Hieronymi
1021 1452 1344 1533 Opuscula,
1404 1472 1799 1531 quaecunque
1883 1454 2005 1513 huc
2086 1454 2234 1513 illuc
2289 1454 2837 1532 dispertiebantur,
2899 1459 2961 1513 et
3007 1453 3133 1511 sive
3189 1451 3249 1509 in
3302 1450 3724 1529 Epistolarum

320 1548 475 1608 serie
535 1548 908 1627 peregrinas
963 1550 1142 1609 sedes
1215 1549 1596 1621 incolebant,
1659 1552 1786 1609 sive
1844 1550 2107 1609 aliorum
2170 1556 2497 1610 auctorum
2558 1548 3409 1629 scriptionibusintermista,
3445 1547 3722 1606 nondum

318 1646 431 1716 illi,
484 1645 673 1721 cujus
730 1651 942 1723 partes
972 1650 1138 1717 sunt,
1172 1647 1660 1725 Hieronymiano
1690 1647 1939 1725 corpori
1998 1654 2411 1717 accesserant,
2446 1647 2535 1707 ita
2590 1648 2649 1705 in
2713 1665 2907 1706 unum
2967 1646 3259 1706 volumen
3318 1644 3721 1721 conjecerim,

317 1749 387 1802 ut
412 1743 538 1802 iste
569 1743 766 1802 ferme
826 1761 1025 1803 novus
1077 1742 1395 1821 justaeque
1428 1744 1608 1804 molis
1638 1750 1846 1803 tomus
1879 1749 2263 1820 exsurgeret.
2329 1746 2458 1820 Ego
2516 1762 2663 1803 vero
2722 1744 2908 1814 istud,
2947 1752 3013 1803 ut
3068 1762 3222 1803 meae
3280 1742 3545 1803 editioni
3578 1759 3723 1819 pre-

313 1841 467 1900 tium
529 1838 931 1899 conciliarem
993 1858 1065 1899 ac
1120 1840 1514 1918 dignitatem,
1575 1859 1718 1901 cum
1779 1840 1997 1918 primis
2066 1840 2369 1919 proposui
2427 1840 2603 1915 mibi,
2687 1846 2752 1899 ut
2824 1839 3072 1916 singula
3130 1858 3321 1917 quam
3380 1837 3725 1899 rectissimo

315 1942 616 2015 poterant
689 1936 910 1997 ordine
991 1937 1475 2013 digererentur;
1537 1938 1784 2017 hocque
1841 1938 2229 2015 praecipuum
2290 1937 2664 2009 existimavi,
2723 1938 2801 1996 ad
2888 1938 3056 2014 quod
3132 1935 3590 2015 respiciendum
3648 1934 3726 1994 iis

313 2037 415 2105 sit,
448 2035 567 2112 qui
623 2034 977 2095 studiorum
1035 2053 1290 2095 suorum
1351 2053 1425 2095 ex
1485 2036 1857 2096 Sanctorum
1916 2037 2175 2095 Patrum
2237 2034 2501 2095 lectione
2561 2035 2678 2094 sibi
2735 2034 3025 2113 praesidia
3056 2038 3379 2113 expetunt.
3414 2033 3616 2103 Quare
3673 2032 3726 2091 si

314 2133 456 2194 illas
514 2131 1047 2204 elucubrationes,
1110 2152 1377 2211 quarum
1438 2151 1551 2193 nec
1610 2132 1827 2193 dictati
1882 2132 2213 2211 prolixitas
2270 2138 2469 2203 tanta,
2506 2138 2574 2191 ut
2622 2150 2902 2192 seorsum
2954 2130 3263 2191 recenseri
3320 2134 3576 2209 queant,
3609 2146 3724 2190 nec

312 2248 388 2290 ea
432 2235 535 2290 est
589 2229 949 2307 scriptionis
1005 2229 1248 2289 indoles
1308 2249 1379 2289 ac
1437 2236 1689 2301 natura,
1749 2236 1940 2308 atque
1996 2230 2061 2289 in
2118 2230 2243 2289 illis
2295 2230 2638 2290 disserendi
2698 2230 2943 2301 modus,
3005 2236 3074 2289 ut
3138 2228 3277 2289 aliis
3332 2226 3559 2288 diversi
3616 2244 3721 2286 ar—

310 2327 601 2405 gumenti
660 2332 850 2405 atque
904 2327 1140 2405 ingenii
1196 2328 1371 2387 libris
1429 2328 1753 2406 patiantur
1811 2328 2195 2405 permisceri,
2254 2328 2317 2387 in
2395 2346 2588 2387 unum
2677 2328 2971 2388 collectas
3028 2326 3251 2386 nativis
3308 2324 3501 2384 veluti
3556 2324 3722 2384 sedi-

312 2424 427 2484 bus
489 2424 865 2503 postliminii
921 2423 1065 2502 jure
1122 2425 1555 2497 restituissem,
1617 2444 1779 2485 nova
1848 2444 2058 2485 rerum
2145 2431 2335 2502 atque
2416 2424 2652 2483 ordinis
2739 2424 3093 2483 accessione
3182 2422 3523 2481 maximam
3592 2420 3719 2479 illis

315 2526 753 2599 comparatum
816 2521 893 2579 iri
949 2521 1203 2582 laudem
1262 2540 1335 2582 ac
1392 2522 1597 2581 lucem
1655 2539 1792 2581 sum
1850 2521 2212 2582 arbitratus.
2275 2520 2523 2581 Scilicet
2580 2519 2949 2591 editionum,
2984 2538 3125 2599 quae
3182 2519 3485 2578 hactenus
3527 2518 3715 2576 ador-

316 2623 487 2677 nata
534 2625 694 2687 sunt,
728 2635 1000 2696 quasque
1054 2618 1347 2696 Epistolis
1398 2618 1644 2679 libellos
1702 2619 1855 2679 istos
1914 2618 2215 2679 continuo
2280 2618 2561 2689 miscent,
2622 2617 2719 2676 vix
2783 2624 2911 2677 erat
2993 2617 3247 2676 ferenda
3304 2614 3716 2693 perturbatio.

309 2716 636 2784 Erasmus,
671 2733 944 2793 eumque
999 2722 1251 2775 secutus
1310 2716 1645 2785 Victorius,
1710 2717 1937 2793 quibus
1994 2716 2399 2775 materiarum
2441 2716 2596 2775 ordo
2654 2714 2826 2775 cordi
2887 2720 3039 2787 erat,
3078 2713 3413 2773 nonnullos
3442 2712 3503 2770 in
3563 2712 3721 2772 alte-

307 2822 377 2863 ra
437 2804 665 2867 classe.
695 2804 825 2864 sive
884 2810 1082 2875 tomo,
1116 2811 1370 2883 arrepta
1422 2805 1761 2865 identidem
1820 2822 1895 2864 ex
1952 2803 2245 2882 Epistolis
2276 2804 2607 2863 occasione
2665 2803 2993 2870 collocant,
3029 2803 3199 2881 quod
3256 2798 3560 2889 ἐλεγκτικά
3622 2808 3719 2862 καὶ

304 2889 709 2979 ἀπολογεῖ-ικαὶ
764 2893 1178 2964 continerent,
1236 2894 1364 2952 sive
1424 2911 1565 2971 quae
1649 2893 1966 2971 pertinent
2035 2892 2112 2951 ad
2175 2892 2450 2951 diversas
2509 2892 2799 2963 haereses,
2847 2898 2908 2950 et
2967 2891 3415 2950 maledicorum
3475 2890 3719 2948 calum-

302 2982 447 3041 nias
489 2977 513 3039 ί
563 2982 719 3041 alios
778 2980 859 3039 ad
916 2981 1143 3057 prioris
1200 2981 1355 3041 tomi
1386 2980 1624 3041 calcem
1689 2985 2034 3052 recensent,
2078 2981 2214 3058 ipso
2274 2979 2588 3039 interdum
2650 2979 2970 3057 proposito
3029 2986 3091 3038 et
3148 2978 3501 3055 argumenti
3535 2977 3718 3035 dissi-

306 3078 669 3138 militudine
726 3077 1098 3137 reluctante.
1135 3080 1420 3156 Nuperus
1458 3096 1605 3137 vero
1668 3078 1881 3137 Editor
1941 3076 2402 3147 Benedictinus,
2463 3095 2650 3155 quem
2727 3077 2846 3135 sibi
2926 3075 3349 3153 Epistolarum
3432 3073 3718 3133 ordinem

307 3174 837 3251 chronologicum
895 3181 1334 3253 proposuerat,
1393 3175 1624 3253 passim
1684 3173 2069 3234 immanibus
2119 3173 2199 3233 ad
2266 3174 2400 3233 haec
2445 3173 2812 3251 excipienda
2852 3172 3084 3250 scripta
3134 3172 3410 3231 hiatibus
3442 3171 3716 3230 interru-

305 3273 455 3352 pit:
520 3273 583 3331 in
610 3272 683 3331 iis
741 3278 954 3331 autem
1013 3271 1368 3349 digerendis
1424 3272 1659 3331 nullam
1694 3277 2076 3350 temporum,
2110 3271 2189 3330 ad
2240 3290 2380 3348 qua:
2439 3271 2890 3341 referebantur,
2955 3270 3263 3329 rationem
3312 3268 3553 3341 habuit,
3609 3267 3717 3327 sed

306 3371 584 3429 fortasse
640 3388 849 3429 rerum
885 3388 900 3440 ;
936 3368 1101 3428 unde
1158 3369 1392 3429 factum
1453 3375 1565 3442 est,
1630 3374 1695 3428 ut
1746 3369 1894 3429 dum
1953 3369 2202 3447 utrique
2262 3368 2501 3428 semita:
2561 3368 2745 3427 simul
2802 3367 3130 3439 insisteret,
3164 3366 3243 3426 ab
3274 3374 3541 3445 utraque
3598 3384 3717 3424 sae-

306 3468 464 3545 pius
519 3466 893 3535 aberrarret,
929 3465 1428 3543 perturbatoque
1485 3466 1889 3525 materiarum
1937 3484 2061 3525 una
2117 3470 2305 3543 atque
2364 3466 2663 3543 temporis
2720 3464 2959 3537 ordine,
3022 3464 3321 3523 lectorem
3397 3469 3713 3522 transver-

309 3581 461 3622 sum
518 3568 788 3639 raperet.
822 3564 1022 3622 Erunt
1070 3570 1467 3640 argumento,
1533 3582 1609 3622 ne
1660 3563 1723 3622 in
1782 3563 1901 3622 hac
1958 3580 2074 3639 ego
2130 3581 2389 3622 censura
2445 3562 2680 3622 diutius
2737 3580 2970 3636 verser,
3005 3580 3161 3640 quas
3208 3560 3492 3620 obtinent
3540 3558 3716 3618 sedes

308 3659 379 3718 in
448 3676 525 3718 ea
581 3658 929 3720 recensione
988 3659 1115 3719 duo
1172 3666 1417 3720 tantum
1466 3660 1626 3732 libri,
1680 3677 1952 3739 quorum
2018 3678 2176 3719 unus
2239 3660 2411 3739 (Vita
2470 3664 2531 3719 S.
2598 3659 2771 3719 Pauli
2828 3658 3146 3735 Eremitae)
3204 3664 3387 3716 aetate
3443 3655 3719 3733 reliquas

306 3774 540 3817 omnes
598 3758 659 3815 S.
722 3756 999 3817 Doctoris
1055 3757 1559 3817 elucubrationes
1612 3764 1913 3835 superat:
1977 3756 2137 3816 alter
2192 3756 2516 3834 (Dialogus
2575 3762 2795 3816 contra
2842 3755 3237 3833 Pelagianos)
3293 3752 3534 3813 caeteris
3594 3752 3718 3811 fer-

308 3872 415 3914 me
475 3852 766 3913 omnibus
822 3854 1132 3932 posterior
1183 3860 1297 3913 est.
1332 3854 1443 3915 Ille
1486 3860 1697 3913 autem
1760 3854 2053 3932 Epistolis
2112 3854 2193 3912 ad
2251 3854 2611 3913 Marcellam
2664 3860 2725 3913 et
2800 3853 3059 3913 Paulam
3120 3851 3364 3929 scriptis
3420 3848 3722 3909 decennio

306 3958 461 4030 post
515 3951 833 4023 subditur,
866 3951 1005 4028 ipsa
1046 3958 1562 4029 argumentorum
1624 3952 1781 4012 serie
1844 3954 2119 4011 immane
2181 3956 2484 4028 quantum
2547 3952 2882 4011 abludentc
2918 3969 2930 4009 :
2969 3951 3069 4010 hic
3119 3968 3265 4010 vero
3323 3948 3427 4027 qui
3474 3948 3553 4007 ad
3610 3966 3731 4006 an;

306 4066 471 4108 num
528 4048 803 4126 pertinet
858 4049 1551 4126 quadringentesimum
1611 4050 1922 4109 decimum
1974 4049 2288 4127 quintum,
2324 4049 2619 4125 Epistolis
2676 4049 2812 4107 aliis
2870 4048 3258 4127 praeponitur
3289 4048 3367 4106 ab
3400 4065 3566 4105 anno
3599 4051 3722 4104 tre-

318 4146 675 4205 centesimo
732 4147 1115 4223 octogesimo
1172 4152 1346 4206 sexto
1403 4147 1694 4207 exaratis.
1730 4149 1966 4226 Nempe
2022 4148 2110 4206 ita
2167 4151 2598 4223 comparatum
2662 4150 2754 4203 est
2810 4164 2846 4204 a
2888 4153 3136 4217 natura,
3172 4149 3239 4203 ut
3294 4140 3467 4201 nulla
3498 4143 3576 4201 sit
3606 4141 3725 4200 dis-

307 4242 617 4301 similium
679 4242 943 4301 societas
992 4261 1221 4316 rerum,
1284 4261 1441 4321 quas
1499 4245 1549 4302 si
1608 4245 1685 4303 ad
1744 4262 1931 4303 unam
1995 4244 2231 4321 pariter
2280 4243 2493 4303 referri
2552 4242 2770 4301 seriem
2820 4244 3081 4319 ingratis
3140 4240 3498 4317 compellas,
3556 4238 3723 4315 ejus-

311 4339 493 4399 modi
552 4357 774 4400 cavere
829 4341 1363 4418 perturbationem
1423 4341 1594 4402 haud
1655 4341 1872 4420 possis.
1958 4342 2023 4402 Si
2111 4341 2187 4401 ad
2248 4360 2435 4419 quem
2495 4340 2807 4419 Epistolas
2864 4339 3145 4417 exegeris
3216 4344 3569 4414 temporum
3628 4353 3725 4394 or-

308 4434 557 4508 dinem,
591 4437 924 4495 Tractatus
982 4455 1105 4496 una
1162 4436 1400 4515 exigas,
1460 4438 1726 4497 deformi
1790 4435 2160 4514 trajectione
2216 4437 2605 4516 peccandum
2669 4438 2768 4509 sit,
2831 4442 3019 4515 atque
3078 4436 3259 4496 unius
3334 4451 3540 4493 causa:
3599 4450 3725 4492 mo-

308 4539 626 4592 numenta
670 4532 793 4593 huc
824 4533 1097 4611 illucque
1154 4534 1617 4613 discerpenda;
1680 4534 1729 4594 si
1791 4535 2193 4595 materiarum
2248 4536 2426 4594 malis
2483 4534 2760 4613 vestigiis
2804 4535 3135 4605 inhmrere,
3184 4530 3606 4608 chronologia:
3633 4548 3726 4589 re-

306 4629 528 4707 gulas,
564 4648 705 4707 quae
762 4630 1185 4709 Epistolarum
1245 4637 1337 4690 est
1394 4632 1853 4709 propemodum
1916 4632 2153 4705 anima,
2188 4638 2541 4710 pervertere
2598 4651 2843 4692 necesse
2904 4632 3158 4691 habeas.
3224 4633 3437 4707 Neque
3496 4646 3569 4687 eo
3627 4626 3725 4685 in-

309 4726 519 4798 ficias,
582 4726 704 4785 tria
760 4745 893 4787 esse
928 4734 1037 4787 aut
1070 4735 1343 4806 quatuor
1400 4730 1724 4806 opuscula,
1759 4729 1987 4808 quibus
2018 4729 2274 4789 totidem
2314 4729 2605 4806 Ερὶδιοιῖε
2648 4730 2845 4788 lucem
2881 4729 3173 4788 afferrent
3204 4724 3558 4804 argumenti
3590 4740 3729 4801 pro-

310 4823 661 4884 ximitate:
712 4824 906 4884 satius
937 4825 1077 4885 dico
1109 4843 1263 4894 esse,
1317 4825 1613 4885 lectorem
1675 4825 1750 4885 de
1806 4826 1928 4884 illis
1988 4826 2350 4896 admonere,
2401 4844 2591 4903 quam
2651 4825 2778 4885 suis
2838 4825 3088 4885 sedibus
3136 4842 3246 4903 per
3296 4823 3417 4880 vim
3479 4820 3728 4879 avulsas

314 4919 383 4978 in
448 4919 728 4979 alienum
786 4921 988 4981 solum
1047 4923 1408 4994 transferre,
1467 4927 1530 4980 et
1587 4921 1742 4981 lucis
1831 4921 2191 4982 mutuandaa
2272 4922 2554 4994 obtentu,
2620 4941 2810 4981 morae
2892 4930 2955 4981 et
3004 4922 3454 4999 impedimento
3514 4917 3729 4994 legen-

316 5016 503 5076 tibus
554 5035 711 5077 esse.
771 5019 864 5078 Ad
924 5019 1089 5078 hunc
1146 5026 1313 5079 certe
1366 5018 1621 5078 modum
1667 5025 1728 5079 et
1787 5018 2206 5079 accuratiores
2264 5018 2527 5078 aliorum
2591 5026 2868 5079 veterum
2919 5021 3173 5078 Patrum
3220 5017 3525 5077 editiones
3554 5014 3733 5075 ador-

318 5119 496 5172 nata!
553 5119 722 5185 sunt,
772 5114 837 5173 in
894 5115 1122 5193 quibus
1178 5117 1266 5175 ita
1313 5133 1463 5174 suus
1519 5116 1744 5193 cuique
1802 5116 2213 5195 scriptionum
2276 5116 2489 5192 generi
2552 5117 2725 5175 locus
2786 5116 3103 5186 tribuitur,
3165 5120 3234 5173 ut
3306 5130 3508 5191 neque
3564 5110 3728 5188 cpis-

312 5209 546 5270 tolaris
602 5229 807 5271 sermo
866 5211 1092 5291 planus
1146 5212 1688 5272 dissertationibus
1764 5219 1826 5272 et
1884 5214 2081 5285 libris,
2140 5231 2342 5291 neque
2415 5214 2472 5272 in
2531 5214 3007 5272 Commontmiis
3066 5219 3125 5272 et
3194 5211 3501 5283 Homiliis,
3564 5215 3625 5268 ct
3680 5209 3733 5268 si

313 5325 458 5385 qua.
514 5315 660 5368 sunt
717 5310 842 5369 alia
902 5311 1255 5387 disparibus
1314 5310 1609 5388 auspiciis
1658 5317 1805 5370 nata
1867 5312 2384 5389 permisceantur.
2438 5311 2613 5379 Quod
2703 5317 2766 5369 ut
2824 5330 2939 5387 ego
3029 5308 3269 5369 meliori
3330 5308 3537 5367 adhuc
3588 5306 3732 5383 jure

312 5404 381 5463 in
453 5403 838 5484 Hieronymo
896 5407 1260 5467 exornando
1309 5412 1696 5484 praestarem,
1761 5408 1902 5467 duae
1933 5414 2241 5487 praeterea
2295 5424 2500 5465 causae
2570 5406 2982 5484 impulerunt.
3045 5407 3274 5477 Altera,
3354 5404 3522 5483 quod
3573 5421 3731 5463 non-

313 5498 509 5563 nulla
566 5501 704 5582 ejus
758 5503 1087 5584 opuscula,
1149 5522 1293 5584 quae
1337 5504 1436 5564 vel
1494 5503 1557 5567 in
1618 5504 1757 5567 aliis
1803 5505 1992 5569 tomis
2048 5502 2467 5584 vagabantur,
2537 5509 2608 5569 ut
2666 5503 2917 5589 Didymi
2970 5504 3129 5568 liber
3173 5504 3250 5565 de
3307 5502 3542 5587 Spiritu
3597 5518 3735 5592 sau-~

648 5637 921 5711 Pnnon.
964 5637 1187 5707 XXIII.
3219 5642 3256 5727 t

172 5741 336 5872 ,δσδ

110 5859 195 5951 ο,
