4118 6158
384 275 453 337 il
1856 271 2297 338 PRAEFATIO.
2550 284 2561 297 ’
3697 274 3769 343 ﬂ

306 388 341 423 ἰ

378 459 479 516 cto
536 472 613 515 ex
668 456 882 515 Graeco
939 454 1157 515 Latine
1217 453 1519 527 redditus,
1575 453 1670 515 vel
1729 454 2011 515 nondum
2067 450 2569 531 Hieronymianis
2619 456 3010 514 accesserant
3056 471 3071 528 ;
3118 453 3323 533 qualis
3377 460 3471 516 est
3535 458 3600 518 S.
3663 459 3769 518 Pa-

377 551 611 613 chomii
654 552 873 631 regula
911 551 1064 612 item
1086 551 1302 613 Latine
1358 569 1659 613 conversa
1705 570 1781 612 ex
1839 553 2080 623 Graeco,
2127 554 2194 610 ut
2251 565 2419 610 nunc
2465 548 2591 609 alia
2648 557 3041 628 praeteream,
3075 550 3201 612 huc
3248 551 3510 613 adscisci
3562 572 3765 633 opera:

378 659 648 737 pretium
707 664 860 727 erat,
895 678 967 719 ex
1031 678 1229 739 eaque
1287 660 1663 737 scriptorum
1713 657 2067 719 accessione
2123 655 2411 717 collectio
2467 655 2531 715 in
2589 656 2921 735 peculiaris
2990 656 3144 717 tomi
3202 659 3431 719 molem
3491 678 3768 723 accreve-

366 763 495 819 -rat.
529 757 765 830 Altera,
827 755 996 836 quod
1047 775 1172 816 uno
1222 762 1483 835 excepto
1542 756 1700 815 libro
1759 756 1836 815 de
1895 754 2321 832 Scriptoribus
2382 753 2849 826 Ecclesiasticis,
2882 754 3267 833 reliquorum
3323 757 3607 818 omnium
3656 759 3770 820 far-

379 853 663 932 raginem
703 853 853 914 satis
895 858 1153 915 venuste
1213 872 1336 914 non
1396 854 1476 913 ad
1533 870 1741 913 rerum
1804 852 2017 924 modo,
2061 851 2170 911 sed
2227 851 2309 912 ad
2365 856 2719 930 temporum
2760 870 3012 931 quoque
3067 852 3352 913 ordinem
3402 853 3685 933 digerere
3708 857 3767 919 in

380 943 680 1032 promptu
734 956 891 1013 erat.
926 951 1231 1012 Nimirum
1292 951 1581 1011 universa
1636 949 1857 1010 isthmc
1900 949 2204 1029 opuscula
2261 949 2322 1008 in
2381 950 2538 1009 duas
2596 948 2791 1009 veluti
2846 948 3072 1010 classes
3124 950 3489 1012 tribuuntur
3548 962 3768 1035 suapte

381 1055 654 1111 natura:
708 1049 807 1109 vel
866 1048 1030 1109 enim
1082 1048 1346 1109 Ascetica
1401 1054 1566 1119 sunt,
1627 1053 1688 1107 et
1743 1047 1819 1107 de
1879 1047 2332 1108 monachorum
2390 1046 2545 1107 Vitis
2582 1065 2656 1106 ac
2690 1045 2941 1124 Regalis
2969 1050 3263 1122 tractant,
3295 1049 3417 1122 vel,
3456 1069 3600 1130 qum
3638 1071 3767 1115 ma-

374 1146 580 1225 jorem
637 1151 880 1225 partem
938 1144 1243 1217 obtinent,
1276 1144 1595 1219 Polemica,
1633 1150 1700 1205 ut
1744 1144 2147 1222 vulgarijam
2199 1143 2452 1204 nomine
2509 1143 2795 1219 audiunt,
2819 1147 2883 1204 et
2939 1150 3161 1206 contra
3215 1146 3531 1208 variarum
3575 1149 3766 1213 baare-

381 1263 531 1306 seon
583 1244 937 1304 conditores
991 1242 1368 1303 scribuntur.
1404 1244 1532 1303 Hac
1588 1242 2001 1321 materiarum
2025 1241 2362 1321 partitione
2418 1241 2780 1314 constituta,
2813 1242 2930 1303 sibi
2961 1240 3210 1320 singula
3266 1247 3391 1303 tam
3451 1251 3599 1324 apte
3656 1266 3766 1326 per

379 1359 555 1402 suam
589 1358 857 1419 quaeque
889 1343 1138 1400 aetatem
1170 1341 1526 1415 succedent,
1565 1344 1635 1401 ut
1664 1358 1850 1420 quem
1882 1339 2198 1400 nascendo
2228 1339 2451 1399 sortita
2465 1344 2611 1399 sunt
2640 1339 2870 1413 locum,
2906 1338 2969 1399 in
2999 1339 3139 1418 ipsa
3164 1341 3524 1403 recensione
3554 1362 3767 1425 perpe-

380 1443 491 1498 tuo
522 1441 798 1498 teneant.
1567 1511 1575 1517 _

460 1535 527 1596 Si
580 1554 613 1595 e
670 1536 979 1597 sententia
1036 1536 1420 1605 successerit,
1453 1535 1610 1596 bene
1668 1535 1937 1615 positam
1981 1552 2237 1615 operam
2297 1534 2562 1595 studiosi
2616 1540 2839 1614 sponte
2893 1534 3347 1611 affirmabant;
3377 1537 3513 1616 jam
3546 1558 3672 1619 quo
3706 1540 3768 1603 id

376 1638 560 1713 pacto
616 1634 1008 1713 perfecerim,
1044 1634 1259 1714 paucis
1314 1633 1543 1694 indico.
1581 1633 1858 1693 PriOrem
1918 1633 2125 1693 locum
2184 1633 2459 1694 Asceticis
2491 1632 2666 1693 libris
2704 1632 2869 1709 dedi,
2901 1637 3034 1693 tum
3067 1633 3149 1694 ob
3186 1637 3544 1713 argumenti
3575 1656 3767 1718 prasa-

377 1731 641 1792 tantiam
698 1749 770 1791 ac
828 1731 1218 1809 dignitatem,
1256 1735 1386 1791 tum
1445 1750 1519 1790 ca
1573 1730 1762 1791 etiam
1806 1731 1883 1791 de
1941 1748 2154 1803 causa,
2211 1731 2383 1809 quod
2431 1749 2468 1789 a
2522 1730 2584 1789 8.
2645 1729 2832 1792 Pauli
2887 1730 3076 1809 primi
3132 1731 3410 1793 eremita:
3482 1734 3614 1795 Vita
3671 1736 3787 1796 in-'

378 1829 706 1905 choentur,
765 1847 905 1907 quae
964 1828 1236 1908 reliquas
1292 1847 1509 1889 omnes
1557 1828 2077 1907 Hieronymianas
2135 1828 2661 1903 elucubrationes,
2725 1828 2860 1908 ipso
2919 1833 3175 1890 auctore
3232 1834 3410 1903 teste,
3471 1835 3772 1913 temporis

381 1925 682 2002 suﬂ'ragio
740 1926 1096 1987 antevertit.
1163 1926 1646 2004 Subsequuntur
1701 1924 1929 1986 lllalc/zi
2006 1933 2062 1985 et
2143 1923 2482 1986 Hilarionis
2537 1926 2679 1986 dum
2752 1925 2941 1998 alim;
2997 1931 3132 1986 tum
3179 1925 3249 1987 S.
3310 1927 3628 1991 Pachomii
3674 1950 3768 1993 re-
3826 1950 3829 1953 '

381 2022 548 2104 gula,
582 2022 843 2103 ejusque
872 2020 1159 2104 Epistolas
1216 2029 1278 2083 et
1341 2021 1527 2082 Verba
1581 2022 1851 2103 mystica,
1912 2041 2054 2101 quae
2111 2024 2175 2084 S.
2227 2026 2457 2083 Doctor
2500 2022 2729 2083 Latine
2784 2022 3015 2083 refudit
3056 2041 3132 2083 ex
3192 2026 3408 2087 Graeca
3473 2027 3772 2108 interpre-

382 2121 640 2196 tatione,
705 2139 871 2181 nunc
926 2121 1202 2199 primum
1259 2120 1395 2197 ejus
1451 2138 1712 2199 operum
1761 2120 2130 2181 Collectioni
2188 2121 2513 2189 accedunt.
2575 2126 2638 2181 et
2692 2120 2966 2198 priorem
3025 2120 3188 2181 hanc
3217 2129 3460 2201 partem
3491 2126 3770 2204 explent.

382 2221 592 2280 Unum
634 2218 839 2279 habeo
896 2217 1064 2297 quod
1122 2216 1329 2277 adhuc
1379 2216 1456 2276 de
1492 2216 1617 2276 illis
1672 2235 2118 2294 praemoneam,
2183 2218 2612 2296 zenigmaticas
2670 2236 2895 2297 nempe
2954 2218 3252 2297 loquendi
3310 2220 3634 2298 formulas,
3671 2225 3779 2291 ubi

381 2314 611 2377 classes
669 2315 1121 2377 monachorum
1179 2314 1588 2392 designantur
1642 2332 1754 2392 per
1836 2315 2076 2375 litteras
2113 2315 2703 2394 Grmci—alpbabeti,
2764 2334 3034 2395 quaeque
3092 2317 3353 2395 mystica
3411 2320 3603 2382 verba
3675 2323 3764 2383 in-

381 2414 783 2487 scribuntur;
844 2432 882 2474 a
933 2412 1258 2474 Kircberio
1304 2413 1369 2472 in
1406 2411 1733 2472 Prodromi
1792 2418 1854 2472 et
1905 2412 2110 2473 Lexici
2165 2413 2343 2491 Copti
2398 2412 2838 2491 supplemento
2887 2414 3195 2475 curiosius
3241 2416 3567 2495 explicari,
3592 2420 3763 2498 quod

384 2513 520 2594 ejus
588 2511 1125 2591 interpretationis
1176 2510 1369 2570 homo
1452 2508 1718 2588 cupidus
1803 2510 2114 2571 consulat.
2176 2510 2417 2571 Exinde
2495 2510 2751 2571 alterius
2832 2512 3080 2589 generis
3147 2512 3383 2592 scripta
3429 2514 3763 2596 incipiunt,

382 2632 526 2696 quae
576 2615 796 2672 contra
852 2609 1179 2668 haereticos
1253 2610 1381 2667 sive
1441 2606 1882 2667 haereticorum
1951 2613 2251 2686 patronos
2306 2608 2534 2668 acriori
2586 2608 2749 2687 stylo
2803 2614 3166 2683 exarantur,
3223 2615 3287 2669 et
3343 2618 3583 2689 quanta
3637 2614 3765 2675 fue-

380 2714 466 2773 rit
519 2710 584 2771 in
638 2708 775 2787 ipso
836 2712 1058 2767 contra
1113 2705 1260 2765 fidei
1316 2704 1527 2765 hostes
1582 2705 1925 2765 certamine
1990 2706 2054 2766 S.
2115 2706 2399 2765 Doctoris
2453 2704 2668 2778 virtus,
2727 2723 2868 2783 quae
2935 2706 3102 2765 intra
3160 2704 3406 2767 cellula;
3489 2710 3760 2787 parietes

382 2813 628 2874 tantum
697 2804 981 2866 docendo
1036 2800 1353 2877 excelluit,
1414 2801 1910 2863 luculentissimo
1976 2802 2265 2881 exemplo
2322 2808 2491 2862 sunt.
2550 2803 2793 2862 Primus
2845 2802 3119 2863 occurrit
3179 2803 3432 2885 Dyclimi
3495 2806 3760 2883 liberde

380 2906 618 2990 Spiritu
674 2909 890 2964 sancto
947 2901 1026 2961 ab
1075 2901 1212 2980 ipso
1267 2900 1485 2960 Latine
1534 2900 1882 2981 explicatus
1942 2917 1975 2959 e
2044 2901 2279 2973 Graeco,
2329 2905 2519 2979 atque
2586 2899 2691 2959 illc
2762 2899 3018 2979 quidem
3084 2900 3421 2978 singularis
3501 2922 3626 2964 una
3707 2910 3770 2966 et

384 3005 687 3070 continua
740 2999 922 3072 serie,
984 3016 1108 3058 non
1157 3002 1228 3058 ut
1278 2996 1584 3058 hactenus
1663 2997 2027 3058 obtinuerat
2091 2997 2289 3057 stulta
2340 2997 2617 3075 quadam
2683 3004 2992 3088 περιεργὶᾳ
3075 2997 3137 3056 in
3197 3004 3323 3058 tres
3378 2998 3771 3063 distributus.

382 3104 690 3169 Scribitur
744 3105 951 3159 contra
1006 3095 1429 3155 nonnullorum
1486 3104 1804 3156 commenta
1889 3095 2049 3154 circa
2134 3093 2435 3175 Spiritum
2482 3104 2768 3167 sanctum,
2818 3113 2947 3175 qua:
3000 3114 3186 3175 neque
3294 3097 3358 3157 in
3438 3097 3772 3180 Scripturis

385 3206 557 3276 lecta,
618 3215 802 3279 neque
856 3214 893 3257 a
946 3211 1242 3274 quoquam
1311 3194 1826 3254 ecclesiasticarum
1913 3201 2169 3251 veterum
2248 3192 2490 3271 fuerant
2570 3202 2857 3271 usurpata
2903 3210 2917 3261 ;
2978 3198 3167 3272 atque
3223 3194 3389 3256 'nanc
3464 3215 3591 3257 non
3678 3199 3779 3259 Di-

384 3305 577 3383 dymo
634 3295 888 3378 quidem
936 3292 1271 3365 scribendi,
1331 3293 1439 3352 sed
1495 3293 1874 3369 Hieronymo
1933 3307 2184 3349 causam
2235 3289 2541 3350 exstitisse
2598 3289 3079 3369 interpretandi,
3139 3291 3306 3352 docti
3358 3293 3615 3373 quidam
3654 3295 3774 3358 viri

388 3401 744 3465 autumant.
804 3390 1101 3471 Sequitur
1159 3389 1534 3451 Luciferiani
1584 3396 1645 3452 et
1703 3387 2054 3449 Orthodoxi
2113 3388 2453 3460 Altercatio,
2507 3406 2649 3466 quae
2696 3393 2757 3447 et
2812 3387 3121 3466 superiori
3180 3388 3341 3450 libro
3397 3390 3474 3451 de
3526 3398 3774 3473 tempo-

384 3517 525 3563 rum
584 3490 881 3557 amussim
936 3488 1223 3568 praeponi
1289 3488 1612 3562 debuerat,
1673 3488 1792 3548 nisi
1852 3490 2002 3545 tunc
2056 3485 2167 3545 illa
2242 3486 2439 3564 magis
2494 3486 2803 3546 arrisisset
2861 3485 3039 3555 ratio,
3118 3505 3257 3564 quae
3312 3488 3391 3547 ab
3472 3491 3769 3569 auctoris,

383 3615 578 3682 quam
633 3610 773 3674 quae
828 3607 903 3649 ex
958 3586 1315 3666 interpretis
1364 3592 1547 3647 aetate
1597 3585 1869 3645 ducitur.
1917 3585 2091 3644 Hanc
2147 3583 2471 3663 excipiunt
2526 3583 2684 3643 liber
2737 3592 2941 3644 contra
2990 3582 3334 3645 Helvidium
3386 3585 3463 3647 de
3521 3588 3771 3667 virgini-

383 3681 512 3760 tate
564 3691 776 3757 Maria:
849 3689 1203 3766 perpetua:
1281 3689 1343 3743 et
1396 3683 1521 3743 duo
1569 3692 1779 3743 contra
1836 3681 2236 3754 Jovinianum,
2300 3700 2424 3761 quo
2504 3681 2581 3742 de
2654 3681 2909 3743 homine
2975 3701 3118 3743 cum
3197 3684 3395 3744 multa
3471 3686 3771 3764 praefatus

380 3794 633 3864 fuerim,
692 3805 886 3849 unum
947 3783 1066 3843 hoc
1122 3785 1429 3861 praeterea
1479 3781 1759 3860 suppetit
1816 3780 2299 3841 annotandum:
2354 3780 2558 3858 legem
2607 3787 2829 3841 contra
2905 3798 3049 3840 eum
3100 3781 3297 3841 latam
3373 3782 3648 3843 Honorio
3704 3801 3771 3845 Ix

382 3899 446 3956 et
498 3885 852 3952 Theodosio
912 3901 946 3941 v
998 3883 1046 3940 A
1103 3880 1175 3939 A.
1238 3896 1424 3951 coss.,
1471 3878 1601 3939 sive
1658 3896 1823 3938 anno
1871 3879 2012 3954 412,
2072 3896 2212 3957 quae
2270 3882 2331 3937 et
2381 3878 2443 3937 in
2501 3876 3001 3955 Hieronymiauis
3058 3878 3302 3957 aliquot
3357 3896 3503 3940 mss.
3558 3880 3623 3940 in
3653 3881 3779 3942 cal-

383 4008 453 4052 ce
513 3986 649 4067 ejus
697 3981 905 4063 Operis
962 3976 1301 4051 invenitur,
1345 3980 1408 4035 et
1462 3976 1523 4035 in
1575 3976 2013 4037 Theodosiano
2069 3976 2207 4036 cod.
2262 3974 2427 4035 titul.
2487 3976 2545 4035 5.
2599 3972 2669 4033 de
2714 3973 3043 4049 Haareticis,
3104 3975 3228 4053 leg.
3290 3977 3393 4049 53,
3455 3996 3494 4038 a
3553 3978 3632 4039 cl.
3667 3980 3782 4041 Go-

382 4084 675 4150 thofredo
732 4081 1111 4150 recensetur,
1162 4073 1512 4155 suspicatus
1557 4092 1694 4134 sum
1750 4080 1863 4135 aut
1920 4072 2382 4153 supposititiam
2425 4090 2578 4146 esse,
2615 4076 2726 4132 aut
2781 4071 2951 4151 quod
2980 4072 3383 4134 verisimilius
3423 4075 3773 4137 etiamnum

382 4191 562 4269 puto,
606 4180 670 4242 in
728 4174 1006 4238 haeretici
1063 4177 1283 4233 contra
1340 4190 1529 4252 quem
1600 4172 1940 4250 irrogatur,
2009 4170 2263 4229 nomine
2322 4170 2753 4250 depravatam,
2828 4169 2984 4231 falso
3030 4171 3435 4233 Jovinianum
3512 4175 3776 4253 prmfer-

382 4266 472 4349 re.
526 4274 928 4359 Argumentis
973 4272 1060 4333 ibi
1114 4291 1188 4332 ex
1246 4271 1627 4349 Hieronymo
1695 4268 2008 4341 adductis,
2087 4266 2514 4328 testimonium
2581 4267 2775 4328 hocce
2830 4267 3100 4328 alterum
3177 4268 3338 4330 adde
3396 4288 3473 4331 ex
3530 4274 3774 4334 Genna-

380 4384 508 4457 dio,
567 4396 706 4457 cap.
768 4377 845 4432 '75
903 4372 968 4431 in
1036 4369 1261 4439 Paulo,
1321 4367 1427 4426 ubi
1480 4366 1789 4426 Joviniani
1841 4365 2108 4425 haeretici
2144 4364 2449 4439 meminit,
2503 4364 2871 4446 voluptatum
2928 4383 2998 4425 ac
3076 4364 3343 4425 libidinis
3419 4367 3776 4447 praedicata-

378 4482 487 4549 ris,
548 4477 650 4538 cui
687 4476 746 4533 in
805 4478 1033 4530 tantum
1081 4464 1428 4527 continentis
1486 4462 1619 4521 vita:
1668 4471 1725 4521 et
1770 4472 1936 4524 castae
1994 4463 2282 4524 institutio
2327 4464 2629 4525 contraria
2680 4463 2821 4542 fuit,
2883 4471 2950 4523 ut
3002 4463 3157 4523 inter
3233 4462 3572 4527 luxuriosas
3637 4486 3782 4549 epu—

380 4578 466 4641 las
512 4575 776 4637 animam
822 4572 1138 4629 eructaret.
1196 4562 1289 4622 Ex
1346 4561 1463 4621 hoc
1507 4578 1755 4620 rursum
1816 4561 2151 4638 constabit,
2213 4559 2578 4622 haeleticum
2638 4579 2762 4620 non
2819 4560 2881 4620 in
2940 4560 3268 4621 Dalmatim
3341 4561 3547 4624 insula
3606 4567 3777 4626 exsi-

378 4676 477 4737 liis
533 4672 727 4741 clara,
788 4672 856 4727 ut
902 4668 1024 4725 Lex
1074 4661 1281 4740 jubet,
1340 4658 1681 4738 plumbatis
1738 4677 1965 4718 cauum
2022 4677 2439 4720 aerumnosam
2496 4659 2691 4719 vitam
2751 4658 3034 4726 traxisse,
3108 4660 3215 4719 sed
3273 4662 3620 4722 confertam
3669 4682 3781 4725 vo-

377 4773 688 4843 luptatum
762 4762 1042 4826 omnium
1101 4757 1401 4817 varietate
1461 4756 1679 4815 mediis
1728 4756 1787 4815 in
1844 4756 2086 4817 deliciis
2135 4758 2409 4817 animam
2486 4756 2835 4817 evomuisse
2895 4774 3036 4816 cum
3124 4757 3405 4836 crapula.
3464 4761 3605 4820 Jam
3670 4778 3783 4820 ve-

378 4890 448 4932 ro
504 4865 849 4931 succedunt
911 4869 1117 4920 centra
1185 4855 1572 4935 Vigilantiam
1631 4854 1878 4915 libellus
1941 4873 2053 4934 pro
2113 4857 2483 4916 Sanctorum
2543 4856 2715 4915 cultu
2777 4873 2848 4914 ac
2882 4854 3181 4932 reliquiis,
3239 4861 3428 4934 atque
3477 4858 3637 4918 alius
3682 4858 3783 4919 fu-

376 4966 527 5035 siori
574 4966 817 5027 calamo
883 4962 1177 5019 exaratus
1242 4964 1449 5013 contra
1502 4952 1793 5012 Joannem
1858 4952 2487 5033 IIierosolgnu'tanum,
2550 4952 2941 5029 Origcnianee
2992 4951 3278 5012 factionis
3349 4953 3775 5038 primipilum,

374 5067 578 5143 Atque
635 5061 802 5121 hunc
869 5073 1123 5137 quoque
1176 5051 1405 5111 librum
1464 5050 1555 5110 illi
1627 5050 1920 5128 praeferre
1998 5051 2286 5110 videatur
2356 5051 2577 5123 aetatis,
2633 5068 2824 5128 quam
2896 5055 3145 5127 egomet
3210 5067 3446 5123 assero,
3536 5074 3781 5134 prsero-

375 5163 636 5242 sativa;
698 5157 804 5217 sed
848 5154 1101 5233 quando
1160 5154 1363 5211 varias
1424 5150 1540 5208 hac
1591 5149 1665 5207 de
1727 5166 1789 5207 re
1857 5147 2198 5208 sententias
2259 5148 2464 5208 ferunt
2521 5147 2769 5218 eruditi,
2828 5147 2961 5224 ipse
3019 5155 3229 5207 autem
3289 5148 3447 5210 liber
3516 5172 3629 5215 nec
3688 5159 3778 5219 ad

376 5261 566 5320 ﬁnem
624 5273 820 5334 usque
879 5253 1216 5331 perductus
1263 5249 1342 5307 ab
1400 5252 1655 5307 auctore
1708 5252 1823 5318 est,
1887 5245 2006 5305 nisi
2068 5245 2264 5305 multo
2323 5252 2459 5325 post
2517 5244 2594 5303 ad
2647 5243 2820 5321 vulgi
2872 5263 3092 5303 manus
3149 5245 3417 5319 devenit,
3448 5254 3518 5309 ut
3575 5254 3777 5316 etiam

379 5357 674 5418 Ruﬁnum
730 5354 1116 5432 quaerentem
1176 5346 1239 5405 in
1298 5345 1503 5424 scirpo
1544 5345 1778 5404 nodum
1831 5343 2129 5417 latuerit;
2192 5344 2251 5401 in
2310 5361 2500 5419 quam
2535 5340 2799 5419 quisque
2857 5342 3036 5401 malit
3065 5341 3425 5420 opinionem
3460 5352 3778 5413 concede-

378 5472 469 5527 re,
519 5454 829 5528 integrum
907 5447 1025 5506 hoc
1082 5444 1217 5523 ipso
1266 5442 1485 5502 ordine
1538 5442 1864 5502 reservavi.
1930 5441 2247 5502 Subnecto
2322 5438 2765 5520 Apologeticos
2820 5443 2945 5499 trcs
2996 5447 3206 5499 contra
3255 5439 3562 5523 Ruﬁnum,
3624 5450 3780 5529 qui-

375 5552 496 5627 bus
547 5550 879 5637 ipsiusmet
942 5540 1356 5627 Aquileiensis
1414 5540 1762 5625 presbyteri
1810 5541 1889 5604 ad
1958 5542 2341 5606 Anastasium
2418 5556 2649 5623 papam
2725 5536 3119 5630 Apologiam,
3186 5543 3376 5620 atque
3445 5541 3638 5625 hujus
3694 5545 3789 5613 ad

3774 5726 4024 5903 se“
