4106 6164
518 320 586 385 43
1415 292 1423 299 ’
1526 322 1601 389 1N
1649 318 2109 401 ssousnrss

2292 316 2386 388 λς
2430 265 2933 391 ΑῡΜῡΝιτιοξ
3834 324 3906 388 η

510 457 794 518 Joannem
851 452 1462 540 Hierosolymitanum
1500 461 1575 521 de
1646 462 1871 523 Ruﬁno
1927 462 2259 541 epistolam
2336 463 2699 541 subjungo:
2756 483 2895 542 qua:
2969 463 3092 524 duo
3148 456 3628 542 praeclarissima
3690 480 3907 522 monu-

510 562 749 630 menta,
803 558 1047 618 tametsi
1096 559 1600 639 Hieronymianis
1652 561 2076 639 intelligendis
2134 561 2508 633 necessaria,
2570 561 2644 621 iis
2691 567 2877 621 antea
2907 580 3033 621 non
3097 561 3608 622 accensebantur.
3671 560 3900 621 Subse-

510 660 791 732 quuntur
848 656 1309 716 lnvectivarum
1361 656 1572 716 Ruﬁni
1624 666 1832 718 contra
1875 657 2305 738 Hieronymum
2383 658 2549 729 libri,
2636 658 2712 718 de
2792 678 3059 737 quorum
3143 677 3407 719 numero
3465 664 3908 737 prmconcepta

509 750 833 811 doctorum
892 740 1221 812 hominum
1272 753 1508 831 opinio,
1572 772 1681 813 seu
1747 754 1952 814 verius
2038 755 2468 827 hallucinatio,
2502 755 2604 815 hic
2661 755 2892 815 denum
2981 762 3075 815 est
3104 756 3521 817 sustollenda.
3558 759 3903 835 lteceptum

508 848 673 908 enim
732 854 827 909 est
880 850 1096 927 vulgo,
1156 855 1302 923 tres,
1360 869 1487 910 non
1566 851 1724 911 duos
1773 857 2017 912 tantum
2076 853 2185 931 qui
2251 858 2573 931 superant,
2658 853 2921 931 scriptos
2980 854 3060 913 ab
3118 854 3227 913 illo
3306 853 3519 925 fuisse,
3570 872 3603 911 e
3677 853 3905 931 quibus

507 946 728 1006 tertius
786 952 1145 1026 temporum
1204 946 1435 1025 injuria
1486 949 1896 1009 interciderit.
1957 953 2195 1029 Nempe
2252 951 2513 1010 totidem
2573 950 2748 1010 libris
2805 952 3141 1030 respondet
3198 952 3660 1029 Hieronymus:
3722 956 3906 1010 testa-

505 1047 732 1121 turque
787 1043 923 1121 ipse
981 1045 1097 1104 sub
1152 1045 1400 1105 initium
1460 1046 1833 1125 Apolegetici
1883 1066 2054 1106 num.
2118 1051 2154 1106 2
2210 1066 2359 1107 sane
2418 1048 2767 1108 luculenter
2823 1048 2899 1108 de
2931 1050 3293 1109 adversario
3344 1066 3451 1109 suo
3492 1067 3642 1109 rsss
3699 1058 3905 1109 contra

501 1157 560 1199 se
620 1139 805 1199 libros
863 1150 1163 1201 venustate
1202 1142 1402 1202 Attica
1454 1144 1721 1202 texuisse.
1770 1146 1863 1203 Ita
1917 1144 2170 1222 quidem
2228 1145 2573 1223 praeferunt
2620 1164 2846 1204 excusa
2902 1147 3311 1224 exemplaria,
3373 1165 3409 1205 a
3484 1146 3712 1225 quibus
3769 1145 3902 1205 abs.

501 1255 625 1315 que
667 1256 815 1297 mss.
880 1238 1185 1316 suﬁ‘ragio
1249 1258 1326 1298 ne
1410 1240 1605 1299 latum
1683 1241 1937 1321 quidem
2000 1260 2275 1319 unguem
2334 1242 2751 1302 discessimus.
2803 1243 3029 1301 Verum
3092 1249 3201 1302 aut
3254 1241 3397 1301 du'os
3468 1241 3902 1321 reponendum

499 1333 613 1406 ibi,
669 1343 777 1395 aut
839 1354 1173 1396 numerum
1226 1336 1481 1415 penitus
1521 1338 2010 1417 expungendum
2072 1339 2391 1414 arbitror;
2454 1344 2619 1399 certe
2676 1358 2803 1398 non
2844 1339 3055 1417 plures
3112 1358 3299 1417 quam
3353 1339 3509 1398 duos
3576 1340 3655 1399 ab
3704 1339 3900 1418 Aqui—

500 1430 720 1492 leiensi
781 1433 1153 1512 presbytero
1210 1441 1501 1495 exaratos
1562 1436 1896 1508 contendo,
1956 1436 2244 1496 Palmare
2288 1442 2727 1513 argumeutum
2788 1436 2949 1495 duco
2986 1454 3061 1496 ex
3122 1437 3408 1515 Epilogo,
3442 1456 3567 1515 quo
3624 1437 3756 1514 ipse
3797 1456 3901 1496 au-

499 1534 637 1588 ctor
692 1534 755 1590 et
803 1549 993 1590 suum
1056 1550 1213 1609 opus
1271 1533 1607 1606 concludit,
1673 1539 1734 1593 et
1783 1553 1895 1613 per
1936 1533 2185 1611 singula
2242 1534 2448 1612 capita
2501 1542 2755 1593 recenset
2834 1534 2895 1591 in
2944 1533 3061 1611 ﬁne
3116 1552 3203 1603 ea,
3268 1553 3395 1612 qua:
3468 1535 3719 1613 sparsim
3786 1554 3899 1612 pro

497 1645 608 1685 sua
651 1629 1017 1707 purgatione
1072 1628 1498 1709 responderat;
1534 1648 1719 1708 quem
1767 1631 2034 1691 lustrare
2083 1632 2281 1691 oculis
2336 1630 2485 1690 satis
2538 1631 2615 1689 sit
2659 1630 2736 1689 ad
2774 1630 2962 1689 ﬁnem
3014 1631 3374 1709 posterioris
3430 1630 3571 1689 libri
3629 1634 3893 1691 num.“

493 1734 559 1788 et
594 1746 800 1806 seqq.,
860 1733 931 1786 ut
985 1726 1147 1786 nihil
1205 1727 1476 1806 amplius
1531 1728 1800 1801 dubites,
1863 1728 2056 1788 totius
2106 1728 2314 1807 operis
2356 1728 2816 1787 lnvectivarum
2876 1745 3013 1787 eam
3072 1746 3204 1788 esse
3258 1746 3592 1801 summam,
3618 1730 3898 1789 nullum-

491 1844 617 1905 que
676 1825 835 1885 adeo
891 1825 1121 1884 librum
1170 1830 1477 1903 praeterea
1522 1843 1655 1885 esse
1708 1826 2007 1903 potuisse,
2087 1826 2266 1903 cujus
2337 1825 2582 1902 integra
2638 1825 2852 1903 capita
2882 1824 2961 1883 ad
2989 1813 3496 1907 ἀνακεφαλαίωσιν
3542 1829 3667 1870 non
3716 1829 3897 1871 revo-

496 1922 677 1982 carit.
713 1921 917 1981 Series
948 1940 1201 2000 quoque
1239 1921 1757 2000 Hieronymianae
1800 1920 2555 2000 velitationis,prmsertim
2588 1939 2734 1981 vero
2755 1926 3111 1999 postremm,
3145 1934 3334 1993 quam
3392 1912 3661 1989 acceptis
3693 1909 3902 1970 Ruﬁni

493 2019 671 2079 libris
723 2018 1025 2097 reposuit,
1087 2036 1213 2077 non
1273 2018 1388 2077 nisi
1424 2018 1582 2077 duos
1638 2018 1778 2079 illos
1835 2019 2156 2079 confutet:
2219 2020 2471 2079 tertium
2527 2038 2713 2097 quem
2747 2018 3095 2087 somniant,
3161 2012 3419 2074 omnino
3466 2013 3736 2089 ignorat.
3788 2010 3902 2067 De-

492 2116 686 2194 nique
737 2115 894 2176 duos
949 2115 1393 2175 tantummodo
1454 2116 1813 2178 Gennadius
1872 2115 2047 2175 novit
2102 2134 2239 2195 cap.
2286 2120 2384 2189 17,
2465 2116 2644 2194 cujus
2704 2115 3127 2176 testimonium
3205 2110 3325 2171 hac
3381 2111 3444 2169 in
3511 2127 3578 2168 re
3636 2123 3897 2167 summae

510 2211 676 2272 duco
737 2212 1157 2283 auctoritatis,
1222 2213 1387 2290 quod
1440 2213 1597 2272 nulli
1648 2213 1848 2290 magis
1905 2213 2116 2273 Ruﬁni
2174 2214 2379 2291 gloria
2436 2214 2609 2273 cordi
2653 2214 2865 2285 fuerit,
2924 2218 3035 2273 aut
3101 2208 3568 2269 lucubrationes
3616 2221 3901 2284 perspec-

501 2315 603 2368 tae.
690 2308 1111 2379 Obtrectatori,
1161 2308 1390 2386 inquit,
1438 2308 1848 2390 opusculorum
1918 2330 2157 2369 suorum
2198 2311 2455 2387 {scilicet
2512 2310 2916 2389 Hieronymo)
2966 2305 3263 2388 respondit
3310 2302 3615 2385 (Ruﬁnus)
3673 2318 3898 2362 DUOBUS

494 2406 929 2481 voluminibus,
966 2425 1219 2486 arguens
1287 2417 1339 2467 et
1393 2408 1757 2483 convincens,
1802 2427 1859 2467 se
1902 2408 2017 2468 Dei
2059 2408 2297 2476 intuitu,
2346 2417 2401 2467 et
2442 2408 2724 2468 Ecclesia:
2766 2408 3045 2474 utilitate,
3094 2403 3429 2465 auxiliante
3488 2400 3764 2469 Domino,
3813 2400 3897 2457 in-

494 2506 729 2586 genium
776 2506 1051 2585 agitasse,
1098 2504 1267 2564 illum
1328 2523 1464 2565 vero
1521 2505 1913 2565 aemulationis
1984 2505 2221 2565 stimulo
2295 2507 2601 2565 incitatum
2676 2511 2754 2567 ad
2827 2502 3251 2584 obloquendum
3333 2500 3549 2579 styt’um
3638 2498 3896 2557 vertisse.

496 2602 617 2662 Sed
672 2602 803 2662 haec
863 2602 1087 2676 obiter,
1148 2610 1210 2663 et
1265 2602 1326 2661 in
1383 2603 1508 2662 mei
1565 2621 1817 2681 quoque
1872 2603 2142 2680 gratiam
2220 2603 2388 2663 dicta
2469 2603 2614 2673 sint,
2676 2602 2783 2680 qui
2841 2620 2915 2661 ex
2963 2602 3404 2679 prmconcepta
3462 2593 3769 2654 sententia
3830 2593 3894 2651 in

492 2699 935 2760 Admonitione
1001 2704 1126 2759 tres
1204 2699 1422 2759 videor
1481 2700 1949 2760 adnumerasse.
2010 2703 2135 2760 Hos
2190 2718 2354 2778 pone
2411 2704 2759 2778 sequuntur
2818 2698 3223 2775 Dialogorum
3282 2701 3489 2752 contra
3538 2690 3895 2768 Pelagianos

356 2850 383 2866 ‘
492 2802 616 2856 tres
671 2795 839 2868 libri,
900 2796 1029 2855 sive
1087 2801 1155 2855 ut
1202 2813 1348 2855 mss.
1411 2796 1696 2856 nonnulli
1755 2797 2120 2875 praeferunt,
2178 2807 2397 2877 partes,
2458 2796 2687 2874 quibus
2732 2794 2949 2855 isthazc
2979 2792 3435 2854 Polemicarum
3483 2789 3895 2867 scriptionum

492 2894 683 2953 series
742 2893 977 2952 ﬁnitur.
1026 2894 1222 2953 Porro
1281 2893 1510 2952 librum
1568 2893 1636 2953 de
1711 2892 2123 2973 Scriptoribus
2173 2894 2569 2953 ecclesiasticis
2645 2892 2898 2952 demum
2968 2895 3260 2961 annecto,
3320 2905 3505 2965 quem
3567 2886 3764 2945 serius
3819 2902 3896 2945 ea

495 2990 894 3069 potissimum
953 2990 1029 3050 de
1088 3008 1275 3050 causa
1332 2991 1567 3065 distuli,
1624 2990 1792 3069 quod
1849 2991 1929 3050 ad
1988 2996 2277 3051 neutram
2336 2990 2595 3050 classem
2654 2989 2984 3049 commode
3071 2986 3290 3047 referri
3374 3004 3450 3044 ex
3534 2985 3894 3059 argumenti

494 3094 724 3147 natura
781 3092 1013 3167 posset.
1072 3088 1166 3147 Ad
1224 3086 1360 3146 haec
1417 3106 1558 3146 cum
1615 3086 1875 3147 Genadii
1926 3087 2282 3163 catalogum
2343 3087 2632 3146 Virorum
2691 3086 3062 3156 Illustrium,
3122 3101 3268 3163 quos
3319 3081 3397 3140 Β.
3458 3080 3893 3159 Hieronymum

488 3205 727 3265 sequens
780 3192 1216 3258 commemorat,
1288 3184 1670 3263 subjungere
1728 3202 1979 3245 necesse
2038 3190 2199 3245 esset
2256 3184 2333 3244 ad
2393 3184 2815 3263 antiquiorum
2873 3182 3223 3241 editionum
3284 3185 3345 3238 et
3400 3196 3545 3237 mss.
3606 3177 3892 3237 codicum

493 3283 839 3363 exemplar,
896 3300 975 3342 ne
1032 3281 1235 3341 alieno
1290 3282 1523 3360 scripto
1581 3282 1770 3341 series
1826 3281 2457 3359 Hieronymianorum
2489 3282 2815 3342 invenuste
2848 3279 3347 3358 Interciperetur,
3412 3294 3715 3355 perquam
3785 3274 3890 3333 ille

494 3382 821 3442 commode
878 3380 957 3440 ad
1016 3379 1203 3439 ﬁnem
1264 3379 1417 3439 tomi
1474 3379 1704 3439 dilatus
1760 3384 1875 3451 est,
1934 3378 2036 3437 hic
2092 3379 2469 3458 Appendicis
2524 3380 2662 3439 loco
2720 3378 3113 3456 subjunctus.
3178 3380 3486 3435 Caeterum
3548 3391 3625 3432 ne
3682 3391 3758 3431 ex
3816 3390 3889 3431 eo

493 3497 677 3559 quem
736 3479 978 3540 obtinet
1009 3478 1169 3549 loco,
1232 3477 1542 3537 recentior
1602 3477 1762 3537 forte
1846 3480 2196 3556 putaretur,
2260 3476 2335 3537 de
2421 3476 2556 3555 ejus
2627 3481 2810 3536 aelate
2895 3491 3279 3554 praemoneo,
3337 3478 3399 3532 et
3463 3470 3891 3549 superioribus

495 3594 744 3655 quoque
800 3574 1062 3653 singulis
1116 3573 1291 3634 libris
1347 3573 1633 3634 eamdem
1690 3574 1753 3633 in
1786 3573 2045 3653 propria
2074 3574 2377 3652 cujusque
2408 3574 2650 3653 epocha
2678 3572 3138 3651 investiganda,
3171 3570 3434 3649 alilsque
3467 3567 3891 3647 praenotandis

497 3673 687 3733 rebus
739 3672 1052 3752 impendo.

577 3770 904 3849 Reliquum
937 3787 1132 3830 unum
1172 3774 1287 3842 est,
1324 3777 1392 3830 ut
1444 3770 1626 3849 cujus
1683 3772 1769 3831 rei
1828 3771 2031 3849 gratia
2089 3771 2257 3832 hunc
2297 3790 2412 3849 ego
2466 3771 2743 3832 laborem
2796 3789 2933 3830 sum
3008 3786 3359 3846 aggressus,
3432 3764 3620 3823 hosce
3680 3762 3893 3823 Hiero-

496 3867 666 3946 nymi
722 3869 886 3927 fetus
943 3872 1255 3928 nocturna
1297 3866 1651 3946 diurnaque
1709 3886 1898 3928 manu
1960 3887 2187 3930 verses.
2252 3870 2403 3929 Cum
2490 3869 2655 3929 enim
2698 3869 2820 3927 sint
2901 3885 3049 3927 sane
3126 3864 3340 3925 omnia
3423 3880 3564 3941 quae
3622 3860 3700 3921 ab
3785 3858 3895 3919 illo

495 3965 919 4026 Ecclesiarum
977 3966 1274 4044 Magistro
1334 3965 1596 4043 posteris
1662 3965 1880 4026 relicta
1953 3972 2099 4027 sunt
2138 3967 2490 4025 litterarum
2565 3970 2972 4025 monumenta
3060 3962 3238 4022 utilia
3322 3979 3463 4020 cum
3520 3958 3739 4039 primis
3799 3962 3894 4016 at-

496 4082 617 4144 que
676 4063 971 4137 illustria,
1023 4062 1177 4122 mihi
1262 4062 1515 4140 quidem
1588 4064 1787 4123 multo
1845 4064 2388 4142 praestantissima,
2451 4063 2771 4140 multoque
2855 4061 3173 4121 uberrima
3243 4058 3462 4119 isthaac
3531 4056 3895 4117 existiman-

500 4167 627 4239 tur,
676 4179 819 4239 quaa
874 4161 1033 4220 alter
1080 4160 1181 4220 hic
1240 4166 1452 4220 tomus
1510 4161 1973 4240 complectitur,
2034 4160 2212 4240 cujus
2244 4166 2453 4239 partes
2504 4178 2721 4219 omnes
2776 4158 3088 4236 ejusmodi
3143 4162 3309 4229 sunt,
3362 4162 3435 4215 ut
3491 4154 3589 4213 vel
3650 4154 3729 4213 ad
3770 4171 3901 4212 rec-

495 4265 574 4321 tm
636 4259 786 4320 ﬁdei
834 4258 1190 4339 depositum
1251 4259 1730 4320 custodiendum
1782 4265 2001 4320 contra
2085 4259 2526 4319 haereticorum
2587 4262 2897 4317 venenata
2946 4256 3272 4333 dogmata,
3336 4255 3499 4311 vires
3558 4258 3749 4330 atque
3804 4269 3895 4310 ar-

497 4375 600 4417 ma
660 4357 1090 4437 suppeditent,
1152 4356 1251 4416 vel
1310 4356 1391 4415 ad
1448 4362 1685 4417 rectam
1745 4356 1995 4417 vivendi
2050 4357 2356 4417 rationem
2389 4355 2704 4434 sapienter
2734 4353 3182 4413 instituendam
3231 4350 3506 4410 maximo
3560 4348 3893 4425 adjumen—

502 4460 565 4516 to
618 4457 790 4516 sint:
852 4455 1123 4535 denique
1172 4454 1490 4533 generosis
1547 4472 1621 4515 ac
1676 4454 1835 4515 bene
1887 4454 2047 4514 natis
2088 4454 2355 4531 ingeniis
2411 4452 2779 4513 eruditionis
2836 4469 2909 4510 ac
2962 4448 3233 4510 scientiae
3291 4446 3631 4527 plurimum
3692 4445 3894 4506 confe-

496 4558 658 4613 rant.

505 4708 3884 4741 ω

1692 4827 1765 4881 ΙΝ
1806 4825 2221 4891 SEQUENTES
2261 4824 2446 4879 ΤΗΕὲ
2485 4823 2697 4878 VITAS

1196 4978 1597 5091 PAULI,
1671 4974 2406 5070 HILARIONIS
2476 4974 2630 5066 ET
2700 4969 3212 5081 MALCHI,

1964 5154 2422 5217 A-DMONITIO.

577 5414 778 5469 Trium
812 5410 1063 5467 maxime
1096 5406 1416 5479 insignium
1464 5404 1910 5474 monachorum,
1943 5400 2126 5473 Pauli,
2189 5401 2519 5466 Hilarionis,
2579 5405 2633 5456 et
2682 5400 2913 5467 Malchi,
2945 5400 3105 5457 Vitas
3134 5399 3321 5457 tribus
3354 5396 3512 5455 hisce
3539 5395 3751 5454 libellis
3780 5398 3907 5456 Ilie-

512 5519 789 5575 ronymus
820 5505 1055 5555 narrat:
1091 5498 1191 5569 qui
1224 5495 1464 5552 totidem
1496 5491 1781 5567 epistolis,
1815 5509 1962 5564 quas
1987 5492 2045 5548 in
2067 5492 2243 5564 priori
2268 5497 2425 5547 tomo
2449 5490 2573 5546 suis
2604 5489 2745 5545 locis
2776 5491 3137 5556 exhibemus,
3170 5490 3347 5545 trium
3378 5488 3704 5543 sanctitatis
3734 5487 3905 5542 laude

509 5590 909 5667 praestantium
943 5587 1319 5659 feminarum,
1354 5582 1624 5654 Fabiolae,
1656 5579 1870 5653 Paulw,
1904 5597 1969 5641 ac
2000 5579 2303 5651 Marcellae,
2336 5580 2579 5639 virtutes
2611 5580 2682 5638 ad
2711 5579 2977 5640 Vitarum
3008 5595 3185 5654 prope
3217 5580 3405 5638 instar
3432 5576 3758 5637 celebravit.
3791 5576 3903 5634 Nec
