4118 6158
304 239 374 300 15
1548 243 1613 301 8.
1661 243 1930 305 ΕυΞΕΒΙ

2075 245 2310 307 IERON
2323 243 2464 307 ΥΜί
3629 250 3701 310 16

296 366 420 424 alias
452 371 729 441 praeterea
753 374 912 438 sunt,
946 386 1093 442 quas
1124 370 1178 426 S.
1239 371 1450 426 Doctor
1504 371 1885 441 elucubravit,
1919 377 2036 430 Vita
2089 379 2402 431 sanctorum
2461 379 2730 443 Patrum;
2763 378 2996 433 tametsi
3028 376 3198 449 longe
3229 375 3449 449 plures,
3480 392 3702 451 easque

297 457 794 530 praesertim,quas
825 459 1161 514 Heribertus
1195 459 1540 516 Rosweidus
1564 463 1852 518 recensuit
1874 464 2130 518 secundo
2161 463 2330 530 libro,
2363 463 2447 518 illi
2479 465 2823 536 adjudicent
2853 466 3079 537 antiqui
3111 465 3424 537 scriptores
3453 466 3704 537 aliquot,

296 561 547 617 quorum
569 547 905 602 testimonia
937 547 1222 618 sequioris
1253 548 1353 602 sevi
1403 550 1651 604 eruditis
1697 552 2125 622 imposuerunt.
2183 551 2472 617 Gelasius,
2529 570 2631 608 seu
2685 555 2958 626 quisquis
3015 554 3112 608 ille
3171 558 3261 609 est
3305 559 3472 610 vetus
3500 559 3702 610 auctor

293 634 506 689 Decreti
531 634 598 690 de
625 636 954 691 authenticis
985 637 1160 702 libris,
1205 652 1329 707 cap.
1365 637 1417 701 4,
1457 640 1620 705 Vitas,
1653 639 1865 710 inquit,
1898 643 2128 694 Patrum
2183 643 2369 706 Pauli,
2429 642 2673 708 Antonii,
2732 643 3058 712 Hilarionis,
3115 651 3165 697 et
3217 643 3462 697 omnium
3492 643 3705 698 Eremi-

295 726 500 792 tarum,
532 740 666 795 quas
693 727 878 780 tamen
920 726 1004 780 vir
1033 726 1092 779 Β.
1126 725 1492 797 Hieronymus
1520 727 1824 799 descripsit,
1855 745 1981 784 cum
2036 732 2188 784 omni
2243 730 2446 786 honore
2501 734 2852 802 suscipimus.
2892 732 3106 787 Verum
3140 731 3378 786 Antonii
3407 731 3602 786 Vitam
3630 748 3665 787 a

209 825 211 828 ‘
293 811 615 868 Athanasio
641 812 834 868 Graece
854 813 1226 884 descriptam,
1260 814 1332 868 ab
1378 815 1621 886 Evagrio
1651 817 2010 872 Antiocheno
2043 819 2246 874 Latine
2269 820 2451 876 fuisse
2475 821 2784 888 redditam,
2820 825 3182 892 compertum
3217 823 3324 875 est.
3359 821 3546 876 Tanto
3575 823 3709 892 post

295 899 607 956 Gratianus
627 901 848 958 Decret.
884 919 941 974 p.
975 919 1036 968 ιι,
1072 918 1232 958 caus.
1264 894 1352 969 2³7,
1390 904 1473 970 Ut,
1505 904 1716 975 inquit,
1769 909 1934 974 refert
1980 908 2041 961 Β.
2099 909 2482 979 Hieronymus,
2516 911 2784 965 Macarius
2812 909 3125 980 praecipuus
3155 913 3304 962 inter
3330 907 3537 964 Christi
3562 911 3706 964 Ere-

293 989 481 1055 mitas,
512 989 775 1046 celebrato
805 992 1126 1061 nuptiarum
1155 992 1397 1046 convivio
1426 1008 1550 1046 cum
1580 1009 1795 1063 vespere
1823 994 2131 1049 thalamum
2159 1005 2295 1051 esset
2352 1000 2718 1067 ingressurus,
2770 1013 2842 1053 ea:
2891 996 3033 1053 Urbe
3085 995 3387 1068 egrediens,
3430 1001 3707 1055 transma-

296 1077 426 1132 rina
451 1079 631 1148 petiit,
663 1082 714 1132 et
743 1081 914 1134 eremi
939 1078 1294 1133 solitudinem
1319 1080 1431 1134 sibi
1459 1081 1637 1152 elegit.
1692 1081 1818 1136 Haec
1877 1099 2008 1137 vero
2061 1083 2310 1138 minime
2355 1084 2620 1140 omnium
2675 1084 3080 1157 Hieronymus,
3141 1085 3241 1140 sed
3283 1084 3546 1156 germani
3577 1084 3709 1155 ejus

297 1164 440 1221 Vita:
497 1171 762 1223 auctores
827 1165 1200 1238 Theophilus,
1270 1167 1510 1240 Sergius
1565 1173 1619 1224 et
1678 1169 1938 1242 Hyginus
1995 1172 2253 1226 tradunt.
2289 1176 2572 1229 Praetereo
2606 1190 2731 1245 qua:
2762 1189 2830 1229 ex
2861 1171 3253 1244 supposititiis
3285 1172 3708 1244 scriptionibus

299 1253 769 1327 Hieronymianis
799 1256 1174 1328 proferuntur
1218 1257 1507 1328 ejusmodi
1558 1259 1936 1334 testimonia,
1975 1263 2031 1314 et
2061 1275 2186 1329 quae
2221 1261 2488 1316 nonnulli
2537 1279 2605 1316 ex
2634 1261 2965 1316 Cassiodori
3004 1260 3256 1315 Divinar.
3289 1261 3541 1316 Lection.
3575 1277 3708 1334 cap.

298 1343 388 1409 32,
423 1347 480 1398 et
512 1359 578 1398 ex
609 1343 870 1400 Cassiani
902 1344 1240 1400 Praefatione
1269 1347 1340 1400 ad
1374 1345 1553 1402 libros
1585 1347 2025 1402 Institutionum
2059 1347 2239 1404 nimis
2270 1347 2565 1403 subtiliter
2621 1348 2924 1419 colligunt.
2984 1349 3135 1404 Sane
3192 1353 3507 1404 occurrunt
3541 1353 3708 1406 vetu-

299 1431 547 1487 stissimi
575 1450 717 1489 mss.
748 1432 902 1501 libri,
937 1434 1037 1504 qui
1066 1449 1167 1504 pro
1199 1433 1360 1490 hisce
1389 1439 1444 1490 et
1472 1435 1767 1507 plerisque
1825 1435 1955 1491 aliis
1995 1436 2144 1492 Vitis
2201 1437 2578 1508 ﬁdejubeant.
2645 1439 2796 1493 Duos
2851 1437 3141 1508 ejusmodi
3197 1437 3508 1493 Vaticanos
3565 1437 3704 1493 olim

298 1519 531 1592 Reginae
553 1520 871 1576 Suecorum
905 1521 1016 1592 ipsi
1056 1520 1393 1591 evolvimus,
1427 1540 1456 1578 e
1487 1523 1858 1580 Coislinianis
1911 1523 2128 1580 multos
2165 1525 2359 1580 haberi
2391 1526 2556 1581 testis
2588 1530 2676 1581 est
2705 1526 2777 1581 cl.
2811 1526 3304 1581 Montfauconius.
3338 1525 3567 1581 Mentiri
3600 1542 3706 1580 au-

296 1612 415 1663 tem
445 1607 577 1665 illos
605 1609 692 1664 vel
725 1609 830 1664 hoc
861 1625 976 1664 uno
1010 1614 1166 1680 patet
1195 1609 1431 1679 indicio,
1469 1613 1623 1683 quod
1661 1612 1796 1667 Vita:
1855 1613 1964 1667 illa:
1997 1613 2141 1668 nihil
2175 1615 2245 1668 ab
2278 1614 2370 1681 iis,
2406 1631 2532 1686 quae
2563 1615 2672 1670 sub
2731 1614 2972 1669 Palladii
3015 1615 3250 1670 nomine
3281 1613 3704 1669 circumferun-

296 1701 414 1766 tur,
445 1698 686 1754 diversee
715 1699 850 1754 sint.
885 1698 1047 1753 Unus
1088 1697 1478 1767 Colbertinus,
1511 1706 1657 1756 teste
1709 1703 1947 1773 Cangio,
1981 1706 2115 1772 post
2170 1703 2509 1758 Lausiacam
2567 1703 2872 1759 historiam
2931 1703 3054 1758 hac
3109 1703 3343 1759 subdit:
3376 1712 3547 1776 Ἑτέρα
3573 1711 3703 1760 ιστο-

299 1785 376 1849 pta
437 1785 500 1842 εἰς
559 1788 669 1845 τοὺς
731 1787 856 1850 βίους
911 1789 1008 1834 τῶν
1069 1785 1218 1848 ἁγίων
1277 1792 1363 1847 τῆς
1421 1788 1664 1851 Αἰγύπτου
1746 1789 1933 1854 (suppl.
2011 1791 2257 1854 πατέρων)
2347 1794 2676 1855 συγγραφεῶα
2753 1793 2887 1854 παρὰ
2965 1793 3256 1855 Ἱερωνὺμου
3342 1795 3562 1857 μοναχοῦ
3626 1790 3711 1840 καὶ

296 1875 630 1939 πρεσϐυτέρου
657 1880 743 1926 τοῦ
775 1878 830 1926 ἐκ
857 1879 1129 1941 Δαλματιας
1162 1891 1174 1928 :
1208 1873 1333 1926 Alia
1396 1873 1632 1928 Historia
1695 1872 1760 1926 de
1827 1873 1918 1924 Vit

2081 1876 2352 1926 motorum
2419 1874 2654 1927 Patrum
2726 1873 2949 1943 {Egypti
3018 1874 3117 1927 abs
3175 1873 3505 1942 Hieronymo
3563 1873 3707 1928 Dat-

297 1959 736 2015 matamonacho
763 1968 816 2015 et
841 1962 1152 2033 presbytero
1180 1963 1502 2033 conscripta.
1532 1961 1640 2016 Sed
1670 1961 1844 2014 verbo
1874 1964 2044 2014 tenus
2104 1959 2431 2014 Palladium
2485 1961 2543 2014 in
2578 1977 2646 2016 ea
2703 1959 2975 2026 describi,
3037 1977 3105 2015 ex
3151 1960 3276 2031 ipso
3307 1959 3508 2032 Cangii
3540 1960 3708 2016 testi-

301 2046 498 2102 monio
527 2047 825 2104 Fabricius
855 2055 1054 2118 notat;
1090 2069 1194 2107 nec
1223 2051 1469 2106 dubium
1497 2050 1746 2115 videtur,
1777 2048 2103 2103 Graeculum
2162 2048 2496 2119 quempiam
2562 2049 2896 2120 Hieronymi
2946 2065 3157 2104 nomen
3207 2049 3332 2104 ideo
3366 2049 3706 2118 mentitum,

301 2136 456 2206 quod
489 2135 548 2191 in
570 2136 671 2192 illa
699 2137 1044 2195 Collectione
1073 2145 1190 2196 tres
1221 2155 1453 2212 quoque
1480 2139 1602 2193 istae
1628 2141 1684 2192 S.
1720 2137 1905 2192 Patris
1936 2153 2224 2208 germanis
2247 2137 2503 2192 historiae
2533 2137 2880 2192 habeantur.
2914 2137 3031 2192 Hoc
3083 2140 3139 2193 et
3170 2136 3396 2193 Gelasio
3441 2137 3702 2208 primum

296 2223 493 2279 fraudi
523 2225 733 2294 fuerit;
758 2244 892 2282 cum
923 2229 1080 2284 enim
1113 2231 1215 2285 abs
1246 2228 1578 2301 Hieronymi
1636 2227 1776 2292 fetu,
1811 2227 1969 2281 Pauli
2029 2226 2180 2292 Vita,
2239 2225 2510 2282 Collectio
2571 2224 2672 2280 illa
2720 2225 2951 2297 jamdiu
3002 2225 3142 2281 olim
3174 2225 3476 2296 inciperet,
3509 2225 3582 2280 ab
3614 2240 3713 2291 eo,

303 2328 478 2384 quem
501 2311 789 2370 liminaris
811 2317 1378 2389 pagiuapraal‘erebat
1409 2319 1832 2381 auctore,totus
1863 2314 2010 2370 liber
2039 2314 2360 2387 inscriptus
2392 2319 2499 2370 est.
2533 2317 2811 2369 Craterum
2861 2317 2920 2368 et
2970 2315 3042 2369 ad
3073 2312 3480 2369 declinandam
3513 2314 3711 2368 nomi—

301 2415 444 2455 num
474 2402 668 2457 Ruﬁni
701 2419 766 2458 ac
796 2403 1038 2460 Palladii
1066 2404 1367 2470 invidiam,
1400 2408 1457 2459 et
1485 2403 1555 2458 ad
1582 2402 1953 2457 librariorum
1977 2402 2389 2474 compendium
2414 2403 2676 2458 fraudem
2703 2403 3000 2458 interdum
3027 2402 3360 2458 institutam
3383 2401 3565 2458 fuisse
3591 2417 3706 2457 non

307 2489 530 2545 dubito.
3553 2545 3568 2554 η

371 2577 513 2632 Tres
545 2577 743 2649 itaque
774 2579 899 2635 istae
931 2581 1214 2636 duntaxat
1243 2598 1273 2636 e
1321 2582 1378 2636 S.
1431 2581 1692 2635 Doctoris
1745 2580 1929 2634 nostri
1957 2580 2182 2635 calamo
2213 2581 2479 2651 profectae
2511 2585 2670 2645 sunt,
2703 2596 2849 2650 quas
2906 2586 2962 2634 et
3018 2579 3230 2634 eximia
3266 2577 3554 2634 sermonis
3585 2577 3705 2634 ele-

303 2664 519 2735 gantia,
551 2669 610 2720 et
633 2669 891 2722 asceticaa
921 2669 1048 2724 vitae
1080 2669 1528 2739 praeclarissima
1557 2668 1821 2738 exempla
1851 2669 2548 2723 commendant.Profecto
2573 2685 2642 2724 ex
2672 2667 3142 2739 Hieronymianis
3163 2666 3706 2723 elucubrationihus

302 2750 466 2806 nulla
495 2769 702 2810 recusa
731 2760 819 2810 est
847 2756 1082 2828 saepius,
1117 2757 1280 2812 nulla
1307 2755 1506 2828 plures
1537 2757 1754 2811 invenit
1784 2757 2054 2824 editores,
2117 2774 2182 2811 ac
2239 2757 2428 2827 magis
2458 2757 2742 2812 eruditos.
2791 2757 2929 2810 Duie
2991 2754 3212 2827 priores
3260 2760 3315 2811 et
3373 2754 3564 2810 Graece
3593 2754 3698 2810 ha-

302 2840 551 2911 bentur;
585 2843 703 2898 imo
736 2844 978 2901 alteram
1006 2846 1244 2900 vixdum
1277 2847 1347 2901 ab
1379 2849 1614 2900 auctore
1645 2843 1961 2915 vulgatam,
2021 2844 2386 2915 Sophronius
2439 2844 2498 2898 in
2531 2844 2794 2899 Graecum
2852 2844 3059 2899 vertit:
3120 2842 3353 2898 tametsi
3384 2859 3513 2914 quae
3543 2858 3699 2913 nunc

302 2937 587 3002 superest,
642 2937 699 2988 et
753 2935 923 3005 cujus
981 2936 1216 2990 initium
1273 2941 1397 2991 est:
1434 2944 1510 2991 ’Ev
1570 2943 1873 3006 Παλαιτηηῃ

2131 2942 2259 2990 ἐστὶν
2316 2943 2406 2991 οὐκ
2465 2941 2670 2989 ἔλαττον
2728 2941 2762 3002 ἢ
2816 2941 2960 2988 πέντε
3021 2943 3104 2988 καὶ
3159 2942 3532 3004 τεσσαράκοντα
3586 2956 3706 2988 στα-

302 3026 428 3086 δίους
455 3027 711 3094 ἀπέχουσα
738 3032 912 3093 Γάζης,
947 3024 1202 3080 Simeoni
1249 3023 1653 3096 Metaphrasta)
1704 3024 1857 3078 docti
1903 3041 1928 3077 v

2078 3023 2250 3078 malint
2275 3023 2582 3078 ascribere.
2619 3022 2819 3078 Latine
2866 3027 3061 3076 autem
3114 3038 3231 3086 eas,
3267 3026 3472 3093 praeter
3501 3020 3704 3076 Hiero-

303 3109 714 3181 nymianorum
744 3128 985 3183 operum
1018 3114 1288 3178 editores,
1322 3114 1530 3168 Surius
1561 3130 1626 3168 ac
1654 3112 2052 3184 Lipumannus
2074 3115 2376 3168 recensent
2401 3129 2412 3165 :
2449 3111 2748 3184 expoliunt
2769 3112 2958 3166 denuo
2977 3114 3149 3183 atque
3171 3110 3469 3165 illustrant
3489 3109 3707 3166 doctis-

303 3199 470 3256 simis
491 3201 966 3258 annotationibus
998 3204 1363 3272 Rosweidus,
1398 3202 1732 3268 Bollandus,
1768 3202 1984 3273 quique
2017 3218 2293 3273 magnum
2324 3200 2465 3255 illud
2502 3201 2800 3272 inceptum
2843 3203 3294 3272 persequuntur.
3324 3203 3536 3254 Parum
3570 3197 3704 3254 dili-

303 3288 510 3361 gentiae
541 3293 750 3344 nostra}
773 3290 1063 3362 reliquum
1098 3294 1277 3347 fuisse
1308 3292 1609 3358 videatur;
1646 3290 2030 3345 nihilominus
2063 3291 2214 3361 quod
2266 3295 2599 3344 nostrarum
2659 3289 2914 3361 partium
2949 3289 3075 3352 fuit,
3118 3305 3188 3343 ne
3219 3288 3434 3342 frustra
3465 3301 3702 3360 operam

303 3375 654 3447 locaremus,
686 3379 869 3436 sicubi
901 3381 1199 3437 emendari
1231 3381 1542 3451 ornarique
1573 3385 1886 3451 potuerunt
1919 3377 2178 3444 uberius,
2209 3377 2638 3432 contendimus.
2701 3377 2913 3431 Praesto
2975 3377 3210 3432 fuerunt
3252 3379 3508 3447 quatuor
3534 3375 3702 3431 Vati-

303 3465 433 3521 cani
465 3465 604 3522 olim
651 3468 885 3541 Reginae
933 3470 1250 3526 Succorum
1282 3469 1510 3540 antiqui
1562 3485 1701 3523 mss.
1737 3467 1985 3534 codices,
2019 3467 2321 3538 praenotati
2351 3465 2611 3521 numeris
2643 3466 2764 3531 432,
2798 3466 2924 3532 500,
2954 3467 3082 3532 589,
3108 3465 3234 3518 797.
3272 3464 3432 3519 Unus
3464 3479 3700 3534 quoque

301 3571 333 3611 e
362 3555 593 3625 nostris,
629 3574 775 3628 quos
821 3557 1089 3630 privatim
1126 3559 1283 3614 domi
1315 3574 1724 3614 asservamus:
1759 3573 1873 3611 non
1925 3555 2019 3610 ille
2077 3556 2313 3627 quidem
2373 3553 2775 3610 remotissima
2833 3552 3271 3613 vetustatis.sed
3301 3552 3496 3622 proba:
3527 3555 3701 3621 nota,

301 3649 656 3703 Laudandus
685 3664 816 3703 vero
865 3652 955 3703 est
1001 3665 1116 3720 prie
1166 3647 1386 3703 caeteris
1419 3663 1573 3701 unus
1604 3643 1954 3716 amplissimi
1985 3643 2302 3697 Veronens.
2335 3641 2582 3712 Capituli
2625 3641 2725 3712 qui
2777 3656 2980 3696 omnes
3037 3641 3108 3695 ad
3142 3639 3292 3696 hanc
3321 3655 3513 3712 usque
3543 3638 3697 3696 diem

296 3736 560 3809 cognitos
591 3735 758 3792 facile
784 3737 1312 3808 superat.Scriptus
1344 3751 1553 3806 nempe
1573 3737 1662 3789 est
1684 3749 1836 3788 anno
1859 3731 2324 3804 quingentesimo
2357 3729 2580 3786 decimo
2613 3730 2862 3801 septimo
2891 3729 2962 3784 ab
3011 3727 3300 3796 Ursicino,
3330 3727 3526 3784 nescio
3557 3742 3696 3797 quo,

294 3825 708 3896 nostrahujus
731 3825 996 3880 Ecclesiae
1023 3824 1254 3890 lectore,
1290 3824 1443 3895 quod
1475 3823 1600 3894 ipse
1629 3822 1721 3877 his
1743 3821 1934 3876 verbis
1956 3820 2129 3892 paulo
2154 3819 2286 3875 licet
2307 3817 2530 3874 vitiosis
2561 3819 2632 3874 ob
2663 3834 2864 3874 eorum
2895 3821 3228 3888 temporum
3271 3815 3698 3888 pronuntiatio-

295 3929 428 3969 nem
460 3914 783 3985 profitetur.
819 3913 974 3968 PER.
1018 3912 1386 3968 SCRIBTUS.
1420 3911 1629 3966 CODlX
1661 3911 1796 3965 HEC
1826 3910 1960 3966 SUB
1993 3910 2108 3964 DIE
2142 3909 2306 3967 KAL.
2346 3908 2507 3963 AVG.
2538 3906 2846 3963 AGAPITO
2876 3904 3013 3960 νεα
3055 3904 3222 3960 INDI.
3259 3903 3527 3960 DECIMA
3555 3900 3696 3957 PER

294 4001 710 4058 URSICINUM.
746 4002 944 4057 LECT.
980 4001 1332 4056 ECCLESUE
1363 4000 1809 4056 VERONENSIS
1844 4001 1941 4071 (a).

361 4096 742 4163 Annum,quo
773 4089 934 4145 Pauli
965 4089 1096 4144 Vita
1125 4090 1342 4162 scripta
1391 4095 1498 4155 est,
1557 4091 1649 4144 vix
1677 4083 2079 4144 dubitandum'
2124 4087 2354 4141 videtur
2412 4100 2540 4140 esse
2594 4084 2701 4138 374
2751 4087 2853 4139 aut
2908 4087 3270 4156 sequentem.
3313 4081 3420 4137 Per
3443 4079 3502 4135 id
3532 4083 3686 4136 certe

290 4182 574 4254 temporis
608 4181 678 4236 ad
711 4180 1116 4253 cognominem
1149 4180 1398 4236 Paulum
1430 4178 1911 4235 Concordiensem
1943 4176 2129 4230 missa
2185 4179 2274 4229 est
2331 4190 2465 4228 cum
2498 4173 2746 4244 Epist.in
2783 4176 2985 4227 nostra
3032 4171 3367 4227 recensione
3397 4169 3471 4224 40
3495 4169 3592 4241 (b).
3624 4169 3686 4224 In

291 4269 562 4342 Catalogo
590 4275 786 4326 autem
820 4269 1075 4341 primum
1110 4269 1261 4324 inter
1319 4267 1798 4339 Hieronymianas
1858 4263 2202 4333 scriptiones
2259 4279 2462 4318 omnes
2520 4261 2742 4317 obtinet
2796 4261 3012 4315 locum.
3060 4265 3213 4315 Duas
3244 4258 3505 4330 reliquas
3536 4271 3692 4313 anno

291 4358 645 4414 ascribimus
675 4358 798 4421 390,
829 4359 1031 4412 eodem
1066 4357 1222 4414 ducti
1256 4360 1620 4427 argumento,
1655 4353 1801 4408 serie
1833 4351 2073 4416 scilicet,
2132 4367 2248 4422 qua
2279 4351 2335 4405 in
2369 4350 2638 4423 Catalogo
2670 4354 3066 4416 recensentur,
3099 4353 3231 4422 post
3259 4343 3692 4418 interpretatio-

293 4462 425 4504 nem
455 4444 836 4502 Homiliarum
867 4445 1102 4516 Origen,
1133 4446 1192 4498 in
1226 4446 1464 4510 Lucam,
1499 4458 1675 4514 quam
1704 4441 1988 4513 superiori
2018 4441 2123 4494 389
2155 4441 2546 4512 assignamus.

362 4640 910 4726 (a)Hunc.omnium
939 4639 1420 4726 antiquissimum
1455 4640 2127 4726 praestantissimumque
2167 4639 2308 4726 ‘cod.
2351 4655 2486 4726 ruis.
2538 4637 2884 4726 homo-non
2934 4636 3032 4693 ille
3063 4635 3299 4726 quidem
3331 4633 3690 4726 illitteratus,

289 4709 456 4784 cujus
489 4712 714 4788 nomini
743 4729 934 4788 parco,
969 4709 1501 4788 sibi-uniisumpsit
1528 4713 1846 4788 cumAedito
1877 4709 2606 4788 conferenduni:_Contiil_it
2653 4713 2846 4788 autem
2895 4725 3033 4788 nec.
3061 4709 3204 4762 satis
3261 4709 3513 4771 curiose,
3561 4721 3692 4788 "nec

290 4776 984 4859 utipropositum't'uerat,
1018 4800 1151 4859 cum
1189 4776 1573 4859 _Ben_ed‘ictina
1623 4784 1894 4859 editione,
1928 4785 2029 4859 sed
2076 4799 2208 4859 cum
2260 4782 2374 4836 alia
2423 4781 2676 4859 quadam
2708 4779 3037 4835 Coloniensi
3070 4795 3246 4859 quam
3277 4795 3398 4859 praz.
3420 4776 3692 4858 manibus

290 4847 556 4930 habebat.
590 4857 735 4930 Hinc
770 4847 1007 4930 factum,
1039 4861 1103 4908 ut
1129 4856 1284 4930 falso
1310 4857 1626 4930 identidem
1645 4847 1947 4930 variantes
1979 4855 2251 4930 lectiones
2311 4847 2715 4930 exscripserit,
2759 4867 2985 4930 nosque
3042 4847 3318 4930 credulos
3351 4848 3401 4903 ei
3440 4847 3689 4930 nimium

285 4927 710 5001 habuerit._Cui
745 4926 895 5001 malo
927 4919 1287 5001 inpraesenti
1321 4928 1495 4999 hujus
1526 4927 1702 5001 libelli
1739 4929 1991 4982 editione
2036 4925 2285 5001 singulis
2341 4919 2673 5001 quibusque
2704 4922 2845 5001 locis
2875 4919 3241 5001 occurrimus
3271 4924 3342 5001 et
3360 4919 3687 4975 medemur.

355 4940 574 4983 iuuerit.
609 4940 710 4982 Ulll
745 4940 895 4982 malo
927 4944 982 4980 in
1018 4940 1287 4999 praesenti
1321 4940 1495 4999 hujus
1527 4940 1702 4982 libelll
1739 4940 1991 4982 editione
2036 4940 2285 4996 Bmgulls
2341 4940 2673 5048 ᾳυιοιιείλυθ
2704 4940 2845 4977 ιοοιδ
2875 4940 3241 4976 OCCUI‘I‘ImUS
3271 4940 3508 5001 onmem

355 4998 431 5073 (b)
465 4999 526 5055 1n
556 4998 863 5068 Chronico,
897 5000 967 5055 ad
999 5016 1219 5056 annum
1253 4997 1580 5056 Constantii
1615 5001 1700 5067 19,
1734 5003 1986 5054 testatur
2014 5013 2076 5052 se
2104 4999 2315 5052 exitum
2345 4995 2510 5050 Pauli
2539 4996 2576 5049 T
2611 4995 2753 5050 elixi
2793 4994 2942 5049 brevi
2973 4992 3156 5048 libello
3187 4991 3508 5063 explicasse.
