4118 6158
295 200 373 270 ie
1258 159 1262 163 i
1546 206 1613 276 s.
1658 206 1972 276 unseen
2013 206 2455 277 ElERONYMI
3612 194 3697 265 lo

295 339 516 399 omissa
543 340 687 412 erat,
721 348 901 416 Quam
955 340 1140 401 fretus
1196 341 1451 418 ingenio.
1502 345 1801 410 Quomodo
1832 362 1936 401 au-
1964 348 2019 415 Α
2046 348 2333 411 excutere,
2364 339 2631 400 blandis“
2660 343 2950 400 sertorum
2980 335 3227 398 nexibus
3277 332 3571 396 irretitum
3602 351 3691 394 re-

293 433 414 486 tem
444 430 505 487 in
536 433 729 489 media
755 437 921 490 astate
949 433 1173 503 vixerit,
1217 437 1275 492 et
1303 450 1450 507 quas
1483 435 1706 491 Satanae
1734 438 1938 506 pertu—

292 516 425 575 lerit
453 520 871 594 insidias,nulli
902 522 1210 580 hominum
1268 528 1630 597 compertum
1668 523 1933 581 habetur.

873 673 1135 730 INCIPIT
1170 674 1361 730 VITA.

366 790 420 842 2.
452 788 643 844 Decius
692 792 747 844 et
820 790 1139 846 Valerianus
1197 789 1635 845 Christianorum
1687 806 1937 862 persecu-

295 880 460 933 tores.
491 907 559 917 ——
589 877 708 931 Sub
740 878 910 933 Decio
940 882 997 933 et
1050 877 1392 934 Valeriano'
1446 878 1936 950 persecutoribus,

297 981 412 1037 quo
443 970 706 1037 tempore
730 965 1027 1022 Cornelius
1083 968 1299 1036 Romae,
1350 967 1672 1038 Cyprianus
1700 968 1937 1023 Cartha-

296 1052 452 1125 gine,
486 1053 639 1109 felici
670 1070 872 1109 cruore
928 1053 1273 1125 martyrium
1306 1054 1691 1125 pertulerunt,
1722 1054 1940 1112 multas

297 1142 450 1213 apud
484 1146 797 1214 ngyptum
836 1147 893 1197 et
924 1141 1281 1197 Thebaidem
1310 1141 1594 1199 Ecclesiae
1624 1148 1942 1216 tempestas

294 1246 444 1286 saeva
478 1230 755 1303 populata
809 1234 916 1285 est.
976 1230 1105 1285 Voti
1137 1234 1275 1285 tunc
1293 1230 1638 1287 Christianis
1668 1236 1809 1299 erat,
1834 1250 1938 1305 pro

294 1319 507 1389 [Veron
542 1319 629 1388 eo]
686 1317 896 1373 Christi
945 1318 1179 1374 nomine
1211 1318 1405 1388 gladio
1464 1320 1682 1391 percuti
1723 1322 1933 1392 [Veron.

294 1406 559 1478 perpeti].
594 1410 807 1462 Verum
863 1406 1047 1462 hostis
1103 1406 1349 1463 callidus
1391 1409 1560 1463 tarda
1588 1408 1661 1464 ad
1692 1413 1939 1464 mortem

296 1494 585 1566 supplicia
630 1494 981 1567 conquirens
1040 1495 1269 1551 animas
1321 1496 1592 1567 cupiebat
1642 1496 1939 1570 jugulare,

296 1598 413 1636 non
445 1598 705 1654 corpora.
738 1582 805 1637 Et
833 1587 898 1637 ut
955 1582 1100 1655 ipse,
1156 1583 1255 1655 qui
1314 1584 1387 1638 ab
1431 1584 1558 1656 ipso
1590 1601 1801 1656 passus
1831 1589 1938 1653 est,

295 1670 616 1741 Cyprianus
644 1672 759 1726 ait:
794 1669 1141 1727 Volentibus
1174 1672 1319 1726 mori
1342 1673 1387 1740 ³,
1419 1690 1535 1728 non
1565 1673 1940 1746 permitteba-

293 1760 393 1813 tur
421 1758 625 1813 occidi.
658 1758 838 1829 Cujus
868 1762 935 1814 ut
960 1759 1274 1815 crudelitas
1304 1760 1495 1816 notior
1525 1761 1645 1829 fiat,
1677 1762 1793 1817 duo
1810 1778 1930 1818 me-

297 1847 496 1904 moriaa
519 1864 697 1903 causa
724 1847 991 1921 exempla
1016 1848 1430 1919 subjicimus’:

367 1938 420 1991 3.
453 1937 565 1992 Duo
616 1939 883 2007 martyres
938 1938 1200 2009 insignes.
1288 1968 1329 1979 -
1373 1938 1843 1995 Perseverantem
1877 1939 1937 1994 in

297 2026 412 2085 fide
442 2029 782 2097 martyrem,
809 2030 866 2081 et
897 2026 1047 2082 inter
1091 2025 1321 2084 eculeos
1349 2026 1719 2100 laminasque
1760 2027 1942 2084 victo-

296 2129 444 2181 rem,
480 2113 664 2185 jussit
718 2114 890 2169 melle
937 2115 1205 2187 perungi,
1259 2119 1316 2171 et
1358 2116 1469 2171 sub
1528 2115 1940 2173 ardentissimo

300 2202 441 2271 sole,
474 2201 734 2274 religatis
754 2202 1028 2259 manibus
1044 2207 1175 2275 post
1193 2208 1448 2277 tergum,
1483 2204 1748 2277 reponi‘,
1783 2204 1941 2261 scili-

299 2294 391 2346 cet
414 2295 480 2346 ut
511 2307 848 2346 muscarum
879 2291 1096 2347 aculeis
1126 2293 1374 2358 cederet,
1407 2293 1507 2365 qui
1556 2293 1773 2366 ignitae
1820 2311 1941 2351 sar-

298 2380 526 2451 tagines
556 2384 689 2435 ante
718 2385 1071 2451 superasset.
1106 2380 1299 2436 Alium
1347 2381 1594 2453 juvenili
1625 2387 1791 2438 estate
1846 2383 1945 2438 ﬂo-

298 2472 546 2533 rentem,
582 2468 640 2523 in
672 2469 1100 2525 amsanissimos
1148 2469 1411 2526 hortulos
1436 2471 1707 2543 praecepit
1735 2471 1946 2527 abduci

299 2557 406 2628 [AL
439 2555 697 2627 adduci].
729 2561 780 2612 4
813 2557 1009 2628 ibique
1037 2557 1191 2613 inter
1245 2557 1368 2613 lilia
1414 2559 1726 2615 candentia
1763 2564 1820 2615 et
1849 2577 1945 2614 ru-

299 2645 506 2701 bentes
539 2661 722 2710 rosas,
755 2660 890 2699 cum
946 2645 1061 2700 leni
1110 2647 1280 2716 juxta
1329 2663 1630 2703 murmure
1659 2664 1946 2720 aquarum

300 2736 558 2804 serperet
579 2732 759 2801 rivus,
793 2736 850 2788 et
870 2732 1030 2789 molli
1074 2733 1246 2790 sibilo
1277 2735 1549 2790 arborum
1574 2735 1713 2792 folia
1740 2741 1947 2792 ventus

301 2818 734 2892 praestringeret
781 2819 887 2893 [AL
940 2821 1295 2894 stringeret],
1339 2840 1514 2895 super
1543 2825 1947 2880 exstructum5

301 2908 521 2985 plumis
574 2910 790 2965 lectum
849 2910 1198 2982 resupinari,
1260 2915 1318 2967 et
1365 2929 1436 2968 ne
1478 2928 1541 2969 se
1587 2911 1723 2969 inde
1753 2918 1949 2986 posset

371 3053 385 3085 ¹
421 3050 657 3106 Titulus
685 3051 892 3107 Veron.
930 3069 1038 3107 ms.
1074 3056 1271 3108 nostro
1314 3054 1497 3110 abest.
1531 3054 1681 3109 Tum
1713 3054 1919 3111 vitiose

302 3125 373 3195 ut
408 3121 607 3195 nullus
639 3122 864 3188 dubito,
896 3124 1011 3177 duo
1056 3140 1232 3195 penes
1264 3124 1532 3181 Martian.
1568 3125 1815 3190 codices,
1846 3098 1943 3183 sub
1976 3096 2017 3162 θ’

305 3193 720 3268 Diocletianoet
748 3195 1026 3249 Valeriano
1042 3193 1072 3268 ,οξ
1095 3212 1198 3250 nec
1220 3197 1392 3250 refert
1440 3197 1595 3268 quod
1627 3198 1947 3253 subnexam

304 3263 696 3320 adolescentis
753 3282 788 3319 a
843 3266 1141 3321 meretrice
1199 3267 1403 3322 tentati

303 3334 658 3410 Diocletiano
707 3336 948 3410 minime
977 3343 1283 3410 accuratus
1341 3342 1544 3393 auctor
1590 3338 1949 3410 Nioepborus

304 3411 500 3479 narret
529 3405 629 3461 lib.
672 3423 778 3479 _vu.
813 3407 1079 3479 Moxduo
1108 3409 1282 3463 verba
1308 3410 1462 3479 felici
1489 3425 1680 3465 cruore
1712 3405 1769 3464 ih
1802 3412 1947 3466 duo-

304 3477 415 3533 bus
441 3493 471 3532 e
503 3477 717 3552 nostris
752 3494 893 3552 mss.
927 3477 1352 3535 desiderantur.
1378 3480 1584 3535 Veron.
1610 3480 1769 3552 aliiq.
1794 3484 1951 3552 felici

303 3564 494 3603 cruore
524 3548 773 3603 damnati
798 3552 940 3604 sunt.
1163 3577 1173 3585 -

375 3651 443 3660 ——
474 3620 582 3674 Sub
631 3622 811 3674 Decio.
869 3621 1006 3676 Mss.
1039 3620 1268 3676 codices
1298 3626 1476 3676 Aven.
1516 3627 1573 3676 et
1601 3620 1817 3687 Tolos.,
1847 3624 1948 3678 sub

303 3692 634 3764 Diocletiano
664 3696 738 3764 e_t_
777 3692 1078 3764 Valeriano.
1133 3692 1295 3764 Quod
1357 3697 1660 3764 propterea
1702 3700 1945 3749 annota-

303 3779 459 3835 [ηυδε
493 3763 628 3831 quia
684 3760 993 3819 historiam
1020 3762 1277 3835 juvenis
1311 3760 1441 3835 mox
1466 3760 1802 3835 'subjectaio
1836 3767 1945 3821 sub

303 3832 662 3905 Diocletiano
694 3838 916 3903 gestam
941 3832 1116 3888 refert
1138 3834 1519 3905 Nicephorus,
1552 3832 1654 3890 lib.
1686 3853 1765 3891 vn
1797 3836 1945 3892 Hist.

302 3904 391 3959 43.
685 3905 966 3960 ΜΑΒΤΙΑΝ.

369 3976 390 4008 ²
421 3974 827 4048 S.Cyprianus,
887 3974 1037 4045 epist
1092 3976 1182 4041 53,
1217 3977 1458 4030 maxime
1496 3992 1621 4048 cum
1676 3980 1945 4048 cupienti-

304 4046 406 4121 bus.
426 4046 588 4111 mori,
620 4062 730 4101 non
758 4049 1215 4121 permitterentur
1242 4048 1517 4121 (leg.eum
1550 4046 1946 4121 Hierusingu-

301 4116 410 4189 lari
442 4133 685 4189 numero
704 4118 1135 4189 permitteretur)
1167 4118 1358 4172 occidi.
1385 4118 1623 4185 Seneca,
1663 4116 1940 4176 Thebaid:

307 4212 327 4238 «
364 4188 636 4243 Occidere
666 4193 774 4253 est,
808 4194 1001 4243 vetare
1033 4190 1364 4259 cupientem
1396 4190 1565 4245 mori.
1606 4211 1632 4238 ››

370 4260 392 4293 ³
425 4264 608 4313 Antea
660 4264 780 4315 erat
829 4261 1176 4331 subjecimus,
1256 4260 1719 4330 repugnantibus
1797 4278 1941 4315 mss.

300 4330 552 4385 duorum
582 4347 688 4401 ope
718 4331 895 4386 etiam
926 4330 1011 4385 in
1067 4331 1334 4400 sequenti
1390 4347 1581 4397 versu,
1615 4346 1748 4385 cum
1792 4335 1947 4386 esset

301 4403 736 4456 Perseverantem
770 4403 937 4471 igitur
966 4404 1022 4456 in
1055 4401 1179 4473 ﬁde,
1208 4405 1570 4473 etc.,_vocem
1602 4402 1793 4471 igitur,
1827 4419 1944 4473 qua

303 4487 513 4544 sensus
543 4472 830 4544 turbatur,
878 4471 1286 4544 expunximus.
1346 4470 1566 4544 Horum
1620 4470 1941 4544 martyrum

303 4541 361 4595 in
393 4540 803 4613 Martyrologio
826 4542 897 4613 ad
925 4540 995 4595 28
1021 4542 1179 4596 Junii
1213 4545 1301 4597 est
1324 4542 1560 4597 mentio.

372 4611 1006 4685 ‘_Maluimus_rectiore
1038 4628 1216 4685 sensu
1254 4628 1322 4685 ex
1341 4616 1662 4685 Ver‘onens,
1695 4611 1945 4685 aliisque

302 4683 532 4754 optimae
565 4687 711 4737 notae
745 4682 909 4737 libris
967 4684 1206 4753 refigere
1262 4682 1418 4738 hunc
1443 4682 1666 4756 locum,
1700 4682 1944 4756 religatis

296 4759 430 4828 post
448 4762 661 4823 tergum
689 4756 944 4828 manibus
1003 4756 1192 4828 reponi
1227 4771 1347 4828 _pr0
1406 4755 1590 4824 ligatis
1646 4760 1703 4810 et
1732 4755 1942 4828 resupi-

300 4824 452 4891 nari,
483 4826 980 4897 quemadmodum
1014 4824 1110 4879 alii
1147 4824 1382 4879 habent.

370 4897 390 4929 δ
423 4895 571 4969 Αιὶῐᾗ
590 4913 754 4969 super
781 4901 1015 4951 stratum
1043 4897 1273 4969 plumis,
1306 4901 1441 4969 etc.,
1474 4895 1575 4969 sed
1607 4896 1815 4969 deinde
1836 4914 1939 4969 fve-

299 4969 454 5021 teres
485 4967 735 5024 editores
766 4969 1014 5034 Erasm.,
1060 4967 1366 5039 Rosweyd.
1401 4970 1456 5021 et
1484 4968 1778 5024 Victorius
1833 4968 1942 5023 im-

302 5041 631 5110 mutanticx
686 5042 1019 5110 conjectura
1075 5041 1245 5094 serico
1299 5056 1402 5110 pro
1445 5042 1736 5095 sertorum.
1788 5040 1938 5094 Tum

299 5108 655 5180 aclectulum
685 5114 742 5163 et
770 5108 1044 5180 s'upinari.

367 5178 388 5212 θ
418 5179 645 5253 Blandis
675 5178 957 5234 sertorum.
1021 5181 1166 5235 Editi
1227 5179 1447 5253 legunt,
1500 5180 1716 5235 blandis
1766 5183 1941 5253 serico

297 5250 565 5320 nexibus;
622 5266 827 5305 omnes
880 5255 1071 5305 autem
1135 5250 1308 5305 mss.‘
1341 5258 1403 5306 ut
1455 5269 1562 5307 nos
1621 5252 1940 5320 edidimus,

297 5319 519 5375 blandis
545 5323 816 5376 seriorum
866 5322 1113 5375 nexibus.
1170 5325 1302 5386 Quae
1361 5322 1527 5377 lectio
1584 5341 1697 5378 non
1738 5319 1941 5379 debuit

295 5390 597 5447 immutari
646 5408 714 5447 ex
762 5391 885 5447 sola
918 5390 1140 5447 Erasmi
1189 5393 1539 5461 conjectura.
1652 5395 1935 5450 Maurum.

364 5463 384 5495 ⁷
413 5463 555 5517 Tros
587 5463 816 5534 Reginae
878 5479 1020 5516 mss.
1082 5460 1212 5533 quid
1259 5460 1439 5534 ageret
1492 5465 1650 5519 miles
1690 5466 1939 5521 Christi?

296 5548 398 5604 quo
425 5550 483 5589 se
509 5532 817 5607 conferret?
871 5549 1046 5604 quem,
1090 5532 1215 5587 ’etc.
1279 5532 1533 5589 Rectius.
1594 5535 1723 5591 Mox
1781 5554 1903 5594 unu

1970 1716 2017 1780 B

1473 3267 1778 3323 historiam
1836 3271 1947 3325 sub
1968 3268 1983 3285 ‘

2046 433 2254 507 linqui.
2287 434 2408 499 Quo
2456 448 2613 500 cum,
2670 430 3080 490 recedentibus
3138 428 3385 497 cunctis,
3416 426 3694 483 meretrix

2046 522 2311 595 speciosa
2339 520 2610 590 venisset,
2659 520 2835 593 cmpit
2883 518 3145 577 delicatis
3205 517 3492 589 stringere
3546 513 3696 571 colla

2048 611 2153 683 [AL
2188 610 2424 683 collum]
2456 609 2884 683 complexibus:
2943 612 3021 674 et,
3061 607 3218 679 quod
3265 605 3429 661 dictu
3461 618 3694 676 quoque

2051 699 2241 755 scelus
2269 703 2380 767 est,
2411 699 2687 754 manibus
2742 702 3049 754 attrectare
3080 695 3188 769 [Αι.
3220 691 3565 766 obtrectare]
3614 691 3695 746 vi-

2051 786 2216 843 rilia:
2248 791 2315 842 ut
2342 803 2579 859 corpore
2609 787 2667 842 in
2700 786 3006 843 libidinem
3057 783 3364 850 concitato,
3396 797 3463 837 se
3490 779 3696 836 victrix

2047 875 2346 948 impudica
2374 875 2939 948 superjaceret.Quid
2970 877 3167 947 ageret
3196 872 3386 928 milies
3415 867 3692 934 Christi",

2047 971 2106 1021 et
2136 982 2249 1037 quo
2275 982 2337 1021 se
2366 969 2631 1033 verteret,
2664 964 2979 1020 nesciebat.
3041 964 3224 1028 Quem
3252 963 3545 1017 tormenta
3578 973 3696 1014 non

2048 1053 2323 1119 vicerant,
2374 1053 2689 1126 superabat
2741 1052 3026 1124 voluptas.
3058 1051 3317 1107 Tandem
3347 1046 3577 1104 coalitus
3604 1046 3695 1100 in-

2050 1142 2327 1214 spiratus,
2354 1142 2653 1214 priscisam
2687 1141 3020 1197 mordicus8
3049 1139 3314 1213 linguam
3344 1136 3403 1192 in
3426 1134 3698 1192 osculan-

2049 1232 2126 1287 tis
2157 1249 2218 1287 se
2249 1232 2453 1288 faciem
2474 1232 2739 1304 exspuit;
2771 1249 2837 1288 ac
2868 1232 2950 1288 sic
2980 1230 3245 1287 libidinis
3286 1244 3528 1286 sensum
3560 1241 3695 1282 suc-

2051 1320 2262 1376 cedens
2291 1319 2510 1375 doloris
2542 1319 2882 1391 magnitudo
2913 1319 3211 1393 superavit
3251 1317 3358 1390 [Αι.
3393 1312 3696 1387 occupavit

2051 1412 2103 1464 et
2131 1408 2451 1481 praeripuit.
2483 1414 2584 1465 Ms.
2626 1410 2814 1465 Veron.
2850 1406 3133 1482 calcavit].

2123 1498 2173 1553 4.
2201 1498 2367 1553 Pauli
2393 1497 2537 1553 dotes
2564 1502 2615 1553 et
2644 1498 2905 1553 eruditio.
2933 1529 3002 1537 —
3033 1496 3142 1552 Per
3187 1495 3344 1551 idem
3383 1509 3518 1567 ergo
3546 1496 3693 1548 tem-

2052 1602 2163 1658 pus
2193 1602 2307 1658 quo
2336 1584 2478 1642 talia
2504 1586 2857 1659 gerebantur
2886 1587 3041 1658 apud
3071 1584 3402 1641 inferiorem
3445 1580 3696 1637 Thebai-

2051 1674 2211 1742 dam,
2240 1690 2373 1731 cum
2405 1691 2601 1731 sorore
2647 1676 2776 1747 jam
2832 1675 2955 1731 viro
2987 1673 3223 1739 tradita,
3284 1676 3420 1745 post
3448 1672 3697 1726 mortem

2049 1763 2155 1834 [Αἱ.
2190 1763 2745 1834 morte]ambrorum
2771 1766 3084 1835 parentum
3105 1763 3164 1817 in
3186 1760 3524 1817 haereditate
3543 1756 3700 1813 locu-

2047 1851 2205 1923 pleti,
2238 1851 2454 1908 Paulus
2503 1851 2741 1908 relictus
2770 1855 2860 1908 est
2913 1866 3204 1908 annorum
3232 1849 3465 1906 circiter
3489 1846 3695 1904 sexde-

2048 1939 2162 1995 cim
2184 1941 2224 2007 9,
2256 1939 2467 1997 litteris
2522 1944 2645 1996 tam
2695 1940 2908 1997 Grecis
2961 1956 3140 2013 quam
3191 1936 3546 2013 Egyptiacis
3599 1951 3700 2007 ap-

2049 2029 2236 2101 prime
2259 2030 2380 2100 [ms.
2420 2030 2536 2085 Ver.
2565 2028 2833 2100 adplene]
2855 2028 3142 2096 eruditus,
3167 2024 3457 2083 mansueti
3488 2023 3697 2090 animi,

2048 2116 2233 2173 Deum
2250 2116 2415 2173 valde
2446 2123 2675 2175 amans;
2711 2122 2779 2173 Et
2822 2132 2959 2173 cum
2992 2115 3414 2190 persecutionis
3445 2110 3703 2186 procella

2048 2205 2370 2273 detonaret,
2402 2205 2463 2261 in
2489 2203 2689 2261 villam
2714 2206 2756 2241 ¹⁰
2799 2205 3172 2262 remotiorem
3232 2208 3291 2259 et
3327 2201 3697 2259 secretiorem

2050 2293 2308 2349 secessit.
2364 2292 2581 2349 Verum
2631 2294 2774 2366 quid
2833 2297 3068 2366 pectora
3110 2291 3373 2349 humana
3401 2307 3516 2347 non
3545 2288 3702 2362 cogit

2053 2382 2177 2453 [ms.
2216 2383 2330 2437 Ver.
2364 2382 2542 2455 cogis]
2606 2383 2743 2438 Auri
2788 2398 2946 2438 sacra
2994 2383 3170 2452 fames
3215 2379 3445 2453 (Virgil.
3488 2378 3705 2436 Αεῗηείά.

2052 2470 2163 2541 Ii)?
2193 2469 2411 2526 sororis
2434 2471 2680 2527 maritus
2711 2470 2884 2543 coepit
2937 2471 3181 2543 prodere
3209 2468 3376 2537 velle,
3412 2484 3587 2541 quem
3617 2482 3705 2523 ce-

2054 2558 2174 2614 lare
2205 2559 2502 2615 debuerat.
2537 2560 2662 2616 Non
2693 2558 2862 2615 illum
2894 2559 3092 2615 uxoris
3120 2558 3413 2632 lacrymae,
3446 2561 3512 2612 ut
3541 2572 3705 2613 asso-

2053 2646 2216 2713 let“,
2276 2664 2392 2703 non
2451 2647 2790 2705 communio
2847 2648 3178 2721 sanguinis,
3238 2663 3353 2703 non
3434 2648 3707 2717 spectans

2054 2739 2265 2792 cuncta
2319 2753 2388 2791 ex
2435 2735 2552 2791 alto
2611 2741 2782 2802 Deus,
2836 2736 2909 2792 ab
2956 2735 3174 2792 scelere
3232 2732 3519 2790 revocavit
3573 2733 3702 2804 [τηε.

2058 2825 2174 2880 Ver.
2210 2826 2666 2895 revocaverunt].
2726 2824 2939 2881 Aderat
2976 2826 3040 2890 η,
3104 2824 3384 2891 instabat,
3456 2820 3706 2878 crudeli-

2051 2917 2171 2969 tate
2201 2913 2370 2986 quasi
2402 2912 2616 2985 pietate
2656 2914 2951 2969 utebatur.

2054 3056 2344 3126 superabat
2376 3055 2718 3126 abominata
2745 3056 3013 3126 voluptas.
3065 3051 3155 3108 Al.
3209 3059 3489 3124 superaret
3516 3052 3705 3126 volup-

2054 3124 2219 3197 pfas:
2251 3131 2307 3181 et
2336 3125 2445 3180 hoc
2486 3125 2719 3180 rectius.
2780 3124 3125 3197 Rectissime
3172 3130 3367 3179 autem
3425 3140 3561 3179 mox
3587 3124 3704 3178 duo

2057 3195 2233 3252 verba
2260 3198 2474 3253 caelitus
2496 3198 2799 3267 inspiratus
2831 3213 2938 3253 ms.
2975 3195 3499 3267 Veronens.tacet.

2128 3268 2162 3340 ἶ
2183 3268 2459 3340 Impressi
2506 3266 2712 3340 mersa,
2746 3273 2848 3340 aut
2887 3266 3178 3323 morsibus.
3211 3266 3321 3323 Sed
3353 3282 3532 3340 quam
3564 3281 3705 3337 prea-

2057 3336 2305 3394 tulimus
2338 3338 2705 3410 Veronensis,
2764 3338 3131 3410 aliorumque
3185 3354 3327 3410 mss.
3371 3336 3703 3410 lectionem,

2101 3410 2269 3488 robat
2300 3409 2932 3488 __s_imilis_llieronymi
2991 3407 3155 3488 locus
3212 3408 3383 3488 epist.
3441 3409 3533 3474 88,
3585 3407 3707 3488 sive

2056 3426 2268 3535 Ψοοᾱι
2322 3426 2535 3464 eimiiis
2593 3426 2932 3482 nieronymi
2991 3426 3155 3464 iocus
3212 3426 3383 3488 epist.
3441 3426 3533 3474 eo,
3585 3426 3704 3462 sive

2106 3480 2359 3563 heo‘phili
2390 3480 2703 3563 Synodica_,_
2748 3498 2805 3536 n.
2836 3498 2855 3536 1
2896 3498 2908 3536 :
2969 3502 2997 3530 ‹‹
3030 3480 3191 3536 Unus
3231 3478 3444 3551 linguae
3474 3483 3704 3551 partem

2059 3552 2356 3607 mordicus
2387 3552 2730 3607 amputavit.
2765 3574 2792 3601 »

2128 3622 2264 3701 ilta
2291 3627 2423 3693 post
2481 3618 2881 3701 Martianaeum
2946 3638 3089 3678 mss.
3149 3636 3373 3701 omnes,
3428 3618 3705 3701 aquibus

2056 3691 2338 3749 vetustior
2381 3710 2556 3758 unus,
2606 3695 2717 3765 qui
2777 3710 2953 3765 penes
3004 3709 3095 3748 me
3142 3696 3250 3758 est,
3293 3691 3581 3765 superiori
3610 3691 3706 3765 sui

2056 3710 2338 3749 vetustior
2381 3710 2556 3758 unus,
2662 3711 2717 3749 ui
2777 3710 2953 3765 penes
3004 3710 3095 3748 me
3142 3710 3250 3758 eet,
3293 3710 3581 3761 superiori
3610 3710 3706 3745 sui

2056 3772 2219 3835 parte
2249 3769 2575 3820 truncatus.
2603 3710 2896 3820 aictorius
2925 3780 3079 3827 vero,
3112 3767 3245 3834 post
3295 3763 3519 3835 Erasm.
3546 3762 3707 3832 quino

2054 3833 2228 3891 decim
2269 3841 2497 3891 tantum
2529 3840 2854 3891 enumerat.
2888 3835 3003 3890 Nec
3056 3833 3250 3889 tamen
3301 3833 3405 3889 abs
3443 3849 3509 3888 re
3541 3834 3708 3887 notat

2056 3906 2373 3962 Bollandus
2404 3924 2519 3961 non
2551 3906 2664 3961 dici
2696 3907 2800 3961 abs
2832 3906 3199 3978 Hieronymo.
3244 3903 3493 3978 Paulum
3525 3901 3704 3959 simul

2057 3994 2123 4032 ac
2149 3977 2488 4048 parentibus
2543 3978 2902 4049 orbatusest
2958 3975 3308 4049 profugisse,
3367 3975 3468 4031 sed
3503 3978 3707 4049 postea

2057 3994 2123 4032 ac
2149 3993 2488 4048 parentibus
2543 3993 2783 4033 orbatus
2812 3993 2902 4033 est
2958 3993 3308 4102 proruEisse,
3367 3993 3468 4031 seu
3503 3993 3704 4046 poetea

2056 4065 2189 4103 cum
2224 4055 2379 4103 mota
2409 4054 2497 4121 est
2526 4047 2850 4120 persecutio
2904 4052 3037 4121 post
3085 4047 3126 4103 P
3172 4046 3487 4118 ilipporum
3519 4045 3704 4117 impe-

2056 4124 2315 4174 ratorum
2346 4120 2581 4175 caedem.

2129 4191 2171 4224 ¹⁰
2202 4191 2449 4256 Quidam
2481 4208 2649 4256 mss.,
2697 4192 2761 4245 In
2816 4191 2950 4245 villa
2996 4190 3284 4245 remotiore
3306 4188 3567 4243 secretius
3597 4186 3704 4241 ha-

2055 4261 2286 4339 bitabat,
2319 4263 2578 4339 secretior
2608 4261 2882 4339 manebat,
2935 4260 3033 4316 alii
3064 4261 3321 4339 remotior
3344 4259 3705 4339 secretiorque

2050 4335 2178 4403 fuit.
2230 4332 2451 4388 Meliori
2510 4350 2687 4389 sensu
2735 4336 2967 4403 cautam
3026 4331 3414 4403 recessionem
3472 4328 3706 4403 exhibet

2054 4400 2343 4474 impressa
2370 4403 2559 4471 lectio,
2594 4420 2712 4475 qua
2744 4420 2805 4475 se
2822 4402 3051 4475 Paulus
3080 4400 3464 4475 subtraxisse,
3496 4401 3704 4475 ac_Do-

2053 4470 2209 4529 mino
2269 4470 3035 4543 reservasSe'significatur,
3094 4478 3160 4527 ut
3207 4487 3344 4528 cum
3417 4470 3705 4543 Cypriano

2054 4544 2284 4616 loquar.
2325 4545 2467 4601 Vide
2515 4543 2856 4602 Tertulliani
2898 4544 3115 4600 librum
3145 4543 3211 4599 de
3255 4544 3402 4613 Fuga
3436 4544 3492 4597 in
3521 4557 3706 4614 perse-

2051 4618 2291 4672 cutione.
2664 4657 2671 4664 .

2123 4719 2189 4727 —
2210 4688 2273 4741 In
2304 4687 2512 4742 villam.
2551 4687 2613 4742 In
2651 4686 2781 4743 aliis
2812 4685 2980 4742 libris
3010 4702 3153 4741 mss.
3186 4687 3246 4741 In
3278 4684 3414 4739 villa
3442 4684 3707 4739 secretius

2053 4758 2358 4825 habitabat,
2392 4756 2499 4825 vel,
2552 4760 2613 4813 In
2642 4759 2777 4813 villa
2836 4759 3093 4814 remotior
3152 4756 3512 4881 secreléiorque
3563 4752 3699 4827 fuit.

3331 4842 3557 4880 ARTIAN.

3331 4842 3535 4880 ARTIAN
3544 4865 3557 4877 .

2122 4900 2160 4932 “
2193 4898 2315 4953 Duo
2347 4899 2540 4964 verba,
2572 4907 2631 4954 ut
2682 4901 2901 4964 assolet,
2935 4915 2968 4954 a
3018 4896 3247 4953 cunctis
3303 4897 3519 4952 nostris
3554 4911 3700 4950 mss.

2049 4968 2297 5042 aliisque
2314 4968 2493 5042 libris
2526 4970 2824 5035 absunt,et
2854 4969 3107 5042 expungi
3139 4967 3359 5042 malim.
3409 4967 3540 5042 Mox
3569 4965 3705 5037 qui-

2050 5041 2184 5096 dam
2197 5040 2219 5108 ,7
2257 5041 2327 5095 ad
2358 5040 2477 5098 haec
2506 5042 2747 5096 instabat
2776 5058 2790 5096 :

2049 5117 2201 5184 teres
2269 5112 2407 5166 editi
2499 5112 2789 5184 recipiunt
2848 5108 3313 5184 “imaiutantque
3370 5108 3700 5184 amplius;

2049 5182 2377 5249 Crudelitas,
2422 5199 2541 5253 qum
2593 5178 2860 5253 pietatem
2916 5178 3232 5238 videbatur'
3274 5178 3519 5253 imittirif
3590 5178 3704 5253 _S_ed

2050 5249 2750 5325 prmierenda‘impressa,
2808 5256 3259 5325 quamﬂconslat
3300 5267 3369 5306 ex
3402 5250 3566 5325 Floro
3597 5249 3701 5305 lib.

2051 5320 2294 5405 iil,_cap.
2355 5326 2409 5385 5,
2448 5320 2563 5405 Δ(1ιὲΔ
2595 5320 2932 5405 Mithridate
2991 5324 3408 5405 Hieronymum
3466 5320 3705 5405 elegan-
3810 5364 3821 5375 .

2048 5392 2276 5451 tissime
2339 5397 2676 5450 mutuatum
2709 5413 2722 5451 :
2754 5419 2782 5445 «
2845 5397 3077 5462 Aderat,
3135 5392 3429 5459 instabat;
3462 5392 3704 5463 saevitia,

2047 5466 2226 5538 quasi
2247 5464 2482 5538 virtute,
2519 5466 2821 5538 utebatur.
2850 5490 2877 5516 ››

2123 5538 2165 5571 ¹²
2192 5536 2410 5603 Aderat,
2444 5538 2704 5594 instabat.
2765 5536 2967 5594 Plures
3018 5535 3248 5593 codices
3278 5534 3517 5608 legunt:
3554 5556 3582 5585 ‹‹
3613 5532 3701 5589 Ad

2833 5038 3011 5113 quam
3044 5038 3351 5095 lectionem
3381 5038 3580 5113 etiam
3610 5053 3704 5093 ve-
3787 5091 3791 5095 .
