4106 6164
468 214 546 284 li

1537 216 1724 289 VITA
1767 223 1833 286 s.
1868 192 2113 287 'PAUL-l
2159 217 2381 284 PRIMI
2424 215 2823 283 susurra.

545 353 594 415 5
618 356 675 414 5.
703 354 933 414 Furtwa
960 363 1192 416 moneta
1218 356 1464 429 ofﬁcina.
1498 385 1568 400 —
1598 357 1761 422 Quod
1810 357 1911 413 ubi
1972 373 2114 429 pru-
2146 356 2198 422 Α
2229 355 2404 411 eremi
2438 359 2621 427 parte,
2654 371 2779 425 quae
2802 353 2975 424 juxta
3032 349 3260 425 Syriam
3321 348 3631 410 Saracenis
3676 346 3878 425 jungi-

469 446 862 504 dentissimus
889 446 1227 504 adolescens
1257 445 1560 515 intellexit,
1593 448 1665 504 ad
1700 446 1991 504 montium
2025 447 2120 502 de-

468 541 631 592 serta
648 536 1013 610 confugiens,
1048 536 1193 593 dum
1223 536 1648 609 persecutionis
1679 538 1853 593 finem
1882 540 2117 608 praesto-

467 624 696 681 laretur
709 626 814 697 [Αἰ.
834 624 1170 697 ρτωεῑοιειῑιι
1180 627 1249 697 r],
1265 626 1668 681 necessitatem
1686 626 1743 680 in
1760 624 1888 679 volu
1900 629 2116 679 ntatem

464 714 661 782 vertit,
694 730 761 769 ac
789 713 1073 786 paulatim
1104 714 1501 787 progrediens,
1555 730 1877 785 rursusque
1923 713 2117 769 subsi-

469 806 691 869 stens‘,
722 807 899 874 atque
929 802 1037 858 hoc
1093 803 1249 858 idem
1305 803 1522 874 saepius
1582 804 1819 869 faciens,
1882 803 2116 858 tandem

466 892 687 963 reperit
714 907 956 948 saxeum
977 892 999 926 ³
1030 897 1308 958 montem,
1340 892 1412 946 ad
1444 891 1617 961 cujus
1677 892 1902 947 radices
1958 891 2115 946 haud

466 981 711 1054 grandis
739 979 1021 1052 spelunca
1049 980 1242 1053 lapide
1272 981 1670 1036 claudebatur.
1720 982 1842 1047 Quo
1896 984 2116 1036 remoto

466 1070 560 1141 (ut
586 1074 677 1125 est
728 1068 1022 1140 cupiditas
1075 1068 1384 1124 hominum
1452 1068 1678 1125 occulta
1725 1070 2114 1141 cognoscere),

467 1158 699 1213 avidius
726 1157 1057 1228 explorans,
1078 1158 1488 1213 animadvertit
1516 1158 1677 1213 intus
1705 1159 1925 1230 grande
1950 1158 2119 1213 vesti-

468 1246 701 1313 bulum,
733 1246 887 1318 quod
917 1250 1118 1318 aperto
1147 1247 1400 1318 desuper
1435 1245 1599 1313 caelo,
1652 1245 1867 1318 patulis
1905 1246 2119 1302 diﬂ‘usa

476 1335 660 1391 ramis
696 1339 861 1391 vetus
898 1333 1097 1406 palma
1153 1339 1503 1402 contexerat,
1556 1335 1774 1391 fontem
1822 1334 2116 1390 lucidissi-

473 1440 639 1480 mum
669 1423 1060 1479 ostendenssz
1094 1425 1261 1494 cujus
1301 1423 1488 1478 rivum
1518 1424 1926 1479 tantummodo
1963 1425 2116 1480 foras

466 1516 897 1585 erumpentem,
929 1512 1129 1568 statim
1159 1511 1389 1567 modico
1421 1512 1725 1579 foramine,
1761 1513 1963 1568 eadem
1987 1530 2113 1584 qure

463 1605 772 1676 genuerat,
802 1617 988 1672 aquas
1036 1606 1191 1656 terra
1245 1600 1539 1656 sorbebat.
1606 1602 1782 1657 Erant
1838 1606 2116 1672 praeterea

467 1706 572 1764 per
602 1706 841 1792 exesum
864 1689 970 1792 [τιεί.
995 1690 1258 1792 saxeum]
1291 1695 1550 1788 montem
1573 1690 1730 1792 haud
1756 1707 1941 1762 pauca
1955 1690 2114 1792 b'a‘bi-
2146 1728 2192 1792 B

467 1778 689 1845 tacula,
727 1780 787 1833 in
820 1778 1036 1850 quibus
1058 1778 1275 1833 scabrae
1325 1780 1452 1849 jam
1504 1779 1745 1834 incudes
1790 1785 1847 1833 et
1898 1778 2112 1846 mallei,

466 1868 685 1941 quibus
716 1866 965 1939 pecunia
990 1866 1278 1939 signatur,
1311 1867 1667 1923 visebantur.
1704 1867 1866 1922 Hunc
1921 1867 2114 1923 locum

466 1956 864 2031 Egyptiorum
894 1955 1100 2011 litterae
1133 1955 1345 2022 terunt,
1381 1956 1650 2011 furtivam
1685 1960 1928 2012 moneta:
1984 1956 2115 2012 ofﬁ-

469 2046 663 2102 cinam
694 2044 898 2112 fuisse,
927 2060 996 2101 ea
1024 2047 1370 2116 tempestate
1391 2061 1507 2117 qua
1531 2042 1846 2116 Cleopatra:
1870 2046 2114 2116 junctus

472 2140 565 2190 est
590 2133 902 2190 Antonius.

538 2225 594 2279 6.
626 2222 812 2296 Igitur
829 2222 1098 2277 adamato
1126 2222 1313 2293 (quasi
1347 2222 1502 2294 quod
1535 2239 1568 2277 a
1607 2222 1722 2278 Deo
1782 2223 1894 2278 sibi
1953 2224 2119 2278 offer-

470 2313 652 2381 retur)
679 2309 1014 2366 habitaculo
1035 2311 1076 2375 ‘,
1108 2326 1341 2365 omnem
1374 2311 1588 2366 ibidem
1640 2312 1697 2366 in
1756 2311 2118 2367 orationibus

468 2406 528 2458 et
555 2398 877 2456 solitudine
908 2398 1070 2454 duxit
1101 2404 1351 2454 aetatem.
1386 2400 1593 2455 Cibum
1617 2406 1674 2455 et
1704 2401 2117 2456 vestimentum

430 2518 435 2519 ί
473 2490 527 2546 ei
558 2488 750 2562 palma
779 2488 1093 2560 praebebat.
1126 2488 1287 2551 Quod
1320 2504 1392 2543 ne
1421 2489 1513 2543 cui
1546 2487 1910 2561 impossibile
1932 2490 2119 2545 videa-

476 2581 596 2643 tur,
622 2576 818 2633 Jesum
852 2580 1036 2632 testor
1064 2580 1121 2632 et
1164 2582 1399 2632 sanctos
1457 2575 1697 2649 angelos
1754 2579 1882 2648 ejus
1938 2578 1996 2632 in
2054 2595 2122 2633 ea

473 2701 597 2757 haec
624 2701 903 2766 instabat,
937 2700 1279 2756 crudelitate
1306 2700 1477 2827 ﬁuasl
1514 2700 1723 2774 pietate
1763 2703 2053 2757 utebatur.
2094 2726 2120 2751 ››

473 2773 636 2827 Ouod
671 2789 739 2827 ex
770 2772 940 2827 Floro
971 2776 1279 2827 mutuatur
1360 2773 1694 2827 ieronvmus
1720 2790 1733 2827 :
1758 2790 1891 2827 cum
1916 2775 1978 2827 L.
2004 2775 2120 2827 Flo-

471 2773 636 2845 Quod
671 2789 739 2829 ex
770 2772 951 2845 Floro
971 2776 1279 2845 mutuatur
1306 2772 1694 2845 Hieronymus
1720 2790 1733 2829 :
1758 2790 1891 2829 cum
1916 2775 1978 2828 L.
2004 2775 2123 2830 Flo-

472 2861 577 2900 rus
605 2842 709 2899 lib.
741 2861 831 2910 ιιι,
865 2860 916 2898 c.
941 2844 998 2909 5,
1027 2844 1112 2899 sic
1161 2843 1408 2899 habeat:
1473 2868 1500 2894 ‹‹
1526 2842 1784 2910 Ἀόθι-ιιῐ,
1846 2846 2120 2911 instabat,

471 2914 707 2983 saevitia,
742 2914 913 2987 quasi
941 2913 1159 2970 virtute
1196 2916 1501 2987 utebatur.
1524 2939 1551 2963 ››
1584 2917 1859 2971 Erasmus
1890 2922 1946 2972 et
2003 2917 2122 2972 Ma-

473 2987 677 3042 rianus
700 2987 758 3041 id
792 2988 1133 3059 ignorantes
1164 2986 1337 3059 aliam
1375 2986 1680 3059 lectionem
1737 2989 2122 3057 confixerunt,

474 3074 723 3130 nempe:
756 3080 784 3130 ε(
814 3056 903 3111 λὰ
937 3057 1081 3130 haec,
1110 3056 1388 3130 instabat,
1423 3058 1740 3114 crudelitas
1774 3077 1898 3129 qua:
1944 3056 2124 3129 pieta-

475 3132 595 3185 tem
617 3128 933 3185 videbatur
962 3128 1199 3183 imitari.
1235 3152 1262 3179 η
1731 3128 2017 3185 uiam.

553 3200 707 3256 ‘Pro
754 3202 1057 3271 subsistens
1105 3205 1226 3271 tres
1283 3198 1513 3271 Regina:
1571 3198 1703 3254 libri
1761 3202 2129 3265 tantumdem,

479 3288 660 3344 quam
691 3287 919 3344 _vocem
973 3270 1153 3344 priori
1218 3270 1471 3344 minime
1547 3270 1783 3344 exclusa
1862 3280 2128 3327 nostrum

484 3341 780 3414 exemplar
809 3342 1172 3414 sicgretinet:
1208 3343 1517 3414 Rursusque
1543 3343 1838 3398 subsistens
1885 3349 2127 3399 tantum-

487 3412 824 3484 demfatque
857 3412 1005 3468 idem
1045 3415 1262 3486 saepiat,
1323 3412 1433 3470 etc.
1494 3413 1569 3468 M.
1631 3414 1785 3480 Ven,
1840 3416 2133 3486 procedens

486 3501 782 3558 rursusque
811 3484 1172 3558 tantumdem.

450 3615 455 3619 _
536 3558 585 3626 θ’
614 3554 756 3610 Mss.
787 3555 1023 3626 quidem
1054 3557 1319 3622 (recisum,
1353 3554 1449 3609 alii
1484 3555 1661 3610 etiam
1695 3556 1834 3611 editi
1886 3573 2129 3619 exesum,

493 3625 573 3681 al.
607 3625 895 3682 extensum.
929 3626 1149 3681 Verum
1204 3642 1433 3681 saxeum
1469 3632 1654 3694 ,vocat
1708 3627 1803 3682 hic
1859 3633 1914 3681 S.
1967 3629 2134 3683 Pater

485 3696 824 3770 elegantiss.
852 3696 1256 3770 Sallustiuslin
1287 3697 1598 3769 Jugurtha.
1634 3715 1683 3752 c.
1742 3700 1847 3752 9‘2:
1914 3722 1941 3748 ‹‹
1999 3700 2133 3753 Erat

484 3767 916 3840 intérﬁceteram
981 3767 1285 3840 planitiem
1345 3767 1533 3840 mons,
1572 3786 1801 3831 saxeus,
1855 3770 2130 3825 mediocri

484 3839 723 3895 castello
746 3838 1147 3912 satispatens.
1173 3861 1201 3889 ››
1236 3840 1458 3903 Quibus
1490 3838 1708 3895 similia
1738 3841 1965 3912 habent
2000 3842 2131 3895 Flo-

482 3928 584 3967 rus
640 3929 729 3975 ιιι,
788 3928 839 3966 c.
888 3911 942 3978 l,
976 3916 1032 3967 et
1083 3911 1396 3966 Frontinus
1454 3929 1537 3971 ιιι,
1570 3928 1619 3966 c.
1651 3913 1705 3965 9.
1755 3911 1928 3966 Porro
1954 3911 2011 3965 in
2041 3928 2128 3967 se-

477 3982 821 4055 quentibus,
860 3982 1126 4038 omnium
1158 3998 1305 4055 quos
1336 3981 1694 4055 contulimus
1752 4000 1890 4038 mss.
1955 3984 2128 4055 ﬁdem

479 4051 657 4124 atque
685 4069 1042 4109 consensum
1067 4051 1231 4124 sequi
1270 4051 1628 4121 maluimus;
1682 4070 1917 4124 peccare
1974 4053 2130 4109 enim

482 4071 541 4108 at
585 4071 657 4108 ue
685 4071 1042 4109 consensum
1067 4071 1231 4124 sequi
1270 4071 1628 4121 maluimus;
1682 4071 1917 4124 peccare
1974 4071 2129 4109 enim

482 4071 759 4180 videntur
789 4124 1299 4196 nobisghucusque
1328 4124 1467 4196 editi
1500 4125 1743 4179 intrusis
1774 4125 2129 4196 quibusdam

483 4195 746 4264 vocibus,
775 4212 902 4267 quae
932 4194 1114 4251 alium
1155 4194 1349 4267 atque
1387 4194 1825 4250 incommodum
1889 4212 2130 4251 sensum

485 4268 756 4322 reddunt.
791 4266 819 4317 ἑ(
851 4267 937 4338 Ad
969 4268 1158 4338 cujus,
1191 4266 1487 4337 inquiunt,
1522 4267 1778 4338 radicem
1809 4267 1966 4321 haud
2002 4284 2130 4338 pro-

487 4338 580 4409 cul
600 4342 722 4409 erat
736 4337 976 4409 grandis
997 4337 1650 4409 spelunca,iquzelapide
1672 4337 2073 4409 claudebatur.
2106 4360 2131 4386 ››

487 4408 550 4465 In
582 4408 713 4464 aliis
738 4407 879 4464 mss.
928 4407 1085 4479 apud
1145 4408 1443 4464 Gravium.
1481 4407 1531 4457 «ί
1560 4407 1912 4479 Speluncam
1966 4409 2130 4474 vidit,

483 4482 653 4551 cujus
682 4496 750 4535 os
779 4478 939 4552 haud
970 4478 1182 4552 grandi
1207 4479 1400 4550 lapide
1451 4478 1852 4535 claudebatur.

482 4550 686 4619 etiam,
713 4551 823 4623 sed
855 4550 1090 4623 integro
1121 4551 1431 4623 utrobique
1460 4567 1638 4623 sensu
1665 4622 1670 4623 γ
1698 4556 1989 4623 manente,
2044 4569 2139 4605 va-

483 4623 641 4678 riant
669 4621 937 4693 plerique
968 4621 1111 4677 mss.
1149 4643 1176 4670 α
1208 4621 1282 4677 Ut
1336 4627 1425 4676 est
1480 4621 1773 4693 cupiditas
1832 4622 2139 4677 hominum

486 4694 719 4749 avidius
748 4693 989 4764 occulta,
1030 4708 1365 4764 agnoscere,
1424 4693 1841 4748 animadvertit
1896 4693 2076 4748 intus.
2109 4714 2134 4744 ι)

484 4764 812 4820 Veroneus.
842 4785 863 4813 ι
892 4762 1133 4836 Avidius
1182 4762 1408 4836 occulta
1438 4781 1790 4836 cognoscere
1804 4764 2139 4836 fcupiens.»

552 4837 576 4870 ³
606 4836 767 4891 Istud
809 4835 1092 4891 ostendens
1118 4835 1435 4906 opponitur
1467 4834 1814 4906 praecedenti
1878 4836 2139 4905 proxime

478 4908 657 4962 verbo
686 4909 1016 4977 contexerat.
1050 4904 1249 4960 Palma
1282 4904 1524 4971 scilicet,
1577 4924 1703 4977 quae
1760 4904 2013 4977 desupch
2048 4924 2136 4961 ra-

482 4978 601 5034 mis
644 4976 1000 5033 vestibulum
1056 4977 1418 5048 contegebat,
1472 4977 1777 5032 ostendebat
1836 4978 1905 5031 de
1965 4976 2137 5047 plano

478 5050 727 5114 fontem,
758 5047 814 5103 id
846 5054 934 5104 est
964 5047 1161 5119 ipsum
1184 5047 1297 5103 neu
1322 5052 1441 5103 tam
1465 5048 1694 5102 sinebat
1721 5048 1924 5111 videri,
1958 5065 2136 5119 quam

479 5123 687 5193 positu
712 5137 819 5193 suo
852 5120 979 5191 ipso
1010 5119 1327 5193 indicabat.
1360 5119 1684 5193 Adnotasse
1856 5119 2134 5193 oportuit,

480 5189 550 5247 ut
582 5191 725 5246 satis
755 5189 919 5245 ﬁeret
943 5207 1163 5261 nupero
1196 5191 1385 5246 Severi
1418 5189 1657 5261 Sulpicii
1690 5190 2023 5261 editori.qui
2060 5190 2140 5245 lo-

480 5279 619 5319 cum
651 5262 810 5316 bunc
840 5261 1079 5332 omnino
1110 5268 1449 5332 corruptum
1506 5266 1674 5331 putat
1734 5261 1986 5331 facitque
2048 5262 2134 5315 in-

480 5332 801 5405 telligendo
832 5337 897 5388 ut
927 5331 1073 5405 nihil
1105 5331 1757 5405 intelligat.7\_/eronens.
1793 5348 1904 5386 ms.
1937 5333 2138 5386 decur-

480 5403 676 5461 tatum
706 5404 815 5460 hac
846 5403 1005 5459 brevi
1028 5403 1534 5475 pericopeiverbis,
1568 5404 1722 5474 cujus
1752 5405 1953 5471 virum,
2001 5409 2134 5469 etc.,

481 5493 617 5533 mox
644 5478 1016 5548 erumpentem
1034 5474 1465 5548 statimimodic‘o
1505 5477 1800 5545 foramine,
1862 5479 1919 5530 et
1973 5476 2135 5530 deni-

478 5562 602 5621 que
632 5544 1061 5619 aquas,tantum
1091 5563 1208 5603 non
1238 5544 1520 5618 improbo.

1919 4504 1946 4527 ››
2008 4465 2140 4535 Mos
2172 4465 2215 4527 Π

2228 446 2381 513 tur“,
2413 449 2471 502 et
2501 444 2717 501 vidisse
2750 458 2843 500 me
2874 440 3219 511 menachos,
3252 445 3309 497 et
3346 443 3541 498 videre
3556 443 3598 508 ⁸,
3661 458 3692 498 e
3749 440 3881 513 qui-
3921 458 3935 472 ’

2227 536 2335 590 bus
2368 552 2522 590 unus
2558 551 2656 606 per
2700 532 2943 605 triginta
2996 549 3185 588 annos
3242 530 3499 599 clausus,
3558 530 3881 587 hordeaceo

2228 641 2374 696 pane
2406 630 2461 679 et
2492 622 2781 678 lutulenta
2833 639 2991 694 aqua
3020 620 3179 688 vixit,
3215 620 3360 676 alter
3416 620 3476 675 in
3528 620 3782 676 cisterna
3833 619 3882 674 ϐ

2228 713 2401 768 veteri
2434 713 2633 784 (quam
2666 711 2867 783 gentili
2894 726 3165 766 sermone
3188 710 3313 782 Syri
3347 709 3629 764 Gusnazu"
3650 706 3880 778 vocant)

2226 801 2484 873 quinque
2515 801 2720 856 caricis
2744 816 2845 871 per
2892 798 3160 871 singulos
3228 798 3353 853 dies
3412 797 3869 853 sustentabatur.

2228 890 2355 945 Haec
2384 889 2563 960 igitur
2612 887 2977 944 incredibilia
3031 887 3384 942 videbuntur
3438 886 3552 952 his,
3606 885 3707 958 qui
3761 901 3875 941 non

2226 978 2471 1033 credunt
2524 978 2721 1033 omnia
2779 976 3084 1049 possibilia
3141 992 3272 1031 esse
3330 974 3701 1031 credentibus
3750 973 3876 1047 [ma

2234 1069 2349 1122 Ver.
2384 1058 2682 1137 credenti).

2293 1157 2347 1210 7.
2412 1158 2559 1211 xEtas
2616 1155 2784 1210 Pauli
2839 1159 2889 1209 et
2948 1156 3197 1211 Antonii.
3259 1185 3326 1194 --
3372 1154 3485 1209 Sed
3561 1157 3628 1209 ut
3683 1153 3757 1209 ad
3819 1152 3880 1208 id

2226 1246 2458 1301 redeam
2492 1246 2646 1300 unde
2677 1245 2976 1316 digressus
3003 1260 3158 1310 sum,
3186 1260 3321 1299 cum
3345 1244 3472 1314 jam
3504 1248 3743 1298 centum
3765 1246 3879 1298 tre-

2224 1334 2411 1389 decim
2444 1351 2626 1390 annos
2660 1335 2862 1389 beatus
2897 1332 3110 1387 Paulus
3133 1333 3306 1387 vitam
3334 1334 3354 1365 θ
3386 1331 3683 1388 caelestem
3732 1347 3880 1403 age-

2226 1428 2311 1478 ret
2342 1424 2398 1477 in
2428 1422 2615 1491 terris,
2668 1426 2723 1476 et
2783 1421 3220 1493 nonagenarius
3278 1421 3337 1476 in
3396 1420 3511 1475 alia
3559 1419 3876 1475 solitudine

2222 1512 2508 1568 Antonius
2569 1516 2891 1566 moraretur
2941 1512 3028 1582 (ut
3084 1510 3208 1582 ipse
3281 1525 3541 1565 asserere
3611 1507 3879 1579 solebat),

2223 1601 2343 1656 haec
2376 1601 2434 1655 in
2465 1605 2720 1655 mentem
2754 1601 2883 1671 ejus
2913 1598 3187 1671 cogitatio
3222 1597 3448 1661 incidit,
3471 1596 3700 1652 nullum
3725 1596 3880 1652 ultra

2224 1706 2285 1744 se
2315 1690 2681 1760 perfectum9
2714 1687 3067 1745 monachum
3128 1687 3239 1758 [Αἰ.
3314 1685 3763 1755 monachorum]
3817 1683 3877 1739 in

2225 1794 2417 1833 eremo
2444 1776 2794 1832 consedisse.
2830 1780 2902 1830 At
2959 1775 3041 1830 illi
3100 1793 3203 1848 per
3266 1779 3495 1831 noctem
3555 1772 3878 1845 quescienti

2225 1867 2541 1922 revelatum
2574 1870 2662 1921 est
2692 1882 2819 1921 esse
2850 1864 3031 1919 alium
3064 1865 3309 1920 interius
3358 1865 3462 1936 [Αἱ.
3526 1862 3774 1919 ulterius
3830 1868 3883 1916 et

2226 1956 2283 2011 in
2314 1957 2511 2025 terris]
2546 1954 2732 2009 multo
2765 1972 2826 2009 se
2868 1954 3170 2009 meliorem
3229 1954 3298 2009 ad
3342 1970 3517 2026 quem
3568 1952 3876 2008 visendum

2224 2045 2459 2101 deberet
2482 2044 2791 2115 proficisci.
2820 2042 2978 2098 Illico
3002 2042 3508 2114 erumpenteluce,
3533 2038 3878 2098 venerabilis

2226 2150 2400 2191 senex
2425 2133 2691 2188 inﬁrmos
2724 2137 2888 2188 artus
2946 2131 3152 2187 baculo
3215 2135 3450 2205 regente
3508 2135 3873 2198 sustentans,

2225 2222 2399 2295 coepit
2424 2223 2506 2278 ire
2535 2221 2678 2277 velle
2710 2239 2823 2293 quo
2856 2221 3170 2276 nesciebat.
3204 2226 3271 2275 Et
3311 2222 3434 2291 jam
3496 2220 3691 2276 media
3748 2218 3874 2275 dies

2226 2315 2509 2383 coquente
2540 2312 2791 2381 desuper
2821 2310 2941 2365 sole
2968 2310 3252 2376 servabat,
3290 2326 3393 2365 nec
3420 2313 3616 2364 tamen
3634 2326 3667 2364 a
3688 2311 3875 2380 ccepto

2227 2400 2432 2455 itinere
2452 2400 2854 2454 abducebatur
2890 2398 3029 2470 (Ver.
3065 2415 3169 2452 ms.
3191 2398 3610 2468 deducebatur]
3632 2398 3832 2453 dicens
3860 2411 3873 2449 :

2228 2488 2408 2543 Credo
2459 2489 2518 2541 in
2576 2488 2761 2543 Deum
2817 2503 3036 2553 meum,
3097 2488 3253 2557 quod
3311 2486 3452 2541 olim
3510 2501 3881 2552 conservum,

2230 2594 2404 2649 quem
2433 2576 2646 2631 mihi10
2670 2574 2961 2647 promisit,
3016 2575 3304 2630 ostendet.
3364 2575 3478 2629 Nec
3536 2575 3707 2647 plura
3761 2573 3880 2640 his,

2301 2702 2322 2827 Ξ
2354 2703 2459 2757 Ms.
2492 2701 2730 2767 Veron,
2767 2702 2937 2769 Quasi
2976 2702 3027 2754 si
3080 2719 3111 2754 a
3173 2703 3280 2756 Deo
3310 2702 3624 2772 .o/ferretur
3672 2703 3887 2760 habita-

2327 2790 2377 2827 ο.

2232 2790 2377 2829 cum.

2304 2846 2325 2879 ⁵
2356 2846 2414 2899 In
2445 2860 2507 2899 ea
2536 2846 2705 2899 eremi
2722 2848 2927 2915 parte,_
2952 2859 3077 2914 quae
3120 2846 3285 2915 jua'ta
3335 2846 3553 2915 Tyriam
3598 2844 3892 2901 Saracenis

2226 2918 2507 2988 jungitur.
2544 2916 2660 2988 lloc
2696 2913 2866 2969 modo
2916 2913 3166 2988 legimus
3230 2915 3289 2969 in
3349 2913 3583 2988 duobus
3626 2917 3889 2988 antiquis

2234 2986 2667 3067 exemplaribus
2701 3003 2845 3067 mss.
2881 2986 3431 3067 un'de‘eo‘mpertum
3455 2986 3887 3067 nobis_estHie-

2188 3098 2199 3118 ι
2240 3057 2549 3129 ronymum
2584 3057 2771 3111 Vitam
2808 3057 2965 3115 Pauli
2991 3057 3324 3129 edidissein
3356 3073 3570 3114 eremo.
3595 3058 3883 3115 ΜΑιιτιΑΝ.

2312 3131 2332 3164 θ
2356 3128 2605 3185 L‘omma
2626 3129 2782 3182 istud
2814 3136 2862 3182 et
2885 3130 3063 3201 uidere
3093 3145 3209 3183 non
3241 3128 3460 3201 habent
3489 3130 3603 3184 duo
3648 3130 3886 3201 Regina:

2242 3218 2383 3272 mss.
2419 3201 2516 3272 qui
2552 3204 2743 3254 tamen
2773 3198 2952 3272 paulo
2983 3205 3115 3269 post
3143 3217 3276 3255 cum
3335 3200 3680 3265 Veronensi,
3714 3198 3889 3272 atque

2240 3271 2369 3326 aliis
2403 3270 2462 3326 in
2495 3271 2734 3325 instanti
2770 3270 2973 3341 legunt
3004 3273 3154 3333 vivit,
3189 3275 3364 3342 atque
3423 3272 3575 3327 infra
3617 3270 3889 3328 sustenta-

2241 3348 2354 3409 tur,
2389 3360 2566 3423 quam
2591 3342 2896 3423 lectionem
2918 3343 3104 3397 doctis
3127 3341 3295 3423 _viris,
3320 3348 3377 3398 et
3399 3343 3688 3423 praecipue
3718 3344 3890 3423 Tille-

2242 3361 2354 3409 llu‘,
2390 3361 2566 3423 quam
2593 3361 2896 3423 ιοοιιυιιιξῐῐι
2918 3361 3104 3397 (ιοοιιε
3135 3361 3295 3408 νιῐῚΒ,
3320 3361 3377 3398 Cl.
3399 3361 3688 3467 \H‘EECIPUB
3718 3361 3890 3399 'nue-

2242 3420 2462 3468 montio
2496 3415 2727 3483 probari
2760 3430 2981 3468 seimus
3007 3431 3020 3480 ;
3046 3414 3145 3468 sed
3179 3430 3292 3468 non
3350 3432 3401 3468 at
3428 3431 3492 3469 eo
3549 3418 3890 3471 contextum

2240 3486 2517 3540 duximus
2544 3485 3001 3539 immutandum.

2310 3558 2327 3590 7
2363 3556 2639 3628 Equidem
2666 3556 2917 3610 arbitror
2936 3572 3051 3610 non
3076 3560 3323 3628 Genuam
3346 3556 3521 3628 Syros
3542 3557 3745 3628 gentili
3770 3574 3892 3612 ser-

2242 3626 2660 3709 mone’dicere.
2689 3627 2789 3681 sed
2853 3627 3348 3709 quemadmodum
3394 3626 3699 3709 Victorius
3756 3628 3897 3708 legit

2258 3700 2528 3770 Kuenam,
2558 3716 2807 3769 qua-vox
2833 3697 3166 3763 cisternam,
3201 3697 3469 3770 lacunam
3504 3698 3713 3770 hisque
3729 3697 3894 3753 simi-

2251 3769 2330 3824 lia
2360 3768 2672 3840 signiiicut.
2707 3770 2864 3833 Quod
2902 3774 3095 3823 autem
3131 3769 3303 3823 etiam
3335 3768 3392 3822 in
3424 3768 3636 3825 Jerem'.
3660 3787 3787 3841 cap.
3834 3787 3893 3825 v1

2248 3842 2427 3896 tradit
2458 3841 2722 3896 Gubbam
2757 3842 2895 3911 Syro
2917 3846 2974 3895 et
3005 3841 3283 3895 llebraico
3310 3856 3578 3896 sermone
3595 3842 3895 3897 cisternam

2246 3911 2552 3983 appellari,
2587 3911 3117 3985 pronuntiationem
3159 3912 3443 3985 Syrorum
3470 3912 3558 3985 sui
3610 3912 3890 3985 temporis

2244 3982 2492 4037 fertasse
2525 3982 2859 4053 respexerit,
2895 3988 2950 4037 et
2976 3982 3212 4053 quidem
3247 4000 3279 4037 a
3309 3982 3575 4039 Chaldaeo
3602 3982 3751 4048 Nai
3792 3984 3891 4039 de-

2243 4053 2384 4127 duci
2411 4054 2614 4127 possit,
2650 4055 2800 4127 quod
2826 4056 3063 4127 foveam
3095 4053 3368 4127 etlacum
3420 4054 3747 4127 significat,
3777 4054 3890 4127 sed

2243 4124 2520 4178 nihiltale
2549 4140 2657 4177 vox
2689 4123 2790 4177 illa
2819 4124 3079 4195 Syriace.
3102 4124 3165 4178 Id
3225 4141 3395 4195 porro
3450 4123 3623 4180 etiam
3680 4126 3895 4180 addere

2243 4196 2451 4267 placet,
2485 4195 2823 4267 hujusmodi
2858 4194 3196 4260 monachos,
3228 4194 3354 4267 qui
3383 4212 3444 4267 se
3475 4196 3745 4251 cisternis
3792 4196 3888 4251 in-

2242 4265 2575 4327 cludebant,
2608 4266 2802 4320 Graece
2833 4272 3141 4330 ἐγιλείστους
3171 4265 3470 4336 appellari.

2312 4340 2331 4372 ⁸
2354 4340 2507 4392 Idem
2541 4338 2646 4391 Ms.
2681 4339 2823 4391 Cum
2844 4338 2967 4408 jam
2994 4338 3283 4391 crmtcsimo
3314 4336 3696 4392 tertiodecimo
3749 4341 3899 4395 aeta-

2248 4411 2317 4463 tis
2347 4426 2459 4463 suis
2490 4425 2635 4464 anno
2668 4411 2852 4475 vitam,
2887 4413 3019 4474 etc.,
3054 4408 3180 4477 ipso
3228 4408 3615 4479 praetermisso
3664 4409 3900 4464 nomine

2252 4482 2449 4535 Beatus
2476 4480 2710 4533 Paulus.

2322 4554 2345 4584 θ
2373 4551 2496 4605 Vox
2525 4550 2722 4605 isthmc
2750 4551 3076 4620 perfectum,
3104 4566 3279 4620 quam
3303 4549 3362 4605 in
3382 4549 3541 4605 nullo
3569 4566 3680 4605 ms.
3713 4566 3900 4605 exem-

2252 4621 2398 4691 plari
2432 4622 2784 4685 invenimus,
2820 4621 2985 4693 facile
3017 4622 3269 4693 expungi
3302 4625 3518 4692 posset,
3552 4622 3688 4689 nisi,
3739 4621 3895 4693 quod

2250 4693 2450 4747 statim
2480 4693 2697 4757 subdit,
2734 4692 3049 4746 revelatum
3082 4708 3210 4747 esse
3224 4692 3411 4747 alium
3434 4693 3669 4747 ulterius
3721 4692 3893 4747 multo

2248 4779 2301 4817 se
2359 4765 2659 4825 meliorem,
2730 4764 3075 4834 suti‘ragium
3145 4763 3550 4834 qualecunque
3632 4762 3890 4817 adderet.

2249 4834 2400 4889 Olim
2462 4852 2567 4889 nos
2618 4836 2973 4905 putabamus
3016 4834 3127 4903 legi
3181 4835 3389 4889 debere
3452 4836 3777 4957 pro{cctum,
3826 4838 3892 4889 ut

2250 4923 2460 4957 sensus
2490 4911 2717 4957 tantum
2750 4911 2925 4957 esset-
2961 4905 3210 4957 multum
3246 4905 3397 4957 ultra
3427 4905 3541 4957 Pau
3572 4921 3671 4957 um
3704 4904 3762 4957 in
3802 4904 3892 4957 in-

2250 4923 2460 4958 sensus
2490 4904 2717 4959 tantam
2750 4911 2925 4971 esset,
2961 4905 3210 4958 multum
3246 4905 3397 4960 ultra
3427 4904 3671 4958 Paulum
3704 4904 3762 4958 in
3802 4904 3893 4959 in-

2248 4979 2490 5030 lt'riures
2566 4976 2993 5047 penitioresque
3059 4975 3236 5028 eremi
3292 4979 3486 5047 partes
3536 4976 3891 5046 profecisse;

2249 5050 2401 5120 quod
2440 5046 2767 5120 monitisque
2797 5049 2937 5120 adeo
2971 5048 3310 5120 probamus.
3362 5046 3653 5102 Mulumus
3699 5051 3894 5120 autem

2247 5117 2377 5173 cum
2415 5137 2523 5171 ius.
2566 5118 2776 5171 Veron.
2810 5117 2919 5188 legi
2953 5118 3171 5188 nullum
3202 5118 3347 5171 ultra
3401 5134 3458 5173 se
3508 5118 3899 5174 momwhorum

2248 5192 2303 5244 in
2334 5207 2532 5255 eremo,
2568 5194 2677 5242 etc.
2708 5190 2902 5243 Tertio
2935 5188 3005 5241 ab
3033 5187 3140 5242 hoc
3173 5205 3342 5244 versu
3371 5206 3472 5260 pro
3503 5190 3717 5246 deberet
3771 5205 3896 5260 pro-

2246 5262 2422 5330 ﬁsciri
2454 5260 2628 5314 habet
2658 5260 2812 5313 idem
2845 5275 2957 5316 ms.
2987 5276 3281 5330 properare
3309 5261 3538 5316 deberet.

2320 5334 2360 5365 ιο
2388 5332 2657 5402 Quinque
2690 5347 2831 5385 mss.
2858 5330 2996 5402 quod
3020 5347 3236 5385 servum
3282 5348 3463 5397 suum,
3523 5347 3680 5402 quem
3732 5330 3897 5402 mihi,

2245 5407 2353 5457 etc.
2391 5419 2565 5473 quam
2589 5401 2897 5475 lectionem
2928 5401 3104 5457 etiam
3135 5402 3427 5458 Victorius
3458 5401 3686 5475 probat,
3714 5401 3898 5475 priori

2245 5490 2371 5545 qua:
2398 5480 2537 5529 tunc
2568 5473 2890 5542 obtinebat,
2921 5479 3227 5547 expuncto,
3252 5477 3381 5544 quia
3409 5473 3549 5546 quod
3575 5473 3893 5532 mihi—servo

2242 5561 2340 5603 suo
2366 5547 2642 5617 promisit.
