4118 6158
366 243 449 312 23
1605 242 1669 317 s.
1717 234 2027 318 ansam
2067 234 2537 314 mancum.

3591 333 3597 337 τ
3679 239 3765 308 ﬂ

369 383 656 457 conspicit
708 384 818 458 [Αἰ.
880 382 1269 459 conspicatur.
1330 385 1451 443 Ver.
1508 402 1636 453 ms.,
1712 385 2015 460 centauro]
2041 383 2097 449 Α
2127 383 2361 458 gatione
2389 383 2604 456 fungor
2631 381 2825 457 gregis
2856 378 2989 439 mei.
3020 383 3341 438 Precamur
3362 376 3432 435 ut
3456 392 3565 452 pro
3595 378 3768 447 nobis

369 474 666 530 hominem
696 491 846 547 equo
877 475 1143 551 mistum,
1173 475 1268 532 cui
1298 476 1493 549 opinio
1524 481 1824 549 poetarum
1868 476 2005 548 Hip-

368 564 1136 636 pocentauro‘vocabulum
1179 566 1413 621 indidit.
1477 568 1599 632 Quo
1657 566 1801 631 viso,
1856 565 2011 621 salu-

370 652 522 709 taris
550 653 937 725 impressione
970 654 1123 727 signi
1142 658 1331 710 armat
1349 655 1595 710 frontem
1622 671 1634 708 ε
1668 655 1737 709 Et
1757 654 1902 709 heus
1925 659 2012 720 tu,

367 741 581 813 inquit,
613 760 869 815 quanam
894 744 954 799 in
986 750 1155 816 parte
1180 743 1274 799 hic
1333 761 1535 799 servus
1590 743 1691 798 Dei
1743 742 2016 798 habitat?

365 832 439 885 At
467 830 564 885 ille
594 832 913 887 barbarum
946 833 1141 888 nescio
1175 833 1312 904 quid
1356 833 1712 898 infrendens,
1746 836 1803 887 et
1859 832 2014 887 fran-

367 935 511 992 gens
540 922 741 993 potius
765 922 940 976 vcrba
971 938 1149 993 quam
1183 921 1557 994 proloquens,
1587 921 1739 975 inter
1775 919 2014 976 horren-

365 1008 450 1064 tia
479 1026 579 1065 ora
612 1010 751 1065 setis
779 1012 819 1075 ⁸,
882 1009 1162 1066 blandum
1222 1008 1487 1082 qumsivit
1539 1009 1883 1082 alloquium.
1946 1010 2018 1064 Et

367 1098 609 1154 dexterae
642 1098 1011 1170 protensione
1054 1116 1265 1154 manus
1318 1098 1581 1171 cupitum
1613 1098 1833 1154 indicat
1884 1100 2013 1169 iter,

365 1192 426 1242 et
480 1188 564 1243 sic
621 1191 887 1260 patentes
950 1190 989 1243 7
1050 1204 1290 1259 campos
1345 1186 1563 1243 volucri
1608 1188 2015 1244 transmittens

368 1276 526 1346 iuga,
557 1293 624 1330 ex
646 1276 831 1331 oculis
850 1276 1118 1332 mirantis
1144 1277 1397 1331 evanuit.
1421 1276 1640 1331 Verum
1672 1277 1793 1332 haec
1817 1281 2013 1332 utrum

368 1363 642 1419 diabolus
673 1364 743 1419 ad
777 1365 1114 1420 terrendum
1163 1381 1298 1420 eum
1357 1364 1739 1430 simulaverit,
1800 1382 1872 1420 an
1926 1369 2015 1434 (ut

370 1451 537 1521 solet)
581 1469 813 1509 oremus
871 1458 1382 1509 monstruosorum
1441 1453 1786 1510 animalium
1836 1455 2011 1520 ferax,

366 1539 542 1597 istam
565 1558 796 1613 quoque
825 1540 1022 1614 gignat
1055 1543 1324 1607 bestiam,
1357 1544 1641 1598 incertum
1702 1542 2008 1599 habemus.

436 1633 488 1684 8.
521 1632 701 1685 Fauni
728 1634 779 1685 et
810 1630 1015 1703 Satyri.
1041 1630 1269 1703 Satyrus
1296 1633 1501 1687 allatus
1548 1633 1701 1687 vivus
1764 1633 2009 1688 ﬂexan-

2124 488 2495 530 eommunem
2525 472 2836 529 Dominum
2867 471 3215 544 depreceris,
3274 482 3451 541 quem
3494 468 3567 523 ‘in
3610 470 3768 541 (Ver.

2122 568 2259 619 tacet
2288 579 2462 635 quem
2494 562 2574 635 in]
2607 562 2860 619 salutem
2892 561 3097 618 mundi
3119 560 3260 617 olim
3288 558 3519 616 venisse
3550 575 3765 633 cogno-

2122 652 2347 720 vimus;
2373 650 2507 706 etin
2533 651 2865 708 universam
2893 655 3108 707 terram
3138 648 3276 705 exiit
3300 664 3487 705 sonus
3540 649 3697 721 ejus.
3741 670 3770 699 »

2122 740 2285 796 Talia
2316 757 2381 796 eo
2412 739 2704 812 loquente,
2737 739 3028 813 longaevus
3056 739 3244 795 viator
3272 737 3523 794 ubertim
3556 736 3765 793 faciem

2124 828 2398 902 lacrymis
2428 829 2674 901 rigabat,
2706 845 2856 900 quas
2884 827 3228 901 magnitudo
3274 825 3487 883 laetitias
3543 825 3766 882 indices

2124 919 2315 974 cordis
2347 918 2650 974 effuderat.
2678 918 2979 973 Gaudebat
3006 916 3221 990 quippe
3249 916 3322 971 de
3376 914 3594 971 Christi
3641 914 3765 988 glo-

2124 1007 2231 1073 ria,
2263 1012 2321 1062 et
2360 1008 2433 1063 de
2491 1005 2728 1062 interitu
2784 1006 3049 1062 Satanae:
3105 1004 3402 1077 simulque
3440 1004 3761 1072 admirans,

2125 1096 2281 1168 quod
2313 1097 2440 1167 ejus
2473 1100 2671 1168 posset
2698 1094 3020 1167 intelligere
3049 1109 3400 1161 sermonem,
3442 1098 3501 1148 et
3554 1092 3764 1150 baculo

2123 1185 2373 1240 humum
2403 1183 2755 1256 percutiens,
2783 1184 3010 1239 aiebat:
3041 1202 3063 1231 ι
3095 1183 3193 1239 Vae
3226 1182 3353 1253 tibi,
3390 1181 3761 1249 Alexandria,

2124 1290 2255 1345 quae
2313 1290 2415 1345 pro
2472 1273 2586 1329 Deo
2662 1276 2949 1345 portenta,
2991 1271 3304 1328 veneraris.
3361 1270 3458 1327 Ve
3525 1271 3655 1339 tibi,
3708 1271 3761 1328 '8

2121 1362 2323 1419 civitas
2348 1362 2641 1429 meretrix,
2658 1362 2715 1416 in
2738 1378 2918 1433 quam
2937 1361 3116 1417 totius
3139 1361 3298 1416 orbis
3319 1360 3609 1415 dmmonia
3634 1376 3766 1416 con-

2092 1451 2359 1523 ﬂuxere.
2389 1450 2537 1514 Quid
2570 1466 2725 1506 nunc
2753 1451 2986 1506 dictura
3032 1466 3095 1506 es
3118 1450 3146 1504 ?
3206 1449 3410 1505 Bestia
3465 1448 3765 1505 Christum

2120 1538 2463 1611 loquuntur,
2497 1544 2554 1595 et
2581 1544 2644 1594 tu
2672 1556 2774 1612 pro
2830 1539 2947 1595 Deo
3005 1542 3277 1612 portenta
3326 1537 3623 1595 veneraris
3655 1538 3698 1592 τ.
3737 1561 3759 1590 ι

2121 1628 2379 1685 Necdum
2428 1628 2602 1684 verba
2648 1627 3055 1700 compleverat,
3109 1630 3166 1683 et
3222 1627 3393 1701 quasi
3450 1627 3767 1700 pennigero

365 1719 566 1774 driam.
602 1751 665 1761 -
692 1720 945 1792 Stupens
973 1719 1171 1792 itaque
1201 1720 1508 1789 Antonius,
1541 1726 1598 1775 et
1645 1722 1716 1776 de
1746 1737 1811 1777 eo
1851 1721 2008 1793 quod
2046 1750 2094 1815 B
2124 1716 2318 1774 volatu
2352 1716 2647 1791 petulcum
2680 1717 2899 1773 animal
2927 1716 3173 1790 aufugit.
3207 1715 3325 1772 Hoc
3360 1733 3434 1773 ne
3492 1716 3769 1788 cuiquam

366 1807 590 1863 viderat
621 1824 820 1863 secum
850 1808 1107 1875 volvens,
1136 1808 1383 1864 ulterius
1426 1810 1823 1881 progreditur8
1871 1811 2014 1880 [Ver.

363 1913 467 1952 ms.
500 1898 981 1969 regrediebatur].
1016 1897 1132 1953 Nec
1165 1914 1348 1965 mora,
1377 1896 1532 1953 inter
1573 1914 1842 1954 saxosam
1875 1914 2017 1953 con-

364 1985 575 2042 vallem
607 1985 760 2042 haud
795 1986 1076 2059 grandem
1109 1985 1530 2043 homunculum
1560 1987 1738 2055 videt,
1772 1987 2017 2044 aduncis

365 2074 629 2143 naribus,
656 2075 843 2131 fronte
872 2076 1150 2131 cornibus
1177 2081 1465 2149 asperata,
1527 2077 1699 2148 cujus
1756 2080 2016 2132 extrema

367 2179 505 2236 pars
534 2163 793 2236 corporis
834 2164 893 2219 in
951 2180 1260 2236 caprarum
1319 2164 1495 2237 pedes
1542 2165 1866 2221 desinebat.
1926 2166 2011 2221 Ad

365 2251 477 2308 hoc
497 2253 781 2309 Antonius
804 2253 1253 2325 spectaculum‘,
1279 2256 1514 2309 scutum
1538 2254 1669 2310 fidei
1694 2258 1750 2310 et
1769 2253 2011 2311 loricam

367 2340 512 2413 spei,
544 2343 608 2396 ut
668 2341 856 2396 bonus
916 2340 1226 2413 praliator,
1283 2341 1563 2413 arripuit:
1624 2342 2009 2399 nihilominus

365 2433 755 2486 memoratum
785 2429 1025 2497 animal,
1060 2428 1388 2501 palmarum
1420 2430 1645 2486 fructus
1687 2430 1876 2486 eidem
1935 2433 2008 2487 ad

362 2518 662 2584 viaticum,
697 2518 867 2590 quasi
898 2518 1061 2591 pacis
1092 2518 1348 2584 obsides,
1378 2518 1655 2576 oll‘erebat
1703 2520 1810 2591 [Αἰ.
1870 2521 1979 2576 alfe
1999 2549 2011 2561 -

365 2608 571 2677 rebat].
604 2608 725 2672 Quo
756 2608 1009 2679 cognito,
1041 2608 1288 2679 gradum
1320 2608 1539 2680 pressit
1591 2608 1901 2675 Antonius,
1953 2614 2010 2664 et

365 2694 638 2768 quisnam
669 2699 821 2751 esset
850 2694 1237 2766 interrogans,
1272 2695 1381 2750 hoc
1412 2697 1484 2752 ab
1533 2712 1599 2752 eo
1658 2713 2005 2768 responsum

364 2783 622 2854 accepit:
664 2806 683 2833 ι
722 2781 983 2838 Mortalis
1013 2798 1117 2855 ego
1150 2799 1303 2850 sum,
1345 2787 1401 2838 et
1457 2800 1611 2839 unus
1672 2800 1739 2839 ex
1795 2785 2007 2841 accolis

362 2871 567 2938 eremi,
598 2888 746 2944 quos
775 2872 934 2926 vario
964 2870 1169 2926 delusa
1225 2887 1419 2927 errore
1476 2872 1800 2942 Gentilitas,
1859 2874 2005 2930 Fau-

363 2977 494 3028 nos,
526 2961 937 3033 Satyrosque“,
977 2963 1033 3015 et
1081 2959 1330 3015 Incubos
1384 2963 1633 3017 vocans0
1682 2962 1836 3018 colit.
1900 2963 2003 3019 Le-

2130 1808 2201 1863 ad
2232 1806 2702 1863 incredulitatem
2728 1808 2750 1842 ⁸
2782 1805 3123 1878 scrupulum
3166 1809 3412 1873 moveat,
3468 1806 3580 1861 sub
3635 1820 3769 1879 rege

2127 1896 2464 1952 Constantio
2491 1897 2532 1965 ⁸,
2581 1896 2853 1952 uuiverso
2910 1896 3130 1951 mundo
3186 1900 3358 1964 teste,
3417 1895 3766 1952 defenditur.

2123 1986 2270 2041 Nam
2283 1976 2691 2041 Alexandrﬁim
2707 1984 3039 2041 istiusmodi
3053 1984 3228 2040 homo
3242 1983 3408 2040 vivus
3427 1984 3767 2057 perductus,

2124 2090 2407 2147 magnum
2441 2073 2655 2146 populo
2686 2073 3089 2148 spectaculum
3121 2072 3403 2146 prmbuit:
3457 2077 3516 2130 et
3570 2076 3772 2147 postea

2122 2164 2367 2219 cadaver
2390 2162 2675 2229 exanime,
2705 2179 2776 2218 ne
2832 2162 3023 2218 calore
3078 2162 3301 2218 aestatis
3352 2160 3761 2234 dissiparetur,

2118 2252 2464 2324 salezinfuso
2499 2253 2637 2319 [ναν.
2669 2267 2773 2306 ms.
2806 2250 3066 2307 infusam
3113 2251 3212 2322 et],
3269 2250 3641 2307 Antiochiam
3698 2254 3764 2308 ut

2120 2341 2191 2397 ab
2221 2342 2571 2412 imperatore
2599 2339 2913 2409 videretur,
2946 2338 3191 2395 allatum
3218 2343 3326 2396 est.

2186 2430 2383 2498 9.:Sed
2414 2433 2480 2484 ut
2505 2428 2871 2500 propositum
2911 2443 3250 2500 persequar,
3302 2428 3587 2484 Antonius
3647 2444 3763 2484 cm-

2106 2524 2277 2590 ‘ptam
2307 2517 2602 2590 regionem
2636 2518 2679 2553 ³ο
2708 2518 3005 2590 pergebat,
3038 2517 3294 2573 ferarum
3326 2520 3563 2574 tantum
3598 2517 3771 2574 vesti-

2116 2607 2212 2679 gia
2239 2606 2501 2671 intuens,
2528 2609 2584 2661 et
2615 2606 2793 2661 eremi
2825 2604 3004 2661 latam
3031 2605 3383 2662 vastitatem.
3424 2605 3573 2671 Quid
3631 2621 3766 2679 age-

2117 2699 2222 2761 ret,
2246 2711 2361 2767 quo
2395 2698 2641 2750 verteret
2696 2695 2968 2766 gradum,
3015 2694 3329 2751 nesciebat.
3388 2694 3523 2752 1am
3582 2694 3767 2751 altera

2114 2783 2412 2839 efﬂuxerat
2452 2783 2597 2840 dies.
2661 2783 2937 2839 Restabat
2992 2799 3198 2850 unum,
3250 2787 3315 2839 ut
3366 2783 3559 2839 deseri
3606 2799 3669 2840 se
3732 2801 3768 2839 a

2114 2870 2342 2927 Christo
2374 2889 2488 2927 non
2522 2887 2694 2944 posse
2723 2871 3058 2928 confideret.
3082 2870 3301 2927 Pernox
3348 2871 3635 2928 secundas
3690 2871 3753 2926 in

2114 2962 2374 3017 oratione
2411 2961 2599 3033 exegit
2656 2960 2965 3017 tenebras:
3020 2963 3077 3017 et
3132 2959 3312 3017 dubia
3366 2959 3559 3017 adhuc
3602 2960 3752 3028 luce,

437 3086 453 3118 ί
487 3083 649 3139 Unus
679 3099 790 3139 ms.
815 3091 1244 3182 “euocentaurou
1276 3084 1354 3138 De
1408 3084 1749 3182 ‘huju‘smodi
1806 3094 1999 3182 autem
2031 3115 2075 3182 ο
2113 3083 2298 3182 pculis
2316 3101 2396 3182 ac
2425 3084 2707 3140 lustrasse
2743 3083 3012 3182 curosilus
3056 3083 3264 3182 ‘vivum
3322 3084 3595 3182 Satyrum
3643 3083 3754 3182 hu:

365 3155 617 3239 duarum
674 3154 995 3239 specierum
1051 3159 1315 3239 monstro
1328 3154 1469 3239 “alii
1498 3154 1867 3239 "disputant;
1898 3175 2002 3215 nec
2032 3154 2075 3182 ν
2108 3156 2394 3239 jusmodi,
2425 3172 2678 3239 eumque
2707 3172 2836 3239 esse
2866 3154 3205 3239 allocutum,
3230 3154 3466 3239 tametsi
3493 3156 3760 3239 nequiret

364 3225 602 3282 difficile
632 3225 853 3281 creditu
884 3225 1203 3281 ostendunt
1230 3241 1298 3279 ex
1328 3225 1475 3282 Plin.
1512 3226 1551 3281 Ι.
1585 3225 1685 3291 vii,
1727 3245 1777 3283 c.
1835 3230 1888 3293 3,
1950 3235 2009 3286 et

365 3297 692 3423 #etxasndro
725 3297 797 3352 ab
829 3296 1135 3353 Alexandr.
1197 3296 1234 3351 1.
1295 3314 1381 3361 ιιι,
1441 3314 1491 3352 c.
1553 3300 1604 3352 8.
1666 3299 1794 3354 Vid.
1854 3301 2007 3357 infra

418 3385 449 3423 o
485 3411 497 3423 .
567 3410 579 3422 .

418 3373 497 3423 ot.
524 3370 579 3424 5.

434 3440 456 3473 ²
480 3438 694 3506 Victor,
722 3440 888 3503 senis,
922 3437 1019 3493 alii
1048 3441 1213 3505 satis;
1238 3437 1339 3493 sed
1378 3438 1571 3494 verius
1624 3443 1753 3496 setis
1808 3442 2002 3498 visum

362 3515 455 3566 est
478 3511 670 3582 :iquod
698 3527 737 3582 e_
757 3510 982 3582 duobus
1014 3526 1155 3565 mss.
1187 3510 1604 3581 expressimus.

432 3582 454 3615 ³
484 3580 610 3636 Βῖιο
642 3580 809 3636 codd.
845 3580 1050 3648 Vatic.,
1083 3580 1316 3636 celerius
1340 3582 1810 3652 progrediebatur.

432 3656 455 3687 ⁸
484 3656 801 3723 Hucusque
829 3652 1034 3724 vitiose
1064 3652 1335 3724 obtinuit.
1374 3652 1750 3724 Iri/ructusque
1802 3663 1854 3710 et
1908 3657 2005 3714 hoc

360 3724 627 3778 Antonius
656 3722 985 3795 spectaculo,
1018 3739 1151 3779 cum
1183 3722 1381 3778 nullus
1411 3727 1607 3778 tamen
1644 3722 1752 3779 ms.
1778 3731 1842 3780 ut
1858 3728 2003 3783 mul—

360 3799 490 3849 tum
521 3795 677 3849 inter
707 3811 770 3850 se
800 3795 1041 3857 varient.
1073 3811 1270 3850 vocem
1329 3797 1709 3865 In/ractusque
1768 3796 1999 3854 habeat.

358 3865 669 3937 Sequimur
697 3865 789 3920 hic
820 3865 1067 3921 alterum
1092 3866 1344 3937 Reginae,
1377 3865 1496 3920 sive
1527 3867 1649 3937 432.
1688 3867 1807 3937 Alii
1864 3873 2002 3926 atto-

355 3935 506 4019 nitus
537 3953 639 4009 pro
670 3935 1449 4019 Antmius‘legunt,'fortasse
1472 3935 1665 4019 verius
1684 3936 1792 4019 hac
1813 3941 1961 4019 serie
1984 3958 1996 3996 :

359 4030 388 4057 «
421 4008 484 4062 In
512 4007 820 4079 caprarum
854 4007 1037 4079 pedes
1058 4007 1400 4075 desinebat;
1441 4011 1497 4079 et
1552 4007 1661 4063 hoc
1716 4012 2001 4068 attonitus

356 4077 687 4152 spectaculo
718 4077 950 4152 scutum
982 4079 1114 4152 fidei
1138 4080 1327 4152 bonus
1359 4078 1646 4149 proeliator
1673 4082 1938 4152 arripuit.
1972 4106 1998 4133 ››

354 4149 543 4205 Verba
571 4149 1123 4233 enim‘i'nterpos'ita,
1175 4158 1231 4233 et
1286 4151 1513 4233 loricam
1562 4153 1701 4233 spei,
1749 4149 1827 4233 ut,
1884 4171 2000 4211 non

358 4227 703 4293 agnoscunt.
737 4221 892 4288 Ver.,
916 4221 977 4277 et
1007 4221 1107 4278 hoc
1133 4223 1390 4277 attonitus
1420 4238 1489 4276 ex
1516 4222 1845 4345 spectaculo.

401 4293 446 4366 ‘3
478 4295 635 4366 Hanc
665 4293 737 4349 de
760 4293 957 4366 Fanno
989 4292 1678 4366 Satyrovehistorioam,
1716 4310 1842 4364 quae
1901 4295 1996 4366 be-

355 4362 532 4436 nigno
585 4364 803 4436 lectore
864 4362 1142 4436 indigere
1197 4364 1480 4431 videatur,
1537 4362 1758 4436 faciunt
1813 4365 2001 4421 multa

355 4433 690 4507 apudalios
720 4433 1419 4507 gravissim'os__auctores
1465 4433 1803 4507 testimonia
1863 4454 1995 4507 pro-

354 4503 1070 4577 babilioremfAugustin.
1106 4504 1204 4577 lib.
1238 4522 1310 4558 xv
1338 4504 1401 4559 de
1432 4506 1539 4558 Dei
1568 4520 1616 4558 c.
1641 4507 1746 4560 23:
1811 4503 1995 4577 «Ὀθ-

360 4571 670 4645 leberrima
702 4571 976 4630 fama'est
1005 4574 1292 4645 multique
1318 4591 1379 4630 se
1436 4580 1722 4645 expertos,
1780 4576 1868 4633 vel
1925 4580 1997 4635 ab

356 4643 430 4700 iis
461 4644 785 4717 quiexperti
809 4652 1023 4710 essent,
1058 4647 1128 4701 de
1159 4643 1409 4717 quorum
1442 4643 1555 4701 fide
1602 4647 1991 4706 dubitandum

350 4715 613 4780 nonest,
642 4715 904 4773 audiisse
936 4715 1252 4783 afﬁrmant,
1312 4715 1573 4789 Silvanos
1630 4724 1685 4773 et
1742 4719 1991 4789 Faunos,

350 4804 499 4861 quos
548 4789 719 4861 vulgo
775 4789 1020 4844 Incubos
1056 4788 1655 4861 _vocant,4irnprobos
1701 4788 1995 4849 exstitisse

349 4859 716 4916 mulieribus.
750 4883 776 4909 υ
808 4862 1021 4915 Iterum
1054 4859 1283 4914 Hieron.
1318 4859 1374 4913 in
1402 4859 1533 4913 lsai.
1563 4877 1665 4914 xm
1691 4876 1703 4915 :
1732 4884 1760 4909 ‹‹
1795 4862 1990 4929 Pilosi,

346 4929 435 5003 vel
475 4932 816 5003 Incubones,
875 4932 959 4987 vel
1016 4932 1283 5003 satyros;
1340 4930 1648 5003 sylvestres
1705 4935 1991 5003 quosdam

348 4999 640 5074 homines,
673 5021 822 5074 quos
854 4999 1137 5060 nonnulli
1155 4999 1385 5057 Faunos
1416 5002 1670 5074 Ficarios
1700 4999 1926 5059 vocant.
1963 5030 1984 5058 ι

348 5070 517 5147 Ιξιιςίᾳ
546 5070 1060 5147 habetjlutropius
1093 5074 1191 5128 lib.
1224 5091 1303 5128 xu
1363 5078 1419 5147 et
1466 5073 1720 5130 Isidorus
1774 5074 1874 5129 lib.
1934 5094 1994 5131 ιχ

350 5141 661 5217 Originum.
724 5141 1071 5217 Plerumque
1121 5144 1653 5217 autemrdzemones
1709 5161 1776 5199 ex
1831 5147 1989 5217 vulgi

349 5228 524 5268 sensu
550 5213 729 5268 fuisse
760 5213 1094 5270 creduntur.
1126 5216 1471 5279 Heraclitus,
1530 5216 1595 5271 de
1652 5213 1992 5274 Incredibili-

351 5284 467 5349 bus,
502 5301 551 5338 c.
576 5286 664 5349 25,
700 5284 878 5339 fuisse
912 5291 1220 5341 montanos
1268 5288 1539 5360 homines
1592 5293 1807 5353 narrat,
1872 5298 1987 5360 τράο

378 5378 444 5429 ω’(
474 5362 523 5409 δὲ
552 5362 724 5426 τρίχας
753 5365 835 5411 καὶ
854 5364 1022 5429 Qui.“
1056 5364 1212 5429 ἔχειν,
1316 5359 1701 5429 hircorumque
1827 5359 1987 5429 pilos,

386 5427 546 5480 abere
574 5419 827 5481 aerum.
854 5426 952 5481 His
981 5419 1351 5497 laudatisque
1384 5419 1726 5497 praecedenti
1765 5419 1987 5487 colum;

2115 3225 2212 3283 ille
2243 3228 2490 3283 formare
2519 3225 2710 3298 verba,
2744 3228 2922 3296 eujux
2949 3243 3057 3281 vox
3085 3226 3386 3298 hinnitum
3414 3225 3602 3298 equi,
3655 3232 3759 3283 aut

2113 3297 2260 3355 hirci
2293 3314 2503 3354 sonum
2534 3297 2785 3354 referret.
2820 3298 3103 3353 Dicuntur
3130 3301 3188 3353 et
3232 3296 3648 3366 Tertullianus,
3702 3302 3761 3354 et

2111 3368 2408 3435 Justinus,
2430 3375 2486 3425 et
2515 3369 2856 3441 Cyprianus,
2886 3368 3306 3441 Athenagoras,
3326 3367 3596 3441 Clemens
3625 3367 3756 3441 Ale-

2113 3441 2458 3509 xandrinus,
2492 3439 2850 3506 Lactantius,
2884 3439 3148 3499 auctores
3200 3440 3602 3509 eruditissimi,
3649 3439 3756 3495 hu-

2105 3513 2370 3584 jusmodi
2422 3510 2630 3569 fabulae
2694 3512 3451 3584 aurem__accommodasse,
3541 3527 3757 3583 eosque

2113 3580 2350 3665 Satyros
2382 3588 2720 3665 putasseuex
2758 3581 2980 3665 angelis
3035 3580 3555 3665 mbellibusﬂesse,
3605 3580 3756 3654 quos

2112 3652 2284 3710 terris
2314 3652 2589 3709 incubare
2619 3653 2775 3709 Deus
2807 3652 3011 3709 vindex
3033 3653 3301 3725 jusserit,
3334 3652 3466 3710 aliis
3512 3654 3572 3725 in
3622 3652 3752 3725 iere,

2112 3724 2243 3782 aliis
2274 3726 2331 3780 in
2364 3725 2590 3781 inferno
2621 3740 2751 3780 esse
2781 3724 3016 3780 coactis.
3042 3724 3273 3781 Omnis
3303 3729 3425 3780 arte
3477 3724 3751 3781 Ethnico-

2110 3814 2240 3853 rum
2276 3796 2479 3869 religio
2513 3795 2811 3869 communi
2862 3812 3154 3869 consensu
3183 3811 3281 3869 eos
3304 3812 3405 3869 pip
3440 3795 3575 3869 diis
3630 3795 3755 3851 sive

2110 3866 2413 3923 semideis'
2448 3867 2673 3923 habuit.
2739 3871 3012 3923 Praetereo
3078 3866 3319 3925 insulsa
3353 3866 3754 3922 Rabbinorum

2110 3943 2462 4003 commenta,
2495 3943 2551 3994 et
2578 3954 2712 3993 cum
2735 3938 2939 4009 primis
2971 3938 3036 3993 Β.
3073 3937 3388 4003 Abraham,
3436 3937 3545 4009 qui
3584 3954 3753 3993 veras

2109 4016 2375 4082 creatura
2403 4010 2475 4064 de
2497 4008 2925 4082 Omnipotentis
2957 4025 3134 4082 manu
3178 4024 3327 4077 esse,
3380 4008 3481 4065 sed
3534 4008 3754 4082 imper-

2110 4081 2300 4153 ίξθοῐειεᾷ
2317 4081 2565 4147 censuit,
2598 4079 2850 4153 eo'quod
2884 4096 3029 4153 cum
3065 4079 3198 4153 illas
3242 4082 3398 4153 Deus
3432 4079 3750 4153 conderet,

2108 4151 2510 4233 deprehensus
2542 4149 3036 4208 nocte'Sabbathi
3097 4151 3285 4209 noluit
3339 4149 3609 4209 ultimam
3668 4151 3752 4207 eis

2111 4239 2354 4294 manum
2386 4238 2705 4294 imponere.

2176 4294 2197 4330 ⁸
2228 4293 2421 4348 Nostri
2451 4292 2618 4349 codd.
2645 4293 2790 4348 illud
2819 4309 3017 4349 vocans
3046 4309 3163 4349 non
3185 4292 3423 4350 habent.

2176 4366 2195 4400 ⁷
2226 4364 2433 4421 Isthmo
2489 4364 2811 4436 superioris
2880 4364 3178 4421 sententias
3227 4363 3516 4436 repetitio.
3574 4367 3754 4436 Etgtu

2101 4453 2202 4507 pro
2234 4438 2338 4493 Deo
2365 4434 2613 4510 portenta
2644 4438 2945 4503 veneraris,
2975 4436 3036 4492 in
3068 4434 3461 4493 nostris'mss.
3494 4451 3611 4491 non
3655 4434 3753 4490 in-

2106 4509 2352 4564 venitur.

2176 4580 2196 4613 ⁸
2228 4579 2367 4703 Mals.
2395 4596 2465 4633 ne
2486 4580 2578 4634 cui
2605 4578 2676 4633 ad
2706 4578 3143 4634 incredulitatem
3171 4575 3278 4650 (vel
3330 4576 3750 4649 incredulimtis)

2176 4666 2303 4703 mou
2332 4666 2446 4703 um.

2104 4665 2423 4705 scrupulum
2434 4690 2446 4702 .

2176 4666 2558 4793 augmen;
2589 4720 2948 4793 Constantino
2973 4735 3106 4776 cum
3138 4719 3390 4793 vulgatis
3432 4717 3748 4793 plerisque.

2103 4792 2176 4873 At
2202 4807 2345 4846 mss.
2382 4790 2559 4873 nostri
2583 4790 2973 4873 omnes‘libri,
2992 4788 3335 4873 atqueipse
3364 4788 3525 4873 cuin_
3547 4788 3753 4873 primis

2103 4862 2418 4934 Veronens.
2449 4861 2762 4934 constantia
2794 4862 3030 4930 habent,
3061 4860 3459 4934 quodg’nomen
3510 4860 3606 4915 hic
3657 4877 3750 4916 re-

2100 4933 2404 4989 stituimus
2430 4932 2505 5004 ad
2538 4949 2741 4989 eorum
2772 4934 2968 4997 fidem,
3019 4931 3373 4989 assentiente
3424 4931 3750 5004 ipsagtemf

2142 5018 2311 5077 orum
2324 5003 2555 5077 ratione
2585 5009 2757 5077 atque
2788 5004 3051 5072 historia,
3087 5010 3150 5060 ut
3191 5008 3247 5059 et
3278 5002 3499 5077 nupera
3553 5002 3751 5077 Severi

2145 5074 2335 5146 ulpitii
2367 5075 2588 5131 editore
2616 5073 2885 5131 notatum
2905 5080 3029 5144 est;
3063 5091 3179 5131 non
3228 5073 3385 5130 enim
3433 5073 3751 5129 Antiochia:

2100 5147 2298 5228 sedem
2330 5146 2611 5228 habuisse
2642 5147 3091 5228 Donstaptinum
3125 5146 3306 5228 asseri
3345 5148 3554 5228 potest,
3611 5160 3751 5228 cum

2102 5218 2172 5272 de
2202 5216 2545 5272 Constantio
2578 5218 2818 5289 minime
2849 5218 3092 5273 dubium
3137 5218 3257 5289 sit,
3281 5214 3490 5289 primis
3543 5214 3752 5271 saltem

2101 5289 2406 5343 duodecim
2443 5292 2544 5342 aut
2572 5288 2845 5344 tredecim
2879 5291 3006 5360 ejus
3032 5288 3264 5360 imperii
3282 5286 3489 5360 :annis.

2173 5361 2216 5394 ¹⁰
2247 5360 2407 5415 Unus
2441 5376 2576 5425 ms.,
2612 5368 2787 5431 rapta
2815 5357 3070 5433 regione;
3099 5357 3227 5433 duo
3245 5357 3345 5414 alii
3367 5363 3423 5414 et
3442 5357 3544 5433 qui
3574 5373 3755 5430 penes

2099 5447 2194 5506 me
2218 5440 2331 5506 est,
2365 5434 2533 5506 cwpto
2581 5433 2778 5487 itinere
2825 5431 3109 5506 pergebat.
3173 5431 3306 5491 Mox
3359 5431 3602 5506 verbum
3656 5445 3752 5506 ne-

348 5497 791 5575 n_a_au_ctoribus
825 5498 883 5552 in
917 5498 1066 5575 hanc
1099 5514 1241 5561 rem,
1293 5497 1440 5575 adde
1497 5499 1874 5575 Plutarchum
1926 5502 1987 5558 in
2096 5502 2300 5558 sciebat
2333 5497 2456 5572 pari
2485 5518 2774 5559 consensu
2806 5497 3010 5561 omnes
3040 5507 3258 5570 tacent,
3286 5501 3598 5575 satiusque
3641 5499 3753 5558 erit

347 5568 478 5623 Vita
509 5566 707 5639 Syllae;
752 5585 926 5642 quem
958 5569 1040 5625 ait
1078 5584 1288 5642 propre
1333 5568 1715 5642 Dyrrachium
1769 5575 1990 5631 vidisse

2098 5588 2449 5645 expungere.
