4118 6158
325 176 403 244 ιδ
1405 166 1591 233 VITA
1630 167 1699 231 8.
1740 164 1974 230 PAULI
2013 162 2237 228 PRIMI
2281 164 2682 228 EREMITE.
3641 159 3723 226 26

326 313 480 373 haud
511 309 706 387 procul
735 310 994 368 intuetur
1014 308 1031 344 ¹
1054 308 1258 381 lupam
1290 307 1419 364 sitis
1443 304 1754 362 ardoribus
1786 305 1962 360 anhe-
1990 301 2046 367 Α
2076 302 2239 373 ginta
2257 301 2381 371 jam
2409 300 2547 356 anni
2606 302 2744 356 sunt
2799 298 2954 371 quod
3015 298 3117 365 (Al.
3168 313 3237 355 ex
3289 298 3428 371 quo]
3488 296 3718 357 dimidii

322 406 551 471 lentem,
581 403 654 459 ad
687 402 943 458 radicem
975 402 1195 458 montis
1220 401 1493 475 irrepere.
1518 404 1701 467 Quam
1725 408 1963 459 secutus

317 494 522 560 oculis,
553 494 790 563 etjuxta
818 491 1186 563 speluncam,
1221 509 1352 547 cum
1389 493 1503 547 fera
1529 493 1963 559 abiisset,acee-

317 586 485 650 dens,
518 584 663 637 intro
688 580 867 652 ccepit
905 580 1164 651 aspicere
1213 582 1355 651 (Ver.
1404 598 1506 636 ms.
1558 582 1735 652 coepit
1781 582 1963 636 intro-

316 673 596 746 spicere):
629 670 773 725 nihil
804 669 1139 724 curiositate
1164 670 1521 742 proficiente,
1572 671 1827 725 tenebris
1873 687 1963 724 ar-

320 762 582 819 centibus
606 760 823 815 visum.
886 757 1126 823 Verum,
1182 764 1247 813 ut
1298 759 1589 831 scriptura
1640 760 1721 815 ait
1744 761 1785 825 ²,
1838 775 1963 829 per-

317 855 455 922 fecta
483 850 699 905 dilectio
730 851 881 917 foras
906 850 1085 902 mittit
1131 850 1380 903 timorem
1439 850 1487 919 (Ι
1528 853 1693 904 Joan.
1741 866 1816 913 1v,
1852 849 1962 917 18),

322 955 599 1011 suspenso
658 938 846 1010 gradu
900 942 958 992 et
1006 936 1269 992 anhelitu
1326 942 1671 1008 temperato,
1715 936 1964 991 callidus

319 1026 641 1099 explorator
682 1026 990 1095 ingressus
1019 1025 1064 1088 ⁸,
1122 1041 1189 1079 ac
1236 1025 1519 1095 paulatim
1561 1026 1961 1095 progrediens,

314 1116 637 1187 sepiusque
666 1113 1001 1169 subsistens
1030 1129 1241 1169 sonum
1277 1130 1417 1168 aure
1474 1115 1765 1185 captabat.
1812 1116 1962 1170 Tan-

319 1206 449 1260 dem
479 1220 583 1276 per
616 1219 775 1258 caece
801 1201 992 1257 noctis
1042 1204 1338 1257 horrorem
1389 1203 1590 1274 procul
1643 1204 1842 1258 lumen
1883 1205 1966 1259 in-

319 1294 525 1359 tuitus,
556 1295 689 1347 dum
720 1291 953 1347 avidius
982 1296 1274 1364 properat,
1333 1294 1382 1347 9
1431 1292 1652 1347 offenso
1706 1294 1762 1346 in
1820 1293 1963 1365 lapi-

320 1385 448 1438 dem
478 1382 622 1454 pede
655 1384 697 1447 ⁸,
731 1381 1048 1453 strepitum
1082 1382 1425 1449 concitavit;
1486 1386 1619 1453 post
1675 1384 1846 1452 cujus
1878 1400 1966 1439 so-

312 1471 496 1526 nitum
528 1471 742 1524 beatus
774 1468 996 1525 Paulus
1027 1469 1245 1525 ostium
1297 1470 1451 1540 quod
1500 1472 1735 1541 patebat
1778 1472 1966 1525 occlu-

308 1561 449 1616 dens
476 1560 626 1629 (Ver.
661 1558 1018 1628 recludens),
1054 1574 1184 1613 sera
1234 1559 1582 1613 obfirma-vit.
1618 1560 1781 1614 'l‘unc
1830 1577 1964 1614 vero

312 1648 593 1704 Antonius
634 1663 740 1719 pro
798 1647 904 1717 [AL
940 1648 1078 1717 prae]
1135 1646 1359 1702 foribus
1416 1664 1715 1713 corruens,
1774 1665 2040 1733 usqueB

310 1740 379 1794 ad
408 1743 659 1802 sextam,
692 1741 846 1791 eteo
894 1736 1150 1807 amplius
1207 1736 1433 1800 horam,
1486 1738 1712 1791 aditum
1761 1755 1960 1809 preca-

306 1829 470 1882 batur
500 1827 745 1882 dicens:
780 1825 887 1889 Qui
919 1825 1053 1892 sim,
1103 1825 1276 1891 unde,
1323 1842 1426 1880 cur
1468 1826 1748 1893 venerim,
1784 1828 1959 1882 nosti.

302 1917 433 1973 Scio
464 1932 562 1971 me
622 1931 740 1970 non
801 1914 1009 1968 mereri
1059 1918 1437 1984 conspectum
1498 1919 1706 1970 tuum:
1766 1920 1963 1971 tamen

304 2006 419 2061 nisi
448 2005 677 2069 videro,
710 2019 827 2057 non
857 2002 1145 2057 recedam.
1180 2003 1284 2068 Qui
1336 2002 1553 2057 bestias
1611 2004 1821 2076 recipis
1856 2007 1961 2071 [Αἰ.

304 2094 604 2166 suscipis],
632 2093 935 2148 hominem
967 2108 1074 2146 cur
1131 2090 1406 2162 repellis?
1457 2092 1723 2154 Quaesivi.
1778 2099 1835 2149 et
1875 2094 1964 2149 in-

299 2185 463 2250 veni;
498 2181 678 2254 pulso
709 2186 775 2236 ut
822 2180 1137 2253 aperiatur.
1194 2181 1354 2245 Quod
1407 2180 1455 2235 si
1516 2198 1630 2236 non
1690 2182 1963 2254 impetro,

304 2274 396 2329 hic
422 2274 578 2344 [Ven
611 2270 728 2336 hic,
760 2270 877 2341 hic]
937 2268 1155 2325 moriar
1207 2274 1341 2324 ante
1384 2275 1578 2341 postes
1608 2274 1777 2327 tuos:
1816 2278 1969 2328 certe

308 2360 563 2433 sepelies
590 2358 681 2415 vel
715 2359 962 2414 cadaver
990 2359 1029 2410 ⁸.

412 2513 557 2561 Talia
584 2510 859 2573 perstabat
888 2522 1209 2563 memorans.
1242 2510 1482 2573 ﬁxusque
1514 2514 1781 2561 manebat.

414 2575 492 2623 Ad
524 2587 683 2636 quem
715 2586 1035 2635 responsum
1069 2573 1353 2636 paucisita
1379 2573 1609 2623 reddidit
1644 2576 1819 2624 heros.

1104 2634 1325 2697 (Virgil.,
1360 2636 1584 2697 Eadd,
1619 2638 1705 2687 lib.
1741 2653 1773 2687 ιι
1808 2642 1860 2688 et
1888 2640 1975 2701 Vi).

378 2789 563 2845 Nemo
593 2788 681 2842 sic
706 2785 877 2857 petit,
909 2788 975 2839 ut
1001 2784 1293 2852 minetur;
1330 2802 1499 2842 nemo
1532 2804 1662 2841 cum
1713 2791 1983 2860 lacrymis

304 2876 672 2933 calumniam
705 2873 863 2929 facit.
896 2874 967 2927 Et
996 2873 1229 2928 miraris
1249 2876 1270 2907 ⁵
1299 2875 1348 2928 si
1381 2892 1492 2930 non
1519 2877 1815 2949 recipiam,
1849 2896 1981 2933 cum

303 2966 630 3023 moriturus
652 2963 958 3019 adveneris
977 2962 1004 3017 ?
1038 2963 1132 3017 Sic
1161 2963 1424 3018 arridens
1442 2964 1657 3021 Paulus
1692 2969 1963 3037 patefecit

2077 407 2309 461 semper
2338 390 2508 462 panis
2540 389 2929 461 fragmentum
2967 390 3109 459 [Vera
3143 389 3426 461 fragmen]
3462 390 3718 462 accipio:

2076 498 2275 535 verum
2312 481 2380 533 ad
2417 480 2729 534 adventum
2764 484 2952 543 tuum,
2987 477 3274 533 militibus
3296 477 3419 532 suis
3448 479 3718 535 Christus

2075 569 2393 640 duplicavit
2432 586 2745 625 annonam.

2154 658 2232 711 tl.
2268 658 2453 729 Igitur
2485 657 2725 711 Domino
2768 656 3089 729 gratiarum
3140 657 3365 712 actione
3409 656 3714 723 celebrata,

2075 763 2253 818 super
2280 747 2443 799 vitrei
2479 745 2801 816 marginem
2828 745 3009 801 fontis
3025 750 3270 816 uterque
3292 744 3551 801 consedit
3573 747 3715 816 [Ven

2076 836 2385 908 subsedit].
2420 836 2521 890 Hic
2572 852 2706 889 vero
2764 834 2897 905 quis
2951 836 3242 905 frangeret
3281 852 3491 907 panem
3525 836 3724 892 oborta

2076 924 2387 987 contentio.
2427 940 2568 994 pene
2599 924 2754 977 diem
2795 925 2889 978 ιθ
2933 923 3099 978 duxit
3129 924 3188 977 in
3220 939 3550 995 vesperum.
3582 924 3723 979 Pau-

2075 1016 2171 1069 lus
2205 1030 2363 1068 more
2393 1012 2631 1083 cogebat
2666 1011 2926 1083 hospitii,
2947 1012 3239 1068 Antonius
3265 1013 3401 1082 jure
3432 1011 3725 1068 refellebat

2072 1104 2280 1167 aetatis,
2312 1102 2571 1156 Tandem
2634 1100 2943 1155 consilium
3000 1101 3131 1167 fuit,
3190 1106 3256 1157 ut
3303 1101 3666 1173 apprehenso
3696 1119 3725 1157 e

2075 1192 2306 1263 regione
2341 1206 2505 1262 pane,
2558 1190 2698 1243 dum
2750 1190 2821 1243 ad
2882 1206 2943 1244 se
3000 1189 3252 1261 quisque
3310 1190 3535 1258 nititur,
3587 1207 3724 1263 pars

2075 1298 2182 1335 sua
2202 1282 2221 1314 9
2244 1279 2647 1350 remancrctjn
2670 1278 2963 1332 manibus.
2991 1278 3208 1333 Dehinc
3230 1278 3535 1349 paululum
3559 1295 3723 1351 aqua:

2074 1369 2134 1422 in
2167 1369 2319 1423 fonte
2352 1384 2531 1439 prono
2566 1383 2661 1421 ore
2700 1368 2809 1437 [ΑΙ.
2846 1384 3026 1438 prono
3076 1368 3135 1421 in
3194 1368 3379 1423 fronte
3426 1368 3543 1439 ore)
3576 1367 3722 1423 liba-

2075 1461 2319 1511 verunt:
2383 1461 2439 1511 et
2496 1455 2871 1510 immolantes
2930 1457 3045 1511 Deo
3098 1456 3451 1511 sacrificium
3508 1456 3721 1522 laudis,

2075 1552 2303 1601 noctem
2360 1551 2697 1615 transegere
2761 1544 2999 1615 vigiliis.
3061 1546 3322 1616 Cumque
3389 1546 3515 1616 jam
3573 1550 3727 1601 esset

2077 1640 2241 1690 terrae
2274 1635 2392 1704 [Αἰ.
2424 1634 2611 1699 terris]
2649 1633 2912 1687 redditus
2955 1634 3100 1701 dies,
3153 1634 3356 1689 beatus
3396 1633 3614 1690 Paulus
3652 1634 3727 1689 ad

2075 1725 2395 1778 Antonium
2428 1722 2511 1776 sic
2542 1721 2773 1776 locutus
2811 1726 2936 1777 est:
2970 1721 3120 1777 Olim
3160 1728 3235 1789 te,
3272 1723 3468 1791 frater,
3503 1723 3562 1778 in
3593 1722 3725 1779 istis

2075 1813 2408 1885 regionibus
2472 1811 2737 1865 habitare
2802 1811 3105 1866 sciebam:
3177 1810 3317 1866 olim
3378 1816 3434 1867 te
3500 1828 3728 1869 conser-

2074 1920 2210 1957 vum
2256 1917 2450 1955 meum
2485 1899 2625 1954 mihi
2671 1899 3017 1970 promiserat
3057 1900 3243 1955 Deus:
3286 1902 3387 1955 sed
3428 1902 3569 1973 quia
3599 1903 3725 1973 jam

2078 1989 2448 2047 dormitionis
2481 2005 2623 2043 metu
2656 1994 2891 2060 tempus
2921 1989 3172 2056 advenit,
3211 1994 3267 2045 et
3306 1990 3459 2061 quod
3500 2006 3733 2062 semper

2079 2080 2383 2150 cupiebam
2428 2077 2571 2150 [Veia
2606 2077 2931 2148 cupieram]
2971 2076 3231 2145 dissolvi,
3300 2084 3357 2133 et
3421 2095 3549 2135 esse
3597 2096 3730 2134 cum

2079 2169 2329 2232 Christo,
2365 2170 2597 2238 peracto
2628 2182 2801 2221 cursu
2835 2171 3103 2238 superest
3128 2166 3275 2221 mihi
3319 2184 3534 2224 corona
3552 2169 3729 2239 justi-

2078 2258 2172 2313 tiae
2203 2274 2215 2311 :
2244 2263 2307 2311 tu
2342 2256 2562 2310 missus
2594 2271 2655 2309 es
2687 2272 2717 2309 a
2742 2256 3010 2320 Domino,
3044 2256 3144 2326 qui
3194 2255 3375 2311 humo
3419 2273 3732 2329 corpuscu-

2082 2347 2202 2402 lum
2238 2360 2433 2400 meum
2458 2348 2643 2414 tegas,
2677 2343 2794 2397 imo
2820 2349 2985 2398 terrai
3007 2349 3224 2398 terram
3258 2346 3488 2400 reddas.

2156 2436 2245 2489 l2.
2283 2433 2618 2487 Athanasius
2645 2432 2884 2502 pallium
2948 2432 3097 2487 dedit
3152 2434 3403 2489 Antonio.
3466 2434 3730 2489 Monaste-

2086 2527 2234 2579 rium
2254 2523 2482 2577 Antonii
2512 2536 2548 2574 α
2574 2522 2869 2576 Saracenis
2911 2526 3246 2592 occupatum.
3294 2554 3361 2562 -——
3404 2521 3525 2578 Illis
3563 2515 3737 2578 Antei

2091 2613 2224 2668 nius
2267 2610 2505 2675 auditis,
2547 2610 2692 2664 flens
2746 2614 2803 2663 et
2857 2626 3119 2681 gemens,
3162 2627 3233 2665 ne
3303 2628 3364 2666 se
3425 2612 3734 2677 desereret,

2089 2706 2263 2773 atque
2296 2706 2360 2754 ut
2390 2700 2657 2754 comitem
2692 2698 2807 2753 tale
2838 2699 3064 2754 itineris
3114 2700 3420 2772 acciperet,
3462 2701 3736 2773 precaba-

2094 2800 2207 2847 tur.
2242 2792 2310 2846 Et
2344 2791 2451 2859 [Αἱ.
2486 2788 2577 2862 At]
2609 2788 2705 2842 ille
2736 2804 2747 2841 ;
2792 2788 2914 2842 Non
2975 2789 3172 2855 debes,
3221 2788 3430 2860 inquit,
3482 2807 3737 2862 qumrere

2096 2898 2222 2952 quae
2254 2884 2356 2933 tua
2390 2882 2548 2945 sunt,
2582 2878 2681 2931 sed
2717 2893 2841 2948 qua:
2873 2876 3079 2933 aliena.
3114 2878 3358 2949 Expedit
3390 2879 3493 2932 tibi
3528 2880 3589 2946 ¹⁰,
3619 2895 3738 2933 sar-

2098 2970 2229 3023 cina
2260 2968 2455 3023 carnis
2486 2967 2732 3036 abjecta,
2768 2971 2999 3037 Agnum
3033 2966 3217 3037 sequi.
3251 2967 3358 3021 Sed
3410 2972 3468 3021 et
3514 2967 3737 3022 caeteris

302 3056 669 3129 ingressum.
703 3053 828 3115 Quo
862 3056 1080 3123 aperto,
1105 3052 1243 3106 dum
1278 3052 1334 3106 in
1377 3058 1611 3109 mutuos
1641 3036 1965 3113 miscentur
1993 3036 2036 3103 (ἶ
2080 3056 2311 3130 expedit
2346 3056 2648 3120 fratribus,
2672 3060 2737 3109 ut
2767 3036 2865 3109 tuo
2898 3054 3089 3110 adhuc
3122 3036 3511 3111 instituantur
3541 3072 3743 3131 exem-r

310 3144 648 3217 amplexus,
679 3141 936 3215 propriis
965 3158 1029 3195 se
1076 3141 1397 3197 salutavere
1426 3144 1765 3200 nominibus
1791 3165 1803 3215 ;
1838 3164 1972 3219 gra-

300 3236 399 3289 tia
432 3232 684 3291 Domino
716 3231 776 3285 in
806 3246 1120 3285 commune
1150 3231 1503 3286 referuntur.

384 3324 480 3379 10.
514 3322 585 3377 Et
635 3326 767 3393 post
795 3323 1066 3374 sanctum
1128 3320 1393 3375 osculum
1441 3321 1701 3376 residens
1730 3322 1971 3392 Paulus,

305 3429 450 3467 cum
477 3410 737 3465 Antonio
768 3409 853 3464 ita
871 3425 1114 3467 exorsus
1133 3414 1222 3464 est
1247 3426 1259 3464 :
1286 3414 1362 3464 En
1387 3427 1562 3480 quem
1589 3415 1751 3467 tanto
1775 3412 1973 3468 labore

304 3499 585 3572 quaesisti
598 3498 860 3569 ,putridis
877 3498 896 3532 ⁷
921 3502 1223 3553 senectute
1245 3500 1526 3554 membris
1551 3501 1973 3571 operitinculta

316 3588 596 3643 canities.
628 3588 712 3640 En
738 3586 892 3641 vides
920 3586 1247 3654 hominem,
1297 3588 1591 3658 pulverem
1631 3605 1765 3645 mox
1813 3591 1969 3646 futu-

312 3692 484 3733 rum.
519 3675 731 3730 Verum
759 3674 889 3747 quia
947 3675 1205 3730 charitas
1259 3676 1458 3731 omnia
1496 3683 1784 3735 sustentat
1816 3680 1969 3750 [νον.

306 3765 617 3838 sustinet],
647 3779 817 3818 narra
847 3763 1012 3831 mihi,
1044 3780 1264 3837 quaeso,
1298 3767 1588 3835 quomodo
1611 3768 1753 3837 [Ven
1790 3771 1875 3840 ut]
1910 3786 1973 3825 se

306 3854 531 3910 haheat
561 3853 889 3907 humanum
921 3869 1126 3924 genus.
1160 3859 1250 3907 An
1297 3853 1357 3908 in
1416 3855 1678 3926 antiquis
1722 3858 1970 3913 urbibus

306 3959 464 3999 nova
492 3946 647 3998 tecta
675 3944 1035 4013 consurgant
1060 3960 1074 4008 ;
1105 3958 1220 4013 quo
1239 3942 1498 3998 mundus
1522 3949 1758 4017 regatur
1790 3948 1973 4018 impe-

312 4034 444 4095 rio;
507 4047 580 4085 an
640 4029 940 4101 supersint
986 4030 1190 4100 aliqui,
1238 4032 1337 4102 qui
1386 4031 1718 4088 daemonum
1781 4051 1974 4090 errore

312 4119 624 4193 rapiantur
651 4119 761 4190 {AL
796 4118 1142 4189 capiantur].
1177 4119 1335 4175 inter
1374 4119 1481 4176 has
1532 4123 1971 4178 sermocinatio-

316 4225 422 4264 nes
449 4206 785 4279 suspiciunt
815 4206 1012 4261 alitem
1045 4224 1279 4262 corvum
1315 4209 1374 4263 in
1407 4227 1567 4265 ramo
1592 4212 1817 4267 arboris
1843 4230 1973 4267 con-

318 4297 564 4361 sedisse,
597 4295 699 4367 qui
731 4296 869 4350 inde
898 4296 1104 4351 leniter
1131 4297 1477 4352 subvolabat
1505 4299 1546 4363 ³,
1580 4303 1636 4353 et
1677 4299 1972 4371 integrum

2084 3147 2203 3219 plo.
2237 3144 2647 3211 Quamobrem,
2673 3159 2893 3214 quaeso,
2912 3158 3107 3215 perge,
3132 3144 3245 3198 nisi
3278 3146 3593 3200 molestum
3614 3151 3733 3201 est:

2088 3241 2146 3290 et
2177 3233 2418 3305 pallium
2452 3232 2607 3303 quod
2642 3232 2743 3287 tibi
2766 3232 3124 3287 Athanasius
3148 3232 3458 3305 episcopus
3477 3234 3736 3300 dedit,ad

2092 3322 2520 3379 obvolvendum
2546 3321 2958 3393 corpusculum
2982 3322 3513 3386 meum,defer.Hoc
3541 3327 3736 3379 autem

2088 3412 2295 3467 beatus
2330 3409 2543 3465 Paulus
2575 3411 2816 3481 rogavit,
2850 3427 2964 3465 non
3000 3411 3154 3481 quod
3189 3427 3538 3483 magnopere
3569 3429 3734 3467 cura-

2084 3508 2194 3565 ret,
2230 3506 2431 3555 utrum
2463 3503 2680 3555 tectum
2719 3504 3079 3571 putresceret
3108 3502 3370 3567 cadaver,
3406 3518 3476 3556 an
3509 3502 3733 3557 nudum

2087 3591 2327 3662 (quippe
2359 3590 2459 3661 qui
2482 3593 2644 3642 tanto
2668 3588 2948 3660 temporis
2966 3589 3174 3659 spatio,
3198 3590 3481 3645 contextis
3512 3590 3735 3661 palma-

2082 3696 2213 3735 rum
2253 3677 2411 3733 foliis
2438 3677 2937 3744 vestiebatur),sed
2971 3683 3035 3731 ut
3064 3694 3097 3733 a
3127 3694 3188 3732 se
3220 3678 3557 3733 recedenti“
3592 3695 3733 3734 mce-

2083 3785 2180 3824 ror
2209 3785 2329 3822 suae
2363 3767 2568 3821 mortis
2600 3765 2905 3821 levaretur.
2953 3766 3322 3837 Stupefactus
3377 3782 3514 3838 ergo
3556 3769 3733 3823 Anto-

2083 3858 2239 3925 nius,
2273 3856 2426 3926 quod
2459 3856 2531 3909 de
2586 3854 2910 3911 Athanasio
2967 3861 3023 3911 et
3082 3854 3258 3928 pallio
3289 3857 3417 3926 ejus
3447 3856 3731 3923 audierat,

2084 3944 2251 4016 quasi
2284 3943 2579 3998 Christum
2612 3944 2672 3998 in
2707 3944 2882 4000 Paulo
2914 3944 3137 4014 videns,
3172 3950 3228 3999 et
3256 3940 3314 3999 in
3349 3949 3576 4016 pectore
3605 3946 3733 4016 ejus

2084 4033 2266 4089 Deum
2298 4048 2601 4097 venerans,
2629 4030 2785 4085 ultra
2816 4034 3167 4103 respondere
3198 4033 3343 4087 nihil
3395 4050 3576 4089 ausus
3605 4038 3730 4089 est:

2084 4122 2184 4179 sed
2217 4137 2348 4177 cum
2383 4118 2613 4174 silentio
2644 4119 2997 4191 lacrymans,
3022 4122 3369 4177 exosculatis
3391 4124 3517 4192 ejus
3547 4121 3733 4178 oculis

2086 4211 2499 4281 manibusque,
2534 4208 2603 4263 ad
2640 4209 3059 4263 monasterium
3094 4210 3246 4279 quod
3276 4214 3475 4280 postea
3505 4226 3539 4264 a
3567 4210 3733 4265 Sara-

2085 4300 2245 4356 cenis
2275 4303 2621 4371 occupatum
2658 4302 2747 4353 est
2774 4300 2836 4366 ²²,
2870 4298 3320 4369 regrediebatur.
3355 4297 3552 4369 Neque
3595 4314 3730 4353 vero

312 4401 528 4458 panem
561 4389 699 4439 ante
726 4401 831 4438 ora
861 4385 1201 4440 mirantium
1251 4387 1563 4458 deposuit;
1624 4394 1757 4459 post
1805 4392 1973 4461 cujus
2004 4405 2050 4469 D
2083 4406 2321 4463 gressus
2353 4388 2748 4458 sequebantur
2774 4387 3059 4442 animum.
3081 4388 3191 4442 Sed
3225 4386 3492 4458 quamvis
3517 4403 3729 4459 corpus

300 4476 683 4540 abscessum;
717 4473 841 4539 Eia,
902 4474 1093 4545 inquit
1169 4475 1407 4541 Paulus,
1460 4476 1744 4532 Dominus
1795 4480 1966 4535 nobis

300 4564 625 4635 prandium
672 4562 853 4630 misit,
887 4578 1019 4618 vere
1050 4563 1200 4635 pius,
1234 4581 1365 4619 vere
1398 4566 1753 4622 misericors.
1789 4568 1961 4623 Sexa-

371 4673 383 4705 ¹
425 4672 566 4723 Erat
588 4669 822 4743 absque
855 4670 1108 4743 negandi
1134 4670 1441 4741 particula,
1471 4673 1662 4743 procul
1696 4674 1956 4729 intuetur.

369 4743 391 4776 ⁸
423 4740 782 4822 concinnius
805 4740 959 4824 mss:-
990 4740 1184 4824 Verum
1209 4745 1382 4824 ¹(μία,
1418 4740 1484 4797 ut
1533 4744 1813 4815 Scriptura
1858 4749 1956 4814 ait,

297 4817 449 4883 etc.,
482 4814 758 4881 ingressus
790 4816 890 4867 est.
924 4814 997 4867 Ac
1030 4813 1323 4883 paulatim,
1361 4818 1468 4868 etc.

366 4885 393 4917 ³
418 4882 549 4938 Duo
569 4883 995 4955 verbacallidus
1024 4882 1343 4954 explorator
1369 4884 1579 4940 Veron.
1615 4902 1723 4941 ms.
1769 4890 1919 4942 tacet
1942 4905 1954 4955 ;

296 4972 439 5013 mox
460 4955 714 5026 capiebat
744 4953 885 5026 legit
913 4972 1015 5026 pro
1043 4953 1311 5026 captabat.

370 4972 439 5013 ex
460 4972 714 5025 captcoat
745 4972 885 5026 legit
955 4972 1015 5009 ro
1043 4972 1311 5026 capzaoat.

370 5029 395 5060 ι
426 5024 612 5099 Aliter
645 5041 829 5099 mss,
866 4972 1127 5096 oﬁcnsum
1172 5027 1304 5099 pede
1348 5027 1582 5099 (noster
1638 5031 1695 5082 in
1741 5029 1954 5099 pedem)

298 5098 547 5172 lapidem
574 5098 1289 5172 instrepitumAconcitavit.
1344 5098 1475 5154 Mox
1525 5098 1806 5155 recludens
1853 5098 1954 5172 pro

294 5167 610 5241 adludens.
636 5167 847 5241 Veron.
860 5214 881 5241 ,ν
906 5169 1112 5239 oﬂensu
1142 5171 1311 5241 pedis.

368 5243 391 5275 ⁸
417 5239 668 5294 Gravius
698 5239 838 5293 alibi
872 5240 1090 5295 invenit
1116 5239 1197 5296 vel
1228 5240 1462 5296 cadaver
1498 5244 1770 5297 exanime.

365 5310 807 5385 ‘VAIZVictorio
852 5316 909 5365 et
954 5312 1161 5368 Gravio
1210 5313 1626 5367 annotantibus
1682 5316 1951 5385 injurzam

292 5384 469 5457 facit:
495 5384 561 5437 Et
588 5384 830 5457 minari:
858 5386 929 5445 si,
952 5389 1060 5439 etc.

370 5458 392 5490 ⁷
416 5454 583 5524 Mss,
612 5455 875 5525 putribus
910 5473 921 5523 ;
956 5460 1013 5510 et
1069 5455 1238 5526 paulo
1297 5461 1427 5527 post
1484 5458 1669 5511 omnia
1699 5460 1947 5524 sustinet,

298 5545 408 5602 pro
438 5528 729 5581 sustentat.

2081 4476 2762 4548 inanejejuniis,seniles
2789 4477 2963 4532 etiam
2984 4477 3117 4531 anni
3144 4476 3435 4548 fregerant
3456 4477 3727 4544 ‘3,tamen

2078 4567 2273 4623 animo
2305 4566 2571 4620 vincebat
2601 4570 2849 4621 aetatem.

2142 4675 2162 4707 ⁸
2198 4674 2376 4727 [idem
2410 4673 2602 4726 leviter
2630 4672 2945 4739 subvolans,
2980 4674 3281 4742 integrum,
3303 4672 3417 4727 fere
3447 4689 3581 4727 cum
3603 4672 3728 4725 Vic-

2070 4746 2235 4801 torio.
2271 4744 2383 4797 Ver
2415 4745 2609 4797 leniter
2640 4744 2929 4799 subvolans
2962 4747 3252 4814 integrum,
3282 4748 3390 4797 etc.

2139 4818 2160 4851 ο
2195 4815 2390 4869 Addit.
2428 4818 2559 4868 Ver.
2595 4831 2705 4870 ms.
2739 4817 2978 4882 trahere,
3025 4813 3151 4871 tum
3207 4814 3345 4869 editi
3379 4813 3723 4868 vetustiores

2068 4905 2196 4959 pars
2225 4888 2425 4959 cuique
2454 4902 2572 4959 sua.

2139 4961 2179 4993 ¹⁰
2210 4953 2565 5013 Concinnius
2598 4956 2655 5011 in
2688 4956 2924 5022 Veron.,
2956 4957 3188 5027 Expedit
3220 4953 3439 5026 quidem
3470 4956 3597 5011 tibi.

2140 5032 2176 5064 ¹¹
2206 5032 2262 5084 In
2296 5028 2506 5083 Veron.
2546 5046 2653 5082 ms.
2691 5045 2802 5082 non
2838 5027 2964 5081 sine
2993 5044 3108 5081 uno
3150 5027 3448 5097 alteroque
3489 5027 3722 5094 mendo,

2066 5102 2167 5157 Sed
2198 5106 2255 5155 ut
2287 5100 2355 5154 ad
2387 5102 2512 5169 (pro
2543 5102 2634 5168 ab)
2674 5115 2728 5152 se
2784 5097 3041 5171 recedens
3088 5101 3353 5154 memoria
3403 5100 3567 5170 (num
3619 5116 3721 5171 pro

2064 5188 2290 5227 maerore
2314 5172 2361 5242 ‘2)
2392 5184 2511 5225 suae
2544 5171 2733 5225 mortis
2764 5170 3121 5242 relevaretur.

2136 5245 2177 5278 ¹²
2212 5244 2268 5297 ld
2304 5240 2426 5313 ipso
2450 5257 2603 5294 anno
2664 5240 2975 5313 accidisse,
3014 5247 3176 5297 notat
3234 5240 3569 5308 Bollandus,
3604 5258 3721 5313 quo

2061 5311 2447 5370 mortuus'est
2472 5313 2529 5367 S.
2565 5312 2873 5377 Antonius,
2934 5311 3061 5368 Vid.
3121 5314 3387 5370 Chronic.
3441 5313 3511 5365 ad
3574 5311 3715 5369 ann.

2063 5387 2278 5441 Christi
2312 5386 2438 5439 336.

2136 5458 2176 5490 '3
2206 5458 2368 5531 Mss.,
2400 5455 2503 5531 Sed
2528 5472 2652 5531 curn
2681 5473 2875 5529 corpus
2908 5459 3095 5531 inane,
3128 5460 3264 5526 etc.,
3319 5454 3460 5511 anni
3496 5453 3725 5531 frange-

2091 5536 2197 5596 ent,
2232 5530 2419 5585 animo
2446 5528 2730 5584 vincebat:
2766 5528 3055 5585 Consentit
3086 5531 3142 5583 et
3172 5533 3389 5586 Veron.
3423 5538 3531 5577 ms.
