4118 6158
420 158 503 224 27
1657 154 1722 229 S.
1768 155 2083 229 EUSEBII
2125 156 2593 227 HIERONYMI.
3740 157 3789 226 Ξ-

500 298 585 356 13.
615 298 847 357 Antonii
874 297 1177 355 humititas.
1208 327 1278 339 --
1306 296 1567 354 Tandem
1610 297 1885 370 fatigatus
1916 298 2059 369 [Ver.
2090 293 2147 360 Α
2174 294 2415 352 haberet
2441 297 2483 352 ⁸.
2519 296 2835 354 Fluctuans
2856 293 3064 369 itaque
3090 290 3250 352 vario
3294 290 3512 354 mentis
3557 295 3725 365 aestu,
3760 302 3819 356 et

425 386 795 461 defatigatus]
817 393 875 445 et
905 386 1151 443 anhelus
1171 386 1253 443 'ad
1286 385 1689 442 habitaculum
1723 404 1898 443 suum
1930 403 2064 442 con-

422 478 569 535 fecto
597 477 803 533 itinere
833 477 1113 549 pervenit.
1147 476 1251 533 Cui
1282 492 1419 532 cum
1470 477 1589 532 duo
1629 475 1929 547 discipuli,
1962 474 2065 547 qui

422 568 474 623 ei
496 568 622 638 jam
655 565 910 637 longaevo
941 565 1277 620 ministrare
1300 569 1590 637 cmperant
1611 566 1650 631 ¹,
1679 563 2067 619 occurrissent

422 658 519 711 ‘ll
563 654 860 709 dicentes:
892 654 999 709 Ubi
1048 653 1249 709 tandiu
1296 657 1558 710 moratus
1588 669 1672 719 es,
1707 654 1915 725 pater?
1943 668 2063 708 res-

422 743 663 815 pondit:
697 742 791 796 Vae
826 742 965 797 mihi
1002 741 1310 813 peccatori,
1374 741 1473 813 qui
1532 740 1746 797 falsum
1794 739 2061 795 monachi

419 846 632 886 nomen
666 831 804 886 fero.
836 830 969 885 Vidi
1000 829 1206 900 Eliam,
1237 830 1356 885 vidi
1384 831 1668 886 Joannem
1728 826 1785 883 in
1838 829 2065 885 deserto

422 924 481 975 et
508 935 642 974 vere
672 918 788 973 vidi
818 917 1065 974 Paulum
1097 919 1154 973 in
1186 918 1478 990 paradiso.
1529 920 1598 972 Et
1646 917 1733 972 sic
1775 933 1874 972 oro
1914 934 2068 972 com-

420 1025 645 1081 presso,
678 1013 737 1063 et
766 1024 945 1063 manu
989 1008 1303 1063 verberans
1334 1011 1557 1078 pectus,
1592 1023 1659 1061 ex
1688 1006 1897 1062 cellula
1941 1006 2064 1078 pal-

418 1096 564 1153 lium
599 1095 857 1169 protulit.
879 1096 1361 1168 Rogantibusque
1391 1094 1717 1166 discipulis,
1743 1099 1806 1150 ut
1836 1094 2064 1167 plenius

419 1185 705 1258 quidnam
737 1185 817 1239 rei
850 1188 1003 1240 esset
1026 1188 1360 1256 exponeret,
1391 1184 1509 1239 ait:
1552 1185 1777 1255 Tempus
1822 1185 2064 1251 tacendi,

417 1281 686 1344 ettempus
717 1272 972 1343 loquendi
1000 1273 1193 1343 (Eccte.
1227 1288 1312 1339 ιιι,
1343 1274 1421 1343 7).
1975 1271 1979 1275 ’

495 1363 576 1416 14.
611 1362 778 1416 Pauli
805 1362 998 1416 anima
1036 1363 1179 1416 inter
1206 1362 1525 1433 angelorum
1564 1362 1768 1416 choros.
1805 1393 1873 1399 —
1903 1361 2065 1417 Tunc

419 1466 691 1524 egressus
714 1450 951 1520 foras,et
972 1466 1043 1505 ne
1074 1450 1365 1507 medicum
1392 1450 1627 1522 quidem
1658 1450 1770 1505 cibi
1802 1467 2064 1518 sumens,

420 1556 524 1611 per
550 1539 702 1593 viam
738 1556 852 1611 qua
883 1544 1138 1606 venerat,
1197 1555 1499 1611 regressus
1555 1544 1644 1595 est
1702 1541 1839 1606 [Ven
1873 1556 2064 1613 regre-

2176 400 2378 440 secum
2404 386 2591 442 multa
2616 390 2915 460 reputans,
2941 384 3172 441 dicebat
3194 384 3276 441 :Si
3298 385 3372 441 ad
3394 386 3815 445 monasterium

2175 479 2446 543 revertar,
2473 476 2771 547 quatridui
2802 476 2919 546 [Αἱ.
2952 474 3156 552 tridui]
3187 473 3297 530 iter
3325 478 3451 531 est:
3485 474 3537 532 si
3566 475 3663 532 hic
3697 493 3816 533 ma-

2175 580 2365 631 neam,
2399 564 2544 619 nihil
2576 565 2725 620 ultra
2751 563 3076 637 proficiam.
3118 564 3218 621 “l2
3263 563 3481 621 Moriar
3523 580 3659 638 ergo
3681 567 3722 636 ⁷,
3756 571 3820 622 ut

2174 652 2420 723 dignum
2453 657 2560 719 est,
2593 654 2767 725 juxta
2820 651 3162 709 bellatorem
3214 656 3406 721 tuum,
3465 653 3715 723 Christe,
3763 661 3820 713 et

2174 758 2370 810 ruens,
2401 746 2725 797 extremum
2755 741 3004 798 halitum
3035 740 3299 797 fundam.
3333 740 3497 799 Talia
3525 760 3592 799 eo
3621 744 3816 801 animo
3879 785 3883 789 -

2172 827 2593 895 volvente,ecce
2622 830 2738 885 duo
2766 829 2962 885 leones
2994 844 3062 884 ex
3089 827 3382 884 interioris
3429 828 3611 885 eremi
3649 835 3813 901 parte

2173 922 2495 987 currentes,
2522 918 2852 974 volantibus
2883 934 2985 990 per
3012 916 3162 974 colla
3200 917 3387 988 jubis,
3440 918 3812 989 ferebantur;

2177 1008 2389 1079 quibus
2424 1007 2676 1080 aspectis
2729 1008 2915 1079 primo
2973 1006 3291 1062 exhorruit.
3342 1007 3684 1081 Rursusque
3742 1009 3815 1066 ad

2174 1096 2360 1152 Deum
2401 1097 2657 1152 relerens
2688 1101 2967 1162 mentem,
3016 1095 3186 1165 quasi
3231 1093 3533 1151 columbas
3573 1096 3815 1163 videret,

2174 1185 2392 1240 mansit
2422 1185 2770 1257 intrepidus.
2803 1188 2871 1240 Et
2900 1184 2985 1239 illi
3016 1182 3252 1256 quidem
3281 1183 3500 1241 directo
3526 1201 3701 1241 cursu
3740 1186 3814 1243 ad

2173 1274 2418 1331 cadaver
2467 1274 2619 1330 beati
2648 1273 2806 1330 senis
2853 1272 3262 1340 substiterunt,
3323 1272 3816 1345 adulantibusque

2174 1363 2377 1419 caudis
2406 1362 2560 1419 circa
2585 1364 2713 1435 ejus
2743 1363 2921 1435 pedes
2949 1360 3272 1418 accubuere
3296 1377 3309 1415 :
3330 1360 3566 1417 fremitu
3594 1361 3816 1435 ingenti

2174 1452 2496 1525 rugientes,
2528 1468 2770 1524 prorsus
2801 1454 2865 1506 ut
2891 1449 3250 1522 intelligeres
3299 1450 3400 1516 [Αἰ.
3441 1449 3815 1523 intelligeret]

2175 1558 2274 1597 eos
2316 1540 2614 1614 plangere,
2647 1557 2762 1613 quo
2820 1540 2993 1595 modo
3045 1542 3329 1611 poterant.
3389 1537 3607 1595 Deinde
3656 1538 3817 1595 haud

421 1627 937 1728 diebutur],nillum
969 1627 1195 1694 sitiens,
1251 1627 1420 1682 illum
1462 1628 1657 1728 videre
1704 1628 2068 1728 desiderans,
2096 1662 2144 1728 B
2176 1629 2376 1701 procul
2408 1632 2710 1702 coeperunt
2735 1628 2984 1684 humum
3019 1627 3266 1728 pedibus
3312 1625 3608 1728 scalpere.‘3
3641 1644 3655 1695 ;
3687 1643 3814 1683 are-

420 1715 588 1772 illum
623 1715 808 1772 oculis
838 1733 905 1772 ac
948 1720 1071 1771 tota
1125 1720 1318 1773 mente
1356 1716 1768 1788 complectens.
1800 1716 2067 1774 Timebat

421 1804 601 1879 enim,
635 1806 791 1878 quod
820 1810 878 1861 et
904 1804 1114 1871 evenit,
1148 1822 1221 1861 ne
1267 1821 1329 1861 se
1358 1806 1614 1874 absente,
1648 1805 1872 1862 Christo
1904 1806 2063 1862 debi-

420 1899 549 1951 tum
578 1896 600 1929 ²
656 1894 929 1967 spiritum
976 1895 1264 1950 redderet.
1319 1895 1582 1967 Cumque
1631 1896 1758 1967 jam
1786 1895 1922 1951 dies
1953 1895 2066 1951 alia

419 1981 729 2052 illuxisset,
760 1988 816 2039 et
835 1983 1016 2039 trium
1044 1982 1324 2039 horarum
1355 1983 1543 2056 spatio
1573 1983 1683 2039 iter
1719 1988 2065 2053 remaneret,

418 2072 569 2128 vidit
585 2073 607 2107 ⁸
634 2072 787 2128 inter
815 2070 1157 2145 angelorum
1177 2072 1619 2141 cateruas,inter
1646 2071 2062 2144 prophetarum

418 2164 477 2218 et
505 2160 899 2234 apostolorum
932 2160 1160 2226 choros,
1194 2160 1359 2217 niveo
1389 2161 1641 2216 candore
1673 2159 1916 2216 Paulum
1951 2160 2062 2216 ful-

419 2255 657 2323 gentem
679 2249 738 2304 in
761 2247 1013 2304 sublime
1035 2249 1443 2304 conscendere.
1467 2249 1537 2303 Et
1555 2248 1753 2304 statim
1777 2249 1834 2303 in
1860 2249 2062 2304 faciem

422 2355 590 2393 suam
648 2337 978 2409 procidens,
1042 2335 1315 2392 sabulum
1385 2337 1559 2408 capiti
1619 2337 2062 2409 superjaciebat,

424 2423 780 2497 ploransque
810 2429 867 2481 et
894 2424 1145 2496 ejulans,
1188 2425 1380 2480 aiebat
1410 2426 1552 2496 [ναν.
1584 2426 1745 2496 tacet]
1774 2441 1787 2478 :
1829 2426 1943 2481 Cur
1972 2441 2066 2480 me

428 2513 623 2580 Paule,
657 2513 910 2569 dimittis
930 2514 958 2568 ?
989 2530 1094 2569 cur
1116 2513 1474 2570 insalutatus
1517 2513 1689 2570 abis?
1730 2515 1869 2570 Tam
1901 2514 2066 2570 tarde

423 2607 619 2670 notus,
653 2610 772 2657 tam
800 2602 912 2658 cito
944 2602 1166 2658 recedis
1186 2602 1214 2656 ‘I
1410 2658 1415 2663 ,

492 2691 580 2745 15.
622 2690 927 2746 Referebat
983 2694 1184 2763 postea
1225 2691 1430 2747 beatus
1481 2691 1767 2747 Antonius
1813 2695 1977 2747 tanta
2005 2708 2069 2748 se

415 2778 744 2847 velocitate,
779 2779 933 2851 quod
967 2778 1259 2851 reliquum
1289 2787 1411 2835 erat
1455 2780 1559 2835 via:
1612 2780 1959 2849 cucurrisse,
2003 2784 2068 2835 ut

422 2868 494 2923 ad
525 2867 713 2923 instar
742 2868 865 2924 avis
895 2866 1252 2940 pervolaret:
1289 2884 1395 2923 nec
1434 2867 1728 2924 immerito
1754 2886 1767 2936 ;
1796 2886 1933 2924 nam
1983 2868 2068 2924 in-

417 2960 751 3030 trogressus
782 2956 1145 3029 speluncam,
1196 2957 1339 3011 vidit
1382 2958 1524 3028 [Ven
1581 2957 1755 3029 videt]
1798 2958 2066 3030 genubus

2176 1735 2431 1790 namque
2460 1718 2722 1774 certatim
2755 1720 3074 1790 egerentes,
3126 1715 3303 1772 unius
3345 1715 3603 1772 hominis
3643 1732 3814 1789 capa-

2174 1823 2297 1864 cem
2322 1805 2514 1863 locum
2545 1804 2817 1862 foderunt
2841 1807 2982 1872 [Ver.
3014 1805 3356 1861 elfoderunt.
3389 1804 3584 1871 Et].Ac
3617 1804 3815 1860 statim

2175 1896 2344 1969 quasi
2368 1895 2693 1951 mercedem
2722 1911 2824 1966 pro
2858 1910 3030 1966 opere
3059 1891 3448 1966 postulantes,
3478 1909 3613 1949 cum
3652 1896 3817 1949 motu

2174 1986 2403 2041 aurium
2435 1984 2654 2040 cervice
2683 1984 2923 2055 dejecta,
2957 1983 3030 2039 ad
3073 1981 3391 2038 Antonium
3440 1986 3819 2053 perrexerunt

2174 2089 2388 2130 manus
2417 2073 2546 2144 ejus
2577 2071 2872 2144 pedesque
2897 2068 3205 2143 lingentes.
3228 2073 3303 2124 At
3331 2068 3428 2126 ille
3457 2069 3818 2126 animadver-

2174 2162 2244 2216 tit
2269 2163 2290 2197 θ
2320 2159 2789 2216 benedictionem
2820 2175 2917 2214 eos
2964 2175 2999 2214 a
3029 2174 3090 2214 se
3119 2157 3361 2231 precari.
3392 2162 3506 2214 Nec
3545 2173 3728 2227 mora,
3756 2158 3816 2214 in

2172 2247 2571 2304 laudationem
2606 2245 2817 2302 Christi
2861 2247 3102 2313 effusus,
3163 2245 3319 2317 quod
3368 2248 3532 2300 muta
3586 2260 3817 2318 quoque

2175 2336 2454 2393 animalia
2474 2337 2659 2392 Deum
2692 2351 2818 2392 esse
2850 2335 3159 2402 sentirent,
3217 2333 3298 2389 ait
3329 2350 3341 2388 :
3392 2333 3659 2400 Domine,
3692 2334 3820 2390 sine

2175 2427 2346 2498 cujus
2373 2430 2519 2480 nutu
2553 2441 2659 2480 nec
2690 2423 2895 2479 folium
2954 2422 3178 2478 arboris
3234 2422 3458 2489 deﬂuit,
3499 2438 3604 2478 nec
3662 2438 3817 2478 unus

2175 2531 2479 2588 passerum
2512 2514 2585 2568 ad
2617 2517 2833 2568 terram
2857 2510 3033 2577 cadit,
3057 2511 3131 2566 da
3156 2509 3275 2566 illis
3304 2510 3457 2566 sicut
3485 2514 3550 2566 tu
3580 2509 3716 2567 scis.
3749 2511 3820 2566 Et

2179 2619 2358 2659 manu
2383 2619 2648 2658 annuens
2682 2602 2790 2673 [AL
2815 2599 3089 2670 innuens]
3120 2598 3224 2666 eis,
3257 2602 3321 2654 ut
3351 2599 3599 2668 abirent,
3631 2599 3820 2671 impe-

2176 2692 2343 2748 ravit.
2392 2693 2657 2763 Cumque
2707 2689 2791 2744 illi
2852 2688 3250 2755 recessissent,
3306 2687 3493 2743 sancti
3561 2688 3821 2760 corporis

2176 2781 2341 2837 oneri
2376 2781 2482 2852 [Αἱ.
2515 2784 2708 2846 onere]
2744 2777 2958 2835 seniles
2991 2776 3248 2833 curvavit
3275 2776 3591 2845 humeros;
3623 2780 3680 2833 et
3716 2777 3823 2833 de—

2174 2869 2364 2942 posito
2386 2886 2452 2925 eo
2482 2869 2723 2925 etl‘osam
2756 2868 2819 2937 ιο,
2848 2867 3100 2937 desuper
3145 2865 3391 2921 humum
3437 2880 3822 2939 congregans,

2176 2956 2473 3013 tumulum
2532 2973 2602 3012 ex
2653 2972 2813 3011 more
2872 2953 3066 3027 posuit
3091 2954 3197 3025 [Αι.
3257 2954 3626 3026 composuit].
3665 2954 3825 3011 Post-

421 3044 806 3117 complicatis,
840 3050 1025 3101 erecta
1064 3044 1302 3112 cervice,
1356 3047 1729 3117 extensisque
1773 3046 1832 3115 in
1881 3046 2066 3102 altum
2099 3032 2142 3098 C
2180 3063 2358 3119 quam
2391 3050 2587 3101 autem
2618 3044 2733 3100 alia
2761 3044 2886 3100 dies
2916 3042 3129 3110 illuxit,
3160 3059 3233 3099 ne
3271 3042 3411 3115 quid
3459 3042 3593 3115 pius
3639 3042 3823 3099 haeres

421 3133 717 3200 manibus,
748 3150 959 3205 corpus
982 3133 1266 3189 exanime.
1300 3135 1379 3190 Ac
1411 3136 1667 3207 primum
1715 3141 1768 3190 et
1816 3135 1942 3207 ipse
1980 3137 2066 3190 vi-

421 3237 552 3278 vere
582 3236 714 3276 eum
749 3222 1013 3289 credens,
1046 3221 1262 3293 pariter
1317 3224 1537 3279 orabat.
1571 3224 1889 3295 Postquam
1937 3239 2067 3279 vero

426 3313 489 3365 ut
518 3308 699 3376 nulla,
733 3315 798 3365 ut
817 3309 1058 3378 solebat,
1090 3310 1347 3382 suspiria
1400 3312 1691 3382 precantis
1734 3312 1974 3379 audivit,
2007 3310 2068 3366 in

424 3398 615 3455 ﬂebile
636 3397 904 3454 osculum
931 3415 1126 3464 ruens,
1151 3397 1616 3472 intellexit,quod
1629 3400 1806 3455 etiam
1828 3400 2071 3456 cadaver

424 3487 610 3545 sancti
643 3487 828 3544 Deum
859 3488 900 3554 ⁴,
955 3487 1049 3543 cui
1101 3488 1299 3544 omnia
1349 3488 1567 3556 vivunt,
1628 3489 1817 3545 ofﬁcio
1868 3493 2070 3561 gestus

421 3594 538 3650 prae
547 3581 740 3632 caretu
751 3595 795 3632 r.

499 3667 579 3721 16.
616 3665 931 3721 Christiana
959 3665 1199 3722 traditio.
1235 3697 1299 3708 —
1332 3667 1516 3738 Igitur
1544 3665 1817 3722 obvoluto
1852 3672 1909 3722 et
1938 3684 2068 3739 pro-

419 3754 537 3810 lato
569 3755 727 3811 foras
760 3770 1019 3826 corpore,
1065 3754 1315 3827 hymnos
1346 3771 1582 3827 quoque
1622 3760 1679 3811 et
1708 3754 1969 3827 psalmos
1999 3756 2071 3810 de

420 3842 752 3900 Christiana
802 3843 1114 3898 traditione
1162 3844 1501 3913 decantans,
1564 3845 2072 3901 contristabatur's

421 3930 898 4003 Antonius,quod
930 3929 1250 3997 sarculum,
1275 3948 1392 4003 quo
1419 3937 1635 3989 terram
1672 3932 1914 4003 foderet,
1956 3949 2071 3989 non

504 4073 702 4138 ‘Erat,
728 4087 843 4147 non
866 4072 1019 4147 satis
1059 4088 1315 4147 congruo
1356 4091 1554 4141 sensu,
1582 4076 1640 4130 in
1674 4074 1927 4147 vulgatis
1956 4092 2075 4130 om-

423 4144 620 4209 nibus,
654 4145 753 4215 qui
777 4145 831 4199 ei
860 4144 1020 4213 longo
1050 4144 1430 4218 iamp’tempore
1486 4144 1805 4201 ministrare
1850 4162 2072 4201 consue-

421 4224 613 4273 verant
648 4232 661 4285 ;
696 4219 850 4271 certe
881 4220 1083 4271 contra
1114 4215 1447 4289 Hieronymi
1500 4222 1775 4282 mentem,
1822 4221 1880 4270 et
1926 4232 2066 4272 mss.

424 4289 693 4413 θδθθῖῗιύά
741 4357 981 4412 debitum
1042 4356 1100 4411 in
1150 4357 1382 4412 duobus
1437 4356 1623 4413 Vatic.
1684 4357 2067 4414 desideratur.

547 4395 693 4413 ιιιυυι
741 4395 981 4412 “eum...
1150 4395 1382 4412 υυυυμο
1457 4395 1623 4413 mu...
1684 4395 2067 4414 υυωυυιαυιμ.

423 4428 554 4483 Mox
573 4442 708 4482 vero
739 4444 841 4498 pro
871 4430 976 4481 iter
999 4435 1325 4499 remaneret,
1356 4428 1512 4499 quod
1544 4445 1612 4483 ex
1643 4429 1909 4499 omnium
1943 4446 2075 4484 con-
2104 4395 2151 4460 D

425 4514 602 4554 sensu
636 4513 783 4571 mss:
812 4497 1239 4571 expressimus,
1291 4497 1531 4571 cogente
1589 4500 1771 4571 etiam
1816 4498 2074 4556 inferiori

425 4571 716 4631 contextu,
769 4566 1077 4642 hucusque
1123 4566 1457 4625 obtinuerat
1520 4570 1812 4626 contrario
1872 4588 2073 4642 sensu,

423 4642 572 4696 viam
604 4640 969 4694 removisset.

493 4711 515 4745 ³
548 4711 750 4766 Veron.
776 4709 834 4763 in
866 4709 1135 4780 prazsenti
1171 4710 1334 4767 videt.

494 4784 517 4817 ‘
546 4782 640 4838 Sic
671 4798 820 4837 mss.
862 4784 919 4835 et
966 4780 1277 4837 Victorius.
1323 4781 1540 4838 Vitiose
1596 4783 1752 4839 enim
1805 4783 2070 4840 Martian.

465 4859 557 4909 ost
586 4854 834 4921 Erasm.,
890 4851 1039 4921 Quod
1087 4854 1254 4909 etiam
1308 4853 1548 4909 cadaver
1604 4858 1858 4911 sanctum
1908 4858 2076 4911 etiam

469 4942 614 4988 eum,
646 4930 754 4980 etc.

494 4994 915 5070 5Veronensis,
976 4994 1191 5069 aliique
1248 5014 1392 5053 mss.
1455 4997 1678 5053 Prolata
1740 4999 1890 5070 foras
1961 5013 2075 5053 cor-

417 5082 571 5139 pore,
599 5067 830 5136 psalmis
859 5084 1068 5139 quoque
1095 5067 1192 5124 _e:c
1245 5070 1565 5127 Christiana
1618 5067 1922 5124 traditione
1948 5084 2077 5124 can-

425 5140 580 5200 tatis,
609 5139 1063 5206 contristabamr,
1087 5145 1196 5194 etc.

496 5210 606 5263 6In
639 5206 852 5263 Veron.
905 5225 1074 5281 mss,
1136 5212 1398 5281 Habebat.
1451 5212 1856 5281 Fluctuansque
1903 5211 2074 5277 vario,

427 5284 537 5407 etg.
558 5287 862 5405 treputans:
893 5278 973 5345 Si,
1008 5284 1115 5333 etc.
1142 5280 1364 5353 absque
1394 5282 1736 5355 interposito
1761 5278 1959 5336 'verbo
1988 5282 2073 5336 di-

427 5367 484 5407 ce
521 5368 551 5406 α
587 5393 598 5404 .

424 5367 598 5408 σεοαι.

498 5424 518 5458 ⁷
553 5423 674 5493 Duo
706 5420 912 5493 vatim,
946 5421 1151 5478 Moriar
1177 5425 1229 5478 et
1255 5438 1372 5493 ego,
1404 5428 1487 5493 ut,
1518 5430 1630 5481 etc.

497 5495 518 5530 ⁸
549 5492 714 5551 Unus
743 5491 952 5561 Vatie.,
982 5493 1227 5562 scabere,
1255 5491 1401 5552 alter
1424 5491 1709 5566 excavare,
1743 5501 1801 5553 et
1827 5510 2074 5570 capacem

2177 3153 2247 3192 ex
2276 3133 2536 3191 intestati
2567 3134 2736 3189 bonis
2767 3150 2883 3189 non
2913 3132 3523 3206 possideret,tunicam
3556 3133 3685 3204 ejus
3708 3133 3820 3188 sibi

2176 3223 2511 3289 vindicavit,
2546 3239 2723 3294 quam
2756 3221 2818 3277 in
2862 3226 3194 3294 sportarum
3242 3221 3485 3276 modum
3515 3222 3586 3277 de
3614 3221 3821 3294 palmae

2181 3313 2288 3384 [AL
2325 3312 2680 3383 palmarum]
2702 3310 2855 3366 foliis
2893 3310 3020 3382 ipse
3040 3309 3153 3365 sibi
3200 3312 3594 3366 contexuerat.
3624 3313 3710 3365 Ac
3740 3311 3827 3365 sic

2179 3401 2252 3456 ad
2303 3399 2726 3455 monasterium
2783 3415 3077 3471 reversus,
3131 3396 3440 3469 discipulis
3494 3401 3704 3453 cuncta
3760 3414 3830 3454 ex

2179 3488 2382 3546 ordine
2410 3486 2741 3560 replicavit;
2769 3487 3094 3559 diebusque
3123 3486 3484 3542 solemnibus
3504 3485 3738 3542 Pascha
3768 3491 3828 3542 et

2184 3579 2554 3634 Pentecostes
2585 3592 2816 3649 semper
2848 3575 3013 3631 Pauli
3035 3575 3235 3631 tunica
3260 3575 3509 3631 vestitus
3538 3578 3646 3632 est.

2250 3668 2340 3723 l7.
2377 3666 2721 3737 Comparatio
2751 3665 2918 3721 Pauli
2944 3669 2996 3721 et
3024 3664 3261 3719 divitum
3306 3664 3519 3721 saeculi.
3550 3695 3618 3703 —
3662 3664 3833 3720 Libet

2180 3756 2240 3811 in
2272 3756 2389 3811 ﬁne
2409 3753 2676 3827 opusculi
2698 3770 2797 3809 eos
2829 3752 3310 3825 interrogare,qui
3337 3767 3444 3807 sua
3473 3750 3833 3823 patrimonia

2179 3846 2475 3918 ignorant,
2501 3843 2602 3915 qui
2632 3843 2838 3898 domos
2870 3840 3262 3897 marmoribus
3285 3839 3563 3908 vestiunt,
3590 3840 3693 3912 qui
3714 3857 3833 3896 uno

2180 3932 2279 3988 filo
2312 3931 2582 3987 villarum
2629 3930 2875 3986 insuunt
2926 3928 3242 4003 praedia“;
3302 3927 3439 3984 huic
3498 3927 3625 3984 seni
3671 3928 3831 3985 nudo

2183 4076 2361 4130 locum
2391 4073 2658 4145 cﬂ'oderc:
2692 4090 2827 4128 mox
2856 4089 3087 4146 quoque
3133 4075 3400 4146 commota
3441 4072 3668 4146 aurium
3715 4087 3833 4127 uno

2182 4146 2356 4201 verbo
2389 4141 2490 4216 pro
2528 4162 2649 4199 cum
2710 4141 2896 4206 motu}
2946 4141 3093 4199 alter
3136 4142 3321 4198 Vatic.
3369 4141 3663 4213 antiquior
3708 4158 3837 4198 cum

2182 4220 2344 4288 nutu.
2382 4218 2507 4271 Ver.
2534 4217 2887 4288 postulaturi.

2258 4289 2279 4322 θ
2310 4287 2449 4342 Mss.
2487 4282 2604 4341 una
2633 4286 2799 4342 serie.
2836 4288 2898 4343 Ut
2914 4286 3011 4342 ille
3037 4285 3531 4351 animadverteret;
3561 4287 3619 4341 et
3656 4282 3832 4356 paulo

2185 4363 2317 4431 post
2345 4359 2465 4431 duo
2480 4358 2744 4431 Vaticani
2776 4358 2887 4413 sibi
2928 4359 3197 4413 seruirent
3225 4372 3330 4428 pro
3357 4356 3531 4431 Deum
3554 4370 3679 4431 esse
3705 4370 3831 4431 seu-

2183 4427 2350 4485 tire-nt
2371 4447 2391 4491 ;
2420 4430 2565 4484 alter
2592 4429 2733 4501 quod
2761 4446 2887 4483 eum
2916 4431 3071 4484 muta
3098 4427 3310 4501 quoque
3354 4427 3627 4483 animalia
3654 4427 3824 4481 senti-

2184 4505 2327 4556 rent.
2362 4501 2492 4555 Ver.
2526 4502 2695 4556 Deum
2724 4516 2834 4555 esse
2861 4503 3033 4556 tacet.

2255 4572 2298 4607 ιο
2328 4571 2491 4626 Haud
2523 4577 2673 4626 reste
2705 4576 2828 4626 erat
2857 4573 2914 4625 in
2945 4573 3166 4641 fossam.
3184 4568 3392 4641 Verius
3422 4583 3576 4623 unus
3598 4566 3832 4640 Regina:

2184 4660 2320 4710 ms.,
2356 4645 2415 4697 in
2444 4647 2583 4713 fossa
2618 4661 2630 4709 ;
2668 4638 2971 4697 verissima
3019 4646 3215 4713 autem
3266 4638 3624 4713 reliquorum
3682 4638 3832 4713 ipse.

2183 4713 2352 4769 lectio
2382 4710 2507 4785 viSa
2552 4723 2638 4767 est
2696 4715 2963 4785 effossam,
3014 4712 3233 4769 scilicet
3263 4710 3510 4778 humum,
3543 4713 3650 4765 etc.
3682 4710 3832 4765 Tum

2183 4785 2343 4847 νων..
2366 4784 2479 4840 dies
2515 4782 2780 4840 illumcrat
2809 4786 2948 4839 alia.
3840 4782 3855 4793 '

2257 4856 2295 4933 ll
2318 4856 2470 4923 Erat,
2495 4853 3209 4933 Iino,quodqueqvitiosum
3230 4853 3542 4933 a_\_lict_orlo
3563 4852 3833 4933 notatum

2184 4931 2375 5002 antea,
2401 4927 2621 5002 praedia
2654 4925 2773 4999 ‘pro
2806 4925 3010 4998 pret-ia,
3051 4925 3544 5002 penes__Martian,
3602 4925 3838 5002 cuiusp-

2184 4992 2523 5054 lemne'est
2571 4992 2903 5064 Era-smum,
2966 4992 3186 5053 caateris
3236 4994 3402 5051 libris
3457 4992 3832 5055 inconsultis,

2184 5069 2532 5125 describere.
2595 5069 2982 5141 Hieronymus
3035 5065 3406 5141 vero__locum
3445 5065 3837 5141 imitatusnest

2184 5158 2252 5220 ex
2283 5141 2627 5220 Tertulliani
2655 5132 3125 5220 libro'Deﬂabit.
3155 5137 3430 5220 Muliebr.,
3461 5136 3602 5220 o..9:
3641 5132 3833 5220 «MIan

2184 5212 2307 5267 lino
2330 5214 2523 5268 decies
2554 5212 2890 5267 sestertium
2921 5212 3219 5268 inseritur.
3248 5232 3269 5258 ι
3306 5204 3634 5265 Εειίειιιῑθω
3664 5204 3832 5261 ﬁlum

2185 5284 2280 5356 cui
2313 5284 2643 5356 margaritae
2675 5291 2732 5339 et
2760 5282 3426 5356 gemmaehinseruntur,
3476 5283 3535 5356 et
3588 5276 3835 5356 monilia

2187 5354 2356 5410 ﬁunt.
2388 5350 2599 5410 VEron.
2649 5350 2849 5411 tam'en
2907 5359 2964 5411 et
3011 5353 3123 5409 lino
3154 5369 3257 5424 pro
3287 5351 3404 5423 ﬁlo,
3433 5355 3493 5408 et
3512 5350 3699 5423 pretia
3726 5365 3833 5421 pro

2187 5425 2392 5482 praedia
2419 5425 2612 5482 habet.
3722 5446 3728 5451 ί

2176 5427 2392 5498 ρνιεάἰα
2419 5427 2612 5482 habet.
3722 5446 3728 5451 ί
