4118 6158
298 164 373 235 ΞΘ
1378 164 1566 232 VITA
1606 167 1667 231 S.
1715 162 2163 231 HILARIONIS
2209 163 2611 229 EREMITIE.

3613 171 3695 236 30

298 306 400 379 [ΑΙ.
427 302 757 376 seminudo]
806 303 950 376 quid
993 319 1255 376 unquam
1303 302 1526 358 defuit?
1555 302 1668 358 Vos
1697 318 1932 375 gemma
1962 303 2017 369 Α
2045 300 2257 372 opibus
2307 316 2562 355 arsuros.
2615 298 2857 367 Parcite,
2902 316 3118 371 quasso,
3168 317 3270 359 vos
3318 300 3426 377 [AL
3474 305 3688 379 vobis],

293 394 512 459 bibitis,
542 393 634 448 ille
684 398 906 448 naturae
956 394 1227 448 concavis
1270 392 1545 447 manibus
1590 392 1928 446 satisfecit‘.

292 484 403 539 Vos
436 485 496 538 in
526 482 740 538 tunicis
769 498 976 537 aurum
1008 483 1225 549 texitis,
1258 481 1352 536 ille
1402 498 1473 536 ne
1503 480 1769 535 vilissimi
1803 482 1930 551 qui-

294 572 423 628 dem
452 572 860 627 indumentum
890 573 989 627 13
1034 571 1242 626 habuit
1288 569 1565 639 mancipii
1594 568 1791 623 vestri.
1820 569 1930 623 Sed

292 678 324 715 e
369 661 659 716 contrario
704 659 787 713 illi
819 659 1176 731 pauperculo
1226 658 1536 731 paradisus
1594 662 1770 728 patet,
1831 674 1932 712 vos

293 754 531 804 auratos
577 748 842 820 gehenna
898 748 1199 819 suscipiet.
1263 746 1361 801 Ille
1414 750 1634 801 vestem
1693 744 1929 812 Christi,

293 839 489 893 nudus
542 837 691 901 licet,
744 842 939 892 tamen
988 836 1273 900 servavit;
1317 851 1417 888 vos
1464 834 1655 887 vestiti
1707 826 1929 898 sericis,

290 927 696 981 indumentum
723 925 939 982 Christi
988 923 1348 995 perdidistis.
1385 922 1599 976 Paulus
1649 922 1931 977 vilissimo

291 1015 520 1087 pulvere
548 1021 858 1085 coepertus
880 1016 1040 1084 jacet
1088 1017 1520 1068 resurrecturus
1555 1011 1611 1063 in
1643 1009 1887 1081 gloriam
1915 1026 1927 1064 :

286 1122 383 1161 vos
412 1120 657 1177 operosa
688 1104 847 1158 saxis
875 1104 895 1136 ²
926 1101 1197 1174 sepulcra
1244 1103 1518 1172 premunt
1562 1115 1694 1152 cum
1726 1097 1933 1152 vestris

364 1280 380 1310 ¹
412 1276 547 1329 Vid.
582 1275 727 1329 infra
755 1273 857 1327 lib.
893 1290 934 1327 ιι
966 1271 1164 1327 Contra
1213 1271 1489 1325 Jovinz’an.
1523 1273 1578 1322 et
1610 1268 1929 1333 Laertium,

294 1349 355 1403 in
387 1347 651 1419 Diogene.
683 1345 814 1399 Mox
845 1345 960 1398 duo
993 1360 1161 1407 mss.,
1199 1344 1416 1419 Tanicis
1447 1356 1583 1419 citro
1613 1342 1793 1419 temtas.

362 1421 384 1453 ²
408 1410 647 1472 ΑΙΪείιπί
676 1432 855 1487 quam
885 1430 1086 1469 vocem
1120 1414 1354 1487 penitus
1388 1411 1667 1487 omittunt
1698 1410 1821 1464 alii.

355 1490 377 1522 ³
403 1481 715 1553 Veronen.,
747 1504 871 1541 cum
899 1481 1279 1551 mmTtis'suis,
1313 1484 1371 1537 in
1403 1482 1537 1553 aliis
1563 1498 1695 1536 cum
1728 1481 1930 1550 regnis,

283 1576 383 1632 pro
403 1561 589 1632 pleni:
634 1552 910 1613 Martian.
961 1562 1282 1627 utrumque
1328 1552 1593 1609 attexuit.
1645 1553 1930 1607 Caeterum

2042 390 2257 459 parcite
2289 389 2497 443 saltem
2528 389 2746 443 divitiis
2777 406 2924 460 quas
2946 390 3178 446 amatis.
3204 396 3315 447 Cur
3340 397 3395 448 et
3418 399 3683 451 mortuos

2040 483 2262 533 vestros
2310 479 2529 532 auratis
2577 478 2878 533 obvolvitis
2928 479 3231 535 vestibus?
3291 498 3394 536 cur
3441 484 3683 540 ambitio

2042 567 2193 621 inter
2224 566 2415 620 luctus
2438 566 2838 638 lacrymasque
2870 585 2983 622 non
3018 568 3247 624 cessat?
3286 572 3369 624 Au
3403 573 3683 628 cadavera

2043 655 2287 710 divitum
2318 655 2429 709 nisi
2460 656 2517 709 in
2551 656 2733 710 serico
2764 662 3092 726 putrescere
3124 659 3439 714 nesciunt?

2114 746 2197 796 18.
2236 742 2505 806 Obsecro,
2541 744 2877 815 quicunque
2908 745 3027 801 haec
3059 746 3225 819 legis,
3252 752 3314 802 ut
3346 748 3673 821 Hieronymi

2044 831 2359 904 peccatoris
2392 832 2766 899 memineris;
2829 834 2920 887 cui
2971 835 3017 889 si
3065 838 3343 891 Dominus
3388 838 3682 909 optionem

2044 923 2225 985 daret,
2261 920 2443 975 multo
2468 920 2653 991 magis
2676 921 2915 990 eligeret
2935 924 3195 979 tunicam
3222 924 3379 979 Pauli
3405 943 3537 981 cum
3570 944 3677 981 me-

2046 1010 2171 1064 ritis
2228 1009 2374 1078 ejus,
2435 1025 2609 1079 quam
2687 1027 2889 1083 regum
2951 1030 3243 1084 purpuras
3303 1031 3435 1069 cum
3498 1016 3683 1086 pmnis

2044 1099 2221 1154 suis3.

2040 1266 2223 1320 Vatic.
2260 1284 2413 1321 unus
2434 1266 2555 1320 haec
2587 1267 2656 1320 ad
2690 1268 2865 1321 tinem
2906 1269 3102 1323 addit:
3140 1294 3165 1319 «
3201 1271 3354 1326 Finit
3385 1274 3502 1327 vita
3533 1275 3685 1330 beati

2045 1337 2204 1418 Pauli
2231 1337 2517 1418 Monachi,
2553 1354 2731 1408 quam
2763 1340 2999 1418 scripsit
3030 1341 3416 1418 Hieronymus
3448 1346 3682 1418 presby-

2043 1414 2146 1473 ter,
2182 1409 2287 1487 _qu_i
2326 1410 2592 1487 fuituanle
2636 1409 2904 1487 sanctum
2952 1409 3290 1487 Antonium,
3344 1409 3685 1487 que-mripse

2043 1479 2309 1553 sepelivit
2338 1480 2396 1533 in
2429 1484 2657 1553 Eremo.
2701 1481 2801 1553 Hic
2850 1500 3154 1553 nunquam
3194 1485 3301 1540 fuit
3347 1479 3406 1539 in
3438 1479 3683 1542 civitati-

2044 1552 2173 1616 bus,
2209 1556 2519 1622 postquam
2552 1551 2610 1605 in
2645 1551 2958 1608 solitudine
2990 1551 3251 1611 moratus
3284 1564 3389 1611 est.
3425 1580 3452 1607 ››

1185 1922 1617 2055 νΙζΓᾼᾼ
1680 1917 2791 2063 ΞςιςῌΙΙλΑιῌξῷςΝᾷςΞ.

1787 2128 2183 2139 ——_——.—

279 2285 537 2342 Hilarion
569 2282 920 2349 monachus,
951 2279 1289 2342 Thabathae,
1326 2276 1638 2353 Palestina
1667 2274 1812 2353 vico,
1844 2274 2030 2353 ortus,
2063 2274 2357 2353 achmagni
2390 2276 2621 2353 Antonii
2654 2277 3029 2353 discipulus,
3058 2286 3277 2352 quanta
3325 2283 3680 2340 abstinentia

345 2375 409 2411 ac
456 2355 775 2412 sanctitate
799 2342 979 2408 vitam
1028 2354 1277 2416 duxerit,
1311 2350 1685 2424 quantisque
1716 2343 1985 2424 etiamin
2038 2342 2351 2424 solitudine
2405 2346 2741 2403 inclaruerit
2792 2342 3112 2420 miraculis,
3146 2353 3376 2424 copiose
3402 2355 3680 2410 describit

348 2426 759 2499 Hieronymus,
794 2425 854 2480 in
888 2440 1071 2496 eoque
1102 2414 1396 2494 exemplar
1424 2414 1659 2493 perfecti
1692 2414 1962 2471 monachi
1993 2414 2285 2485 proponit.

892 2574 1322 2631 PROLOGUS”.

340 2742 389 2795 1.
422 2738 777 2810 Scripturus
824 2735 1018 2791 Vitam
1051 2734 1205 2790 beati
1254 2732 1590 2798 Hilarionis,
1635 2729 1927 2784 habitato-

271 2844 390 2884 rem
441 2830 577 2899 ejus
626 2827 830 2881 invoco
886 2824 1175 2896 Spiritum
1229 2828 1538 2889 sanctum;
1584 2824 1647 2874 ut
1704 2818 1803 2890 qui
1843 2815 1927 2870 illi

267 2918 519 2972 virtutes
568 2915 820 2987 largitus
852 2918 960 2980 est,
992 2913 1137 2967 mihi
1170 2912 1241 2967 ad
1288 2910 1609 2966 narrandas
1656 2924 1755 2963 eas
1803 2923 1927 2961 ser-

268 3022 505 3061 monem
538 3005 784 3069 tribuat,
820 3008 884 3058 ut
934 3002 1083 3057 facta
1112 3002 1284 3057 dictis
1306 2998 1922 3071 exmquenturEorum

266 3096 425 3151 enim
483 3095 591 3165 qui
650 3094 859 3162 fecere,
912 3092 1099 3146 virtus
1156 3092 1244 3163 (ut
1302 3090 1382 3144 ait
1438 3088 1703 3159 Crispus)
1762 3090 1927 3140 tanta

266 3185 539 3249 habetur,
577 3187 870 3254 quantum
900 3183 923 3215 ³
969 3198 1097 3236 eam
1151 3179 1344 3235 verbis
1376 3183 1613 3250 potuere
1657 3174 1926 3231 extollere

268 3272 551 3345 praeclara
620 3270 871 3342 ingenia.
950 3269 1273 3324 Alexander
1354 3269 1601 3337 Magnus
1663 3265 1923 3329 Macedo,

268 3378 446 3433 quem
504 3359 600 3415 vel
672 3359 910 3415 arietem
970 3360 1010 3424 ⁸,
1070 3357 1158 3413 vel
1217 3358 1486 3428 pardum,
1548 3354 1636 3410 vel
1695 3354 1923 3408 hircum

268 3465 591 3521 caprarum
622 3448 821 3503 Daniel
853 3450 1038 3513 vocat,
1073 3463 1206 3502 cum
1251 3447 1322 3500 ad
1352 3443 1594 3499 Achillis
1628 3442 1923 3497 tumulum

266 3537 685 3610 pervenisset:
718 3535 956 3591 Felicem
992 3541 1047 3589 te
1080 3536 1121 3600 ⁵,
1154 3535 1257 3600 ait,
1283 3533 1533 3604 juvenis,
1579 3532 1677 3603 qui
1711 3548 1923 3602 magno

268 3626 499 3681 frueris
548 3624 658 3695 [ΑΙ.
712 3623 931 3696 fruaris]
964 3639 1226 3695 priscone
1276 3622 1654 3677 meritorum!
1714 3621 1922 3676 Home-

264 3731 401 3769 rum
435 3711 712 3768 videlicet
740 3712 1093 3784 signiﬁcans.
1128 3712 1302 3766 Porro
1335 3711 1479 3765 mihi
1513 3710 1653 3765 tanti
1692 3727 1755 3765 ac
1787 3710 1923 3765 talis

267 3803 377 3858 viri
443 3801 805 3857 conversatio
843 3802 951 3873 [Αἰ.
985 3801 1325 3870 conversio].
1376 3799 1623 3871 Vitaque
1675 3799 1920 3853 dicenda

264 3898 369 3957 est,
406 3896 471 3947 ut
504 3892 792 3946 Homerus
841 3907 1073 3962 quoque
1102 3890 1148 3945 si
1202 3890 1451 3956 adesset,
1503 3888 1588 3944 vel
1639 3888 1922 3943 invideret

270 3982 546 4045 materies,
583 3978 670 4033 vel
704 3980 1133 4034 succumberet.
1180 3979 1525 4048 Quanquam
1560 3977 1714 4031 enim
1752 3994 1919 4031 sanc-

266 4074 357 4124 tus
404 4068 780 4141 Epiphanius
842 4067 1153 4124 Salamina:
1204 4067 1373 4138 Cypri
1432 4066 1765 4137 episcopus,
1820 4065 1919 4136 qui

268 4173 399 4212 cum
457 4157 762 4211 Hilarione
818 4155 1143 4227 plurimum
1205 4160 1470 4209 versatus
1529 4161 1638 4223 est,
1688 4154 1921 4209 laudem

268 4246 394 4317 ejus
414 4244 575 4301 brevi
606 4244 857 4317 epistola
887 4244 1249 4315 scripserit“,
1296 4260 1423 4314 qua:
1456 4243 1627 4315 vulgo
1659 4242 1876 4314 legitur
1902 4261 1914 4310 ;

272 4338 465 4387 tamen
499 4333 657 4388 aliud
694 4339 785 4388 est
817 4333 959 4387 locis
991 4331 1407 4387 communibus
1439 4330 1678 4386 laudare
1711 4332 1920 4386 defun-

267 4426 439 4490 ctum,
493 4422 655 4477 aliud
705 4420 967 4476 defuncti
1033 4421 1299 4492 proprias
1357 4437 1593 4474 narrare
1650 4420 1915 4474 virtutes.

330 4567 343 4597 ¹
376 4566 614 4620 Scripta
642 4565 782 4619 circ.
816 4580 889 4618 an
919 4564 1046 4617 390.

329 4636 440 4715 ‘_In
490 4632 649 4715 Yitis
706 4633 1251 4715 Patrum__Prolo_go
1294 4632 1509 4715 .isthas‘c
1542 4633 1918 4715 praeponitur

264 4706 616 4761 obtestatio:
653 4729 679 4755 ‹‹
718 4707 778 4761 In
813 4706 1031 4761 sanctis
1063 4704 1425 4759 orationibus
1474 4704 1587 4758 tuis
1622 4712 1915 4762 memento

264 4779 393 4840 mei,
424 4779 614 4849 decus
644 4782 701 4831 et
732 4778 989 4849 dignitas
1019 4778 1334 4849 virginum,
1368 4775 1585 4849 Nonna
1617 4775 1848 4849 Asella;
1886 4801 1913 4827 ››

261 4853 433 4920 atque
463 4848 611 4905 adeo
645 4849 702 4902 in
736 4846 849 4903 fine
894 4848 1074 4903 Vitae;
1111 4846 1137 4895 ἆ
1173 4847 1319 4920 Opto
1346 4852 1409 4900 ut
1438 4846 1495 4899 in
1531 4846 1759 4920 Christo
1792 4866 1914 4919 pcr-

260 4917 526 4986 maneas,
576 4925 633 4975 et
690 4936 917 4975 memor
966 4920 1023 4974 in
1076 4917 1436 4974 oratiOnihus
1488 4917 1605 4971 tuis
1660 4920 1742 4974 sis
1776 4917 1909 4987 mei,

258 4992 415 5063 virgo
468 4991 894 5063 sacratissima.
930 5014 950 5037 ι
997 4990 1141 5044 Hinc
1189 4987 1675 5063 Asellarinseribi
1728 4990 1909 5045 histo-

260 5058 403 5118 riam
436 5064 548 5117 abs
595 5062 947 5133 Hieronymo
988 5060 1251 5117 nonnulli
1296 5058 1563 5133 arbitrati
1596 5066 1757 5127 sunt,
1787 5064 1909 5131 sed,

257 5149 386 5189 cum
422 5150 616 5204 neque
648 5132 707 5187 in
742 5129 875 5188 aliis
895 5132 1089 5199 editis,
1122 5148 1307 5202 neque
1339 5132 1397 5185 in
1445 5129 1579 5185 ullis
1613 5149 1755 5187 mss.
1792 5129 1911 5187 ver-

257 5205 325 5259 ba
353 5204 459 5259 illa
490 5204 882 5269 inveniantur,
915 5204 1059 5258 nihil
1091 5204 1255 5259 video
1312 5219 1413 5274 pro
1446 5207 1600 5256 certo
1632 5204 1905 5259 constitui

257 5292 449 5346 posse.

322 5348 339 5379 ³
371 5348 579 5401 Victor.
620 5348 867 5411 virtutes,
919 5354 979 5402 ut
1026 5348 1105 5401 ait
1139 5346 1381 5416 Crispus,
1405 5347 1591 5416 itanta
1640 5346 1908 5401 habentur

252 5420 449 5545 gesta
476 5425 766 5543 (litigatum,
817 5424 927 5475 etc.
987 5416 1141 5474 haud
1176 5415 1348 5473 recte.
1402 5415 1533 5471 Vid.
1572 5416 1808 5474 Sallust.
1848 5419 1903 5473 in

292 5506 325 5544 ε
354 5506 371 5545 ι
402 5532 443 5545 ..
476 5505 525 5544 c.
596 5532 609 5544 .

292 5491 443 5560 atil.,
476 5505 525 5544 c.
557 5491 609 5544 8.

1961 2566 2008 2630 B
2040 2565 2201 2622 Unde
2258 2572 2315 2622 et
2361 2585 2465 2624 nos
2524 2570 2714 2627 favore
2767 2573 2952 2645 magis
2985 2574 3162 2643 illius,
3212 2592 3389 2647 quam
3442 2577 3679 2648 injuria,

2039 2660 2292 2727 coeptum
2344 2659 2415 2712 ab
2465 2675 2530 2714 eo
2583 2676 2728 2731 opus
2775 2664 3197 2734 aggredientes,
3260 2665 3681 2723 maledicorum

2038 2761 2205 2800 voces
2236 2748 2705 2804 contemnimus:
2746 2752 2846 2821 qui
2897 2753 3035 2807 olim
3087 2754 3460 2811 detrahentes
3506 2757 3681 2812 Paulo

2038 2851 2187 2902 meo,
2246 2853 2400 2892 nunc
2452 2837 2595 2893 forte
2652 2839 2960 2896 detrahent
3018 2846 3074 2896 et
3130 2843 3446 2899 Hilarioni:
3510 2844 3677 2899 illum

2038 2922 2373 2980 solitudinis
2414 2926 2774 2993 calumniati,
2836 2929 2972 2984 huic
3020 2931 3360 3001 objicientes
3408 2934 3677 3005 frequen-

2038 3013 2177 3067 tiam
2207 3032 2217 3068 :
2244 3018 2307 3068 ut
2346 3016 2444 3086 qui
2494 3032 2726 3088 semper
2767 3018 2958 3083 latuit,
2991 3036 3103 3073 non
3157 3023 3258 3076 14
3307 3020 3525 3088 fuisse;
3579 3020 3683 3093 qui

2038 3118 2071 3154 a
2120 3101 2321 3157 multis
2377 3105 2537 3159 visus
2594 3111 2703 3169 est,
2756 3107 2884 3161 vilis
2941 3108 3331 3164 existimetur.
3399 3110 3683 3166 Fecerunt

2036 3188 2143 3244 hoc
2176 3196 2264 3245 est
2297 3194 2546 3263 majores
2576 3210 2776 3249 eorum
2800 3198 3097 3266 quondam
3127 3198 3427 3265 Phariszei,
3460 3200 3681 3270 quibus

2038 3295 2142 3333 nec
2196 3281 2439 3337 Joannis
2491 3298 2721 3337 eremus
2782 3302 2846 3340 ac
2909 3286 3228 3357 jejunium,
3289 3303 3391 3342 nec
3451 3287 3687 3343 Domini

2035 3367 2352 3425 Salvatoris
2392 3372 2596 3435 turbae,
2630 3373 2763 3439 cibi,
2816 3380 3105 3446 potusque
3156 3376 3518 3448 placuerunt.
3567 3376 3679 3432 Ve-

2035 3472 2167 3509 rum
2196 3456 2483 3513 destinato
2514 3461 2669 3530 operi
2704 3461 3003 3532 imponam
3038 3480 3300 3529 manum,
3332 3468 3389 3520 et
3420 3464 3684 3535 Scylleos

2035 3559 2207 3599 canes
2238 3547 2509 3603 obturata
2540 3550 2646 3619 [.‘ll.
2681 3550 2991 3622 obdurata]
3024 3569 3165 3607 aure
3197 3552 3478 3608 transibo.

2614 3692 2873 3748 INCIPIT
2912 3693 3102 3749 VITA.

2104 3799 2154 3850 2.
2208 3796 2503 3853 Hilarion7
2548 3804 2711 3854 ortus
2759 3800 2882 3855 vico
2933 3801 3256 3869 Thabatha,
3299 3802 3399 3873 qui
3444 3802 3676 3859 circiter

1954 3931 1995 3997 Ο
2033 3885 2293 3982 quinque
2324 3886 2508 3942 millia
2541 3889 2753 3997 aLGaza
2779 3891 2921 3945 urbe
2953 3891 3255 3947 Palestinze
3286 3892 3358 3947 ad
3387 3892 3669 3948 Austrum

2034 3972 2181 4028 situs
2225 3979 2331 4038 est,
2382 3991 2516 4030 cum
2568 3976 2809 4032 haberet
2866 3985 3134 4050 parentes
3190 3979 3361 4035 idolis
3416 3980 3667 4049 deditos,

2034 4079 2185 4131 rosa,
2222 4067 2283 4117 ut
2314 4062 2546 4132 dicitur,
2579 4064 2650 4119 de
2680 4066 2866 4135 spinis
2898 4068 3110 4122 ﬂoruit.
3140 4071 3185 4122 A
3217 4069 3432 4140 quibus
3455 4070 3676 4125 missus

2030 4150 2461 4218 Alexandriam,
2531 4154 2914 4223 grammatico
2970 4155 3222 4210 traditus
3279 4162 3413 4211 est:
3478 4158 3675 4229 ibique

2032 4247 2318 4311 quantum
2360 4241 2461 4296 illa
2503 4241 2831 4313 patiebatur
2876 4248 3035 4308 actas,
3087 4258 3303 4315 magna
3351 4245 3570 4317 ingenii
3620 4250 3677 4300 et

2032 4346 2261 4385 morum
2294 4332 2644 4387 documenta
2676 4332 2923 4404 praebuit
2946 4350 2959 4400 ;
2986 4332 3043 4386 in
3076 4332 3231 4388 brevi
3258 4333 3471 4389 charus
3496 4335 3682 4389 omni-

2031 4420 2140 4474 bus
2170 4424 2226 4475 et
2271 4420 2545 4491 loquendi
2579 4426 2698 4476 arte
2737 4438 2979 4494 gnarus.
3027 4422 3308 4495 Quodque
3360 4422 3451 4478 bis
3482 4424 3679 4494 majus

2098 4565 2118 4596 ‘
2150 4563 2274 4617 Duo
2309 4564 2567 4636 Vaticani
2620 4564 2801 4636 bellua
2851 4581 2954 4635 pro
3006 4566 3255 4631 arietem,
3288 4582 3414 4636 quae
3461 4581 3570 4620 vox
3616 4566 3675 4621 in

2027 4633 2139 4689 alio
2171 4636 2295 4689 cod.
2334 4635 2548 4689 rectius
2580 4633 2892 4689 omittitur.

2096 4708 2115 4739 ⁵
2145 4706 2375 4760 Felicem
2404 4710 2473 4760 te.
2516 4705 2705 4759 Codex
2737 4722 2847 4760 ms.
2900 4706 3182 4762 Avenion.
3234 4708 3465 4761 Felicem
3490 4712 3541 4761 te
3568 4708 3676 4771 ais,

2025 4779 2313 4847 ojuvenis,
2338 4783 2443 4831 etc.
2479 4777 2637 4832 Idem
2689 4778 2936 4831 refertur
2980 4778 3050 4832 ab
3104 4778 3338 4841 Ariano,
3393 4777 3548 4847 lib.1
3603 4778 3680 4830 De

2024 4845 2181 4903 rebus
2210 4850 2370 4916 gestis
2398 4849 2467 4902 ab
2498 4850 2807 4905 Alexandro
2851 4850 3061 4919 Magno,
3090 4853 3148 4919 et
3180 4866 3212 4903 a
3243 4845 3580 4919 Plutarcho,
3616 4847 3675 4900 in

2023 4919 2561 4991 AlexandroNerba
2582 4920 2887 4974 Alexandri
2922 4917 3074 4991 apud
3100 4917 3413 4991 Vopiscum
3458 4917 3515 4972 in
3540 4918 3677 4973 Pro-

2024 4992 2094 5045 b0
2121 5009 2133 5045 :
2160 5014 2186 5039 ‹‹
2228 4990 2474 5045 Felicem
2517 4996 2589 5053 te,
2617 4991 2827 5061 inquit,
2865 4988 3118 5060 juvenis,
3153 4988 3251 5060 qui
3306 4988 3484 5043 talem
3536 5006 3682 5061 prm-

2022 5079 2222 5117 conem
2256 5066 2494 5115 tuarum
2525 5062 2804 5115 virtutum
2831 5061 3119 5131 reperisti.
3158 5083 3183 5109 ››

2090 5136 2110 5213 ξ
2142 5134 2385 5213 r‘ljtatem
2420 5148 2535 5213 non
2574 5132 2709 5213 tulit
2742 5130 2937 5185 isthacc
2970 5130 3278 5213 Epiphanii
3312 5130 3577 5213 epistola:

2093 5207 2110 5238 7
2159 5204 2557 5257 Conferendus
2634 5208 2987 5257 Sozomenus
3063 5203 3161 5257 lib.
3224 5203 3493 5274 III,CCt1p.
3556 5203 3670 5257 l4:

2020 5287 2181 5345 Τούτῳ
2240 5282 2517 5345 (Ἱλαρίωνι)
2566 5283 2734 5344 turpi;
2790 5284 2878 5343 μὲν
2933 5280 2995 5341 ἦν
3062 5284 3279 5342 Θαϐαθηὰ,
3335 5284 3478 5344 κώμη
3556 5283 3676 5344 πρὸς

2016 5356 2154 5404 νότον
2184 5371 2235 5415 γε
2280 5356 2430 5412 Γάζης
2460 5354 2704 5414 κειμένης
2755 5350 2810 5400 et
2859 5362 3011 5415 mox,
3058 5357 3379 5419 γραμματικῷ
3408 5354 3457 5401 δὲ
3501 5356 3679 5415 φοιτῶν

2018 5429 2067 5473 ὲν
2096 5425 2453 5489 Ἀλεξανδρείᾳ,
2487 5423 2594 5472 etc.
