4118 6158
509 241 594 311 si
1755 237 1818 305 s.
1863 235 2178 305 unseen
2217 235 2683 307 HIEBONYML
3836 247 3907 315 θ,

520 388 610 443 est
653 379 947 456 omnibus,
980 383 1224 442 credens
1279 382 1338 441 in
1392 383 1705 442 Dominum
1759 386 1992 455 Jesum,
2044 399 2145 442 nor

2275 383 2561 436 sueverat.
2596 380 2744 444 Quid
2778 380 2886 452 [Αἰ.
2934 378 3281 438 mansitans.
3330 379 3502 454 Quid]
3545 381 3763 442 faceret
3789 383 3904 444 dia-

519 477 655 533 circi
681 464 1005 542 furoribus,
1040 493 1152 532 non
1203 492 1390 533 arenae
1443 475 1748 550 sanguine,
1784 495 1897 531 non
1947 476 2160 532 theatri

515 565 752 623 luxuria
798 565 1224 623 delectabatur:
1287 568 1386 622 sed
1442 571 1561 622 tota
1618 567 1701 621 illi
1747 565 2017 622 voluntas
2049 567 2154 636 [Αἰ.

513 655 802 728 voluptas]
834 656 892 710 in
923 655 1188 711 Ecclesia
1219 659 1340 710 erat
1370 656 1834 728 congregatione.

586 747 638 800 3.
673 745 928 802 Audiens
977 750 1172 802 autem
1206 749 1346 801 tunc
1396 745 1618 802 celebre
1664 763 1877 802 nomen
1898 747 2157 814 Antonii,

516 835 670 906 quod
703 852 806 908 per
837 852 1042 891 omnes
1073 835 1299 909 Egypti
1331 835 1578 909 pepulos
1611 837 1922 905 ferebatur,
1957 837 2157 891 incen-

514 939 616 979 sus
645 923 871 979 visendi
911 924 1036 994 ejus
1079 925 1294 993 studio,
1345 924 1594 995 perrexit
1644 925 1714 980 ad
1757 941 2040 980 eremum.
2088 927 2158 980 Et

513 1014 713 1068 statim
745 1016 808 1067 ut
839 1028 974 1067 eum
1003 1012 1166 1073 vidit.
1202 1017 1426 1068 mutato
1469 1013 1714 1083 pristino
1755 1013 1982 1080 habitu,
2017 1015 2156 1070 duo-

511 1102 625 1158 bus
657 1102 778 1174 [ms.
811 1101 1023 1171 tribus]
1049 1101 1148 1157 l5
1175 1101 1289 1156 fere
1320 1103 1808 1173 mensibusjuxta
1837 1118 1971 1158 eum
1995 1120 2157 1158 man-

512 1189 608 1257 sit,
673 1188 1079 1260 contemplans
1127 1190 1390 1245 ordinem
1450 1190 1580 1246 vita:
1621 1193 1751 1262 ejus
1807 1208 2155 1263 morumque

511 1278 856 1352 gravitatem
899 1294 1121 1348 :quam
1164 1279 1365 1334 creber
1412 1280 1470 1334 in
1508 1281 1788 1349 oratione,
1823 1297 2000 1352 quam
2044 1281 2152 1335 hu-

514 1365 672 1422 milis
729 1367 787 1421 in
848 1366 1238 1438 suscipiendis
1287 1368 1586 1435 fratribus,
1621 1386 1855 1426 severus
1916 1370 1975 1424 in
2027 1387 2152 1426 cor-

511 1454 812 1527 ripiendis,
863 1455 1055 1512 alacer
1081 1456 1141 1512 in
1171 1456 1550 1514 exhortandis
1593 1464 1784 1515 esset:
1833 1464 1890 1514 et
1920 1465 1984 1516 ut
2015 1476 2150 1515 con-

508 1543 836 1607 tinentiam,
871 1544 1102 1617 cibique
1134 1547 1262 1617 ejus
1293 1547 1666 1619 asperitatem
1699 1549 1859 1605 nulla
1889 1565 2150 1621 unquam

511 1633 825 1688 inﬁrmitas
883 1633 1194 1705 frangeret.
1257 1635 1433 1692 Porro
1486 1637 1872 1708 frequentiam
1925 1655 2146 1705 eorum,

2269 469 2482 525 bolus?
2539 487 2653 541 quo
2710 487 2773 526 se
2829 470 3114 527 verteret?
3169 471 3276 538 Qui
3341 471 3705 544 gloriabatur
3759 481 3904 544 ante,

2270 559 2507 614 dicens:
2559 562 2619 616 In
2698 562 2892 616 coelum
2943 562 3252 631 ascendam,
3319 576 3483 634 super
3551 563 3732 622 sidera
3790 566 3906 623 caeli

2263 664 2465 721 ponam
2495 650 2753 706 thronum
2774 667 2979 720 meum,
3011 656 3064 707 et
3093 667 3183 708 ero
3228 652 3432 708 similis
3461 652 3742 710 Altissimo
3775 655 3903 726 (Isa.

2267 755 2380 805 xxv,
2415 738 2527 809 14,)
2557 739 2829 794 cernebat
2866 755 2928 795 se
2953 740 3107 795 vinci
3155 757 3188 796 a
3229 757 3430 812 puero,
3463 746 3520 797 et
3548 741 3712 814 prius
3739 743 3810 800 ab
3843 761 3903 801 eo

2266 827 2553 884 calcatum
2585 829 2784 904 fuisse,
2818 845 2996 901 quam
3028 846 3130 902 per
3156 834 3381 887 aetatem
3415 847 3654 904 peccare
3682 833 3900 906 potuis-

2267 922 2372 975 set.

2339 1011 2438 1067 16
2469 1010 2522 1065 5.
2573 1008 2875 1066 Titillabat
2907 1011 2929 1044 ⁵
2983 1010 3178 1082 itaque
3236 1026 3448 1066 sensus
3500 1011 3650 1082 ejus,
3699 1016 3757 1067 et
3799 1027 3902 1084 pu-

2263 1098 2523 1154 bescenti
2556 1099 2781 1170 corpori
2813 1097 2984 1154 solita
3010 1097 3377 1171 voluptatum
3400 1099 3674 1156 incendia
3704 1115 3904 1173 sugge-

2262 1189 2449 1244 rebat.
2489 1189 2813 1259 Cogebatur
2842 1187 3173 1244 tirunculus
3203 1187 3422 1244 Christi
3466 1189 3724 1260 cogitare
3753 1190 3897 1262 quod

2263 1276 2576 1343 nesciebat,
2609 1281 2666 1331 et
2686 1278 2814 1348 ejus
2844 1277 2928 1332 rei
2949 1276 3147 1334 animo
3170 1293 3446 1348 pompam
3470 1276 3716 1345 volvere,
3737 1279 3900 1351 cujus

2263 1365 2659 1435 experimenta
2718 1383 2834 1422 non
2884 1368 3146 1422 noverat.
3203 1366 3392 1422 Iratus
3440 1365 3638 1438 itaque
3667 1367 3800 1436 sibi,
3849 1373 3902 1423 et

2261 1459 2463 1526 pectus
2485 1455 2702 1527 pugnis
2752 1455 3069 1511 verberans
3101 1455 3293 1527 (quasi
3343 1453 3726 1528 cogitationes
3753 1456 3901 1512 caede

2262 1560 2474 1599 manus
2518 1547 2715 1616 posset
2769 1543 3130 1617 excludere):
3183 1545 3349 1617 Ergo,
3401 1544 3615 1616 inquit,
3653 1543 3829 1602 aselle
3858 1546 3898 1611 ⁸,

2261 1632 2492 1700 faciam,
2527 1636 2592 1686 ut
2612 1649 2727 1688 non
2760 1631 3062 1688 calcitres:
3097 1649 3204 1688 nec
3244 1638 3300 1689 te
3342 1632 3558 1689 hordeo
3593 1632 3768 1702 alam,
3795 1634 3899 1689 sed

512 1720 614 1792 qui
671 1722 740 1776 ad
800 1738 932 1777 eum
981 1724 1053 1778 ob
1103 1725 1290 1779 varias
1335 1721 2696 1822 ραεεὶοῃξεξξρὲιςξὶπξρςςιξςῃρριθὶβτεΡξιφς
2725 1727 2780 1777 te
2829 1721 3137 1777 conficiam
3187 1726 3244 1777 et
3293 1721 3425 1777 siti:
3460 1721 3619 1794 gravi
3651 1722 3898 1778 onerabo

509 1810 843 1864 damonum
893 1812 1339 1881 concurrebant,
1390 1796 2690 1896 ulmiTeﬁnsiliéécfipizséféﬁﬁef
2717 1814 2896 1865 astus
2934 1810 3226 1883 indagabo
3255 1813 3313 1866 et
3341 1810 3580 1881 frigora.
3619 1814 3680 1866 ut
3709 1810 3898 1868 cibum

510 1913 836 1970 congruum
870 1915 998 1954 esse
1027 1900 1268 1965 ducens,
1299 1903 1416 1972 pati
1451 1903 1508 1956 in
1560 1920 1754 1959 eremo
1795 1905 2041 1976 populos
2073 1882 2183 1962 ci!
2217 1882 2231 1887 ⁷
2261 1882 2474 1972 potius.
2501 1882 2681 1970 quani
2732 1898 3030 1954 lasciviam
3090 1899 3326 1971 cogites.
3387 1899 3710 1954 Herbarum
3768 1916 3898 1971 ergo

508 1986 788 2042 vitatum:
851 1987 1050 2058 sicque
1106 1988 1218 2044 sibi
1280 1981 2145 2072 magl':s:'iugl"piehdum-§sse;

2264 1987 2954 2072 euqopgtpaupiscaricis
2977 1992 3107 2060 post
3127 1988 3388 2042 triduum
3410 1987 3500 2042 vel
3524 1987 3896 2059 quatriduum

507 2079 572 2130 ut
602 2074 872 2146 coepisset
902 2077 1191 2133 Antonius
1216 2096 1228 2143 ;
1283 2059 1448 2135 illuni
1474 2059 2145 2152 °qda°si°°ﬁiatem

2951 2059 3337 2146 sustentabat,
3370 2093 3544 2132 orans
3577 2077 3900 2149 frequenter

505 2162 760 2218 victoria
820 2163 1061 2235 praemia
1117 2167 1414 2238 accipere:
1478 2187 1538 2224 se
1597 2171 1848 2225 necdum
1903 2171 2150 2228 militare

507 2253 788 2324 caepisse;
823 2270 1087 2309 reversus
1133 2259 1221 2309 est
1261 2272 1394 2310 cum
1439 2258 1790 2329 quibusdam
1846 2261 2149 2317 monachis

505 2341 578 2396 ad
610 2341 898 2413 patriam;
950 2346 1007 2397 et
1045 2343 1384 2413 parentibus
1407 2345 1531 2415 jam
1583 2347 1897 2415 defunctis,
1923 2354 2147 2420 partem

505 2430 845 2485 substantia:
877 2431 1176 2500 fratribus,
1225 2437 1449 2504 partem
1494 2436 1852 2506 pauperibus
1904 2435 2148 2508 largitus

503 2522 611 2584 est,
639 2518 784 2573 nihil
815 2519 926 2575 sibi
976 2521 1215 2576 omnino
1261 2539 1584 2586 reservans,
1635 2528 1690 2578 et
1738 2524 1952 2582 timens
2002 2527 2145 2583 illud

503 2605 574 2662 de
599 2607 841 2662 Actibus
870 2608 1300 2678 Apostolorum,
1351 2612 1586 2666 Ananiae
1633 2616 1690 2666 et
1735 2613 2030 2684 Sapphirae
2060 2615 2148 2669 vel

501 2693 855 2765 exemplum,
907 2695 996 2750 vel
1047 2696 1443 2767 supplicium:
1498 2699 1865 2772 maximeque
1915 2702 2148 2758 Domini

501 2799 746 2848 memor,
797 2782 1073 2838 dicentis:
1131 2785 1237 2851 Qui
1291 2801 1399 2842 non
1447 2790 1848 2844 renuntiaverit
1897 2793 2147 2847 omnibus

499 2887 620 2943 qua
678 2870 858 2938 habet,
913 2887 1022 2928 non
1061 2881 1232 2943 potest
1273 2889 1427 2929 meus
1477 2891 1587 2930 esse
1640 2876 1942 2948 discipulus
1993 2881 2141 2949 (Luc.

499 2976 616 3027 xxv,
651 2961 764 3031 33).
800 2962 935 3016 Erat
964 2965 1159 3016 autem
1190 2966 1330 3018 tunc
1360 2981 1644 3020 annorum
1671 2966 2022 3037 quindecim.
2051 2970 2144 3026 Sic

499 3048 715 3116 nudus,
775 3054 834 3104 et
878 3054 1142 3105 armatus
1189 3051 1247 3105 in
1279 3051 1527 3118 Christo,
1577 3054 1972 3117 solitudinem.
2018 3075 2144 3130 quae

498 3136 558 3190 in
591 3137 842 3209 septimo
877 3137 1148 3194 milliario
1180 3157 1212 3194 a
1245 3140 1540 3212 Majoma'
1568 3142 1728 3199 Gaza
1761 3111 2146 3220 emporio‘per
2175 3111 2218 3178 Ο

496 3223 666 3282 littus
691 3226 968 3282 euntibus
1030 3228 1362 3299 Egyptum,
1397 3232 1467 3285 ad
1497 3230 1697 3286 lazvam
1750 3234 2019 3300 flectitur,
2056 3237 2143 3290 in-

495 3328 736 3385 gressus
790 3320 898 3370 est.
950 3315 1216 3387 Cumque
1281 3323 1479 3374 essent
1533 3327 1774 3376 cruenta
1823 3321 2144 3381 latrociniis

499 3401 646 3468 loca,
681 3408 738 3458 et
766 3403 1079 3475 propinqui
1125 3405 1415 3477 amicique
1464 3408 1592 3477 ejus
1625 3408 1942 3466 imminens
1987 3414 2143 3484 peri-

496 3490 696 3547 culum
726 3492 1163 3561 denuntiarent,
1196 3497 1546 3568 contempsit
1585 3504 1858 3567 mortem,
1890 3505 1955 3555 ut
1983 3519 2143 3556 mor-

495 3583 611 3635 tem
645 3581 930 3638 evaderet.

569 3670 623 3724 Ιι.
655 3671 936 3740 Jejnuium
967 3672 1269 3728 Hilarionis
1299 3705 1365 3712 —
1399 3673 1760 3732 Mirabantur
1789 3694 1992 3732 omnes
2025 3679 2143 3733 ani-

499 3773 720 3812 mum:
787 3759 1153 3814 mirabantur
1209 3765 1440 3816 aetatem
1492 3781 1502 3830 ;
1583 3763 1698 3818 nisi
1758 3766 1912 3834 quod
1977 3767 2139 3821 llam-

497 3861 593 3900 ma
638 3847 906 3918 quaedam
961 3848 1210 3919 pectoris
1232 3849 1273 3913 ³,
1324 3853 1381 3904 et
1423 3849 1690 3906 scintillae
1735 3852 1868 3908 ﬁdei
1914 3854 1970 3909 in
2005 3872 2142 3910 ocu-

495 3932 570 3989 lis
621 3933 977 3990 relucebant.
1029 3937 1240 4004 Laeves,
1273 3939 1295 3972 ⁴
1357 3940 1457 4004 [AL
1511 3939 1690 4010 lenes]
1751 3947 1917 3997 erant
1955 3959 2138 4016 genae,

497 4023 811 4079 delicatum
844 4041 1056 4097 corpus
1107 4032 1164 4081 et
1192 4033 1382 4095 tenue,
1414 4033 1471 4083 et
1501 4030 1572 4084 ad
1596 4047 1830 4087 omnem
1865 4034 2138 4104 injuriam

496 4111 850 4183 impatiens:
885 4114 1040 4184 quod
1069 4113 1176 4170 levi
1205 4114 1296 4170 vel
1345 4117 1576 4189 frigore,
1625 4118 1715 4173 vel
1747 4126 1912 4188 aestu,
1945 4128 2140 4192 posset

496 4199 698 4272 afﬂigi.
733 4201 921 4273 Igitur
947 4219 1116 4259 sacco
1146 4209 1377 4260 tantum
1429 4207 1692 4262 membra
1720 4214 2049 4280 coopertus,
2084 4216 2141 4266 et

491 4289 801 4361 pelliceum
839 4291 1057 4348 habens
1089 4295 1436 4367 ependyten,
1471 4312 1645 4366 quem
1680 4296 1761 4350 illi
1785 4297 1993 4353 beatus
2023 4302 2135 4355 An-

491 4379 690 4434 tonius
722 4381 1109 4451 proliciscenti
1143 4384 1398 4450 dederat,
1453 4401 1778 4455 sagumque
1827 4385 2136 4458 rusticum,

2259 2145 2315 2223 et
2347 2145 2636 2238 psallens,
2681 2149 2991 2222 stnrastro
3043 2165 3289 2220 humum
3321 2145 3590 2232 fodiens,
3636 2145 3702 2220 ut
3738 2166 3895 2236 jeju-

2261 2257 2490 2311 niorum
2533 2254 2790 2310 laborem
2843 2255 3005 2309 labor
3046 2253 3237 2325 operis
3288 2252 3631 2325 duplicaret.
3683 2253 3894 2310 Simul-

2259 2361 2372 2416 que
2419 2343 2670 2398 fiscellas
2704 2345 2884 2413 junco
2930 2347 3168 2402 texens,
3203 2341 3589 2397 mmulabatur
3640 2342 3893 2415 Egytio-

2257 2450 2387 2488 rum
2433 2432 2852 2488 monachorum
2911 2429 3304 2502 disciplinam,
3348 2434 3404 2485 et
3455 2430 3714 2503 Apostoli
3759 2447 3890 2488 sen-

2255 2523 2519 2586 tentiam,
2573 2521 2863 2575 dicentis:
2914 2521 3019 2587 Qui
3070 2527 3254 2574 autem
3300 2535 3408 2575 non
3457 2522 3736 2588 operatur,
3786 2536 3893 2576 non

2254 2611 2552 2666 manducet
2594 2611 2662 2674 (II
2711 2610 2884 2664 Thess.
2939 2626 3022 2676 In,
3061 2608 3186 2678 10):
3233 2607 3312 2663 sic
3361 2611 3717 2676 attenuatus,
3750 2609 3890 2664 etin

2254 2704 2483 2754 tantum
2518 2715 2685 2753 exeso
2716 2713 2973 2767 corpore,
3010 2701 3073 2750 ut
3103 2696 3338 2751 ossibus
3366 2696 3460 2750 vix
3490 2696 3750 2752 hareret.

2325 2790 2378 2842 6.
2413 2788 2673 2853 Quadam
2694 2790 2876 2851 nocte,
2896 2785 3186 2839 infantum
3211 2784 3384 2856 coepit
3409 2783 3610 2839 audire
3639 2785 3890 2857 vagitus,

2255 2876 2484 2932 balatus
2515 2891 2843 2947 peccorum,
2875 2872 3135 2945 mugitus
3168 2873 3364 2940 boum,
3393 2872 3692 2944 planctum
3724 2873 3894 2945 quasi

2255 2964 2734 3020 muliercularum
2789 2964 2889 3030 [.41.
2934 2961 3292 3032 mulierum],
3346 2961 3584 3017 leonum
3640 2961 3892 3034 rugitus,

2259 3071 2526 3110 murmur
2552 3053 2859 3117 exercitus,
2910 3056 2966 3106 et
3011 3051 3260 3106 rursus”
3301 3050 3598 3105 variarum
3628 3054 3896 3122 portenta

2253 3161 2484 3208 vocum,
2519 3146 2581 3198 ut
2611 3149 2742 3196 ante
2773 3140 2968 3196 sonitu
2998 3155 3175 3212 quam
3197 3143 3436 3210 aspectu
3466 3139 3708 3194 territus
3735 3139 3896 3198 cede-

2255 3239 2360 3289 ret.
2397 3231 2689 3288 lntcllexit
2726 3232 3060 3286 daamonum
3110 3228 3364 3284 ludibria
3401 3244 3414 3280 :
3457 3231 3514 3282 et
3558 3225 3894 3299 provolutus

2253 3324 2524 3396 genibus,
2567 3320 2780 3376 Christi
2830 3334 3062 3373 crucem
3113 3316 3366 3389 signavit
3411 3317 3472 3371 in
3523 3316 3746 3374 fronte:
3792 3315 3896 3372 tali

2253 3429 2367 3484 que
2400 3413 2682 3473 armatus,
2709 3409 2912 3479 jacens
2934 3405 3143 3461 fortius
3172 3404 3545 3476 praeliabatur
3565 3421 3581 3471 ;
3604 3404 3893 3474 quodam-

2253 3501 2426 3557 modo
2477 3499 2670 3553 videre
2727 3494 3090 3561 desiderans,
3151 3510 3299 3566 quos
3347 3492 3620 3550 horrebat
3668 3493 3895 3560 audire,

2252 3594 2308 3645 et
2364 3586 2628 3644 sollicitis
2675 3583 2860 3640 oculis
2909 3583 3025 3638 huc
3079 3581 3334 3654 illucque
3391 3579 3893 3652 circumspiciens.

2251 3677 2394 3733 Cum
2445 3677 2680 3731 interim
2722 3691 2790 3729 ex
2837 3671 3172 3744 improviso,
3197 3671 3539 3743 splendente
3585 3669 3749 3740 luna,
3777 3685 3899 3728 cer-

2251 3767 2340 3821 nit
2392 3766 2633 3821 rhedam
2684 3762 3041 3819 ferventibus
3089 3759 3256 3830 equis
3304 3773 3482 3829 super
3523 3773 3585 3812 se
3629 3757 3895 3818 irruens:

2251 3871 2504 3928 cumque
2534 3853 2911 3908 inclamasset
2949 3850 3172 3914 Jesum,
3206 3850 3338 3904 ante
3387 3845 3588 3901 oculos
3625 3847 3760 3916 ejus
3803 3861 3897 3904 re-v

2250 3944 2489 4016 pentino
2535 3948 2701 3997 teme
2762 3941 2926 3995 hiatu
2972 3953 3185 4009 pompa
3213 3936 3408 3991 omnis
3453 3935 3732 4012 absorpta
3779 3938 3894 3990 est.

2251 4035 2415 4089 Tunc
2477 4032 2572 4086 ille
2631 4031 2753 4085 ait:
2805 4031 3018 4100 Ejuum
3065 4030 3119 4081 et
3159 4040 3510 4080 ascensorum
3559 4025 3788 4096 projecit
3834 4025 3898 4079 in

2248 4138 2400 4178 mare
2435 4120 2632 4192 (Exod.
2684 4136 2778 4185 xv,
2829 4119 2902 4189 1).
2948 4117 3038 4184 Et,
3083 4117 3152 4171 Hi
3200 4117 3262 4170 in
3307 4113 3582 4182 curribus,
3631 4121 3682 4170 et
3727 4112 3788 4168 hi
3833 4114 3899 4168 in

2247 4213 2419 4283 equis,
2476 4227 2576 4264 nos
2633 4216 2816 4263 autem
2872 4208 2934 4261 in
2986 4205 3208 4260 nomine
3265 4205 3370 4260 Dei
3413 4202 3899 4273 magniﬁcabimur

2250 4301 2423 4372 (Psal.
2455 4316 2573 4363 xvx,
2607 4298 2715 4367 l8).

2317 4392 2370 4442 7.
2405 4385 2599 4442 Multae
2633 4388 2772 4439 sunt
2818 4381 3166 4438 tentationes
3205 4381 3356 4450 ejus,
3392 4383 3450 4435 et
3478 4379 3572 4436 die
3602 4382 3900 4450 noctuque

492 4466 647 4521 inter
677 4484 834 4522 mare
864 4474 921 4523 et
963 4469 1258 4540 paludem,
1288 4475 1450 4526 vasta
1479 4476 1535 4526 et
1558 4471 1798 4528 terribili
1834 4473 2148 4533 solitudine
2176 4481 2223 4545 D
2253 4479 2424 4534 variae
2455 4476 2784 4531 daamonum
2840 4470 3062 4526 insidiae
3088 4487 3101 4524 :
3137 4486 3286 4541 quas
3330 4467 3378 4523 si
3411 4483 3616 4522 omnes
3656 4482 3904 4523 narrare

495 4555 817 4622 fruebatur,
877 4556 1207 4628 quindecim
1272 4564 1504 4616 tantum
1553 4562 1773 4618 caricas
1822 4569 1953 4634 post
1999 4565 2140 4622 solis
2245 4566 2438 4632 velim,
2490 4566 2729 4619 modum
2796 4560 3066 4616 excedam
3122 4556 3453 4614 voluminis.
3514 4554 3747 4618 Quoties
3809 4554 3903 4611 illi

491 4659 765 4698 occasum
800 4646 1132 4702 comedens.
1163 4647 1231 4702 Et
1261 4649 1400 4719 quia
1433 4649 1589 4721 regio
1624 4649 1944 4708 latrociniis
1995 4654 2140 4711 infa-

492 4731 606 4788 mis
634 4737 782 4799 erat,
815 4749 1118 4804 nunquam
1153 4735 1207 4790 in
1259 4737 1461 4792 eodem
1512 4736 1638 4793 loco
1688 4737 1951 4797 habitare
1998 4758 2137 4797 con-

561 4929 573 4961 ¹
631 4926 892 4984 Vaticani
941 4929 1005 4986 ob
1055 4931 1242 4986 varias
1297 4933 1649 5003 inﬁrmitates
1700 4945 1752 4991 et
1811 4940 2088 5008 passiones
2115 4957 2136 5004 ;

561 4998 669 5053 iulo
701 5005 850 5056 post.
873 5001 1056 5056 dicens
1081 5019 1181 5056 nro
1213 5003 1429 5056 ducens.

538 5015 669 5054 8.1110
701 5015 850 5058 DOSI.
873 5015 1056 5058 (1268118
1081 5019 1181 5058 ι)Γο
1213 5015 1429 5058 ducens.

497 5014 669 5069 paulo
701 5014 850 5071 post,
873 5014 1056 5058 (1266118
1080 5019 1181 5074 pro
1213 5014 1429 5060 ducens.

497 5154 526 5193 ν
561 5069 1022 5195 ’cz’lnssélllaiuma
1051 5079 1109 5130 et
1141 5079 1382 5132 Mauma.
1429 5075 1559 5131 Vid.
1593 5076 2001 5148 Sozomenum,
2035 5081 2135 5137 lib.

491 5154 548 5196 ν.
582 5156 706 5196 can.
741 5154 793 5196 ὅ.

582 5157 648 5194 ca
695 5181 706 5193 .
741 5156 793 5196 δ.

530 5181 582 5244 ’⁸
615 5156 736 5264 Vrbs
757 5216 987 5282 pectoris
1017 5216 1076 5270 in
1105 5233 1243 5273 mss.
1276 5218 1394 5275 fere
1426 5218 1812 5275 desideratur.

561 5283 582 5314 ‘
610 5283 793 5364 Laertes
821 5293 993 5364 erant
1023 5303 1190 5356 genae.
1230 5289 1289 5344 In
1325 5291 1576 5364 editione
1618 5291 1963 5346 Erasmiana
1993 5293 2140 5364 legi-

491 5369 646 5429 mus,
673 5353 818 5408 lenes
838 5360 995 5429 erant
1023 5353 1180 5427 genae
1201 5375 1223 5420 ;
1255 5361 1354 5415 sed
1390 5361 1554 5429 talso,
1589 5378 1720 5417 cum
1755 5379 1960 5417 omnes
1992 5353 2136 5420 mss.

491 5424 718 5500 codices
770 5424 1039 5500 melioris
1059 5433 1208 5500 notae
1236 5435 1408 5500 atque
1460 5424 1692 5500 manus,
1727 5435 2019 5490 retineant
2045 5452 2140 5491 vo-

488 5512 613 5552 cem
647 5495 826 5578 laepes.
880 5498 1094 5578 Eadem
1129 5495 1348 5578 fraude
1394 5503 1482 5557 vel
1536 5495 1830 5578 imperitia
1878 5511 2136 5562 veterum

488 5570 911 5640 exscriptorum
983 5570 1172 5642 potuit
1229 5572 1482 5646 irrepere
1543 5570 1790 5632 vei-bum
1840 5578 1978 5633 lenis
2034 5596 2136 5651 pro

2247 4657 2416 4710 nuda:
2449 4653 2725 4709 mulieres
2759 4649 3020 4716 cubanti,
3053 4647 3280 4719 quoties
3313 4643 3594 4701 esurienti
3629 4642 3900 4714 largissi-

2249 4762 2356 4800 mae
2403 4756 2722 4815 apparuere
2767 4738 2985 4810 dapes!
3047 4735 3344 4792 Interdum
3392 4735 3657 4789 orantem
3717 4730 3904 4804 lupus

2249 4939 2422 4995 laevis.
2456 4937 2662 4992 Genes.
2694 4951 2872 4999 xxxu,
2904 4934 2989 4997 11,
3019 4947 3115 5001 ego
3145 4947 3267 4987 vero
3301 4931 3463 4986 lenis.
3495 4929 3786 5001 Murrus.

2319 5011 2340 5043 ⁵
2393 5009 2674 5064 Titillabat
2727 4998 2927 5076 itaque.
2991 4998 3131 5058 Mss.
3188 5002 3470 5076 Avenion.
3531 4998 3898 5076 et_Tolos.:

2252 5081 2526 5137 Tititlabat
2556 5082 2736 5149 itaque
2781 5070 2968 5132 sensus
3017 5077 3133 5146 ejus
3179 5074 3436 5130 naturali
3462 5072 3650 5197 οὖν-πίε
3677 5070 3900 5140 ardore,

2252 5157 2310 5197 et,
2351 5158 2458 5197 om-
3547 5158 3677 5197 ΛΒΤ.

2246 5157 2314 5219 et,
2351 5158 2459 5207 etc.
3063 5217 3098 5219 __
3248 5215 3279 5219 _
3488 5157 3677 5197 MART.

2318 5226 2339 5258 δ
2370 5221 2814 5293 Elegantissime
2846 5219 2903 5274 S.
2939 5217 3219 5274 Paulinus
3248 5215 3441 5271 Poem.
3474 5231 3606 5269 xxx:

2423 5331 2501 5379 Sit
2527 5329 2676 5378 fortis
2707 5326 2885 5376 anima
2921 5323 3250 5374 mortiﬁcans
3279 5322 3493 5371 asinum
3523 5334 3701 5379 suum,

2246 5452 2459 5514 corpus
2484 5449 2692 5514 nempe
2723 5433 2784 5514 in
2813 5431 3088 5489 libidines
3117 5445 3392 5514 pronum.

2314 5505 2505 5563 7—Cum
2559 5505 2811 5560 Victorio
2873 5519 3014 5560 mss.
3062 5505 3246 5558 nostri
3283 5515 3520 5573 prorsus
3549 5516 3652 5572 pro
3673 5514 3904 5560 rursus.
