4118 6158
245 198 311 259 33
1311 192 1499 256 VITA
1540 192 1604 253 S.
1651 188 2105 255 HILARIONIS
2150 186 2555 253 EREMITE.
3559 194 3638 255 35

242 328 488 395 ululans,
520 333 579 384 et
606 326 915 399 vulpecula
942 328 1231 399 ganniens
1263 326 1596 395 transilivit,
1631 324 1879 399 psallen-
1907 324 1963 393 Α
1992 329 2261 391 mortem,
2285 341 2318 377 a
2349 324 2712 395 sexagesimo
2743 328 2953 395 quarto
2985 341 3137 379 anno
3170 341 3357 396 usque
3378 326 3448 380 ad
3483 332 3636 382 octo-

243 418 395 490 tique
422 416 823 489 gladiatorum
874 432 1075 488 pugna
1134 414 1537 487 spectaculum
1585 415 1876 486 praebuit:

241 510 294 562 et
323 523 472 561 unus
502 505 673 578 quasi
711 504 1074 571 interfectus,
1107 510 1163 560 et
1188 509 1320 560 ante
1350 506 1524 577 pedes
1574 504 1703 575 ejus
1758 520 1881 558 cor-

242 611 432 662 ruens,
464 593 827 666 sepulturam
864 592 1106 665 rogavit.

306 684 362 737 8.
396 682 592 738 Oravit
620 684 742 753 [ms.
776 682 1001 753 orabat]
1037 681 1215 737 semel
1250 681 1359 737 fixo
1391 682 1451 736 in
1482 686 1697 736 terram
1726 680 1882 752 capi-

244 776 317 837 te,
366 772 461 825 17
517 775 573 825 et
614 775 679 824 ut
722 775 935 825 natura
979 770 1090 824 fert
1133 769 1466 836 hominum,
1519 770 1765 824 abducta
1813 769 1885 823 ab

246 860 496 915 oratione
523 875 711 925 mens,
746 858 945 914 nescio
974 858 1114 929 quid
1156 858 1315 913 aliud
1365 858 1659 930 cogitabat
1691 876 1702 912 :
1738 858 1886 912 insi-

246 948 333 1002 liit
370 949 541 1003 dorso
584 948 717 1017 ejus
767 948 1020 1020 agitator
1050 948 1065 980 ¹
1100 950 1155 1001 et
1182 945 1362 1002 latere
1394 946 1675 1013 calcibus,
1707 945 1888 1027 cervi—

246 1054 366 1093 cem
414 1035 641 1109 ﬂagello
683 1036 999 1091 verberans
1032 1054 1045 1090 :
1075 1035 1193 1101 Eia,
1247 1035 1459 1107 inquit,
1520 1052 1623 1090 cur
1670 1034 1887 1088 dormi-

248 1132 333 1181 tas
366 1125 394 1177 ?
439 1124 920 1195 cachinnansque
980 1124 1250 1196 desuper,
1303 1125 1351 1178 si
1403 1124 1510 1195 [AL
1580 1124 1735 1193 cum)
1787 1124 1888 1177 de-

248 1214 500 1282 fecisset,
548 1231 621 1268 an
665 1213 954 1268 hordeum
1002 1212 1172 1268 vellet
1236 1212 1495 1286 accipere
1553 1212 1888 1267 sciscitaba-

250 1309 367 1359 tur.

323 1393 374 1446 9.
456 1390 801 1460 Tugun'olum
868 1391 1191 1446 Hilarionis.
1260 1422 1328 1431 ——
1391 1390 1573 1462 Igitur
1634 1408 1667 1445 a
1733 1394 1892 1445 sexto

250 1482 467 1538 decimo
498 1495 688 1551 usque
739 1480 811 1535 ad
862 1480 1209 1535 vicesimum
1255 1497 1371 1535 suas
1423 1479 1608 1534 atatis
1649 1494 1891 1544 annum,

246 1574 411 1626 aestus
464 1573 522 1623 et
570 1568 805 1640 pluvias
848 1567 1009 1625 brevi
1074 1568 1491 1640 tuguriunculo
1562 1567 1891 1631 declinavit,

247 1659 392 1732 quod
422 1659 601 1728 iunco
634 1660 693 1712 et
731 1657 917 1711 carice
948 1662 1229 1712 texuerat.
1266 1658 1573 1711 Exstructa
1621 1656 1896 1727 deinceps

242 1747 395 1803 brevi
428 1744 809 1817 cellula,quzn
840 1760 1026 1815 usque
1058 1744 1234 1800 hodie
1258 1743 1899 1815 permanet,altitudine

243 1836 452 1909 pedum
499 1832 789 1905 quinque,
834 1830 943 1887 hoc
990 1837 1079 1888 est
1123 1836 1350 1887 statura
1397 1850 1507 1886 sua
1565 1830 1896 1898 humiliore,

245 1941 407 1997 porro
478 1921 857 1994 longitudine
934 1920 1109 1993 paulo
1173 1920 1474 1993 ampliore,
1529 1937 1707 1992 quam
1772 1921 1901 1991 ejus

244 2010 663 2084 corpusculum
726 2009 1055 2081 patiebatur
1100 2010 1141 2079 9,
1193 2014 1257 2064 ut
1303 2009 1637 2082 sepulcrum
1708 2008 1901 2080 potius

246 2117 424 2174 quam
452 2101 696 2155 domum
729 2099 1016 2154 crederes.

316 2192 396 2246 10.
435 2188 628 2243 Cultus
659 2188 981 2243 Hilarionis.
1014 2218 1082 2227 -
1110 2186 1395 2259 Capillum
1426 2186 1607 2243 semel
1639 2187 1698 2241 in
1750 2203 1901 2241 anno

253 2279 343 2335 die
370 2277 609 2334 Pascha
640 2276 896 2331 totondit
928 2293 939 2331 :
968 2292 1146 2349 super
1188 2277 1409 2331 nudam
1449 2275 1699 2331 humum
1753 2279 1904 2329 stra-

253 2375 499 2439 tumque
522 2366 811 2436 junceum
843 2381 1030 2437 usque
1061 2365 1132 2419 ad
1158 2369 1401 2419 mortem
1434 2363 1731 2419 cubitavit.
1766 2363 1904 2417 Sac-

254 2473 392 2512 cum
425 2472 544 2527 quo
574 2452 752 2510 semel
776 2454 966 2509 fuerat
1004 2453 1264 2520 indutus,
1311 2469 1615 2523 nunquam
1664 2451 1902 2520 levans;

257 2550 315 2599 et
362 2560 747 2599 SUPERFIUL'M
804 2559 941 2597 esse
989 2541 1190 2597 dicens
1234 2542 1557 2596 munditias
1606 2542 1665 2595 in
1718 2539 1904 2595 cilicio

258 2649 539 2705 quaerere.
572 2636 685 2687 Nec
715 2631 966 2686 mutavit
1005 2630 1246 2686 alteram
1293 2630 1572 2705 tunicam,
1603 2629 1714 2684 nisi
1772 2646 1903 2684 cum

252 2724 408 2796 prior
486 2722 723 2794 penitus
796 2720 982 2777 scissa
1048 2723 1219 2775 esset.
1285 2719 1616 2791 Scripturas
1674 2735 1907 2790 quoque

251 2816 490 2867 sanctas
521 2809 862 2866 memoriter
891 2815 1118 2871 tenens,
1149 2812 1281 2880 post
1310 2808 1601 2863 orationes
1647 2813 1704 2861 et
1752 2806 1904 2879 psal-

252 2918 371 2956 mos
402 2901 582 2973 quasi
617 2902 732 2955 Deo
755 2903 1041 2971 praesente
1073 2896 1371 2952 recitabat.
1398 2897 1465 2951 Et
1497 2896 1636 2969 quia
1665 2895 1905 2967 longum

248 2994 335 3043 est
386 3006 497 3061 per
544 2989 775 3043 diversa
823 2991 1088 3058 tempora
1132 2987 1377 3057 carptim
1442 3002 1750 3040 ascensum
1799 2985 1903 3055 [AL

1928 1701 1975 1765 Β

1991 412 2281 482 gesimum
2329 412 2428 467 18
2470 428 2618 483 pane
2667 411 2973 480 abstinuit,
3025 412 3352 469 incredibili
3418 415 3637 471 fervore

1993 500 2227 567 mentis,
2268 504 2333 555 ut
2363 518 2427 555 eo
2460 505 2720 571 tempore
2772 500 2941 570 quasi
2994 518 3179 557 novus
3222 503 3518 558 accederet
3564 504 3635 558 ad

1995 589 2329 644 servitutem
2381 589 2626 655 Domini,
2678 606 2793 661 quo
2842 589 3031 645 caeteri
3088 589 3640 661 solentjfremissius

1991 678 2201 732 vivere.
2248 678 2443 732 Fiebat
2490 682 2686 732 autem
2731 677 2780 733 ei
2826 679 2896 733 de
2946 678 3132 733 farina
3176 684 3234 734 et
3280 681 3639 736 comminuto

1997 763 2148 820 olere
2181 764 2767 830 sorbitiuncula,cibo
2790 770 2845 820 et
2874 770 3012 837 potu
3044 766 3137 821 vix
3157 767 3417 840 quinque
3439 769 3642 823 uncias

1998 852 2487 925 appendentibus,
2543 853 2742 924 sicque
2795 855 3096 926 complens
3161 856 3425 912 ordinem
3493 856 3645 925 vitaz,

1998 958 2301 1012 nunquam
2334 947 2466 995 ante
2494 941 2632 997 solis
2664 959 2961 1013 occasum,
2986 960 3088 999 nec
3116 945 3174 999 in
3219 945 3425 1001 diebus
3459 946 3645 1012 festis,

2000 1047 2105 1085 nec
2134 1030 2192 1083 in
2228 1029 2575 1101 gravissima
2634 1030 2961 1086 valetudine
2996 1033 3100 1104 [AL
3135 1034 3499 1107 aegritudine]
3532 1033 3647 1090 sol-

2000 1118 2080 1172 vit
2101 1118 2416 1189 jejunium.
2443 1118 2552 1172 Sed
2578 1119 2703 1189 jam
2736 1124 2971 1191 tempus
3012 1126 3099 1175 est
3149 1127 3211 1175 ut
3260 1124 3331 1177 ad
3383 1123 3648 1179 ordinem

2000 1212 2377 1261 revertamur.

2079 1297 2159 1349 l2.
2194 1296 2448 1350 Latrones
2482 1299 2706 1351 veniunt
2730 1297 2798 1351 ad
2830 1298 3179 1354 llzlarionem
3207 1304 3384 1356 nocte.
3407 1332 3474 1340 —
3505 1302 3649 1357 Cum

2001 1383 2292 1438 habitaret
2322 1384 2513 1438 adhuc
2547 1386 2603 1439 in
2634 1386 2925 1457 tuguriolo
2959 1403 3143 1441 annos
3175 1392 3347 1443 natus
3374 1389 3572 1444 decem
3595 1394 3652 1445 et

2004 1476 2150 1537 octo,
2186 1471 2440 1527 latrones
2476 1474 2545 1527 ad
2589 1491 2725 1528 eum
2782 1478 2946 1529 nocte
3011 1481 3314 1543 venerunt,
3362 1477 3449 1532 vel
3499 1477 3653 1533 aesti-

2006 1567 2235 1614 mantes
2270 1561 2482 1621 habere
2514 1561 2733 1633 aliquid
2769 1565 2923 1633 quod
2957 1563 3247 1632 tollerent,
3278 1564 3366 1621 vel
3400 1566 3460 1621 in
3518 1584 3654 1621 con-

2006 1654 2294 1719 temptum
2346 1650 2434 1703 sui
2481 1656 2816 1721 reputantes
2862 1652 3007 1716 fieri,
3054 1652 3102 1706 si
3152 1670 3299 1724 puer
3357 1654 3654 1711 solitarius

2008 1754 2210 1792 eorum
2257 1737 2514 1808 impetus
2571 1756 2685 1793 non
2739 1740 3188 1809 pertimesceret.
3242 1743 3442 1814 Itaque
3508 1744 3658 1800 inter

2009 1843 2169 1881 mare
2200 1830 2254 1879 et
2286 1825 2558 1897 paludem
2593 1844 2626 1881 a
2655 1844 2893 1899 vespere
2924 1846 3109 1900 usque
3159 1832 3229 1885 ad
3277 1831 3417 1887 solis
3461 1837 3655 1889 ortum

2010 1915 2425 1979 discurrentes,
2463 1932 2763 1987 nunquam
2796 1916 2988 1972 locum
3032 1918 3239 1973 cubilis
3264 1920 3285 1953 ³
3315 1920 3443 1991 ejus
3498 1920 3656 1977 inve-

2011 2004 2136 2058 nire
2188 2007 2521 2075 potuerunt.
2572 2004 2747 2059 Porro
2815 2004 2971 2061 clara
3014 2006 3141 2062 luce
3180 2015 3405 2079 reperto
3454 2026 3657 2081 puero,

2012 2091 2183 2162 quasi
2232 2107 2333 2162 per
2372 2092 2573 2161 jocum
2610 2094 2821 2159 :Quid,
2861 2093 3157 2166 inquiunt,
3204 2097 3440 2165 faceres,
3474 2099 3523 2153 si
3574 2098 3659 2155 la-

2011 2185 2207 2235 trones
2257 2180 2326 2234 ad
2396 2186 2451 2235 te
2510 2182 2811 2237 venirent?
2858 2183 3080 2247 Quibus
3144 2183 3242 2239 ille
3309 2188 3657 2258 respondit:

2012 2268 2218 2323 Nudus
2262 2267 2515 2323 latrones
2564 2286 2676 2323 non
2729 2270 2913 2327 timet.
2962 2272 3031 2326 Et
3070 2272 3151 2326 illi
3186 2290 3197 2326 :
3229 2273 3416 2340 Certe,
3470 2276 3660 2344 aiunt,

2013 2356 2196 2411 occidi
2246 2360 2428 2427 potes.
2464 2356 2732 2423 Possum,
2768 2358 2982 2428 inquit,
3016 2376 3253 2431 possum
3290 2365 3388 2415 :et
3416 2361 3544 2417 ideo
3576 2363 3661 2417 la-

2013 2448 2210 2499 trones
2250 2461 2364 2498 non
2408 2445 2605 2511 timeo,
2640 2446 2777 2515 quia
2822 2446 2968 2500 mori
3018 2453 3257 2518 paratus
3304 2466 3459 2504 sum.
3494 2452 3659 2507 Tunc

2016 2531 2287 2587 admirati
2319 2532 2709 2587 constantiam
2741 2534 2869 2604 ejus
2900 2540 2957 2589 et
2986 2535 3182 2603 fidem,
3221 2537 3471 2593 confessi
3523 2545 3665 2595 sunt

2016 2622 2202 2675 noctis
2252 2637 2526 2689 errorem,
2570 2626 2929 2693 caecatosque
2986 2623 3206 2691 oculos,
3257 2628 3659 2684 correctiorem

2016 2710 2289 2780 deinceps
2323 2710 2498 2764 vitam
2532 2708 2894 2781 pollicentes.

2092 2798 2172 2850 13.
2208 2798 2401 2852 Mulier
2444 2800 2651 2852 sterilis
2693 2803 2880 2870 prima
2930 2803 3235 2872 irrumpere
3293 2820 3430 2859 ausa
3475 2815 3551 2861 est
3589 2807 3659 2862 ad

2015 2903 2158 2943 eum.
2192 2916 2259 2926 -—
2284 2886 2503 2957 Viginti
2536 2891 2592 2942 et
2622 2888 2769 2943 duos
2794 2890 2920 2958 jam
2952 2890 3006 2943 in
3060 2891 3373 2947 solitudine
3404 2894 3653 2951 habebat

2016 2992 2219 3042 annos,
2265 2976 2421 3029 fama
2452 2981 2680 3031 tantum
2722 2982 2892 3031 notus
2932 2980 3226 3045 omnibus,
3262 2986 3318 3035 et
3354 2998 3458 3053 per
3504 2989 3655 3040 totas

249 3077 559 3147 ascensus]
612 3078 744 3148 ejus
801 3076 1050 3144 edicere,
1100 3074 1587 3147 comprehendam
1654 3065 1979 3131 breviterC
2018 3064 2333 3119 Palaestinae
2395 3063 2668 3136 vulgatus
2718 3067 2911 3133 urbes,
2962 3082 3095 3122 cum
3152 3068 3386 3124 interim
3453 3072 3665 3130 mulier

248 3173 381 3222 ante
428 3166 670 3223 lectoris
708 3163 930 3231 oculos,
964 3163 1155 3217 Vitam
1188 3164 1315 3234 ejus
1346 3163 1564 3234 pariter
1593 3179 1906 3234 exponens,

250 3262 305 3311 et
334 3257 624 3325 deinceps
651 3254 722 3308 ad
756 3251 1038 3308 narrandi
1070 3252 1333 3307 ordinem
1379 3251 1692 3323 regrediar.

323 3348 413 3400 11.
487 3344 664 3399 Victus
742 3342 1069 3398 Hilarionis.
1140 3372 1206 3380 —
1267 3345 1311 3393 Α
1377 3339 1653 3395 vicesimo
1718 3339 1909 3411 primo

252 3451 406 3490 anno
444 3448 640 3504 usque
670 3431 741 3485 ad
769 3430 1114 3487 vicesimum
1146 3430 1486 3500 septimum,
1519 3428 1708 3484 tribus
1740 3428 1910 3484 annis

251 3522 586 3578 dimidium
606 3519 779 3574 lentis
808 3518 1121 3574 sextarium
1173 3518 1564 3573 madefactum
1612 3534 1762 3588 aqua
1810 3516 1912 3571 fri-

250 3611 406 3684 gida
474 3606 753 3674 comedit,
816 3611 867 3661 et
927 3606 1057 3662 aliis
1123 3607 1311 3661 tribus
1392 3622 1603 3678 panem
1682 3606 1911 3661 aridum

250 3715 398 3755 cum
474 3696 602 3752 sale
661 3700 716 3750 et
767 3712 929 3767 aqua.
1003 3696 1180 3751 Porro
1233 3713 1265 3750 a
1319 3696 1594 3751 vicesimo
1664 3696 1912 3766 septimo

255 3802 450 3858 usque
507 3786 582 3840 ad
625 3784 1006 3850 tricesimum,
1042 3783 1238 3839 herbis
1289 3783 1635 3857 agrestibus,
1690 3788 1744 3839 et
1800 3783 1914 3838 vir-

254 3874 566 3947 gultorum
598 3874 989 3944 quorumdam
1030 3872 1325 3927 radicibus
1370 3872 1567 3927 crudis
1621 3875 1912 3927 sustenta-

254 3972 349 4019 tus
381 3969 497 4045 est.
548 3965 599 4017 Α
638 3962 934 4017 tricesimo
983 3964 1173 4016 autem
1216 3960 1405 4030 primo
1459 3976 1646 4031 usque
1696 3961 1766 4015 ad
1814 3960 1914 4015 tri-

258 4054 545 4108 cesimum
608 4050 907 4123 quintum,
960 4066 1061 4106 sex
1122 4050 1326 4104 uncias
1381 4049 1683 4104 hordeacei
1722 4049 1914 4119 panis,

260 4148 313 4195 et
358 4146 596 4197 coctum
648 4138 876 4194 modice
923 4137 1053 4193 olus
1105 4138 1327 4208 absque
1367 4136 1491 4192 oleo
1530 4136 1590 4191 in
1640 4136 1766 4191 cibo
1814 4137 1916 4191 ba-

260 4230 406 4285 buit.
474 4228 753 4284 Sentiens
802 4231 999 4281 autem
1064 4225 1315 4298 caligare
1382 4225 1583 4280 oculos
1651 4242 1811 4293 suos,
1862 4229 1919 4280 et

262 4322 453 4373 totum
483 4334 700 4389 corpus
728 4315 1070 4388 impetigine
1101 4319 1157 4369 et
1185 4313 1454 4385 pumicea
1486 4314 1741 4386 quadam
1792 4330 1915 4368 sca-

263 4406 506 4462 bredine
542 4405 840 4471 contrahi,
888 4406 959 4459 ad
1006 4404 1365 4475 superiorem
1434 4403 1650 4458 victum
1706 4402 1919 4473 adjecit

262 4494 478 4561 oleum,
523 4500 583 4549 et
634 4510 824 4565 usque
882 4494 953 4547 ad
1020 4493 1449 4566 sexagesimum
1490 4493 1730 4547 tertium
1792 4493 1918 4546 vita:

260 4599 375 4638 sua
424 4600 658 4641 annum
722 4582 881 4637 hunc
928 4581 1299 4638 continentiae
1349 4581 1607 4635 cucurrit
1647 4581 1917 4653 gradum,

260 4672 401 4727 nihil
431 4672 804 4727 extrinsecus
835 4676 935 4726 aut
968 4686 1298 4742 pomorum,
1330 4675 1431 4725 aut
1460 4669 1796 4742 leguminis,
1823 4673 1922 4724 aut

259 4761 585 4831 cujuslibet
615 4761 695 4816 rei
727 4765 995 4833 gustans.
1014 4760 1151 4815 Inde
1178 4777 1310 4815 cum
1344 4776 1405 4815 se
1436 4759 1654 4814 videret
1683 4775 1921 4830 corpore

258 4848 678 4924 defatigatum,
744 4854 801 4905 et
867 4848 1255 4921 propinquam
1323 4852 1555 4920 putaret
1618 4847 1923 4903 imminere

331 5090 349 5122 *
378 5084 613 5167 Yictor.
641 5084 882 5167 festinus
909 5084 1174 5167 agitator,
1192 5100 1302 5167 pro
1337 5099 1452 5156 quo
1508 5082 1680 5167 nolim”
1704 5085 1919 5167 gladia-

258 5162 365 5215 ιον.
394 5160 537 5215 Mox
568 5155 763 5213 autem
794 5158 909 5213 duo
942 5155 1214 5212 Vaticani
1244 5155 1408 5211 curre
1436 5173 1453 5208 :
1484 5155 1786 5211 dormitas?
1818 5174 1920 5230 pro

259 5247 355 5285 cur
384 5231 683 5285 dormitas.

325 5304 349 5335 ²
380 5304 519 5383 Due
558 5300 727 5356 codd.
758 5300 1104 5373 spatiabatur
1134 5297 1245 5354 alio
1274 5315 1451 5355 sensu
1488 5299 1633 5354 forte
1661 5316 1733 5353 an
1776 5317 1918 5354 con—

262 5389 545 5429 ςιιωιοη.

330 5446 349 5480 ³
378 5445 571 5500 [idem
600 5443 717 5499 duo
748 5443 940 5509 codd.,
973 5441 1232 5499 cubiculi.

329 5517 355 5555 ι
410 5516 517 5577 Sic
602 5531 747 5574 mss.
837 5513 1034 5573 Graeca
1108 5512 1295 5573 forma
1352 5522 1685 5591 Ἀρισταινέτη
1755 5517 1916 5575 Hauc

2019 3152 2286 3224 quaedam
2334 3152 2900 3224 Eleutheropolilana
2960 3171 3203 3211 cernens
3256 3158 3552 3229 despectui
3603 3177 3665 3218 se

2019 3241 2219 3295 haberi
2252 3259 2285 3295 a
2314 3243 2433 3296 viro
2464 3242 2534 3296 ob
2567 3241 2937 3298 sterilitatem
2970 3242 3112 3315 (jam
3142 3246 3296 3301 enim
3331 3264 3432 3319 per
3476 3267 3663 3305 annos

2019 3328 2353 3400 quindecim
2386 3328 2577 3385 nullos
2610 3331 2869 3402 conjugii
2902 3332 3127 3388 fructus
3156 3334 3437 3409 dederat),
3471 3338 3663 3409 prima

2020 3418 2343 3489 irrumpere
2374 3435 2517 3473 ausa
2553 3424 2640 3473 est
2670 3420 2740 3474 ad
2772 3421 3004 3497 beatum
3036 3423 3389 3479 Hilarionem
3423 3442 3437 3481 :
3472 3431 3527 3480 et
3576 3428 3665 3481 ni-

2020 3506 2101 3560 hil
2127 3506 2241 3561 tale
2262 3507 2605 3578 suspicanti,
2632 3513 2863 3579 repente
2893 3510 3142 3581 genibus
3189 3514 3318 3583 ejus
3349 3514 3617 3569 advoluta
3651 3531 3664 3569 :

2023 3597 2283 3667 Ignosce,
2316 3596 2525 3667 inquit,
2557 3597 2847 3651 audaciae:
2874 3598 3109 3669 ignosce
3142 3603 3474 3656 necessitati
3501 3619 3663 3658 meae.

2024 3682 2169 3750 Quid
2207 3685 2417 3738 avertis
2466 3685 2665 3739 oculos
2686 3685 2713 3738 ‘?
2758 3686 2896 3756 quid
2945 3693 3242 3759 regentem
3292 3690 3493 3762 fugis?
3542 3690 3669 3746 Noli

2025 3771 2329 3827 mulierem
2351 3773 2628 3845 aspicere.
2664 3775 2763 3828 sed
2789 3775 3086 3830 miseram.
3116 3777 3218 3831 llic
3258 3794 3429 3834 sexus
3468 3780 3672 3851 genuit

2023 3862 2397 3917 Salvatorem.
2428 3863 2543 3916 Non
2578 3862 2781 3918 habent
2827 3866 2953 3918 sani
2999 3880 3130 3936 Opus
3184 3867 3408 3935 ‘nwdico,
3431 3868 3523 3924 sed
3573 3872 3671 3941 qui

2024 3954 2166 4009 male
2201 3949 2391 4005 habent
2419 3952 2567 4019 (Luc.
2602 3968 2652 4019 v,
2677 3951 2787 4023 31).
2810 3953 3068 4008 Tandem
3101 3956 3437 4025 subsistitit,
3454 3962 3511 4013 et
3540 3963 3673 4030 post

2025 4047 2253 4097 tantum
2285 4039 2565 4110 temporis
2595 4040 2718 4094 visa
2740 4041 3400 4117 muliere,interrogavit
3429 4064 3672 4103 causam

2027 4132 2309 4186 adventus
2356 4129 2483 4199 ejus
2520 4145 2584 4183 ac
2628 4128 2892 4184 ﬂetuum.
2947 4131 3013 4184 Et
3074 4138 3384 4204 postquam
3447 4135 3670 4205 didicit,

2026 4220 2229 4275 levatis
2261 4219 2331 4273 ad
2365 4217 2575 4273 ccelum
2610 4216 2813 4285 oculis,
2848 4218 3024 4273 ﬁdere
3057 4220 3241 4289 jussit
3273 4238 3285 4274 :
3319 4226 3672 4294 euntemtu

2025 4307 2297 4380 lacrymis
2375 4312 2739 4379 prosecutus,
2822 4312 3021 4363 exacto
3100 4324 3251 4363 anno
3329 4309 3474 4365 vidit
3532 4327 3667 4367 cum

1952 4431 1996 4495 D
2028 4397 2168 4495 ﬁli-0.

2102 4488 2188 4540 14.
2222 4486 2417 4541 Mulier
2454 4485 2655 4541 nobilis
2702 4503 2841 4542 uror
2889 4489 3133 4558 praefecti
3174 4490 3451 4561 prator-io.
3485 4491 3673 4547 Mona—

2028 4576 2123 4631 chi
2148 4592 2257 4631 non
2304 4580 2461 4631 erant
2503 4579 2563 4629 in
2610 4577 2773 4647 Syria
2822 4580 2949 4632 ante
2979 4577 3031 4633 S.
3068 4579 3425 4636 Hilarionem.
3460 4609 3524 4620 -—
3558 4580 3676 4636 Hoc

2030 4666 2332 4737 signorum
2365 4667 2491 4735 ejus
2525 4666 2875 4737 principium
2900 4668 3094 4737 majus
3124 4667 3283 4723 aliud
3315 4669 3550 4741 signum
3579 4686 3677 4724 no-

2030 4754 2296 4810 bilitavit.
2326 4754 2664 4810 Aristaenete
2694 4757 2715 4787 ‘
2745 4756 2843 4809 I9
2875 4756 3108 4827 Elpidii,
3143 4758 3240 4827 qui
3294 4764 3496 4829 postea
3531 4772 3673 4828 pra-

2033 4846 2220 4899 l‘ectus
2245 4843 2509 4915 prmtorio
2537 4843 2664 4909 fuit,
2698 4860 2861 4912 uxor,
2891 4844 3056 4900 valde
3090 4845 3303 4901 nobilis
3333 4846 3484 4901 inter
3514 4862 3673 4915 suos,

2033 5095 2204 5154 porro
2237 5077 2517 5133 Libanius
2547 5076 2871 5148 plurimum
2903 5076 3105 5131 laudat
3136 5076 3236 5132 lib.
3271 5096 3350 5147 ιν,
3381 5081 3551 5152 epist.
3586 5082 3676 5150 44,

2033 5154 2103 5204 ad
2156 5150 2484 5204 Heluidium
2544 5166 2557 5203 2
2619 5161 2803 5204 'EYVUJV
2858 5158 2948 5204 τὴν
3019 5155 3226 5204 ἀρίστην
3297 5162 3674 5204 ’Δοισταινέττ.ν.

2033 5152 2103 5206 fld
2156 5152 2484 5221 Helpidium
2544 5166 2557 5203 Σ
2619 5161 2803 5217 Ἐγνων
2858 5158 2948 5214 τὴν
3019 5155 3226 5219 ἀρίστην
3297 5162 3677 5224 ’Λρισι-αινέτην,

2032 5222 2297 5301 Helpidio
2344 5219 2971 5301 auteni'alarce’l‘l‘inus.
3005 5220 3177 5301 paulo
3228 5230 3325 5301 est
3358 5224 3614 5296 iniquior
3664 5244 3677 5294 ;

2032 5290 2313 5350 nimirum
2347 5294 2418 5347 ob
2448 5291 2724 5345 invidiam
2759 5290 3073 5347 Christiani
3106 5296 3382 5349 nominis.

2103 5367 2443 5437 Arislzenelgp
2463 5363 2685 5437 Elpidii.
2720 5363 2799 5417 De
2827 5362 3049 5436 Elpidio
3090 5366 3359 5437 praefecto
3410 5367 3679 5437 praetorio

2033 5438 2160 5495 vide
2192 5432 2596 5492 Marcellinum
2628 5432 2727 5490 lib.
2765 5432 2913 5494 xxxf
3090 5432 3107 5437 ”
3315 5432 3603 5497 Maurum.
