4118 6158
551 340 627 401 35
1805 333 1871 396 s.
1920 332 2229 399 EUSEBII
2273 333 2743 400 HIERONYMI.
2872 298 2877 303 ’
3881 333 3958 402 36

551 477 607 527 et
641 471 791 526 inter
817 467 1179 526 Christianos
1207 467 1476 536 nobilior,
1494 473 1787 524 revertens
1820 485 1952 523 cum
1989 468 2199 524 marito
2228 475 2276 540 Α

546 565 603 614 et
633 559 820 614 tribus
851 557 1050 613 liberis
1082 575 1115 611 a
1145 559 1310 612 beato
1343 557 1617 623 Antonio,
1651 557 1813 612 Gaza:
1846 561 2080 630 propter
2110 573 2201 612 eo-

544 664 676 701 rum
708 646 1110 701 inﬁrmitatem
1153 650 1442 701 remorata
1482 651 1589 700 est.
1635 645 1717 700 Ibi
1768 645 1923 699 enim
1957 645 2076 699 sive
2123 647 2195 700 ob

543 741 886 807 corruptum
920 751 1136 800 aerem,
1169 735 1288 790 sive
1319 734 1409 805 (ut
1453 739 1656 806 postea
1695 734 1925 804 claruit)
1959 738 2197 805 propter

543 826 791 898 gloriam
847 824 1155 880 Hilarionis
1205 825 1352 878 servi
1403 823 1526 889 Dei,
1559 822 1945 878 hemitritzeo‘
1981 821 2196 894 pariter

541 914 778 986 arrepti,
811 930 1014 969 omnes
1050 929 1084 967 a
1131 905 1374 967 medicis
1416 911 1706 983 desperati
1750 915 1906 965 sunt.
1955 911 2195 966 Jacebat

541 1002 778 1058 ululans
811 1006 1016 1068 mater,
1050 1005 1107 1056 et
1147 1001 1316 1073 quasi
1348 1001 1498 1055 inter
1525 1000 1636 1054 tria
1669 999 1922 1054 ﬁliorum
1963 1000 2189 1054 discur-

539 1109 674 1146 rens
723 1092 1023 1157 cadavera,
1077 1107 1250 1161 quem
1300 1088 1462 1160 prius
1510 1088 1809 1160 plangeret
1873 1088 2186 1143 nesciebat.

543 1180 784 1254 Cognito
807 1185 1001 1235 autem
1036 1180 1190 1249 quod
1223 1183 1377 1233 esset
1406 1179 1645 1250 quidam
1680 1178 2002 1233 monachus
2033 1178 2092 1232 in
2113 1178 2192 1232 vi-

535 1269 668 1324 cina
700 1265 1224 1332 solitudine,oblita
1245 1265 1586 1322 matronalis
1609 1284 1834 1338 pompaa
1856 1267 2108 1338 (tantum
2128 1283 2188 1323 se

543 1359 788 1410 matrem
823 1353 1082 1420 noverat)
1104 1354 1262 1409 vadit
1291 1354 1567 1409 comitata
1596 1354 1888 1409 ancillulis
1919 1359 1974 1409 et
2003 1371 2186 1410 eunu-

533 1443 663 1498 chis
699 1445 800 1508 [ΑΙ.
836 1441 1218 1513 vernaculis]:
1245 1443 1451 1514 vixque
1481 1461 1517 1499 a
1546 1444 1670 1498 viro
1695 1460 2046 1514 persuasum
2077 1450 2184 1510 cst,

537 1537 600 1585 ut
638 1530 818 1587 asello
841 1531 1053 1586 sedens
1085 1536 1367 1602 pergeret.
1402 1532 1489 1585 Ad
1523 1548 1694 1602 quem
1729 1548 1859 1586 cum
1893 1532 2186 1603 pervenis-

535 1626 625 1676 set
661 1637 672 1674 :
709 1620 917 1676 Precor
945 1621 966 1654 ²
995 1624 1074 1688 te,
1111 1620 1212 1686 ait,
1266 1637 1368 1691 per
1413 1620 1616 1675 Jesum
1660 1620 2184 1675 clementissimum

542 1710 728 1765 Deum
762 1714 1027 1765 nostrum
1057 1726 1068 1762 :
1103 1709 1358 1764 obtestor
1389 1725 1490 1781 per
1520 1717 1764 1764 crucem'
1803 1710 1929 1778 ejus
1961 1713 2017 1764 et
2046 1727 2183 1764 san-

532 1798 876 1870 guinem,ut
907 1798 1114 1853 reddas
1146 1797 1290 1853 mihi
1322 1803 1439 1852 tres
1471 1798 1651 1865 ﬁlios;
1677 1802 1732 1852 et
1753 1797 2182 1870 gloriﬁceturin

530 1887 672 1942 urbe
701 1886 1010 1959 gentilium
1043 1903 1254 1941 nomen
1284 1885 1510 1940 Domini
1541 1886 1879 1960 Salvatoris,
1903 1890 1959 1941 et
1989 1885 2180 1958 ingre-

531 1975 726 2030 diatur
746 1993 946 2031 servus
979 1975 1107 2044 ejus
1129 1979 1362 2040 Gazam,
1395 1979 1452 2029 et
1482 1973 1702 2030 idolum
1731 1976 1752 2008 ³
1784 1975 2016 2030 Marnas
2051 1993 2182 2030 cor-

530 2069 680 2120 ruat.
716 2065 1015 2119 Renuente
1046 2063 1165 2130 illo,
1199 2067 1256 2119 et
1276 2063 1524 2132 dicente,
1551 2080 1851 2134 nunquam
1888 2081 1949 2119 se
1980 2080 2179 2136 egres-

535 2170 665 2208 sum
701 2155 771 2209 de
801 2153 964 2218 cella,
1000 2169 1105 2208 nec
1149 2153 1363 2208 habere
1410 2152 1916 2219 consuetudinem,
1953 2157 2014 2207 ut
2063 2170 2178 2208 non

531 2243 705 2296 modo
738 2241 1167 2309 civitatem,scd
1205 2257 1276 2295 ne
1308 2240 1568 2295 villulam
1603 2240 2180 2313 quidemingredcre-

528 2335 642 2398 tur,
678 2331 987 2402 prostravit
1019 2348 1081 2386 se
1111 2330 1277 2384 humi
1308 2331 1509 2385 crebro
1535 2329 1872 2386 clamitans:
1895 2330 2174 2398 Hilarion,

527 2436 689 2474 serve
719 2418 953 2484 Christi,
987 2419 1160 2473 redde
1193 2418 1340 2472 mihi
1374 2417 1589 2473 liberos
1624 2419 1979 2482 meos.0uos
2009 2421 2179 2474 Anto-

527 2508 660 2562 nius
699 2507 888 2568 tenuit
935 2507 990 2561 in
1047 2507 1312 2579 (Egypto,
1358 2523 1390 2560 a
1434 2511 1490 2560 te
1539 2511 1842 2561 serventur
1890 2507 1946 2560 in
1995 2507 2172 2578 Syria.

529 2596 771 2651 Flebant
817 2596 1014 2651 cuncti
1067 2596 1164 2667 qui
1215 2595 1478 2660 aderant,
1531 2596 1630 2650 sed
1687 2600 1743 2650 et
1791 2595 1915 2666 ipse
1957 2611 2177 2666 negans

531 2683 867 2750 ﬂevit.Quid
897 2683 1083 2738 multa
1103 2683 1257 2737 ?non
1292 2683 1457 2754 prius
1488 2683 1701 2738 mulier
1731 2683 2176 2755 recessit,quam

535 2772 630 2827 ille
691 2771 986 2842 pollicitus
1025 2776 1114 2826 est
1169 2788 1231 2826 se
1289 2777 1421 2841 post
1472 2771 1612 2825 solis
1659 2788 1931 2826 occasum
1964 2773 2174 2828 Gazam

525 2860 929 2915 introiturum.
957 2859 1078 2923 Quo
1129 2863 1438 2931 postquam
1472 2861 1647 2929 venit,
1686 2861 2051 2932 singulorum
2097 2862 2164 2917 le-

530 2948 718 3004 ctulos
749 2953 806 3005 et
837 2948 1100 3004 ardentia
1130 2950 1151 2983 ⁴
1181 2949 1448 3002 membra
1485 2948 1860 3021 consignans,
1893 2951 2179 3006 invocavit

524 3037 750 3092 Jesum.
778 3037 864 3101 Et,
898 3052 929 3092 ο
963 3036 1114 3090 mira
1144 3035 1365 3090 virtus!
1400 3036 1567 3106 quasi
1600 3036 1671 3091 de
1699 3037 1888 3091 tribus
1919 3038 2174 3092 fontibus

524 3126 706 3180 sudor
731 3125 947 3196 pariter
975 3124 1193 3196 erupit:
1220 3124 1418 3179 eadem
1451 3123 1594 3180 hora
1617 3132 1963 3196 acceperunt
1993 3127 2171 3192 cibos,

2389 469 2478 524 15.
2515 468 2664 524 Caeca
2692 469 2894 523 mulier
2931 484 2964 523 a
2995 467 3175 524 decem
3198 465 3384 524 annis.
3417 497 3484 508 —-
3523 467 3758 525 Facidia
3803 471 3956 527 vicu-

2306 556 2400 612 lus
2431 558 2451 592 ⁸
2482 562 2570 612 est
2597 557 3008 612 Rhinocorura
3059 556 3222 612 urbis
3263 557 3512 630 Egypti.
3546 562 3621 614 De
3669 557 3780 614 hoc
3825 575 3954 632 ergo

2303 646 2452 713 vico,
2487 647 2685 701 decem
2708 647 2833 716 jam
2866 645 3036 700 annis
3060 647 3080 679 δ
3111 662 3263 700 caaca
3312 644 3526 700 mulier
3574 646 3827 702 adducta
3869 653 3956 703 est

2305 735 2377 790 ad
2426 735 2659 789 beatum
2709 733 3063 789 Hilarionem
3097 751 3108 789 :
3137 733 3450 806 oblataque
3499 734 3550 790 ei
3593 751 3628 790 a
3676 735 3950 792 fratribus

2303 823 2442 893 (jam
2470 822 2625 877 enim
2658 821 2824 876 multi
2852 839 2984 876 cum
3007 839 3072 877 eo
3104 822 3373 878 monachi
3403 823 3588 894 erant)
3629 840 3860 879 omnem
3891 841 3952 881 se

2303 910 2699 966 substantiam
2733 911 3084 981 expendisse
3114 911 3195 966 ait
3224 911 3280 966 in
3305 911 3697 967 medicos.Cui
3719 929 3952 985 respon-

2301 998 2386 1053 dit
2429 1016 2441 1053 :
2476 998 2534 1053 Si
2568 1016 2692 1070 quae
2737 998 2795 1052 in
2823 999 3081 1062 medicis
3133 1000 3463 1071 perdidisti,
3497 1001 3761 1056 dedisses
3806 1018 3946 1074 pau-

2300 1089 2841 1159 peribus,curasset
2871 1093 2925 1143 te
2952 1105 3122 1143 verus
3146 1089 3411 1145 medicus
3437 1089 3628 1145 Jesus.
3651 1089 3947 1146 Clamante

2299 1181 2493 1232 autem
2545 1176 2664 1244 illa,
2715 1181 2771 1232 et
2815 1177 3276 1232 misericordiam
3323 1179 3686 1250 deprecante,
3719 1179 3949 1250 exspuit

2298 1264 2355 1318 in
2405 1265 2603 1320 oculos
2641 1267 2768 1336 ejus
2822 1284 2835 1320 :
2887 1266 3204 1338 statimque
3254 1266 3568 1323 Salvatoris
3612 1267 3940 1340 exemplum

2295 1349 2479 1408 virtus
2511 1354 2713 1408 eadem
2747 1358 3053 1425 prosecuta
3074 1357 3183 1408 est.

2367 1441 2454 1495 16.
2489 1442 2697 1509 Auriga
2724 1441 3000 1497 Gazensis.
3033 1441 3339 1514 —-Auriga
3389 1459 3621 1515 quoque
3670 1442 3940 1499 Gazensis

2295 1527 2354 1584 in
2387 1545 2561 1584 curru
2593 1546 2907 1602 percussus
2938 1547 2970 1584 a
3001 1530 3282 1600 dmmone,
3323 1535 3478 1586 totus
3527 1530 3784 1604 obriguit
3816 1549 3829 1587 :
3862 1531 3941 1587 ita

2297 1621 2360 1671 ut
2406 1634 2509 1672 nec
2552 1635 2794 1673 manum
2845 1619 3086 1691 agitare,
3124 1635 3228 1674 nec
3280 1619 3558 1676 cervicem
3602 1621 3800 1692 pesset
3829 1619 3938 1690 [Αἰ.

2293 1707 2500 1777 possit]
2552 1706 2866 1763 reﬂectere.
2911 1706 3146 1763 Delatus
3197 1723 3334 1780 ergo
3382 1708 3440 1763 in
3482 1707 3649 1776 lecto,
3682 1724 3815 1762 cum
3846 1724 3938 1763 so-

2291 1793 2408 1849 1am
2443 1795 2702 1867 linguam
2739 1800 2995 1851 moveret
3025 1795 3095 1850 ad
3145 1812 3365 1867 preces,
3400 1795 3566 1851 audit
3612 1812 3726 1851 non
3777 1794 3937 1867 prius

2291 1899 2462 1953 posse
2494 1883 2710 1949 sanari,
2744 1901 2920 1955 quam
2951 1885 3210 1939 crederet
3237 1885 3293 1938 in
3324 1888 3550 1950 Jesum,
3584 1887 3641 1938 et
3670 1899 3731 1939 se
3762 1900 3934 1954 spon-

2291 1971 2453 2025 deret
2495 1971 2605 2026 arti
2658 1971 2916 2043 pristinae
2966 1974 3460 2028 renuntiaturum.
3494 1971 3766 2038 Credidit,
3799 1987 3933 2042 spo-

2290 2059 2515 2130 pondit,
2549 2065 2790 2115 sanatus
2820 2064 2909 2116 est
2942 2079 2954 2115 :
2988 2061 3295 2133 magisque
3325 2062 3395 2117 de
3425 2060 3654 2127 animae,
3669 2076 3844 2132 quam
3866 2059 3934 2115 de

2287 2148 2545 2219 corporis
2577 2147 2766 2204 salute
2796 2149 3125 2205 exsultavit.

2362 2239 2444 2291 17.
2495 2239 2768 2306 Marsitas,
2811 2239 3033 2310 juvenis
3095 2240 3450 2310 fortissimus.
3510 2269 3578 2278 —
3654 2241 3934 2293 Praeterea

2288 2324 2647 2381 fortissimus
2670 2327 2908 2398 juvenis
2940 2327 3175 2382 nomine
3206 2326 3475 2383 Marsitas
3496 2327 3516 2360 "
3547 2326 3618 2382 de
3649 2325 3932 2382 territorio

2286 2413 2694 2487 Hierosolymae
2711 2421 2940 2470 tantum
2963 2415 3075 2471 sibi
3099 2415 3487 2488 applaudebat
3506 2414 3565 2469 in
3586 2415 3830 2482 viribus,
3858 2418 3922 2470 ut

2287 2501 2622 2572 quindecim
2655 2505 2933 2560 frumenti
2964 2506 3190 2561 modios
3221 2505 3317 2560 diu
3340 2504 3625 2576 longeque
3647 2508 3919 2575 portaret,

2285 2596 2342 2645 et
2370 2589 2520 2646 hanc
2553 2591 2794 2647 haberet
2824 2592 3080 2663 palmam
3115 2593 3472 2648 fortitudinis
3503 2591 3702 2658 suae,si
3727 2591 3919 2647 asinos

2286 2680 2559 2735 vinceret.
2597 2681 2696 2735 Hic
2718 2682 2958 2736 atl‘ectus
3003 2684 3259 2752 pessimo
3302 2683 3585 2748 daemone,
3617 2697 3730 2736 non
3772 2684 3923 2736 cate-

2288 2785 2414 2830 nas,
2440 2785 2553 2822 non
2587 2770 2915 2841 compedes,
2953 2785 3068 2823 non
3099 2768 3353 2824 claustra
3379 2769 3662 2824 ostiorum
3703 2769 3932 2841 integra

2286 2856 2617 2926 patiebatur
2650 2873 2662 2910 :
2698 2856 3016 2911 multorum
3067 2873 3276 2912 nasum
3314 2862 3373 2912 et
3417 2873 3588 2911 aures
3634 2857 3931 2912 morsibus

2286 2949 2731 3016 amputaverat:
2778 2945 2987 3000 horum
3039 2945 3236 3017 pedes,
3284 2945 3518 3001 illorum
3565 2961 3736 3000 crura
3765 2944 3786 2977 ⁸
3817 2945 3930 2999 ire-

2284 3039 2466 3105 gerat.
2483 3035 2858 3106 Tantumque
2881 3035 2970 3089 sui
2992 3037 3268 3090 terrorem
3291 3034 3565 3089 omnibus
3581 3033 3928 3098 incusserat,

2285 3126 2349 3177 ut
2392 3128 2665 3178 oneratus
2714 3122 2934 3178 catenis
2986 3127 3041 3178 et
3083 3123 3344 3189 funibus,
3376 3123 3434 3176 in
3479 3123 3708 3179 diversa
3736 3122 3931 3176 niten-

524 3214 938 3285 lugentemque
973 3219 1219 3268 matrem
1239 3218 1678 3285 cognoscentes,
1697 3218 1753 3267 et
1771 3213 2172 3269 benedicentes
2204 3204 2246 3271 C
2287 3210 2457 3278 tium,
2493 3211 2659 3282 quasi
2704 3211 3101 3266 ferocissimus
3132 3215 3337 3267 taurus
3385 3211 3457 3266 ad
3508 3210 3929 3266 monasterium

528 3303 735 3369 Deum,
771 3303 954 3356 saneti
984 3318 1196 3357 manus
1245 3301 1566 3357 deosculati
1612 3306 1769 3356 sunt.
1805 3302 1963 3365 Quod
2016 3307 2173 3374 post-

532 3405 710 3459 quam
763 3388 1029 3444 auditum
1080 3393 1188 3450 est.
1238 3394 1294 3444 et
1329 3388 1499 3453 longe
1547 3386 1775 3458 lateque
1825 3390 2173 3459 percrebuit,

535 3478 803 3533 certatim
831 3478 903 3533 ad
925 3494 1062 3533 eum
1094 3480 1162 3533 de
1193 3477 1358 3549 Syria
1389 3484 1444 3531 et
1476 3477 1718 3548 r’Egypto
1766 3478 2171 3533 confluebant:

533 3565 613 3622 ita
638 3580 701 3620 ut
733 3565 902 3620 multi
933 3565 1232 3621 crederent
1253 3565 1312 3619 in
1343 3564 1735 3633 Christum,et
1765 3581 1827 3620 se
1855 3566 2175 3621 monachos

536 3655 967 3727 proﬁterentur.
999 3654 1256 3709 Necdum
1282 3654 1437 3708 enim
1464 3660 1602 3708 tunc
1627 3655 1982 3710 monasteria
2010 3660 2176 3710 erant

533 3744 593 3798 in
635 3743 961 3809 Palaestina,
992 3759 1096 3798 nec
1144 3743 1457 3814 quisquam
1513 3741 1861 3798 monachum
1897 3743 1998 3798 20
2045 3747 2178 3799 ante

536 3836 806 3888 sanctum
843 3831 1190 3887 Hilarionem
1215 3831 1271 3885 in
1297 3831 1461 3903 Syria
1482 3837 1734 3886 noverat.
1773 3831 1872 3887 Ille
1904 3832 2179 3888 fundator

534 3926 591 3976 et
617 3921 879 3976 eruditor
908 3920 1089 3991 hujus
1137 3908 1593 3975 conversationis
1643 3924 1698 3975 et
1745 3921 1924 3974 studii
1961 3920 2017 3974 in
2069 3920 2178 3976 hac

535 4009 835 4081 provincia
864 4009 993 4064 fuit.
1019 4008 1278 4063 Habebat
1324 4009 1608 4063 Dominus
1635 4009 1806 4064 Jesus
1845 4009 1904 4064 in
1935 4010 2176 4081 {Egypto

534 4113 733 4153 senem
767 4096 1380 4153 Antonium:babebat
1406 4096 1464 4152 in
1488 4097 1790 4152 Palaestina
1820 4098 2174 4154 Hilarionem

526 4202 841 4256 juniorem.

605 4377 620 4408 ²
654 4375 1005 4430 Hemitrilaeo.
1041 4374 1461 4430 Hemitritaeum
1495 4377 1584 4428 est
1619 4373 1810 4445 febris
1858 4373 2175 4445 sesquiter-

530 4445 712 4516 tiana,
793 4453 1091 4514 ἡμιτριταῖος
1185 4454 1424 4516 πυρετὸς,Δ
1485 4444 1663 4498 febris
1756 4444 2173 4512 semitertiana,

530 4514 730 4570 Galen.
761 4513 839 4568 ad
881 4513 1079 4570 Glauc.
1117 4513 1366 4570 tertiana
1412 4513 1749 4585 imperfecta
1799 4521 1855 4570 et
1896 4518 2175 4572 accedens

531 4585 603 4639 ad
637 4585 1090 4658 quotidianam:
1126 4587 1280 4658 quod
1333 4585 1506 4658 citius
1558 4591 1822 4658 recurrat
1865 4603 2042 4658 quam
2085 4605 2178 4643 ve-

531 4672 596 4710 ra
645 4655 913 4711 tertiana.
965 4657 1106 4712 Vide
1143 4655 1386 4712 Celsum
1426 4657 1496 4711 de
1542 4657 1854 4727 generibus
1882 4655 2168 4715 febrium.

1817 4733 2097 4786 MARTIAN.

600 4797 622 4831 ²
653 4795 989 4869 Elegantius
1028 4797 1290 4853 Vaticani
1339 4799 1454 4853 duo
1508 4815 1650 4853 mss.
1684 4801 1790 4853 Per
1833 4816 1926 4870 ego
1973 4809 2023 4856 te
2070 4803 2171 4871 ait,

529 4871 736 4935 Jesum,
769 4873 876 4924 etc.

599 4941 621 4975 ³
652 4941 864 4997 Vocem
898 4939 1109 4997 Idolum
1141 4939 1330 5013 nostri
1369 4955 1512 4995 mss.
1550 4957 1665 4996 non
1715 4948 2059 5013 agnoscunt.
2099 4948 2176 4998 De

529 5011 719 5067 ﬂama
747 5029 880 5068 vero
913 5017 1111 5068 noster
1136 5011 1288 5066 infra
1315 5010 1527 5066 iterum
1561 5017 1615 5066 et
1642 5010 1809 5084 epis—t.
1834 5014 1905 5084 ad
1939 5019 2173 5080 Laetam,

529 5087 586 5156 et
617 5085 941 5156 Annobius,
963 5088 1020 5141 et
1050 5084 1330 5149 Marinus,
1355 5084 1414 5138 in
1458 5084 1573 5139 Vita
1605 5083 1786 5138 Procli
1831 5083 2171 5156 loquuntur.

532 5152 815 5224 Epiphan.
889 5152 948 5210 in
1012 5156 1340 5224 Anchorato,
1384 5171 1508 5226 cap.
1569 5156 1670 5210 108
1721 5174 1733 5210 :
1785 5152 1978 5226 Μαριὶᾶς
2007 5164 2177 5223 δοὺλος

526 5230 772 5298 ’ΛστερᾹῖου
838 5236 936 5298 τοῦᾉ
1010 5237 1193 5298 Κρητὸς
1252 5237 1383 5298 παρὰ
1472 5233 1684 5293 Γαζαίοις
1765 5238 1978 5295 τιμᾶται,
2035 5229 2174 5282 Μαν-

524 5310 625 5348 nas
669 5294 868 5349 Asterii
909 5294 1181 5353 Cretensis
1227 5294 1410 5353 seruus
1446 5315 1478 5352 a
1519 5298 1724 5352 σαωθεὶς
1769 5294 1994 5353 calitur.
2048 5300 2177 5354 Mox

527 5368 651 5420 erat
680 5380 1024 5435 egressurum
1075 5385 1176 5438 pro
1223 5385 1513 5438 egressum,
1549 5370 1700 5439 quod
1752 5369 1966 5423 habent
2031 5387 2172 5426 mss.

527 5452 752 5491 omnes.

599 5509 614 5540 ί
652 5507 712 5561 In
766 5507 900 5561 aliis
945 5511 1180 5572 arentia,
1214 5509 1558 5564 concinnius
1605 5527 1737 5566 vero
1780 5511 2030 5567 ardentia
2077 5512 2175 5567 he-

528 5578 1463 5652 mitritaeo,_sive_‘sesquitertiana
1510 5581 1675 5652 febri,
1706 5585 1955 5639 membra
2006 5582 2176 5638 intel-

521 5649 814 5728 liguntur.
835 5649 948 5712 Sed
969 5647 1299 5725 illud'turpi
1329 5667 1522 5710 errore
1540 5650 1601 5710 in
1625 5652 1798 5712 editis
1822 5660 1993 5714 antea
2010 5653 2178 5716 libris

2290 3299 2774 3371 pertraheretur;
2825 3316 2998 3370 quem
3068 3304 3380 3373 postquam
3446 3300 3653 3356 fratres
3714 3299 3926 3365 videre,

2288 3388 2583 3460 perterriti
2605 3391 2750 3456 (erat
2778 3389 2932 3443 enim
2967 3389 3133 3444 miris
3165 3389 3614 3462 magnitudinis)
3637 3389 3932 3443 nuntiave-

2289 3483 2429 3532 runt
2479 3477 2650 3548 patri.
2707 3475 2807 3531 llle
2847 3477 3000 3532 sicut
3040 3477 3299 3543 sedebat,
3335 3478 3518 3548 jussit
3564 3494 3698 3533 eum
3748 3477 3818 3532 ad
3866 3491 3930 3532 se

2289 3566 2544 3638 pertrahi
2574 3569 2630 3618 et
2659 3564 3246 3636 dimitti.Solutoque:
3283 3565 3524 3635 Inclina,
3547 3566 3645 3635 ait,
3666 3568 3933 3637 caput,et

2286 3655 2436 3710 veni.
2469 3655 2738 3710 Tremere
2768 3653 2954 3720 ille,et
2983 3655 3262 3710 cervicem
3294 3656 3653 3722 ilectere,nec
3673 3653 3930 3726 aspicere

2291 3745 2383 3800 2|
2425 3749 2628 3799 contra
2659 3760 2860 3809 ausus,
2893 3744 3172 3816 omnique
3201 3744 3496 3800 ferocitate
3526 3743 3811 3815 deposita,
3831 3755 3932 3813 pe-

2289 3835 2390 3889 des
2418 3833 2590 3904 coepit
2621 3831 2876 3887 sedentis
2907 3831 3181 3888 lambere.
3213 3833 3530 3902 Adjuratus
3569 3831 3766 3902 itaque
3814 3831 3932 3885 dat-

2291 3939 2448 3986 mon,
2480 3926 2532 3976 et
2581 3925 2790 3990 tortus,
2831 3921 2929 3992 qui
2969 3922 3240 3992 juvenem
3277 3921 3634 3992 possederat,
3681 3919 3934 3999 septima

2288 4011 2379 4066 die
2404 4025 2674 4082 egressus
2704 4013 2812 4064 est.

2359 4101 2442 4153 18.
2479 4099 2642 4153 Orion
2674 4102 2760 4152 vir
2784 4099 3107 4170 primarius.
3139 4127 3208 4138 --
3235 4096 3344 4153 Sed
3377 4114 3483 4153 nec
3534 4096 3680 4153 illud
3725 4101 3931 4154 tacen-

2287 4187 2427 4242 dum
2476 4191 2586 4254 est,
2619 4187 2774 4257 quod
2824 4186 2997 4242 Orion
3034 4187 3134 4254 [AL
3169 4186 3439 4263 Orionuls]
3478 4186 3567 4241 vir
3612 4186 3932 4259 primarius

2286 4379 2588 4446 peccatum
2638 4379 2744 4441 est,
2781 4375 2935 4446 quod
2967 4374 3313 4430 considerans
3361 4371 3564 4446 legunt
3612 4391 3713 4446 pro
3749 4375 3928 4446 consi-

2285 4445 2481 4516 ρηαηε,
2517 4447 2668 4515 quod
2709 4445 2813 4501 est
2847 4446 3038 4500 crucis
3069 4445 3235 4516 signo
3281 4445 3509 4512 notans,
3543 4445 3644 4500 aut
3689 4445 3928 4502 benedi-

2291 4534 2428 4572 cens
2460 4517 2613 4589 apud
2645 4517 3066 4589 ecclesiasticos
3097 4517 3431 4588 scriptores,
3464 4521 3668 4587 estque
3706 4517 3766 4570 in
3797 4533 3930 4572 om-

2290 4589 2464 4644 nibus
2496 4587 2649 4659 quod
2677 4587 3084 4659 consuluimus
3114 4587 3258 4643 mss.

2362 4683 2389 4707 ››
2430 4657 2564 4714 Erat
2634 4657 2878 4714 ridicule
2944 4659 3262 4714 admodum
3308 4657 3492 4728 vicula
3538 4673 3643 4728 pro
3690 4659 3929 4728 cicutas,

2287 4732 2441 4801 quod
2496 4731 2668 4784 etiam
2713 4747 2743 4784 e
2790 4746 2932 4785 mss.
2965 4729 3238 4801 omnibus
3273 4727 3657 4801 restituimus.
3701 4727 3833 4784 Mox
3868 4729 3933 4784 in

2287 4799 2548 4870 antiquis
2578 4801 2933 4856 editionibus
2965 4800 3109 4856 falso
3140 4799 3750 4870 erat,suntdecemjam
3768 4801 3930 4867 anni,

2289 4871 2440 4944 quod
2478 4872 2838 4944 Bosweydus
2869 4871 3219 4937 emendavit,
3237 4876 3294 4926 et
3313 4888 3455 4944 mss.
3485 4872 3854 4944 conﬁrmant.

2354 4945 2592 5016 §Decem
2643 4941 2786 5016 jam‘
2832 4945 3031 5016 annis.
3072 4944 3389 5016 Imponunt
3443 4941 3643 5016 lectori
3698 4948 3934 5016 veteres

2285 5015 2588 5087 editiones,
2622 5015 2720 5069 ubi
2773 5013 2986 5087 legitur
3017 5013 3179 5085 (sunt
3203 5015 3385 5087 decem
3404 5015 3546 5087 jam
3569 5014 3743 5087 anni);
3759 5013 3934 5087 quasi

2287 5085 2636 5140 miraculum
2659 5084 2978 5140 curationis
3004 5084 3163 5141 eaeeae
3188 5084 3451 5141 mulieris
3473 5084 3692 5140 factum
3714 5084 3937 5141 dicere-

2286 5163 2382 5213 tur
2411 5175 2443 5212 a
2472 5159 2670 5213 decem
2698 5157 2888 5212 annis.
3081 5185 3086 5188 -
3570 5156 3856 5212 MAamN.

2356 5230 2375 5262 ⁷
2407 5230 2547 5284 Tres
2587 5227 2769 5283 nostri
2840 5228 3006 5282 codd.
3053 5228 3298 5283 Messicas
3345 5227 3582 5290 habent.
3634 5227 3729 5282 alii
3773 5229 3931 5284 Masi-

2287 5310 2408 5356 tas:
2441 5298 2617 5371 punlo
2649 5301 3032 5371 postia/ﬂatus
3076 5315 3179 5370 pro
3227 5301 3453 5369 affectus
3487 5316 3498 5354 :
3534 5299 3684 5355 male
3733 5304 3932 5355 autem

2285 5370 2632 5427 vetustiores
2664 5370 2804 5424 editi
2837 5372 3094 5441 afﬂictus.

2355 5443 2375 5475 ⁸
2405 5444 2589 5496 Antea
2619 5441 2917 5496 obtinebat
2952 5442 3146 5513 gulam,
3173 5458 3274 5512 pro
3301 5457 3486 5505 crura,
3521 5441 3674 5513 quod
3729 5457 3934 5497 emen-

2287 5513 2426 5567 dare
2454 5513 2640 5566 visum
2674 5517 2812 5568 este
2843 5513 3072 5568 duobus
3102 5512 3289 5568 Vatic.
3322 5533 3334 5580 ;
3368 5513 3514 5568 alter
3539 5512 3737 5580 enim,
3776 5518 3936 5567 utra-

2288 5600 2400 5662 que
2430 5581 2676 5662 lectione
2721 5588 2965 5662 retenta,
2997 5583 3193 5643 horum
3239 5586 3448 5660 gulam,
3480 5583 3712 5643 illorum
3747 5583 3936 5662 pedes,

2286 5655 2369 5717 vel
2399 5671 2561 5717 crura
2588 5657 2846 5732 fregerat.
