4106 6164
192 252 305 315 3⁸1

1361 252 1548 318 VITA
1595 252 1659 316 S.
1707 248 2156 317 HILARIONIS
2199 248 2593 315 EREMITAB.
3596 257 3677 321 38

203 392 286 443 et
330 385 693 445 ditissimus
720 387 881 444 urbis
901 386 1057 453 Aiiae,
1080 402 1205 459 qua:
1238 385 1385 442 mari
1414 387 1610 442 Rubro
1632 386 1920 457 imminet,
1951 388 2005 452 Α
2035 402 2135 441 ora
2184 386 2363 440 maris
2394 385 2639 451 credens,
2672 386 2830 439 totus
2858 382 3107 455 paralysi
3140 382 3485 457 dissolutus,
3517 392 3573 443 et
3602 391 3673 445 ab

210 496 257 532 at
298 477 563 550 legione
608 494 920 550 possessus
969 478 1324 541 daemonum,
1365 477 1435 531 ad
1470 493 1602 532 cum
1635 476 1922 531 adductus

208 572 359 622 est.
418 570 661 633 Manus,
725 568 933 631 cervix,
993 566 1195 631 latera,
1254 566 1432 637 pedes
1492 564 1641 619 ferro
1701 564 1921 619 onerati

206 661 443 722 erant,
486 656 821 726 furorisque
852 655 1133 710 saevitiam
1177 653 1321 708 torvi
1351 652 1918 709 oculiminabantur.

208 750 523 816 Cumque
554 744 963 799 deambularet
993 748 1235 799 sanctus
1264 760 1397 796 cum
1430 741 1731 807 fratribus,
1767 746 1822 796 et
1854 741 1922 795 de

215 833 585 906 Scripturis
637 833 834 888 nescio
884 832 1024 903 quid
1074 831 1575 903 interpretaretur,
1609 830 1800 900 erupit
1826 829 1923 884 ille

221 924 317 977 de
354 921 647 977 manibus
707 937 767 977 se
822 920 1183 975 tenentium:
1238 922 1293 973 et
1323 918 1628 989 amplexus
1659 918 1762 989 [AL
1797 934 1922 972 am-

224 1011 512 1082 plexans
541 1019 591 1065 et
614 1008 1004 1081 amplexatus]
1034 1024 1169 1063 eum
1205 1012 1336 1079 post
1368 1011 1618 1079 tergum,
1650 1007 1707 1059 in
1740 1005 1921 1060 subli-

228 1116 346 1155 me
379 1100 622 1155 levavit.
659 1098 891 1153 Clamor
947 1102 1114 1152 ortus
1163 1097 1235 1151 ab
1268 1097 1582 1151 omnibus:
1640 1096 1925 1150 timebant

227 1188 425 1243 enim
464 1205 539 1243 ne
571 1188 824 1242 confecta
846 1184 1095 1256 jejuniis
1130 1184 1391 1239 membra
1434 1183 1748 1238 collideret.
1780 1187 1921 1237 San-

234 1282 409 1331 ctus
449 1276 741 1332 arridens:
789 1274 965 1329 Silete
1012 1274 1119 1344 [A1,
1156 1273 1372 1342 sinite],
1408 1272 1620 1343 inquit,
1673 1276 1729 1327 et
1778 1271 1921 1325 mihi

232 1381 479 1421 meum
511 1363 876 1436 palaestritam
932 1362 1229 1417 dimittite.
1280 1363 1356 1415 Ae
1400 1360 1480 1415 sic
1512 1365 1718 1415 reﬂexa
1750 1376 1926 1432 super

230 1454 551 1509 humeros
581 1469 777 1519 manu,
812 1456 989 1523 caput
1018 1452 1145 1521 ejus
1184 1450 1408 1522 tetigit:
1443 1449 1926 1521 apprehensoque

229 1542 446 1608 crine,
482 1546 617 1596 ante
639 1542 815 1612 pedes
840 1540 1121 1595 adduxit:
1158 1538 1453 1610 stringens
1476 1554 1506 1592 e
1539 1538 1771 1609 regione
1801 1555 1922 1593 am-

238 1634 359 1687 bas
396 1646 615 1685 manus
648 1630 797 1700 ejus,
831 1634 887 1684 et
918 1628 1151 1699 plantas
1210 1633 1459 1697 utroque
1490 1625 1727 1682 calcans
1759 1628 1920 1697 pede,

241 1718 564 1791 simulque
594 1716 989 1789 ingeminans,
1010 1721 1283 1786 torquere
1303 1716 1433 1785 [Αι.,
1486 1719 1775 1785 torquere,
1803 1716 1921 1783 ait],

246 1810 603 1864 damonum
660 1806 852 1874 turba,
914 1810 1207 1876 torquere.
1243 1804 1505 1874 Cumque
1535 1804 1630 1858 ille
1658 1803 1923 1874 ejularet,

245 1903 309 1952 et
336 1897 559 1952 reﬂexa
579 1895 804 1952 cervice
823 1899 1042 1948 terram
1072 1893 1283 1948 vertice
1326 1897 1589 1964 tangeret
1613 1910 1624 1946 :
1659 1892 1923 1959 Domine,

250 1986 481 2058 inquit,
516 1985 681 2050 Jesu,
716 1981 872 2038 solve
935 1982 1239 2047 miserum,
1301 1981 1457 2036 solve
1510 1981 1823 2052 captivum.
1856 1982 1926 2035 Ut

250 2090 479 2135 unum,
510 2074 593 2128 ita
625 2078 679 2127 et
703 2070 899 2144 plures
946 2071 1173 2125 vincere
1198 2074 1368 2125 tuum
1400 2075 1506 2125 est.
1542 2070 1682 2124 Rem
1718 2068 1926 2141 loquor

249 2162 619 2227 inauditam,
655 2177 725 2216 ex
782 2178 897 2215 uno
929 2160 1187 2215 hominis
1243 2176 1339 2214 ore
1370 2159 1612 2213 diversaa
1646 2175 1831 2224 voces,
1867 2163 1923 2214 et

251 2251 435 2323 quasi
468 2251 752 2305 confusus
785 2248 982 2320 populi
1014 2247 1235 2302 clamor
1266 2246 1629 2302 audiebatur.
1673 2248 1924 2302 Curatus

251 2342 462 2411 itaque
486 2344 543 2394 et
566 2338 811 2402 hic,non
844 2342 975 2408 post
1002 2335 1252 2391 multum
1280 2336 1561 2407 temporis
1585 2352 1716 2390 cum
1750 2354 1925 2392 uxore

255 2435 322 2486 et
346 2428 551 2482 liberis
584 2427 743 2482 venit
790 2426 859 2480 ad
920 2425 1363 2491 monasterium,
1424 2423 1698 2495 plurima,
1758 2427 1925 2495 quasi

259 2517 529 2590 gratiam
583 2515 939 2577 redditurus,
1002 2515 1153 2568 dona
1210 2514 1479 2568 aﬂ‘erens.
1526 2512 1626 2567 Cui
1664 2518 1923 2580 sanctus,

259 2606 402 2661 Non
436 2604 644 2675 legisti,
700 2604 913 2675 inquit,
974 2602 1111 2674 quid
1173 2602 1326 2657 Giezi
1361 2602 1456 2673 (IV
1485 2603 1610 2671 Reg.
1671 2602 1749 2671 v),
1785 2602 1925 2673 quid

263 2696 479 2749 Simon
513 2694 648 2763 (Act.
681 2692 807 2763 vni)
840 2691 999 2762 passi
1026 2691 1181 2745 sint:
1209 2706 1460 2761 quorum
1494 2689 1661 2744 aliter
1705 2692 1929 2762 accepit

263 2782 551 2855 pretium,
614 2781 761 2836 alter
817 2779 1062 2847 obtulit;
1114 2784 1177 2833 ut
1236 2778 1331 2833 ille
1378 2778 1648 2834 venderet
1677 2780 1924 2851 gratiam

266 2872 531 2943 Spiritus
591 2870 801 2931 sancti,
854 2869 946 2923 hic
1005 2867 1406 2923 mercaretur?
1459 2868 1719 2938 Cumque
1751 2867 1926 2924 Orion

268 2962 422 3016 ﬂens
454 2961 709 3014 diceret:
765 2958 998 3029 Accipe,
1061 2964 1117 3011 et
1146 2958 1218 3010 da
1270 2956 1651 3027 pauperibus,
1684 2973 1926 3028 respon-

270 3051 361 3104 dit
390 3067 402 3104 :
438 3050 521 3103 Tu
555 3047 766 3102 melius
797 3050 960 3118 potes
1008 3050 1109 3100 tua
1157 3044 1537 3109 distribuere,
1565 3044 1665 3115 qui
1697 3062 1799 3116 per
1830 3064 1926 3100 ur-

2031 475 2223 547 operis
2275 475 2447 530 sociis
2481 473 2708 529 delatus
2766 473 2835 528 ad
2870 478 3160 539 sanctum,
3222 475 3416 531 statim
3454 480 3676 532 sanus'

2032 564 2102 618 ad
2136 581 2282 635 opus
2314 580 2579 619 reversus
2600 562 2736 617 est?
2780 562 3000 617 Etenim
3036 561 3200 617 littus
3232 566 3386 635 quod
3418 565 3673 621 Palzesti-

2032 669 2117 705 nae
2150 656 2509 725 Egyptoque
2545 652 2929 724 praetenditur
2957 652 3122 721 [Fort
3156 653 3541 725 protenditur]
3574 672 3676 726 per

2032 747 2301 795 naturam
2336 741 2505 795 molle
2547 741 2738 795 arenis
2770 741 2827 795 in
2852 758 2989 795 saxa
3035 741 3481 798 durescentihus
3508 761 3672 815 aspe-

2032 835 2191 884 ratur
2218 848 2230 884 :
2265 829 2662 901 paulatimque
2685 830 3079 884 cohaerescens
3102 831 3212 884 sibi
3244 831 3457 901 glarea,
3489 834 3677 904 perdit

2032 922 2273 983 tactum,
2308 935 2439 972 cum
2476 936 2589 973 non
2625 920 2827 989 perdat
2851 924 3172 990 aspectum.

2101 1008 2189 1059 20.
2224 1008 2545 1075 Maleficium
2576 1007 2899 1061 dissolutum
2956 1010 3013 1061 in
3069 1008 3430 1065 Circensibus.
3466 1043 3532 1051 —--
3565 1012 3675 1067 Sed

2033 1097 2089 1148 et
2120 1094 2352 1148 Italicus
2408 1095 2672 1165 ejusdem
2705 1095 2901 1166 oppidi
2936 1096 3240 1169 municeps
3285 1099 3674 1165 Christianus,

2033 1183 2312 1237 adversus
2335 1183 2649 1237 Gazensem
2672 1183 3079 1250 Duumvirum,
3106 1186 3316 1240 Marnas
3340 1187 3494 1243 idoio
3516 1189 3675 1243 dedi-

2034 1275 2182 1335 tum,
2209 1271 2505 1326 Circenses
2537 1288 2719 1343 equos
2765 1273 2867 1342 [Αἰ.
2902 1272 3037 1327 circi
3068 1290 3248 1344 equos
3282 1275 3535 1347 curules]
3570 1295 3676 1332 nu-

2032 1360 2387 1414 triebat.Hoc
2410 1360 2701 1430 siquidem
2726 1360 2782 1413 in
2818 1360 3091 1416 Romanis
3125 1363 3366 1417 urbibus
3389 1365 3513 1434 jam
3544 1366 3678 1420 inde

2035 1448 2376 1503 servabatur
2422 1466 2455 1502 a
2485 1449 2730 1503 Romulo
2751 1451 2792 1519 ‘,
2826 1454 2889 1503 ut
2921 1454 3153 1520 propter
3186 1451 3407 1506 felicem
3438 1454 3679 1508 Sabina-

2035 1552 2165 1589 rum
2221 1541 2473 1607 raptum,
2534 1540 2718 1592 Conso
2749 1539 2788 1605 ⁵,
2848 1539 3015 1608 quasi
3084 1539 3460 1595 consiliorum
3540 1542 3677 1609 Deo,

2035 1624 2333 1696 quadrigae
2390 1630 2625 1696 septeno
2684 1632 2923 1681 currant
2974 1626 3326 1695 circumitu;
3386 1633 3441 1684 et
3497 1647 3679 1702 equos

2036 1713 2217 1784 partis
2276 1714 2526 1768 adversae
2583 1715 2844 1785 fregisse,
2890 1715 3133 1770 victoria
3180 1718 3275 1771 sit.
3335 1718 3437 1772 Hic
3485 1718 3681 1790 itaque

2034 1802 2246 1856 aemulo
2278 1820 2382 1857 suo
2441 1803 2691 1858 habente
2748 1802 3102 1872 maleficum,
3160 1806 3258 1875 qui
3306 1806 3680 1863 daemoniacis

2035 1890 2387 1961 quibusdam
2412 1890 2932 1962 imprecationibus
2963 1898 3019 1947 et
3040 1892 3217 1963 hujus
3238 1893 3547 1965 impediret
3571 1897 3676 1965 [AL

2033 1980 2586 2050 praecantationibus
2617 1986 2671 2034 et
2697 1980 2873 2049 hujus
2896 1982 3199 2052 prmparet]
3221 1999 3422 2053 equos,
3443 1989 3498 2038 et
3522 1984 3680 2040 illius

2034 2069 2347 2123 concitaret
2368 2069 2437 2123 ad
2463 2075 2723 2137 cursum,
2749 2070 2905 2123 venit
2936 2071 3005 2124 ad
3032 2071 3266 2125 beatum
3301 2072 3679 2137 Hilarionem,

2034 2161 2088 2212 et
2119 2174 2233 2212 non
2266 2162 2385 2212 tam
2442 2158 2843 2212 adversarium
2904 2159 3055 2222 laedi,
3116 2176 3295 2230 quam
3348 2178 3408 2215 se
3450 2161 3680 2217 defendi

2034 2245 2375 2300 obsecravit.
2411 2246 2675 2317 Ineptum
2710 2248 2899 2301 visum
2939 2252 3030 2301 est
3086 2251 3412 2304 venerando
3464 2252 3588 2305 seni
3622 2251 3680 2305 in

2035 2333 2437 2403 hujuscemodi
2498 2337 2671 2406 nugis
2728 2336 3048 2389 orationem
3106 2338 3365 2406 perdere.
3419 2342 3680 2410 Cumque

2036 2423 2363 2477 subrideret
2420 2428 2475 2476 et
2534 2424 2785 2478 diceret:
2846 2424 2961 2477 Cur
3018 2441 3132 2478 non
3178 2426 3365 2496 magis
3393 2443 3677 2497 equorum

2036 2510 2287 2581 pretium
2312 2527 2413 2581 pro
2438 2510 2625 2565 salute
2658 2512 2865 2565 anima:
2894 2516 3006 2565 tua;
3038 2513 3394 2583 pauperibus
3426 2531 3630 2587 erogas
3650 2516 3679 2570 ?

2036 2597 2131 2652 ille
2163 2599 2483 2669 respondit,
2519 2600 2876 2654 functionem
2934 2617 3061 2656 esse
3110 2601 3443 2671 publicam;
3488 2605 3679 2660 ethoc

2036 2704 2097 2742 se
2128 2704 2241 2742 non
2273 2692 2391 2742 tam
2426 2686 2588 2758 velle,
2620 2706 2798 2759 quam
2850 2689 2999 2761 cogi,
3042 2706 3147 2745 nec
3181 2708 3349 2761 posse
3380 2692 3678 2748 hominem

2035 2775 2434 2830 Christianum
2458 2776 2540 2830 uti
2564 2777 2806 2847 magicis
2829 2777 3052 2832 artibus
3081 2797 3092 2845 ;
3128 2780 3226 2834 sed
3262 2797 3293 2835 a
3325 2797 3486 2835 servo
3510 2780 3678 2837 Chri-

2037 2865 2111 2919 sti
2143 2865 2339 2936 potius
2368 2864 2652 2919 auxilium
2702 2871 2917 2936 petere,
2952 2868 3204 2922 maxime
3236 2874 3433 2924 contra
3461 2869 3679 2926 Gazen-

2036 2970 2130 3008 ses
2156 2954 2517 3009 adversarios
2551 2954 2649 3009 Dei
2678 2973 2689 3009 :
2741 2959 2797 3009 et
2829 2972 2941 3009 non
2974 2961 3093 3010 tam
3126 2956 3235 3011 sibi
3278 2974 3453 3028 quam
3488 2959 3679 3015 Eccle-

2037 3040 2135 3094 sia
2165 3039 2373 3094 Christi
2408 3039 2779 3095 insultantes.
2834 3042 3091 3113 Rogatus
3148 3059 3283 3114 ergo
3342 3062 3375 3099 a
3405 3046 3680 3103 fratribus

268 3140 377 3193 hes
410 3136 699 3200 ambulas,
732 3140 789 3191 et
816 3134 974 3190 nosti
1020 3150 1323 3205 pauperes.
1360 3134 1474 3187 Eoo
1519 3150 1614 3194 QUI
1648 3151 1762 3187 mea
1792 3135 1922 3191 reli-
1952 3120 1995 3187 C
2036 3128 2136 3199 qui
2165 3128 2422 3193 aderant,
2458 3128 2741 3199 scyphum
2774 3129 3008 3185 ﬁctilem
3040 3147 3155 3202 quo
3197 3132 3395 3188 bibere
3435 3150 3679 3190 consue-

270 3228 509 3299 qui,cur
530 3226 720 3280 aliena
744 3228 1016 3296 appetam
1040 3223 1067 3277 ἱ)
1097 3222 1296 3277 Multis
1328 3238 1541 3276 nomen
1574 3239 1922 3294 pauperum,

272 3314 502 3371 occasio
532 3314 783 3368 avaritiae
815 3316 939 3367 est:
976 3310 1373 3365 misericordia
1411 3327 1542 3365 vero
1575 3315 1755 3366 artem
1809 3330 1924 3367 non

274 3403 649 3459 habetNlmo
678 3417 890 3457 MELIUS
921 3404 1140 3471 erogat,
1175 3416 1352 3470 quam
1412 3400 1511 3455 22
1544 3401 1642 3469 qui
1696 3401 1804 3455 sibi
1839 3401 1924 3455 ni-

280 3492 361 3546 hil
413 3495 691 3547 reservat.
723 3489 897 3545 Tristi
960 3493 1153 3543 autem
1214 3493 1271 3544 et
1326 3489 1384 3542 in
1441 3490 1639 3543 terra1
1668 3490 1921 3558 jacenti:

280 3580 441 3645 Noli,
470 3577 684 3649 inquit,
740 3577 1090 3643 contristari,
1128 3578 1250 3643 fili,-
1311 3577 1465 3647 quod
1502 3577 1644 3631 facio
1677 3595 1777 3648 pro
1811 3596 1924 3649 me,

280 3672 343 3723 et
378 3684 484 3737 pro
530 3671 586 3721 te
616 3666 774 3720 facio.
808 3666 863 3721 Si
923 3666 1081 3722 enim
1134 3665 1253 3721 haec
1284 3682 1579 3737 accepero,
1615 3671 1672 3721 et
1703 3683 1805 3738 ego
1838 3668 1926 3722 of-

282 3755 518 3812 fendam
545 3754 749 3820 Deum,
782 3760 838 3811 et
867 3756 938 3810 ad
972 3760 1027 3810 te
1056 3754 1209 3826 legio
1242 3759 1579 3810 revertetur.

351 3846 440 3899 19.
467 3844 814 3915 Paralytz'cus
838 3852 1078 3898 curatus.
1114 3874 1181 3882 —
1213 3843 1353 3905 Quis
1373 3859 1505 3898 vero
1536 3844 1722 3915 possit
1751 3844 1925 3899 silen-

280 3936 357 3989 tio
380 3932 692 4005 praeterire,
727 3932 882 4004 quod
915 3932 1214 3987 Gazanus’
1243 3932 1570 4002 Majomites
1602 3932 1759 3987 haud
1800 3932 1927 3987 lon-

282 4038 347 4093 ge
376 4040 410 4076 a
434 4022 789 4077 monaslerio
833 4020 983 4091 ejus,
1016 4019 1241 4092 lapides
1302 4020 1371 4074 ad
1416 4020 1825 4075 aediﬁcandum
1857 4021 1927 4076 de

352 4218 367 4249 ¹
400 4215 537 4270 Mss.
573 4229 801 4277 omnes,
834 4218 886 4268 et
919 4214 975 4267 in
1006 4214 1189 4267 arenis
1221 4229 1322 4283 pro
1350 4220 1515 4267 terra.

360 4286 568 4340 ‘Unus
602 4286 1038 4351 ms.,Zaz.anus,
1094 4283 1193 4337 alii
1250 4284 1533 4349 Zananus,
1593 4284 1678 4338 vel
1734 4286 1927 4340 Zenai-

296 4373 433 4411 nus:
466 4372 594 4410 mox
624 4372 859 4427 quoque
889 4356 1084 4427 cadens
1114 4370 1218 4424 pro
1248 4354 1478 4409 caadens.

364 4428 385 4461 ³
416 4427 559 4481 lllud
589 4426 1125 4481 sa’nus’addidimus
1157 4442 1185 4479 e
1218 4442 1359 4479 mss.

2035 3222 2214 3284 verat,
2249 3233 2402 3287 aqua
2424 3216 2606 3286 jussit
2634 3217 2890 3288 impleri,
2923 3220 3090 3290 eique
3126 3220 3296 3274 tradi.
3332 3223 3512 3286 Quem
3546 3240 3679 3278 cum

2037 3305 2355 3376 accepisset
2389 3305 2641 3373 Italicus,
2676 3312 2730 3361 et
2761 3307 2858 3362 23
2914 3308 3234 3374 stabulum,
3296 3315 3352 3364 et
3398 3328 3601 3382 equos,
3627 3317 3684 3367 et

2035 3393 2267 3464 aurigas
2326 3410 2487 3460 suos,
2542 3393 2782 3449 rhedam
2813 3396 2853 3460 δ,
2914 3412 3328 3468 carcerumque
3403 3401 3680 3472 repagula

2035 3482 2304 3553 aspersit.
2340 3483 2485 3537 Mira
2527 3482 2681 3554 vulgi
2727 3484 3115 3555 exspectatio:
3167 3503 3301 3541 nam
3324 3492 3379 3542 et
3410 3490 3677 3545 adversa-

2035 3570 2158 3625 rius
2179 3570 2287 3625 hoc
2310 3571 2501 3641 ipsum
2560 3572 2831 3637 irridens,
2864 3573 3304 3642 diffamaverat;
3338 3582 3395 3631 et
3427 3577 3680 3634 fautores

2036 3658 2215 3714 Italici
2240 3659 2349 3713 sibi
2375 3664 2591 3713 certam
2612 3660 2909 3715 victoriam
2934 3660 3272 3732 pollicentes
3288 3665 3674 3722 exsultabant.

2036 3747 2219 3819 Igitur
2248 3748 2382 3802 dato
2440 3747 2607 3820 signo
2667 3749 2723 3802 hi
2754 3749 3044 3815 advolant,
3105 3750 3187 3805 illi
3223 3752 3676 3823 praepediuntur.

2034 3836 2150 3890 Sub
2184 3836 2391 3890 horum
2422 3853 2597 3891 curru
2661 3842 2795 3892 rotae
2846 3838 3081 3906 fervent,
3146 3839 3229 3894 illi
3275 3844 3678 3911 praztervolan-

2034 3925 2182 3980 tium
2242 3930 2404 3995 terga
2461 3926 2553 3980 vix
2610 3932 2876 3981 cernunt.
2910 3928 3143 3983 Clamor
3168 3930 3235 3985 fit
3272 3931 3427 4003 vulgi
3460 3932 3681 3991 nimius

2038 4012 2449 4084 [Codd.nimius
2473 4014 2811 4085 attollitur]:
2848 4017 2929 4071 ita
2959 4021 3021 4071 ut
3054 4018 3280 4074 Ethnici
3302 4038 3533 4092 quoque
3563 4022 3676 4093 ipsi

2039 4211 2198 4276 dicti,
2224 4210 2321 4281 qui
2355 4210 2425 4264 ab
2458 4208 2623 4264 initio
2647 4210 2977 4281 Neptunum
3004 4211 3680 4272 honorabant.Eumdem

2038 4282 2193 4337 enim
2220 4288 2276 4336 et
2297 4284 2549 4357 Consum
2578 4286 2815 4357 vo_eant._
2845 4304 2865 4329 ιι
2902 4282 2969 4357 Et
3000 4284 3199 4337 statim
3229 4302 3241 4338 :
3277 4308 3304 4333 «
3333 4287 3680 4357 Quanquam

2040 4360 2096 4408 et
2124 4352 2424 4408 consualia
2446 4352 2692 4425 Romulo
2714 4353 3056 4425 defendunt,
3106 4357 3260 4425 quod
3293 4374 3360 4410 ea
3389 4352 3573 4412 Conso
3594 4358 3683 4413 di-

2040 4425 2428 4502 caverit,_deo,
2457 4429 2521 4478 ut
2550 4423 2770 4502 volunt,
2803 4424 3049 4502 consilii,
3108 4423 3520 4502 ejususcilicet,
3568 4447 3683 4502 quo

361 4500 381 4531 ⁴
406 4502 588 4553 Antea
617 4502 821 4552 contra
850 4513 993 4551 mss.
1026 4496 1199 4549 fidem
1251 4500 1374 4550 erat
1406 4496 1463 4549 in
1520 4497 1785 4566 presenti
1817 4514 1930 4552 ser-
1961 4483 2007 4546 D
2043 4502 2097 4550 tu
2112 4513 2179 4549 ne
2209 4483 2556 4550 sabinarum
2588 4483 2881 4566 virginum
2907 4483 3457 4566 raptumvmilitibus
3478 4483 3680 4557 sinsin

294 4578 465 4625 ratur.
501 4570 649 4623 Tum
686 4586 788 4639 pro
837 4567 1002 4622 Conso
1055 4567 1215 4639 olimﬁ
1253 4571 1375 4639 erat
1403 4567 1469 4621 ab
1518 4569 1650 4637 ipso.
1688 4568 1932 4623 Gravius

292 4641 401 4711 legi
448 4639 632 4695 voluit
675 4638 743 4694 ab
773 4642 890 4710 ipso
935 4638 1120 4711 Conso.
1170 4638 1265 4711 De
1296 4638 1625 4711 hocrautem
1660 4639 1931 4694 consilio-

297 4709 420 4766 rum
441 4712 578 4774 Deo,
614 4712 705 4765 cui
742 4709 979 4781 septeno
1002 4709 1249 4763 circuitu
1282 4710 1577 4781 quadriga:
1600 4711 1929 4775 currebant,

295 4788 601 4838 occurrunt
631 4779 853 4852 passim
888 4784 1285 4852 monumenta,
1320 4796 1349 4833 e
1384 4779 1598 4849 quibus
1632 4781 1932 4852 inscriptio

296 4859 453 4909 vetus
479 4852 615 4908 olim
635 4851 851 4907 effossa
872 4852 930 4906 in
952 4853 1111 4906 Circo
1132 4851 1377 4905 Maximo
1412 4852 1562 4921 apud
1586 4851 1933 4908 Panvinium

298 4928 557 4980 nostrum
614 4925 687 4979 de
748 4923 923 4979 Ludis
983 4924 1239 4977 Circeas.
1298 4922 1641 4993 Elegantiss.
1695 4924 1931 4995 Proper-

296 4996 409 5052 tius
442 5012 514 5050 ιιι

384 5109 484 5157 Aut
512 5110 658 5169 prius
688 5109 884 5158 infecto
915 5108 1155 5170 deposcit
1184 5109 1401 5171 praemia
1431 5122 1606 5164 cursu,

386 5171 618 5234 Septima
647 5186 809 5234 quam
839 5176 1032 5220 metam
1068 5172 1273 5221 triverit
1301 5175 1410 5220 arte
1439 5175 1553 5220 rota
1573 5173 1596 5218 ?

297 5278 374 5332 Ad
406 5292 527 5331 rem
562 5283 821 5332 nostram
854 5278 1033 5331 Varro
1064 5276 1166 5331 lib.
1200 5296 1232 5331 v
1262 5279 1337 5331 De
1367 5278 1501 5346 ling.
1541 5279 1656 5331 Lat.
1688 5291 1701 5330 :
1744 5296 1764 5324 ‹‹
1798 5282 1934 5332 Con-

299 5347 478 5403 sualia
506 5349 659 5403 dicta
690 5366 720 5403 a
753 5350 1120 5419 Conso,quod
1152 5353 1275 5403 tum
1310 5349 1461 5402 feriae
1486 5347 1728 5419 publica:
1752 5349 1801 5403 ei
1827 5350 1932 5404 deo

299 5425 351 5476 et
378 5420 435 5473 in
466 5418 617 5474 circo
647 5421 715 5475 ad
748 5437 909 5474 aram
944 5418 1071 5490 ejus
1102 5420 1174 5474 ab
1205 5418 1603 5474 sacerdotibus
1637 5420 1781 5472 fiunt
1809 5420 1932 5474 ludi

298 5490 398 5559 illi,
429 5490 647 5563 quibus
668 5491 922 5563 virgines
967 5492 1192 5546 Sabinae
1223 5495 1421 5563 raptae.
1472 5513 1497 5563 η
1528 5491 1597 5563 Et
1628 5490 1934 5563 Tertullia-

300 5578 402 5624 ηαδ
449 5561 562 5622 lib.
612 5563 688 5621 De
741 5561 1098 5638 spectaculis:
1133 5585 1160 5617 ‹‹
1220 5561 1436 5622 Exinde
1479 5561 1602 5620 ludi
1628 5562 1933 5623 consualia

2043 4566 2416 4641 matrimonia
2466 4565 2830 4641 excogitavit.
2895 4590 2913 4614 υ
2976 4565 3034 4621 S.
3097 4568 3417 4641 Cyprianus
3476 4570 3576 4627 lib.
3611 4574 3682 4627 de

2042 4637 2338 4709 Idoloruni
2368 4637 2641 4702 vanitate,
2677 4662 2701 4685 ‹‹
2738 4641 2980 4709 Consus,
3024 4637 3197 4709 quem
3230 4642 3402 4696 deum
3439 4643 3680 4709 fraudis,

2040 4708 2198 4763 velut
2226 4708 2603 4784 consiliorum
2636 4710 2810 4784 deum
2842 4708 2949 4764 coli
2982 4711 3266 4784 Romulus
3300 4713 3497 4781 voluit,
3533 4720 3684 4784 post-

2044 4797 2217 4905 quam
2250 4780 2306 4832 in
2341 4786 2571 4850 raptum
2633 4780 2982 4834 Sabinarum
3044 4783 3285 4851 perfidia
3343 4780 3622 4854 provenit.
3654 4807 3681 4833 ››

2090 4851 2166 4903 id.
2202 4851 2397 4905 etiam.
2432 4850 2479 4904 si
2540 4850 2718 4905 lubet.
2776 4851 3120 4905 Dionvsium
3162 4853 3680 4905 Halicarnasszenm

2090 4851 2166 4903 id.
2202 4851 2397 4923 etiam,
2428 4850 2479 4923 isi
2540 4850 2718 4915 lubet,
2776 4850 3120 4923 Dionysium
3162 4850 3681 4909 Halicarnasszeum

2043 4920 2144 4975 lib.
2179 4938 2215 4987 ι,
2251 4920 2542 4976 Valerium
2572 4923 2883 4976 Maximum
2910 4920 2944 4976 ll
2978 4940 3037 4988 ιι,
3074 4927 3129 4977 et
3178 4924 3576 4993 Plutarchum,
3610 4926 3683 4981 De

2044 4993 2438 5065 qzweatiom'bus
2468 4994 2745 5065 Romanis.

2111 5066 2131 5098 θ
2168 5064 2332 5118 Conso
2363 5066 2537 5133 quasi.
2572 5063 2649 5117 De
2680 5064 2863 5118 Conso
2895 5062 3272 5119 consiliorum
3307 5066 3412 5121 deo
3443 5071 3499 5121 et
3530 5067 3685 5124 ludis

2042 5136 2413 5211 circensibus
2453 5134 3189 5211 consulc_fragmentorum
3243 5137 3391 5211 Festi
3426 5139 3683 5211 Pompeii

2042 5207 2255 5261 librum
2288 5206 2521 5259 tertium
2552 5223 2562 5271 ;
2615 5211 2669 5259 et
2702 5206 2775 5257 M.
2838 5206 3111 5260 Varronis
3144 5208 3213 5261 De
3260 5209 3453 5275 lingua
3484 5206 3683 5267 Latina
3786 5224 3787 5227 ‘

2042 5277 2257 5332 librum
2290 5278 2581 5347 quintum.
3294 5284 3573 5337 MARTIAN.

2111 5350 2131 5382 δ
2162 5348 2281 5401 Vox
2311 5346 2535 5401 The/lam
2564 5346 2622 5399 in
2674 5347 2966 5413 omnibus,
3022 5348 3237 5419 quibus
3286 5354 3510 5407 utimur
3536 5371 3677 5409 mss.

2042 5420 2403 5473 desideratur
2427 5435 2447 5491 :7
2473 5422 2593 5471 tum
2656 5436 2810 5474 unus
2858 5420 3153 5491 antiquior
3207 5421 3389 5478 Vatic.
3422 5441 3681 5479 carrum-

2039 5490 2512 5639 rumqueleigtulas
2538 5506 2640 5563 pro
2689 5490 3071 5567 carcerumqite
3121 5496 3404 5569 repagula,
3437 5497 3681 5560 fortasse

2040 5577 2231 5621 verius
2407 5603 2418 5620 .

2040 5577 2231 5621 VBPIUS
2260 5577 2418 5621 ιθετιῑ.
