4118 6158
489 195 572 254 39

1745 195 1808 256 S.
1856 191 2168 259 EUSEBII
2212 191 2683 258 HIERONYMI.
3808 192 3888 268 40

485 328 936 396 concreparent:
973 323 1204 379 Marnas
1259 323 1448 380 victus
1477 329 1567 381 est
1604 343 1640 380 a
1668 325 1915 382 Christo.
1953 327 2128 382 Porro
2157 327 2214 396 Α
2243 330 2560 399 antequam
2589 328 2865 396 purgaret
2910 321 3214 395 virginem,
3265 322 3352 380 vel
3375 322 3396 357 ⁸
3439 321 3879 388 adolescentem,

490 415 748 470 furentes
778 412 1112 476 adversarii,
1175 412 1530 470 Hilarionem
1578 414 1911 471 maleﬁcum
1969 415 2130 471 Chri-

489 502 786 558 stianum‘
819 501 891 556 ad
949 499 1300 572 supplicium
1359 507 1767 574 poposcerunt.
1803 503 2133 559 Indubitat‘a

485 606 622 662 ergo
668 589 908 644 victoria
954 592 1012 643 et
1053 587 1192 658 illis,
1223 594 1282 644 et
1333 590 1536 646 multis
1580 595 1729 648 retro
1761 590 2130 647 Circensibus

485 677 759 751 plurimis
791 676 926 733 ﬁdei
956 678 1183 733 occasio
1216 677 1345 733 fuit.

551 767 642 822 21.
681 767 956 838 Virginem
985 768 1053 822 ab
1085 769 1458 824 incantatione
1503 771 1778 825 amatoria
1801 770 2015 824 liberat.
2061 799 2130 809 ——

483 855 563 910 De
591 856 794 911 eodem
827 855 1102 910 Gazensis
1132 856 1376 927 emporii
1402 857 1638 928 oppido,
1671 857 1960 930 virginem
1991 856 2089 911 Dei
2109 858 2130 890 ³

479 942 1409 1015 vicinusjuvenisdeperibat.Qui
1435 961 1569 999 cum
1593 946 1928 1016 frequenter
1947 948 2127 1010 tactu,

471 1032 646 1103 jocis,
679 1032 943 1096 nutibus,
978 1031 1189 1094 sibilis,
1223 1039 1279 1086 et
1337 1033 1558 1088 caeteris
1608 1033 1970 1104 hujusmodi.
2001 1051 2127 1104 qua

478 1120 681 1177 solent
709 1120 1003 1176 moriturae
1051 1119 1408 1192 virginitatis
1466 1138 1594 1178 esse
1637 1121 1944 1194 principia,
1980 1121 2126 1176 nihil

476 1209 836 1280 profecisset,
870 1208 1118 1279 perrexit
1162 1208 1479 1280 Memphim
1499 1210 1540 1276 ³,
1589 1215 1653 1265 ut
1700 1210 1966 1265 confesso
1996 1209 2126 1264 vul-

476 1314 612 1354 nere
634 1295 1012 1369 suo,magi-cis
1035 1296 1260 1352 artibus
1292 1297 1506 1353 rediret
1534 1304 1797 1354 armatus
1845 1299 1916 1354 ad
1949 1299 2122 1372 virgi-

475 1403 628 1442 nem.
657 1385 840 1458 Igitur
863 1390 996 1457 post
1023 1402 1242 1440 annum
1266 1385 1471 1441 doctus
1503 1387 1574 1440 ab
1622 1387 1942 1459 Esculapii
1979 1389 2123 1443 vati-

472 1476 585 1530 bus
607 1476 649 1542 ‘,
680 1491 791 1529 non
820 1473 1198 1530 remediantis
1219 1473 1468 1539 animas,
1492 1475 1592 1530 scd
1622 1477 1939 1547 perdentis,
1968 1478 2126 1532 venit

471 1567 893 1635 praesumptum
949 1563 1144 1617 animo
1204 1568 1475 1634 stuprum
1534 1565 1810 1635 gestiens,
1842 1568 1898 1620 et
1922 1568 2124 1621 subter

2240 415 2330 471 vel
2352 415 2522 488 signa
2559 413 2770 484 jubere
2817 411 3100 484 perquiri,
3134 428 3206 468 ne
3235 416 3336 468 aut
3366 409 3590 470 solutus
3623 410 3880 468 incanta-

2240 504 2499 560 tionibus
2520 501 2832 558 recessisse
2873 503 3099 557 dzemon
3129 501 3442 568 videretur,
3476 504 3578 556 aut
3609 500 3734 572 ipse
3767 515 3883 558 ser-

2239 595 2399 648 moni
2431 593 2558 663 ejus
2589 590 3063 648 accommodasse
3111 591 3286 646 ﬁdem
3313 607 3325 645 :
3352 605 3625 646 asserens
3655 583 3883 646 fallaces

2239 697 2366 737 esse
2396 683 2711 745 dremones,
2742 683 2800 736 et
2824 679 2895 734 ad
2927 677 3329 734 simulandum
3361 694 3489 734 esse
3517 677 3762 734 callidos
3787 698 3802 747 ;
3832 682 3888 736 et

2241 771 2432 844 magis
2462 769 2686 826 reddita
2733 769 2980 824 sanitate
3024 768 3312 841 increpuit
3333 766 3638 840 virginem,
3671 782 3775 821 cur
3805 765 3881 822 fe-

2205 881 2211 887 ·
2238 859 2415 915 cisset
2438 857 2598 923 talia,
2632 875 2734 930 per
2755 873 2884 930 qum
2923 857 3149 913 daemon
3182 857 3400 912 intrare
3428 855 3740 929 potuisset.

2307 950 2398 1003 22.
2431 947 2790 1002 Candidatum
2847 947 3154 1001 Constantii
3181 963 3214 1000 a
3243 945 3486 1001 demone
3525 945 3744 1000 liberat.
3776 940 3882 1000 De-

2237 1038 2485 1091 curiones
2517 1037 2774 1090 locorum.
2807 1065 2874 1075 -—
2927 1034 3050 1089 Non
3083 1033 3275 1090 solum
3308 1038 3504 1089 autem
3534 1031 3594 1086 in
3625 1030 3882 1092 Palesti-

2237 1142 2332 1190 na,
2365 1129 2422 1180 et
2454 1124 2510 1178 in
2559 1124 2764 1180 vicinis
2825 1123 3075 1178 urbibus
3103 1122 3334 1195 Egypti
3383 1121 3473 1178 vel
3522 1121 3720 1193 Syrias,
3778 1121 3878 1178 sed

2235 1213 2411 1268 etiam
2457 1213 2515 1266 in
2565 1211 2906 1283 longinquis
2953 1211 3270 1282 provinciis
3300 1210 3456 1265 fama
3497 1210 3624 1280 ejus
3656 1225 3883 1280 percre-

2233 1301 2462 1356 buerat.
2496 1301 2758 1372 Namque
2793 1299 3145 1356 candidatus
3175 1297 3495 1354 Constantii
3517 1299 3538 1333 °
3573 1297 3885 1369 imperato-

2233 1389 2334 1457 ris,
2390 1389 2603 1445 rutilus
2655 1405 2840 1454 coma,
2894 1391 2952 1443 et
3005 1387 3254 1442 candore
3310 1385 3570 1457 corporis
3618 1384 3885 1442 indicans

2232 1477 2587 1550 provinciam
2645 1477 2821 1543 (inter
2877 1476 3132 1532 Saxones
3190 1475 3403 1548 quippe
3462 1478 3519 1529 et
3571 1473 3885 1530 Alemanos

2231 1583 2376 1639 gens
2417 1567 2580 1636 ejus"
2613 1582 2727 1620 non
2779 1571 2900 1620 tam
2933 1564 3049 1620 lata
3079 1580 3256 1634 quam
3286 1562 3660 1634 valida,apud
3694 1559 3886 1623 histo-

472 1653 652 1708 limen
684 1652 896 1707 domus
939 1650 1142 1723 puella:
1177 1657 1443 1723 portenta
1471 1653 1737 1724 quaedam
1786 1655 2118 1722 verborum,
2150 1689 2200 1754 B
2231 1656 2381 1712 ricos
2413 1655 2746 1718 Germania,
2779 1670 2932 1708 nunc
2989 1651 3233 1708 Francia
3287 1652 3570 1722 vocatur),
3614 1648 3884 1721 antiquo,

470 1747 527 1795 et
548 1745 912 1813 portentosas
937 1741 1154 1812 figuras
1177 1739 1438 1812 sculptas
1460 1741 1515 1795 in
1537 1742 1666 1796 ieris
1689 1742 1878 1814 Cyprii
1898 1743 2119 1800 lamina

468 1831 707 1885 defodit.
741 1829 902 1884 lllico
943 1829 1200 1884 insanire
1247 1830 1428 1902 virgo,
1462 1837 1519 1885 et
1549 1831 1766 1886 amictu
1791 1831 1999 1903 capitis
2020 1833 2118 1887 ab-

463 1921 641 1988 jecto,
678 1924 867 1978 rotare
925 1918 1166 1985 crinem,
1201 1918 1445 1974 stridere
1473 1919 1768 1987 dentibus,
1801 1919 2116 1976 inclamare

470 2024 680 2062 nomen
726 2005 1134 2062 adolescentis.
1188 2006 1527 2077 Magnitudo
1559 2008 1774 2080 quippe
1805 2009 2022 2064 amoris
2054 2027 2115 2065 se

468 2096 526 2150 in
561 2097 811 2151 furorem
843 2099 1109 2150 verterat.
1142 2095 1425 2150 Perducta
1455 2113 1592 2168 ergo
1615 2114 1648 2151 a
1670 2097 2013 2168 parentibus
2041 2098 2110 2152 ad

467 2183 911 2251 monasterium,
961 2183 1084 2238 seni
1145 2183 1428 2239 traditur:
1491 2183 1753 2240 ululante
1807 2187 2008 2241 statim
2057 2191 2115 2242 et

464 2273 772 2330 conﬁtente
793 2273 1074 2338 daemone,
1100 2271 1230 2325 Vim
1263 2271 1540 2336 sustinui,
1571 2273 2112 2345 invitus,abductus

463 2379 596 2418 sum
623 2379 635 2417 :
671 2377 847 2434 quam
881 2361 1026 2415 bene
1051 2359 1340 2430 Memphis
1371 2361 1618 2415 somniis
1650 2360 1918 2417 homines
1940 2362 2110 2417 delu-

462 2451 671 2506 debam
697 2451 710 2504 Ι
735 2450 778 2506 Ο
797 2465 996 2504 craces
1022 2449 1034 2502 l
1061 2449 1160 2503 24
1181 2466 1213 2503 ο
1236 2452 1525 2502 tormenta
1555 2465 1679 2520 qua
1701 2450 1918 2521 patior!
1945 2451 2112 2506 Exire

465 2557 557 2596 me
579 2539 760 2610 cogis,
801 2543 860 2593 et
883 2537 1094 2609 ligatus
1127 2537 1328 2592 subter
1350 2537 1526 2592 limen
1551 2545 1768 2594 teneor.
1803 2539 1927 2593 Non
1950 2556 2108 2608 exeo,

465 2628 578 2682 nisi
611 2644 702 2682 me
734 2625 1074 2681 adolescens
1121 2624 1220 2696 qui
1255 2630 1430 2692 tenet,
1480 2625 1790 2682 dimiserit.
1823 2627 1984 2683 Tunc
2014 2646 2110 2684 se-

465 2733 604 2772 nex:
634 2714 906 2782 Grandis,
955 2712 1055 2780 ait,
1118 2713 1395 2768 fortitudo
1451 2717 1571 2781 tua,
1633 2715 1730 2786 qui
1777 2714 1910 2770 licio
1941 2721 1998 2770 et
2026 2717 2108 2772 la-

466 2805 626 2859 mina
648 2803 887 2858 strictus
910 2801 1143 2857 teneris.
1180 2801 1299 2868 Dic,
1331 2817 1511 2873 quare
1553 2820 1734 2858 ausus
1765 2819 1826 2857 es
1885 2805 2109 2874 ingredi

466 2891 722 2964 puellam
745 2890 844 2946 Dei
865 2889 893 2944 ?
916 2889 986 2944 Ut
1033 2905 1346 2956 servarem,
1377 2890 1589 2960 inquit.
1640 2907 1767 2946 eam
1799 2892 2104 2964 virginem.

462 2981 548 3036 Tu
597 2995 878 3048 servares,
939 2978 1199 3052 proditor
1247 2979 1581 3033 castitatis?
1618 2981 1732 3034 Cur
1764 2998 1878 3035 non
1912 2982 2105 3052 potius

2230 1744 2340 1799 hoc
2371 1748 2481 1812 est,
2515 1745 2587 1799 ab
2623 1741 2871 1797 infantia
2901 1757 3213 1814 possessus
3242 1741 3525 1804 daemone,
3557 1738 3658 1811 qui
3693 1737 3885 1797 nocti-

2230 1834 2339 1888 bus
2390 1849 2524 1887 eum
2559 1831 2807 1897 ululare,
2868 1829 3270 1902 ingemiscere,
3328 1828 3572 1884 fremere
3603 1827 3882 1883 dentibus

2226 1921 2629 1994 compellebat,
2687 1924 2908 1976 secreto
2967 1919 3038 1974 ab
3099 1918 3446 1990 imperatore
3485 1915 3882 1983 Evectionem,

2225 2011 2411 2082 petiit,
2444 2026 2683 2066 causam
2741 2009 2791 2064 ei
2827 2007 3175 2080 simpliciter
3205 2005 3491 2062 indicans.
3526 2009 3592 2060 Et
3621 2006 3880 2077 acceptis

2224 2100 2297 2154 ad
2331 2097 2708 2154 Consularem
2732 2112 2971 2168 quoque
2991 2094 3308 2151 Palaestinas
3352 2093 3588 2160 litteris,
3619 2109 3752 2149 cum
3786 2093 3880 2147 in-

2223 2189 2380 2261 genti
2405 2187 2622 2243 honore
2643 2191 2700 2242 et
2722 2185 3008 2241 comitatu
3031 2185 3243 2240 Gazam
3265 2183 3554 2240 deductus
3600 2187 3708 2237 est.
3766 2183 3879 2246 Qui

2222 2293 2356 2332 cum
2387 2294 2418 2332 a
2450 2275 2864 2330 decurionibus
2922 2273 3079 2328 illius
3127 2272 3236 2328 loci
3289 2271 3611 2344 quesisset,
3644 2270 3743 2324 ubi
3771 2269 3878 2326 ba-

2222 2365 2431 2420 bitaret
2463 2364 2719 2419 Hilarion
2779 2361 3128 2432 monachus,
3191 2360 3288 2417 25
3351 2358 3534 2416 territi
3585 2357 3876 2415 Gazenses

2218 2453 2611 2517 vehementer,
2645 2457 2702 2507 et
2759 2456 3035 2524 putantes
3081 2466 3214 2504 eum
3245 2449 3317 2503 ab
3349 2448 3695 2520 imperatore
3728 2447 3874 2503 mis-

2220 2559 2376 2608 sum,
2408 2542 2479 2596 ad
2510 2540 2930 2595 monasterium
2953 2537 3377 2604 adduxerunt”,
3410 2540 3477 2590 ut
3501 2542 3557 2590 et
3585 2534 3870 2590 honorem

2219 2630 2625 2685 commendato
2650 2627 3008 2692 exhiberent,
3066 2630 3123 2680 et
3176 2625 3224 2680 si
3257 2624 3397 2695 quid
3438 2641 3506 2678 ex
3559 2623 3870 2694 praeteritis

2217 2718 2450 2789 injuriis
2480 2718 2538 2771 in
2591 2715 2943 2772 Hilarionem
2994 2718 3147 2768 esset
3200 2712 3451 2780 offensae,
3497 2728 3642 2767 novo
3674 2711 3865 2768 ofﬁcio

2217 2808 2524 2863 deleretur.
2563 2803 2982 2860 Deambulabat
3009 2806 3150 2856 tunc
3197 2817 3372 2856 senex
3402 2799 3458 2854 in
3493 2800 3685 2855 arenis
3717 2799 3864 2854 mol-

2217 2897 2391 2961 libus,
2425 2900 2481 2950 et
2526 2909 2723 2949 secum
2757 2893 2826 2946 de
2858 2889 3102 2964 psalmis
3160 2889 3352 2945 nescio
3406 2887 3544 2959 quid
3588 2888 3866 2943 submur-

2218 2985 2488 3040 mnrabat
2516 3002 2529 3052 ;
2556 2983 2876 3052 vidensque
2899 2984 3126 3034 tantam
3147 2978 3381 3033 turbam
3404 2977 3730 3032 venientem
3753 2976 3864 3047 [Αἰ.

462 3070 522 3125 in
555 3086 689 3124 eum
740 3043 1265 3138 qui-te-mittebat,
1324 3084 1388 3122 es
1436 3067 1787 3140 ingressus?
1835 3043 2104 3141 thuid,
2137 3043 2178 3109 C
2215 3043 2618 3142 venientium],
2652 3043 2932 3126 substitit.
2965 3068 3034 3122 Et
3055 3065 3387 3122 resalutatis
3437 3043 3865 3132 omnibus,ma-

465 3156 784 3229 respondit,
822 3155 1100 3210 intrarem
1132 3155 1191 3209 in
1225 3149 1379 3221 eum,
1413 3156 1514 3227 qui
1546 3156 1797 3212 habebat
1825 3158 2107 3229 collegam

465 3262 664 3302 meum
695 3244 911 3300 amoris
965 3243 1333 3299 daemonem?
1380 3243 1577 3298 Noluit
1627 3251 1820 3300 autem
1860 3251 2109 3303 Sanctus

539 3372 718 3426 ‘Mss.
750 3369 1057 3439 maleﬁcum
1102 3367 1555 3424 Christianorum.
1608 3373 1782 3426 Porro
1814 3371 2110 3427 maleﬁcos

465 3458 750 3514 equorum
785 3442 1134 3514 agitatores,
1166 3442 1266 3514 qui
1313 3440 1708 3514 adversarium
1772 3459 1953 3513 equos
1994 3444 2109 3498 de-

469 3511 753 3569 mbniacis
781 3511 1301 3594 imprecationibus
1349 3511 1744 3594 impedirent,‘
1772 3511 1839 3567 ut
1866 3531 2006 3568 suos
2037 3515 2108 3569 ad

467 3602 675 3642 cursus
721 3582 1033 3639 velociores
1063 3582 1450 3654 impellerent,
1485 3600 1634 3653 saepe
1663 3588 1883 3639 veteres
1911 3591 2110 3640 aucto-

467 3674 557 3712 res
615 3659 838 3711 notant.
870 3653 1166 3726 Cassiod.
1207 3653 1308 3726 lib;
1363 3670 1426 3707 ιιι
1483 3656 1690 3726 Vertar.
1741 3657 1913 3726 epist.
1967 3674 2004 3722 1,
2040 3658 2111 3712 de

431 3793 436 3804 ‘
467 3728 720 3800 quodam
747 3725 1173 3804 nebili'auriga,
1208 3748 1234 3773 ‹‹
1272 3725 1624 3804 Frequentia
1646 3725 1858 3795 ianit,
1894 3727 2113 3804 palma.

467 3795 596 3854 rum
629 3815 763 3854 eum
790 3797 902 3852 dici
927 3796 1173 3852 iaciebat
1194 3795 1545 3850 maleﬁcum.
1580 3796 1822 3851 Necesse
1842 3795 1932 3852 est
1953 3799 2111 3852 enim

468 3871 539 3925 ad
564 3869 1002 3946 perversitatem
1034 3867 1336 3946 magicam
1356 3867 1575 3946 referri,
1605 3869 1843 3946 quando
1874 3869 2113 3946 victoria

466 3937 754 4012 equorum
816 3938 1038 3994 meritis
1099 3956 1212 4012 non
1249 3941 1435 4009 potest
1483 3937 1788 4012 applicari.
1833 3963 1854 3990 ι
1892 3941 2108 3995 Arnob.

467 4010 567 4067 lib.
603 4029 619 4066 ι
650 4010 857 4066 advers.
918 4013 1079 4064 Gent.
1121 4011 1191 4063 de
1250 4023 1553 4079 magorum
1607 4010 1830 4064 artibus
1865 4027 1876 4064 :
1912 4034 1937 4058 ‹‹
1973 4012 2113 4074 Quis

467 4085 626 4139 enim
676 4081 782 4136 hoc
809 4081 1118 4134 nesciat...
1146 4080 1204 4133 in
1251 4079 1554 4134 carriculis
1585 4097 1762 4150 eques
1786 4082 2110 4150 debilitare,

468 4151 1013 4225 incitare,tardare,
1067 4173 1095 4199 »
1129 4151 1427 4225 _etc._\_'id.
1470 4151 1608 4225 God.
1644 4152 1857 4225 'l‘heod.
1894 4154 1963 4225 ad
1997 4153 2107 4225 leg.

465 4226 588 4280 Qde
639 4223 888 4292 Malefic.,
942 4222 1239 4277 Ammian.
1277 4221 1594 4277 Marcellin.
1647 4222 1915 4293 pluribus
1947 4221 2110 4279 locis.

535 4316 558 4349 ²
585 4315 859 4381 Virginem
914 4311 1043 4384 Dei.
1074 4311 1134 4384 In
1169 4311 1356 4384 tribus
1387 4315 1510 4384 _aut
1539 4315 1790 4384 quatuor
1819 4313 2112 4384 exempla-

468 4386 631 4471 ribus
663 4399 804 4438 mss.
831 4406 858 4432 «
887 4382 1145 4453 Virginis
1169 4381 1271 4436 Dei
1292 4381 2116 4471 vicinusjuvepismmore'de—
2145 4407 2190 4471 D

469 4455 724 4527 peribas.
765 4476 784 4503 ι
1647 4453 1934 4508 Maurum.

538 4549 758 4624 {Paria
805 4549 980 4624 habet
1029 4548 1415 4624 in‘Isasxrx:
1459 4549 1835 4624 «Memphim
1871 4551 2115 4624 magicis

468 4621 694 4679 artibus
713 4621 992 4694 deditam,
1032 4619 1260 4694 pristini
1285 4637 1472 4694 usque
1502 4621 1572 4694 ad
1600 4619 1855 4692 praesens
1879 4619 2114 4694 tempus

466 4695 710 4766 vestigia
755 4692 970 4748 erroris
1001 4693 1334 4746 ostendunt.
1373 4691 1398 4740 ἡ
1437 4691 1500 4745 Et
1531 4691 1687 4745 in’ca
1736 4734 1748 4747 .
1785 4710 1887 4746 va
1917 4695 1986 4749 de
2007 4691 2114 4747 1E-

468 4765 709 4816 sculanii
745 4766 898 4816 fano.
927 4763 985 4816 in
1018 4779 1133 4816 auo
1180 4766 1365 4816 stratis
1424 4762 1653 4816 pellibus
1694 4709 1997 4816 iostiarum
2028 4769 2114 4816 in-

468 4762 710 4837 scula'pii
745 4766 898 4829 fano,
927 4763 985 4817 in
1018 4766 1365 4837 quoslratis
1419 4762 1653 4837 pellibus
1694 4762 1997 4819 hostiarum
2028 4769 2115 4819 in-

467 4833 667 4894 cubare
694 4838 848 4893 soliti
876 4833 1170 4908 (gentiles)
1219 4841 1399 4901 erant,
1456 4838 1516 4887 ut
1567 4835 1628 4888 in
1668 4837 1895 4889 somniis
1921 4840 2117 4906 futura

467 4913 864 4975 cognoscerent.

538 4974 660 5050 {Ab
692 4979 1012 5050 rEsculapii.
1046 4976 1148 5033 Hic
1197 4992 1430 5050 quoque
1459 4974 1701 5050 legunt;
1741 4998 1760 5023 ι
1797 4976 1884 5050 Ab
1913 4981 2115 5032 z‘Escu-

467 5046 605 5118 lapii
634 5051 884 5117 vatibus,
907 5046 1036 5104 'non
1070 5046 1551 5113 remediantibus',
1604 5047 1704 5101 sed
1724 5048 2116 5118 perdentibus

470 5117 724 5186 animas,
759 5141 787 5169 »
818 5126 927 5176 etc.
1720 5117 2006 5173 Manum.

539 5218 560 5252 ⁵
591 5220 836 5272 Peccant
865 5219 1066 5271 contra
1097 5215 1350 5270 historia:
1386 5215 1710 5278 veritatem,
1745 5231 1810 5270 ac
1839 5217 2114 5278 Hierony-

539 5235 560 5252 ⁹
591 5235 836 5272 γθοοειιιι
865 5235 1066 5271 contra
1099 5235 1350 5270 [118(0le
1386 5235 1710 5278 VPTHBLCH],
1745 5235 1810 5270 ac
1839 5235 2046 5273 meror)
2077 5235 2114 5258 '-

471 5291 556 5367 mi_
585 5294 838 5367 mentem
857 5287 1330 5367 hucusque'editi
1349 5288 1530 5367 unius
1559 5287 1804 5356 hujusce
1824 5235 2116 5367 particqu

469 5363 556 5418 vel
575 5359 892 5437 emissione
916 5365 1014 5437 aut
1035 5356 1368 5436 signiﬁcent
1411 5359 1604 5437 ipsum
1655 5356 1888 5428 quoque
1919 5359 2118 5437 adole-

471 5435 784 5491 scentema
817 5430 876 5486 S.
925 5426 1218 5483 Hilarione
1289 5426 1722 5492 curatum,cufn
1771 5426 1811 5485 ὁ
1831 5431 2118 5488 contrario

471 5517 662 5584 neque
709 5498 966 5581 perquiri
996 5497 1165 5560 illum
1187 5497 1408 5571 siverit,
1439 5513 1510 5557 ne
1537 5499 1666 5572 ejus
1706 5499 2118 5563 incantationi-

2218 3178 2415 3233 nuque
2462 3160 2546 3215 eis
2593 3158 2964 3222 benedicens,
3006 3159 3140 3226 post
3186 3153 3391 3210 horam
3437 3157 3676 3208 caeteros
3707 3152 3868 3208 abire

2217 3250 2510 3324 precepit,
2542 3247 2707 3302 illum
2738 3261 2869 3301 vero
2921 3261 3056 3300 cum
3104 3243 3285 3298 servis
3309 3241 3433 3297 suis
3468 3245 3526 3298 et
3554 3245 3868 3313 apparato-

2218 3376 2330 3430 bus
2352 3374 2525 3428 ﬁdem
2546 3372 2842 3426 videretur
2860 3368 3221 3424 adhibuisse.
3244 3367 3360 3422 Nos
3382 3381 3413 3422 e
3434 3365 3653 3422 nostris
3675 3365 3866 3420 omni-

2219 3447 2330 3501 bus
2354 3462 2493 3500 mss.
2530 3443 2838 3498 accedente
2879 3439 3053 3495 etiam
3087 3438 3278 3494 Gravii
3317 3437 3659 3493 auctoritate
3685 3436 3865 3491 suﬂ‘e-

2219 3517 2428 3591 cimus.
2477 3515 2560 3591 Ad
2598 3513 2720 3591 haec
2764 3511 3018 3591 alterum
3043 3509 3346 3591 hucusque
3376 3509 3664 3564 editorum
3695 3523 3864 3591 men-

2219 3589 2358 3642 dum
2391 3584 2805 3657 castigavimus
2836 3583 3092 3657 legentes
3123 3599 3192 3636 ex
3222 3577 3428 3657 iisdem
3456 3577 3863 3657 mssesolntus,

2220 3659 2278 3714 id
2309 3664 2396 3713 est
2452 3649 2686 3721 dminon,
2739 3670 2840 3725 pro
2887 3649 3060 3708 solitis
3117 3669 3325 3723 nempe
3372 3649 3861 3706 incantationibus.

2221 3730 2374 3786 Infra
2406 3728 2619 3782 leviora
2650 3725 2764 3780 alia
2792 3725 3197 3780 emendamus.

2290 3801 2312 3834 ⁶
2334 3801 2473 3854 Mss.
2507 3814 2732 3861 omnes,
2761 3802 2817 3849 et
2838 3811 2981 3861 quos
3003 3795 3178 3848 etiam
3225 3791 3493 3845 Martian.
3545 3788 3862 3856 consuluit,

2220 3871 2580 3926 Constantini.
2617 3869 2696 3921 De
2715 3861 3047 3927 canditatis,
3107 3861 3208 3933 qui
3268 3861 3864 3933 militiaagordoerat,

2219 3948 2436 3997 veteres
2462 3941 2810 4003 auctores,et
2827 3930 3472 4007 pratcipuekmmianus
3492 3930 3866 3986 Marcellinus

2221 4029 2606 4149 pafgpo-ejus,
2638 4077 2792 4148 quod
2842 4075 3058 4149 habent
3097 4089 3240 4149 mss.
3277 4088 3416 4149 cum
3443 4071 3700 4149 Vi_ctorio
3728 4087 3864 4149 orn-

2221 4171 2346 4217 nes,
2377 4141 2741 4205 Mar'tianae'us
2799 4150 2894 4217 est.
2929 4146 3102 4217 Porro
3125 4145 3222 4217 _de
3243 4143 3454 4217 veteris
3477 4143 3750 4217 Francia
3800 4141 3869 4197 li-

2222 4213 2485 4286 mitibus,
2510 4225 2565 4276 et
2593 4216 2896 4284 vocabulo,
2926 4214 3219 4271 videndus
3250 4215 3567 4270 Eumenius
3597 4214 3654 4286 in
3685 4213 3870 4268 Pane-

2223 4296 2400 4368 gyric.
2435 4293 2506 4368 ad
2555 4289 3024 4368 Constantinum,
3058 4288 3156 4342 ubi
3188 4303 3305 4368 non
3323 4286 3543 4368 _solum
3577 4285 3677 4341 ila
3707 4301 3867 4368 pars,

2225 4356 2324 4422 sed
2358 4365 2628 4419 universa
2684 4360 2922 4416 omnino
2963 4358 3274 4414 Germania
3323 4357 3575 4414 Francia:
3631 4356 3870 4412 nomine

2224 4436 2568 4511 appellatur.
2628 4430 2974 4511 ammianus‘
3030 4429 3702 4511 queque‘Mar‘cellinus
3758 4425 3863 4511 lib.

2223 4498 2330 4563 xiv
2360 4526 2394 4562 1.
2431 4523 2480 4561 c.
2515 4509 2567 4569 8,
2598 4504 2694 4557 ubi
2728 4498 3065 4573 depopulari
3112 4498 3386 4573 dicuntur
3432 4499 3725 4573 Celticum}
3752 4498 3867 4549 tra-

2223 4589 2340 4635 ctus
2368 4565 2567 4633 Franci
2595 4579 2644 4630 et
2677 4565 2914 4646 Saxones
2945 4572 3137 4646 iisdem
3166 4572 3418 4646 conﬁnes.
3483 4569 3646 4646 inter
3682 4565 3865 4646 sexo-

2226 4669 2330 4706 nas
2363 4650 2591 4720 quippei
2605 4651 2662 4700 et
2682 4644 2997 4720 Alamanos
3028 4645 3140 4698 sita
3158 4637 3280 4720 erat
3301 4637 3558 4703 Francia,
3592 4640 3656 4690 ut
3683 4637 3862 4690 etiam

2224 4740 2291 4778 ex
2321 4715 2545 4776 Tabula
2568 4715 3012 4778 Peutingeriana
3041 4717 3283 4768 constat.

2293 4794 2314 4826 ⁸
2349 4777 3082 4863 Imperiale_diploma,quo
3105 4795 3340 4863 cereum
3374 4777 3867 4863 publicum‘usu‘r;

2224 4881 2363 4936 pare
2394 4847 2590 4918 liceret
2636 4847 2826 4936 Grafce
2857 4847 3255 4936 abvgﬁna.‘Vi‘d.
3305 4847 3428 4936 quae
3465 4851 3528 4931 _in
3559 4850 3728 4931 epist.

2226 4922 2388 4990 hum.
2416 4952 2454 4997 ι,
2485 4929 2912 4997 annotavimus.
2948 4923 3310 4997 Vocabulum
3342 4922 3628 4997 est‘juris,
3663 4934 3778 4992 quo
3811 4922 3870 4997 et

2223 5007 2282 5062 S.
2316 4993 2700 5075 Hieronymus
2743 4996 2906 5075 alibi,
2934 4999 2995 5075 et
3023 4995 3270 5074 severus
3289 4993 3573 5075 Sulpitius
3603 4993 3870 5075 usus‘e‘st

2224 5076 2325 5131 lib.
2363 5094 2400 5130 ιι
2433 5062 2566 5130 Hist.
2605 5091 2617 5128 :
2654 5095 2680 5120 ‹‹
2742 5070 2848 5122 Per
2894 5066 3175 5121 vicarium
3237 5083 3304 5120 ac
3362 5062 3667 5136 praesidem
3728 5062 3872 5116 data

2226 5147 2564 5218 quaestionis
2595 5141 2778 5218 copia,
2829 5136 3212 5218 compellitur
3245 5137 3467 5218 adesse,
3504 5150 3639 5218 cum
3670 5138 3869 5218 tamen

2226 5203 2294 5273 de
2325 5236 2390 5273 eo
2419 5216 2563 5272 nihil
2597 5203 2932 5268 mandasset
2961 5203 3287 5278 specialiter
3331 5208 3663 5278 imperator.
3700 5227 3726 5254 »
3761 5203 3869 5278 Ωρ-

2227 5290 2410 5346 currit
2439 5293 2494 5344 et
2524 5285 2676 5358 apud
2709 5274 3128 5358 Symmachum
3161 5278 3261 5336 lib.
3285 5293 3377 5358 v_1._
3397 5274 3567 5358 epist.
3600 5278 3654 5342 6,
3682 5279 3742 5331 et
3761 5274 3866 5331 lib.

2227 5378 2328 5426 vn,
2354 5360 2543 5432 epist.
2562 5349 2634 5432 '48
2663 5358 2721 5410 et
2751 5349 2873 5432 ἱρῷ,
2905 5355 2961 5406 et
2981 5349 3090 5432 lib.
3127 5368 3202 5432 ut,
3235 5349 3405 5432 epist,
3432 5351 3520 5404 20.

2297 5418 2326 5465 θ’
2348 5418 2473 5487 Βῖιο
2497 5428 2683 5485 Vatic.
2715 5422 2923 5486 codic.,
2971 5422 3229 5477 Putantes
3269 5418 3346 5475 ad
3373 5435 3498 5476 eum
3535 5418 3602 5474 ab
3630 5419 3870 5492 impera-

2226 5505 2340 5566 tore
2367 5504 2581 5572 missos,
2610 5497 2684 5560 ad
2710 5493 3102 5558 monasterium
3133 5493 3512 5574 perrexerunt.
