4106 6164
336 213 417 273 41
1444 210 1627 274 VITA
1670 216 1732 276 S.
1782 208 2232 277 Hl‘LARiONIS
2278 204 2666 276 EREMITJE.
3670 212 3752 275 ἃ

340 345 509 401 ribus
537 352 877 412 remanere;
911 360 978 401 ex
1007 344 1197 400 oculis
1229 345 1385 402 enim
1418 346 1547 417 ejus
1573 352 1631 401 et
1659 346 1844 413 vultu,
1890 364 1993 402 cur
2019 352 2075 419 Α
2174 348 2263 400 24.
2298 348 2637 401 Hilarionem
2666 344 2870 400 colebat
2910 343 2977 397 Μ.
3019 344 3301 399 Antonius.
3364 376 3430 383 -—
3489 345 3750 417 Tempus

310 433 595 490 -venisset
621 437 955 505 agnoverat.
988 433 1197 489 Statim
1223 449 1357 507 ergo
1380 434 1452 489 ad
1476 434 1988 505 interrogationem

334 523 437 578 Dei
470 523 622 579 servi
656 539 980 595 suspensus
1010 522 1210 590 homo,
1239 523 1336 577 vix
1358 526 1572 579 terram
1598 524 1846 595 p‘edibus
1868 530 1989 580 tan-

332 628 473 685 gere
502 611 698 684 cmpit,
730 614 785 667 et
813 611 1074 666 immane
1108 610 1367 683 rugiens,
1400 611 1543 683 Syro
1575 627 1690 683 quo
1742 612 1987 668 interro-

332 705 510 773 gatus
540 700 729 755 fuerat
760 716 1053 769 sermone,
1096 700 1417 773 respondit.
1478 700 1716 757 Videres
1764 703 1835 757 de
1890 720 1988 758 ore

330 789 603 856 barbaro,
635 793 694 844 et
722 790 823 861 qui
856 788 1142 845 Francam
1170 794 1401 845 tantum
1436 794 1495 845 et
1550 790 1815 846 Latinam
1874 792 1986 846 lin-

328 892 500 949 gnam
533 882 800 948 noverat,
842 881 986 949 Syra
1045 878 1116 933 ad
1175 894 1390 950 purum
1447 878 1621 933 verba
1674 894 1983 934 resonare:

332 972 395 1022 ut
426 983 540 1022 non
575 966 817 1032 stridor,
854 978 971 1021 non
997 966 1299 1038 aspiratio,
1328 983 1444 1023 non
1477 967 1695 1023 idioma
1750 967 1983 1039 aliquod

328 1055 621 1112 Palaestini
654 1056 890 1110 deesset
919 1054 1157 1127 eloquii.
1192 1056 1507 1112 Confessus
1529 1060 1617 1112 est
1646 1056 1985 1128 itaque,quo

327 1146 387 1201 in
420 1162 555 1201 eum
584 1146 862 1200 intrasset
890 1145 1112 1200 ordine.
1140 1146 1207 1199 Et
1238 1150 1302 1200 ut
1330 1144 1673 1215 interpretes
1712 1146 1841 1215 ejus
1896 1145 1983 1200 in-

329 1233 680 1306 telligerent,
701 1228 794 1304 qui
816 1233 1073 1289 Graecam
1102 1236 1329 1288 tantum
1353 1237 1410 1287 et
1430 1233 1698 1289 Latinam
1722 1233 1981 1305 linguam

334 1327 637 1387 noverant,
669 1321 859 1377 Graece
884 1338 1117 1393 quoque
1144 1338 1278 1376 eum
1301 1321 1700 1394 interrogavit.
1745 1324 1867 1388 Quo
1898 1322 1982 1377 si-

337 1411 553 1467 militer
578 1414 636 1467 et
662 1411 723 1467 in
762 1411 938 1466 verba
968 1411 1170 1467 eadem
1202 1410 1609 1481 reapondente,
1644 1409 1982 1482 multasque

326 1500 789 1556 incantationum
803 1499 1140 1555 occasiones
1153 1504 1209 1555 et
1223 1498 1605 1554 necessitates
1621 1499 1980 1571 magicarum

322 1590 542 1645 artium
570 1589 949 1654 obtendente,
983 1604 1097 1643 non
1120 1604 1282 1653 curo,
1317 1588 1415 1654 ait,
1449 1589 1743 1660 quomodo
1792 1588 1981 1644 intra-

320 1678 513 1745 veris;
545 1678 647 1734 sed
675 1683 742 1733 ut
770 1694 939 1733 exeas
971 1677 1031 1732 in
1065 1676 1301 1732 nomine
1330 1676 1562 1733 Domini
1606 1678 1790 1733 nostri
1837 1678 1975 1733 Jesu

2099 452 2192 491 me
2227 436 2477 501 deficiet,
2506 434 2553 490 si
2584 434 2818 489 voluero
2852 433 3123 488 universa
3154 432 3340 505 signa,
3375 450 3505 505 quae
3553 434 3625 489 ab
3679 452 3747 491 eo

2098 529 2427 596 perpetrata
2458 528 2616 591 sunt,
2652 523 2862 578 dicere.
2898 524 2959 577 In
2996 526 3218 578 tantam
3248 524 3402 577 enim
3436 541 3469 578 a
3500 523 3746 580 Domino

2099 614 2287 669 fuerat
2317 613 2576 668 elevatus
2600 612 2868 684 gloriam,
2890 616 2954 666 ut
2975 612 3181 667 beatus
3202 627 3436 682 quoque
3458 614 3748 670 Antonius

2096 703 2346 757 audiens
2376 702 2871 757 conversationem
2891 702 3040 771 ejus,
3066 701 3344 757 scriberet
3373 701 3449 768 ei,
3479 700 3749 758 libenter-

2097 807 2211 862 que
2240 792 2368 862 ejus
2401 789 2676 862 epistolas
2699 796 2978 845 sumeret.
3014 790 3152 844 Etsi
3187 790 3423 861 quando
3464 790 3535 843 de
3567 791 3745 863 Syrias

2096 880 2360 951 partibus
2386 881 2456 934 ad
2482 895 2543 933 se
2566 878 2911 950 languentes
2936 878 3347 949 perrexissent,
3381 877 3598 933 diceret
3621 878 3705 933 eis
3728 897 3741 934 :

2094 970 2283 1034 Quare
2313 986 2414 1023 vos
2446 972 2563 1022 tam
2596 966 2767 1038 longe
2786 984 2991 1022 vexare
3012 967 3300 1037 voluistis,
3321 983 3452 1021 cum
3481 966 3745 1022 habeatis

2096 1058 2175 1112 ibi
2208 1058 2397 1112 filium
2429 1073 2625 1111 meum
2660 1055 3015 1111 Hilarionem
3044 1054 3363 1127 PExemplo
3396 1056 3592 1126 itaque
3614 1056 3741 1126 ejus

2094 1163 2196 1218 per
2226 1150 2407 1200 totam
2450 1144 2817 1199 Palaestinam
2880 1143 3329 1199 innumerabilia
3386 1146 3741 1199 monasteria

2092 1251 2219 1290 esse
2249 1237 2568 1306 coeperunt,
2604 1238 2660 1289 et
2681 1250 2885 1288 omnes
2906 1234 2976 1287 ad
3010 1249 3143 1288 eum
3177 1233 3447 1287 monachi
3470 1233 3738 1287 certatim

2092 1341 2342 1379 currere.
2378 1324 2539 1389 Quod
2581 1323 2686 1393 [Αἰ.
2748 1324 2922 1393 Quos]
2984 1321 3079 1376 ille
3137 1338 3401 1390 cernens,
3459 1322 3738 1376 laudabat

2090 1411 2322 1467 Domini
2351 1411 2598 1483 gratiam
2627 1430 2639 1476 ;
2670 1416 2726 1467 et
2760 1412 2825 1466 ad
2854 1412 3180 1483 profectum
3205 1410 3411 1465 anima:
3434 1408 3739 1482 singulos‘

2091 1501 2524 1565 cohortabatur,
2585 1500 2825 1567 dicens;
2885 1498 3211 1553 Praeterire
3250 1499 3499 1570 figuram
3558 1499 3736 1569 hujus

2090 1590 2316 1658 mundi,
2352 1594 2408 1644 et
2438 1589 2599 1643 illam
2629 1605 2756 1644 esse
2788 1605 2981 1643 veram
3003 1588 3205 1655 vitam,
3241 1604 3368 1659 quae
3413 1587 3539 1641 vita:
3593 1603 3736 1659 pra:-

2090 1679 2273 1734 sentis
2305 1683 2597 1735 emeretur
2626 1677 3020 1733 incommodo.

318 1767 555 1836 Christi,
588 1767 835 1839 impero.
868 1768 1130 1838 Cumque
1164 1772 1402 1822 curatus
1433 1769 1652 1834 esset‘,
1695 1766 1976 1838 simplici-
2007 1726 2055 1791 B
2155 1770 2244 1822 25.
2311 1768 2570 1823 Visitabat
2658 1768 2993 1822 monasteria
3075 1767 3344 1821 Hilarion.
3404 1797 3470 1804 —
3530 1765 3741 1821 Volens

320 1862 441 1912 tate
458 1857 679 1912 rustica
694 1856 895 1911 decem
919 1856 1047 1911 auri
1079 1854 1260 1910 libras
1284 1855 1553 1911 offerens:
1591 1856 1975 1912 hordeaceam

322 1944 395 1999 ab
425 1960 493 1999 eo
524 1959 736 2015 panem
767 1942 1023 2014 accepit:
1059 1942 1304 1997 audiens
1336 1942 1493 2012 quod
1536 1942 1637 2014 qui
1686 1942 1785 1997 tali
1846 1942 1974 1997 cibo

326 2032 638 2097 alerentur,
672 2046 884 2087 aurum
918 2047 1022 2102 pro
1052 2029 1174 2085 luto
1206 2030 1500 2085 ducerent.

393 2122 487 2175 23.
515 2123 685 2175 Bruta
735 2120 1007 2174 animalia
1061 2123 1272 2174 curata.
1335 2124 1540 2173 Parum
1599 2123 1689 2175 est
1746 2120 1817 2174 de
1869 2120 1972 2176 ho-

322 2211 581 2266 minibus
602 2208 786 2281 loqui,
820 2209 992 2264 bruta
1023 2224 1255 2280 quoque
1286 2207 1567 2263 animalia
1599 2207 1858 2279 quotidie
1900 2209 1969 2263 ad

321 2316 455 2354 eum
482 2298 735 2353 furentia
764 2296 1274 2368 pertrahebantur,
1321 2296 1379 2351 in
1428 2296 1640 2369 quibus
1700 2298 1971 2352 Bactrum

324 2389 612 2443 camelum
644 2387 904 2441 enormis
936 2385 1384 2457 magnitudinis,
1421 2385 1521 2457 qui
1569 2386 1696 2456 jam
1756 2385 1971 2441 multos

324 2477 655 2542 obtriverat,
689 2475 933 2547 triginta
954 2480 1009 2530 et
1042 2491 1108 2529 eo
1167 2473 1422 2546 amplius
1480 2474 1587 2529 viri
1649 2475 1970 2530 distentum

327 2565 694 2622 solidissimis
726 2564 969 2618 funibus
990 2580 1123 2618 cum
1143 2562 1395 2618 clamore
1418 2563 1805 2618 adduxerunt.
1826 2564 1968 2618 San-

321 2652 517 2728 guinei
543 2656 708 2709 erant
737 2650 909 2718 oculi,
943 2651 1259 2723 spumabat
1296 2667 1382 2719 os,
1438 2650 1710 2706 volubilis
1768 2650 1971 2723 lingua

319 2744 607 2816 turgebat,
640 2746 700 2797 et
730 2757 908 2812 super
936 2756 1172 2795 omnem
1207 2744 1489 2797 terrorem
1514 2740 1743 2811 rugitus
1772 2756 1968 2812 perso-

320 2834 496 2889 nabat
526 2831 827 2887 immanis.
858 2830 1049 2886 Jussit
1095 2829 1275 2901 igitur
1323 2846 1456 2884 eum
1500 2829 1714 2884 dimitti
1769 2845 1963 2884 senex.

318 2922 530 2979 Statim
558 2937 693 2976 vero
720 2924 778 2975 et
810 2920 911 2990 qui
943 2919 1326 2985 adduxerant,
1369 2922 1425 2973 et
1481 2918 1579 2990 qui
1640 2934 1774 2973 cum
1833 2934 1969 2973 sene

318 3017 509 3077 erant,
542 3026 729 3079 usque
758 3009 830 3064 ad
864 3024 1049 3063 unum
1083 3025 1287 3063 omnes
1318 3007 1620 3079 diffugere.
1657 3007 1830 3061 Porro
1881 3005 1965 3060 illi

2086 1860 2282 1912 autem
2315 1856 2646 1927 exemplum
2681 1855 2766 1910 eis
2797 1856 2935 1909 dare
2965 1859 3022 1909 et
3072 1853 3445 1920 humilitatis,
3495 1859 3552 1908 et
3611 1855 3739 1908 offi-

2085 1944 2179 2011 cii,
2213 1946 2382 2001 statis
2410 1944 2617 1999 diebus
2657 1947 2794 1999 ante
2846 1943 3205 1998 vindemiam
3240 1942 3531 1998 lustrabat
3556 1941 3736 1998 cellu-

2085 2033 2170 2089 las
2204 2033 2649 2089 monachorum.
2711 2033 2874 2096 Quod
2929 2037 3240 2105 postquam
3292 2032 3589 2104 cognitum
3648 2037 3738 2088 est

2084 2140 2118 2178 a
2150 2123 2450 2190 fratribus,
2484 2139 2686 2177 omnes
2718 2122 2788 2175 ad
2822 2138 2953 2177 eum
2987 2121 3396 2177 confluebant:
3440 2125 3496 2175 et
3553 2121 3733 2175 comi-

2082 2211 2187 2267 tati
2210 2211 2313 2266 tali
2344 2213 2512 2279 duce,
2569 2210 2957 2266 circumibant
3016 2209 3389 2277 monasteria,
3451 2209 3733 2265 habentes

2082 2301 2359 2355 viaticum
2418 2317 2629 2355 suum:
2690 2300 2829 2370 quia
2893 2300 3190 2353 interdum
3250 2314 3435 2369 usque
3496 2299 3565 2353 ad
3614 2299 3730 2351 duo

2083 2389 2269 2444 millia
2299 2388 2605 2444 hominum
2666 2388 3190 2459 congregabantur.
3251 2387 3362 2441 Sed
3419 2392 3475 2441 et
3530 2403 3730 2457 prcce-

2080 2479 2253 2533 dente
2284 2482 2565 2548 tempore,
2592 2493 2953 2547 unaquaeque
2986 2475 3120 2529 villa
3159 2474 3365 2529 vicinis
3423 2474 3727 2530 monachis

2080 2568 2150 2622 ad
2185 2568 2614 2637 susceptionem
2649 2570 2985 2620 sanctorum
3017 2565 3281 2636 gaudens
3314 2563 3473 2619 cibos
3529 2564 3728 2619 offere-

2077 2656 2198 2712 bat.
2233 2658 2527 2721 Quantum
2560 2659 2757 2709 autem
2792 2653 2966 2708 fuerit
2996 2654 3053 2709 in
3086 2670 3153 2708 eo
3212 2653 3411 2719 studii,
3469 2658 3533 2707 ut
3590 2652 3725 2707 nul-

2078 2746 2200 2800 lum
2236 2746 2471 2800 fratrem
2505 2744 2774 2816 quamvis
2820 2742 3125 2809 humilem,
3185 2742 3452 2814 quamvis
3510 2758 3727 2813 paupe-

2079 2851 2201 2889 rem
2232 2834 2570 2905 praateriret,
2603 2832 2687 2887 vel
2723 2832 2867 2886 illud
2903 2831 3116 2886 indicio
3150 2836 3258 2897 est,
3305 2830 3460 2901 quod
3509 2830 3727 2885 vadens

2077 2923 2133 2976 in
2167 2908 2463 2978 desertum
2506 2922 2688 2976 Cades
2746 2922 2818 2975 ad
2878 2938 3061 2975 unum
3115 2921 3185 2974 de
3237 2918 3540 2990 discipulis
3598 2919 3724 2973 suis

2075 3011 2405 3076 visendum,
2441 3027 2572 3065 cum
2607 3009 2835 3064 infinito
2869 3008 3103 3080 agmine
3136 3006 3556 3062 monachorum
3590 3024 3691 3078 per

315 3100 482 3157 solus
514 3098 768 3172 perrexit
796 3097 1049 3161 obviam,
1080 3101 1137 3152 et
1160 3112 1427 3151 sermone
1458 3096 1637 3167 Syro:
1672 3095 1796 3149 Non
1850 3111 1962 3162 me,
1998 3093 2038 3158 C
2078 3100 2235 3155 venit
2264 3099 2499 3154 Elusam
2527 3100 2547 3132 ί
2581 3098 2685 3170 [Αἰ.
2724 3097 2986 3151 Elusium
3018 3102 3069 3151 et
3126 3095 3432 3165 Eolesan.],
3492 3112 3557 3151 eo
3609 3096 3720 3150 for-

315 3189 534 3260 inquit,
560 3194 763 3252 terres,
796 3184 1045 3253 diabole,
1076 3189 1241 3241 tanta
1271 3184 1421 3239 mole
1453 3185 1713 3256 corporis
1740 3201 1751 3239 :
1799 3188 1855 3239 et
1908 3183 1968 3238 in

312 3277 645 3350 vulpecula,
678 3280 736 3332 et
765 3277 825 3331 in
848 3274 1070 3331 camelo
1117 3290 1271 3328 unus
1329 3278 1503 3345 atque
1560 3274 1715 3328 idem
1757 3289 1838 3327 es.
1904 3273 1972 3327 Et

318 3368 555 3423 interim
581 3370 843 3439 porrecta
862 3364 1060 3419 stabat
1081 3380 1277 3418 manu.
1310 3363 1393 3418 Ad
1414 3379 1586 3434 quem
1611 3362 1753 3417 dum
1769 3362 1970 3416 furens

317 3462 381 3513 et
409 3457 581 3528 quasi
610 3471 743 3511 eum
785 3454 1131 3509 devoratura
1187 3453 1287 3509 26
1342 3451 1535 3507 bellua
1588 3450 1966 3522 pervenisset,

320 3545 534 3600 statim
552 3544 797 3598 corruit:
822 3541 1307 3611 submissumque
1324 3544 1501 3611 caput
1524 3544 1689 3595 terra:
1712 3556 1971 3611 coaqua-

321 3634 443 3702 vit,
468 3631 813 3687 mirantibus
840 3630 1073 3686 cunctis
1112 3631 1211 3701 qui
1241 3630 1505 3697 aderant,
1565 3632 1696 3700 post
1746 3633 1969 3683 tantam

324 3721 625 3785 ferociam,
657 3724 877 3775 tantam
911 3718 1107 3775 subito
1149 3717 1684 3773 mansuetudinem.
1720 3717 1973 3773 Docebat

322 3814 526 3866 autem
555 3826 752 3876 senex,
788 3808 1095 3864 hominum
1129 3824 1307 3863 causa
1335 3805 1632 3861 diabolum
1664 3806 1839 3860 etiam
1876 3805 1971 3875 ju-

324 3903 526 3955 menta
551 3897 879 3969 corripere:
915 3902 973 3952 et
1001 3900 1160 3951 tanto
1208 3912 1408 3951 eorum
1456 3896 1658 3950 ardere
1697 3894 1851 3962 odio,
1911 3897 1974 3948 ut

326 4005 445 4043 non
476 3987 667 4043 solum
699 3986 878 4058 ipsos,
912 3986 1012 4041 sed
1062 3990 1118 4040 et
1140 4000 1207 4040 ea
1260 4001 1386 4055 quae
1444 3985 1704 4056 ipsorum
1754 3986 1970 4048 essent,

327 4082 565 4149 cuperet
586 4074 896 4131 interire.H
906 4092 935 4129 υ
935 4076 1154 4145 jusque
1169 4073 1249 4129 rei
1270 4074 1631 4145 proponebat
1642 4070 1972 4143 exemplum

330 4167 483 4236 quod
515 4170 831 4237 antequam
871 4165 1110 4220 beatum
1132 4163 1241 4218 Job
1272 4168 1495 4219 tentare
1517 4163 1973 4234 permitteretur,

333 4270 567 4309 omnem
598 4252 995 4309 substantiam
1023 4254 1150 4323 ejus
1182 4252 1552 4307 interfecerit.
1577 4251 1691 4306 Nec
1749 4266 1977 4306 movere

334 4342 665 4415 quempiam
700 4342 930 4410 debere,
959 4342 1113 4413 quod
1145 4340 1373 4396 Domini
1389 4340 1677 4410 jussione,
1703 4340 1817 4394 duo
1843 4338 1976 4393 mil-

2082 3194 2134 3245 te
2174 3190 2266 3246 27
2332 3189 2445 3253 die,
2508 3204 2623 3258 quo
2676 3186 3039 3241 universaria
3086 3185 3427 3241 solemnitas
3487 3201 3722 3241 omnem

2080 3278 2275 3350 oppidi
2309 3276 2590 3349 populum
2623 3276 2683 3331 in
2714 3275 3000 3347 templum
3042 3275 3282 3329 Veneris
3331 3290 3720 3347 congregave-

2080 3372 2188 3422 rat.
2222 3368 2433 3423 Colunt
2464 3372 2659 3421 autem
2696 3364 2853 3419 illam
2886 3366 2958 3419 ob
2981 3364 3330 3431 Luciferum,
3372 3365 3542 3435 cujus
3594 3363 3717 3419 cul-

2080 3456 2165 3511 tui
2198 3456 2618 3511 Saracenorum
2653 3454 2809 3508 natio
2841 3453 3034 3508 dedita
3065 3455 3210 3509 est‘.
3244 3453 3354 3508 Sed
3413 3458 3469 3507 et
3526 3453 3721 3525 ipsum

2081 3545 2361 3617 oppidum
2397 3560 2465 3598 ex
2496 3560 2710 3615 magna
2741 3546 2902 3613 parte
2933 3542 3400 3597 semibarbarum
3440 3546 3529 3596 est
3585 3558 3724 3613 pro-

2081 3639 2210 3705 pter
2240 3633 2346 3687 loci
2383 3632 2585 3687 situm.
2620 3633 2805 3704 Igitur
2834 3632 3030 3686 audito
3062 3632 3217 3702 quod
3263 3634 3503 3686 sanctus
3560 3630 3725 3685 Hila-

2081 3720 2209 3775 rion
2242 3719 2563 3791 prateriret
2597 3718 2837 3788 (multos
2883 3717 3036 3773 enim
3097 3718 3519 3773 Saracenorum
3569 3734 3724 3772 arre-

2084 3814 2280 3880 ptosa
2332 3809 2595 3863 dmmone
2653 3808 2983 3878 frequenter
3039 3808 3379 3877 curaverat),
3440 3807 3726 3879 gregatim

2082 3897 2133 3953 ei
2192 3913 2326 3952 cum
2389 3897 2668 3951 uxoribus
2732 3901 2788 3950 et
2825 3896 3028 3951 liberis
3086 3896 3312 3951 obviam
3372 3911 3727 3967 processere,

2084 3987 2497 4041 submittentes
2527 3984 2697 4053 colla,
2731 3989 2786 4039 et
2815 4001 2950 4039 voce
2999 3985 3141 4055 Syra
3199 3985 3444 4052 BARECH,
3504 3986 3561 4039 id
3620 3988 3727 4051 est,

2086 4074 2323 4141 benedic,
2358 4074 2763 4128 inclamantcs.
2798 4075 2951 4139 Quos
2993 4074 3088 4128 ille
3137 4074 3345 4129 blande
3404 4073 3731 4128 humiliter-

2088 4182 2199 4237 que
2233 4163 2583 4235 suscipiens,
2617 4163 2959 4217 obsecrabat
2992 4167 3054 4216 ut
3088 4167 3263 4216 Deum
3316 4162 3504 4233 magis
3553 4177 3733 4232 quam

2086 4254 2315 4325 lapides
2348 4251 2630 4307 colerent:
2669 4250 2963 4321 simulque
2994 4250 3244 4305 ubertim
3276 4250 3470 4317 ﬂebat,
3521 4248 3733 4303 oculum

2088 4348 2383 4414 spectans,
2417 4345 2471 4396 et
2502 4340 2806 4413 pollicens,
2832 4339 2881 4395 si
2910 4339 3139 4393 Christo
3165 4339 3485 4405 crederent,
3519 4338 3591 4393 ad
3638 4352 3737 4391 eos

332 4432 412 4488 lia
445 4436 818 4503 porcorum‘a
848 4430 1215 4487 daemonibus
1247 4430 1550 4484 interfecta
1580 4434 1720 4484 sunt
1751 4428 1974 4495 (Matth.
2013 4464 2060 4528 D
2094 4449 2156 4487 se
2188 4432 2389 4486 crebro
2421 4447 2549 4486 esse
2576 4434 2910 4485 venturum,
2945 4429 3091 4483 Mira
3116 4427 3345 4483 Domini
3379 4426 3583 4499 gratia,
3617 4441 3736 4480 non

332 4538 454 4585 vm,
487 4530 538 4575 et
562 4521 725 4575 Marc.
760 4522 814 4591 ν)
839 4537 853 4587 ;
882 4518 1176 4590 siquidem
1220 4534 1318 4573 eos
1376 4517 1475 4588 qui
1532 4517 1814 4581 viderant,
1864 4534 1979 4571 non

330 4609 595 4683 potuisse
626 4608 796 4663 aliter
824 4608 1059 4663 credere
1100 4606 1289 4663 exisse
1337 4607 1407 4661 de
1464 4606 1705 4661 homine
1759 4610 1981 4660 tantam

330 4701 666 4756 daemonum
700 4698 1162 4765 multitudinem,
1216 4697 1326 4752 nisi
1382 4696 1621 4768 grandis
1674 4711 1981 4767 porcorum

331 4803 644 4855 numerus,
677 4792 736 4843 et
764 4788 932 4859 quasi
968 4805 1002 4843 a
1026 4786 1229 4842 multis
1261 4791 1446 4853 actus,
1480 4784 1695 4858 pariter
1723 4785 1981 4840 corruis-

330 4879 444 4931 set.

413 5046 698 5102 ‘Addunt
749 5064 893 5103 mss.
959 5048 1151 5117 homo;
1211 5046 1427 5103 leviora
1505 5045 1773 5117 quaedam
1834 5045 1985 5100 infra

328 5119 745 5174 emendamus.

411 5190 518 5264 ’_In
552 5190 773 5262 aliquot
804 5190 1075 5264 vulgatis.
1110 5194 1172 5245 Et
1221 5206 1318 5262 pro
1372 5189 1572 5260 affectu
1629 5189 1811 5242 animi
1864 5190 1982 5243 sin-

329 5262 722 5388 guiog’ﬁgnn
752 5334 995 5389 Elusam.
1030 5333 1267 5388 Codices
1299 5348 1442 5386 mss.
1467 5330 1746 5385 Avenion.
1786 5334 1841 5385 et
1871 5331 1986 5386 To-

332 5405 498 5460 los...
530 5406 779 5460 retinent
807 5406 1053 5459 Elusiam
1075 5422 1092 5458 :
1126 5404 1224 5459 alii
1258 5404 1520 5458 Eolesam.
1558 5402 1842 5457 MARTIAN.

408 5479 431 5512 ⁸
462 5477 621 5532 Idem
648 5476 980 5533 Gordianus
1012 5474 1339 5531 monachus
1366 5475 1427 5529 in
1460 5474 1517 5529 S.
1570 5473 1786 5529 Placidi
1835 5474 1987 5529 Mar-

332 5546 485 5630 tyris
513 5547 647 5606 Vita
666 5552 935 5618 testatur,
970 5563 1134 5603 num.
1161 5547 1254 5615 61,
1286 5545 1387 5604 ubi
1416 5546 1488 5604 de
1533 5544 1761 5605 Abdala
1816 5545 1986 5604 Sara-

661 5678 930 5743 Parnon.
1012 5673 1231 5741 XXIII.

2094 4521 2258 4592 prius
2290 4520 2450 4575 abire
2485 4519 2640 4592 passi
2674 4525 2830 4586 sunt,
2868 4536 3045 4590 quam
3080 4520 3285 4573 futura:
3343 4516 3609 4571 Ecclesiae
3667 4514 3736 4568 li-

2094 4626 2263 4665 neam
2295 4610 2584 4677 mitteret;
2620 4612 2677 4664 et
2706 4610 2976 4663 sacerdos
3015 4624 3237 4675 eorum,
3273 4612 3338 4661 ut
3392 4609 3515 4661 erat
3566 4605 3737 4660 Coro-

2094 4703 2268 4753 natus
2294 4699 2335 4764 5,
2366 4698 2578 4753 Christi
2613 4698 2780 4770 signo
2812 4698 3203 4753 denotaretur.

2164 4788 2252 4842 26.
2312 4788 2603 4842 Monachus
2661 4803 2878 4842 avarus.
2939 4818 3006 4826 —
3064 4786 3188 4841 Alio
3259 4799 3492 4855 quoque
3562 4796 3736 4847 anno,

2094 4893 2228 4932 cum
2262 4875 2524 4931 exiturus
2556 4880 2711 4931 esset
2740 4876 2812 4930 ad
2843 4876 3083 4935 visenda
3129 4870 3483 4930 monasteria
3537 4873 3594 4925 et
3650 4868 3738 4923 di-

2096 5062 2371 5101 cenorum
2430 5046 2778 5115 imperatore
2836 5043 3031 5115 tradit,
3074 5057 3222 5115 eum
3292 5048 3353 5095 ut
3409 5039 3741 5115 Christiani?

2097 5118 2389 5188 religionis
2422 5111 2717 5188 culturam,
2750 5114 3003 5184 funditus
3052 5113 3118 5188 (te
3171 5116 3317 5167 terra
3374 5111 3637 5175 eraderet,
3688 5117 3738 5167 et

2095 5186 2331 5246 Molochi
2363 5188 2580 5259 templa,
2613 5192 2665 5240 et
2699 5186 2968 5239 Lucu-‘nm
3002 5186 3272 5239 culturam
3312 5190 3555 5259 augeret,
3613 5198 3736 5236 ceu-

2098 5271 2214 5316 tum
2243 5256 2476 5315 nuvz'um'
2496 5258 2895 5328 expeditionem
2932 5273 3296 5326 congregasse.
3354 5256 3463 5310 Sed
3504 5260 3559 5308 ct
3589 5270 3734 5328 nos-

2100 5339 2186 5387 ter
2220 5332 2369 5387 Hier.
2428 5331 2485 5384 in
2535 5325 2817 5383 Amosv:
2880 5325 3189 5399 Luciferum
3246 5329 3517 5397 hucusque
3574 5325 3738 5386 Sara-

2096 5405 2218 5459 cenz'
2248 5410 2601 5457 venerantur.

2171 5475 2191 5508 ⁸
2232 5472 2458 5528 Ethnici
2492 5472 2799 5528 sacerdotii
2832 5474 2971 5527 ordo
3002 5476 3125 5527 erat
3156 5471 3567 5539 Coronatorum,
3600 5485 3743 5538 quo-

2102 5561 2234 5604 rum
2266 5545 2485 5604 mentio
2516 5545 2766 5606 occurrit
2797 5543 2857 5602 in
2889 5542 3131 5623 epistola
3156 5541 3480 5602 Innocentii
3510 5541 3581 5599 ad
3599 5544 3748 5627 episg

3393 5668 3428 5731 2
