4106 6164
333 186 413 254 43
1584 197 1650 259 S.
1693 192 2022 273 EUSEBII.
2049 195 2492 261 HIERONYMI
3663 196 3744 258 44

330 328 556 399 gereret
585 325 644 380 in
674 324 974 395 schedula,
1008 326 1164 400 apud
1196 344 1343 400 quos
1400 343 1656 398 manere,
1707 347 1857 402 quos
1914 330 1973 386 in
2007 332 2062 399 Α
2093 346 2288 398 senex,
2323 347 2385 386 se
2416 333 2687 403 putorem
2719 330 2848 402 ejus
2879 329 3027 387 ferre
3059 342 3175 385 non
3207 342 3399 401 posse,
3442 325 3744 399 simulque

328 413 582 470 transitu
614 413 848 471 visitare
879 416 1133 484 deberet,
1168 417 1416 473 scientes
1448 419 1717 474 monachi
1770 436 1975 492 quem-

331 503 466 559 dam
496 502 567 559 de
596 503 876 561 fratribus
920 505 1264 577 parciorem,
1320 506 1614 579 simulque
1673 509 1979 580 cupientes

330 591 471 648 vitio
502 592 630 664 ejus
660 593 900 664 mederi,
933 594 1215 669 rogabant
1251 600 1315 650 ut
1364 597 1519 668 apud
1581 614 1717 653 eum
1777 614 1976 653 mane-

332 684 439 737 ret.
465 681 535 735 Et
563 680 661 737 ille
701 682 914 750 :Quid,
973 682 1189 756 inquit,
1250 683 1429 740 vultis
1485 690 1542 740 et
1597 685 1761 742 vobis
1821 685 1980 759 inju-

332 770 502 838 riam,
532 773 589 826 et
619 770 784 827 fratri
811 771 1173 828 vexationem
1206 773 1434 830 facere?
1468 774 1631 838 Quod
1662 779 1979 847 postquam

332 858 510 915 frater
548 857 647 915 ille
703 876 914 932 parcus
973 861 1216 930 audivit,
1265 861 1538 931 erubuit;
1600 865 1657 920 et
1709 864 1978 921 anniten-

331 947 494 1004 tibus
515 949 761 1017 cunctis,
795 949 889 1005 vix
920 951 991 1005 ab
1031 950 1213 1006 invito
1275 951 1624 1023 impetravit,
1685 956 1750 1007 ut
1806 969 1982 1009 suum

338 1053 571 1110 quoque
586 1039 1009 1095 monasterium
1044 1039 1103 1095 in
1128 1039 1505 1096 mansionum
1532 1041 1794 1097 ordinem
1816 1058 1991 1114 pone-

335 1129 444 1182 ret.
478 1126 613 1182 Post
637 1126 792 1182 diem
825 1141 961 1199 ergo
1010 1127 1305 1183 decimum
1354 1132 1639 1185 venerunt
1695 1131 1766 1186 ad
1826 1146 1988 1198 eum,

335 1215 884 1286 custodibusjamin
906 1216 1097 1285 vinea,
1114 1219 1155 1284 ⁸,
1188 1233 1306 1288 qua
1318 1218 1585 1274 venirent
1604 1218 1710 1285 illi,
1731 1219 1986 1291 disposi-

338 1302 545 1374 tis,qui
576 1319 712 1359 cum
751 1302 1045 1377 lapidibus
1075 1310 1133 1361 et
1160 1305 1463 1379 glebarum
1495 1308 1991 1381 jactu,funda3que

336 1391 623 1464 vertigine
698 1393 1040 1449 accedentes
1088 1395 1470 1462 deterrerent,
1530 1396 1656 1452 sine
1713 1414 1817 1453 esu
1868 1414 1990 1453 uva

338 1496 510 1536 mane
530 1496 734 1537 omnes
765 1481 1003 1554 profecti
1034 1487 1191 1551 sunt,
1227 1483 1454 1541 ridente
1490 1501 1651 1553 sene,
1707 1491 1763 1541 et
1822 1485 1991 1541 dissi-

339 1568 601 1626 mulante
632 1570 779 1626 scire
801 1571 957 1642 quod
988 1576 1277 1628 evenerat.
1351 1589 1354 1593 ‘

404 1657 825 1763 27‘1Monaehus
864 1660 1052 1760 largas
1109 1660 1301 1716 Sabas.
1369 1694 1435 1703 —
1483 1667 1669 1763 ‘Porro
1729 1663 1989 1736 suscepti
2025 1698 2071 1763 Β

340 1745 412 1802 ab
434 1745 547 1802 alio
578 1748 886 1815 monacho,
921 1747 1015 1803 cui
1045 1749 1228 1805 Sabas
1257 1749 1607 1806 vocabulum
1664 1755 1755 1807 est
1793 1751 1991 1821 (debe-

340 1851 474 1891 mus
506 1835 721 1909 quippe
749 1837 907 1910 parci
932 1841 1121 1894 tacere
1142 1838 1509 1907 vocabulum,
1558 1839 1705 1913 largi
1738 1841 1988 1909 dicere);

341 1924 479 1996 quia
508 1924 848 1981 Dominicus
861 1930 983 1981 erat
997 1926 1140 1995 dies,
1154 1926 1172 1981 i
1186 1927 1559 1984 nvitabantur
1580 1929 1652 1984 ab
1670 1945 1736 1984 eo
1759 1929 1990 1985 univer-

344 2014 394 2070 si
416 2013 742 2089 invineam,
762 2019 827 2070 ut
845 2019 979 2071 ante
1000 2014 1206 2072 horam
1229 2016 1343 2072 cibi
1366 2034 1611 2073 uvarum
1638 2022 1809 2090 pastu
1835 2018 1993 2075 labo—

343 2117 468 2159 rem
498 2102 599 2158 vim
622 2102 1093 2161 sublevarent.Et
1114 2109 1381 2162 sanctus:
1408 2106 1991 2180 Maledictus,ait,qui

342 2192 507 2265 prius
537 2192 908 2249 refectionem
941 2194 1198 2264 corporis
1230 2212 1409 2267 quam
1436 2195 1641 2251 animae
1675 2196 1989 2269 quaesierit.

344 2280 611 2349 Oremus,
644 2281 988 2354 psallamus,
1018 2283 1334 2339 reddamus
1361 2283 1604 2339 Domino
1636 2285 1993 2353 ofﬁcium,et

343 2368 430 2426 sic
459 2370 531 2425 ad
563 2370 662 2426 28
693 2370 921 2426 vineam
952 2371 1397 2443 properabimus
1436 2373 1545 2443 [Αἱ.
1580 2373 1991 2446 properabitis]

345 2457 642 2532 Completo
662 2457 860 2531 itaque
889 2459 1235 2528 ministerio,
1271 2460 1330 2515 in
1362 2460 1601 2517 sublimi
1632 2467 1794 2518 stans
1815 2463 1993 2519 bene-

345 2547 491 2603 dixit
520 2549 718 2617 vineaa,
751 2552 808 2603 et
837 2566 975 2604 suas
1010 2550 1082 2604 ad
1135 2551 1494 2622 pascendum
1551 2550 1778 2607 dimisit
1831 2568 1989 2608 oves.

348 2636 526 2691 Erant
553 2641 751 2692 autem
781 2636 880 2708 qui
913 2638 1319 2707 vescebantur,
1373 2656 1488 2695 non
1547 2640 1745 2695 minus
1800 2641 1993 2697 tribus

348 2721 631 2779 millibus.
666 2723 929 2796 Cumque
958 2729 1190 2780 centum
1219 2725 1443 2798 lagenis
1474 2727 1764 2783 aestimata
1785 2727 1996 2785 fuisset

346 2811 575 2884 integra
604 2810 795 2867 adhuc
853 2811 1038 2882 vinea,
1092 2818 1223 2886 post
1276 2814 1401 2870 dies
1446 2815 1650 2888 viginti
1698 2820 1993 2874 trecentas

346 2900 504 2958 fecit.
536 2900 712 2956 Porro
741 2899 839 2956 ille
869 2918 1081 2973 parcus
1114 2904 1290 2958 frater
1328 2902 1512 2959 multo
1566 2904 1765 2961 minus
1821 2905 1995 2962 solito

347 2988 649 3063 colligens,
683 2990 860 3046 etiam
888 2990 946 3046 id
978 2992 1132 3063 quod
1165 2992 1454 3048 habuerat
1481 3004 1714 3049 Versum
1746 2994 1806 3049 in
1863 3011 1997 3051 ace-

349 3082 477 3134 tum
499 3095 627 3135 sero
657 3079 862 3134 doluit.
902 3080 1014 3136 Hoc
1045 3080 1247 3136 multis
1295 3081 1571 3138 fratribus
1631 3098 1807 3139 senex
1865 3087 1998 3139 ante
2028 3063 2071 3129 C

352 3167 617 3223 futurum
647 3167 1008 3239 praedixerat.
1042 3170 1448 3227 Delestabatur
1485 3176 1683 3228 autem
1715 3172 2002 3245 praecipue

351 3255 693 3325 monachos,
723 3256 824 3329 qui
853 3256 1197 3314 infidelitate
1227 3260 1482 3330 quadam
1513 3259 1572 3314 in
1606 3261 1871 3317 futurum
1908 3278 1996 3317 re-

354 3350 655 3402 servarent
686 3363 812 3411 sua,
847 3350 903 3401 et
933 3346 1296 3420 diligentiam
1338 3348 1639 3416 haberent,
1696 3349 1783 3405 vel
1843 3366 2001 3406 sum-

354 3439 588 3508 ptuum,
621 3434 709 3492 vel
747 3435 1018 3502 vestitus,
1079 3441 1181 3491 aut
1235 3437 1484 3510 alicujus
1542 3456 1743 3495 earum
1803 3456 1999 3496 rerum

356 3541 486 3597 quae
511 3540 645 3581 cum
676 3524 884 3582 saeculo
914 3528 1242 3582 transeunt.

424 3615 515 3670 28.
557 3615 749 3670 Frater
776 3615 946 3670 nimis
974 3619 1187 3671 cautus.
1248 3648 1313 3657 —
1369 3617 1630 3690 Denique
1688 3635 1872 3675 unum
1930 3620 2001 3676 de

354 3702 633 3759 fratribus
663 3703 723 3759 in
756 3703 963 3776 quinto
998 3704 1115 3760 fere
1145 3722 1180 3760 a
1226 3722 1289 3761 se
1338 3705 1612 3763 milliario
1641 3711 1998 3778 manentem,

356 3790 498 3863 quia
523 3792 916 3864 eomperiebat
944 3792 1162 3849 hortuli
1194 3794 1285 3850 sui
1322 3795 1501 3851 nimis
1554 3802 1793 3853 cautum
1849 3798 2003 3853 timi-

357 3880 618 3953 dumque
649 3881 975 3950 custodem,
1000 3885 1057 3937 et
1081 3882 1406 3954 pauxillum
1459 3884 1671 3942 habere
1731 3904 2000 3944 nummo-

357 3985 512 4038 rum,
552 3970 625 4025 ab
656 3969 842 4026 oculis
873 3971 1162 4044 abegerat.
1197 3972 1305 4037 Qui
1334 3973 1533 4030 volens
1580 3974 1691 4031 sibi
1746 3978 2001 4033 reconci-

357 4056 486 4113 liari
546 4075 765 4124 senem,
820 4059 1154 4133 frequenter
1219 4062 1486 4119 veniebat
1529 4064 1599 4120 ad
1658 4064 1887 4132 fratres,
1947 4070 2005 4122 et

354 4147 608 4205 maxime
638 4150 710 4205 ad
744 4149 1095 4223 Hesychium
1125 4154 1168 4221 ²,
1201 4170 1315 4226 quo
1346 4153 1444 4210 ille
1491 4154 2003 4212 vehementissime

355 4236 772 4295 delectabatur.
790 4239 1049 4303 Quadam
1066 4240 1244 4313 igitur
1256 4241 1348 4298 die
1368 4243 1573 4299 ciceris
1590 4243 1804 4299 fascem
1819 4244 2003 4299 viren-

356 4326 453 4397 tis,
485 4326 640 4382 sicut
668 4327 727 4381 in
760 4327 958 4384 herbis
988 4333 1110 4384 erat
1139 4329 1367 4385 detulit.
1398 4332 1579 4395 Quem
1629 4348 1765 4387 cum
1823 4333 2003 4406 Hesy-

2093 420 2249 475 unde
2278 424 2434 476 esset
2463 421 2705 494 rogavit.
2740 419 3150 492 Respondente
3180 420 3376 473 autem
3426 414 3765 488 Hesychio,~

2093 509 2247 580 quod
2278 508 2457 564 frater
2486 509 2726 581 quidam
2756 507 3050 580 primitias
3091 504 3261 580 agelli
3311 504 3404 561 sui
3462 504 3744 560 fratribus

2093 596 2417 653 detulisset.
2451 598 2575 653 Non
2607 597 2811 664 sentis,
2844 595 3331 668 inquit,putorem
3353 592 3742 660 teterrimum,

2094 690 2151 741 et
2180 686 2241 740 in
2271 686 2456 743 eicere
2479 685 2675 742 foetere
2705 685 3009 741 avaritiam
3030 684 3058 738 ?
3113 683 3276 739 Mitte
3332 682 3548 749 bubus,
3608 680 3743 737 mit-

2093 780 2149 831 te
2179 775 2370 831 brutis
2401 774 2776 842 animalibus,
2808 778 2865 830 et
2892 774 3025 830 vide
3065 790 3138 829 an
3189 771 3518 828 comedant.
3580 769 3744 834 Quod

2094 880 2229 920 cum
2260 863 2359 921 ille
2379 865 2549 935 juxta
2579 868 2931 936 praeceptum
2956 862 3015 918 in
3038 876 3295 934 praesepe
3325 860 3642 933 posuisset,
3655 874 3749 914 ex-

2097 953 2283 1009 territi
2315 954 2489 1010 boves
2518 956 2576 1009 et
2603 952 2737 1025 plus
2767 951 2938 1009 solito
2970 950 3322 1024 mugientes,
3382 949 3570 1022 ruptis
3617 947 3743 1003 vin-

2096 1041 2246 1098 culis
2271 1042 2330 1098 in
2361 1042 2590 1098 diversa
2618 1041 2911 1114 fugerunt.
2936 1040 3197 1097 Habebat
3211 1038 3368 1095 enim
3397 1053 3574 1094 senex
3592 1036 3744 1092 hanc

2098 1131 2369 1204 gratiam,
2401 1134 2467 1186 ut
2495 1147 2564 1186 ex
2595 1130 2770 1186 odore
2798 1145 3110 1203 corporum
3141 1127 3532 1199 vestiumque,
3563 1129 3621 1181 et
3648 1141 3741 1182 ea-

2099 1237 2231 1275 rum
2258 1236 2451 1275 rerum
2483 1235 2631 1291 quas
2662 1219 2796 1291 quis
2824 1218 3114 1290 tetigerat,
3138 1216 3315 1274 sciret
3344 1215 3437 1271 cui
3469 1212 3744 1284 damoni,

2100 1307 2190 1363 vel
2213 1308 2304 1363 cui
2334 1308 2472 1364 vitio
2494 1308 2841 1379 subjaceret.

2168 1398 2258 1451 29.
2294 1397 2596 1451 Turbarum
2624 1396 2884 1450 inimicus
2912 1401 3031 1450 erat
3058 1394 3168 1449 Hii.
3213 1423 3281 1433 —
3338 1392 3521 1464 Igitur
3577 1407 3742 1446 sexa-

2100 1484 2322 1559 gesimo
2346 1485 2517 1540 tertio
2542 1484 2674 1540 vitae
2703 1500 2857 1539 anno
2888 1499 3133 1539 cernens
3172 1480 3393 1554 grande
3449 1484 3746 1536 monaste-

2100 1575 2277 1643 rium,
2301 1577 2358 1630 et
2372 1571 2807 1629 multitudinem
2831 1573 3078 1629 fratrum
3101 1586 3300 1628 secum
3317 1569 3710 1625 habitantium
3731 1586 3745 1636 ;

2100 1664 2422 1734 turbasque
2452 1661 2676 1718 eorumi
2708 1661 2809 1734 qui
2838 1660 3082 1717 diversis
3114 1657 3517 1731 languoribus,
3549 1661 3608 1712 et
3635 1655 3738 1712 im-

2100 1752 2337 1808 mundis
2361 1750 2663 1823 spiritibus
2685 1754 2997 1822 occupatos
3029 1749 3100 1806 ad
3135 1764 3198 1804 se
3228 1746 3616 1814 deducebant,
3664 1744 3747 1801 ita

2100 1845 2166 1898 ut
2196 1840 2355 1897 omni
2376 1855 2586 1913 genere
2615 1830 2923 1896 hominum
2954 1838 3210 1895 solitudo
3242 1853 3344 1909 per
3373 1835 3747 1890 circumitum

2102 1930 2442 2002 repleretur,
2476 1929 2651 1985 ﬂebat
2683 1927 2965 2002 quotidie,
2997 1931 3055 1984 et
3082 1924 3411 1982 incredibili
3444 1926 3545 1982 29
3594 1924 3746 1980 desi-

2101 2020 2260 2075 derio
2291 2017 2746 2074 conversationis
2777 2016 3029 2088 antiquae
3074 2014 3513 2072 recordabatur.
3566 2013 3747 2069 Inter-

2099 2112 2339 2181 rogatus
2369 2106 2705 2163 afratribus
2737 2105 2876 2178 quid
2923 2105 3183 2169 haberet,
3234 2120 3341 2159 cur
3396 2117 3459 2158 se
3507 2102 3749 2158 conﬁce-

2101 2201 2188 2253 ret
2244 2196 2356 2253 ait:
2418 2197 2673 2252 Rursum
2732 2195 2803 2251 ad
2873 2193 3152 2250 saeculum
3213 2192 3381 2257 redii,
3439 2195 3498 2247 et
3554 2191 3742 2263 recepi

2102 2286 2427 2342 mercedem
2459 2300 2649 2340 meam
2680 2282 2741 2338 in
2771 2283 2889 2338 vita
2908 2298 3057 2338 mea.
3098 2281 3184 2336 En
3241 2279 3512 2337 homines
3567 2279 3750 2335 Pale-

2102 2376 2256 2445 tinae,
2289 2379 2347 2430 et
2367 2374 2566 2429 vicinze
2596 2371 2905 2445 provinciae
2953 2370 3292 2426 existimant
3348 2385 3441 2425 me
3498 2369 3750 2440 alicujus

2102 2480 2230 2521 esse
2253 2462 2573 2531 momenti;
2608 2465 2666 2517 et
2696 2477 2800 2533 ego
2832 2460 2942 2517 sub
2973 2462 3255 2531 praetextu
3286 2457 3625 2514 monasterii
3677 2458 3749 2514 ad

2102 2552 2598 2625 dispensationem
2626 2551 2894 2613 fratrum,
2926 2548 3100 2605 vilem
3143 2550 3319 2616 [Fort.
3376 2545 3601 2618 utilem]
3649 2564 3748 2604 su-

2103 2640 2450 2715 pellectilem
2481 2639 2687 2695 habeo.
2720 2639 3073 2694 Servabatur
3110 2643 3307 2693 autem
3369 2653 3403 2691 a
3448 2636 3747 2701 fratribus,

2106 2730 2357 2786 maxime
2390 2729 2460 2785 ab
2494 2727 2777 2801 Hesychio
2808 2726 2907 2799 qui
2942 2726 3091 2782 miro
3140 2741 3338 2782 amore
3393 2724 3749 2781 venerationi

2105 2819 2264 2875 senis
2294 2817 2526 2874 deditus
2556 2821 2701 2873 erat.
2734 2816 2996 2887 Cumque
3025 2815 3108 2870 ita
3135 2813 3373 2870 vixisset
3399 2814 3501 2880 [AL
3548 2812 3749 2869 duxis—

2107 2909 2214 2979 set]
2242 2907 2449 2979 lngens
2482 2905 2808 2971 biennium,
2836 2904 3178 2961 Aristaenete
3217 2903 3372 2973 illa3,
3427 2904 3597 2975 cujus
3656 2919 3753 2959 su-

2110 3014 2215 3069 pra
2241 2996 2486 3051 fecimus
2517 2993 2894 3059 mentionem,
2946 2992 3198 3065 prasfecti
3238 2996 3377 3047 tunc
3425 3008 3589 3060 uxor,
3649 2992 3752 3048 sed

2111 3084 2256 3140 nihil
2288 3085 2359 3140 de
2390 3083 2639 3156 praafecti
2681 3082 2905 3138 ambitu
2959 3081 3205 3150 habens,
3253 3081 3413 3136 venit
3468 3080 3540 3136 ad
3592 3096 3752 3147 eum,

2110 3173 2310 3229 volens
2339 3172 2513 3229 etiam
2546 3172 2619 3227 ad
2650 3170 2974 3227 Antonium
3005 3185 3262 3243 pergere.
3294 3168 3397 3225 Cui
3421 3167 3519 3225 ille
3572 3168 3752 3225 flens:

2110 3261 2348 3330 Vellem,
2382 3261 2480 3324 ait,
2515 3261 2641 3333 ipse
2671 3275 2904 3332 quoque
2934 3258 3040 3326 ire,
3070 3257 3120 3314 si
3147 3274 3262 3314 non
3306 3274 3535 3314 carcere
3575 3257 3757 3329 hujus

2113 3342 2450 3407 mona‘éterii
2480 3349 2716 3405 clausus
2736 3353 2984 3415 tenerer,
3010 3351 3066 3404 et
3079 3347 3129 3402 si
3147 3348 3325 3403 eundi
3343 3348 3565 3403 fructus
3578 3350 3753 3403 esset.

2111 3439 2395 3495 Biduum‘
2419 3438 2576 3494 enim
2606 3437 2778 3493 hodie
2803 3441 2912 3504 est,
2945 3436 3103 3510 quod
3139 3441 3298 3493 totus
3347 3436 3605 3492 mundus
3649 3435 3755 3492 tali

2109 3531 2349 3602 parente
2379 3528 2619 3583 orbatus
2650 3530 2760 3584 est.
2791 3526 3046 3583 Credidit
3071 3524 3173 3582 illa
3229 3529 3287 3582 et
3335 3524 3623 3584 substitit.
3689 3524 3756 3579 Et

2110 3622 2243 3691 post
2273 3633 2492 3690 paucos
2523 3616 2648 3673 dies
2678 3616 2944 3673 veniente
2972 3614 3201 3684 nuntio,
3254 3613 3488 3670 Antonii
3545 3613 3757 3671 dormi-

2110 3707 2326 3764 tionem
2360 3706 2599 3762 audivit.

2181 3798 2268 3852 30.
2329 3784 2671 3868 Contemptus
2724 3795 2920 3867 gloriae
2972 3794 3269 3849 mirabilis.
3328 3793 3652 3849 Dracontius
3705 3800 3759 3849 et

2114 3885 2273 3942 Philo
2304 3886 2544 3957 episcopi
2572 3884 2807 3941 exsules.
2836 3914 2904 3924 —
2946 3882 3232 3937 Mirentur
3285 3880 3385 3937 alii
3440 3880 3610 3954 signa
3633 3897 3759 3954 quae

2112 3975 2287 4032 fecit3
2313 3992 2325 4030 :
2361 3974 2650 4030 mirentur
2679 3970 3081 4029 incredibilem
3103 3970 3544 4035 abstinentiam,
3577 3970 3763 4026 scien-

2110 4064 2275 4132 tiam,
2310 4062 2727 4119 humilitatem.
2760 4062 2879 4136 Ego
2901 4059 3048 4116 nihil
3079 4060 3163 4116 ita
3192 4064 3421 4132 stupeo,
3444 4074 3621 4131 quam
3644 4056 3767 4131 glo-

2112 4153 2260 4209 riam
2282 4152 2449 4209 illum
2485 4156 2542 4208 et
2574 4152 2857 4208 honorem
2886 4149 3112 4207 calcare
3159 4148 3436 4221 potuisse.
3498 4147 3757 4203 Concur-

2112 4243 2317 4299 rebant
2341 4242 2617 4315 episcopi,
2651 4239 2995 4314 presbyteri,
3054 4238 3401 4295 clericorum
3450 4240 3510 4293 et
3564 4252 3764 4292 mona-

2113 4331 2356 4387 chorum
2386 4347 2614 4405 greges,
2647 4333 3049 4386 matrouarum
3070 4327 3111 4393 ³,
3146 4343 3380 4401 quoque
3407 4325 3763 4383 Christiana-

358 4413 525 4471 chius
554 4414 849 4487 posuisset
878 4416 936 4471 in
965 4433 1169 4474 mensa
1189 4419 1259 4473 ad
1292 4434 1622 4492 vesperum,
1664 4420 2005 4479 exclamavit
2033 4438 2080 4503 D
2111 4437 2243 4477 rum
2274 4421 2536 4494 (grandis
2565 4419 2833 4490 tentatio)
2879 4423 2938 4475 et
2992 4417 3130 4474 hinc
3162 4417 3297 4472 inde
3326 4432 3392 4471 ex
3423 4413 3672 4470 urbibus
3703 4416 3762 4470 et

356 4598 533 4667 eqpos
561 4583 621 4667 in
652 4586 1198 4667 synodo'Toletana
1253 4588 1621 4667 constitutos,
1672 4592 1773 4648 ubi
1829 4599 2005 4667 negat

357 4654 1213 4737 ad'ecclesiasticumordinem
1262 4660 1466 4737 venire
1524 4654 1695 4737 posse
1750 4681 1849 4737 eos
1905 4654 2005 4737 qui

350 4728 835 4800 postibaptismum
866 4731 945 4784 vel
973 4735 1215 4787 coronati
1243 4734 1475 4797 fuerint,
1504 4728 1589 4789 v'el
1642 4728 2003 4792 sacerdotiam

356 4799 496 4871 quod
526 4801 730 4878 dicitur
768 4803 1152 4878 sustinuerint.
1204 4802 1272 4857 Et
1323 4803 1538 4859 clarius
1595 4808 1748 4878 apud
1802 4808 2005 4863 Firmi-

357 4886 491 4944 cum
523 4871 663 4944 Mat.
718 4889 732 4927 :
769 4895 797 4923 «
830 4873 1014 4929 Erunt
1043 4878 1260 4941 autem,
1295 4879 1397 4929 aut
1427 4871 1706 4944 corona-ti,
1750 4883 1851 4933 aut
1897 4880 2000 4935 Sa-

358 4942 691 5019 cerdotibus
722 4945 1015 5017 praepositi
1071 4952 1173 5001 aut
1219 4963 1521 5002 sacrorum
1576 4942 1755 5019 bajuli
1816 4949 2000 5006 simu-

353 5009 667 5068 lacrorum.
703 5009 731 5064 ›;

428 5084 444 5117 ¹
480 5082 609 5161 Dun
640 5085 822 5161 Vatic.
856 5089 1103 5161 codices,
1138 5091 1197 5145 in
1226 5092 1404 5159 vinea,
1438 5092 1595 5161 quasi
1649 5092 1785 5147 villa
1840 5096 1997 5161 esset,

356 5154 514 5234 a_b__eo
541 5155 840 5234 dispositis,
871 5159 1018 5214 alter
1055 5154 1354 5227 vestutior,
1392 5154 1530 5229 7am
1584 5164 1782 5234 vineae,
1841 5154 2003 5234 quasi

355 5227 515 5303 villa
550 5235 686 5303 esset
737 5228 808 5303 a_b_
863 5245 945 5295 eo,
1003 5241 1102 5286 etc.
1153 5227 1420 5303 gravius
1459 5234 1515 5287 in
1576 5233 1707 5289 aliis
1770 5227 2003 5291 invenit

353 5300 913 5375 quasivineautiena
940 5311 1092 5366 esset,
1127 5300 1183 5357 et
1211 5306 1379 5375 quasi
1402 5305 1557 5361 tilla:
1613 5317 1786 5362 custos
1841 5311 1995 5363 esset.

427 5370 449 5403 ²
485 5372 646 5437 Mss,
705 5370 1370 5450 Is_icium_con§tantem,
1430 5376 1787 5450 Sozomenus
1835 5380 1999 5450 Hesy-

353 5441 534 5517 cham,
570 5447 777 5517 vocat,
812 5442 967 5517 quod
998 5460 1066 5499 ex
1086 5444 1362 5517 Syrorum
1397 5448 1869 5517 pronuntiatione
1920 5441 2000 5507 fa-

355 5512 453 5586 cit,
481 5512 583 5591 qui
616 5513 675 5579 in
707 5530 800 5578 am
820 5512 1016 5573 erea
1046 5512 1286 5581 nomine
1306 5512 1748 5592 det'orquebant.

2182 4592 2205 4626 ³
2234 4590 2385 4646 Editi
2417 4592 2742 4659 Aristeneta,
2769 4590 2924 4663 quod
2953 4606 3135 4663 supra
3164 4590 3432 4643 notatum
3463 4587 3572 4641 est.
3626 4582 3761 4640 Mox

2112 4664 2404 4737 d'uo__mss.
2431 4662 2623 4737 habitu
2654 4679 2757 4737 pro
2785 4662 3045 4737 ambitu.’
3236 4730 3245 4737 _
3289 4728 3300 4737 .
3662 4724 3676 4737 .
3708 4724 3720 4737 .

2182 4736 2203 4767 ‘
2230 4734 2390 4815 iianc
2421 4734 2492 4788 de
2519 4724 2709 4815 Magni
2729 4735 2964 4815 Antonii
2984 4737 3167 4787 morte
3197 4728 3480 4815 visionem
3506 4742 3640 4815 cum
3662 4724 3758 4815 his

2112 4805 2328 4882 confer,
2353 4822 2481 4877 quae
2502 4799 2991 4882 subinsequentis
3013 4802 3241 4882 numeri
3266 4801 3441 4882 finem
3464 4799 3755 4882 edisserit.

2181 4878 2201 4911 δ
2232 4870 2613 4933 Mss-omnes
2645 4870 2889 4939 addunt,
2921 4884 2970 4931 et
2997 4876 3244 4947 portenta
3263 4887 3284 4933 ,'
3308 4870 3547 4947 _deinde
3604 4884 3760 4947 unus

2111 4950 2526 5013 humanitatem,
2560 4965 2663 5018 pro
2695 4940 3085 5011 humilitatem,
3108 4950 3165 5000 et
3189 4941 3364 5017 paulo
3396 4945 3528 5015 post
3579 4940 3761 4995 celare

2109 5020 2286 5075 habet
2314 5036 2418 5092 pro
2448 5020 2678 5092 calcare.

2179 5088 2421 5147 6Nostri
2466 5091 2634 5147 codd.
2695 5106 2825 5146 curr
2881 5088 3160 5157 Victorio,
3219 5091 3493 5145 Matronae
3548 5097 3761 5156 quoque

2112 5163 2574 5226 Christianorum,
2606 5166 2716 5217 etc.
2930 5232 2960 5238 Α
3021 5232 3057 5238 __

2180 5267 2248 5275 —
2303 5225 2697 5298 Matronarum,
2754 5239 2862 5287 etc.
2923 5232 3160 5287 Codices
3209 5225 3477 5285 nonnulli
3533 5225 3758 5298 legunt,

2109 5305 2482 5381 dfatroizarum
2523 5320 2739 5381 quoque
2786 5312 2837 5381 et
2897 5303 3357 5381 Christiogiorym,
3389 5302 3524 5381 ‘etc.
3581 5299 3760 5352 Gran-

2110 5378 2201 5432 dis
2220 5377 2399 5450 igitur
2418 5381 2507 5432 est
2531 5372 2779 5453 tentatio
2810 5375 2870 5453 in
2896 5375 3181 5453 matronis
3210 5372 3581 5453 Christianis,
3606 5383 3757 5453 quas

2108 5439 2413 5522 propterea
2435 5463 2634 5522 cavere
2667 5447 2881 5503 debent
2908 5444 3180 5503 monachi
3205 5447 3382 5517 atque
3426 5439 3643 5508 clerici,
3704 5439 3758 5497 si

2107 5518 2235 5581 sibi
2250 5519 2507 5597 sapiunt.
2539 5518 2828 5579 MABTIAN.
3400 5550 3413 5559 ε
