4118 6158
351 226 421 288 45
627 281 632 284 .
1428 225 1611 289 VITA
1645 225 1721 289 'S.
1771 218 2224 288 HILARIONIS
2271 214 2666 287 EREMI'I‘AE.

3649 226 3730 287 46

353 358 484 432 agris
509 355 726 428 vulgus
757 355 1014 428 ignobile
1046 373 1060 412 :
1095 357 1198 414 sed
1229 362 1286 413 et
1333 361 1597 429 potentes
1625 357 1754 427 viri,
1788 362 1846 414 et
1874 359 1972 428 ju-
2000 358 2056 424 Α
2087 373 2224 412 sane
2258 357 2378 428 (qui
2411 355 2615 412 locatis
2647 354 3027 410 dromadibus
3075 355 3334 421 camelis,
3367 357 3439 412 ob
3471 373 3634 428 aquae
3667 360 3727 415 in

351 449 500 512 dices,
551 449 616 500 ut
666 444 1037 500 benedictum
1088 445 1164 501 ab
1211 462 1277 502 eo
1322 447 1590 518 panem‘,
1635 445 1722 502 vel
1781 447 1972 502 oleum

349 536 666 607 acciperent.
701 535 773 588 At
803 533 901 588 ille
933 534 1085 590 nihil
1107 535 1265 590 aliud
1298 535 1410 590 nisi
1443 534 1818 591 solitudinem
1847 552 1973 590 me-

348 624 636 688 ditabatur,
670 622 988 689 intantum,
1020 627 1087 678 ut
1118 623 1370 694 quadam
1403 624 1496 678 die
1534 623 1820 695 proﬁcisci
1855 627 1971 678 sta-

348 713 550 768 tuerit:
604 715 663 766 et
705 711 960 766 adducto
1007 711 1189 767 asello
1248 711 1449 782 (nimis
1501 713 1717 784 quippe
1767 728 1972 766 exesus

341 799 580 871 jejuniis,
630 799 725 852 vix
773 798 1000 870 ingredi
1046 800 1296 871 poterat)
1335 800 1445 854 iter
1491 800 1747 871 arripere
1800 817 1972 855 cona-

347 893 496 943 retur.
527 887 633 943 80
683 887 845 951 Quod
895 903 1029 942 cum
1074 887 1524 959 percrebuisset,
1559 893 1615 942 et
1659 889 1829 960 quasi
1875 905 1970 943 va-

345 977 487 1032 stitas
531 977 554 1010 ²
599 980 659 1032 et
701 976 1001 1046 justitium
1051 976 1368 1032 Palaestinae
1416 977 1790 1043 indiceretur,
1838 977 1972 1049 plus

343 1082 491 1138 quam
539 1065 749 1121 decem
797 1064 984 1120 millia
1029 1065 1336 1121 hominum
1396 1065 1631 1122 diversae
1679 1067 1866 1122 astatis
1917 1071 1975 1122 et

344 1171 490 1211 sexus
531 1154 604 1209 ad
652 1155 1026 1210 retinendum
1077 1171 1212 1210 eum
1263 1159 1612 1228 congregata
1650 1160 1806 1211 sunt.
1859 1157 1970 1210 Im-

348 1243 550 1300 mobilis
577 1242 676 1298 ille
707 1244 780 1298 ad
811 1259 1030 1314 preces,
1066 1248 1123 1299 et
1153 1243 1360 1299 baculo
1391 1260 1597 1300 arenas
1627 1244 1969 1313 discutiens,

347 1331 692 1404 loquebatur:
709 1330 1004 1386 Fallacem
1025 1331 1338 1386 Dominum
1363 1347 1560 1386 meum
1593 1349 1708 1386 non
1732 1333 1968 1400 faciam;

341 1438 438 1475 non
477 1437 726 1492 possum
774 1419 975 1476 videre
1036 1421 1348 1476 subversas
1413 1420 1710 1486 ecclesias,
1753 1421 1974 1477 calcata

337 1508 516 1564 Christi
550 1507 786 1576 altaria,
821 1507 1077 1563 ﬁliorum
1112 1525 1376 1564 meorum
1425 1509 1799 1581 sanguinem.
1835 1511 1971 1565 Uni-

333 1597 458 1653 versi
502 1602 709 1652 autem
750 1596 852 1669 qui
902 1597 1166 1662 aderant,
1211 1597 1615 1670 intelligebant
1651 1599 1968 1654 revelatum

334 1687 376 1741 ei
409 1685 689 1756 quiddam
739 1702 868 1741 esse
900 1686 1130 1749 secreti,
1164 1687 1319 1757 quod
1351 1685 1532 1741 nollet
1581 1688 1842 1744 conﬁteri
1871 1706 1883 1755 ;
1917 1693 1973 1743 et

328 1775 700 1830 nihilominus
730 1774 1144 1830 custodiebant
1167 1791 1323 1844 eum,
1359 1791 1429 1830 ne
1478 1776 1964 1846 proﬁcisceretur.

331 1862 569 1919 Decrevit
603 1880 762 1934 ergo,
799 1861 1036 1935 publica
1063 1879 1270 1919 omnes
1287 1879 1424 1919 voce
1456 1869 1810 1932 contestans,
1851 1883 1965 1921 non

327 1951 425 2007 cibi
453 1969 528 2018 se,
563 1969 687 2007 non
721 1957 894 2024 potus
951 1951 1276 2024 quidquam
1320 1969 1553 2008 sumere
1601 1953 1713 2008 nisi
1764 1954 1968 2009 dimit-

330 2044 542 2096 teretur.
577 2041 654 2096 Et
683 2045 819 2113 post
863 2045 1086 2112 septem
1111 2041 1256 2107 dies,
1286 2041 1492 2097 inedize
1532 2043 1769 2097 tandem
1821 2043 1967 2099 rela-

327 2135 492 2196 xatus,
521 2147 596 2185 ac
627 2129 961 2184 valedicens
1003 2129 1299 2201 plurimis,
1333 2147 1468 2185 cum
1518 2129 1743 2186 infinito
1783 2132 1967 2204 agmi-

327 2233 387 2273 ne
410 2219 890 2290 prosequentium
940 2217 1100 2272 venit
1137 2217 1409 2273 Betilium
1439 2220 1479 2284 ³,
1517 2218 1613 2274 ubi
1673 2220 1970 2290 persuasis

328 2307 496 2364 turbis
533 2313 609 2362 ut
633 2310 1086 2372 reverterentur,
1116 2305 1290 2378 elegit
1318 2308 1708 2381 quadraginta
1766 2325 1966 2365 mona-

331 2395 474 2462 chos,
503 2395 613 2467 qui
642 2395 930 2450 baberent
972 2395 1273 2462 viaticum,
1307 2401 1365 2450 et
1412 2402 1650 2467 possent
1691 2397 1966 2467 jejunan-

339 2487 418 2538 tes
455 2484 702 2557 ingredi,
754 2483 812 2538 id
863 2489 971 2550 est,
1005 2489 1138 2555 post
1177 2484 1300 2540 suis
1348 2502 1662 2553 occasum;
1693 2486 1969 2542 visitatis-

336 2589 437 2644 que
461 2574 762 2638 fratribus,
796 2573 896 2644 qui
928 2574 989 2626 in
1020 2572 1210 2628 vicina
1240 2589 1434 2628 eremo
1467 2578 1651 2642 erant,
1667 2579 1723 2629 et
1753 2574 1811 2628 in
1843 2574 1969 2631 loco

334 2661 421 2732 qui
457 2662 674 2716 dicitur
724 2659 989 2733 Lychnos
1026 2662 1047 2695 ⁴
1091 2662 1493 2730 morabantur,
1544 2663 1791 2735 perrexit
1839 2668 1971 2734 post

327 2749 575 2805 triduum
611 2751 684 2805 ad
720 2755 978 2805 castrum
1025 2750 1418 2815 Theubatum,
1451 2757 1517 2807 ut
1551 2752 1772 2808 videret
1827 2753 1968 2808 Dra-

328 2840 580 2895 contium
611 2840 958 2912 episcopum
991 2843 1048 2894 et
1078 2840 1492 2908 confessorem,
1521 2840 1623 2912 qui
1671 2841 1752 2896 ibi
1800 2859 1970 2898 exsu-

328 2926 494 2983 labat.
523 2928 655 2992 Quo
699 2927 1124 2984 incredibiliter
1164 2928 1458 2985 consolato
1507 2929 1654 2985 tanti
1686 2929 1791 2984 viri
1824 2948 1967 3002 pra:-

325 3016 503 3072 sentia
529 3021 670 3089 post
702 3015 861 3072 aliud
897 3016 1160 3071 triduum
1193 3017 1379 3072 multo
1412 3017 1766 3090 Babylonem
1808 3018 1968 3074 labo-

2085 462 2278 500 eremo
2317 445 2620 516 penuriam
2667 448 3046 499 consueverat
3071 449 3275 500 euntes
3304 446 3376 500 ad
3407 448 3725 503 Antonium

2084 535 2337 602 ducere),
2371 535 2675 600 confessus
2713 539 2802 588 est
2858 533 3138 588 fratribus
3197 535 3411 589 instare
3443 537 3535 590 3|
3571 537 3725 592 diem

2084 622 2453 678 dormitionis
2503 623 2656 678 beati
2698 623 2964 690 Antonii;
3012 627 3067 678 et
3115 622 3451 694 pervigilem
3497 631 3727 681 noctem

2083 711 2141 766 in
2171 712 2296 783 ipso
2330 729 2444 783 quo
2475 712 2785 766 defunctus
2852 711 3040 766 fuerat
3071 710 3218 778 loco,
3249 728 3281 765 a
3322 729 3383 766 se
3423 712 3472 767 ei
3521 714 3728 769 debere

2083 801 2381 856 celebrari.
2416 800 2628 854 Tribus
2662 800 2840 871 igitur
2870 801 3077 855 diebus
3121 817 3223 872 per
3250 806 3476 855 vastam
3509 805 3564 856 et
3593 802 3727 858 hor-

2082 890 2311 944 ribilem
2334 889 2730 956 solitudinem,
2747 890 2985 944 tandam
3005 890 3074 944 ad
3097 894 3353 944 montem
3371 889 3727 946 altissimum

2081 982 2487 1051 pervenerunt,
2523 977 2766 1049 repertis
2807 977 2886 1031 ibi
2927 978 3156 1032 duobus
3206 977 3511 1034 monachis
3570 980 3730 1034 Isaac

2082 1073 2139 1122 et
2169 1067 2495 1134 Pclusiano,
2527 1083 2778 1137 quorum
2809 1065 2973 1120 Isaac
3003 1066 3291 1137 interpres
3322 1066 3557 1122 Antonii
3599 1067 3727 1124 fue-

2081 1161 2189 1212 rat.

2151 1245 2239 1301 3l.
2275 1245 2658 1300 Habitaculum
2690 1244 2744 1298 S.
2776 1245 3019 1298 Antonii.
3058 1243 3268 1298 Cellula
3296 1243 3535 1300 Antonii.
3573 1250 3729 1314 Igno-

2083 1341 2200 1390 tum
2229 1336 2536 1406 sepulcrum
2567 1335 2630 1387 B.
2664 1333 2904 1388 Antonii.
2930 1363 2998 1372 ——
3029 1333 3097 1386 Et
3128 1331 3268 1402 quia
3299 1349 3359 1387 se
3389 1333 3609 1404 praebet
3638 1350 3730 1388 oc-

2081 1424 2258 1488 casio,
2279 1429 2334 1478 et
2365 1424 2436 1477 ad
2460 1422 2568 1477 loci
2601 1422 2889 1489 venimus,
2914 1421 3159 1493 dignum
3182 1420 3408 1476 videtur
3429 1421 3586 1477 brevi
3611 1438 3728 1477 ser-

2081 1529 2255 1568 mone
2286 1510 2688 1567 habitaculum
2721 1511 2869 1565 tanti
2899 1509 3006 1564 viri
3039 1509 3385 1564 describere.
3421 1511 3640 1564 Saxeus
3674 1514 3730 1564 et

2081 1601 2353 1656 sublimis
2386 1617 2554 1654 mons
2587 1616 2689 1670 per
2719 1598 2877 1653 mille
2909 1597 3138 1654 circiter
3165 1598 3482 1670 passus,ad
3507 1599 3730 1654 radices

2081 1707 2220 1746 suas
2243 1707 2427 1760 aquas
2458 1688 2752 1760 exprimit,
2785 1704 3032 1758 quarum
3066 1685 3211 1742 alias
3245 1703 3431 1743 arena:
3463 1687 3727 1755 ebibunt,

2080 1780 2203 1834 aliae
2236 1779 2305 1835 ad
2331 1779 2604 1832 inferiora
2629 1776 2901 1848 delapsa,
2920 1775 3196 1848 paulatim
3225 1776 3412 1831 rivum
3435 1776 3726 1844 efﬁciunt;

2079 1885 2256 1940 super
2286 1883 2459 1939 quem
2491 1883 2558 1921 ex
2584 1872 2830 1936 utraque
2861 1865 2986 1936 ripa
3015 1864 3221 1936 palmae
3271 1864 3730 1921 innumerabiles

2080 1957 2332 2013 multum
2366 1956 2490 2011 loco
2523 1959 2578 2010 et
2623 1954 2978 2009 amoenitatis
3009 1957 3065 2008 et
3104 1954 3394 2009 commodi
3438 1954 3726 2009 tribuunt.

2077 2046 2320 2101 Videres
2351 2061 2550 2100 senem
2571 2043 2686 2098 huc
2718 2048 2893 2114 atque
2913 2041 3050 2098 illuc
3073 2059 3204 2097 cum
3239 2042 3544 2115 discipulis
3577 2043 3729 2098 beati

2079 2133 2309 2190 Antonii
2343 2133 2689 2188 discurrere.
2725 2131 2845 2198 Hic,
2879 2131 3133 2201 aiebant,
3167 2130 3432 2202 psallere,
3467 2131 3562 2186 hic
3601 2148 3728 2186 ora-

2081 2241 2160 2290 re,
2185 2223 2279 2277 hic
2309 2222 2554 2293 cperari,
2580 2221 2674 2275 hie
2708 2221 2898 2275 fessus
2932 2218 3182 2274 residere
3214 2219 3422 2275 solitus
3453 2225 3594 2275 erat.
3613 2221 3729 2275 Has

2078 2313 2246 2376 vites,
2280 2311 2388 2366 has
2419 2308 2764 2364 arbusculas
2796 2309 2919 2378 ipse
2949 2307 3438 2378 plantavitzillam
3472 2307 3730 2363 areolam

2079 2400 2353 2455 manibus
2385 2398 2510 2453 suis
2543 2397 2667 2468 ipse
2700 2395 3049 2467 composuit.
3075 2395 3234 2450 Hanc
3266 2395 3551 2466 piscinam
3580 2397 3726 2466 [Illss.

2080 2486 2541 2561 piscinulamlad
2575 2485 2939 2557 irrigandum
2970 2482 3271 2538 hortulum
3303 2483 3486 2539 multo
3518 2485 3730 2541 sudore

2080 2577 2396 2633 fabricatus
2411 2580 2518 2630 est.
2536 2575 2716 2630 Istum
2737 2573 3036 2629 sarculum
3059 2573 3130 2628 ad
3157 2572 3489 2628 fodiendum
3514 2577 3728 2629 terram

2079 2666 2348 2738 pluribus
2394 2663 2565 2720 annis
2609 2663 2834 2718 habuit.
2866 2662 3104 2718 Jacebat
3152 2663 3210 2715 in
3251 2666 3435 2718 stratu
3494 2665 3642 2735 ejus,
3676 2669 3733 2720 et

2079 2755 2247 2827 quasi
2267 2753 2462 2810 calens
2479 2752 2670 2807 adhuc
2695 2750 2886 2806 cubile
2904 2749 3516 2806 deosculabatur.Erat
3533 2757 3729 2808 autem

2079 2843 2291 2902 cellula
2321 2860 2434 2898 non
2456 2842 2586 2913 plus
2604 2857 2891 2896 mensurae
2909 2857 3012 2912 per
3024 2841 3311 2912 quadrum
3327 2844 3532 2895 tenens
3551 2857 3730 2911 quam

2080 2931 2254 2988 homo
2287 2932 2583 2987 dormiens
2615 2929 2844 2985 extendi
2880 2933 3126 3001 poterat.
3161 2929 3439 2983 Praeterea
3461 2929 3519 2983 in
3552 2929 3731 2984 subli-

2081 3021 2161 3076 mi
2193 3020 2409 3076 montis
2439 3019 2670 3086 vertice,
2706 3017 2874 3088 quasi
2907 3033 3008 3088 per
3037 3016 3332 3072 cochleam
3365 3018 3729 3073 ascendenti-

324 3121 380 3159 re
408 3108 690 3178 pervenit,
721 3109 790 3160 ut
819 3105 1031 3160 viseret
1061 3103 1362 3161 Philonem
1396 3107 1733 3178 episcopum
1779 3112 1836 3163 et
1880 3108 1964 3180 ip-
1999 3095 2040 3162 C
2080 3111 2212 3178 bus,
2247 3114 2303 3166 et
2347 3109 2528 3164 arduo
2577 3106 2742 3162 valde
2799 3106 2931 3160 nisu
2970 3106 3075 3176 [Αἰ.
3119 3105 3373 3177 adnisu],
3407 3107 3534 3161 duae
3581 3107 3729 3178 ejus-

324 3210 450 3248 sum
495 3195 918 3250 confessorem.
955 3194 1331 3250 Constantius
1379 3195 1536 3250 enim
1578 3213 1696 3266 rex,
1727 3197 1971 3252 Ariano-

323 3299 450 3338 rum
483 3283 682 3339 favens
714 3282 943 3350 haeresi,
981 3287 1299 3355 utrumque
1349 3283 1408 3338 in
1449 3300 1516 3339 ea
1545 3283 1671 3340 loca
1713 3286 1976 3357 deporta-

323 3377 503 3428 verat.
555 3372 689 3427 lnde
742 3371 1073 3444 egrediens,
1121 3376 1258 3442 post
1311 3372 1575 3428 triduum
1626 3374 1647 3407 ⁵
1696 3374 1855 3430 venit
1901 3373 1973 3429 ad

331 3460 616 3532 oppidum
645 3459 1004 3532 Aphroditon
1039 3477 1052 3516 :
1089 3460 1185 3515 ubi
1223 3465 1502 3517 convento
1550 3461 1793 3519 diacono
1845 3462 1975 3518 Bai-

405 3567 423 3598 ¹
455 3564 866 3639 Vetustissimi;
912 3565 1149 3639 pietatis
1179 3567 1543 3639 consuetudo
1589 3567 1647 3624 in
1696 3568 1972 3639 Ecclesia,

336 3650 468 3712 quae
500 3635 638 3712 viris
675 3635 1364 3712 sanctitateinsignibus
1397 3637 1600 3712 oleum,
1639 3640 1725 3696 vel
1752 3635 1976 3712 panem

327 3707 792 3783 benedicendum
824 3709 1124 3783 offerebat,
1156 3707 1266 3764 sibi
1304 3714 1512 3783 postea
1535 3711 1606 3783 ad
1648 3707 1808 3767 mala
1854 3729 1979 3783 pro-

327 3778 1047 3864 pulsanda‘profuturum.
1067 3778 1320 3864 Severus
1351 3780 1647 3864 Sulpicius
1680 3778 1884 3864 Di‘alog
1910 3785 1979 3864 Il,

326 3868 374 3906 ο.
410 3851 490 3905 3:
541 3873 570 3899 ‹‹
621 3851 746 3906 Non
789 3851 1354 3922 praetermittendum
1412 3851 1664 3922 videtur,
1727 3851 1979 3911 Avitiani

321 3922 568 3998 meitis
616 3939 860 3998 uxorem
911 3923 1146 3978 misisse
1177 3923 1425 3979 Martino
1473 3924 1686 3998 oleum,
1713 3926 1868 3998 quod
1906 3927 1976 3982 ad

325 3994 589 4049 diversas
617 3995 960 4049 morborum
1009 4011 1218 4050 causas
1265 3997 1685 4063 necessarium,
1709 3994 1862 4053 sicut
1892 4002 1982 4053 est

323 4065 708 4138 consuetudo,
756 4065 1144 4138 benediceret,
1180 4090 1212 4138 ιδ
1242 4066 1309 4121 Et
1349 4066 1538 4138 paulo
1579 4073 1714 4138 post
1746 4085 1758 4122 :
1803 4091 1830 4117 ‹‹
1865 4069 1979 4125 Vas

320 4136 571 4191 vitreum
623 4153 760 4192 cum
810 4135 956 4202 oleo,
990 4137 1143 4207 quod
1196 4135 1480 4193 Martinus
1524 4135 1919 4206 bénedixerat,
1949 4160 1976 4193 ιι

323 4207 717 4283 videnduset
767 4207 1018 4283 Ruﬁnus
1066 4210 1222 4283 _Hist.
1272 4209 1469 4264 Eccles.
1516 4208 1619 4265 lib.
1665 4228 1704 4283 Il
1745 4228 1892 4283 cap,
1926 4213 1980 4283 4,

327 4279 520 4353 nbide
552 4278 718 4334 arido
753 4279 1036 4353 membris
1066 4278 1308 4353 homine
1323 4284 1554 4353 narrat,
1587 4282 1686 4353 qui
1719 4278 1844 4338 oleo
1883 4278 1982 4338 be;

325 4349 556 4423 nedicto
591 4354 920 4423 perunctus
965 4349 1042 4423 ab
1104 4351 1336 4405 Antonii
1405 4349 1713 4423 discipulis
1745 4421 1754 4423 _
1782 4353 1983 4410 statim

327 4420 654 4548 convglouit.
713 4421 877 4487 Quod
955 4421 1312 4478 Sozomenus
1383 4420 1689 4480 confirmat
1743 4421 1843 4480 lib.
1905 4444 1982 4493 v1,

327 4509 449 4548 can.
570 4536 582 4546 .

321 4509 449 4548 can.
491 4501 582 4548 20.

384 4510 718 4634 f'Equuasi
761 4565 1010 4631 vastitas,
1038 4568 1145 4619 etc.
1179 4566 1240 4620 In
1286 4565 1417 4621 aliis
1467 4565 1633 4622 libris
1679 4583 1823 4622 mss.

323 4634 501 4706 quasi
535 4635 786 4690 vastitas
815 4640 875 4690 et
904 4635 1182 4691 mcestitia
1210 4637 1268 4690 in
1317 4637 1622 4692 Justitium
1672 4637 1992 4694 Palaestinae

317 4707 691 4762 indiceretur
724 4728 753 4756 »
779 4706 928 4769 Quid
978 4707 1054 4763 sit
1082 4708 1384 4776 Iustitium,
1419 4708 1632 4765 videsis
1675 4709 1734 4764 in
1783 4711 1993 4766 Dictio-

321 4778 540 4832 uariis.
574 4777 868 4832 ΜΑῐιτιΑΝ.

383 4850 406 4882 ³
446 4850 615 4903 Venit
661 4849 957 4920 Beluliam.
1011 4847 1163 4904 Editi
1215 4848 1467 4904 retinent
1523 4852 1803 4920 Betilium,
1846 4869 1989 4908 mss.

318 4920 630 4993 Betuiiqm.
665 4919 776 4993 Alii
831 4919 1034 4993 legunt
1070 4921 1406 4993 _Bethelium.
1439 4922 1510 4976 de
1559 4939 1673 4993 quo
1723 4919 1992 4980 SOzome-

315 5008 432 5046 nus
465 4991 577 5046 lib.
611 4991 932 5062 vAHistoriae
961 4991 1156 5047 Eccles.
1190 5007 1315 5062 cap.
1350 4993 1438 5060 45,
1472 4991 1754 5049 ΜΑῇτιΑΝ.

383 5092 461 5104 --
496 5060 812 5117 Beiulium.
848 5063 942 5118 Sic
982 5062 1120 5117 editi
1166 5060 1298 5118 ante
1347 5064 1769 5120 Martianaeum.
1802 5066 1994 5122 Betili-

309 5150 452 5218 um;
489 5135 626 5218 ipse
653 5150 790 5218 vero
821 5134 1096 5216 Betuiiqm
1126 5132 1267 5218 legit
1314 5151 1382 5190 ex
1427 5134 1649 5218 aliquot
1693 5153 1860 5218 mss.,
1895 5153 1994 5218 c_u-

302 5203 593 5276 jusmo‘di
624 5203 856 5280 pullum
890 5221 997 5260 nos
1024 5203 1399 5280 invenimus;
1445 5203 1624 5280 nostri
1671 5203 1996 5280 enim’ple-

310 5277 898 5352 rumquejfetilium,
941 5277 1039 5352 sed
1090 5277 1497 5352 droaticaui
1537 5279 1809 5352 Vetuliurn
1858 5277 1996 5352 prie-

313 5346 554 5424 ferunt.
592 5346 1083 5424 Dicunturctiam
1145 5347 1383 5424 quidam
1431 5351 1738 5424 Bethelinm
1785 5346 1994 5424 legere.

311 5418 627 5474 Betuliam
677 5423 830 5474 certe
875 5417 934 5473 in
993 5417 1178 5474 libro'
1221 5421 1482 5475 Locorum
1523 5422 1810 5478 Eusebius
1829 5417 1873 5490 ,⁷
1900 5427 2001 5478 aut

309 5492 732 5574 liieronymus
763 5507 1078 5574 nusquam
1131 5497 1501 5574 memorant;
1537 5493 1998 5574 Suidashautem

311 5561 379 5630 id
412 5561 626 5624 unum
655 5561 833 5624 tradit
869 5561 1165 5626 civitatem
1217 5563 1290 5626 ad
1336 5563 1671 5626 Judaorum
1718 5564 2000 5630 ditionem

1864 4569 1993 4624 «Et

2083 3199 2215 3254 dem
2243 3214 2532 3254 mensura
2564 3195 2781 3250 cellulae
2801 3194 3243 3250 visebanturzin
3263 3195 3479 3267 quibus
3501 3196 3731 3251 venien-

2082 3287 2232 3342 tium
2266 3285 2680 3358 frequentiam,
2705 3289 2760 3339 et
2791 3282 3214 3355 discipulorum
3249 3301 3490 3339 suorum
3524 3289 3726 3340 contu-

2083 3376 2352 3432 bernium
2378 3375 2608 3446 fugiens
2637 3379 2898 3429 moratus
2929 3373 3268 3429 est.Verum
3292 3373 3378 3428 hac
3401 3374 3457 3428 in
3481 3373 3608 3429 vivo
3632 3390 3727 3430 ex-

2085 3465 2217 3521 cisae
2250 3481 2408 3532 saxo,
2428 3463 2578 3519 ostia
2607 3465 2838 3518 tantum
2863 3462 3066 3518 addita
3086 3461 3399 3517 habebant.
3423 3462 3740 3534 Postquam

2088 3572 2383 3644 pertinere
2434 3588 2446 3627 ζ
2509 3577 2771 3626 Βαιτυλαῖα
2827 3577 2860 3635 ἡ
2889 3581 2999 3644 τῶν-
3046 3576 3287 3624 Ἰουδαίων
3343 3577 3497 3644 adhic.
3555 3572 3742 3635 Quare

2089 3640 2281 3699 vicum
2313 3642 2477 3697 illum
2512 3645 2868 3706 Gazazorum,
2903 3640 3004 3712 qui
3043 3644 3364 3712 Suzomﬁeno
3393 3641 3492 3695 lib.
3524 3658 3579 3710 ν,
3612 3657 3741 3711 cap.

2091 3716 2177 3783 15,
2239 3723 2414 3781 anesi:
2461 3713 2696 3779 dicitur,
2759 3712 2924 3767 facile
2982 3712 3189 3782 opinor
3243 3711 3511 3767 indicari.
3573 3713 3744 3767 Acce-

2089 3787 2176 3842 dit
2224 3786 2570 3854 conjecturae
2627 3790 2994 3839 momentum
3039 3799 3108 3854 ex
3163 3783 3365 3838 eodem
3425 3783 3744 3838 Sozomeno

2087 3853 2522 3928 gravissimum,
2547 3856 2699 3928 quod
2733 3855 2861 3925 ejus
2893 3854 3001 3910 loci
3042 3853 3264 3909 incolas
3298 3854 3746 3928 a_S.AHilarione

2096 3925 2166 3982 ad
2202 3925 2595 3982 Christianam
2630 3927 2804 3981 ﬁdem
2846 3943 3156 3981 conversos
3203 3925 3748 3998 tradit,ipsumque

2093 4014 2266 4053 avum
2300 4015 2474 4054 suum
2508 3998 2870 4068 baptismum
2902 3998 2980 4052 ibi
3031 3998 3381 4068 suscepisse.
3417 3997 3590 4053 Pcrro
3646 3997 3748 4052 Be-

2091 4071 2299 4125 thelian
2331 4071 2414 4124 sic
2449 4069 2530 4123 ait
2568 4068 2852 4139 appellari
2879 4085 2947 4123 ex
2977 4068 3235 4123 Pantheo
3267 4070 3420 4138 quod
3473 4069 3553 4123 ibi
3603 4073 3744 4135 erat,

2091 4149 2147 4197 ἐκ
2213 4150 2299 4208 τῆς
2374 4149 2544 4212 Σύρων
2619 4148 2796 4210 φωνῆς,
2875 4146 2938 4204 εἷς
3014 4150 3106 4205 τὴν
3181 4146 3431 4204 Ἑλλήνων
3513 4146 3749 4209 ἐμηνευό-

2092 4237 2240 4284 μενον
2337 4219 2458 4268 Θεῶν
2551 4217 2830 4284 οἷκςητήριον
2930 4217 3248 4284 ὀνομάζεσθαι
3338 4217 3414 4284 διᾲ
3497 4219 3581 4284 τρν
3658 4220 3744 4264 τοῦ

2094 4280 2312 4340 havOéou
2402 4291 2535 4339 ναόν.
2614 4283 2696 4336 Ea:
2735 4280 3024 4352 'syrorum
3107 4283 3299 4352 lingua
3373 4281 3430 4333 in
3510 4280 3748 4335 Graecam

2092 4371 2415 4411 conversum
2485 4369 2699 4420 nomen,
2769 4351 2995 4408 deorum
3076 4351 3422 4406 domicilium
3477 4352 3750 4424 appellari

2094 4431 2321 4481 urouter
2344 4426 2580 4481 Panthei
2605 4425 2884 4481 lemulum.

2131 4431 2321 4482 router
2344 4427 2580 4481 Panthei
2605 4427 2884 4482 lemnlum.

2163 4500 2184 4532 ⁴
2213 4497 2486 4552 Vaticani
2545 4497 2660 4552 duo
2716 4497 2999 4568 Lichonos,
3041 4497 3248 4568 tertius
3305 4498 3519 4568 Lignos,
3554 4497 3652 4568 alii
3683 4497 3745 4550 Li

2093 4441 2321 4498 propter
2344 4441 2577 4481 Panthei
2605 4441 2884 4496 templum.

2163 4500 2184 4532 ⁴
2213 4497 2486 4549 Vaticani
2545 4497 2660 4549 duo
2716 4495 2999 4549 Lichonos.
3041 4495 3248 4549 tertius
3305 4498 3519 4549 Lianos.
3554 4494 3652 4549 alii
3683 4495 3749 4549 Li

2098 4569 2348 4640 chognos.
2382 4568 2626 4622 Videtur
2657 4573 2848 4622 autem
2884 4566 3602 4640 legendum_Lycos,_quod
3640 4570 3750 4640 __e_st

2102 4637 2382 4712 oppidum
2433 4640 2488 4712 in
2526 4643 2784 4694 extrema
2819 4637 2976 4708 parte
3005 4637 3340 4712 Thebaidis.
3378 4637 3600 4712 Plinius

2099 4708 2158 4773 νζ
2182 4708 2357 4781 Lycus
2386 4711 2480 4764 ubi
2505 4715 2712 4766 montes
2742 4712 2964 4780 ﬁniunt.
3001 4711 3131 4765 Mox
3161 4727 3391 4781 quoque
3423 4709 3520 4781 alii
3578 4708 3746 4763 codd.

2107 4780 2465 4849 'l‘honbaslon,
2531 4785 2588 4836 et
2624 4851 2632 4852 ί
2670 4781 2986 4846 Thabusion,
3067 4799 3218 4835 unus
3294 4780 3532 4852 propius
3614 4795 3749 4852 vero

2107 4854 2484 4913 Thaubaston;
2511 4851 2676 4907 facile
2724 4853 2877 4908 enim
2917 4858 3216 4923 putamus
3264 4850 3452 4916 9—2561,
3487 4851 3638 4923 quod
3691 4850 3750 4904 in

2101 4925 2314 4980 Arabia
2340 4925 2567 4978 deserta
2598 4923 2842 4978 collocat
2872 4921 3232 4991 Plolemaeus,
3258 4940 3384 4994 cap.
3414 4921 3519 4987 19,‘
3542 4922 3752 4977 debere

2105 4996 2374 5068 intelligi.

2175 5064 2362 5122 5Trés
2415 5065 2599 5122 Vatic.
2664 5081 2828 5130 mss.,
2870 5072 2990 5135 post
3069 5064 3310 5120 biduum.
3371 5065 3590 5122 Vitiose
3649 5081 3754 5119 au-

2103 5143 2221 5194 tem
2254 5143 2376 5194 erat
2421 5135 3025 5209 pcnesMartiangeum
3059 5137 3232 5208 paulo
3281 5143 3432 5209 post,
3459 5141 3554 5208 qui
3601 5139 3752 5208 equis

2108 5211 2314 5273 locatis,
2341 5206 2706 5272 dromadibus,
2736 5212 2841 5261 etc.
2878 5206 2991 5261 Nec
3032 5206 3174 5263 satis
3234 5206 3379 5264 bene
3439 5206 3753 5274 Victorius,

2105 5284 2213 5353 qui
2235 5282 2419 5335 locatis
2449 5280 2692 5353 camelis,
2725 5283 2775 5332 et
2823 5279 3110 5344 clromerlis,
3157 5282 3320 5351 quasi
3376 5282 3513 5353 duae
3557 5287 3756 5336 essent

2108 5350 2431 5406 belluarum
2465 5350 2708 5422 species,
2743 5356 2944 5406 contra
2974 5368 3148 5421 quam
3181 5350 3347 5407 docet
3378 5351 3659 5422 Vopiscus
3697 5353 3756 5408 in

2106 5423 2445 5494 Aureliano,
2471 5421 2706 5477 Zenobia
2735 5438 2857 5477 cum
2907 5425 3119 5494 fugeret
3177 5425 3418 5486 camelis,
3450 5421 3580 5492 quos
3627 5423 3762 5483 dro-

2106 5493 2288 5551 madas
2333 5495 2594 5563 vocitant,
2619 5498 2728 5551 etc.
2780 5493 2913 5553 Nos
2945 5493 3136 5551 locum
3187 5512 3218 5554 e
3270 5511 3413 5553 mss.
3462 5507 3773 5563 consensu

2107 5565 2494 5648 restituimus.
