4118 6158
371 312 451 389 4‘1
1622 334 1686 398 s.
1733 332 2047 400 EUSEBII
2091 335 2538 401 HIERONYMI
3698 310 3785 393 4a

372 460 569 517 autem
591 460 661 517 ad
694 460 995 519 hortulum
1022 469 1327 522 venerant:
1351 464 1805 542 Videtis,inquit
1830 471 2011 539 Isaac,
2043 473 2101 540 Α
2128 471 2431 545 respondit
2463 488 2476 528 :
2509 471 2726 528 Idcirco
2768 470 2929 529 abire
2979 469 3218 540 festino,
3251 480 3326 525 ne
3371 464 3539 524 vobis
3590 465 3767 523 mole-

372 548 482 605 hoc
510 549 963 623 pomarium[At.
987 553 1338 627 pomerium]
1352 556 1681 614 arbusculis
1700 559 2014 626 consitum,

372 639 430 693 et
457 636 716 696 oleribus
744 639 939 696 virens
966 659 980 710 ;
1010 646 1144 699 ante
1168 642 1278 699 hoc
1310 645 1491 702 ferme
1511 646 1831 703 triennium
1884 663 2019 702 cum

372 742 723 800 onagrorum
752 745 890 803 grex
909 734 1182 801 vastaret,
1199 751 1385 790 unum
1406 752 1437 790 e
1453 734 1795 790 ductoribus
1816 751 2020 792 eorum

372 819 529 873 stare
551 818 753 888 jussit,
785 818 1114 892 baculoque
1153 822 1409 878 tundens
1450 822 1664 879 latera:
1692 825 1900 891 Quare,
1932 823 2021 878 in-

373 906 523 977 quit,
548 907 855 964 comeditis
885 910 1040 981 quod
1072 927 1187 966 non
1211 911 1547 968 seminastis
1563 912 1590 966 ?
1611 912 1680 967 Et
1709 912 1914 968 exinde
1934 928 2024 968 ex-

374 995 559 1068 ceptis
588 995 780 1070 aquis,
812 998 883 1053 ad
915 1013 1063 1069 quas
1102 1000 1388 1072 potandas
1434 1001 1818 1072 ventitabant,
1850 1018 2023 1056 num-

374 1100 553 1157 quam
602 1102 701 1141 eos
740 1102 846 1142 nec
894 1087 1290 1155 arbusculam,
1331 1105 1436 1144 nec
1485 1089 1643 1145 olera
1685 1090 2021 1163 contigisse.

376 1174 659 1230 Praeterea
688 1175 931 1247 rogabat
962 1192 1155 1244 senex,
1189 1182 1256 1232 ut
1284 1176 1396 1232 sibi
1427 1177 1619 1234 locum
1654 1178 1868 1234 tumuli
1898 1182 2024 1250 ejus

376 1264 770 1319 ostenderent.
803 1263 910 1326 Qui
939 1280 1074 1320 cum
1132 1281 1399 1321 seorsum
1450 1282 1584 1322 eum
1617 1268 2020 1335 abduxissent,

375 1356 578 1408 utrum
596 1354 1064 1410 xmonstraverint
1093 1372 1273 1412 necne
1301 1355 1622 1429 ignoratur.
1655 1360 1902 1413 Causam
1934 1374 2029 1413 oc-

375 1439 635 1497 cultandi
658 1441 830 1514 juxta
860 1448 1214 1515 praeceptum
1244 1445 1518 1501 Antonii‘
1552 1446 1734 1503 fuisse
1774 1447 2024 1502 referen-

374 1532 484 1599 tes,
517 1546 589 1585 ne
613 1529 974 1602 Pergamius,
1008 1532 1108 1605 qui
1141 1534 1241 1590 32
1273 1534 1333 1590 in
1368 1533 1485 1591 illis
1516 1533 1659 1590 locis
1695 1534 2028 1591 ditissimus

377 1620 521 1685 erat,
545 1617 773 1674 sublato
805 1620 877 1675 ad
913 1619 1113 1677 villam
1160 1639 1328 1678 suam
1360 1624 1547 1679 sancti
1573 1640 1833 1696 corpore,
1871 1642 2028 1679 mar-

378 1706 597 1779 tyrium
628 1708 1011 1766 fabricaretur
1026 1712 1067 1767 ³.

445 1795 536 1850 32.
568 1797 829 1854 Pluviam
858 1799 1113 1871 impetrat
1140 1801 1414 1857 Hilarion.
1436 1832 1507 1844 —
1536 1802 1719 1875 Igitur
1759 1818 2026 1859 reversus

376 1885 449 1941 ad
473 1884 860 1958 Aphroditon,
890 1889 1121 1946 duobus
1160 1906 1362 1947 secum
1382 1894 1610 1947 tantum
1643 1891 1882 1947 retentis
1904 1891 2024 1960 fras

376 1973 587 2043 tribus,
620 1974 681 2030 in
705 1975 898 2032 vicina
927 1994 1122 2034 eremo
1156 1987 1417 2036 moratus
1465 1983 1554 2035 est
1588 1998 1601 2035 :
1636 1983 1800 2035 tanta
1848 1979 2026 2035 absti-

378 2063 578 2120 nentia
605 2070 663 2120 et
683 2063 933 2131 silentio,
950 2071 1013 2122 ut
1029 2072 1169 2124 tunc
1186 2069 1444 2140 primum
1462 2086 1523 2125 se
1540 2070 1784 2142 coepisse
1796 2068 2025 2124 Christo

377 2153 595 2211 servire
644 2154 878 2212 diceret.
913 2157 1087 2213 Porro
1141 2159 1262 2228 jam
1319 2159 1639 2213 triennium
1690 2163 1832 2226 erat,
1867 2158 2023 2230 quod

377 2243 646 2300 clausum
675 2243 887 2300 coelum
908 2244 1040 2301 illas
1068 2248 1254 2302 terras
1284 2248 1598 2303 arefeoerat
1621 2265 1635 2316 ;
1660 2252 1724 2302 ut
1748 2246 1921 2319 vulgo
1944 2246 2027 2301 di-

377 2337 591 2402 cerent,
621 2333 856 2389 Antonii
888 2338 1132 2390 mortem
1159 2335 1336 2391 etiam
1367 2335 1656 2392 elementa
1675 2335 2027 2409 lugere.Non

377 2418 550 2475 latuit
579 2420 737 2477 fama
764 2420 1078 2478 Hilarionis
1109 2423 1334 2479 accolas
1366 2441 1595 2496 quoque
1623 2424 1781 2480 illius
1810 2423 1921 2480 loci
1944 2428 2029 2479 :et

380 2511 645 2567 certatim
674 2510 861 2566 virilis
892 2528 957 2567 ac
1008 2512 1313 2569 muliebris
1362 2530 1537 2570 sexus
1581 2531 1679 2570 ore
1736 2513 1936 2582 luridi,
1972 2519 2029 2569 et

385 2600 669 2655 attenuati
718 2600 891 2669 fame,
920 2600 1152 2672 pluvias
1200 2619 1234 2657 a
1275 2618 1437 2658 servo
1486 2602 1720 2669 Christi,
1746 2602 1804 2657 id
1855 2606 1962 2670 est,
1996 2620 2030 2657 a

381 2686 538 2743 beati
573 2687 807 2742 Antonii
836 2703 1172 2743 successore
1212 2689 1694 2759 deprecabantur.
1729 2688 1884 2751 Quos
1934 2688 2030 2745 ille

385 2789 651 2842 cernens,
686 2773 833 2830 mire
861 2774 1069 2831 doluit.
1094 2774 1460 2848 Elevatisque
1491 2776 1549 2830 in
1584 2775 1792 2831 caalum
1821 2776 2025 2846 oculis,

381 2866 439 2920 et
468 2867 747 2935 utrasque
775 2863 835 2918 in
868 2863 1121 2921 sublime
1152 2865 1381 2937 erigens
1404 2864 1652 2937 palmas,
1686 2866 1885 2922 statim
1917 2866 2029 2921 im-

381 2951 628 3025 petravit
648 2952 802 3025 quod
835 2957 1196 3025 rogaverant.
1231 2953 1371 3009 Ecce
1417 2958 1613 3009 autem
1654 2954 1859 3009 sitiens
1905 2972 2029 3011 are-

381 3057 644 3114 nosaque
674 3042 853 3116 regio,
888 3047 1199 3116 postquam
1231 3042 1443 3114 pluviis
1472 3042 1713 3116 irrigata
1760 3049 1867 3109 est,
1906 3048 2030 3100 tan-

381 3134 503 3187 tam
533 3136 871 3203 serpentum
897 3136 953 3187 et
982 3136 1401 3188 venenatorum
1430 3132 1775 3188 animalium
1801 3150 1868 3189 ex
1928 3134 2032 3189 im-

2127 560 2302 616 stiam
2333 561 2806 633 generem.Certe
2834 577 2902 617 ex
2934 559 3361 634 posterioribus
3392 555 3770 630 cognoscetis,

2129 666 2245 705 non
2278 650 2402 705 sine
2428 666 2603 706 causa
2633 666 2726 706 me
2756 651 2951 706 subito
2984 647 3342 706 ambulasse.
3370 646 3557 720 Igitur
3600 645 3771 701 altera

2130 737 2223 793 die
2251 737 2537 793 Gazenses
2567 754 2701 793 cum
2740 737 3048 793 lictoribus
3097 733 3353 809 praefecti
3383 733 3546 805 (nam
3594 731 3771 805 pridie

2130 843 2264 882 eum
2294 826 2523 882 venisse
2561 826 2971 899 cognoverant)
3011 824 3299 880 intrantes
3331 820 3771 888 monasterium,

2130 931 2267 971 cum
2297 913 2466 971 illum
2498 914 2740 970 minime
2769 914 3134 970 invenissent
3179 911 3431 968 invicem
3460 910 3772 982 loqueban-

2130 1007 2229 1059 tur
2259 1019 2274 1058 :
2307 1003 2510 1059 Nonne
2538 1019 2673 1059 vera
2702 1005 2843 1058 sunt
2872 1019 2997 1075 quae
3028 1000 3361 1057 audivimus
3382 1000 3411 1055 ?
3439 1015 3651 1072 magus
3673 1002 3773 1071 est,

2134 1099 2191 1149 et
2227 1091 2425 1148 futura
2466 1092 2785 1165 cognoscit.
2818 1091 2968 1147 Urbs
3015 1090 3172 1145 enim
3216 1089 3387 1157 Gaza,
3438 1092 3772 1161 postquam,

2136 1183 2386 1254 profecto
2410 1181 2481 1237 de
2508 1178 2817 1236 Palaestina
2844 1176 3158 1247 Hilarione,
3186 1177 3461 1234 Julianus
3492 1176 3551 1231 in
3600 1176 3773 1249 impe-

2136 1270 2287 1325 rium
2325 1271 2427 1326 33
2459 1272 2838 1335 successerat,
2889 1268 3185 1323 destructo
3235 1265 3591 1321 monasterio
3634 1265 3773 1335 ejus,

2136 1360 2407 1431 precibus
2444 1359 2515 1414 ad
2565 1358 2976 1430 imperatorem
3023 1356 3196 1423 datis,
3247 1360 3307 1411 et
3345 1353 3682 1420 Hilarionis,
3727 1360 3778 1410 et

2137 1446 2405 1521 Hesychii
2439 1449 2685 1502 mortem
2708 1445 3123 1518 impetraverat
3155 1462 3168 1499 :
3198 1443 3492 1516 amboque
3524 1445 3589 1498 ut
3626 1459 3772 1515 quaa-

2138 1539 2423 1603 rerentur,
2456 1538 2578 1590 toto
2609 1534 2747 1589 orbe
2767 1532 3051 1606 scriptum
3082 1536 3229 1588 erat.

2209 1625 2294 1682 34.
2321 1627 2395 1680 De
2421 1624 2660 1680 Adriano
2680 1623 2964 1694 discipulo.
2983 1652 3054 1663 —
3081 1621 3371 1694 Egressus
3398 1635 3535 1693 ergo
3558 1621 3629 1676 de
3646 1620 3781 1677 Bru-

2092 1754 2101 1763 κ
2138 1714 2288 1783 chio,
2322 1730 2423 1787 per
2452 1712 2667 1769 inviam
2697 1710 3076 1767 solitudinem
3105 1709 3346 1766 intravit
3394 1708 3594 1765 Oasim
3625 1728 3642 1764 :
3675 1709 3778 1765 ibi-

2139 1821 2250 1878 que
2283 1820 2435 1859 anno
2483 1801 2616 1875 plus
2663 1801 2861 1857 minus
2899 1803 3119 1868 exacto,
3152 1800 3292 1872 quia
3329 1798 3468 1855 illuc
3497 1798 3519 1833 ‘
3550 1812 3777 1872 quoque

2134 1910 2243 1949 sua
2273 1892 2429 1948 fama
2458 1893 2815 1964 pervenerat,
2848 1888 3015 1961 quasi
3055 1889 3183 1960 jam
3218 1888 3279 1943 in
3322 1887 3558 1944 Oriente
3605 1886 3777 1944 latere

2134 1999 2249 2038 non
2280 1984 2496 2054 posset,
2530 1979 2631 2036 ubi
2664 1976 2834 2035 multi
2864 1976 3033 2033 illum
3071 1980 3129 2033 et
3178 1976 3473 2048 opinione,
3506 1979 3564 2031 et
3616 1974 3777 2032 vultu

2135 2075 2432 2139 noverant,
2463 2069 2533 2125 ad
2566 2068 2722 2125 solas
2768 2066 3040 2139 navigare
3087 2065 3316 2121 insulas
3355 2064 3685 2138 cogitabat;
3719 2068 3782 2121 ut

2136 2177 2309 2234 quem
2339 2164 2495 2215 terra
2520 2157 2874 2231 vulgaverat,
2910 2154 3115 2211 saltem
3149 2154 3337 2209 maria
3366 2152 3642 2210 celarent.
3676 2154 3780 2210 Eo-

2135 2252 2269 2306 dem
2304 2249 2481 2304 ferme
2506 2251 2767 2318 tempore
2794 2243 3124 2299 Hadrianus
3171 2241 3499 2315 discipulus
3542 2242 3671 2314 ejus
3714 2242 3783 2298 de

2136 2337 2445 2408 Palaestina
2474 2334 2828 2408 supervenit,
2853 2333 3053 2388 dicens
3081 2331 3384 2388 Julianum
3419 2330 3701 2399 occisum,
3726 2335 3783 2387 et

2137 2406 3002 2496 Christianum‘imperatorem
3061 2419 3483 2494 (Jovinianum)
3540 2426 3782 2493 regnare

2138 2516 2382 2589 coepisse
2405 2533 2418 2583 ;
2445 2513 2769 2584 revertique
2797 2528 2932 2567 eum
2963 2510 3173 2566 debere
3203 2510 3274 2565 ad
3312 2508 3654 2565 monasterii
3686 2509 3778 2565 sui

2139 2604 2435 2678 reliquias.
2460 2603 2620 2668 Quod
2652 2600 2748 2657 ille
2777 2601 3021 2657 audiens
3051 2599 3372 2655 detestatus
3393 2602 3482 2654 est
3514 2616 3526 2653 :
3560 2601 3619 2654 et
3643 2614 3777 2654 con-

2138 2694 2313 2749 ducto
2343 2692 2586 2758 camelo,
2612 2707 2714 2764 per
2742 2692 2966 2745 vastam
2998 2686 3394 2756 solitudinem,
3421 2686 3679 2759 pervenit
3710 2686 3781 2743 ad

2140 2780 2495 2837 maritimam
2530 2780 2733 2834 urbem
2765 2777 2975 2851 Libyae,
2998 2774 3515 2832 Paretoniummbi
3550 2775 3785 2830 Hadria-

2139 2888 2251 2927 nus
2283 2868 2482 2925 infelix
2499 2867 2698 2924 volens
2726 2865 3098 2922 Palaestinam
3131 2865 3362 2932 reverti,
3396 2867 3454 2920 et
3474 2863 3785 2936 pristinam

2139 2961 2251 3017 sub
2284 2958 2520 3015 nomine
2568 2955 2834 3029 magistri
2866 2970 3133 3025 quaerens
3174 2952 3443 3026 gloriam,
3471 2951 3686 3008 multas
3735 2952 3789 3008 ei

2140 3050 2272 3106 fecit
2315 3047 2581 3118 injurias.
2622 3046 2704 3100 Ad
2756 3048 3103 3111 extremum,
3159 3041 3488 3098 convasatis
3526 3041 3547 3076 ⁵
3579 3058 3708 3114 quae
3755 3044 3793 3097 a’

2141 3139 2418 3195 fratribus
2448 3137 2500 3192 ei
2531 3136 2715 3191 missa
2743 3131 3054 3199 detulerat,
3077 3132 3370 3187 nesciente
3413 3130 3534 3197 illo,
3564 3131 3790 3203 profec-

383 3222 613 3295 proviso
636 3220 899 3277 ebullivit
923 3221 1463 3289 multitudinem,ut
1479 3222 1739 3293 percussi
1762 3223 2030 3279 innume-
2060 3210 2103 3277 C
2142 3234 2238 3285 ωε
2268 3232 2374 3283 est.
2408 3227 2596 3298 Super
2624 3224 2732 3279 hoc
2763 3222 2902 3294 quia
2939 3220 3087 3277 alter
3130 3220 3292 3276 locus
3340 3218 3626 3275 referendi
3673 3234 3789 3275 non

383 3309 619 3378 rabiles,
650 3309 766 3366 nisi
811 3310 882 3366 ad
931 3308 1291 3365 Hilarionom
1338 3311 1790 3379 concurrissent,
1836 3313 2033 3368 statim

386 3398 712 3455 interirent.
745 3398 1057 3455 Benedicto
1087 3398 1284 3471 itaque
1316 3399 1440 3455 oleo
1474 3400 1729 3456 universi
1770 3403 2035 3475 agricola:

388 3497 563 3565 atque
592 3492 855 3564 pastores
887 3492 1191 3562 tangentes
1221 3487 1481 3554 vulnera,
1515 3495 1732 3545 certam
1782 3491 2033 3550 salutem

388 3584 786 3641 resumebant.

455 3674 545 3730 33.
577 3676 768 3744 Pergit
787 3674 850 3728 in
877 3672 1020 3728 alias
1040 3674 1389 3744 regiones.—
1410 3673 1629 3728 Videns
1660 3671 1833 3728 etiam
1868 3673 1947 3727 ibi
1971 3690 2034 3729 se

386 3765 554 3823 miris
584 3764 910 3821 honoribus
940 3762 1117 3829 affici,
1148 3761 1401 3834 perrexit
1435 3760 1864 3827 Alexandriam,
1898 3761 2034 3817 inde

384 3855 458 3911 ad
520 3853 856 3909 ulteriorem
900 3854 1047 3923 [mss.
1110 3850 1466 3921 interiorem]
1520 3840 1716 3906 Oasim
1769 3865 2032 3906 eremum

384 3942 848 4001 transiturus.Et
869 3941 1008 4014 quia
1024 3957 1346 4013 numquam
1376 3958 1445 3996 ex
1475 3957 1589 4012 quo
1615 3944 1863 4013 coeperat
1881 3945 2035 3996 esset

381 4032 726 4098 monachus,
759 4032 817 4086 in
850 4029 1094 4086 urbibus
1127 4034 1444 4101 manserat,
1476 4028 1707 4085 divertit
1736 4029 1807 4085 ad
1854 4046 2030 4101 quos-

379 4125 516 4180 dam
549 4124 756 4179 fratres
787 4120 898 4177 sibi
956 4124 1125 4175 notos
1170 4119 1228 4175 in
1272 4119 1523 4175 Bruchio
1548 4120 1590 4188 3,
1622 4118 1779 4174 haud
1833 4117 2032 4191 procul

379 4215 451 4270 ab
476 4211 865 4279 Alexandria;
899 4210 1000 4283 qui
1031 4226 1166 4265 cum
1190 4209 1338 4265 miro
1380 4209 1596 4281 gaudio
1634 4208 2034 4278 suscepissent

379 4319 601 4371 senem,
634 4308 691 4357 et
714 4304 839 4375 jam
879 4301 1067 4356 vicina
1100 4317 1213 4356 nox
1276 4302 1452 4365 esset,
1502 4301 1739 4369 repente
1785 4295 2033 4351 audiunt

379 4392 698 4464 discipulos
728 4392 858 4462 Ejus
908 4379 1140 4446 asinum
1187 4392 1466 4456 sternere,
1499 4385 1787 4456 illumque
1829 4401 2032 4456 parare

379 4480 907 4553 proﬁcisci.Itaque
938 4476 1193 4533 advoluti
1228 4475 1797 4548 pedibus,rogabant
1827 4491 1899 4529 ne
1920 4474 2029 4530 hoc

2144 3323 2251 3387 est,
2284 3318 2393 3373 hoc
2438 3319 2668 3370 tantum
2718 3310 2962 3367 dixerim
3009 3310 3070 3366 in
3116 3314 3394 3367 terrorem
3442 3325 3644 3364 eorum
3689 3309 3793 3380 qui

2146 3407 2458 3479 magistros
2480 3402 2841 3474 despiciunt;
2858 3400 3013 3473 quod
3035 3404 3166 3473 post
3186 3396 3615 3472 aliquantulum
3644 3402 3792 3453 tem-

2145 3498 2302 3571 poris
2329 3491 2755 3566 computruerit
2783 3490 2986 3545 morbo
3018 3488 3197 3561 regio.
3231 3540 3267 3559 ,ᾗ

2213 3588 2301 3641 35.
2326 3582 2746 3652 Evangeliorum
2772 3578 3007 3636 codicem
3031 3595 3203 3633 manu
3229 3595 3331 3634 sua
3369 3579 3687 3650 scripserat.
3716 3605 3791 3618 —

2142 3677 2376 3732 Habeas
2424 3672 2604 3747 igitur
2649 3686 2824 3727 senex
2851 3669 2872 3703 ⁸
2918 3672 3215 3723 Gazanum
3254 3683 3477 3733 secum,
3528 3665 3798 3722 ascendit

2143 3767 2413 3828 classem,
2449 3779 2578 3835 quae
2616 3760 2873 3817 Siciliam
2905 3756 3235 3830 navigabat.
3268 3761 3531 3829 Cumque
3575 3771 3800 3811 venun~

2142 3857 2277 3912 dato
2307 3852 2752 3925 Evangeliorum
2783 3847 2999 3914 codice,
3026 3862 3200 3918 quem
3232 3862 3408 3901 manu
3433 3862 3542 3901 sua
3571 3843 3803 3900 adoles-

2142 3963 2279 4002 cens
2310 3943 2643 4014 soripserat,
2677 3939 2817 3994 dare
2847 3935 3089 3992 naulum
3122 3935 3460 4006 disponeret
3506 3933 3564 3988 in
3596 3932 3799 3989 medio

2146 4037 2322 4090 ferme
2369 4026 2859 4096 Adriae,naucleri
2908 4025 3065 4081 ﬁlius
3120 4028 3387 4096 arreptus
3436 4039 3469 4079 a
3504 4024 3797 4088 daemone,

2142 4124 2395 4180 clamare
2433 4118 2628 4191 ccepit,
2665 4121 2722 4173 et
2771 4115 3001 4171 dicere:
3034 4113 3293 4170 Hilarion
3338 4129 3500 4169 serve
3531 4110 3655 4179 Dei,
3688 4126 3807 4166 cur

2144 4211 2309 4267 nobis
2342 4225 2440 4282 per
2469 4211 2525 4263 te
2553 4210 2611 4262 et
2640 4206 2698 4261 in
2729 4204 2935 4277 pelago
2965 4207 3124 4258 tutos
3153 4218 3282 4259 esse
3326 4217 3442 4257 non
3491 4198 3673 4256 licet?
3704 4199 3807 4256 Ita

2142 4300 2286 4356 mihi
2320 4298 2575 4371 spatium
2607 4296 2790 4350 donec
2813 4294 2883 4348 ad
2914 4296 3130 4349 terram
3151 4289 3405 4356 veniam,
3428 4305 3502 4345 ne
3521 4288 3617 4345 hic
3646 4288 3805 4358 ejec-

2140 4396 2258 4458 tus,
2292 4385 2617 4461 praecipiter
2646 4385 2706 4439 in
2736 4383 3037 4454 abyssum.
3060 4380 3164 4436 Cui
3199 4377 3570 4436 ille:SiDeus
3593 4391 3798 4442 meus,

2140 4480 2239 4547 ait,
2274 4478 2378 4534 tibi
2406 4474 2669 4531 concedit
2699 4476 2764 4527 ut
2790 4486 3049 4539 maneas,
3084 4485 3291 4535 mane;
3326 4467 3419 4523 sin
3463 4470 3659 4523 autem
3688 4463 3804 4522 ille

379 4570 633 4635 faceret;
665 4571 722 4623 et
770 4570 904 4623 ante
958 4566 1138 4621 limen
1198 4564 1499 4637 prostrati,
1533 4564 1706 4620 citius
1758 4581 1821 4620 se
1853 4565 2020 4633 mori,

2139 4578 2189 4630 te
2219 4568 2398 4641 ejicit,
2431 4564 2571 4638 quid
2602 4562 2748 4619 mihi
2778 4560 3059 4616 invidiam
3082 4557 3245 4624 facis,
3274 4559 3375 4612 3.3
3398 4555 3621 4611 homini
3656 4569 3805 4626 pec-

377 4674 555 4732 quam
586 4660 748 4714 tanto
772 4672 964 4713 carere
997 4655 1224 4727 hospite
1254 4654 1639 4711 testabantur.
1673 4654 1897 4718 Quibus
1926 4654 2025 4710 ille

443 4905 459 4937 ¹
493 4903 624 4958 Vid.
650 4903 708 4959 S.
742 4900 1130 4957 Athanasium
1160 4899 1221 4955 in
1255 4898 1355 4955 Vit.
1391 4900 1444 4954 S.
1480 4900 1719 4954 Antonii.
1755 4899 1909 4957 Infra
1940 4899 2020 4956 le-

368 4973 529 5029 viora
559 4975 825 5041 quaedam
860 4973 1262 5029 emendamus.

440 5046 471 5117 ’_
490 5046 717 5115 Martyr.
737 5046 930 5116 fabric.
948 5043 1288 5117 Martyrium
1321 5048 1410 5117 est
1444 5048 1555 5098 tem
1569 5042 1744 5117 plum
1759 5043 2016 5117 dicatum

367 5113 743 5188 inAhpnorem'
773 5113 1117 5188 martyrum,
1148 5115 1233 5171 vel
1273 5113 1695 5188 confessorUm.
1729 5115 2013 5188 Mammas.

438 5186 465 5257 δέ
490 5186 797 5257 Perperam
830 5191 886 5241 et
911 5185 1113 5243 contra
1143 5204 1286 5243 mss.
1324 5188 1496 5241 fidem
1530 5187 1837 5257 hucusque
1867 5185 2015 5241 obti-

369 5256 498 5313 nuit
528 5256 621 5330 hic
640 5261 809 5326 atque
832 5258 983 5313 infra
1008 5262 1215 5314 Brutio.
1238 5260 1352 5330 Sed
1374 5260 1673 5314 Bruchium
1704 5256 2014 5330 legendum

368 5328 595 5383 monuit
626 5330 798 5381 etiam
830 5330 1121 5383 Ammian.
1156 5328 1401 5383 Marcell.
1434 5330 1535 5384 lib.
1571 5347 1709 5394 xxu,
1744 5328 1785 5383 cl
1834 5329 1913 5384 l6.
1950 5329 2016 5383 Et

366 5398 750 5472 Epiphanius,
812 5400 910 5470 qui
968 5408 1201 5472 Βρούχιον
1227 5408 1394 5472 κλίμα,
1450 5403 1502 5456 id
1571 5407 1660 5457 est
1716 5402 2012 5472 regionem

365 5471 677 5526 Brunchz'on
699 5472 909 5527 dictam
930 5489 1037 5526 sua
1054 5471 1217 5525 aetate
1235 5471 1522 5526 desertam
1546 5474 1727 5528 fuisse
1743 5471 1829 5528 tes
1838 5477 2011 5529 tatur.

363 5546 579 5599 Auctor
635 5542 771 5598 Vitae
838 5541 1114 5614 Hpollinii
1172 5541 1421 5613 Dyscoli,
1468 5553 1710 5617 Ῑιρούγιον
1768 5551 1933 5600 vocat
1963 5552 2014 5600 ἐν

361 5622 426 5687 τῇ
480 5623 701 5690 προυχίῳ
756 5623 868 5688 περὶ
919 5624 1003 5672 τὸν
1059 5622 1237 5688 δρέμον
1283 5622 1375 5686 (sic
1441 5626 1595 5686 forte,
1643 5640 1736 5684 την
1784 5624 2010 5691 ἔρημον),

366 5693 418 5755 ἐν
495 5694 629 5767 τόπῳ
700 5695 805 5746 ὔπω
880 5696 990 5763 (sic)
1069 5694 1359 5763 καλουμένῳ
1440 5695 1551 5763 περὶ
1630 5698 1722 5758 τὴν
1786 5697 2013 5762 Ἀλεξᾶν.

2133 4661 2315 4720 catori
2340 4661 2517 4730 atque
2544 4650 2808 4710 mendico
2824 4649 2853 4704 ?
2866 4649 2983 4705 Hoc
3004 4652 3199 4704 autem
3230 4645 3483 4715 dicebat,
3500 4660 3573 4700 ne
3591 4646 3801 4700 nauta

2129 4914 2310 4980 δρειαν.
2352 4897 2758 4980 Alexandrina:
2813 4894 2998 4980 urbis.
3034 4890 3191 4976 regio
3251 4891 3380 4980 ista_
3420 4888 3547 4957 fuit,
3611 4886 3800 4980 quasi

2128 4959 2624 5051 ζτζξδρχεῖγρἰῐει,
2655 4987 2688 5025 a
2740 4984 2883 5047 quo.
2910 4959 3133 5051 detoria
3189 4981 3294 5051 ξ·οξ
3330 4959 3800 5051 ,Βρρυιεφίίξᾴἓο

2130 5002 2284 5051 mpon
2327 5002 2395 5031 ειν
2450 5002 2624 5036 unum,
2655 5002 2688 5025 α
2740 5002 3133 5047 kiuu.u.ouunau
3198 5002 3294 5019 um
3353 5002 3615 5043 υνιτυιηενν,
3655 5002 3799 5015 ,νυν

2130 5002 3120 5121 perrﬁphthongumconsipiend‘a,
3156 5040 3218 5117 ut
3250 5035 3519 5121 Petavms
3545 5034 3800 5121 conten:

2128 5101 2221 5177 Eii
2243 5101 2301 5174 in
2327 5101 2803 5173 annotationibus
2826 5101 3301 5178 in‘Epiphanium
3323 5110 3395 5165 de
3418 5101 3800 5177 ponderibus

2128 5199 2185 5249 et
2214 5188 2531 5251 mensuris,
2554 5201 2727 5257 quem
2762 5182 2809 5237 si
2841 5179 3002 5234 lubet
3029 5179 3177 5257 vide.

2195 5265 2217 5297 ἰ
2249 5264 2412 5325 Mss.,
2440 5250 2588 5314 Illuc
2607 5270 2813 5327 quoque
2841 5269 2965 5327 eum
2994 5252 3263 5327 suifama
3296 5250 3693 5327 praevenerat.”

2195 5335 2216 5369 ⁸
2605 5314 2908 5382 conuocatis
2954 5314 3211 5395 omnibus
3237 5314 3381 5393 (piae,
3433 5314 3793 5395 etc.,_.a|ius

2122 5423 2248 5460 cum
2276 5405 2421 5459 vasis
2441 5388 2583 5472 quae,
2605 5403 2724 5472 etc.
2747 5396 2977 5472 Monuit
3005 5388 3303 5472 Victorius
3323 5388 3629 5472 convasatis
3650 5401 3797 5457 per—

2123 5477 2257 5532 inde
2286 5490 2413 5531 esse
2441 5462 2507 5527 ac
2536 5462 2794 5526 cellectis
2823 5468 2882 5522 in
2924 5466 3184 5522 sarcinas
3227 5465 3424 5531 rebus,
3454 5462 3522 5517 ut
3569 5472 3794 5531 aspor-

2121 5552 2341 5605 tentur.

2191 5620 2212 5658 ⁸
2244 5618 2424 5677 Iidem
2460 5631 2629 5683 mss.,
2662 5613 2854 5672 Senem
2882 5612 3179 5669 Zamnum.
