4106 6164
356 148 462 235 ..49

1476 148 1666 216 VITA
1702 149 1774 215 S.
1819 143 2270 213 HILARIONIS
2312 142 2715 211 EHEMl'l‘E.

3636 196 3641 203 .
3697 131 3777 205 50

380 297 437 354 et
465 289 847 369 negotiatores
880 286 981 365 qui
1011 287 1071 345 in
1093 286 1225 346 navi
1246 289 1431 358 erant,
1456 303 1519 345 sc
1548 302 1684 342 cum
1707 285 1776 343 ad
1802 289 2019 341 terram
2042 281 2104 351 Α
2134 281 2283 353 ejus,
2315 285 2435 338 toto
2467 298 2666 338 senem
2698 281 2836 338 orbe
2882 278 3200 355 quarebat,
3251 276 3514 338 lustrans
3550 274 3774 369 littora,

374 383 804 461 pervenissent,
830 380 1163 454 proderent.
1205 382 1321 435 Nec
1351 376 1540 435 multo
1573 379 1707 452 post
1737 379 2025 451 purgatus

372 479 468 545 est
494 490 655 547 puer,
694 476 860 545 patre
888 470 1065 526 ﬁdem
1089 470 1282 537 dante,
1309 473 1366 524 et
1388 469 1610 524 caeteris
1632 467 1736 540 qui
1759 468 2022 531 aderant,

375 563 522 621 nulli
553 578 732 636 super
761 563 889 634 ejus
914 559 1153 615 nomine
1182 559 1502 615 locuturos.

443 654 531 708 36.
564 653 875 725 Ingressus
923 654 1120 705 autem
1170 648 1510 720 Pachynum
1558 646 2020 720 promontorium

370 741 599 811 Siciliae,
631 739 847 797 obtulit
877 737 1151 795 nauclero
1199 736 1583 807 Evangelium
1630 754 1733 810 pro
1780 736 2021 791 subvec-

373 832 528 888 tione
558 846 671 887 sua
697 833 754 884 et
784 828 1020 886 Gazani.
1055 826 1162 892 Qui
1204 826 1410 882 nolens
1452 826 1734 897 accipere,
1771 825 2022 880 maxime

373 938 507 979 cum
535 919 756 975 videret
780 917 932 984 illos,
965 920 1204 988 excepto
1235 915 1334 971 illo
1361 915 1576 983 codice,
1602 919 1658 971 et
1679 914 1772 970 his
1803 914 2022 986 quibus

369 1009 558 1067 vestiti
588 1012 774 1071 erant,
809 1004 1065 1078 amplius
1096 1004 1242 1060 nihil
1290 1005 1523 1071 habere,
1567 1003 1637 1059 ad
1693 1008 2018 1059 extremum

359 1100 524 1171 jurat
554 1115 619 1154 se
642 1113 759 1152 non
790 1099 1189 1168 accepturum.
1216 1094 1326 1151 Sed
1358 1097 1414 1149 et
1445 1110 1618 1149 senex
1640 1109 1920 1148 accensus
1954 1092 2020 1147 ﬁ-

368 1187 539 1255 ducia
572 1184 847 1259 pauperis
876 1182 1267 1253 conscientiae,
1292 1183 1350 1238 in
1383 1199 1448 1238 eo
1473 1182 1660 1256 magis
1688 1181 2020 1250 laetabatur,

364 1281 419 1332 et
446 1276 609 1348 quod
641 1273 790 1330 nihil
820 1272 1064 1329 haberet
1094 1270 1314 1337 saeculi,
1346 1271 1496 1327 etab
1521 1270 1737 1327 accolis
1767 1269 1883 1325 illis
1911 1270 2019 1325 loci

368 1364 681 1422 mendicus
713 1365 1038 1436 putaretur.

432 1455 524 1509 3’7.
564 1454 723 1523 Fugit
759 1452 829 1507 ad
863 1452 1277 1507 mediterranea
1306 1452 1443 1506 loca.
1479 1450 1827 1522 Hydropicus
1854 1466 2015 1505 cura-

365 1548 471 1599 tus.
507 1541 692 1597 Porro
742 1540 1071 1612 recogitans
1120 1556 1194 1596 ne
1246 1538 1637 1612 negotiatores
1685 1539 1757 1594 de
1787 1538 2019 1594 Oriente

362 1631 667 1688 venientes
721 1646 784 1685 se
842 1634 1044 1684 notum
1100 1629 1373 1695 facerent,
1424 1629 1496 1684 ad
1548 1628 2015 1683 mediterranea1

361 1721 513 1794 fugit
546 1719 692 1785 loca,
727 1718 784 1773 id
819 1717 1213 1782 est,vicesimo
1245 1735 1279 1773 a
1305 1717 1451 1772 mari
1485 1716 1795 1784 milliario;
1823 1717 2019 1788 ibique

363 1810 420 1866 in
443 1809 708 1882 quodam
731 1807 961 1863 deserto
980 1804 1188 1879 agello,
1206 1805 1502 1879 lignorum
1525 1804 1783 1877 quotidie
1802 1805 2016 1860 fascem

366 1897 645 1971 alligans,
660 1896 999 1969 imponebat
1027 1895 1201 1951 dorso
1221 1893 1515 1967 discipuli.
1532 1895 1655 1959 Quo
1677 1895 1734 1949 in
1754 1893 2020 1967 proxima

359 1986 499 2043 villa
531 1985 885 2052 venundata,
917 1988 977 2040 et
1007 1983 1117 2039 sibi
1142 1982 1503 2052 alimoniam,
1536 1986 1593 2038 et
1619 1983 1713 2039 his
1740 1983 1839 2056 qui
1874 1984 2019 2049 forte

370 2078 440 2132 ad
469 2092 575 2131 eos
601 2073 931 2143 veniebant,
954 2071 1339 2146 pauvillulum
1371 2072 1543 2145 panis
1586 2073 1879 2128 emebant.
1906 2071 2016 2127 Sed

365 2182 497 2221 vere
522 2166 697 2236 juxta
743 2163 899 2235 quod
945 2163 1230 2235 scriptum
1264 2166 1389 2217 est:
1438 2178 1545 2218 non
1593 2166 1766 2234 potest
1826 2163 2018 2217 civitas

362 2255 543 2310 latere
569 2269 736 2325 super
770 2256 1009 2308 montem
1030 2254 1211 2323 posita
1241 2250 1448 2323 (Matth.
1476 2269 1531 2316 v,
1572 2252 1677 2322 14),
1723 2250 2017 2306 scutarius

362 2343 609 2416 quidam
643 2356 776 2396 cum
807 2339 868 2394 in
901 2338 1147 2396 basilica
1173 2339 1328 2396 beati
1362 2339 1515 2396 Petri
1556 2340 1751 2395 Romae
1780 2344 2015 2412 torque-

360 2436 552 2497 retur,
604 2429 880 2484 clamavit
924 2428 985 2484 in
1033 2445 1099 2485 eo
1148 2428 1496 2484 immundus
1545 2427 1827 2502 spiritus:
1869 2429 2016 2484 Ante

364 2536 586 2593 paucos
615 2519 747 2574 dies
769 2516 1029 2573 Siciliam
1058 2516 1362 2590 ingressus
1393 2523 1482 2573 est
1512 2515 1770 2573 Hilarion
1809 2532 2015 2572 servus

366 2608 603 2676 Christi,
632 2611 690 2663 et
716 2622 886 2662 nemo
943 2621 1077 2661 eum
1108 2605 1284 2674 novit,
1317 2610 1375 2662 et
1425 2610 1593 2678 putat
1649 2622 1711 2660 se
1757 2621 1885 2661 esse
1924 2622 2014 2661 se-

367 2702 587 2755 cretum
615 2714 631 2765 ;
664 2711 772 2769 ego
800 2694 1031 2760 vadam,
1074 2699 1131 2750 et
1178 2695 1421 2768 prodam
1456 2694 1645 2749 illum.
1680 2695 2013 2767 Statimque

365 2803 498 2844 cum
529 2783 781 2843 servulis
805 2784 931 2840 suis
960 2800 1203 2840 ascensa
1234 2784 1291 2838 in
1323 2788 1494 2856 portu
1528 2801 1691 2852 nave,
1731 2783 2015 2858 appulsus

365 2880 452 2935 est
480 2873 848 2947 Pachynum,
882 2876 939 2928 et
967 2873 1324 2929 deducente’
1356 2891 1417 2930 se
1447 2874 1726 2940 daemone,
1760 2873 1860 2928 ubi
1882 2877 2014 2928 ante

367 2964 673 3038 tugurium
708 2962 867 3018 senis
898 2979 959 3018 se
981 2960 1478 3035 prostravit,illico
1510 2966 1748 3017 curatus
1778 2962 2010 3017 est.Hoc

366 3053 605 3110 initium
636 3052 943 3124 signorum
977 3051 1104 3122 ejus
1142 3051 1203 3105 in
1250 3050 1466 3115 Sicilia,
1516 3050 2021 3106 innumerabilem“

366 3143 439 3198 ad
461 3158 598 3198 eum
629 3139 906 3213 deinceps
935 3138 1361 3211 eagrotantium,
1395 3139 1498 3195 sed
1531 3143 1587 3194 et
1607 3139 2011 3211 religiosorum

366 3230 680 3288 hominum
724 3227 966 3283 adduxit
1013 3228 1498 3283 multitudinem:
1553 3228 1609 3283 in
1646 3233 1899 3296 tantum,
1951 3233 2015 3283 ut

346 3319 441 3393 _de
469 3316 831 3391 primoribus
860 3316 1000 3371 viris
1049 3315 1289 3389 quidam
1324 3321 1559 3373 tumens
1598 3317 1801 3372 morbo
1833 3316 2012 3373 inter-

368 3407 525 3465 cutis
554 3423 721 3479 aqua
740 3406 784 3474 ³,
815 3404 1018 3461 eodem
1067 3403 1166 3461 85
1218 3403 1311 3460 die
1344 3421 1460 3477 quo
1493 3406 1565 3460 ad
1597 3422 1730 3460 eum
1755 3409 2010 3476 venerat,

371 3500 616 3551 curatus
636 3494 731 3550 sit.
759 3492 907 3559 Quia
928 3497 1130 3565 postea
1149 3493 1397 3549 offerens
1416 3494 1467 3549 ei
1490 3493 1720 3549 infinita
1751 3511 2013 3561 munera,

354 3583 604 3660 _andivit
630 3581 845 3637 dictum
876 3580 1194 3639 Salvatoris
1225 3583 1296 3637 ad
1324 3582 1644 3654 discipulos
1674 3599 1686 3638 :
1722 3584 1900 3639 Gratis
1924 3600 2012 3639 ae-

358 3672 618 3744 aepistis,
651 3673 820 3740 gratis
848 3670 976 3725 date
1005 3671 1211 3742 (Matth.
1244 3688 1299 3737 x,
1331 3672 1406 3743 8).

442 3760 533 3815 38.
565 3758 854 3832 Hesychius
885 3758 1189 3832 discipulus
1218 3762 1419 3832 quierit
1458 3760 1817 3816 Hilarionem.
1866 3760 2017 3815 Dum

372 3849 499 3915 hac
529 3847 610 3903 ita
635 3851 923 3920 geruntur
963 3847 1022 3903 in
1055 3846 1273 3916 Sicilia,
1327 3848 1646 3921 Hesychius
1694 3848 2019 3921 discipulus

447 3975 463 4007 ⁸
494 3970 894 4046 Conferendus
930 3971 1293 4046 Soaemenus
1323 3971 1425 4028 lib.
1457 3975 1811 4046 v,_cap.ulO,
1844 3989 2019 4046 quem

352 4044 682 4117 ,brevitatis
708 4042 901 4116 gratia
929 4043 1130 4100 Latine
1151 4048 1481 4117 tantumex
1501 4042 1713 4117 Valesii
1745 4042 2025 4117 interpre-

374 4116 1144 4189 tationerepraesentamus:
1171 4138 1198 4165 ‹‹
1221 4115 1531 4189 Paridem,
1549 4115 1762 4188 inquit,
1790 4115 2025 4189 tempus

346 4196 359 4205 ‘
378 4184 883 4260 (Juliani‘scilicet
901 4185 1300 4260 imperatoris)_
1326 4186 1542 4260 Hilario
1563 4184 1797 4260 quoque
1827 4184 2026 4260 mo'naj

382 4256 527 4330 chus
549 4273 586 4312 a
611 4256 833 4330 Gazaeis
862 4256 1146 4330 quaesitus
1185 4258 1245 4313 in
1276 4256 1536 4330 Siciliam
1568 4256 1632 4315 se
1670 4256 1905 4330 recepit.
1942 4258 2025 4314 Ibi

380 4328 559 4411 ligna_
573 4345 642 4383 ex
658 4328 909 4411 desertis
930 4329 1230 4411 montibus
1243 4328 1524 4411 colligens
1546 4334 1603 4384 et
1620 4328 1881 4411 humeris
1903 4330 2027 4386 suis

380 4388 680 4482 intui-hem
712 4402 953 4482 portans
988 4401 1297 4482 vendebat,
1326 4388 1510 4482 eovque
1540 4405 1708 4482 pacto
1741 4407 2026 4482 quantum
2058 4388 2104 4452 D

378 4471 452 4528 ad
482 4471 669 4526 vitam
691 4470 930 4543 sufﬁcit,
955 4471 1363 4542 quotidianum
1387 4470 1497 4527 sibi
1520 4470 1776 4543 parabat
1793 4473 2032 4543 alimen-

376 4545 533 4599 tum.
564 4542 825 4615 Tandem
856 4559 990 4597 vero
1020 4543 1293 4615 quisnam
1325 4547 1380 4599 et
1427 4542 1617 4615 qualis
1666 4550 1844 4609 esset,
1874 4542 2032 4599 indi—

379 4620 557 4671 catus
602 4630 637 4668 a
683 4614 809 4668 viro
856 4614 1062 4680 noster,
1117 4614 1216 4681 qui
1267 4631 1301 4669 a
1348 4614 1635 4669 daemonio
1681 4616 2030 4681 vexabatur;

380 4690 707 4770 postqaam
721 4700 859 4766 eum
891 4684 1197 4770 immundi)
1219 4685 1426 4770 spiritu
1455 4685 1785 4770 liberasset,
1803 4687 2037 4770 trajecit

378 4755 444 4813 in
476 4755 862 4828 Dalmatiam,
894 4777 924 4804 »
980 4761 1089 4811 etc.
1150 4757 1192 4811 E
1239 4755 1459 4828 quibus
1507 4757 1624 4813 duo
1654 4763 1794 4814 sunt
1820 4755 2035 4828 inrem

378 4832 656 4901 nostram
689 4826 1337 4901 animadvertenda_;'et
1358 4829 1616 4901 primum
1644 4829 1881 4900 quidem
1914 4827 2037 4885 falli

378 4900 804 4970 Sozomenum,
835 4898 935 4970 qui
965 4898 1026 4954 in
1058 4898 1318 4955 Siciliam
1349 4898 1762 4958 transfretasse
1790 4900 2038 4957 Hilario-

382 4987 531 5027 nem
561 4968 763 5037 tradit,
795 4968 869 5025 ut
889 4970 1223 5026 Gazaaorum
1249 4969 1495 5026 insidias
1536 4972 1873 5039 declinaret,
1906 4988 2039 5028 cum

525 5040 585 5095 id
610 5038 1409 5115 temporisOasidelituisse,
1437 5059 1625 5115 usque
1647 5061 1786 5115 quo,
1805 5045 1835 5099 J
1846 5043 2041 5115 uliano

385 5111 756 5188 imperatore
792 5111 1006 5188 occiso,
1050 5112 1309 5169 Siciliam
1366 5111 1545 5188 venit,
1596 5111 1682 5188 ei
1711 5113 2045 5188 Hieronymi

388 5183 689 5257 superiori
737 5187 1018 5257 contextu
1057 5188 1427 5257 compertum
1479 5184 1574 5241 sit.
1622 5187 1838 5242 Iterum
1887 5183 2044 5257 haud

387 5253 554 5313 recte
574 5253 859 5329 _Gravium
908 5253 1219 5329 suspicari;
1269 5255 1568 5312 hominem
1600 5257 1705 5329 qui
1731 5256 2044 5329 Hilarionis

391 5326 779 5399 sanctitatem
824 5326 1168 5399 prodiderit,
1201 5344 1316 5383 non
1353 5326 1659 5399 scutarium
1690 5328 1895 5398 fuisse,
1927 5329 2048 5385 sive

391 5398 517 5528 Ιὲἱ
547 5398 780 5463 debere,
813 5398 914 5455 sed
939 5400 1293 5468 scrutariam,
1327 5398 1446 5455 sive
1477 5399 1579 5471 qui
1612 5404 1808 5457 scruta
1837 5402 2047 5457 vende-

394 5488 427 5527 r
498 5511 515 5528 .
547 5472 618 5524 ut
646 5485 715 5525 ex
743 5468 984 5527 Horatii.
1014 5485 1211 5528 versu.

394 5468 515 5539 rei,
547 5472 618 5524 ut
646 5485 715 5525 ex
743 5468 984 5527 Horatii.
1014 5485 1211 5528 versu.

566 5547 704 5601 Vilia
728 5549 1051 5602 vendentem
1078 5550 1319 5603 tunicato
1348 5555 1527 5604 scruta
1555 5552 1801 5617 popelio;

2134 371 2362 429 deserta
2382 373 2721 446 penetrans:
2745 375 2799 429 et
2814 371 2966 429 hanc
2985 374 3216 429 tantum
3237 370 3461 428 habens
3480 368 3780 432 fiduciam,

2134 462 2272 534 quia
2294 462 2651 534 ubicumque
2676 466 2853 530 esset,
2882 461 2984 517 diu
3006 461 3184 517 latere
3199 478 3313 516 non
3332 462 3548 533 posset.
3572 458 3787 513 Trans-

2133 556 2257 608 acto
2278 550 2594 623 igiturjam
2618 550 2890 618 triennio,
2920 551 3143 608 audivit
3163 550 3444 606 Methonae
3469 566 3502 604 a
3520 547 3780 620 quodam

2132 639 2357 704 Judteo,
2391 639 2549 694 villia
2599 639 2834 712 populis
2864 644 3060 695 scruta
3098 638 3404 704 vendente,
3433 636 3782 708 Prophetam

2133 727 2602 783 Christianorum
2632 727 2975 801 apparuisse
2995 729 3055 782 in
3076 726 3477 793 Sicilia,tanta
3508 721 3792 779 miracula

2130 822 2187 872 et
2217 817 2386 888 signa
2419 815 2745 883 facientem,
2783 821 2847 871 ut
2876 817 2946 873 de
2973 816 3266 871 veteribus
3298 814 3517 871 sanctis
3548 816 3785 885 putare-

2128 910 2245 962 tur.
2278 907 2650 978 Interrogans
2672 907 2910 978 ‘itaque
2932 904 3200 961 habitum
3234 905 3383 975 ejus,
3411 903 3709 958 incessum
3732 904 3790 956 et

2127 995 2413 1067 linguam,
2450 994 2815 1067 maximeque
2846 999 3098 1060 aetatem,
3128 992 3276 1049 nihil
3308 992 3531 1049 discere
3562 989 3774 1064 potuit.

2130 1082 2230 1138 Ille
2249 1084 2405 1139 enim
2429 1084 2527 1155 qui
2549 1085 2853 1151 referebat,
2882 1084 3098 1138 famam
3119 1083 3190 1137 ad
3214 1098 3275 1137 se
3292 1082 3523 1137 venisse
3546 1082 3780 1135 tantum

2127 1172 2384 1228 hominis
2414 1173 2757 1228 testabatur.
2792 1172 3098 1244 Ingressus
3137 1171 3318 1244 igitur
3346 1168 3607 1236 Adriam,
3641 1184 3781 1241 pro-

2128 1277 2299 1334 spero
2334 1262 2439 1333 [ΑΖ.
2485 1260 2752 1334 propero]
2793 1277 2969 1315 cursu
2997 1259 3152 1314 venit
3180 1258 3557 1329 Pachynum;
3603 1261 3661 1312 et
3708 1256 3770 1311 in

2130 1351 2386 1423 quadam
2408 1349 2568 1406 curvi
2596 1348 2808 1405 littoris
2839 1347 3063 1418 villula,
3089 1348 3305 1403 famam
3335 1345 3493 1402 senis
3520 1344 3779 1400 sciscita-

2127 1444 2246 1506 tus,
2283 1456 2543 1494 consona
2565 1454 2702 1494 voce
2729 1437 2996 1492 omnium
3020 1436 3291 1510 cognovit
3315 1435 3418 1490 ubi
3443 1438 3619 1500 esset,
3646 1433 3789 1506 quid

2128 1533 2324 1600 ageret
2351 1544 2363 1583 :
2398 1526 2541 1583 nihil
2576 1528 2635 1582 in
2669 1544 2735 1582 eo
2768 1527 2849 1581 ita
2880 1528 3105 1582 cunctis
3136 1523 3586 1590 admirantibus,
3610 1539 3789 1594 quam

2126 1618 2288 1689 quod
2324 1622 2456 1689 post
2486 1620 2650 1672 tanta
2679 1616 2851 1688 signa
2875 1619 3049 1687 atque
3082 1612 3386 1681 miracula,
3422 1629 3494 1668 ne
3520 1612 3787 1685 fragmen

2129 1706 2366 1779 quidem
2394 1706 2562 1779 panis
2595 1723 2629 1761 a
2665 1721 2971 1777 quoquam
3022 1703 3081 1758 in
3113 1703 3233 1759 illis
3278 1702 3420 1758 locis
3450 1700 3789 1773 accepisset.

2132 1795 2197 1849 Et
2223 1812 2293 1850 ne
2324 1794 2564 1867 longum
2589 1793 2825 1860 faciam,
2850 1796 3096 1848 sanctus
3115 1790 3204 1847 vir
3233 1790 3556 1864 Hesychius
3572 1789 3644 1845 ad
3671 1805 3787 1843 ma-

2123 1883 2291 1956 gistri
2322 1899 2513 1955 genua
2542 1881 2903 1955 provolutus,
2938 1880 3285 1952 plantasque
3342 1879 3472 1950 ejus
3502 1876 3779 1950 lacrymis

2128 1972 2348 2045 rigans,
2380 1972 2616 2027 tandem
2648 1970 2720 2025 ab
2753 1986 2819 2024 eo
2844 1969 3204 2037 sublevatus,
3230 1973 3366 2041 post
3390 1967 3554 2023 bidui
3578 1965 3787 2022 tridui-

2127 2077 2240 2133 que
2271 2076 2600 2117 sermonem
2651 2058 2870 2114 audita
2924 2058 3174 2126 Gazano,
3222 2074 3339 2113 non
3385 2072 3555 2128 posse
3586 2070 3784 2111 senem

2122 2150 2249 2221 jam
2283 2150 2339 2204 in
2374 2148 2493 2204 illis
2523 2147 2789 2203 habitare
2823 2147 3201 2220 regionibus;
3237 2147 3338 2202 sed
3370 2144 3515 2200 velle
3548 2144 3618 2200 ad
3651 2144 3784 2198 bar-

2129 2238 2303 2294 baras
2334 2238 2622 2310 quasdam
2654 2252 2895 2308 pergere
2942 2236 3231 2302 nationes,
3264 2233 3362 2288 ubi
3393 2238 3451 2290 et
3479 2247 3691 2288 nomen
3724 2234 3783 2287 et

2129 2343 2333 2381 rumor
2358 2343 2503 2382 suus
2536 2325 2869 2396 incognitus
2891 2326 2911 2359 '5
2944 2325 3106 2379 foret.

2195 2503 2283 2558 39.
2318 2501 2578 2558 Comburi
2618 2508 2915 2573 serpentem
2969 2500 3124 2556 boam
3178 2499 3404 2555 dictum.
3459 2497 3637 2554 Duxit
3663 2496 3775 2554 ita-

2125 2609 2237 2664 que
2294 2608 2427 2646 eum
2461 2592 2529 2646 ad
2566 2590 2925 2662 Epidaurum
2958 2587 3255 2644 Dalmatiae
3301 2586 3615 2660 oppidum,“
3670 2586 3773 2642 ubi

2123 2680 2328 2753 paucis
2359 2679 2566 2735 diebus
2600 2679 2659 2734 in
2687 2678 2878 2734 vicino
2910 2676 3094 2750 agello
3125 2676 3476 2744 mansitans,
3523 2692 3640 2731 non
3672 2692 3775 2748 po-

2123 2770 2238 2825 tuit
2269 2769 2568 2824 abscondi.
2589 2767 2651 2823 Si
2670 2768 2909 2840 quidem
2930 2766 3103 2822 draco
3128 2767 3294 2837 mirae
3319 2764 3768 2839 magnitudinis,

2123 2875 2270 2931 quos
2299 2856 2498 2929 gentili
2533 2872 2803 2912 sermone
2834 2856 2960 2910 beas
2981 2858 3204 2920 vocant,
3238 2855 3309 2910 ab
3355 2871 3419 2909 eo
3447 2854 3605 2926 quod
3651 2857 3774 2909 tam

2123 2947 2371 3022 grandes
2403 2946 2539 3012 sint,
2574 2950 2640 3000 ut
2669 2946 2840 3000 boves
2871 2943 3085 3015 glutire
3117 2944 3361 3011 soleant,
3394 2958 3626 2998 omnem
3652 2940 3768 2998 late

2041 3018 2084 3084 Ο
2119 3018 2386 3092 vastabat
2430 3033 2809 3107 provinciam,
2852 3037 2909 3091 et
2956 3049 3072 3087 non
3095 3031 3284 3088 solum
3308 3034 3574 3087 armenta
3592 3034 3649 3086 et
3666 3046 3771 3102 pe-

2121 3126 2299 3181 cudes
2326 3142 2340 3193 ;
2373 3125 2473 3179 sed
2506 3122 2788 3196 agricolas
2834 3138 3067 3194 quoque
3106 3126 3164 3177 et
3207 3125 3471 3193 pastores
3500 3123 3721 3177 tractos
3744 3121 3767 3155 ⁸

2123 3214 2193 3269 ad
2228 3229 2290 3268 se
2320 3212 2375 3267 vi
2408 3212 2651 3284 spiritus
2676 3211 3004 3267 absorbeat.
3041 3210 3144 3265 Cui
3167 3227 3297 3265 cum
3323 3226 3524 3282 pyram
3548 3208 3766 3281 jussis-

2122 3308 2211 3359 set
2240 3304 2573 3375 praeparari,
2628 3305 2685 3357 et
2727 3300 3027 3357 oratione"
3057 3300 3129 3355 ad
3178 3299 3471 3354 Christum
3520 3296 3759 3363 emissa,

2122 3395 2354 3448 evocato
2416 3389 2785 3463 prmcepisset
2833 3393 3057 3445 struem
3112 3388 3405 3461 lignorum
3464 3386 3760 3453 scandere,

2123 3479 2320 3553 ignem
2370 3479 2680 3551 supposuit
2699 3478 2741 3532 ³.
2783 3479 2933 3533 Tum
2966 3477 3163 3549 itaque
3209 3481 3421 3532 cuncta
3467 3478 3765 3547 spectante

2124 3568 2312 3641 plebe,
2364 3568 2683 3622 immanem
2729 3566 2978 3620 bestiam
3028 3563 3437 3620 concremavit.
3478 3564 3575 3619 86
3606 3562 3770 3618 Unde

2126 3661 2403 3722 aestuans,
2438 3655 2580 3727 quid
2630 3655 2859 3723 faceret,
2894 3672 3008 3726 quo
3040 3670 3102 3709 se
3147 3656 3416 3717 verteret,
3460 3650 3637 3706 aliam
3664 3666 3771 3722 pa-

2127 3747 2295 3801 rabat
2316 3745 2545 3817 fugam;
2566 3746 2623 3798 et
2644 3742 2940 3799 solitarius
2965 3749 3147 3797 terras
3170 3745 3363 3796 mente
3385 3737 3772 3812 perlustrans,

2128 3834 2409 3889 maerebat
2438 3834 2545 3904 [Αἰ.
2600 3831 2945 3905 mirabatur]
2993 3832 3149 3903 quod
3200 3832 3428 3885 tacente
3459 3827 3530 3884 de
3571 3842 3633 3884 se
3662 3825 3773 3883 lin-

2129 3939 2263 3996 gua,
2292 3919 2577 3977 miracula
2607 3920 3006 3993 loquerentur.

2131 4063 2266 4103 cum
2322 4061 2369 4118 ei
2407 4044 2696 4100 contrario
2754 4052 3365 4118 avsparévémwﬁam,
3406 4044 3589 4097 virum
3617 4042 3775 4118 illus-

2133 4128 2291 4182 trem,
2320 4117 2452 4188 sive
2477 4132 2705 4188 genere,
2738 4114 2861 4188 sive
2887 4116 3191 4187 dignitate,
3214 4119 3570 4170 Sozomenus
3590 4114 3776 4177 vocet,

2133 4194 2190 4246 et
2219 4187 2459 4244 scutarii
2487 4187 2704 4241 nomen
2733 4187 3018 4258 designet.

2205 4261 2226 4294 ²
2256 4259 2417 4315 Unus
2450 4275 2613 4322 mss.,
2645 4257 2938 4313 deducente
2963 4274 3021 4313 se
3048 4257 3309 4322 dwmone,
3359 4261 3485 4309 ante
3525 4267 3780 4324 conspec-

2136 4337 2253 4387 tum
2280 4333 2428 4387 senis
2445 4338 2773 4401 prostratus,
2808 4330 2978 4395 illico,
3012 4333 3121 4384 etc.

2205 4403 2228 4438 ⁸
2256 4394 2471 4457 Vocem
2503 4418 2680 4473 aqum,
2715 4394 2841 4474 qua
2893 4394 3063 4456 antea
3110 4400 3329 4467 deerat,
3381 4394 3720 4453 sutfecimus
3750 4410 3781 4449 ο

2140 4490 2284 4530 mss.

2211 4547 2233 4579 δ
2260 4544 2482 4598 Vitiose
2528 4544 2811 4598 hactenus
2860 4541 3119 4598 obtinuit
3162 4544 3535 4614 Interrogatus
3567 4554 3676 4614 pro
3702 4538 3788 4592 in-

2145 4620 2447 4686 terrogans,
2472 4615 2693 4687 etnihit
2712 4615 2891 4687 dicere
2906 4631 3008 4686 pro
3039 4614 3263 4679 discere,
3288 4609 3788 4687 quemadmodum

2146 4705 2176 4744 e
2205 4704 2349 4742 mss.
2383 4686 2659 4741 omnibus
2691 4686 3096 4741 emendamus.

2216 4759 2237 4793 ⁸
2269 4759 2411 4813 Mss.
2443 4762 2797 4824 constanter,
2837 4759 3059 4813 Nomem
3106 4761 3157 4812 et
3182 4772 3358 4812 sermo
3386 4770 3517 4810 suus
3555 4755 3789 4822 ignotus,

2149 4835 2256 4885 etc.

2218 4902 2239 4935 δ
2274 4901 2432 4955 Duos
2462 4917 2629 4967 mss.,
2669 4904 2847 4956 tractu
2873 4901 3008 4957 saevi
3060 4900 3307 4969 spiritus,
3340 4898 3483 4952 alius
3510 4895 3601 4951 sui
3626 4894 3791 4967 spiri-

2150 4977 2257 5029 tus.

2224 5044 2245 5078 ⁷
2278 5044 2339 5097 Et
2368 5044 2618 5097 oratione
2649 5041 2719 5096 ad
2765 5040 3063 5101 Christum,
3092 5043 3202 5094 etc.
3238 5038 3389 5094 Male
3426 5038 3630 5111 legunt
3657 5035 3793 5111 editi

2153 5117 2213 5193 et
2232 5115 2478 5193 oratione
2504 5114 2575 5167 ad
2616 5114 2889 5193 Christum
2920 5115 3083 5193 missa
3104 5110 3304 5193 pepqu
3332 5107 3568 5193 evocato,
3596 5107 3799 5193 prima:

2152 5186 2338 5259 pisset,
2371 5189 2521 5259 etc,;
2564 5183 2829 5259 evocavit
2849 5183 3004 5236 enim
3055 5181 3386 5259 serpentem
3430 5181 3713 5259 Hilarion,
3743 5183 3802 5235 et

2158 5252 2209 5314 ei
2241 5255 2509 5328 praecepit
2540 5258 2760 5310 struem
2791 5253 3087 5326 lignorum
3115 5252 3447 5324 ascendere,
3474 5256 3538 5309 ut
3566 5252 3803 5308 combu-

2160 5327 2402 5384 reretur.
2436 5327 2725 5382 MARTIAN.

2229 5401 2249 5434 ⁸
2280 5398 2634 5455 Concinnius
2692 5414 2836 5454 mss.
2892 5398 2951 5453 et
3006 5397 3260 5467 brevius,
3292 5400 3474 5471 ignem
3500 5394 3801 5470 supposuit,

2160 5479 2460 5543 cunctaque
2486 5472 2760 5544 spectante
2781 5471 2959 5543 plebe,
2991 5472 3100 5525 etc.
