4118 6158
399 237 475 306 81
1653 248 1722 313 S.
1765 245 2076 314 EUSEBII
2120 243 2564 313 BIERONYMI
3724 239 3799 308 83

476 381 562 437 40.
609 381 896 453 Egressum
934 383 1183 439 terminis
1230 399 1382 440 mare
1424 385 1734 457 compescit.
1787 385 1867 440 Ea
1895 387 2041 440 tem-
2073 383 2129 450 Α
2158 383 2332 440 batur
2359 383 2473 451 his,
2505 387 2563 440 et
2591 381 2978 440 nihilominus
3009 379 3429 456 spumantibus
3456 377 3665 437 rostris
3694 378 3797 437 ho-

407 475 628 542 pestate
649 473 689 540 ³,
723 475 886 527 terrae
919 477 1080 528 motu
1113 473 1292 528 totius
1319 475 1497 540 orbis,
1531 473 1630 546 qui
1670 478 1803 546 post
1831 472 2051 529 Juliani

406 564 651 614 mortem
675 559 905 626 accidit,
942 562 1126 617 maria
1154 579 1384 634 egressa
1403 569 1543 618 sunt
1575 563 1858 618 terminos
1889 579 2047 629 suos,

407 652 465 703 et
485 649 650 718 quasi
683 667 916 705 rursum
950 651 1102 706 Deus
1144 652 1428 707 diluvium
1480 653 1824 719 minaretur,
1870 651 1958 707 vel
1991 652 2050 705 in

405 737 713 808 antiquum
747 739 921 794 chaos
945 740 1200 795 redirent
1221 742 1440 808 omnia,
1465 758 1637 796 naves
1661 742 1731 796 ad
1762 744 2052 812 praarupta

405 825 605 881 delatisl
640 828 972 882 montium”
1027 831 1445 902 pependerunt.
1497 831 1655 896 Quod
1707 847 1838 884 cum
1891 830 2052 886 vide-

404 919 533 969 rent
565 915 986 986 Epidauritani,
1017 918 1332 974 frementes
1365 919 1584 974 scilicet
1616 919 1830 974 fluctus
1860 927 1907 974 et
1946 936 2051 973 un-

406 1004 613 1058 darum
639 1004 840 1071 moles,
865 1011 922 1061 et
945 1011 1172 1062 montes
1193 1008 1489 1079 gurgitum
1510 1007 1804 1062 littoribus
1829 1006 2048 1073 inferri,

404 1098 687 1160 verentes,
720 1096 874 1164 quod
906 1097 1031 1165 jam
1067 1096 1327 1151 evenisse
1377 1097 1712 1164 cernebant,
1765 1113 1834 1151 ne
1887 1096 2050 1168 oppi-

409 1183 550 1236 dum
574 1183 838 1236 funditus
871 1183 1308 1238 subverteretur
1357 1183 1607 1257 ingressi
1639 1187 1816 1239 sunt3
1855 1185 1924 1240 ad
1962 1201 2050 1239 se-

410 1288 580 1325 nem:
615 1275 670 1325 et
700 1271 866 1342 quasi
913 1272 982 1326 ad
1033 1272 1299 1343 prmlium
1352 1273 1807 1345 proﬁciscentes,
1843 1290 2052 1346 posue-

407 1362 545 1413 runt
586 1375 719 1413 eum
762 1359 817 1412 in
877 1358 1088 1415 littore.
1149 1362 1255 1425 Qui
1314 1379 1447 1416 cum
1498 1362 1612 1418 tria
1641 1364 1829 1418 crucis
1883 1363 2052 1434 signa

406 1448 691 1518 pinxisset
750 1448 810 1502 in
854 1449 1080 1515 sabulo,
1143 1468 1468 1522 manusque
1519 1457 1722 1507 contra
1766 1453 2049 1516 tenderet,

405 1535 746 1591 incredibile
776 1537 934 1592 dictu
966 1542 1054 1593 est
1085 1538 1141 1593 in
1177 1545 1458 1610 quantam
1499 1541 1869 1596 altitudinem
1895 1540 2052 1594 intu-

407 1641 673 1680 mescens
705 1642 862 1680 mare
901 1631 1032 1682 ante
1064 1644 1196 1682 eum
1232 1629 1490 1685 steterit:
1544 1645 1610 1684 ac
1641 1629 1741 1685 diu
1775 1631 2049 1696 fremens,

408 1718 465 1768 et
495 1712 664 1784 quasi
714 1714 784 1767 ad
815 1714 1038 1769 obicem
1069 1715 1408 1788 indignans,
1443 1717 1726 1790 paulatim
1753 1718 1812 1772 in
1845 1723 2051 1816 seme‘t-
2082 1750 2130 1816 B

407 1802 602 1873 ipsum
636 1801 930 1873 relapsum
980 1808 1086 1859 est.
1123 1805 1238 1860 Hoc
1270 1807 1597 1878 Epidaurus
1631 1811 1687 1862 et
1734 1807 1927 1862 omnis
1955 1806 2054 1861 illa

408 1890 566 1962 regio
622 1908 808 1962 usque
866 1891 1037 1948 hodie
1097 1895 1392 1965 przedieat,
1457 1901 1789 1967 matresque
1845 1897 2055 1952 docent

407 1979 623 2034 liberos
655 1997 792 2035 suos
817 1981 886 2035 ad
907 1983 1248 2038 memoriam
1273 1983 1332 2038 in
1366 1989 1629 2056 posteros
1648 1986 2052 2041 transmitten-

408 2069 564 2124 dam.
593 2069 739 2123 Vere
772 2068 914 2124 illud
951 2072 1104 2141 quod
1138 2073 1209 2126 ad
1238 2073 1543 2144 Apostolos
1575 2074 1799 2130 dictum
1829 2079 1918 2130 est
1947 2092 1958 2129 :
1993 2075 2057 2130 Si

407 2157 768 2225 credideritis,
821 2158 1011 2213 dicetis
1058 2160 1186 2214 huic
1241 2164 1434 2230 monti,
1462 2165 1642 2217 transi
1689 2165 1750 2217 in
1800 2179 1950 2218 mare
2005 2172 2055 2219 et

407 2247 499 2316 fiet
530 2247 735 2315 (Matth.
771 2265 907 2316 XVII,
943 2249 1052 2318 19),
1085 2249 1262 2304 etiam
1307 2251 1472 2319 juxta
1525 2250 1781 2306 litteram
1825 2251 2055 2323 impleri

408 2337 620 2406 potest,
655 2335 703 2389 si
731 2340 925 2389 tamen
959 2336 1089 2406 quis
1121 2336 1391 2392 habuerit
1421 2338 1819 2409 apostolorum
1855 2341 2050 2405 ﬁdem,

407 2427 463 2477 et
492 2422 668 2478 talem
709 2423 939 2494 qualem
986 2423 1101 2480 illis
1133 2425 1465 2482 habendam
1498 2428 1781 2484 Dominus
1813 2430 2058 2501 impera-

407 2511 507 2565 vit.
541 2511 687 2575 Quid
716 2512 874 2567 enim
908 2513 1168 2582 interest,
1207 2518 1402 2569 utrum
1438 2532 1606 2570 mons
1638 2517 1953 2572 descendat
1997 2518 2054 2572 in

409 2615 589 2665 mare,
622 2618 694 2654 an
727 2600 999 2656 immensi
1029 2603 1323 2659 undarum
1373 2608 1600 2660 montes
1632 2610 1866 2676 repente
1897 2606 2056 2661 obri-

408 2688 661 2759 guerint,
692 2692 749 2743 et
777 2692 908 2744 ante
940 2689 1096 2745 senis
1145 2695 1374 2746 tantum
1424 2693 1601 2764 pedes
1633 2695 1812 2761 saxei,
1845 2711 1912 2750 ex
1941 2694 2057 2751 alia

412 2779 575 2847 parte
606 2775 859 2831 molliter
888 2777 1205 2833 ﬂuxerint?

482 2865 568 2918 41.
611 2866 770 2933 Fugit
802 2865 1058 2937 Cyprum.
1113 2867 1437 2923 Mirabatur
1480 2870 1672 2925 omnis
1723 2870 1948 2939 civitas,
2001 2877 2056 2927 et

411 2953 752 3025 magnitudo
811 2955 962 3026 signi
1029 2956 1259 3012 Salonis
1328 2975 1560 3030 quoque
1627 2960 2051 3030 percrebuerat.

409 3043 572 3105 Quod
602 3041 936 3115 intelligens
968 3061 1161 3110 senex,
1201 3046 1256 3100 in
1290 3047 1445 3102 brevi
1477 3047 1669 3103 lembo
1702 3048 1851 3104 clam
1886 3054 2053 3106 nocte

2161 472 2323 528 stiles
2346 472 2553 528 carinae
2577 474 2682 544 [AL
2706 474 2911 544 turbae]
2942 471 3536 541 imminebant,jactu
3565 473 3796 525 tantum

2161 561 2372 632 lapidis
2401 562 2610 616 medio.
2644 563 2817 624 Stetit
2846 579 2982 635 ergo
3012 562 3072 617 in
3102 577 3275 634 prora
3315 560 3420 632 [AL
3455 559 3578 629 ora]
3612 559 3797 626 navis,

2161 655 2218 706 et
2274 655 2540 721 porrecta
2590 655 2789 706 contra
2835 651 3132 707 venientes
3184 665 3406 706 manu:
3468 648 3795 719 hucusque,

2161 739 2261 807 ait,
2297 740 2526 795 venisse
2573 740 2845 796 sufﬁciat.
2894 741 2936 796 Ο
2975 740 3125 794 mira
3154 755 3349 794 rerum
3383 736 3566 792 ﬁdes!
3602 736 3802 792 statim

2161 828 2438 884 resiluere
2472 828 2764 895 naviculae,
2799 833 2855 885 et
2897 827 3337 900 impellentibus
3367 829 3570 882 contra
3600 824 3796 892 remis,

2162 917 2230 971 ad
2274 917 2518 989 puppim
2558 918 2812 987 impetus
2845 918 3010 972 redit.
3059 917 3423 972 Mirabantur
3443 914 3641 986 pirata:
3666 917 3796 985 post

2160 1009 2388 1077 tergum
2421 1023 2483 1061 se
2512 1006 2700 1062 redire
2745 1005 3045 1061 nolentes:
3086 1009 3323 1076 totoque
3353 1001 3611 1075 corporis
3644 1002 3797 1067 nisu,

2162 1085 2227 1148 ut
2257 1094 2328 1148 ad
2371 1094 2668 1166 navigium
2722 1094 3108 1166 pervenirent,
3159 1092 3510 1158 laborantes,
3543 1090 3796 1146 velocius

2164 1183 2347 1237 multo
2379 1200 2556 1254 quam
2589 1187 2885 1250 venerant,
2919 1184 2991 1238 ad
3023 1181 3188 1237 littus
3216 1181 3570 1237 ferebantur.

2233 1272 2320 1325 42.
2352 1272 2542 1326 Multos
2570 1272 2636 1326 ab
2669 1271 2969 1326 immundis
3015 1271 3302 1343 spiritibus
3331 1273 3508 1324 curat.
3544 1299 3611 1308 —
3652 1267 3802 1323 PPEB-

2162 1359 2418 1415 termitto
2449 1364 2672 1425 caetera,
2707 1378 2778 1415 ne
2806 1361 3004 1416 videar
3051 1360 3110 1415 in
3135 1359 3468 1414 narratione
3498 1358 3800 1430 signorum

2160 1448 2431 1504 volumen
2459 1449 2784 1505 extendere.
2837 1449 2954 1504 Hoc
3000 1447 3190 1503 solum
3239 1447 3450 1512 dicam,
3484 1446 3636 1517 quod
3670 1461 3804 1517 pro-

2163 1553 2332 1607 spero
2388 1553 2563 1592 cursu
2617 1536 2767 1592 inter
2813 1537 3089 1610 Cycladas
3139 1536 3442 1608 navigans,
3477 1534 3615 1590 hinc
3670 1534 3802 1590 inde

2163 1625 2544 1681 clamantium
2574 1626 2646 1682 de
2676 1626 2920 1680 urbibus
2951 1630 3008 1681 et
3035 1624 3200 1688 vicis,
3233 1629 3290 1680 et
3320 1625 3391 1678 ad
3437 1622 3636 1678 littora
3666 1639 3804 1678 con-

2163 1715 2545 1783 currentium,
2571 1715 3012 1770 immundorum
3056 1713 3371 1786 spirituum
3403 1728 3574 1768 voces
3606 1711 3806 1768 audie-

2161 1805 2260 1859 bat
2279 1805 2320 1858 ⁵.
2357 1806 2660 1876 Ingressus
2690 1820 2825 1876 ergo
2856 1803 3145 1876 Paphum,
3178 1803 3382 1859 urbem
3431 1801 3601 1873 Cypri
3640 1800 3804 1857 nobi-

2161 1890 2277 1948 lem
2335 1892 2697 1947 carminibus
2753 1896 3080 1964 poetarum,
3139 1909 3266 1963 quas
3319 1891 3654 1962 frequenter
3701 1890 3806 1960 [vet

2163 1981 2473 2054 frequenti]
2503 1986 2668 2036 terra:
2702 1986 2861 2037 motu
2911 1980 3098 2053 lapsa,
3149 1996 3303 2035 nunc
3337 1978 3642 2034 ruinarum
3676 1981 3803 2033 tan-

2163 2074 2288 2125 tum
2319 2070 2578 2144 vestigiis
2609 2070 2749 2142 quid
2779 2070 2917 2126 olim
2951 2070 3142 2134 fuerit,
3166 2068 3439 2136 ostendit,
3466 2068 3522 2122 in
3549 2067 3802 2123 secundo

2165 2159 2236 2214 ab
2270 2159 2411 2214 urbe
2441 2159 2692 2214 millario
2736 2159 3039 2214 habitabat
3083 2156 3379 2231 ignobilis,
3421 2156 3803 2229 gaudensque

2165 2249 2320 2318 quod
2354 2248 2557 2319 paucis
2609 2249 2815 2304 diebus
2867 2249 3060 2320 quiete
3089 2247 3320 2303 viveret.
3347 2246 3564 2300 Verum
3589 2261 3705 2300 non
3737 2244 3809 2300 ad

2167 2336 2404 2408 plenum
2433 2337 2642 2409 viginti
2672 2340 2693 2373 ⁸
2741 2337 3028 2393 transiere
3075 2336 3218 2400 dies,
3261 2350 3394 2390 cum
3440 2350 3544 2406 per
3571 2350 3807 2389 omnem

2165 2423 2326 2479 illam
2340 2425 2595 2481 insulam
2613 2427 2967 2498 quicumque
2980 2425 3319 2480 immundos
3333 2423 3628 2479 habebant
3650 2421 3817 2494 spiri-

2166 2517 2284 2580 tus,
2319 2513 2571 2569 clamare
2595 2518 2915 2586 coeperunt,
2939 2514 3169 2569 venisse
3199 2512 3556 2568 Hilarionem
3583 2525 3814 2566 servum

2164 2600 2399 2665 Christi,
2426 2606 2483 2656 et
2512 2604 2585 2658 ad
2618 2619 2752 2658 eum
2786 2619 2848 2658 se
2877 2603 3087 2659 debere
3127 2616 3456 2674 properare.
3490 2599 3608 2654 Hoc
3656 2597 3814 2654 Sala-

2165 2689 2346 2754 mina,
2373 2691 2482 2746 hoc
2513 2691 2773 2759 Curium,
2819 2691 2928 2747 hoc
2992 2690 3244 2763 Lapetha
3273 2693 3329 2745 et
3359 2689 3531 2744 urbes
3581 2685 3818 2759 reliqua:

2164 2778 2628 2848 conclamabant,
2709 2780 3013 2853 plurisque
3090 2778 3490 2836 asserentibus
3548 2776 3698 2831 scire
3751 2792 3815 2832 se

2164 2866 2404 2937 quidem
2436 2868 2818 2936 Hilarionem,
2875 2875 2932 2924 et
2980 2885 3111 2924 vere
3154 2868 3320 2924 illum
3352 2883 3480 2922 esse
3525 2863 3816 2920 famulum

2164 2954 2291 3023 Dei,
2335 2957 2435 3010 sed
2487 2957 2585 3012 ubi
2635 2962 2792 3014 esset
2822 2958 3113 3030 ignorare.
3165 2958 3324 3011 Intra
3365 2954 3609 3026 triginta
3638 2953 3817 3026 igitur

2165 3059 2272 3099 nec
2304 3044 2488 3101 multo
2521 3046 2777 3119 amplius
2807 3047 2953 3112 dies,
2999 3045 3234 3101 ducenti
3287 3045 3489 3110 ferme,
3540 3047 3661 3098 tam
3710 3042 3816 3096 viri

412 3130 583 3202 fugit,
619 3136 675 3184 et
711 3130 946 3187 inventa
994 3140 1128 3204 post
1178 3135 1421 3190 biduum
1457 3137 1725 3192 oneraria
1761 3137 1913 3202 navi,
1944 3154 2078 3210 per-
2108 3116 2152 3182 (ἶ
2190 3149 2364 3203 quam
2412 3133 2705 3202 mulieres,
2754 3136 2826 3191 ad
2884 3152 3016 3191 eum
3067 3133 3402 3206 congregati
3461 3136 3616 3188 sunt.
3666 3131 3823 3194 Quos

415 3219 560 3274 rexit
605 3219 878 3290 Cyprum.
910 3221 1172 3292 Cumque
1200 3223 1350 3279 inter
1380 3225 1626 3280 Maleam
1659 3230 1715 3280 et
1746 3227 2057 3295 Cytheram

416 3307 612 3379 piratze
643 3308 916 3364 derelicta
945 3309 1131 3366 classe
1176 3311 1233 3366 in
1267 3312 1477 3379 littore,
1522 3331 1647 3385 quas
1683 3331 1796 3370 non
1834 3320 2058 3371 antem-

416 3412 510 3461 na,
545 3397 646 3451 sed
690 3401 858 3452 conto
905 3399 1145 3470 regitur,
1199 3401 1430 3456 duobus
1474 3401 1628 3457 haud
1674 3404 1866 3474 parvis
1899 3421 2055 3476 myo—

414 3483 732 3555 paronibus
762 3486 1238 3554 occurrissent,et
1259 3489 1449 3545 denuo
1472 3491 1606 3546 hinc
1639 3492 1772 3546 inde
1807 3493 2020 3548 ﬂuctus
2038 3495 2058 3526 ‘

411 3576 1058 3648 oceurrerent,remiges
1091 3595 1294 3634 omnes
1315 3580 1412 3651 qui
1441 3581 1496 3634 in
1527 3582 1654 3636 navi
1683 3586 1849 3637 erant
1879 3583 2055 3654 trepi-

411 3663 568 3728 dare,
621 3665 776 3729 ﬁere,
819 3664 1164 3734 discurrere,
1220 3685 1543 3740 praeparare
1593 3674 1812 3738 contos,
1867 3671 1960 3725 37
2001 3675 2058 3725 et

409 3751 577 3822 quasi
610 3769 724 3807 non
767 3754 1063 3809 sufﬁceret
1112 3773 1265 3811 unus
1297 3758 1562 3828 nuntius,
1615 3758 1876 3814 certatim
1930 3759 2054 3814 seni

409 3839 633 3910 piratas
651 3841 854 3897 adesse
871 3843 1160 3899 dicebant.
1186 3845 1340 3907 Quos
1367 3846 1461 3901 ille
1483 3846 1682 3918 procul
1699 3848 1934 3904 intuens
1955 3865 2053 3904 su-

335 3963 344 3974 .
407 3928 598 3982 brisit.
635 3931 702 3984 Et
751 3947 1065 3986 conversus
1093 3935 1161 3987 ad
1207 3934 1528 4005 discipulos
1561 3936 1742 3990 dixit:
1807 3937 2052 4004 Medicae,

403 4015 617 4087 inquit,
674 4018 820 4085 fidei,
893 4037 1062 4090 quare
1120 4023 1402 4092 trepidetis
1456 4024 1663 4094 (Matth.
1724 4044 1840 4094 xw,
1912 4027 2053 4098 32)?

401 4105 698 4176 Numquid
726 4106 916 4177 plures
931 4114 1070 4164 sunt
1091 4110 1149 4164 hi
1173 4128 1349 4182 quam
1379 4112 1698 4169 Pharaonis
1722 4115 2053 4170 exercitus?

401 4197 613 4249 Tamen
647 4212 850 4252 omnes
883 4197 998 4254 Deo
1047 4198 1272 4255 volente
1305 4202 1597 4257 submersi
1639 4209 1795 4258 sunt.
1830 4205 2051 4274 Loque-

478 4419 489 4450 ¹
526 4419 602 4471 Eu.
631 4426 958 4489 tempestate,
993 4425 1157 4477 terra:
1201 4431 1373 4477 metu.
1413 4424 1471 4476 In
1521 4422 1822 4478 Chronieis
1870 4425 2043 4481 Euse-

404 4489 596 4564 bianis
645 4482 798 4542 idem
859 4482 1264 4564 Hieronymus,
1317 4509 1468 4547 anno
1521 4493 1915 4551 Valentiniani
1973 4498 2042 4562 II,
2074 4482 2120 4545 D

410 4583 428 4605 «ι
468 4559 657 4631 Terrae
692 4565 850 4614 motu
887 4578 987 4630 per
1017 4559 1200 4617 totum
1236 4564 1434 4617 orbem
1470 4565 1638 4631 facto,
1679 4582 1847 4621 mane
1878 4559 2044 4624 littus

404 4629 721 4704 egreditur,
750 4635 805 4684 et
836 4629 1063 4704 Siciliae,
1099 4633 1539 4704 multarumque
1584 4629 1909 4692 insularum
1952 4657 2043 4694 ur-

404 4702 525 4776 bes,
555 4704 610 4776 et
641 4700 1103 4776 innumerabiles
1141 4704 1383 4775 populos
1433 4700 1742 4776 cppressit.
1783 4733 1807 4757 ››
1840 4710 1918 4765 De
1949 4728 2042 4767 eo-

402 4773 532 4827 dem
594 4773 712 4848 haec
766 4772 940 4848 habet
970 4774 1054 4848 _in
1089 4772 1232 4848 lea.—
1282 4793 1406 4848 cap.
1468 4772 1573 4833 iv:
1627 4801 1654 4827 ‹‹
1691 4779 1848 4835 Motu
1884 4787 2043 4837 terras

403 4861 615 4915 magno
648 4843 706 4897 in
736 4861 865 4900 mea
898 4845 1157 4918 infamia,
1209 4843 1443 4918 quando
1477 4848 1657 4905 totius
1689 4851 1847 4906 orbis
1879 4852 2042 4908 littus

401 4921 736 4988 _trangressa
766 4921 904 4972 sunt
934 4917 1138 4973 maria.
1173 4942 1199 4968 »
1232 4917 1341 4974 ste.
1398 4920 1531 4974 Vide
1563 4921 1740 4977 etiam
1772 4923 2041 4980 Orosium

401 4985 634 5068 pag",
660 5003 785 5058 cap.
828 4990 912 5044 32.
951 4995 1005 5045 et
1033 4990 1254 5045 Socrat.
1287 4993 1421 5046 Hist.
1449 4993 1642 5048 Eccles.
1679 4993 1776 5049 lib.
1805 5013 1879 5059 1v,
1913 5012 2040 5068 cap.

401 5057 452 5111 3.
471 5057 758 5114 MARTIAN.

474 5159 539 5207 τ
564 5129 759 5207 fl‘erra:
789 5136 982 5207 motus
1005 5134 1098 5188 hic
1131 5134 1282 5207 idem
1306 5143 1411 5201 est,
1438 5151 1609 5205 quem
1633 5134 1927 5207 eleganter
1949 5137 2044 5191 de-

403 5198 605 5253 scribit
635 5199 979 5274 Ammianus
1031 5198 1406 5262 Marcellinus
1445 5198 1513 5261 ad
1550 5198 1857 5261 ﬁnemvlib.
1890 5225 2038 5274 xxvr,

401 5274 452 5324 ct
494 5271 716 5350 causule
751 5271 1144 5350 fatentiniuno
1190 5281 1435 5347 primum
1464 5295 1585 5332 cum
1615 5281 1792 5350 fratre
1828 5271 2045 5335 Valente

403 5340 683 5420 accidisse
733 5339 891 5420 dicit,
945 5347 1094 5415 quod
1159 5339 1403 5420 refertur
1455 5351 1524 5404 ad
1590 5339 1684 5404 an.
1743 5352 1848 5404 365
1892 5351 2043 5420 (vide

402 5412 727 5488 Chronicon
776 5415 844 5467 ad
880 5412 977 5469 an:
1029 5422 1063 5471 2
1112 5419 1548 5488 Valentiniani),
1601 5427 1656 5475 et
1689 5421 1745 5476 in
1781 5412 2042 5483 Chronico

404 5485 668 5540 Atearand.
694 5505 711 5540 .'
739 5494 900 5557 Τούτῳ
947 5497 1014 5557 τῷ
1065 5498 1159 5544 ἔτει
1198 5498 1230 5556 ἡ
1261 5498 1488 5549 Θάλασσα
1535 5499 1590 5548 ἐκ
1631 5504 1728 5548 τῶν
1761 5501 1889 5550 ἰδίων
1919 5503 2048 5557 ὅρων

399 5563 564 5623 ἐξῆλθε
597 5569 713 5627 μηνὶ
746 5566 950 5630 ιιεινέμῳ
990 5569 1099 5629 πρὸ,
1149 5569 1203 5632 ιβ’
1249 5567 1506 5616 καλανδῶν
1550 5571 1860 5633 Αὐγούστων.
1913 5551 2040 5621 Vid.

2171 3237 2302 3276 cum
2335 3222 2592 3292 vidisset,
2623 3223 2827 3280 dolens
2849 3225 3003 3295 quod
3039 3239 3101 3279 se
3133 3240 3249 3278 non
3282 3224 3622 3294 paterentur
3652 3217 3822 3290 quie-

2168 3327 2346 3377 scere,
2398 3317 2454 3367 et
2504 3313 2934 3383 quodammodo
2978 3312 3037 3367 in
3071 3311 3348 3366 ultionem
3399 3309 3490 3364 sui
3543 3307 3821 3379 saeviens,

2168 3403 2332 3455 tanta
2355 3417 2454 3456 eos
2483 3401 2814 3456 orationum
2873 3401 3154 3456 instantia
3192 3397 3522 3471 flagellavit,
3580 3401 3645 3451 ut
3675 3395 3806 3468 qui-

2167 3489 2301 3544 dam
2335 3491 2552 3554 statim,
2603 3489 2700 3544 alii
2752 3493 2880 3561 post
2927 3490 3176 3545 biduum
3217 3487 3572 3553 triduumve,
3603 3501 3808 3541 omnes

2165 3595 2296 3634 vero
2318 3578 2470 3634 intra
2499 3595 2676 3634 unam
2708 3577 3133 3634 hebdomadam
3167 3579 3531 3632 curarentur.

2237 3669 2323 3723 43.
2358 3670 2417 3723 In
2446 3669 2793 3724 secretiorem
2841 3669 3018 3723 locum
3049 3667 3315 3722 ascendit.
3363 3665 3591 3719 Bucotia
3626 3665 3808 3734 Αἴθῃ-

2159 3759 2263 3827 pti.
2339 3745 2686 3829 Paratyticus
2754 3765 2995 3812 curatus.
3054 3787 3122 3796 —
3171 3755 3414 3810 Manens
3470 3752 3666 3823 itaque
3720 3751 3801 3806 ibi

2164 3845 2421 3914 biennio,
2453 3850 2509 3900 et
2539 3863 2769 3918 semper
2807 3847 2877 3901 de
2928 3846 3064 3916 fuga
3114 3843 3400 3916 cogitans.
3452 3839 3807 3912 Hesychium

2163 3934 2231 3988 ad
2267 3949 2327 3989 se
2357 3933 2508 3989 veris
2533 3939 2792 4006 tempore
2844 3949 3238 4002 reversurum,
3296 3929 3662 3986 Palaestinam
3724 3928 3801 3983 ad

2162 4021 2573 4077 salutationem
2597 4022 2864 4088 fratrum,
2884 4027 2941 4078 et
2971 4020 3308 4077 monasterii
3331 4018 3418 4074 sui
3446 4017 3544 4074 88
3576 4017 3805 4073 cineres

2159 4111 2430 4165 visendos
2463 4111 2643 4165 misit.
2678 4112 2785 4174 Qui
2815 4128 2946 4166 cum
3000 4109 3352 4173 revertisset,
3387 4105 3644 4179 cupienti
3677 4121 3804 4160 rur-

2160 4215 2292 4254 sum
2324 4200 2395 4254 ad
2426 4200 2734 4272 .Egyptum
2785 4200 3075 4272 navigare,
3128 4199 3235 4254 hoc
3264 4200 3372 4264 est,
3426 4197 3496 4251 ad
3547 4212 3614 4251 ea
3658 4193 3813 4252 loca.

2158 4421 2450 4477 Socratem
2485 4421 2588 4478 lib.
2615 4440 2688 4489 ιν,
2719 4440 2770 4478 c.
2805 4423 2859 4476 3.

2221 4493 2242 4525 ²
2273 4495 2565 4572 Praerupta
2620 4494 2800 4572 delata
2825 4495 3116 4572 montium.
3157 4493 3274 4548 Hoc
3305 4493 3476 4572 modo
3509 4490 3798 4572 scriptum

2157 4561 2482 4635 reperimus
2519 4566 2576 4619 in
2609 4565 2905 4630 omnibus,
2928 4581 3072 4636 quos
3104 4564 3352 4636 inspexi,
3388 4579 3553 4631 mss.,
3587 4561 3810 4636 codici-

2155 4633 2284 4691 bus.
2339 4637 2636 4709 Marianus
2674 4636 2834 4709 legit,
2873 4633 3258 4708 (id—praerupta
3304 4637 3576 4690 montium
3622 4633 3812 4688 delata

2148 4707 2540 4778 pependerunt.
2577 4707 2837 4764 MARTlAN
2849 4750 2860 4761 .

2223 4774 2290 4820 '—
2339 4779 2739 4835 Erasmianam
2791 4779 3097 4835 lectionem
3144 4778 3515 4832 Martianaaus
3559 4790 3628 4829 ex
3688 4774 3812 4830 ﬁde

2155 4866 2296 4928 mss.
2349 4867 2589 4928 suorum
2639 4851 2944 4928 revocavit,
2989 4850 3053 4904 de
3095 4851 3420 4928 latere,_ppo
3462 4845 3811 4928 unpuverbp

2152 4922 2388 4978 delatae:
2454 4922 2620 4978 nobis
2697 4923 2981 4994 probatur
3037 4921 3226 4994 magis
3281 4917 3482 4976 isthasc
3539 4917 3808 4994 Victorii,

2153 5009 2331 5063 quam
2378 5010 2520 5050 mss.
2555 4995 2626 5050 ad
2679 4987 2862 5050 tinum
2911 4987 3169 5059 omnes,“
3188 5009 3336 5064 quos
3367 4987 3809 5059 consuluimus,

2153 5065 2524 5140 conﬁrmant.
2716 5138 2723 5140 _
2928 5137 2936 5140 _
3110 5139 3113 5140 ν
3302 5137 3310 5140 _
3516 5130 3549 5140 ..
3644 5127 3678 5140 ..

2223 5137 2244 5170 ³
2274 5141 2408 5192 Erat
2478 5142 2646 5192 antea
2702 5137 2959 5207 ingressi,
2990 5139 3138 5202 sunt,
3200 5137 3352 5189 certe
3409 5129 3806 5188 renitentibus

2155 5222 2295 5262 mss.
2324 5208 2454 5263 Vid.
2487 5206 2892 5272 Sozomenum,
2925 5206 3028 5261 lib.
3059 5224 3115 5272 v,
3149 5223 3291 5278 cap.
3312 5207 3402 5278 20.

2224 5279 2436 5354 fUnus
2483 5280 2667 5335 Vatic.
2733 5280 2950 5354 Fluctus
2994 5272 3238 5354 uertente
3276 5275 3372 5354 (al.
3415 5272 3680 5354 uerrente)
3713 5287 3809 5328 re-

2151 5352 2313 5422 mige,
2347 5367 2551 5416 omnes,
2585 5356 2716 5415 etc.,
2751 5367 2877 5421 quae
2910 5351 3154 5404 fortasse
3175 5345 3363 5404 verior
3391 5351 3480 5402 est
3507 5345 3698 5400 lectio.

2222 5423 2242 5455 ⁵
2273 5423 2407 5477 Erat
2439 5428 2639 5477 contra
2667 5439 2808 5477 mss.
2835 5423 3032 5477 ﬁdem.
3063 5421 3446 5476 audiebantur.

2222 5423 2242 5455 ⁵
2273 5423 2407 5477 Erat
2439 5428 2639 5478 contra
2667 5439 2808 5478 mss.
2835 5423 3032 5478 ﬁdem.
3063 5423 3446 5476 audiebantur.

2222 5494 2242 5527 ⁵
2272 5493 2431 5549 Unus
2463 5495 2667 5562 Vatic.,
2711 5511 2819 5551 non
2847 5495 2974 5568 plus
2994 5462 3032 5555 ,³,
3046 5492 3197 5548 alius
3218 5507 3326 5547 non
3355 5492 3537 5564 plene,
3571 5487 3799 5557 viginti,

2153 5567 2261 5620 etc.
