4118 6158
363 178 450 246 83

1460 186 1645 252 VITA
1692 190 1758 253 S.
1805 187 2258 255 HILARIONIS
2308 190 2708 259 EREMITE.
3717 187 3796 257 84

370 338 499 396 quae
525 326 814 380 vocantur
843 322 1075 380 Bucolia
1098 324 1137 393 ¹,
1172 339 1238 381 eo
1290 324 1445 398 quod
1495 324 1694 383 nullus
1741 324 1823 382 ibi
1873 325 2029 382 Chri-
2056 330 2112 396 Α
2142 328 2260 400 psit
2285 328 2615 401 epistolam,
2638 345 2843 387 omnes
2866 328 3098 389 divitias
3121 347 3259 389 suas
3280 329 3331 388 ei
3353 328 3789 405 derelinquens,

367 413 700 469 stianorum
751 419 928 481 esset,
962 415 1063 470 sed
1094 414 1347 472 barbara
1391 420 1623 472 tantum
1656 420 1712 472 et
1744 417 2031 497 ferox’na-

362 502 468 567 tio,
506 504 697 559 suasit
728 509 794 558 ut
821 505 880 560 in
912 505 1043 576 ipsa
1074 506 1265 579 magis
1297 506 1494 562 insula
1543 508 1611 561 ad
1664 506 2032 561 secretiorem

360 591 567 647 locum
597 594 1079 649 conscenderet’.
1108 596 1287 659 Quem
1322 612 1457 650 cum
1492 596 1591 650 diu
1624 595 1885 650 lustrans
1918 607 2035 649 om‘

363 682 491 749 nia,
530 683 864 754 reperisset,
907 683 1179 755 perduxit
1226 701 1360 740 eum
1412 685 1722 741 duodecim
1776 684 2037 740 millibus

365 788 401 827 a
430 773 580 827 mari
614 772 820 843 procul
877 773 1028 827 inter
1071 779 1326 829 secretos
1375 790 1732 847 asperosque
1783 780 2033 848 montes,

363 865 419 916 et
452 876 569 932 quo
600 862 695 916 vix
736 863 1026 934 reptando
1078 864 1353 919 manibus
1400 864 1788 935 genubusque
1837 860 2037 935 posset

363 951 627 1005 ascendi.
663 950 775 1015 Qui
824 952 1249 1024 introgressus,
1301 953 1752 1025 contemplatus,
1799 953 2037 1024 quidem

358 1044 448 1094 est
496 1039 832 1095 terribilem
887 1041 1054 1096 valde
1103 1046 1160 1097 et
1202 1047 1495 1098 remotum
1547 1042 1763 1107 locum,
1812 1040 2034 1097 arbori-

357 1129 475 1184 bus
542 1130 686 1183 hinc
748 1130 887 1184 inde
960 1131 1427 1197 circumdatum,
1488 1132 1803 1187 habentem
1862 1130 2034 1185 etiam

366 1234 556 1289 aquas
590 1219 906 1290 supercilio
939 1220 1107 1276 collis
1139 1220 1413 1293 irriguas,
1448 1226 1503 1276 et
1543 1220 1835 1276 hortulum
1869 1237 2032 1291 pera-

367 1323 663 1375 mmnum,
717 1312 775 1363 et
832 1309 1100 1380 pomaria
1156 1309 1434 1382 plurima,
1469 1328 1720 1382 quorum
1782 1312 2035 1389 fructum

365 1412 678 1468 nunquam
727 1396 787 1452 in
841 1397 970 1454 cibo
1020 1400 1324 1471 sumpsit:
1361 1402 1460 1456 sed
1520 1405 1576 1454 et
1633 1398 2034 1470 antiquissim1

348 1484 529 1554 juxta
562 1485 774 1558 templi
826 1487 1061 1543 ruinam
1094 1505 1164 1543 ex
1200 1505 1314 1559 quo
1348 1491 1434 1559 (ut
1478 1490 1605 1561 ipse
1663 1490 1946 1545 referebat
1976 1501 2033 1552 et

355 1576 491 1645 ejus
522 1575 811 1647 discipuli
843 1580 1141 1631 testantur
1159 1579 1201 1648 3)
1222 1583 1342 1633 tam
1376 1578 1898 1635 innumerabilium
1929 1596 2032 1651 per

2143 417 2543 493 (Evangelium
2595 421 2836 489 scilicet,
2871 424 2927 477 et
2966 420 3223 478 tunicam
3271 439 3560 490 sacceam,
3595 422 3794 478 cucul-

2142 506 2257 562 lam
2289 514 2344 563 et
2378 510 2727 581 palliolum),
2762 528 2895 565 nam
2948 511 3217 566 minister
3245 513 3372 583 ejus
3412 515 3544 567 ante
3572 527 3792 582 paucos

2143 596 2267 651 dies
2308 598 2548 653 obierat.
2580 600 2881 655 Venerunt
2930 600 3124 671 itaque
3171 600 3243 654 ad
3294 603 3669 671 aegrotantem
3718 600 3791 655 de

2144 685 2339 757 Papho
2372 687 2543 742 multi
2586 688 2844 761 religiosi
2875 688 3010 757 viri;
3047 693 3101 744 et
3150 688 3401 744 maxime
3448 688 3603 758 quod
3652 704 3789 743 eum

2143 775 2360 830 dixisse
2409 778 2886 849 audierant,jam
2934 795 2994 833 se
3043 780 3112 833 ad
3161 777 3476 833 Dominum
3517 776 3792 849 migratu-

2143 882 2295 932 rum,
2332 869 2388 920 et
2437 866 2507 921 de
2552 868 2809 938 corporis
2858 867 3105 923 vinculis
3155 867 3555 935 liberandum;
3587 866 3687 921 sed
3735 869 3791 921 et

2143 953 2481 1011 Constantia
2513 957 2775 1027 quaedam
2807 960 3011 1011 sancta
3042 957 3278 1023 femina,
3308 957 3477 1028 cujus
3509 970 3788 1028 generum

2143 1047 2199 1097 et
2230 1044 2409 1099 {illam
2444 1046 2513 1099 de
2544 1049 2728 1100 morte
2760 1045 3105 1101 liberaverat
3135 1046 3408 1102 unctione
3448 1044 3558 1100 olei
3594 1062 3606 1099 :
3643 1059 3789 1115 quos

2142 1149 2344 1189 omnes
2377 1134 2682 1204 adjuravit,
2720 1138 2783 1189 ut
2822 1152 2892 1189 ne
2925 1140 3139 1206 puncto
3171 1135 3407 1205 quidem
3458 1134 3611 1189 horae
3654 1136 3791 1204 post

2142 1227 2388 1278 mortem
2422 1228 2843 1289 reservaretur;
2887 1224 2987 1278 sed
3034 1222 3233 1277 statim
3290 1239 3424 1278 eum
3473 1222 3532 1277 in
3582 1222 3788 1277 eodem

2140 1310 2373 1366 hortulo
2405 1317 2558 1368 terra
2604 1311 2915 1383 operirent,
2951 1311 3103 1366 sicut
3130 1311 3377 1366 vestitus
3422 1314 3545 1366 erat
3592 1310 3651 1364 in
3699 1315 3789 1365 tu-

2142 1400 2271 1455 nica
2302 1401 2533 1456 eilieina
2559 1406 2615 1457 et
2644 1399 2893 1470 euculla,
2918 1404 2974 1455 et
3003 1415 3141 1472 sago
3175 1398 3415 1455 rustico.

2209 1492 2296 1545 45.
2330 1491 2577 1561 Jamque
2622 1490 2888 1546 modicus
2938 1489 3094 1545 calor
3147 1489 3380 1561 tepebat
3425 1488 3483 1542 in
3532 1490 3782 1559 pectore,

2138 1597 2241 1635 nec
2274 1585 2481 1651 praeter
2510 1597 2749 1635 sensum
2774 1579 3099 1651 quidquam
3122 1578 3235 1633 vivi
3266 1576 3522 1633 hominis
3554 1594 3786 1649 supere-

348 1669 563 1719 noctes
624 1669 685 1720 et
744 1666 870 1720 dies
928 1666 1263 1722 daemonum
1315 1684 1486 1723 voces
1543 1668 1918 1736 resonabant,
1964 1673 2029 1724 ut
2057 1698 2104 1763 B
2136 1674 2244 1735 rat,
2279 1674 2335 1724 et
2361 1674 2555 1725 tamen
2590 1671 2807 1741 apertis
2837 1667 3023 1724 oculis
3053 1667 3438 1763 loquebatur;
3471 1667 3779 1763 Egredere,

344 1754 679 1808 exercitum
712 1754 1000 1810 crederes.
1038 1756 1161 1819 Quo
1213 1755 1309 1811 ille
1338 1755 1503 1812 valde
1535 1757 1879 1823 delectatus,
1903 1775 2018 1829 quo

344 1842 579 1905 scilicet
613 1844 1028 1915 antagonistas
1058 1845 1300 1901 haberet
1332 1845 1390 1899 in
1424 1847 1708 1917 proximo,
1738 1846 2020 1902 habitavit

343 1932 430 1987 ibi
483 1949 591 2003 per
635 1949 826 1988 annos
859 1934 1142 2005 quinque,
1175 1938 1232 1989 et
1270 1952 1420 2007 saepe
1468 1936 1749 1991 invisente
1796 1952 1856 1991 se
1906 1940 2018 1991 He-

349 2020 582 2091 sychio,
622 2021 685 2075 in
746 2021 857 2077 hoc
909 2027 1166 2078 extremo
1216 2024 1341 2094 jam
1401 2024 1526 2079 vitm
1584 2042 1704 2079 sua)
1759 2029 2017 2096 tempore

346 2109 720 2166 refocillatus
752 2116 862 2176 est,
897 2112 1050 2183 quod
1086 2117 1322 2183 propter
1361 2113 1733 2184 asperitatem
1767 2114 2015 2168 difﬁcul-

340 2203 655 2270 tatemque
712 2199 846 2265 loci,
878 2205 936 2255 et
969 2200 1311 2255 umbrarum
1343 2202 1433 2271 (ut
1478 2202 1773 2257 ferebatur
1820 2201 2015 2275 vulgo)

346 2287 828 2354 multitudinem,
854 2295 956 2343 aut
986 2288 1207 2353 nullus,
1241 2294 1342 2344 aut
1374 2307 1541 2346 rarus
1575 2291 1645 2347 ad
1679 2306 1739 2346 se
1770 2291 1857 2346 vel
1889 2308 2017 2361 pos-

348 2381 466 2439 set,
515 2376 607 2432 vel
670 2378 917 2433 auderet
975 2379 1310 2435 ascendere.
1346 2380 1609 2443 Quodam
1670 2386 1865 2436 autem
1921 2381 2013 2435 die

350 2481 631 2536 egressus
674 2465 1003 2533 hortulum,
1035 2467 1183 2521 vidit
1239 2467 1537 2523 hominem
1594 2474 1712 2524 toto
1774 2486 2014 2541 corpore

356 2553 744 2626 paralyticum
788 2556 1084 2626 jacentem
1126 2560 1260 2612 ante
1291 2557 1464 2614 fores.
1522 2558 2013 2631 Interrogavitque

348 2643 714 2715 Hesychium
768 2643 1046 2715 quisnam
1104 2650 1280 2711 esset,
1310 2645 1397 2701 vel
1457 2648 1749 2717 quomodo
1808 2647 2013 2702 fuisset

348 2732 667 2787 adductus.
701 2732 812 2795 Qui
871 2735 1250 2805 respondens,
1303 2736 1402 2801 ait,
1454 2741 1889 2806 procuratorem
1951 2752 2011 2791 se

346 2821 470 2876 fuis
501 2838 565 2877 se
594 2820 839 2889 villulae,
872 2822 944 2876 ad
990 2823 1161 2893 cujus
1184 2825 1287 2894 jus
1320 2824 1591 2879 hortulus
1613 2826 1634 2858 ⁴
1664 2842 1917 2897 quoque,
1950 2826 2008 2880 in

344 2928 468 2982 quo
518 2910 635 2982 ipsi
698 2916 885 2978 erant,
940 2912 1271 2982 pertineret.
1316 2914 1383 2967 Et
1438 2913 1535 2968 ille
1587 2914 2010 2986 collacrymans

348 3000 722 3071 tendensque
784 3001 856 3054 ad
898 3001 1193 3070 jacentem
1244 3019 1481 3057 manum
1532 3021 1543 3057 :
1599 3004 1747 3069 Tibi,
1794 3004 2005 3074 inquit,

346 3089 482 3144 dico
511 3090 571 3143 in
606 3088 850 3145 nomine
875 3088 1107 3143 Domini
1138 3090 1323 3145 nostri
1368 3091 1507 3146 Jesu
1542 3091 1775 3159 Christi,
1812 3109 2003 3164 surge,
2040 3065 2080 3130 C

346 3184 407 3233 et
438 3176 701 3234 ambula.
734 3178 885 3233 Mira
923 3176 1217 3233 velocitas.
1251 3180 1454 3235 Adhuc
1500 3182 1677 3235 verba
1708 3181 1766 3234 in
1799 3198 1895 3235 ore
1925 3180 2007 3234 lo-

350 3267 591 3339 quentis
634 3266 1040 3334 volvebantur,
1072 3272 1129 3322 et
1163 3268 1288 3338 jam
1342 3270 1607 3324 membra
1659 3269 1909 3325 solidata
1938 3270 2008 3324 ad

350 3357 663 3421 standum,
704 3356 1004 3412 hominem
1054 3358 1447 3429 surrigebant.
1482 3360 1645 3423 Quod
1700 3364 2009 3431 postquam

350 3445 631 3500 auditum
655 3450 763 3513 est,
786 3447 960 3501 etiam
984 3446 1391 3501 difﬁcultatem
1416 3446 1548 3515 loci,
1583 3453 1639 3502 et
1662 3448 1769 3503 iter
1791 3448 2008 3501 invium

351 3533 761 3604 plurimorum
805 3535 937 3589 vicit
980 3535 1320 3591 necessitas.
1359 3536 1517 3591 Nihil
1555 3553 1717 3608 sique
1751 3555 1854 3608 per
1900 3537 2011 3591 cir-

361 3621 660 3676 cumitum
720 3624 933 3679 cunctis
980 3622 1139 3678 villis
1188 3625 1658 3693 observantibus,
1692 3642 1868 3697 quam
1916 3643 2011 3680 ne-

356 3727 478 3783 quo
535 3710 711 3766 modo
761 3711 1102 3768 elaberetur.
1155 3713 1653 3770 Disseminaverat
1700 3714 1855 3769 enim
1905 3714 2014 3769 hoc

354 3800 430 3854 de
460 3815 529 3854 eo
561 3816 785 3867 rumor,
819 3802 919 3855 diu
952 3818 1087 3856 eum
1119 3801 1179 3856 in
1210 3803 1412 3857 eodem
1462 3803 1587 3858 loco
1635 3821 1867 3859 manere
1899 3820 2010 3858 non

352 3905 549 3961 posse.
583 3890 750 3953 Quod
802 3888 898 3945 ille
932 3907 1046 3945 non
1082 3890 1313 3947 levitate
1344 3894 1620 3963 quadam,
1656 3898 1757 3948 aut
1808 3892 2016 3964 puerili

356 3994 538 4033 sensu
568 3977 764 4032 victus
793 3978 1072 4045 faciebat;
1105 3980 1207 4034 sed
1240 3980 1522 4036 honorem
1560 3981 1790 4054 fugiens
1820 3986 1876 4037 et
1906 3981 2014 4036 im-

354 4066 815 4138 portunitatem;
840 4084 1073 4139 semper
1101 4069 1201 4124 39
1231 4070 1388 4124 enim
1421 4069 1719 4125 silentium
1752 4075 1809 4125 et
1839 4070 2016 4125 vitam

353 4154 683 4227 ignobilem
717 4155 1108 4212 desiderabat.

440 4246 527 4298 44.
587 4246 993 4300 Testamentum
1072 4247 1408 4301 Hilarionis.
1463 4279 1528 4285 —
1583 4246 1700 4302 Olei
1769 4249 2022 4302 unctione

360 4336 548 4388 curati
572 4333 703 4403 ﬁlia
734 4343 785 4389 et
814 4350 985 4405 gener
1034 4334 1385 4392 Constantine.
1432 4336 1618 4407 Igitur
1665 4336 2019 4408 octogesimo

2134 1758 2273 1829 quid
2308 1759 2519 1813 times?
2549 1759 2843 1829 egredere,
2880 1757 3076 1812 anima
3122 1773 3271 1824 mea,
3300 1755 3439 1827 quid
3495 1755 3781 1811 dubitas?

2128 1848 2508 1919 Septuaginta
2540 1863 2720 1919 prope
2768 1845 2939 1901 annis
2971 1844 3200 1901 servisti
3251 1842 3504 1909 Christo,
3536 1846 3593 1897 et
3623 1859 3781 1898 mor-

2128 1941 2245 1992 tem
2278 1936 2487 1992 times‘?
2518 1938 2582 1991 In
2614 1936 2733 1990 haec
2781 1936 2956 1991 verba
2986 1932 3276 1989 exhalavit
3324 1931 3617 2003 spiritum.
3651 1932 3776 1987 Sta-

2127 2026 2351 2096 timque
2392 2026 2573 2081 humo
2600 2026 2897 2091 obrutum,
2922 2028 3055 2079 ante
3088 2022 3216 2078 urbi
3250 2020 3571 2093 sepultum,
3598 2037 3777 2093 quam

2128 2120 2423 2170 mortuum
2456 2115 2891 2170 nuntiaverunt.

2198 2206 2299 2259 40
2348 2206 2435 2259 46.
2485 2204 2777 2275 Hesychius
2824 2207 3056 2273 [uratur
3103 2218 3295 2271 corpus
3342 2202 3399 2254 S.
3448 2202 3771 2256 Hilarionis.

2124 2295 2403 2361 [ntegrum
2433 2308 2626 2362 corpus
2658 2293 2960 2346 Hilarionis
2989 2300 3038 2345 et
3067 2292 3265 2347 illius?
3296 2295 3486 2344 vestes.
3514 2321 3582 2328 ——
3611 2289 3773 2351 Quod

2125 2384 2438 2453 postquam
2470 2385 2711 2435 sanctus
2745 2379 2831 2433 vir
2877 2378 3098 2433 audivit
3146 2376 3487 2448 Hesychius,
3523 2377 3774 2447 perrexit

2123 2470 2191 2523 ad
2226 2472 2500 2541 Cypnum,
2523 2472 2579 2524 et
2600 2467 2887 2523 simulans
2914 2484 2975 2522 se
3003 2466 3150 2522 velle
3180 2465 3447 2521 habitare
3476 2466 3535 2520 in
3567 2465 3770 2521 eodem

2122 2558 2375 2625 hortulo,
2403 2565 2469 2614 ut
2498 2558 2797 2630 diligentis
2823 2557 3101 2612 custodiae
3133 2555 3528 2627 suspicionem
3559 2554 3771 2611 accolis

2120 2647 2370 2716 tolleret,
2395 2665 2529 2704 eum
2562 2647 2782 2720 ingenti
2810 2647 2938 2701 vitae
2963 2664 3080 2701 suae
3108 2643 3383 2717 periculo,
3410 2648 3541 2716 post
3570 2644 3770 2699 decem

2122 2739 2237 2793 fere
2270 2755 2501 2793 menses
2533 2755 2744 2809 corpus
2793 2738 2920 2807 ejus
2966 2736 3194 2790 furatus
3224 2737 3330 2789 est.
3365 2734 3527 2799 Quod
3578 2733 3772 2803 Maju-

2121 2844 2278 2882 mam
2330 2828 2615 2895 deferens,
2658 2828 2794 2881 totis
2842 2825 3264 2881 monachorum
3315 2825 3372 2877 et
3420 2822 3769 2893 Oppidorum

2120 2916 2309 2971 turbis
2342 2916 2853 2987 prosequentibus,
2888 2914 2945 2968 in
2978 2912 3218 2982 antiquo
3253 2909 3608 2965 monasterio
3641 2922 3771 2964 con-

2120 3004 2296 3072 didit;
2329 3004 2511 3059 illaesa
2543 3004 2761 3069 tunica,
2787 3002 3036 3068 cuculla,
3061 3005 3116 3055 et
3139 2998 3396 3072 palliolo,
3421 3004 3478 3053 et
3507 3002 3627 3053 toto
3650 3014 3799 3053 cor--

2120 3111 2278 3165 pore,
2312 3094 2480 3164 quasi
2533 3093 2723 3147 adhuc
2762 3092 2992 3159 viveret,
3028 3090 3274 3161 integro,
3307 3086 3605 3158 tantisque
3650 3087 3767 3141 fra-

2119 3186 2322 3255 grante
2354 3182 2651 3247 odoribus,
2685 3185 2749 3235 ut
2787 3179 3115 3234 delibutum
3149 3175 3465 3249 unguentis
3505 3179 3763 3246 putares.

2191 3274 2278 3328 47.
2337 3273 2657 3329 Constantia
2712 3269 2901 3325 dolore
2950 3272 3168 3323 mortua
3229 3270 3450 3338 prepler
3514 3268 3767 3335 furatum

2119 3378 2311 3433 corpus
2346 3362 2399 3415 S.
2440 3362 2763 3415 Hilarionis.
2790 3359 3004 3413 -—Non
3055 3355 3199 3411 mihi
3245 3356 3474 3409 videtur
3503 3355 3562 3409 in
3612 3354 3766 3409 calce

2121 3450 2252 3505 libri
2286 3452 2530 3505 tacenda
2561 3448 2912 3506 Constantia;
2957 3445 3114 3501 illius
3145 3444 3530 3500 sanctissimae
3564 3441 3770 3499 mulie-

2122 3539 2203 3594 ris
2235 3539 2483 3605 devotio,
2509 3555 2637 3608 quze
2671 3536 2890 3608 perlato
2924 3536 2993 3590 ad
3027 3551 3087 3590 se
3120 3535 3347 3599 nuntio,
3382 3532 3536 3603 quod
3560 3549 3771 3604 corpu—

2123 3629 2355 3685 sculum
2386 3627 2703 3683 Hilarionis
2754 3623 3075 3680 Palmstinze
3116 3627 3288 3689 esset,
3324 3621 3523 3675 statim
3573 3619 3775 3675 exani-

2126 3725 2280 3773 mata
2322 3722 2429 3783 est,
2461 3732 2659 3771 veram
2692 3716 2750 3769 in
2785 3729 3015 3769 servum
3047 3712 3147 3767 Dei
3198 3710 3567 3765 dilectionem
3598 3708 3775 3764 etiam

2126 3812 2311 3863 morte
2343 3806 2754 3877 comprobans.
2788 3803 2921 3857 Erat
2967 3801 3120 3855 enim
3172 3799 3343 3855 solita
3373 3796 3685 3870 pervigiles
3715 3796 3776 3852 in

2125 3896 2389 3967 sepulcro
2416 3896 2542 3965 ejus
2570 3898 2764 3948 noctes
2799 3893 3027 3958 ducere,
3053 3894 3111 3944 et
3142 3888 3312 3959 quasi
3333 3904 3467 3942 cum
3492 3889 3777 3959 prasente

2126 3986 2197 4039 ad
2230 3983 2590 4053 adjuvandae
2621 3982 2912 4035 orationes
2944 3995 3084 4034 suas
3125 3975 3524 4033 sermocinari.
3559 3975 3774 4032 Cernas

2126 4088 2313 4144 usque
2362 4071 2534 4126 hodie
2582 4070 2791 4125 miram
2840 4069 2991 4122 inter
3037 4066 3381 4121 Palazstinos
3431 4068 3487 4119 et
3535 4063 3774 4136 Cyprios

2127 4160 2581 4227 contentionem,
2615 4158 2708 4213 his
2739 4173 2950 4228 corpus
2981 4154 3317 4218 Hilarionis,
3352 4153 3469 4208 illis
3498 4152 3773 4223 spiritum

2128 4269 2190 4307 se
2256 4250 2468 4305 habere
2534 4246 2911 4303 certantibus.
2982 4244 3047 4298 Et
3119 4247 3318 4298 tamen
3385 4240 3444 4294 in
3508 4238 3775 4309 utrisque

2128 4340 2271 4395 locis
2302 4356 2518 4411 magna
2575 4335 2833 4408 quotidie
2891 4333 3061 4406 signa
3117 4332 3298 4399 fiunt;
3340 4329 3439 4385 sed
3472 4327 3663 4401 magis
3713 4326 3769 4382 in

361 4422 552 4479 artatis
612 4440 733 4478 suae
775 4440 950 4492 anno,
1006 4441 1138 4480 cum
1201 4426 1412 4481 absens
1470 4430 1625 4480 esset
1680 4425 2021 4497 Hesychius,
2054 4435 2099 4500 1)
2131 4429 2363 4485 hortulo
2390 4426 2578 4499 Cypri,
2614 4424 2851 4481 forsitan
2883 4422 3017 4494 quia
3060 4420 3194 4493 plus
3243 4418 3411 4475 illum
3463 4417 3657 4474 locum
3689 4416 3783 4473 di-.
3848 4423 3865 4437 ‘

358 4513 535 4585 quasi
569 4513 907 4569 testamenti
940 4513 1062 4569 vice
1111 4514 1343 4569 brevem
1376 4531 1554 4569 manu
1605 4515 1837 4586 propria
1885 4514 2022 4570 scri-

406 4694 447 4783 τί
491 4692 553 4746 In
606 4692 831 4783 aliquot
887 4709 1055 4783 mss,
1106 4694 1404 4783 Bathol'ia.’
1447 4693 1788 4783 Heliodorus
1820 4704 2024 4783 Bouxdh

352 4773 560 4832 σύμπας
588 4772 830 4831 κέκληται
858 4774 974 4835 πρὸς
997 4772 1268 4834 Αἰγυπτίων
1298 4773 1323 4821 ὁ
1352 4773 1512 4828 τόπος.
1536 4770 1644 4821 etc.
1672 4767 1815 4821 Hinc
1847 4767 2021 4823 etiam

351 4836 609 4920 [angelici
634 4836 843 4920 milites
872 4852 971 4916 per
1000 4837 1297 4920 .IEgyp‘t‘ur-ri
1324 4841 1604 4920 notantur
1636 4856 1669 4893 a
1688 4839 2021 4920 ‘Capitolino

346 4904 615 4977 aliisque
654 4922 691 4961 a
736 4904 964 4979 vulgari
1019 4904 1408 4980 appellatione
1458 4908 1637 4980 hujus
1688 4904 1820 4978 loci,
1847 4928 2020 4982 quem

346 4978 721 5033 insidebant.

2132 4517 2333 4574 lexerit
2355 4519 2392 4571 ¹.

2202 4698 2222 4730 s
2248 4696 2410 4751 Unus
2442 4694 2655 4762 Vatic.,
2685 4692 3006 4748 concederet.
3102 4761 3114 4766 _
3322 4763 3327 4766 _
3519 4758 3527 4766 ,

2202 4770 2223 4800 ³
2255 4768 2418 4831 Mss.,
2462 4755 2831 4824 testabantur;
2879 4768 2935 4818 et
2981 4761 3156 4834 paulo
3207 4763 3337 4831 post
3390 4758 3527 4830 quod
3574 4755 3780 4811 scilicet

2132 4843 2307 4894 tantos
2339 4854 2475 4907 agon
2487 4840 2617 4892 istas
2644 4837 2886 4902 haberet,
2918 4838 3028 4907 etc.

2205 4914 2223 4944 ἰ
2255 4903 2568 4973 Victorius,
2602 4907 2670 4961 ad
2698 4908 2853 4977 cujus
2878 4906 3121 4980 con/iniu
3151 4903 3560 4980 hortulus,_etc.
3592 4972 3598 4979 .

2206 4985 2225 5015 τί
2256 4982 2417 5036 Unus
2448 4968 2655 5045 Vatic.,
2689 4968 2818 5048 quia
2854 4968 3124 5048 pusillum
3154 4976 3329 5029 locum
3357 4968 3640 5027 dilexerit.
