4106 6164
348 190 444 255 ενι

1590 187 1777 254 VITA
1821 182 2117 251 MALGHI
2159 182 2540 250 MONACHI.

3676 182 3767 252 £8

362 331 610 409 repertis
640 330 966 399 monachis,
999 346 1202 389 eorum
1242 346 1334 387 me
1384 328 1723 403 magisterio
1766 322 2004 390 tradidi,
2034 322 2090 388 Α
2118 337 2270 377 mus.
2304 322 2519 378 Carnes
2550 321 2910 393 semicrudae,
2944 322 3150 394 cibus;
3181 327 3239 382 et
3276 323 3363 383 lac
3403 326 3759 386 camelorum

366 444 654 485 manuum
709 424 911 481 labore
938 422 1155 479 victum
1198 421 1531 495 quaeritans,
1594 417 2012 486 lasciviamque

367 519 563 577 carnis
584 518 889 574 refrenans
913 513 1181 585 jejuniis.
1204 514 1339 568 Post
1362 511 1579 566 multos
1602 524 1786 565 annos
1808 504 2013 560 incidit

365 608 517 666 mihi
568 606 925 663 desiderium
972 606 1012 670 ¹,
1074 608 1139 658 ut
1170 602 1240 658 ad
1285 602 1533 673 patriam
1584 612 1902 671 pergerem.
1948 594 2015 648 Et

367 700 515 754 dum
558 696 749 752 adhuc
792 696 1007 749 viveret
1038 696 1139 750 48
1194 696 1402 757 mater,
1445 691 1572 761 jam
1603 688 1758 744 enim
1791 689 2013 757 patrem

364 792 671 844 mortuum
718 784 1054 850 audieram;
1106 782 1325 838 solarer
1368 781 1710 835 viduitatem
1766 776 1915 844 ejus,
1961 774 2017 826 et

370 878 578 933 exinde
592 874 927 930 venundata
947 870 1450 944 possessiuncula,
1474 874 1697 941 partem
1716 876 2016 934 erogarem

366 965 750 1039 pauperibus.
807 967 1035 1035 partem
1085 963 1108 997 ²
1159 959 1513 1017 monasterio
1560 955 2015 1017 constituerem;

367 1055 511 1127 quid
544 1055 823 1109 erubesco
854 1051 1115 1107 confiteri
1156 1048 1563 1105 infidelitatem
1605 1060 1794 1100 meam
1819 1044 1846 1097 ?
1878 1058 2017 1113 par-

362 1149 490 1200 tem
548 1144 611 1197 in
650 1146 999 1213 sumptuum
1053 1156 1316 1194 meorum
1367 1137 1582 1193 solatia
1638 1147 2014 1189 reservarem.

367 1233 637 1290 Clamare
668 1230 841 1302 cmpit
878 1230 1059 1284 abbas
1088 1246 1275 1295 meus,
1322 1226 1538 1281 diaboli
1569 1240 1697 1279 esse
1744 1220 2019 1277 tentatio-

368 1338 529 1387 nem,
564 1325 621 1376 et
650 1320 761 1375 sub
802 1319 1059 1373 honestae
1090 1318 1170 1373 rei
1215 1316 1537 1377 occasione,
1571 1313 1750 1367 latere
1794 1309 2015 1381 antiqui

365 1409 561 1466 hostis
582 1408 854 1464 insidias.
887 1411 1007 1462 Hoc
1037 1423 1186 1468 esse,
1220 1404 1425 1459 reverti
1464 1420 1669 1457 canem
1713 1400 1780 1455 ad
1831 1400 2019 1454 vomi-

365 1505 497 1555 tum
548 1515 748 1554 suum.
800 1497 893 1553 Sic
923 1496 1141 1551 multos
1187 1493 1608 1549 monachorum
1658 1507 1786 1546 esse
1817 1491 2020 1560 decep-

363 1594 485 1655 tos,
519 1603 827 1659 nunquam
860 1584 1159 1641 diabolum
1193 1588 1392 1655 aperta
1434 1584 1622 1637 fronte
1664 1599 1725 1637 se
1753 1581 2018 1651 prodere.

2121 415 2295 482 potus
2324 417 2466 468 erat.

2190 508 2243 560 5.
2307 511 2533 562 Poscere
2582 522 2700 562 oves
2748 508 2993 578 jubetur.
3042 508 3302 564 Tandem
3354 510 3558 581 grandi
3591 528 3763 567 amne

2122 597 2873 669 transmisso,pervenimus
2905 598 2977 653 ad
3002 598 3338 654 interiorem
3363 600 3760 669 solitudinem,

2124 687 2225 743 ubi
2291 688 2589 742 dominam
2635 688 2965 759 liberosque
2996 705 3064 743 ex
3102 705 3263 745 more
3293 690 3483 759 gentis
3524 690 3764 745 adorare

2118 777 2294 849 jussi,
2329 778 2578 833 cervices
2610 778 3040 835 ﬂectimus.Hic
3071 780 3236 851 quasi
3258 778 3495 835 clausus
3516 797 3762 846 carcere,

2125 871 2349 922 mutato
2381 867 2605 932 habitu,
2640 868 2693 922 id
2716 873 2824 931 est,
2859 869 3052 924 nudus
3075 868 3377 935 ambulare
3402 868 3579 923 disco.
3617 869 3762 923 Nam

2128 956 2275 1011 aeris
2308 973 2539 1027 quoque
2570 957 2942 1028 intemperies
2972 959 3011 1023 ⁵,
3047 958 3190 1012 nihil
3231 957 3389 1013 aliud
3426 962 3630 1027 prazter
3660 974 3767 1027 pu-

2126 1046 2316 1101 denda
2344 1045 2520 1101 velari
2552 1046 2904 1117 patiebatur.
2939 1048 3279 1102 Traduntur
3300 1047 3441 1102 mihi
3462 1046 3765 1119 pascendae

2128 1150 2280 1199 oves,
2316 1138 2372 1188 et
2402 1134 2457 1188 in
2493 1133 2781 1188 malorum
2814 1136 3247 1206 comparatione
3280 1136 3388 1191 hoc
3422 1136 3582 1189 fruor
3612 1134 3769 1189 sola-

2127 1222 2227 1287 tio,
2262 1223 2414 1294 quod
2442 1223 2709 1277 dominos
2741 1239 2921 1287 meos,
2956 1229 3009 1277 et
3042 1240 3349 1279 conservos
3373 1225 3561 1280 rarius
3584 1224 3767 1278 video.

2126 1311 2378 1366 Videbar
2408 1312 2551 1366 mihi
2584 1312 2802 1383 aliquid
2834 1313 3045 1367 habere
3076 1313 3256 1368 sancti
3278 1315 3479 1379 Jacob,
3511 1314 3771 1368 recorda-

2129 1402 2234 1455 bar
2280 1400 2484 1472 Moysi,
2530 1400 2629 1471 qui
2681 1405 2737 1455 et
2770 1401 2879 1472 ipsi
2928 1402 2985 1455 in
3018 1418 3212 1457 eremo
3262 1404 3557 1473 quondam
3612 1405 3771 1459 fuere

2127 1495 2410 1561 pastores.
2446 1492 2732 1546 Vescebar
2770 1490 2984 1546 recenti
3017 1508 3184 1546 caseo
3215 1496 3271 1546 et
3304 1492 3451 1548 lacte
3486 1512 3497 1548 :
3532 1495 3769 1549 orabam

2120 1580 2361 1650 jugiter,
2394 1581 2675 1635 canebam
2707 1580 2987 1651 psalmos,
3020 1598 3167 1653 quos
3200 1583 3256 1635 in
3300 1583 3649 1638 monasterio
3681 1584 3773 1637 di-

364 1677 741 1749 Proponebat
769 1675 912 1730 mihi
942 1674 1207 1744 exempla
1234 1674 1305 1727 de
1354 1671 1669 1742 Scripturis
1718 1669 1972 1741 plurima
2003 1685 2015 1721 :
2050 1697 2097 1762 B
2129 1669 2404 1723 diceram.
2436 1668 2763 1725 Delectabat
2782 1686 2872 1725 me
2892 1671 3196 1743 captivitas
3220 1687 3347 1726 mea
3375 1690 3387 1738 ;
3413 1672 3775 1744 agebamque

362 1766 529 1821 inter
588 1781 714 1836 quae
761 1762 928 1829 illud,
989 1762 1143 1834 quod
1198 1761 1363 1815 initio
1421 1760 1606 1815 Adam
1677 1772 1908 1829 quoque
1965 1758 2024 1809 et

366 1855 553 1909 Evam
572 1869 677 1925 spe
696 1851 1020 1907 divinitatis
1043 1849 1522 1922 supplantaverit.
1548 1849 1761 1902 Etcum
1788 1860 2022 1917 persua-

368 1943 513 1998 dere
541 1958 659 1997 non
708 1944 925 2013 posset,
975 1939 1314 2013 provolutus
1359 1938 1606 2011 genibus
1637 1935 2018 1999 obsecrabat;

372 2048 454 2087 ne
496 2048 561 2086 se
596 2032 944 2097 desererem,
978 2046 1051 2084 ne
1089 2046 1183 2084 me
1214 2028 1536 2100 perderem,
1583 2042 1710 2092 nec,
1762 2028 2021 2079 aratrum

368 2126 605 2190 tenens,
637 2124 772 2192 post
800 2124 1028 2191 tergum
1059 2118 1433 2190 respicerem.
1470 2116 1563 2170 Vae
1594 2115 1810 2170 misero
1852 2112 2021 2178 mihi,

366 2209 482 2265 vici
514 2210 867 2264 monitorem
898 2208 1149 2280 pessima
1182 2205 1443 2271 victoria,
1464 2210 1678 2276 putans
1710 2204 1877 2257 illum
1908 2218 2023 2256 non

372 2315 569 2355 meam
616 2296 870 2353 salutem
922 2299 1070 2368 [Msa
1118 2295 1476 2364 utilitatem],
1521 2295 1619 2349 sed
1666 2310 1841 2347 suum
1874 2290 2021 2346 sola-

370 2388 528 2443 tium
564 2402 841 2458 quaerere.
874 2386 1226 2441 Prosecutus
1256 2400 1392 2455 ergo
1422 2400 1516 2438 me
1545 2383 1617 2438 de
1647 2380 2024 2445 monasterio,

378 2477 550 2549 quasi
591 2476 773 2530 funus
805 2475 1051 2539 eﬂ‘erret,
1082 2478 1141 2529 et
1172 2476 1243 2529 ad
1274 2478 1599 2528 extremum
1645 2470 1975 2525 valedicens
2010 2484 2022 2520 :

374 2565 579 2632 Video,
615 2564 717 2632 ait,
750 2568 807 2619 te
838 2563 941 2618 filii
980 2563 1207 2619 Satanae
1256 2561 1513 2617 cauterio
1565 2562 1827 2614 notatum
1864 2576 1875 2612 :
1911 2574 2026 2612 non

381 2669 575 2725 quaero
605 2668 818 2707 causas
858 2651 1260 2706 excusationes
1308 2667 1420 2704 non
1465 2648 1696 2719 recipio.
1739 2647 1871 2701 Ovis
1902 2663 2027 2717 qua:

377 2743 449 2798 de
502 2742 708 2797 ovibus
756 2740 1074 2812 egreditur,
1134 2738 1256 2811 lupi
1304 2739 1501 2795 statim
1565 2736 1863 2793 morsibus
1920 2735 2024 2805 [AL

377 2830 671 2901 faucibus]
703 2832 882 2901 patet.

451 2922 506 2973 4.
542 2919 797 2990 Captivus
826 2918 1130 2973 adducitur.
1166 2949 1231 2959 —
1262 2918 1343 2972 De
1370 2918 1550 2971 Beroa
1578 2916 1723 2971 Edes
1805 2935 1860 2972 m
1894 2933 2029 2989 per-

380 3008 678 3080 gentibus,
709 3007 903 3063 vicina
946 3010 1036 3062 est
1067 3004 1301 3077 publico
1349 3006 1543 3060 itineri
1598 3006 1872 3071 solitudo,
1926 3023 2028 3077 per

2132 1758 2229 1813 Dei
2254 1758 2478 1827 judicio
2511 1758 2747 1830 gratias,
2784 1760 2936 1830 quod
2974 1760 3348 1826 monachum,
3383 1778 3556 1833 quem
3587 1761 3644 1816 in
3674 1780 3774 1835 pa-

2130 1847 2243 1901 tria
2275 1846 2496 1901 fueram
2527 1848 2882 1919 perditurns,
2919 1848 2977 1903 in
3012 1865 3206 1905 eremo
3239 1849 3593 1906 inveneram.

2202 1936 2255 1990 6.
2292 1938 2617 1991 Conservam
2663 1940 2719 1992 in
2752 1955 2977 1994 uxorem
3019 1942 3230 2012 cegitur
3269 1944 3533 2012 accipere.
3592 1945 3778 1998 Virtus

2128 2027 2359 2096 femina
2386 2029 2633 2098 captiva}.
2676 2028 2719 2082 Ο
2761 2027 2905 2081 nihil
2938 2046 3198 2100 unquam
3245 2033 3433 2085 tutum
3468 2032 3619 2102 apud
3656 2031 3778 2087 dia-

2135 2114 2360 2170 bolum!
2396 2132 2427 2170 ο
2469 2114 2822 2185 multiplices
2854 2122 2911 2171 et
2958 2117 3282 2173 ineffabiles
3334 2120 3458 2188 ejus
3510 2120 3774 2175 insidias!

2135 2203 2227 2258 Sic
2260 2220 2491 2275 quoque
2522 2204 2799 2259 latentem
2834 2222 2924 2260 me
2957 2206 3176 2261 invenit
3206 2207 3442 2263 invidia.
3494 2208 3778 2264 Dominus

2134 2293 2343 2348 videns
2375 2309 2608 2364 gregem
2641 2311 2816 2347 suum
2849 2311 3128 2359 crescere,
3162 2296 3425 2367 nihilque
3457 2297 3515 2351 in
3559 2314 3649 2352 me
3680 2299 3779 2353 de-

2138 2381 2502 2452 prehendens
2518 2381 2919 2437 fraudulentiae
2939 2383 3220 2451 (sciebam
3250 2384 3404 2438 enim
3437 2386 3777 2456 Apostolum

2138 2469 2479 2539 prmebpisse
2513 2470 2727 2541 (Ephes.
2760 2488 2838 2537 v1,
2873 2472 3029 2543 etc.),
3053 2472 3308 2527 dominis
3339 2472 3421 2528 sic
3461 2473 3629 2543 quasi
3663 2475 3779 2529 Deo

2136 2558 2384 2613 fideliter
2431 2559 2845 2627 serviendum),
2897 2564 2954 2615 et
3000 2559 3200 2615 volens
3244 2578 3335 2617 me
3384 2577 3776 2629 remunerare,

2137 2664 2253 2718 quo
2286 2648 2467 2702 fidum
2500 2648 2609 2702 sibi
2644 2650 2831 2721 magis
2874 2650 3105 2717 faceret,
3156 2650 3399 2705 tradidit
3441 2652 3586 2707 mihi
3619 2652 3777 2708 illam

2138 2752 2475 2791 conservam
2508 2754 2720 2804 meam,
2745 2738 3061 2810 aliquando
3092 2740 3397 2810 captivam.
3420 2741 3640 2796 Etcum
3675 2759 3780 2814 ego

2136 2826 2473 2893 refutarem,
2509 2827 2877 2899 diceremque
2909 2845 3001 2883 me
3021 2828 3441 2897 Christianum,
3476 2846 3580 2885 nec
3612 2831 3784 2887 licere

2138 2914 2281 2968 mihi
2332 2932 2569 2970 uxorem
2620 2917 2864 2972 viventis
2904 2917 3098 2971 mariti
3157 2919 3416 2990 accipere
3467 2919 3781 2991 (siquidem

2140 3008 2346 3074 captus
2378 3005 2684 3059 nobiscum
2714 3006 2802 3059 vir
2839 3007 2985 3075 ejus,
3034 3007 3105 3059 ab
3156 3006 3267 3062 alio
3311 3008 3547 3063 domino
3596 3009 3784 3063 fuerat

380 3065 560 3170 quam
618 3065 893 3151 Saraceni
945 3065 1181 3150 incertis
1235 3095 1473 3149 sedibus
1522 3094 1636 3150 huc
1667 3065 2099 3167 atque'il‘lucC
2141 3065 2471 3160 abductus),
2526 3093 2701 3149 herus
2739 3096 2760 3129 ⁶
2819 3065 2912 3149 ille
2970 3065 3359 3166 implacabilis
3417 3096 3476 3150 in
3526 3098 3782 3153 furorem

378 3202 614 3258 semper
641 3190 947 3257 vagantur.
973 3186 1105 3248 Quae
1137 3184 1395 3255 suspicio
1420 3184 1804 3254 frequentiam
1830 3185 1885 3239 in
1914 3185 2030 3240 illis

377 3274 521 3330 locis
550 3274 844 3329 viatorum
876 3277 1211 3346 congregat,
1245 3277 1307 3327 ut
1337 3273 1655 3328 imminens
1705 3273 2028 3345 periculum

379 3362 600 3419 auxilio
626 3366 836 3417 mutuo
866 3360 1209 3417 declinetur.
1251 3363 1429 3416 Erant
1471 3362 1530 3415 in
1570 3363 1851 3417 comitatu
1904 3379 2031 3417 meo

375 3453 513 3515 viri,
537 3452 785 3517 feminae,
818 3467 1009 3517 senes,
1036 3451 1303 3521 juvenes,
1336 3449 1583 3521 parvuli,
1628 3467 1872 3505 numero
1919 3451 2029 3505 cir-

385 3541 536 3595 citer
566 3539 951 3611 septuaginta.
985 3539 1055 3593 Et
1086 3554 1215 3594 ecce
1248 3538 1441 3595 subito
1474 3555 1757 3610 equorum
1788 3540 1809 3573 ³
1840 3556 2031 3594 came-

384 3627 701 3697 lorumque
739 3643 995 3684 sessores
1028 3626 1334 3682 Iamaelitaa
1376 3627 1629 3694 irruunt,
1665 3627 1892 3683 crinitis
1921 3627 2030 3681 vit-

378 3716 641 3788 tatisque
669 3717 979 3787 capitibus,
1014 3732 1079 3771 ac
1114 3717 1422 3771 seminudo
1470 3733 1728 3788 corpore,
1769 3716 1947 3787 pallia
1979 3720 2036 3771 et

376 3804 534 3861 latas
580 3804 799 3878 caligas
863 3805 1165 3861 trahentes
1221 3822 1233 3858 :
1281 3805 1615 3875 pendebant
1661 3822 1728 3860 ex
1786 3805 2030 3860 humero

377 3894 707 3967 pharetras;
758 3894 920 3950 laxos
969 3908 1139 3949 arsus
1190 3894 1508 3959 vibrantes,
1563 3894 1797 3949 hastilia
1859 3894 2031 3968 longa

376 3983 733 4055 portabant;
764 4000 881 4037 non
914 3983 1096 4038 entim
1128 3983 1197 4037 ad
1232 3983 1747 4054 pugnandum,sed
1781 3984 1849 4036 ad
1884 4000 2027 4055 prae-

374 4071 515 4126 dam
554 4076 854 4126 venerant.
904 4070 1210 4143 Rapimur,
1238 4071 1656 4142 dispergimur,
1705 4071 1764 4125 in
1807 4071 2031 4127 diversa

373 4159 691 4216 trahimur.
725 4160 841 4232 Ego
872 4159 1100 4214 interim
1134 4159 1307 4233 longo
1333 4158 1695 4231 postliminio
1726 4159 2027 4216 haeredita-

372 4247 501 4303 rins
562 4264 895 4320 possessor,
934 4253 991 4303 et
1043 4264 1171 4303 sero
1240 4247 1385 4303 mihi
1444 4248 1672 4303 consilii
1719 4250 2026 4320 paenitens,

378 4351 512 4391 cum
570 4336 753 4391 altera
810 4335 1156 4391 muliercula
1193 4337 1251 4391 in
1300 4337 1477 4391 unius
1530 4337 1653 4391 heri
1685 4339 2022 4394 servitutem

2140 3198 2364 3249 versus,
2392 3182 2695 3252 evaginato
2729 3200 2819 3237 me
2852 3183 3022 3254 coepit
3072 3189 3263 3255 petere
3310 3185 3523 3255 gladio.
3560 3187 3626 3241 Et
3672 3185 3782 3240 nisi

2142 3271 2447 3326 confestim
2507 3272 2745 3327 brachia
2794 3273 3063 3339 tendens,
3127 3274 3433 3329 mulierem
3493 3292 3783 3347 praeoccu-

2144 3377 2373 3432 passem
2405 3362 2446 3429 ⁷,
2479 3360 2632 3415 illico
2687 3360 2934 3417 fudisset
2984 3363 3351 3435 sanguinem.
3415 3362 3547 3420 Jam
3600 3364 3784 3435 igitur

2143 3455 2376 3504 venerat
2405 3451 2764 3505 tenebrosior
2794 3450 2985 3517 solito,
3008 3456 3065 3506 et
3096 3452 3239 3505 mihi
3272 3452 3522 3508 nimium
3555 3458 3786 3509 matura

2143 3539 2445 3593 nox.Duco
2482 3539 2541 3592 in
2586 3539 2924 3609 speluncam
2959 3541 3324 3607 semirutam,
3359 3557 3565 3596 novam
3589 3544 3786 3613 conju-

2142 3643 2273 3698 gem
2309 3643 2321 3681 :
2355 3632 2411 3682 et
2441 3629 2809 3700 pronubante
2859 3628 3029 3683 nobis
3062 3629 3358 3697 maestitia,
3409 3633 3655 3701 uterque
3687 3631 3785 3685 de-

2144 3721 2431 3771 testamur
2457 3716 2706 3771 alterum
2737 3718 2778 3781 θ,
2813 3734 2915 3771 nec
2947 3718 3214 3772 fatemur.
3258 3720 3421 3773 Tunc
3465 3735 3596 3773 vere
3627 3719 3784 3774 sensi

2141 3805 2536 3877 captivitatem
2588 3822 2826 3873 meam;
2880 3811 3321 3877 prostratusque
3377 3806 3541 3861 humi
3583 3823 3784 3862 mona-

2141 3894 2316 3948 chum
2331 3894 2473 3965 coepi
2500 3894 2984 3966 plangere,quem
3010 3896 3322 3966 perdebam
3346 3895 3781 3951 dicenszﬂucci-

2141 4000 2211 4037 ne
2244 3982 2423 4037 miser
2453 3987 2714 4037 servatus
2735 3983 2980 4039 sum?ad
3014 3984 3121 4040 hoc
3138 4000 3229 4039 me
3261 4001 3392 4039 mea
3413 3983 3633 4040 scelera
3654 4001 3782 4055 per-

2139 4072 2448 4138 duxerunt,
2493 4075 2557 4125 ut
2594 4071 2996 4127 incanescente
3038 4073 3162 4142 jam
3216 4074 3425 4144 capite,
3480 4073 3581 4129 45
3624 4074 3782 4146 virgo

2140 4161 2387 4217 maritus
2447 4160 2683 4216 ﬁerem?
2715 4160 2862 4225 Quid
2906 4162 3142 4231 prodest
3174 4166 3465 4232 parentes,
3508 4163 3780 4232 patriam,

2139 4268 2259 4305 rem
2282 4249 2639 4309 familiarem
2693 4249 3118 4317 contempsisse
3148 4266 3252 4321 pro
3294 4249 3560 4317 Domino,
3595 4250 3643 4305 si
3674 4250 3781 4306 hoc

2138 4340 2304 4405 facio,
2348 4339 2501 4411 quod
2538 4355 2608 4393 ne
2637 4338 2909 4401 facerem,
2940 4336 3041 4392 illa
3071 4338 3393 4409 contempsi
3429 4356 3441 4393 :
3476 4337 3591 4393 nisi
3622 4339 3777 4409 quod

368 4424 616 4481 sortitus
654 4425 841 4481 venio.
874 4425 1179 4492 Ducimur,
1226 4425 1345 4480 imo
1385 4430 1692 4497 portamur
1739 4428 2023 4483 sublimes
2056 4434 2101 4498 1)
2134 4430 2279 4485 forte
2311 4434 2612 4500 propterea
2642 4427 2763 4482 haec
2786 4426 3069 4494 sustineo,
3103 4428 3240 4498 quia
3269 4426 3518 4497 patriam
3551 4426 3779 4482 deside-

366 4513 433 4568 in
472 4513 767 4582 camelis;
822 4518 879 4570 et
908 4531 1010 4586 per
1048 4518 1271 4569 vastam
1318 4519 1420 4569 44
1472 4531 1733 4571 eremum
1791 4533 2024 4589 semper

364 4601 607 4659 ruinam
655 4603 950 4671 timentes,
1003 4604 1332 4675 pendemus
1358 4604 1380 4637 ὀ
1410 4604 1603 4676 potius
1645 4621 1823 4676 quam
1866 4606 2024 4661 sede-

448 4870 463 4901 ¹
498 4868 620 4923 Pari
670 4883 960 4925 consensu
1019 4885 1162 4924 mss.
1216 4885 1439 4940 omnes,
1496 4870 1689 4926 incidit
1744 4873 1885 4928 mihi
1930 4890 2019 4929 co-

371 4942 587 5066 gitatio,
622 4943 725 5022 .ut,
774 4944 885 4994 etc.
945 4941 1443 5023 quemadmodum
1475 4947 1531 4996 et
1590 4960 1770 5025 supra
1802 4944 1860 5026 in
1892 4945 2022 5029 Yita

422 5051 435 5063 .
476 5010 638 5065 Pauli
668 5028 728 5066 n.
760 5013 794 5064 7
836 5011 949 5066 haec
977 5029 1039 5066 in
1064 5020 1304 5066 mentem
1333 5029 1449 5066 eius
1496 5018 1752 5066 comtatzo
1802 5017 2017 5066 incidit-

368 5010 435 5136 .Su.
476 5010 638 5137 Ixionii
668 5028 728 5066 n.
760 5013 794 5064 7
836 5011 949 5067 haec
970 5010 1039 5067 in
1064 5020 1304 5069 mentem
1333 5014 1449 5085 ejus
1496 5010 1752 5081 cogitatio
1802 5017 2019 5085 incidit,

346 5116 471 5148 ...ιγ

420 5154 464 5193 τ’
495 5153 964 5221 ldemmssqjx
988 5157 1144 5221 parte
1184 5155 1580 5211 monasterium
1627 5160 2017 5215 ecastr-acrem.

442 5224 463 5257 ³
495 5224 652 5281 Unus
680 5224 869 5300 Yatic.
893 5224 1076 5300 addit,
1098 5227 1475 5300 Barbarqrum
1502 5243 1723 5300 manus,
1756 5232 1812 5283 et
1843 5230 2019 5300 paulo
2096 5280 2099 5283 λ

364 5299 671 5369 tresgss.
695 5296 905 5369 Gallica
928 5296 1147 5369 habent
1179 5314 1281 5369 pro
1308 5298 1549 5366 Caligas,
1602 5298 1755 5355 alius
1784 5296 2018 5359 ccillic-u-

366 5367 467 5445 las.
488 5366 628 5445 _\_’id.
661 5368 1129 5445 infra-Regulam
1160 5366 1215 5427 Ξ.
1249 5368 1573 5445 Pachomii.

656 5444 897 5506 omnes,
912 5437 1186 5507 liam-emus
1220 5443 1427 5513 potius,
1456 5445 1567 5497 etc.

496 5510 634 5567 Tres
678 5526 827 5568 mss.
881 5513 1023 5569 Nam
1075 5510 1235 5570 aeris'
1280 5514 1384 5570 loci
1440 5513 1597 5569 illius
1661 5516 2011 5587 intemperies

2130 4516 2269 4571 ravi.
2305 4516 2451 4579 Quid
2484 4516 2737 4588 agimus,
2762 4515 3005 4571 anima?
3034 4514 3311 4587 perimus,
3339 4533 3409 4571 an
3442 4515 3730 4572 vincimus
3750 4515 3779 4571 ?

2128 4606 2549 4676 Exspectamus
2575 4622 2813 4660 manum
2845 4605 3096 4671 Domini,
3132 4622 3204 4660 an
3238 4606 3469 4677 preprio
3500 4622 3778 4662 mucrone

2126 4880 2327 4946 praeter
2352 4872 2676 4942 pudicitiam
2708 4871 2853 4926 nihil
2883 4873 3059 4938 aliud,
3090 4877 3198 4946 etc.
3233 4876 3397 4925 Unus
3446 4874 3749 4946 temperies,

2200 4946 2221 4978 θ
2274 4940 2365 4998 Ita
2410 4960 2551 4998 mss.
2605 4960 2954 4998 consensum
3006 4961 3069 4997 ac
3118 4944 3292 4997 fidem
3348 4940 3772 4999 emend’amus;

2131 5015 2437 5084 hucusque
2467 5014 2641 5086 enim
2694 5014 2855 5079 editi,
2901 5014 3169 5086 adverbio
3218 5030 3409 5069 rursus
3439 5018 3770 5086 praeposito»

2131 5088 2285 5159 quod
2335 5084 2578 5159 minime
2610 5086 2703 5159 ad
2755 5102 2877 5140 rem
2912 5085 3068 5152 facit,
3114 5084 3319 5156 legunt
3360 5084 3594 5157 queque
3620 5089 3771 5158 ferus

2132 5157 2235 5214 ille
2264 5166 2313 5212 et
2338 5157 2707 5227 inplacabilis.

2200 5232 2219 5264 ⁷
2255 5231 2513 5293 Quatuor
2568 5244 2738 5293 mss.,
2784 5229 2843 5281 Et
2870 5228 2983 5281 nisi
3019 5228 3259 5353 {estinus
3320 5228 3539 5284 brachio
3590 5234 3773 5285 tenere

2200 5302 2416 5353 mlierem
2445 5314 2902 5353 oraeoccuoassem
2937 5316 2949 5353 :
2983 5298 3155 5353 aius.
3203 5301 3325 5353 Nisi
3372 5302 3605 5353 festinus
3646 5318 3767 5353 mu-

2130 5302 2416 5357 mulierem
2440 5314 2902 5371 prwoccupassem
2937 5316 2949 5353 :
2983 5298 3155 5364 alius,
3203 5301 3325 5355 Nisi
3370 5302 3605 5371 festinus
3646 5318 3767 5355 mu-

2129 5374 2321 5429 lierem
2351 5380 2608 5436 tenerem,
2644 5371 2862 5427 brachio
2895 5386 3235 5442 occuparem,
3267 5376 3375 5427 etc.

2198 5445 2218 5479 δ
2250 5444 2374 5499 Duo
2407 5459 2553 5498 mss.
2586 5443 2942 5510 Alterutrum,
2975 5459 3074 5499 nec
3102 5445 3362 5515 fatemur.
