4118 6158
443 227 525 292 89
1693 227 1758 290 S.
1805 223 2119 291 EUSEBII
2161 225 2609 293 HIERONYMI
3773 219 3852 288 60

445 362 864 421 confodimur‘?
892 362 1064 420 Verte
1093 361 1154 420 in
1183 367 1240 420 te
1261 359 1558 437 gladium;
1593 367 1695 420 tua
1718 363 1904 434 magis
1936 379 2093 418 mors
2123 369 2172 431 Α
2203 362 2501 419 laboratur
2546 363 2606 418 in
2666 362 2950 432 medium,
3009 375 3263 434 cumque
3289 355 3437 416 nihil
3495 357 3846 431 cujusquam

444 452 704 509 timenda
735 459 843 520 est,
880 470 1056 526 quam
1079 455 1358 525 corporis.
1384 453 1566 508 Habet
1586 457 1642 508 et
1672 456 1897 507 servata
1921 450 2087 523 pudi-

443 542 580 596 citia
610 559 786 596 suum
820 543 1187 615 martyrium.
1239 543 1436 597 Jaccat
1492 541 1824 610 insepultus
1875 540 2088 595 Christi

443 631 606 684 testis
638 631 696 685 in
727 647 943 696 eremo,
977 631 1086 703 ipsi
1118 631 1259 686 mihi
1295 647 1390 685 ero
1422 635 1475 684 et
1502 635 1837 702 persecutor
1865 634 1921 683 et
1944 644 2092 682 mar-

439 723 550 790 tyr.
583 720 674 775 Sic
707 721 879 786 fatus,
913 720 1084 776 eduxi
1116 720 1176 774 in
1210 719 1471 775 tenebris
1501 735 1732 790 quoque
1775 717 2088 770 micantem

441 807 726 880 gladium,
768 814 823 864 et
853 811 1122 865 acumine
1154 813 1359 864 contra
1401 825 1492 862 me
1523 824 1690 862 verso
1727 825 1738 861 :
1789 805 1946 870 Vale,
2000 804 2090 858 in-

441 914 641 969 quam,
676 898 876 953 infelix
905 899 1154 966 mulier;
1191 899 1399 952 habeto
1424 914 1515 951 me
1548 900 1862 966 martyrem
1899 893 2090 964 potius

441 1004 617 1058 quam
652 987 950 1042 maritum.
983 989 1144 1042 Tunc
1164 986 1265 1040 illa
1295 986 1539 1056 pedibus
1564 984 1709 1038 meis
1743 981 2041 1054 provoluta
2073 999 2084 1035 :

440 1075 652 1131 Precor
709 1081 785 1139 te,
846 1077 1056 1146 inquit,
1119 1093 1222 1146 per
1275 1075 1477 1129 Jesum
1539 1072 1856 1135 Christum,
1903 1075 1960 1124 et
1988 1086 2093 1141 per

441 1165 621 1235 hujus
651 1164 803 1219 horae
837 1165 1240 1219 necessitatem
1273 1163 1500 1232 adjuro,
1537 1179 1606 1217 ne
1636 1161 1901 1216 eil‘undas
1955 1176 2089 1214 san-

443 1254 679 1324 guinem
716 1259 883 1306 tuum
917 1253 973 1305 in
1006 1253 1225 1307 crimen
1260 1268 1452 1306 meum
1487 1252 1521 1304 ¹.
1560 1249 1654 1306 Vel
1688 1250 1736 1304 si
1771 1249 1916 1304 mari
1962 1247 2084 1318 pla-

440 1345 549 1405 cet,
601 1341 658 1394 in
708 1357 799 1395 me
855 1341 1114 1411 primum
1166 1343 1320 1395 verte
1372 1356 1731 1395 mucronem.
1776 1338 1869 1393 Sic
1921 1336 2089 1392 nobis

439 1429 634 1499 potius
665 1429 1112 1500 conjungamur.
1133 1429 1317 1483 Etiam
1343 1428 1390 1484 si
1420 1428 1506 1482 vir
1529 1445 1693 1483 meus
1715 1428 1786 1481 ad
1815 1443 1904 1481 me
1940 1424 2088 1480 redi-

437 1522 542 1584 ret,
580 1534 866 1573 servarem
900 1518 1249 1584 castitatem,
1279 1535 1454 1589 quam
1511 1533 1603 1572 me
1637 1516 1943 1588 captivitas
1993 1515 2091 1570 do~

435 1606 584 1671 cuit;
634 1605 724 1662 vel
776 1606 1073 1662 interirem
1127 1608 1321 1678 potius
1359 1623 1534 1678 quam
1603 1605 1924 1677 perderem.
1975 1603 2090 1658 Cur

2201 453 2503 524 proprium
2538 453 2633 519 sit,
2659 453 2928 508 omnium
2961 452 3161 509 omnia
3191 454 3351 507 sunt.

2268 544 2451 612 Fugit.
2501 572 2572 582 —
2616 542 2898 613 Regresso
2949 542 3022 596 ad
3073 539 3264 597 cubile
3295 537 3546 596 occurrit
3574 537 3785 593 mulier
3825 555 3838 594 :

2198 631 2500 686 tristitiam
2533 630 2714 686 animi
2734 630 2897 685 vultu
2921 629 3294 685 dissimulare
3313 645 3427 684 non
3451 626 3635 699 potui.
3661 627 3843 699 Rogat

2199 736 2303 775 cur
2331 721 2412 776 ita
2440 720 2807 776 exanimatus
2830 718 2964 774 sim.
2999 718 3178 774 Audit
3197 733 3406 773 causas
3435 717 3456 749 ⁴
3490 733 3502 771 :
3537 715 3738 771 hortor
3768 715 3840 770 ad

2200 810 2398 883 fugam
2434 827 2446 864 :
2481 826 2594 864 non
2646 813 3010 880 aspernatur.
3064 811 3200 862 Peto
3249 804 3550 861 silentium
3602 820 3616 859 :
3674 804 3845 860 ﬁdem

2198 899 2403 954 tribuit
2435 917 2448 954 :
2475 903 2530 953 et
2552 898 2681 970 jugi
2705 915 2946 952 susurro
2965 897 3117 952 inter
3138 912 3302 966 spem
3331 899 3387 949 et
3424 897 3646 949 metum
3671 891 3845 948 medii

2200 989 2572 1043 ﬂuctuamus.
2623 989 2801 1042 Erant
2844 986 2988 1041 mihi
3043 986 3102 1040 in
3143 999 3318 1056 grege
3349 983 3463 1038 duo
3506 982 3652 1038 hirci
3685 981 3844 1037 mirae

2199 1076 2643 1148 magnitudinis,
2677 1076 2893 1148 quibus
2925 1075 3160 1138 occisis,
3203 1077 3363 1128 utres
3407 1072 3575 1138 facio,
3621 1087 3851 1127 eorum-

2199 1183 2311 1238 que
2340 1181 2540 1220 cernes
2573 1165 2779 1220 viatico
2807 1181 3090 1236 praepara.
3127 1163 3195 1216 Et
3225 1161 3414 1234 primo
3457 1161 3705 1232 vesperi,
3741 1176 3846 1231 pu-

2195 1255 2456 1311 tantibus
2487 1254 2743 1309 dominis
2776 1270 2881 1308 nos
2915 1256 3140 1308 secreto
3185 1250 3467 1316 cubitare,
3514 1248 3846 1304 invadimus

2197 1345 2326 1410 iter,
2375 1348 2531 1399 utres
2563 1349 2620 1398 et
2651 1347 2846 1415 partes
2900 1341 3163 1397 carnium
3214 1341 3531 1411 portantes.
3583 1341 3848 1408 Cumque

2199 1434 2668 1506 pervenissemus
2699 1433 2769 1487 ad
2814 1431 3083 1498 ﬂuvium,
3133 1445 3271 1484 nam
3325 1428 3524 1483 decem
3577 1425 3846 1482 millibus

2199 1524 2430 1590 aberat;
2482 1521 2700 1576 inﬂatis
2759 1519 3182 1590 consensisque
3240 1515 3494 1582 utribus,
3535 1514 3706 1587 aquis
3739 1532 3844 1571 nos

2197 1613 2512 1677 credimus,
2578 1611 2859 1683 paulatim
2911 1609 3160 1680 pedibus
3217 1604 3709 1678 subremigantes,
3779 1607 3846 1660 ut

436 1695 702 1764 moreris,
735 1711 807 1750 ne
837 1695 979 1750 mihi
1003 1696 1326 1767 jungaris?
1375 1697 1490 1767 Ego
1534 1711 1808 1761 morerer,
1844 1694 1892 1748 si
1941 1692 2082 1747 mihi
2114 1731 2161 1796 B
2196 1701 2469 1756 deorsum
2503 1717 2610 1755 nos
2651 1699 2892 1754 flumine
2923 1698 3238 1763 deferente,
3275 1699 3332 1750 et
3378 1693 3562 1749 multo
3610 1691 3844 1765 longius

424 1782 598 1855 jungi
629 1782 827 1839 velles.
865 1785 1081 1840 Habeto
1115 1801 1207 1840 me
1239 1801 1376 1857 ergo
1408 1785 1717 1855 conjugem
1750 1781 2077 1855 pudicitia;

433 1879 489 1928 et
519 1871 706 1944 magis
747 1873 955 1927 anima:
988 1873 1257 1945 cepulam
1291 1879 1506 1938 amato,
1560 1889 1738 1944 quam
1796 1871 2075 1942 corporis.

432 1962 676 2033 Sperent
701 1961 922 2016 domini
948 1962 1245 2017 maritum.
1280 1962 1546 2016 Christus
1563 1961 1785 2016 noverit
1815 1961 2073 2015 fratrem.

435 2050 623 2106 Facile
660 2051 1038 2106 suadebimus
1094 2051 1352 2123 nuptias,
1403 2067 1534 2105 cum
1580 2067 1686 2106 nos
1716 2049 1964 2105 viderint
1995 2048 2078 2105 sic

432 2156 647 2195 amare.
707 2140 929 2204 Fateor,
964 2140 1284 2211 obstupui;
1320 2144 1376 2195 et
1423 2139 1752 2194 admiratus
1802 2138 2076 2194 virtutem

433 2229 682 2296 feminae,
741 2230 1048 2302 conjugem
1103 2229 1234 2301 plus
1267 2229 1475 2284 amavi.
1528 2229 1838 2300 Nunquam
1883 2233 2074 2282 tamen

432 2315 588 2373 illius
619 2318 845 2372 nudum
878 2335 1089 2388 corpus
1120 2317 1370 2372 intuitus
1400 2334 1530 2373 sum
1559 2336 1570 2382 ;
1617 2333 1920 2387 nunquam
1950 2316 2077 2386 ejus

431 2422 664 2461 carnem
715 2405 916 2477 attigi;
967 2406 1182 2461 timens
1233 2408 1288 2460 in
1336 2423 1477 2478 pace
1525 2406 1780 2476 perdere,
1832 2405 1987 2476 quod
2018 2405 2077 2458 in

430 2494 615 2568 prolio
655 2511 1042 2550 scrvaveram.
1088 2496 1416 2550 Transeunt
1461 2495 1518 2548 in
1553 2493 1650 2548 tali
1703 2493 2076 2548 matrimonio

428 2583 554 2639 dies
585 2583 861 2655 plurimi;
911 2583 1283 2639 amabiliores
1332 2601 1440 2639 nos
1502 2583 1762 2638 dominis
1821 2582 2078 2638 fecerant

429 2672 667 2743 nuptiae.
717 2669 890 2725 Nulla
937 2671 1084 2742 fugai
1119 2672 1399 2743 suspicio,
1451 2672 1744 2726 interdum
1792 2677 1846 2725 et
1878 2687 2078 2726 mense

431 2763 552 2814 toto
582 2759 820 2814 aberam
845 2758 999 2813 fidus
1022 2759 1216 2831 gregis
1247 2764 1440 2830 pastor
1470 2775 1571 2830 per
1600 2758 2002 2814 solitudinem.

504 2849 559 2900 7.
589 2848 962 2902 Formicarum
990 2847 1235 2918 exemplo
1263 2849 1551 2902 excitatur.
1587 2878 1650 2887 —
1693 2847 1827 2902 Post
1858 2847 2078 2919 grande

429 2933 799 2991 intervallum
859 2936 998 2992 dum
1033 2936 1195 2991 solus
1227 2937 1282 2990 in
1312 2953 1506 2991 eremo
1541 2937 1731 3001 sedeo,
1767 2941 1822 2991 et
1872 2940 2079 3007 prseter

429 3025 641 3080 cmlum
672 3029 1004 3097 terramque
1036 3025 1178 3080 nihil
1211 3025 1395 3090 video,
1423 3024 1567 3096 ccepi
1601 3041 1831 3080 mecum
1863 3025 2077 3080 tacitus

2191 1806 2367 1862 quam
2401 1789 2952 1854 conscenderamus,
2987 1787 3048 1840 in
3082 1784 3326 1840 alteram
3368 1799 3475 1838 nos
3521 1787 3844 1854 exponente

2191 1880 2398 1950 ripam,
2430 1877 2741 1950 vestigium
2795 1879 3110 1947 sequentes
3154 1873 3486 1944 perderent.
3535 1871 3646 1926 Sed
3694 1870 3843 1927 inter

2189 1968 2308 2023 haec
2338 1967 2672 2022 madefactae
2704 1981 2930 2032 carnes,
2965 1968 3021 2019 et
3058 1979 3128 2018 ex
3158 1965 3322 2033 parte
3366 1959 3564 2031 lapsae,
3614 1959 3704 2014 vix
3738 1958 3839 2014 tri-

2189 2057 2288 2112 dui
2315 2057 2512 2112 cibum
2545 2055 2992 2127 pollicebantur.
3017 2051 3283 2107 Bibimus
3307 2049 3577 2121 usquead
3601 2048 3838 2104 satieta-

2188 2151 2327 2215 tem,
2362 2146 2568 2201 futura:
2619 2161 2725 2200 nos
2757 2143 2850 2198 siti
2883 2143 3298 2214 praeparantes.
3347 2137 3675 2204 Currimus,
3707 2140 3840 2209 post

2186 2239 2415 2307 tergum
2448 2250 2678 2306 semper
2704 2231 3052 2302 aspicimus;
3089 2233 3145 2284 et
3185 2227 3373 2300 magis
3405 2226 3674 2283 noctibus
3706 2243 3838 2298 pro-

2189 2339 2491 2378 movemus
2524 2323 2564 2389 ⁵,
2598 2337 2774 2393 quam
2807 2319 3036 2384 diebus,
3069 2317 3157 2372 vel
3189 2320 3425 2388 propter
3445 2315 3693 2370 insidias
3726 2314 3840 2371 late

2185 2411 2524 2483 vagantium
2557 2411 2999 2474 Saracenorum,
3026 2405 3113 2460 vel
3147 2407 3382 2476 propter
3403 2403 3670 2459 ardorem
3699 2402 3838 2459 solis

2188 2501 2460 2556 nimium.
2515 2503 2760 2553 Pavescs
2797 2498 2818 2532 δ
2854 2495 3032 2550 miser
3078 2493 3254 2550 etiam
3306 2492 3562 2548 referens
3619 2509 3631 2546 :
3682 2495 3740 2546 et
3789 2491 3839 2546 si

2185 2593 2306 2645 tota
2355 2593 2549 2643 mente
2588 2601 2853 2652 securus,
2902 2587 3024 2639 tota
3064 2586 3261 2638 tamen
3309 2596 3550 2652 corpore
3596 2579 3835 2652 perhor-

2187 2694 2372 2733 P8500.

2257 2767 2311 2822 9.
2362 2768 2532 2823 Herus
2578 2766 2879 2837 fugientem
2924 2763 3197 2832 occcupat.
3230 2790 3297 2800 ——
3327 2761 3468 2814 Post
3507 2757 3663 2814 diem
3707 2774 3842 2813 vero

2188 2856 2446 2921 tertium,
2480 2854 2658 2909 dubio
2710 2854 3022 2925 prospectu
3078 2847 3280 2921 procul
3319 2846 3642 2918 aspicimus
3693 2845 3846 2902 duos

2189 2944 2427 3001 camelis
2477 2942 2803 2998 insidentes
2829 2940 3026 2995 venire
3078 2937 3334 2993 concitos
3367 2937 3518 3007 [mss.
3571 2934 3844 3006 concite].

2189 3034 2517 3105 Statimque
2539 3049 2704 3087 mens
2734 3029 2871 3085 mali
2907 3043 3189 3101 praesaga,
3213 3029 3418 3098 putare
3449 3024 3623 3096 coepit
3651 3023 3846 3079 domi-

429 3113 672 3178 volvere,
701 3119 758 3168 et
787 3114 938 3169 inter
967 3113 1172 3179 multa,
1203 3113 1566 3187 contubernii
1609 3130 1842 3185 quoque
1876 3131 2076 3169 mona-
2109 3097 2152 3163 C
2194 3140 2336 3178 num
2370 3097 2464 3178 ,ἡ
2504 3119 2770 3177 meditari
2804 3097 3075 3186 moi-tem,
3102 3097 3299 3171 Eolém
3351 3127 3585 3170 cernere
3643 3111 3843 3184 nigre-

429 3203 674 3258 chorum
707 3201 1014 3269 recordari,
1059 3202 1432 3274 maximeque
1463 3201 1688 3256 vultum
1724 3201 1909 3256 Patris
1945 3201 2078 3263 mei.

431 3290 532 3362 qui
584 3306 677 3345 me
729 3289 1041 3356 erudierat,
1098 3295 1365 3345 tenuerat
1415 3293 1456 3356 9,
1487 3291 1839 3360 perdiderat.
1871 3289 2082 3361 Sicque

433 3378 717 3450 cogitans,
750 3378 966 3450 aspicio
1000 3377 1373 3433 formicarum
1405 3395 1640 3450 gregem
1663 3383 1910 3451 angusto
1938 3377 2081 3433 calle

431 3466 670 3522 fervere.
705 3466 946 3522 Videres
974 3484 1156 3522 onera
1187 3468 1411 3538 majora
1443 3485 1617 3538 quam
1643 3484 1903 3539 corpora.
1949 3467 2080 3522 Alias

435 3554 752 3610 herbarum
784 3556 1051 3626 quaedam
1085 3555 1318 3610 semina
1349 3558 1449 3611 40
1483 3555 1695 3626 forcipe
1726 3556 1844 3612 oris
1877 3555 2080 3612 trahe-

432 3643 612 3711 bant;
645 3643 772 3699 aliaa
802 3645 1114 3716 egerebant
1137 3645 1383 3699 humum
1416 3646 1486 3699 de
1521 3645 1767 3700 foveiset
1789 3661 2079 3716 aquarum

431 3736 662 3789 meatus
689 3733 1003 3806 aggeribus
1024 3734 1425 3789 excludebant.
1451 3732 1564 3788 Illa:
1589 3738 1839 3788 ventura:
1871 3732 2079 3788 hiemis

433 3838 744 3888 memores,
779 3839 851 3877 ne
881 3823 1210 3877 madefacta
1259 3823 1476 3878 humus
1507 3822 1564 3877 in
1600 3821 1841 3877 herbam
1873 3821 2083 3878 horrea

429 3914 695 3977 verteret,
730 3909 890 3965 illata
918 3910 1144 3965 semina
1176 3911 1592 3981 przecidebant;
1628 3909 1716 3964 hae
1746 3909 1907 3966 luctu
1939 3910 2081 3966 cele-

431 3998 540 4064 bri,
575 4015 817 4069 corpora
847 3998 1119 4053 defuncta
1149 3999 1553 4070 deportabant.
1581 3999 1860 4070 Quodque
1893 3999 2081 4072 magis

433 4080 647 4142 mirum
679 4091 768 4141 est
799 4088 855 4140 in
879 4091 1042 4142 tanto
1063 4085 1315 4159 agmine,
1337 4087 1641 4160 egrediens
1670 4105 1782 4144 non
1810 4089 2082 4143 obstabat

431 4173 674 4230 intranti
703 4193 715 4244 ;
751 4174 890 4247 quin
914 4175 1107 4247 potius
1130 4175 1179 4231 si
1209 4192 1388 4247 quam
1411 4177 1698 4233 vidissent
1719 4179 1829 4233 sub
1856 4177 2009 4232 fasce
2027 4182 2082 4232 et

431 4279 605 4320 onere
638 4263 982 4331 concidisse,
1015 4266 1336 4337 suppositis
1386 4265 1652 4320 humeris
1699 4266 2076 4336 adjuvabant.

431 4353 581 4418 Quid
615 4352 804 4408 multa
826 4353 853 4407 ?
883 4353 1192 4426 pulchrum
1229 4353 1373 4408 mihi
1395 4353 1792 4426 spectaculum
1826 4354 1950 4409 dies
1980 4353 2082 4408 illa

2191 3217 2467 3266 scentem.
2503 3212 2771 3280 Dumque
2794 3207 3092 3273 timemus,
3121 3210 3177 3260 et
3205 3203 3467 3276 vestigiis
3497 3219 3600 3274 per
3629 3217 3844 3256 arenas

2190 3318 2296 3355 nos
2348 3301 2606 3370 proditos
2656 3296 3063 3367 intelligimus,
3124 3294 3364 3348 offertur
3420 3291 3493 3347 ad
3535 3291 3843 3346 dexteram

2191 3393 2452 3444 nostram
2485 3385 2765 3458 spelunca
2794 3384 2963 3456 longe
2983 3383 3093 3439 sub
3114 3385 3329 3436 terram
3353 3383 3688 3452 penetrans.
3721 3376 3849 3449 Igi-

2192 3481 2289 3532 tur
2320 3477 2595 3532 timentes
2618 3477 2902 3530 venenata
2923 3469 3203 3527 animalia
3219 3470 3378 3541 (nam
3401 3467 3590 3524 solent
3608 3467 3850 3538 viperae,

2191 3565 2398 3638 reguli,
2431 3569 2485 3620 et
2518 3563 2877 3635 scorpiones,
2912 3564 3232 3631 caeteraque
3256 3555 3687 3628 hujuscemodi,
3720 3555 3849 3611 fer-

2190 3671 2384 3710 vorem
2418 3656 2437 3688 ⁷
2471 3652 2612 3709 solis
2643 3649 3017 3720 declinantia,
3049 3649 3290 3703 umbras
3337 3645 3552 3719 petere)
3598 3644 3856 3700 intravi-

2192 3760 2326 3799 mus
2355 3743 2593 3814 quidem
2626 3740 2963 3812 speluncam
2990 3755 3004 3805 ;
3029 3738 3131 3792 sed
3165 3736 3362 3792 statim
3384 3735 3442 3790 in
3474 3735 3600 3806 ipso
3631 3732 3857 3789 introi-

2190 3838 2275 3900 tu,
2309 3832 2561 3888 sinistraa
2593 3847 2699 3886 nos
2721 3830 2893 3884 foveae
2925 3825 3304 3893 credidimus,
3349 3839 3722 3896 nequaquam
3753 3822 3853 3878 ul-

2188 3926 2278 3976 tra
2308 3920 2767 3994 progredientes,
2801 3933 2872 3972 ne
2897 3917 3039 3970 dum
3063 3918 3310 3970 mortem
3333 3913 3615 3986 fugimus,
3649 3911 3854 3968 incur-

2191 4027 2387 4066 remus
2431 4010 2489 4064 in
2532 4013 2816 4073 mortem;
2875 4003 3140 4082 illudque
3203 4002 3511 4058 nobiscum
3565 4004 3855 4073 reputan-

2190 4103 2299 4164 tes,
2333 4098 2378 4152 si
2403 4097 2574 4168 juvat
2607 4094 2886 4151 Dominus
2930 4093 3198 4160 miseros,
3234 4091 3522 4147 habemus
3555 4087 3855 4157 salutem;

2191 4188 2241 4243 si
2271 4185 2518 4258 despicit
2566 4188 2919 4257 peccatores,
2963 4181 3250 4237 habemus
3299 4179 3657 4252 sepulcrum.
3693 4175 3856 4240 Quid

2191 4279 2363 4348 putas
2395 4275 2576 4330 fuisse
2608 4274 2779 4329 nobis
2823 4270 3026 4338 animi,
3061 4269 3202 4342 quid
3247 4267 3512 4335 terroris,
3542 4281 3678 4322 cum
3709 4268 3857 4321 ante

2191 4363 2552 4436 speluncam,
2588 4379 2692 4417 nec
2735 4361 2906 4432 longe
2955 4362 3183 4415 starent
3213 4356 3490 4414 dominus
3521 4359 3579 4411 et
3604 4369 3852 4410 conser-

434 4441 701 4531 Ρτεθβυίξο
730 4441 916 4531 unde
973 4443 1314 4531 recordﬁnu?
1361 4441 1690 4496 Salomonis
1721 4442 1909 4531 (Prov-
1944 4459 1995 4497 Π
2026 4446 2083 4497 et
2112 4467 2157 4531 D
2186 4471 2314 4521 vus,
2347 4457 2404 4508 et
2425 4451 2665 4523 vestigio
2697 4450 2889 4505 indice
2905 4450 3028 4520 jam
3053 4449 3124 4503 ad
3156 4447 3414 4504 latebras
3435 4443 3798 4518 pervenisset
3820 4443 3855 4498 ?

433 4530 588 4598 xxx),
623 4529 693 4583 ad
721 4529 1098 4584 formicarum
1121 4529 1420 4584 solertiam
1449 4547 1554 4584 nos
1579 4530 1885 4598 mittentis,
1910 4535 1966 4586 et
1996 4531 2079 4603 pi-

432 4632 567 4688 gras
600 4619 825 4672 mentes
860 4616 960 4671 tali
992 4617 1253 4688 exemplo
1287 4618 1646 4686 suscitantis,
1680 4620 1824 4691 cmpi
1867 4621 2078 4676 tendere

432 4705 808 4778 captivitatis,
841 4710 897 4761 et
929 4705 1266 4761 monasterii
1298 4706 1538 4762 cellulas
1569 4725 1843 4778 quaerere,
1877 4726 1942 4765 ac
1972 4710 2080 4766 for-

434 4795 716 4851 micarum
757 4792 995 4850 illarum
1037 4793 1368 4850 desiderare
1397 4795 1418 4828 3
1457 4796 1930 4867 similitudinem,
1979 4798 2079 4853 ubi

510 5045 521 5076 '
558 5044 774 5100 Iterum
806 5048 922 5120 duo
945 5045 1138 5120 codd.,
1170 5045 1510 5118 Sanguinem
1554 5051 1708 5102 tuum
1757 5050 1818 5103 in
1848 5052 2080 5120 sangui-

436 5130 562 5169 nem
589 5131 815 5189 meum;
851 5117 1025 5184 alius,
1056 5117 1337 5186 Sanguine
1377 5127 1468 5174 tuo
1509 5121 1838 5189 sanguinem
1867 5117 2081 5188 meum;

437 5189 721 5310 (lvii-tusc
744 5188 1007 5242 absolute
1065 5189 1237 5244 habet
1292 5188 1629 5262 Sanguinem
1686 5195 1862 5256 tuum,
1922 5193 2003 5246 τιεί
2032 5195 2084 5247 si

437 5274 491 5310 m
587 5299 599 5310 .
731 5299 742 5310 .

436 5272 599 5320 mori,
635 5272 742 5310 etc.

510 5329 530 5361 ²
550 5327 914 5406 Martinaaus,
946 5330 1010 5383 Et
1024 5333 1332 5406 _n_utrierat,
1355 5341 1407 5388 et
1417 5333 1750 5404 perdiderat.
1775 5333 1866 5388 Sic
1879 5349 2085 5406 quoque

437 5401 709 5473 cogitante
756 5414 858 5466 me,
910 5401 1135 5471 aspicio,
1190 5407 1296 5456 etc.
1347 5401 1561 5460 Contra
1612 5422 1756 5462 mss.
1790 5401 2085 5473 ﬁdem,'ut

440 5475 649 5526 caetera
681 5471 828 5525 bene
859 5475 1076 5528 essent.

509 5543 530 5575 ³
559 5542 701 5599 Tres
745 5558 887 5598 mss.
947 5542 1260 5600 desiderare
1307 5545 1756 5614 sollicitudinem,
1789 5566 1819 5605 e
1868 5549 2085 5621 quibus

2187 4543 2231 4598 Ο
2289 4541 2474 4597 multo
2533 4539 2763 4613 gravior
2813 4540 3134 4610 expectata,
3194 4551 3374 4608 quam
3431 4533 3597 4590 illata
3636 4533 3850 4589 mors!

2188 4632 2414 4685 Rursus
2461 4645 2594 4683 cum
2654 4627 2850 4682 labore
2907 4631 2964 4682 et
3019 4626 3228 4680 timore
3283 4623 3489 4696 lingua
3545 4619 3850 4689 balbutit;

2188 4724 2244 4776 et
2267 4720 2435 4790 quasi
2466 4717 2756 4773 clamante
2785 4716 3045 4781 domino,
3075 4713 3286 4770 mutire
3304 4730 3419 4770 non
3451 4712 3661 4769 audeo.
3703 4709 3858 4765 Mit-

2190 4809 2263 4864 tit
2292 4823 2552 4875 seavum,
2586 4811 2651 4862 ut
2681 4823 2787 4862 nos
2817 4806 2887 4860 de
2917 4821 3098 4877 specu
3129 4803 3362 4859 trahat:
3412 4803 3540 4874 ipse
3579 4799 3854 4857 camelos

2195 5075 2370 5120 unus.
2410 5058 2508 5112 ubi
2536 5065 2617 5112 est
2646 5057 2801 5111 labor
2829 5056 2891 5110 in
2918 5053 3183 5109 medium.

2263 5132 2285 5165 ‘
2313 5129 2552 5194 Victor.,
2591 5127 2765 5184 amdit
2791 5141 3018 5181 causas:
3063 5123 3317 5180 hortatur
3362 5122 3573 5193 fugam.
3608 5120 3736 5176 Peto
3766 5122 3862 5176 si-

2195 5203 2354 5258 lentii
2380 5201 2541 5272 ﬁdem
2568 5215 2582 5253 :
2623 5214 2748 5272 non
2772 5204 3163 5269 aspernantur,
3203 5202 3256 5251 et
3275 5194 3408 5265 jugi
3442 5207 3660 5258 susuro,
3693 5194 3812 5248 etc.

2265 5275 2285 5308 ⁵
2315 5271 2497 5342 Idem,
2523 5271 2891 5342 pirouehimus.

2264 5346 2284 5380 ⁶
2316 5336 2492 5400 Unus'
2520 5336 2728 5410 Vatic.,
2760 5342 2943 5412 pavito
2973 5353 3148 5412 meser
3195 5336 3363 5392 etiam
3417 5349 3682 5397 securas;
3723 5336 3866 5392 tres

2197 5415 2294 5474 alii
2317 5430 2484 5484 paveo
2514 5415 2682 5469 miser
2721 5411 2982 5484 referens,
3009 5411 3177 5467 etiam
3204 5423 3448 5484 securas.

2267 5457 2294 5522 θ’
2317 5457 3266 5554 53525;iioiéé'ﬁﬁiafiéluoré
3291 5480 3424 5538 satis
3443 5457 3774 5536 declinante.
