  <div class='ocr_page' id='page_1' title='image "/cluster/home/n/w/nwhite01/storage/ocr_20150623/23/hvd.32044052772480/038.png"; bbox 0 0 4106 6164; ppageno 0'>
   <div class='ocr_carea' id='block_1_1' title="bbox 305 168 3692 246">
    <p class='ocr_par' dir='ltr' id='par_1_1' title="bbox 305 168 3692 246">
     <span class='ocr_line' id='line_1_1' title="bbox 305 168 3692 246; baseline -0.003 0"><span class='ocrx_word' id='word_1_1' title='bbox 305 176 368 246; x_wconf 76' lang='grc'>81</span> <span class='ocrx_word' id='word_1_2' title='bbox 1196 175 1826 242; x_wconf 83' lang='lat' dir='ltr'>INTERPRETATIO</span> <span class='ocrx_word' id='word_1_3' title='bbox 1870 174 2207 241; x_wconf 69' lang='lat' dir='ltr'>REGULE</span> <span class='ocrx_word' id='word_1_4' title='bbox 2251 173 2317 237; x_wconf 93' lang='lat' dir='ltr'>S.</span> <span class='ocrx_word' id='word_1_5' title='bbox 2361 171 2768 237; x_wconf 86' lang='lat' dir='ltr'>PACHOMII.</span> <span class='ocrx_word' id='word_1_6' title='bbox 3611 168 3692 236; x_wconf 71' lang='lat'><strong>62</strong></span> 
     </span>
    </p>
   </div>
   <div class='ocr_carea' id='block_1_2' title="bbox 305 304 3686 385">
    <p class='ocr_par' dir='ltr' id='par_1_2' title="bbox 305 304 3686 385">
     <span class='ocr_line' id='line_1_2' title="bbox 305 304 3686 385; baseline -0.003 -13"><span class='ocrx_word' id='word_1_7' title='bbox 305 317 485 383; x_wconf 82' lang='lat' dir='ltr'>tenet;</span> <span class='ocrx_word' id='word_1_8' title='bbox 516 317 572 370; x_wconf 89' lang='lat' dir='ltr'>et</span> <span class='ocrx_word' id='word_1_9' title='bbox 602 313 905 385; x_wconf 81' lang='lat' dir='ltr'>evaginato</span> <span class='ocrx_word' id='word_1_10' title='bbox 935 312 1153 385; x_wconf 89' lang='lat' dir='ltr'>gladio,</span> <span class='ocrx_word' id='word_1_11' title='bbox 1197 318 1462 369; x_wconf 88' lang='lat' dir='ltr'>nostrum</span> <span class='ocrx_word' id='word_1_12' title='bbox 1493 316 1787 384; x_wconf 78' lang='lat' dir='ltr'>exspectat</span> <span class='ocrx_word' id='word_1_13' title='bbox 1834 312 1933 366; x_wconf 88' lang='lat' dir='ltr'>ad-</span> <span class='ocrx_word' id='word_1_14' title='bbox 1963 310 2019 378; x_wconf 83' lang='grc' dir='ltr'><strong>Α</strong></span> <span class='ocrx_word' id='word_1_15' title='bbox 2048 309 2480 381; x_wconf 79' lang='lat' dir='ltr'>apprehensum</span> <span class='ocrx_word' id='word_1_16' title='bbox 2512 307 2808 363; x_wconf 81' lang='lat' dir='ltr'>mordicus</span> <span class='ocrx_word' id='word_1_17' title='bbox 2840 304 3101 362; x_wconf 85' lang='lat' dir='ltr'>catulum</span> <span class='ocrx_word' id='word_1_18' title='bbox 3132 305 3423 364; x_wconf 88' lang='lat' dir='ltr'>matutina</span> <span class='ocrx_word' id='word_1_19' title='bbox 3451 306 3614 364; x_wconf 68' lang='lat' dir='ltr'>edert</span> <span class='ocrx_word' id='word_1_20' title='bbox 3644 308 3686 376; x_wconf 67' lang='grc' dir='ltr'><strong><em>ι,</em></strong></span> 
     </span>
    </p>
   </div>
   <div class='ocr_carea' id='block_1_3' title="bbox 303 399 1935 470">
    <p class='ocr_par' dir='ltr' id='par_1_3' title="bbox 303 399 1935 470">
     <span class='ocr_line' id='line_1_3' title="bbox 303 399 1935 470; baseline -0.004 -11"><span class='ocrx_word' id='word_1_21' title='bbox 303 409 551 460; x_wconf 78' lang='lat' dir='ltr'>ventum.</span> <span class='ocrx_word' id='word_1_22' title='bbox 588 404 815 459; x_wconf 77' lang='lat' dir='ltr'>Interea</span> <span class='ocrx_word' id='word_1_23' title='bbox 843 403 1033 457; x_wconf 90' lang='lat' dir='ltr'>tribus</span> <span class='ocrx_word' id='word_1_24' title='bbox 1066 402 1246 457; x_wconf 80' lang='lat' dir='ltr'>ferme</span> <span class='ocrx_word' id='word_1_25' title='bbox 1292 401 1379 457; x_wconf 85' lang='lat' dir='ltr'>vel</span> <span class='ocrx_word' id='word_1_26' title='bbox 1429 407 1679 470; x_wconf 85' lang='lat' dir='ltr'>quatuor</span> <span class='ocrx_word' id='word_1_27' title='bbox 1725 399 1935 455; x_wconf 83' lang='lat' dir='ltr'>cubitis</span> 
     </span>
    </p>
   </div>
   <div class='ocr_carea' id='block_1_4' title="bbox 304 490 1938 566">
    <p class='ocr_par' dir='ltr' id='par_1_4' title="bbox 304 490 1938 566">
     <span class='ocr_line' id='line_1_4' title="bbox 304 490 1938 566; baseline -0.004 -18"><span class='ocrx_word' id='word_1_28' title='bbox 304 494 655 566; x_wconf 87' lang='lat' dir='ltr'>introgresso</span> <span class='ocrx_word' id='word_1_29' title='bbox 686 491 926 558; x_wconf 84' lang='lat' dir='ltr'>famulo,</span> <span class='ocrx_word' id='word_1_30' title='bbox 958 492 1129 545; x_wconf 90' lang='lat' dir='ltr'>nobis</span> <span class='ocrx_word' id='word_1_31' title='bbox 1174 508 1241 545; x_wconf 89' lang='lat' dir='ltr'>ex</span> <span class='ocrx_word' id='word_1_32' title='bbox 1293 490 1515 545; x_wconf 92' lang='lat' dir='ltr'>occulto</span> <span class='ocrx_word' id='word_1_33' title='bbox 1549 497 1775 561; x_wconf 80' lang='lat' dir='ltr'>tergum</span> <span class='ocrx_word' id='word_1_34' title='bbox 1810 491 1938 558; x_wconf 80' lang='lat' dir='ltr'>ejus</span> 
     </span>
    </p>
   </div>
   <div class='ocr_carea' id='block_1_5' title="bbox 301 578 1936 650">
    <p class='ocr_par' dir='ltr' id='par_1_5' title="bbox 301 578 1936 650">
     <span class='ocr_line' id='line_1_5' title="bbox 301 578 1936 650; baseline -0.004 -13"><span class='ocrx_word' id='word_1_35' title='bbox 301 581 630 637; x_wconf 76' lang='lat' dir='ltr'>videntibus</span> <span class='ocrx_word' id='word_1_36' title='bbox 659 582 817 650; x_wconf 89' lang='lat' dir='ltr'>(nam</span> <span class='ocrx_word' id='word_1_37' title='bbox 847 578 1151 635; x_wconf 90' lang='lat' dir='ltr'>oculorum</span> <span class='ocrx_word' id='word_1_38' title='bbox 1196 578 1526 634; x_wconf 81' lang='lat' dir='ltr'>istiusmodi</span> <span class='ocrx_word' id='word_1_39' title='bbox 1579 584 1789 633; x_wconf 89' lang='lat' dir='ltr'>natura</span> <span class='ocrx_word' id='word_1_40' title='bbox 1829 581 1936 643; x_wconf 88' lang='lat' dir='ltr'>est,</span> 
     </span>
    </p>
   </div>
   <div class='ocr_carea' id='block_1_6' title="bbox 300 666 1940 743">
    <p class='ocr_par' dir='ltr' id='par_1_6' title="bbox 300 666 1940 743">
     <span class='ocr_line' id='line_1_6' title="bbox 300 666 1940 743; baseline -0.004 -17"><span class='ocrx_word' id='word_1_41' title='bbox 300 676 360 726; x_wconf 90' lang='lat' dir='ltr'>ut</span> <span class='ocrx_word' id='word_1_42' title='bbox 386 676 520 743; x_wconf 85' lang='lat' dir='ltr'>post</span> <span class='ocrx_word' id='word_1_43' title='bbox 551 669 734 725; x_wconf 89' lang='lat' dir='ltr'>solem</span> <span class='ocrx_word' id='word_1_44' title='bbox 758 670 995 725; x_wconf 82' lang='lat' dir='ltr'>umbras</span> <span class='ocrx_word' id='word_1_45' title='bbox 1012 667 1548 733; x_wconf 75' lang='lat' dir='ltr'>intrantibus,czeca</span> <span class='ocrx_word' id='word_1_46' title='bbox 1579 667 1698 722; x_wconf 87' lang='lat' dir='ltr'>sint</span> <span class='ocrx_word' id='word_1_47' title='bbox 1721 666 1940 737; x_wconf 83' lang='lat' dir='ltr'>omnia)</span> 
     </span>
    </p>
   </div>
   <div class='ocr_carea' id='block_1_7' title="bbox 299 755 1941 831">
    <p class='ocr_par' dir='ltr' id='par_1_7' title="bbox 299 755 1941 831">
     <span class='ocr_line' id='line_1_7' title="bbox 299 755 1941 831; baseline -0.003 -17"><span class='ocrx_word' id='word_1_48' title='bbox 299 776 400 814; x_wconf 78' lang='lat' dir='ltr'>vox</span> <span class='ocrx_word' id='word_1_49' title='bbox 430 775 534 831; x_wconf 91' lang='lat' dir='ltr'>per</span> <span class='ocrx_word' id='word_1_50' title='bbox 560 761 795 819; x_wconf 90' lang='lat' dir='ltr'>antrum</span> <span class='ocrx_word' id='word_1_51' title='bbox 825 763 994 813; x_wconf 91' lang='lat' dir='ltr'>sonat</span> <span class='ocrx_word' id='word_1_52' title='bbox 1027 775 1039 812; x_wconf 91' lang='lat'><strong>:</strong></span> <span class='ocrx_word' id='word_1_53' title='bbox 1075 758 1256 823; x_wconf 80' lang='lat' dir='ltr'>Exite,</span> <span class='ocrx_word' id='word_1_54' title='bbox 1290 756 1574 823; x_wconf 84' lang='lat' dir='ltr'>furciferi;</span> <span class='ocrx_word' id='word_1_55' title='bbox 1617 755 1784 822; x_wconf 91' lang='lat' dir='ltr'>exite,</span> <span class='ocrx_word' id='word_1_56' title='bbox 1818 771 1941 809; x_wconf 90' lang='lat' dir='ltr'>mo-</span> 
     </span>
    </p>
   </div>
   <div class='ocr_carea' id='block_1_8' title="bbox 304 843 1939 919">
    <p class='ocr_par' dir='ltr' id='par_1_8' title="bbox 304 843 1939 919">
     <span class='ocr_line' id='line_1_8' title="bbox 304 843 1939 919; baseline -0.004 -17"><span class='ocrx_word' id='word_1_57' title='bbox 304 848 467 902; x_wconf 89' lang='lat' dir='ltr'>rituri</span> <span class='ocrx_word' id='word_1_58' title='bbox 501 864 513 901; x_wconf 91' lang='lat'>:</span> <span class='ocrx_word' id='word_1_59' title='bbox 550 846 689 919; x_wconf 84' lang='lat' dir='ltr'>quid</span> <span class='ocrx_word' id='word_1_60' title='bbox 717 846 928 901; x_wconf 83' lang='lat' dir='ltr'>statis?</span> <span class='ocrx_word' id='word_1_61' title='bbox 959 846 1097 917; x_wconf 90' lang='lat' dir='ltr'>quid</span> <span class='ocrx_word' id='word_1_62' title='bbox 1146 845 1499 900; x_wconf 84' lang='lat' dir='ltr'>moramini?</span> <span class='ocrx_word' id='word_1_63' title='bbox 1546 845 1713 911; x_wconf 81' lang='lat' dir='ltr'>exite,</span> <span class='ocrx_word' id='word_1_64' title='bbox 1752 843 1939 897; x_wconf 89' lang='lat' dir='ltr'>domi-</span> 
     </span>
    </p>
   </div>
   <div class='ocr_carea' id='block_1_9' title="bbox 302 933 1941 1007">
    <p class='ocr_par' dir='ltr' id='par_1_9' title="bbox 302 933 1941 1007">
     <span class='ocr_line' id='line_1_9' title="bbox 302 933 1941 1007; baseline -0.003 -17"><span class='ocrx_word' id='word_1_65' title='bbox 302 953 409 991; x_wconf 88' lang='lat' dir='ltr'>nus</span> <span class='ocrx_word' id='word_1_66' title='bbox 442 938 628 1001; x_wconf 87' lang='lat' dir='ltr'>vocat,</span> <span class='ocrx_word' id='word_1_67' title='bbox 654 936 939 1007; x_wconf 79' lang='lat' dir='ltr'>patienter</span> <span class='ocrx_word' id='word_1_68' title='bbox 967 938 1264 1005; x_wconf 84' lang='lat' dir='ltr'>exspectat</span> <span class='ocrx_word' id='word_1_69' title='bbox 1293 933 1546 988; x_wconf 67' lang='lat' dir='ltr'>‘.Adhuo</span> <span class='ocrx_word' id='word_1_70' title='bbox 1576 933 1941 1003; x_wconf 81' lang='lat' dir='ltr'>loquebatur,</span> 
     </span>
    </p>
   </div>
   <div class='ocr_carea' id='block_1_10' title="bbox 300 1021 1945 1095">
    <p class='ocr_par' dir='ltr' id='par_1_10' title="bbox 300 1021 1945 1095">
     <span class='ocr_line' id='line_1_10' title="bbox 300 1021 1945 1095; baseline -0.004 -14"><span class='ocrx_word' id='word_1_71' title='bbox 300 1031 352 1081; x_wconf 89' lang='lat' dir='ltr'>et</span> <span class='ocrx_word' id='word_1_72' title='bbox 390 1041 527 1080; x_wconf 86' lang='lat' dir='ltr'>ecce</span> <span class='ocrx_word' id='word_1_73' title='bbox 560 1040 663 1095; x_wconf 90' lang='lat' dir='ltr'>per</span> <span class='ocrx_word' id='word_1_74' title='bbox 701 1025 972 1079; x_wconf 89' lang='lat' dir='ltr'>tenebras</span> <span class='ocrx_word' id='word_1_75' title='bbox 1023 1022 1342 1094; x_wconf 83' lang='lat' dir='ltr'>aspicimus</span> <span class='ocrx_word' id='word_1_76' title='bbox 1374 1022 1615 1077; x_wconf 83' lang='lat' dir='ltr'>leaenam</span> <span class='ocrx_word' id='word_1_77' title='bbox 1664 1021 1945 1076; x_wconf 83' lang='lat' dir='ltr'>invasisse</span> 
     </span>
    </p>
   </div>
   <div class='ocr_carea' id='block_1_11' title="bbox 300 1110 1941 1184">
    <p class='ocr_par' dir='ltr' id='par_1_11' title="bbox 300 1110 1941 1184">
     <span class='ocr_line' id='line_1_11' title="bbox 300 1110 1941 1184; baseline -0.003 -15"><span class='ocrx_word' id='word_1_78' title='bbox 300 1113 622 1180; x_wconf 86' lang='lat' dir='ltr'>hominem,</span> <span class='ocrx_word' id='word_1_79' title='bbox 654 1117 713 1167; x_wconf 87' lang='lat' dir='ltr'>et</span> <span class='ocrx_word' id='word_1_80' title='bbox 740 1117 975 1184; x_wconf 84' lang='lat' dir='ltr'>gutture</span> <span class='ocrx_word' id='word_1_81' title='bbox 1005 1111 1616 1180; x_wconf 77' lang='lat' dir='ltr'>suﬂ‘ocato,cruentum</span> <span class='ocrx_word' id='word_1_82' title='bbox 1650 1110 1801 1165; x_wconf 91' lang='lat' dir='ltr'>intro</span> <span class='ocrx_word' id='word_1_83' title='bbox 1824 1114 1941 1165; x_wconf 89' lang='lat' dir='ltr'>tra-</span> 
     </span>
    </p>
   </div>
   <div class='ocr_carea' id='block_1_12' title="bbox 299 1198 1943 1272">
    <p class='ocr_par' dir='ltr' id='par_1_12' title="bbox 299 1198 1943 1272">
     <span class='ocr_line' id='line_1_12' title="bbox 299 1198 1943 1272; baseline -0.003 -15"><span class='ocrx_word' id='word_1_84' title='bbox 299 1203 459 1258; x_wconf 84' lang='lat' dir='ltr'>here.</span> <span class='ocrx_word' id='word_1_85' title='bbox 497 1201 642 1257; x_wconf 85' lang='lat' dir='ltr'>Jesu</span> <span class='ocrx_word' id='word_1_86' title='bbox 688 1202 857 1267; x_wconf 91' lang='lat' dir='ltr'>bone,</span> <span class='ocrx_word' id='word_1_87' title='bbox 891 1201 1033 1272; x_wconf 92' lang='lat' dir='ltr'>quid</span> <span class='ocrx_word' id='word_1_88' title='bbox 1082 1206 1221 1255; x_wconf 89' lang='lat' dir='ltr'>tunc</span> <span class='ocrx_word' id='word_1_89' title='bbox 1269 1200 1506 1255; x_wconf 89' lang='lat' dir='ltr'>terroris</span> <span class='ocrx_word' id='word_1_90' title='bbox 1560 1200 1751 1265; x_wconf 91' lang='lat' dir='ltr'>nobis,</span> <span class='ocrx_word' id='word_1_91' title='bbox 1802 1198 1943 1270; x_wconf 91' lang='lat' dir='ltr'>quid</span> 
     </span>
    </p>
   </div>
   <div class='ocr_carea' id='block_1_13' title="bbox 299 1288 1942 1365">
    <p class='ocr_par' dir='ltr' id='par_1_13' title="bbox 299 1288 1942 1365">
     <span class='ocr_line' id='line_1_13' title="bbox 299 1288 1942 1365; baseline -0.003 -18"><span class='ocrx_word' id='word_1_92' title='bbox 299 1290 495 1365; x_wconf 83' lang='lat' dir='ltr'>gaudii</span> <span class='ocrx_word' id='word_1_93' title='bbox 546 1290 685 1346; x_wconf 84' lang='lat' dir='ltr'>fuit!</span> <span class='ocrx_word' id='word_1_94' title='bbox 720 1291 1159 1361; x_wconf 86' lang='lat' dir='ltr'>Spectabamus,</span> <span class='ocrx_word' id='word_1_95' title='bbox 1194 1288 1429 1344; x_wconf 90' lang='lat' dir='ltr'>domino</span> <span class='ocrx_word' id='word_1_96' title='bbox 1480 1289 1792 1355; x_wconf 85' lang='lat' dir='ltr'>nesciente,</span> <span class='ocrx_word' id='word_1_97' title='bbox 1835 1288 1942 1342; x_wconf 84' lang='lat' dir='ltr'>ho-</span> 
     </span>
    </p>
   </div>
   <div class='ocr_carea' id='block_1_14' title="bbox 299 1376 1946 1450">
    <p class='ocr_par' dir='ltr' id='par_1_14' title="bbox 299 1376 1946 1450">
     <span class='ocr_line' id='line_1_14' title="bbox 299 1376 1946 1450; baseline -0.003 -14"><span class='ocrx_word' id='word_1_98' title='bbox 299 1387 446 1436; x_wconf 83' lang='lat' dir='ltr'>stem</span> <span class='ocrx_word' id='word_1_99' title='bbox 478 1383 751 1435; x_wconf 88' lang='lat' dir='ltr'>nostrum</span> <span class='ocrx_word' id='word_1_100' title='bbox 782 1378 999 1450; x_wconf 86' lang='lat' dir='ltr'>perire;</span> <span class='ocrx_word' id='word_1_101' title='bbox 1027 1378 1126 1449; x_wconf 90' lang='lat' dir='ltr'>qui</span> <span class='ocrx_word' id='word_1_102' title='bbox 1150 1395 1283 1433; x_wconf 91' lang='lat' dir='ltr'>cum</span> <span class='ocrx_word' id='word_1_103' title='bbox 1305 1377 1527 1433; x_wconf 88' lang='lat' dir='ltr'>videret</span> <span class='ocrx_word' id='word_1_104' title='bbox 1558 1376 1725 1431; x_wconf 90' lang='lat' dir='ltr'>illum</span> <span class='ocrx_word' id='word_1_105' title='bbox 1752 1393 1946 1431; x_wconf 90' lang='lat' dir='ltr'>moras</span> 
     </span>
    </p>
   </div>
   <div class='ocr_carea' id='block_1_15' title="bbox 301 1466 1950 1538">
    <p class='ocr_par' dir='ltr' id='par_1_15' title="bbox 301 1466 1950 1538">
     <span class='ocr_line' id='line_1_15' title="bbox 301 1466 1950 1538; baseline -0.002 -15"><span class='ocrx_word' id='word_1_106' title='bbox 301 1470 504 1534; x_wconf 82' lang='lat' dir='ltr'>facere,</span> <span class='ocrx_word' id='word_1_107' title='bbox 546 1468 883 1538; x_wconf 84' lang='lat' dir='ltr'>suspicatus</span> <span class='ocrx_word' id='word_1_108' title='bbox 932 1472 1021 1523; x_wconf 90' lang='lat' dir='ltr'>est</span> <span class='ocrx_word' id='word_1_109' title='bbox 1068 1468 1215 1522; x_wconf 90' lang='lat' dir='ltr'>duos</span> <span class='ocrx_word' id='word_1_110' title='bbox 1264 1467 1367 1521; x_wconf 90' lang='lat' dir='ltr'>uni</span> <span class='ocrx_word' id='word_1_111' title='bbox 1426 1466 1714 1521; x_wconf 87' lang='lat' dir='ltr'>resistere.</span> <span class='ocrx_word' id='word_1_112' title='bbox 1750 1466 1859 1521; x_wconf 89' lang='lat' dir='ltr'>Sed</span> <span class='ocrx_word' id='word_1_113' title='bbox 1894 1469 1950 1519; x_wconf 90' lang='lat' dir='ltr'>et</span> 
     </span>
    </p>
   </div>
   <div class='ocr_carea' id='block_1_16' title="bbox 298 1554 1949 1625">
    <p class='ocr_par' dir='ltr' id='par_1_16' title="bbox 298 1554 1949 1625">
     <span class='ocr_line' id='line_1_16' title="bbox 298 1554 1949 1625; baseline -0.003 -13"><span class='ocrx_word' id='word_1_114' title='bbox 298 1558 443 1613; x_wconf 86' lang='lat' dir='ltr'>iram</span> <span class='ocrx_word' id='word_1_115' title='bbox 475 1556 713 1611; x_wconf 80' lang='lat' dir='ltr'>diﬂ&#39;erre</span> <span class='ocrx_word' id='word_1_116' title='bbox 744 1572 858 1610; x_wconf 90' lang='lat' dir='ltr'>non</span> <span class='ocrx_word' id='word_1_117' title='bbox 892 1555 1112 1623; x_wconf 89' lang='lat' dir='ltr'>valens,</span> <span class='ocrx_word' id='word_1_118' title='bbox 1145 1555 1297 1610; x_wconf 87' lang='lat' dir='ltr'>sicut</span> <span class='ocrx_word' id='word_1_119' title='bbox 1324 1555 1557 1609; x_wconf 87' lang='lat' dir='ltr'>tenebat</span> <span class='ocrx_word' id='word_1_120' title='bbox 1587 1554 1848 1625; x_wconf 83' lang='lat' dir='ltr'>gladium</span> <span class='ocrx_word' id='word_1_121' title='bbox 1877 1554 1949 1608; x_wconf 90' lang='lat' dir='ltr'>ad</span> 
     </span>
    </p>
   </div>
   <div class='ocr_carea' id='block_1_17' title="bbox 2048 396 3683 469">
    <p class='ocr_par' dir='ltr' id='par_1_17' title="bbox 2048 396 3683 469">
     <span class='ocr_line' id='line_1_17' title="bbox 2048 396 3683 469; baseline -0.001 -15"><span class='ocrx_word' id='word_1_122' title='bbox 2048 398 2330 469; x_wconf 88' lang='lat' dir='ltr'>nobisque</span> <span class='ocrx_word' id='word_1_123' title='bbox 2361 397 2514 452; x_wconf 91' lang='lat' dir='ltr'>cedit</span> <span class='ocrx_word' id='word_1_124' title='bbox 2543 396 2887 468; x_wconf 86' lang='lat' dir='ltr'>hospitium.</span> <span class='ocrx_word' id='word_1_125' title='bbox 2921 396 3120 467; x_wconf 88' lang='lat' dir='ltr'>Neque</span> <span class='ocrx_word' id='word_1_126' title='bbox 3151 401 3344 452; x_wconf 91' lang='lat' dir='ltr'>tamen</span> <span class='ocrx_word' id='word_1_127' title='bbox 3373 398 3517 455; x_wconf 85' lang='lat' dir='ltr'>satis</span> <span class='ocrx_word' id='word_1_128' title='bbox 3562 414 3683 453; x_wconf 89' lang='lat' dir='ltr'>cre-</span> 
     </span>
    </p>
   </div>
   <div class='ocr_carea' id='block_1_18' title="bbox 2049 486 3683 557">
    <p class='ocr_par' dir='ltr' id='par_1_18' title="bbox 2049 486 3683 557">
     <span class='ocr_line' id='line_1_18' title="bbox 2049 486 3683 557; baseline 0 -16"><span class='ocrx_word' id='word_1_129' title='bbox 2049 487 2192 553; x_wconf 89' lang='lat' dir='ltr'>duli,</span> <span class='ocrx_word' id='word_1_130' title='bbox 2229 488 2427 541; x_wconf 83' lang='lat' dir='ltr'>statim</span> <span class='ocrx_word' id='word_1_131' title='bbox 2475 486 2841 557; x_wconf 88' lang='lat' dir='ltr'>erumpimus</span> <span class='ocrx_word' id='word_1_132' title='bbox 2876 503 2888 539; x_wconf 90' lang='lat'><strong>:</strong></span> <span class='ocrx_word' id='word_1_133' title='bbox 2924 486 3025 540; x_wconf 86' lang='lat' dir='ltr'>sed</span> <span class='ocrx_word' id='word_1_134' title='bbox 3074 491 3475 556; x_wconf 82' lang='lat' dir='ltr'>exspectantes</span> <span class='ocrx_word' id='word_1_135' title='bbox 3506 489 3526 522; x_wconf 70' lang='lat'><strong>5</strong></span> <span class='ocrx_word' id='word_1_136' title='bbox 3557 488 3683 552; x_wconf 92' lang='lat' dir='ltr'>diu,</span> 
     </span>
    </p>
   </div>
   <div class='ocr_carea' id='block_1_19' title="bbox 2049 573 3691 648">
    <p class='ocr_par' dir='ltr' id='par_1_19' title="bbox 2049 573 3691 648">
     <span class='ocr_line' id='line_1_19' title="bbox 2049 573 3691 648; baseline -0.001 -16"><span class='ocrx_word' id='word_1_137' title='bbox 2049 582 2105 632; x_wconf 87' lang='lat' dir='ltr'>et</span> <span class='ocrx_word' id='word_1_138' title='bbox 2134 576 2327 648; x_wconf 85' lang='lat' dir='ltr'>egredi</span> <span class='ocrx_word' id='word_1_139' title='bbox 2357 576 2701 647; x_wconf 83' lang='lat' dir='ltr'>cogitantes,</span> <span class='ocrx_word' id='word_1_140' title='bbox 2736 573 2894 629; x_wconf 91' lang='lat' dir='ltr'>illius</span> <span class='ocrx_word' id='word_1_141' title='bbox 2926 573 3094 630; x_wconf 91' lang='lat' dir='ltr'>nobis</span> <span class='ocrx_word' id='word_1_142' title='bbox 3145 574 3545 646; x_wconf 85' lang='lat' dir='ltr'>ﬁgurabamus</span> <span class='ocrx_word' id='word_1_143' title='bbox 3588 592 3691 631; x_wconf 79' lang='lat' dir='ltr'>oc-</span> 
     </span>
    </p>
   </div>
   <div class='ocr_carea' id='block_1_20' title="bbox 2052 682 2312 721">
    <p class='ocr_par' dir='ltr' id='par_1_20' title="bbox 2052 682 2312 721">
     <span class='ocr_line' id='line_1_20' title="bbox 2052 682 2312 721; baseline -0.008 0"><span class='ocrx_word' id='word_1_144' title='bbox 2052 682 2312 721; x_wconf 88' lang='lat' dir='ltr'>cursum.</span> 
     </span>
    </p>
   </div>
   <div class='ocr_carea' id='block_1_21' title="bbox 2122 753 3690 810">
    <p class='ocr_par' dir='ltr' id='par_1_21' title="bbox 2122 753 3690 810">
     <span class='ocr_line' id='line_1_21' title="bbox 2122 753 3690 810; baseline 0 -1"><span class='ocrx_word' id='word_1_145' title='bbox 2122 755 2144 809; x_wconf 80' lang='grc'><strong>4</strong></span> <span class='ocrx_word' id='word_1_146' title='bbox 2157 756 2209 808; x_wconf 89' lang='lat'>0.</span> <span class='ocrx_word' id='word_1_147' title='bbox 2241 756 2491 810; x_wconf 86' lang='lat' dir='ltr'>Pericula</span> <span class='ocrx_word' id='word_1_148' title='bbox 2522 754 2781 809; x_wconf 87' lang='lat' dir='ltr'>liberatus</span> <span class='ocrx_word' id='word_1_149' title='bbox 2811 753 2879 808; x_wconf 84' lang='lat' dir='ltr'>ad</span> <span class='ocrx_word' id='word_1_150' title='bbox 2910 753 3197 807; x_wconf 76' lang='lat' dir='ltr'>monachos</span> <span class='ocrx_word' id='word_1_151' title='bbox 3245 753 3405 808; x_wconf 87' lang='lat' dir='ltr'>redit.</span> <span class='ocrx_word' id='word_1_152' title='bbox 3439 784 3507 794; x_wconf 91' lang='lat'>-—</span> <span class='ocrx_word' id='word_1_153' title='bbox 3536 754 3690 809; x_wconf 90' lang='lat' dir='ltr'>Sub-</span> 
     </span>
    </p>
   </div>
   <div class='ocr_carea' id='block_1_22' title="bbox 2052 842 3697 913">
    <p class='ocr_par' dir='ltr' id='par_1_22' title="bbox 2052 842 3697 913">
     <span class='ocr_line' id='line_1_22' title="bbox 2052 842 3697 913; baseline 0 -16"><span class='ocrx_word' id='word_1_154' title='bbox 2052 843 2167 899; x_wconf 89' lang='lat' dir='ltr'>lato</span> <span class='ocrx_word' id='word_1_155' title='bbox 2198 860 2333 913; x_wconf 89' lang='lat' dir='ltr'>ergo</span> <span class='ocrx_word' id='word_1_156' title='bbox 2363 843 2619 907; x_wconf 87' lang='lat' dir='ltr'>horrore,</span> <span class='ocrx_word' id='word_1_157' title='bbox 2653 847 2709 897; x_wconf 91' lang='lat' dir='ltr'>et</span> <span class='ocrx_word' id='word_1_158' title='bbox 2737 842 2836 896; x_wconf 92' lang='lat' dir='ltr'>illa</span> <span class='ocrx_word' id='word_1_159' title='bbox 2864 846 3162 896; x_wconf 90' lang='lat' dir='ltr'>transacta</span> <span class='ocrx_word' id='word_1_160' title='bbox 3192 842 3284 897; x_wconf 92' lang='lat' dir='ltr'>die</span> <span class='ocrx_word' id='word_1_161' title='bbox 3313 842 3697 913; x_wconf 62' lang='lat' dir='ltr'>“,egredimur</span> 
     </span>
    </p>
   </div>
   <div class='ocr_carea' id='block_1_23' title="bbox 2054 930 3695 1003">
    <p class='ocr_par' dir='ltr' id='par_1_23' title="bbox 2054 930 3695 1003">
     <span class='ocr_line' id='line_1_23' title="bbox 2054 930 3695 1003; baseline -0.001 -16"><span class='ocrx_word' id='word_1_162' title='bbox 2054 934 2125 987; x_wconf 88' lang='lat' dir='ltr'>ad</span> <span class='ocrx_word' id='word_1_163' title='bbox 2158 948 2491 1003; x_wconf 89' lang='lat' dir='ltr'>vesperam;</span> <span class='ocrx_word' id='word_1_164' title='bbox 2517 931 2887 1002; x_wconf 90' lang='lat' dir='ltr'>vidimusque</span> <span class='ocrx_word' id='word_1_165' title='bbox 2912 930 3340 1002; x_wconf 88' lang='lat' dir='ltr'>camelos,quos</span> <span class='ocrx_word' id='word_1_166' title='bbox 3357 931 3430 985; x_wconf 91' lang='lat' dir='ltr'>ob</span> <span class='ocrx_word' id='word_1_167' title='bbox 3454 930 3695 985; x_wconf 89' lang='lat' dir='ltr'>nimiam</span> 
     </span>
    </p>
   </div>
   <div class='ocr_carea' id='block_1_24' title="bbox 2054 1019 3699 1091">
    <p class='ocr_par' dir='ltr' id='par_1_24' title="bbox 2054 1019 3699 1091">
     <span class='ocr_line' id='line_1_24' title="bbox 2054 1019 3699 1091; baseline 0 -16"><span class='ocrx_word' id='word_1_168' title='bbox 2054 1021 2416 1076; x_wconf 86' lang='lat' dir='ltr'>velocitatem</span> <span class='ocrx_word' id='word_1_169' title='bbox 2464 1020 2864 1075; x_wconf 90' lang='lat' dir='ltr'>dromedarios</span> <span class='ocrx_word' id='word_1_170' title='bbox 2908 1024 3134 1085; x_wconf 86' lang='lat' dir='ltr'>vocant,</span> <span class='ocrx_word' id='word_1_171' title='bbox 3169 1019 3489 1091; x_wconf 65' lang='lat' dir='ltr'>praeteritos</span> <span class='ocrx_word' id='word_1_172' title='bbox 3539 1019 3699 1075; x_wconf 86' lang='lat' dir='ltr'>cibos</span> 
     </span>
    </p>
   </div>
   <div class='ocr_carea' id='block_1_25' title="bbox 2056 1108 3695 1173">
    <p class='ocr_par' dir='ltr' id='par_1_25' title="bbox 2056 1108 3695 1173">
     <span class='ocr_line' id='line_1_25' title="bbox 2056 1108 3695 1173; baseline 0 -10"><span class='ocrx_word' id='word_1_173' title='bbox 2056 1111 2113 1164; x_wconf 90' lang='lat' dir='ltr'>in</span> <span class='ocrx_word' id='word_1_174' title='bbox 2146 1126 2242 1163; x_wconf 91' lang='lat' dir='ltr'>ore</span> <span class='ocrx_word' id='word_1_175' title='bbox 2272 1109 2516 1173; x_wconf 89' lang='lat' dir='ltr'>volvere,</span> <span class='ocrx_word' id='word_1_176' title='bbox 2536 1114 2593 1163; x_wconf 92' lang='lat' dir='ltr'>et</span> <span class='ocrx_word' id='word_1_177' title='bbox 2620 1109 2678 1163; x_wconf 92' lang='lat' dir='ltr'>in</span> <span class='ocrx_word' id='word_1_178' title='bbox 2705 1109 2899 1163; x_wconf 88' lang='lat' dir='ltr'>alvum</span> <span class='ocrx_word' id='word_1_179' title='bbox 2924 1108 3103 1163; x_wconf 90' lang='lat' dir='ltr'>misso</span> <span class='ocrx_word' id='word_1_180' title='bbox 3135 1108 3348 1164; x_wconf 89' lang='lat' dir='ltr'>iterum</span> <span class='ocrx_word' id='word_1_181' title='bbox 3381 1108 3695 1165; x_wconf 83' lang='lat' dir='ltr'>retrahere.</span> 
     </span>
    </p>
   </div>
   <div class='ocr_carea' id='block_1_26' title="bbox 2056 1197 3700 1264">
    <p class='ocr_par' dir='ltr' id='par_1_26' title="bbox 2056 1197 3700 1264">
     <span class='ocr_line' id='line_1_26' title="bbox 2056 1197 3700 1264; baseline 0 -12"><span class='ocrx_word' id='word_1_182' title='bbox 2056 1198 2277 1262; x_wconf 89' lang='lat' dir='ltr'>Quibus</span> <span class='ocrx_word' id='word_1_183' title='bbox 2308 1198 2588 1263; x_wconf 86' lang='lat' dir='ltr'>ascensis,</span> <span class='ocrx_word' id='word_1_184' title='bbox 2621 1202 2677 1252; x_wconf 92' lang='lat' dir='ltr'>et</span> <span class='ocrx_word' id='word_1_185' title='bbox 2708 1214 2855 1252; x_wconf 88' lang='lat' dir='ltr'>nova</span> <span class='ocrx_word' id='word_1_186' title='bbox 2884 1197 3140 1261; x_wconf 89' lang='lat' dir='ltr'>sitarcia,</span> <span class='ocrx_word' id='word_1_187' title='bbox 3176 1197 3233 1251; x_wconf 88' lang='lat' dir='ltr'>id</span> <span class='ocrx_word' id='word_1_188' title='bbox 3273 1202 3363 1252; x_wconf 89' lang='lat' dir='ltr'>est</span> <span class='ocrx_word' id='word_1_189' title='bbox 3392 1200 3432 1264; x_wconf 81' lang='grc'>⁷,</span> <span class='ocrx_word' id='word_1_190' title='bbox 3467 1215 3700 1252; x_wconf 88' lang='lat' dir='ltr'>annona</span> 
     </span>
    </p>
   </div>
   <div class='ocr_carea' id='block_1_27' title="bbox 2058 1284 3701 1356">
    <p class='ocr_par' dir='ltr' id='par_1_27' title="bbox 2058 1284 3701 1356">
     <span class='ocr_line' id='line_1_27' title="bbox 2058 1284 3701 1356; baseline 0 -15"><span class='ocrx_word' id='word_1_191' title='bbox 2058 1285 2413 1353; x_wconf 84' lang='lat' dir='ltr'>reforcillati,</span> <span class='ocrx_word' id='word_1_192' title='bbox 2445 1286 2670 1340; x_wconf 87' lang='lat' dir='ltr'>decima</span> <span class='ocrx_word' id='word_1_193' title='bbox 2697 1285 2935 1340; x_wconf 88' lang='lat' dir='ltr'>tandem</span> <span class='ocrx_word' id='word_1_194' title='bbox 2958 1284 3049 1339; x_wconf 90' lang='lat' dir='ltr'>die</span> <span class='ocrx_word' id='word_1_195' title='bbox 3076 1285 3146 1339; x_wconf 90' lang='lat' dir='ltr'>ad</span> <span class='ocrx_word' id='word_1_196' title='bbox 3170 1285 3432 1339; x_wconf 82' lang='lat' dir='ltr'>Romana</span> <span class='ocrx_word' id='word_1_197' title='bbox 3473 1302 3576 1356; x_wconf 90' lang='lat' dir='ltr'>per</span> <span class='ocrx_word' id='word_1_198' title='bbox 3606 1285 3701 1341; x_wconf 89' lang='lat' dir='ltr'>de-</span> 
     </span>
    </p>
   </div>
   <div class='ocr_carea' id='block_1_28' title="bbox 2057 1372 3700 1444">
    <p class='ocr_par' dir='ltr' id='par_1_28' title="bbox 2057 1372 3700 1444">
     <span class='ocr_line' id='line_1_28' title="bbox 2057 1372 3700 1444; baseline -0.002 -13"><span class='ocrx_word' id='word_1_199' title='bbox 2057 1381 2278 1431; x_wconf 89' lang='lat' dir='ltr'>sertum</span> <span class='ocrx_word' id='word_1_200' title='bbox 2312 1380 2504 1430; x_wconf 89' lang='lat' dir='ltr'>castra</span> <span class='ocrx_word' id='word_1_201' title='bbox 2536 1375 2824 1429; x_wconf 91' lang='lat' dir='ltr'>venimus.</span> <span class='ocrx_word' id='word_1_202' title='bbox 2854 1372 3160 1444; x_wconf 88' lang='lat' dir='ltr'>Oblatique</span> <span class='ocrx_word' id='word_1_203' title='bbox 3192 1373 3577 1441; x_wconf 89' lang='lat' dir='ltr'>tribuno,rem</span> <span class='ocrx_word' id='word_1_204' title='bbox 3604 1390 3700 1428; x_wconf 91' lang='lat' dir='ltr'>or-</span> 
     </span>
    </p>
   </div>
   <div class='ocr_carea' id='block_1_29' title="bbox 2059 1461 3703 1536">
    <p class='ocr_par' dir='ltr' id='par_1_29' title="bbox 2059 1461 3703 1536">
     <span class='ocr_line' id='line_1_29' title="bbox 2059 1461 3703 1536; baseline -0.001 -17"><span class='ocrx_word' id='word_1_205' title='bbox 2059 1465 2191 1521; x_wconf 91' lang='lat' dir='ltr'>dine</span> <span class='ocrx_word' id='word_1_206' title='bbox 2223 1464 2537 1536; x_wconf 89' lang='lat' dir='ltr'>pandimus</span> <span class='ocrx_word' id='word_1_207' title='bbox 2566 1465 2586 1497; x_wconf 76' lang='grc' dir='ltr'>δ</span> <span class='ocrx_word' id='word_1_208' title='bbox 2623 1481 2634 1517; x_wconf 90' lang='lat'><strong>:</strong></span> <span class='ocrx_word' id='word_1_209' title='bbox 2672 1463 2805 1518; x_wconf 91' lang='lat' dir='ltr'>inde</span> <span class='ocrx_word' id='word_1_210' title='bbox 2836 1461 3167 1517; x_wconf 88' lang='lat' dir='ltr'>transmissi</span> <span class='ocrx_word' id='word_1_211' title='bbox 3218 1463 3289 1517; x_wconf 90' lang='lat' dir='ltr'>ad</span> <span class='ocrx_word' id='word_1_212' title='bbox 3332 1462 3652 1517; x_wconf 84' lang='lat' dir='ltr'>Sabianum</span> <span class='ocrx_word' id='word_1_213' title='bbox 3682 1465 3703 1497; x_wconf 70' lang='grc' dir='ltr'>θ</span> 
     </span>
    </p>
   </div>
   <div class='ocr_carea' id='block_1_30' title="bbox 2059 1550 3701 1623">
    <p class='ocr_par' dir='ltr' id='par_1_30' title="bbox 2059 1550 3701 1623">
     <span class='ocr_line' id='line_1_30' title="bbox 2059 1550 3701 1623; baseline -0.002 -14"><span class='ocrx_word' id='word_1_214' title='bbox 2059 1553 2490 1623; x_wconf 64' lang='lat' dir='ltr'>Mesopotamiae</span> <span class='ocrx_word' id='word_1_215' title='bbox 2522 1553 2754 1617; x_wconf 91' lang='lat' dir='ltr'>ducem,</span> <span class='ocrx_word' id='word_1_216' title='bbox 2787 1551 3142 1606; x_wconf 88' lang='lat' dir='ltr'>camelorum</span> <span class='ocrx_word' id='word_1_217' title='bbox 3176 1550 3427 1622; x_wconf 87' lang='lat' dir='ltr'>pretium</span> <span class='ocrx_word' id='word_1_218' title='bbox 3480 1552 3701 1623; x_wconf 88' lang='lat' dir='ltr'>accepi-</span> 
     </span>
    </p>
   </div>
   <div class='ocr_carea' id='block_1_31' title="bbox 297 1639 3702 1745">
    <p class='ocr_par' dir='ltr' id='par_1_31' title="bbox 297 1639 3702 1745">
     <span class='ocr_line' id='line_1_31' title="bbox 297 1639 3702 1745; baseline -0.002 -43"><span class='ocrx_word' id='word_1_219' title='bbox 297 1645 642 1717; x_wconf 84' lang='lat' dir='ltr'>speluncam</span> <span class='ocrx_word' id='word_1_220' title='bbox 675 1644 775 1701; x_wconf 68' lang='lat'><strong>48</strong></span> <span class='ocrx_word' id='word_1_221' title='bbox 800 1646 989 1711; x_wconf 88' lang='lat' dir='ltr'>venit;</span> <span class='ocrx_word' id='word_1_222' title='bbox 1023 1649 1079 1699; x_wconf 90' lang='lat' dir='ltr'>et</span> <span class='ocrx_word' id='word_1_223' title='bbox 1108 1645 1360 1698; x_wconf 90' lang='lat' dir='ltr'>clamore</span> <span class='ocrx_word' id='word_1_224' title='bbox 1410 1644 1611 1698; x_wconf 90' lang='lat' dir='ltr'>rabido</span> <span class='ocrx_word' id='word_1_225' title='bbox 1665 1642 1815 1698; x_wconf 87' lang='lat' dir='ltr'>servi</span> <span class='ocrx_word' id='word_1_226' title='bbox 1861 1642 1950 1697; x_wconf 90' lang='lat' dir='ltr'>in-</span> <span class='ocrx_word' id='word_1_227' title='bbox 1984 1682 2031 1745; x_wconf 78' lang='grc' dir='ltr'><strong>Β</strong></span> <span class='ocrx_word' id='word_1_228' title='bbox 2062 1643 2303 1698; x_wconf 83' lang='lat' dir='ltr'>mus.Et</span> <span class='ocrx_word' id='word_1_229' title='bbox 2333 1642 2471 1711; x_wconf 88' lang='lat' dir='ltr'>quia</span> <span class='ocrx_word' id='word_1_230' title='bbox 2493 1642 2619 1712; x_wconf 85' lang='lat' dir='ltr'>jam</span> <span class='ocrx_word' id='word_1_231' title='bbox 2650 1642 2830 1695; x_wconf 88' lang='lat' dir='ltr'>abbas</span> <span class='ocrx_word' id='word_1_232' title='bbox 2864 1639 2959 1694; x_wconf 90' lang='lat' dir='ltr'>ille</span> <span class='ocrx_word' id='word_1_233' title='bbox 2990 1656 3157 1695; x_wconf 92' lang='lat' dir='ltr'>meus</span> <span class='ocrx_word' id='word_1_234' title='bbox 3179 1640 3575 1695; x_wconf 91' lang='lat' dir='ltr'>dormieratin</span> <span class='ocrx_word' id='word_1_235' title='bbox 3600 1641 3702 1695; x_wconf 91' lang='lat' dir='ltr'>Do-</span> 
     </span>
    </p>
   </div>
   <div class='ocr_carea' id='block_1_32' title="bbox 298 1731 1953 1807">
    <p class='ocr_par' dir='ltr' id='par_1_32' title="bbox 298 1731 1953 1807">
     <span class='ocr_line' id='line_1_32' title="bbox 298 1731 1953 1807; baseline -0.004 -16"><span class='ocrx_word' id='word_1_236' title='bbox 298 1751 547 1807; x_wconf 87' lang='lat' dir='ltr'>crepans</span> <span class='ocrx_word' id='word_1_237' title='bbox 578 1733 906 1789; x_wconf 87' lang='lat' dir='ltr'>socordiam</span> <span class='ocrx_word' id='word_1_238' title='bbox 937 1733 1150 1800; x_wconf 72' lang='lat' dir='ltr'>’,prius</span> <span class='ocrx_word' id='word_1_239' title='bbox 1183 1750 1216 1787; x_wconf 92' lang='lat' dir='ltr'>a</span> <span class='ocrx_word' id='word_1_240' title='bbox 1244 1733 1365 1787; x_wconf 86' lang='lat' dir='ltr'>fera</span> <span class='ocrx_word' id='word_1_241' title='bbox 1395 1737 1644 1798; x_wconf 88' lang='lat' dir='ltr'>tenetur,</span> <span class='ocrx_word' id='word_1_242' title='bbox 1670 1748 1849 1803; x_wconf 86' lang='lat' dir='ltr'>quam</span> <span class='ocrx_word' id='word_1_243' title='bbox 1882 1731 1953 1785; x_wconf 88' lang='lat' dir='ltr'>ad</span> 
     </span>
    </p>
   </div>
   <div class='ocr_carea' id='block_1_33' title="bbox 299 1820 1956 1893">
    <p class='ocr_par' dir='ltr' id='par_1_33' title="bbox 299 1820 1956 1893">
     <span class='ocr_line' id='line_1_33' title="bbox 299 1820 1956 1893; baseline -0.003 -13"><span class='ocrx_word' id='word_1_244' title='bbox 299 1830 533 1880; x_wconf 82' lang='lat' dir='ltr'>nostras</span> <span class='ocrx_word' id='word_1_245' title='bbox 566 1823 815 1878; x_wconf 84' lang='lat' dir='ltr'>latebras</span> <span class='ocrx_word' id='word_1_246' title='bbox 849 1820 1343 1893; x_wconf 88' lang='lat' dir='ltr'>perveniret.Quis</span> <span class='ocrx_word' id='word_1_247' title='bbox 1378 1820 1484 1875; x_wconf 92' lang='lat' dir='ltr'>hoc</span> <span class='ocrx_word' id='word_1_248' title='bbox 1518 1837 1802 1891; x_wconf 91' lang='lat' dir='ltr'>umquam</span> <span class='ocrx_word' id='word_1_249' title='bbox 1838 1836 1956 1875; x_wconf 87' lang='lat' dir='ltr'>cre-</span> 
     </span>
    </p>
   </div>
   <div class='ocr_carea' id='block_1_34' title="bbox 298 1908 1953 1981">
    <p class='ocr_par' dir='ltr' id='par_1_34' title="bbox 298 1908 1953 1981">
     <span class='ocr_line' id='line_1_34' title="bbox 298 1908 1953 1981; baseline -0.003 -13"><span class='ocrx_word' id='word_1_250' title='bbox 298 1912 482 1981; x_wconf 86' lang='lat' dir='ltr'>deret,</span> <span class='ocrx_word' id='word_1_251' title='bbox 520 1916 586 1966; x_wconf 88' lang='lat' dir='ltr'>ut</span> <span class='ocrx_word' id='word_1_252' title='bbox 619 1916 751 1966; x_wconf 86' lang='lat' dir='ltr'>ante</span> <span class='ocrx_word' id='word_1_253' title='bbox 784 1927 849 1965; x_wconf 91' lang='lat' dir='ltr'>os</span> <span class='ocrx_word' id='word_1_254' title='bbox 879 1916 1174 1978; x_wconf 90' lang='lat' dir='ltr'>nostrum,</span> <span class='ocrx_word' id='word_1_255' title='bbox 1209 1909 1396 1965; x_wconf 85' lang='lat' dir='ltr'>bestia</span> <span class='ocrx_word' id='word_1_256' title='bbox 1436 1926 1538 1980; x_wconf 89' lang='lat' dir='ltr'>pro</span> <span class='ocrx_word' id='word_1_257' title='bbox 1572 1908 1740 1964; x_wconf 87' lang='lat' dir='ltr'>nobis</span> <span class='ocrx_word' id='word_1_258' title='bbox 1782 1909 1953 1964; x_wconf 91' lang='lat' dir='ltr'>dimi-</span> 
     </span>
    </p>
   </div>
   <div class='ocr_carea' id='block_1_35' title="bbox 300 1996 1955 2064">
    <p class='ocr_par' dir='ltr' id='par_1_35' title="bbox 300 1996 1955 2064">
     <span class='ocr_line' id='line_1_35' title="bbox 300 1996 1955 2064; baseline -0.001 -9"><span class='ocrx_word' id='word_1_259' title='bbox 300 2000 501 2055; x_wconf 80' lang='lat' dir='ltr'>caret?</span> <span class='ocrx_word' id='word_1_260' title='bbox 532 1998 772 2054; x_wconf 86' lang='lat' dir='ltr'>Sublato</span> <span class='ocrx_word' id='word_1_261' title='bbox 803 2004 999 2055; x_wconf 90' lang='lat' dir='ltr'>autem</span> <span class='ocrx_word' id='word_1_262' title='bbox 1030 1998 1128 2054; x_wconf 90' lang='lat' dir='ltr'>illo</span> <span class='ocrx_word' id='word_1_263' title='bbox 1162 2003 1343 2064; x_wconf 89' lang='lat' dir='ltr'>metu,</span> <span class='ocrx_word' id='word_1_264' title='bbox 1378 1996 1593 2052; x_wconf 89' lang='lat' dir='ltr'>similia</span> <span class='ocrx_word' id='word_1_265' title='bbox 1634 2003 1765 2052; x_wconf 89' lang='lat' dir='ltr'>ante</span> <span class='ocrx_word' id='word_1_266' title='bbox 1819 2015 1955 2053; x_wconf 91' lang='lat' dir='ltr'>ocu-</span> 
     </span>
    </p>
   </div>
   <div class='ocr_carea' id='block_1_36' title="bbox 300 2086 1957 2158">
    <p class='ocr_par' dir='ltr' id='par_1_36' title="bbox 300 2086 1957 2158">
     <span class='ocr_line' id='line_1_36' title="bbox 300 2086 1957 2158; baseline -0.001 -15"><span class='ocrx_word' id='word_1_267' title='bbox 300 2090 392 2145; x_wconf 87' lang='lat' dir='ltr'>los</span> <span class='ocrx_word' id='word_1_268' title='bbox 430 2093 660 2143; x_wconf 88' lang='lat' dir='ltr'>nostros</span> <span class='ocrx_word' id='word_1_269' title='bbox 690 2088 1035 2144; x_wconf 86' lang='lat' dir='ltr'>versabatur</span> <span class='ocrx_word' id='word_1_270' title='bbox 1064 2087 1368 2153; x_wconf 89' lang='lat' dir='ltr'>interitus;</span> <span class='ocrx_word' id='word_1_271' title='bbox 1404 2086 1515 2140; x_wconf 91' lang='lat' dir='ltr'>nisi</span> <span class='ocrx_word' id='word_1_272' title='bbox 1540 2087 1695 2158; x_wconf 91' lang='lat' dir='ltr'>quod</span> <span class='ocrx_word' id='word_1_273' title='bbox 1719 2087 1913 2158; x_wconf 91' lang='lat' dir='ltr'>potius</span> <span class='ocrx_word' id='word_1_274' title='bbox 1935 2088 1957 2119; x_wconf 84' lang='grc'><strong>³</strong></span> 
     </span>
    </p>
   </div>
   <div class='ocr_carea' id='block_1_37' title="bbox 301 2174 1947 2247">
    <p class='ocr_par' dir='ltr' id='par_1_37' title="bbox 301 2174 1947 2247">
     <span class='ocr_line' id='line_1_37' title="bbox 301 2174 1947 2247; baseline -0.001 -13"><span class='ocrx_word' id='word_1_275' title='bbox 301 2182 429 2234; x_wconf 85' lang='lat' dir='ltr'>erat</span> <span class='ocrx_word' id='word_1_276' title='bbox 459 2176 685 2232; x_wconf 84' lang='lat' dir='ltr'>rabiem</span> <span class='ocrx_word' id='word_1_277' title='bbox 710 2176 919 2243; x_wconf 89' lang='lat' dir='ltr'>leonis,</span> <span class='ocrx_word' id='word_1_278' title='bbox 955 2192 1131 2247; x_wconf 91' lang='lat' dir='ltr'>quam</span> <span class='ocrx_word' id='word_1_279' title='bbox 1164 2176 1312 2231; x_wconf 89' lang='lat' dir='ltr'>iram</span> <span class='ocrx_word' id='word_1_280' title='bbox 1343 2174 1600 2230; x_wconf 91' lang='lat' dir='ltr'>hominis</span> <span class='ocrx_word' id='word_1_281' title='bbox 1631 2176 1947 2233; x_wconf 90' lang='lat' dir='ltr'>sustinere.</span> 
     </span>
    </p>
   </div>
   <div class='ocr_carea' id='block_1_38' title="bbox 302 2264 1957 2334">
    <p class='ocr_par' dir='ltr' id='par_1_38' title="bbox 302 2264 1957 2334">
     <span class='ocr_line' id='line_1_38' title="bbox 302 2264 1957 2334; baseline -0.002 -12"><span class='ocrx_word' id='word_1_282' title='bbox 302 2268 591 2322; x_wconf 79' lang='lat' dir='ltr'>Pavemus</span> <span class='ocrx_word' id='word_1_283' title='bbox 616 2265 1007 2332; x_wconf 90' lang='lat' dir='ltr'>intrinsecus;</span> <span class='ocrx_word' id='word_1_284' title='bbox 1059 2269 1115 2319; x_wconf 92' lang='lat' dir='ltr'>et</span> <span class='ocrx_word' id='word_1_285' title='bbox 1168 2282 1239 2319; x_wconf 90' lang='lat' dir='ltr'>ne</span> <span class='ocrx_word' id='word_1_286' title='bbox 1288 2280 1515 2320; x_wconf 84' lang='lat' dir='ltr'>movere</span> <span class='ocrx_word' id='word_1_287' title='bbox 1564 2264 1799 2334; x_wconf 91' lang='lat' dir='ltr'>quidem</span> <span class='ocrx_word' id='word_1_288' title='bbox 1852 2281 1957 2319; x_wconf 90' lang='lat' dir='ltr'>nos</span> 
     </span>
    </p>
   </div>
   <div class='ocr_carea' id='block_1_39' title="bbox 303 2352 1960 2426">
    <p class='ocr_par' dir='ltr' id='par_1_39' title="bbox 303 2352 1960 2426">
     <span class='ocr_line' id='line_1_39' title="bbox 303 2352 1960 2426; baseline -0.002 -15"><span class='ocrx_word' id='word_1_289' title='bbox 303 2355 454 2422; x_wconf 79' lang='lat' dir='ltr'>ausi,</span> <span class='ocrx_word' id='word_1_290' title='bbox 486 2353 979 2426; x_wconf 57' lang='lat' dir='ltr'>prastolabamur</span> <span class='ocrx_word' id='word_1_291' title='bbox 1006 2359 1278 2409; x_wconf 90' lang='lat' dir='ltr'>eventum</span> <span class='ocrx_word' id='word_1_292' title='bbox 1310 2352 1415 2420; x_wconf 87' lang='lat' dir='ltr'>rei,</span> <span class='ocrx_word' id='word_1_293' title='bbox 1439 2352 1590 2407; x_wconf 91' lang='lat' dir='ltr'>inter</span> <span class='ocrx_word' id='word_1_294' title='bbox 1620 2356 1783 2408; x_wconf 88' lang='lat' dir='ltr'>tanta</span> <span class='ocrx_word' id='word_1_295' title='bbox 1816 2353 1960 2425; x_wconf 89' lang='lat' dir='ltr'>peri-</span> 
     </span>
    </p>
   </div>
   <div class='ocr_carea' id='block_1_40' title="bbox 304 2441 1956 2515">
    <p class='ocr_par' dir='ltr' id='par_1_40' title="bbox 304 2441 1956 2515">
     <span class='ocr_line' id='line_1_40' title="bbox 304 2441 1956 2515; baseline -0.003 -16"><span class='ocrx_word' id='word_1_296' title='bbox 304 2442 763 2515; x_wconf 81' lang='lat' dir='ltr'>cula,pudicitiaa</span> <span class='ocrx_word' id='word_1_297' title='bbox 794 2446 1023 2497; x_wconf 87' lang='lat' dir='ltr'>tantum</span> <span class='ocrx_word' id='word_1_298' title='bbox 1058 2441 1412 2498; x_wconf 84' lang='lat' dir='ltr'>conscientia</span> <span class='ocrx_word' id='word_1_299' title='bbox 1443 2458 1545 2512; x_wconf 90' lang='lat' dir='ltr'>pro</span> <span class='ocrx_word' id='word_1_300' title='bbox 1571 2458 1734 2496; x_wconf 92' lang='lat' dir='ltr'>muro</span> <span class='ocrx_word' id='word_1_301' title='bbox 1787 2441 1956 2512; x_wconf 88' lang='lat' dir='ltr'>septi.</span> 
     </span>
    </p>
   </div>
   <div class='ocr_carea' id='block_1_41' title="bbox 301 2530 1957 2599">
    <p class='ocr_par' dir='ltr' id='par_1_41' title="bbox 301 2530 1957 2599">
     <span class='ocr_line' id='line_1_41' title="bbox 301 2530 1957 2599; baseline -0.002 -10"><span class='ocrx_word' id='word_1_302' title='bbox 301 2538 507 2589; x_wconf 67' lang='lat' dir='ltr'>Leaena</span> <span class='ocrx_word' id='word_1_303' title='bbox 537 2531 785 2588; x_wconf 83' lang='lat' dir='ltr'>insidias</span> <span class='ocrx_word' id='word_1_304' title='bbox 816 2548 1047 2599; x_wconf 89' lang='lat' dir='ltr'>cavens,</span> <span class='ocrx_word' id='word_1_305' title='bbox 1080 2537 1138 2587; x_wconf 88' lang='lat' dir='ltr'>et</span> <span class='ocrx_word' id='word_1_306' title='bbox 1186 2532 1374 2587; x_wconf 88' lang='lat' dir='ltr'>visam</span> <span class='ocrx_word' id='word_1_307' title='bbox 1415 2546 1544 2585; x_wconf 90' lang='lat' dir='ltr'>esse</span> <span class='ocrx_word' id='word_1_308' title='bbox 1586 2547 1647 2585; x_wconf 90' lang='lat' dir='ltr'>se</span> <span class='ocrx_word' id='word_1_309' title='bbox 1678 2530 1957 2595; x_wconf 88' lang='lat' dir='ltr'>sentiens,</span> 
     </span>
    </p>
   </div>
   <div class='ocr_carea' id='block_1_42' title="bbox 376 2718 1961 2791">
    <p class='ocr_par' dir='ltr' id='par_1_42' title="bbox 376 2718 1961 2791">
     <span class='ocr_line' id='line_1_42' title="bbox 376 2718 1961 2791; baseline -0.003 -15"><span class='ocrx_word' id='word_1_310' title='bbox 376 2723 390 2755; x_wconf 86' lang='grc'>¹</span> <span class='ocrx_word' id='word_1_311' title='bbox 426 2721 561 2777; x_wconf 70' lang='lat' dir='ltr'>Hac</span> <span class='ocrx_word' id='word_1_312' title='bbox 604 2721 884 2791; x_wconf 79' lang='lat' dir='ltr'>patienter</span> <span class='ocrx_word' id='word_1_313' title='bbox 930 2725 1237 2791; x_wconf 68' lang='lat' dir='ltr'>e:_c.spectat,_</span> <span class='ocrx_word' id='word_1_314' title='bbox 1266 2733 1572 2791; x_wconf 86' lang='lat' dir='ltr'>perperam</span> <span class='ocrx_word' id='word_1_315' title='bbox 1622 2718 1851 2773; x_wconf 88' lang='lat' dir='ltr'>intrusa</span> <span class='ocrx_word' id='word_1_316' title='bbox 1879 2718 1961 2772; x_wconf 92' lang='lat' dir='ltr'>vi-</span> 
     </span>
    </p>
   </div>
   <div class='ocr_carea' id='block_1_43' title="bbox 310 2788 1578 2859">
    <p class='ocr_par' dir='ltr' id='par_1_43' title="bbox 310 2788 1578 2859">
     <span class='ocr_line' id='line_1_43' title="bbox 310 2788 1578 2859; baseline -0.007 -10"><span class='ocrx_word' id='word_1_317' title='bbox 310 2788 777 2859; x_wconf 43' lang='lat' dir='ltr'>deanturfcerte</span> <span class='ocrx_word' id='word_1_318' title='bbox 806 2791 865 2845; x_wconf 92' lang='lat' dir='ltr'>in</span> <span class='ocrx_word' id='word_1_319' title='bbox 889 2788 1049 2844; x_wconf 91' lang='lat' dir='ltr'>nullo</span> <span class='ocrx_word' id='word_1_320' title='bbox 1080 2805 1190 2843; x_wconf 91' lang='lat' dir='ltr'>ms.</span> <span class='ocrx_word' id='word_1_321' title='bbox 1226 2788 1578 2843; x_wconf 88' lang='lat' dir='ltr'>invenimus.</span> 
     </span>
    </p>
   </div>
   <div class='ocr_carea' id='block_1_44' title="bbox 376 2859 1963 2935">
    <p class='ocr_par' dir='ltr' id='par_1_44' title="bbox 376 2859 1963 2935">
     <span class='ocr_line' id='line_1_44' title="bbox 376 2859 1963 2935; baseline 0 -20"><span class='ocrx_word' id='word_1_322' title='bbox 376 2866 398 2899; x_wconf 80' lang='grc'>³</span> <span class='ocrx_word' id='word_1_323' title='bbox 428 2862 669 2935; x_wconf 86' lang='lat' dir='ltr'>Vulgati</span> <span class='ocrx_word' id='word_1_324' title='bbox 700 2862 833 2916; x_wconf 90' lang='lat' dir='ltr'>libri</span> <span class='ocrx_word' id='word_1_325' title='bbox 863 2861 1189 2935; x_wconf 77' lang='lat' dir='ltr'>vecordiam,</span> <span class='ocrx_word' id='word_1_326' title='bbox 1215 2859 1593 2935; x_wconf 82' lang='lat' dir='ltr'>renuentibus</span> <span class='ocrx_word' id='word_1_327' title='bbox 1627 2860 1963 2915; x_wconf 89' lang='lat' dir='ltr'>ms.Deinde</span> 
     </span>
    </p>
   </div>
   <div class='ocr_carea' id='block_1_45' title="bbox 309 2931 1605 3005">
    <p class='ocr_par' dir='ltr' id='par_1_45' title="bbox 309 2931 1605 3005">
     <span class='ocr_line' id='line_1_45' title="bbox 309 2931 1605 3005; baseline -0.003 -17"><span class='ocrx_word' id='word_1_328' title='bbox 309 2931 579 2993; x_wconf 53' lang='lat' dir='ltr'>VictorJ</span> <span class='ocrx_word' id='word_1_329' title='bbox 595 2937 713 3005; x_wconf 83' lang='lat' dir='ltr'>Qui</span> <span class='ocrx_word' id='word_1_330' title='bbox 740 2934 1016 3005; x_wconf 31' lang='lat' dir='ltr'>sunttqui</span> <span class='ocrx_word' id='word_1_331' title='bbox 1046 2933 1142 2986; x_wconf 86' lang='lat' dir='ltr'>hoc</span> <span class='ocrx_word' id='word_1_332' title='bbox 1169 2931 1463 2997; x_wconf 84' lang='lat' dir='ltr'>crederint,</span> <span class='ocrx_word' id='word_1_333' title='bbox 1498 2936 1605 2985; x_wconf 82' lang='lat' dir='ltr'>etc,</span> 
     </span>
    </p>
   </div>
   <div class='ocr_carea' id='block_1_46' title="bbox 386 3003 1426 3075">
    <p class='ocr_par' dir='ltr' id='par_1_46' title="bbox 386 3003 1426 3075">
     <span class='ocr_line' id='line_1_46' title="bbox 386 3003 1426 3075; baseline -0.005 -15"><span class='ocrx_word' id='word_1_334' title='bbox 386 3007 408 3040; x_wconf 79' lang='grc'>³</span> <span class='ocrx_word' id='word_1_335' title='bbox 441 3006 595 3060; x_wconf 83' lang='lat' dir='ltr'>Editi</span> <span class='ocrx_word' id='word_1_336' title='bbox 615 3003 748 3061; x_wconf 26' lang='lat' dir='ltr'>‘Nisi</span> <span class='ocrx_word' id='word_1_337' title='bbox 777 3003 918 3075; x_wconf 89' lang='lat' dir='ltr'>quod</span> <span class='ocrx_word' id='word_1_338' title='bbox 948 3004 1117 3058; x_wconf 78' lang='lat' dir='ltr'>tutius</span> <span class='ocrx_word' id='word_1_339' title='bbox 1149 3007 1287 3069; x_wconf 87' lang='lat' dir='ltr'>erat,</span> <span class='ocrx_word' id='word_1_340' title='bbox 1319 3007 1426 3057; x_wconf 90' lang='lat' dir='ltr'>etc.</span> 
     </span>
    </p>
   </div>
   <div class='ocr_carea' id='block_1_47' title="bbox 384 3072 1962 3151">
    <p class='ocr_par' dir='ltr' id='par_1_47' title="bbox 384 3072 1962 3151">
     <span class='ocr_line' id='line_1_47' title="bbox 384 3072 1962 3151; baseline -0.003 -20"><span class='ocrx_word' id='word_1_341' title='bbox 384 3080 408 3109; x_wconf 73' lang='grc' dir='ltr'>δ</span> <span class='ocrx_word' id='word_1_342' title='bbox 439 3077 538 3151; x_wconf 79' lang='lat' dir='ltr'>Sic</span> <span class='ocrx_word' id='word_1_343' title='bbox 570 3094 714 3132; x_wconf 86' lang='lat' dir='ltr'>mss.</span> <span class='ocrx_word' id='word_1_344' title='bbox 750 3072 934 3131; x_wconf 81' lang='lat' dir='ltr'>nostri</span> <span class='ocrx_word' id='word_1_345' title='bbox 965 3090 1188 3151; x_wconf 82' lang='lat' dir='ltr'>omnes,</span> <span class='ocrx_word' id='word_1_346' title='bbox 1226 3078 1281 3128; x_wconf 89' lang='lat' dir='ltr'>et</span> <span class='ocrx_word' id='word_1_347' title='bbox 1320 3077 1568 3151; x_wconf 88' lang='lat' dir='ltr'>quatuor</span> <span class='ocrx_word' id='word_1_348' title='bbox 1598 3072 1714 3151; x_wconf 76' lang='lat' dir='ltr'>alii,</span> <span class='ocrx_word' id='word_1_349' title='bbox 1748 3072 1962 3151; x_wconf 86' lang='lat' dir='ltr'>quibus</span> 
     </span>
    </p>
   </div>
   <div class='ocr_carea' id='block_1_48' title="bbox 312 3143 1964 3270">
    <p class='ocr_par' dir='ltr' id='par_1_48' title="bbox 312 3143 1964 3270">
     <span class='ocr_line' id='line_1_48' title="bbox 312 3143 1964 3270; baseline -0.004 -66"><span class='ocrx_word' id='word_1_350' title='bbox 312 3148 695 3204; x_wconf 70' lang='lat' dir='ltr'>Martianaeus</span> <span class='ocrx_word' id='word_1_351' title='bbox 738 3164 881 3202; x_wconf 90' lang='lat' dir='ltr'>usus</span> <span class='ocrx_word' id='word_1_352' title='bbox 912 3150 1021 3211; x_wconf 87' lang='lat' dir='ltr'>est,</span> <span class='ocrx_word' id='word_1_353' title='bbox 1056 3147 1154 3217; x_wconf 92' lang='lat' dir='ltr'>qui</span> <span class='ocrx_word' id='word_1_354' title='bbox 1188 3143 1382 3200; x_wconf 79' lang='lat' dir='ltr'>tamen</span> <span class='ocrx_word' id='word_1_355' title='bbox 1414 3148 1626 3199; x_wconf 85' lang='lat' dir='ltr'>mature</span> <span class='ocrx_word' id='word_1_356' title='bbox 1669 3143 1810 3214; x_wconf 87' lang='lat' dir='ltr'>legit</span> <span class='ocrx_word' id='word_1_357' title='bbox 1862 3161 1964 3270; x_wconf 43' lang='lat' dir='ltr'>piro</span> 
     </span>
     <span class='ocr_line' id='line_1_49' title="bbox 313 3216 1964 3270; baseline 0 0"><span class='ocrx_word' id='word_1_358' title='bbox 313 3222 615 3270; x_wconf 81' lang='lat' dir='ltr'>matutina.</span> <span class='ocrx_word' id='word_1_359' title='bbox 648 3218 959 3270; x_wconf 85' lang='lat' dir='ltr'>Victorius.</span> <span class='ocrx_word' id='word_1_360' title='bbox 985 3233 1169 3270; x_wconf 85' lang='lat' dir='ltr'>eouue</span> <span class='ocrx_word' id='word_1_361' title='bbox 1198 3216 1542 3270; x_wconf 88' lang='lat' dir='ltr'>vetustiores</span> <span class='ocrx_word' id='word_1_362' title='bbox 1565 3220 1837 3270; x_wconf 88' lang='lat' dir='ltr'>neutrum</span> <span class='ocrx_word' id='word_1_363' title='bbox 1913 3231 1964 3270; x_wconf 89' lang='lat' dir='ltr'>a-</span> 
     </span>
    </p>
   </div>
   <div class='ocr_carea' id='block_1_49' title="bbox 313 3216 1966 3289">
    <p class='ocr_par' dir='ltr' id='par_1_49' title="bbox 313 3216 1966 3289">
     <span class='ocr_line' id='line_1_50' title="bbox 313 3216 1966 3289; baseline -0.003 -14"><span class='ocrx_word' id='word_1_364' title='bbox 313 3222 615 3275; x_wconf 85' lang='lat' dir='ltr'>matutina.</span> <span class='ocrx_word' id='word_1_365' title='bbox 648 3218 959 3285; x_wconf 85' lang='lat' dir='ltr'>Victorius,</span> <span class='ocrx_word' id='word_1_366' title='bbox 985 3216 1169 3289; x_wconf 86' lang='lat' dir='ltr'>eoque</span> <span class='ocrx_word' id='word_1_367' title='bbox 1198 3216 1542 3271; x_wconf 90' lang='lat' dir='ltr'>vetustiores</span> <span class='ocrx_word' id='word_1_368' title='bbox 1565 3220 1837 3270; x_wconf 89' lang='lat' dir='ltr'>neutrum</span> <span class='ocrx_word' id='word_1_369' title='bbox 1870 3216 1966 3270; x_wconf 87' lang='lat' dir='ltr'>ba-</span> 
     </span>
    </p>
   </div>
   <div class='ocr_carea' id='block_1_50' title="bbox 316 3293 485 3347">
    <p class='ocr_par' dir='ltr' id='par_1_50' title="bbox 316 3293 485 3347">
     <span class='ocr_line' id='line_1_51' title="bbox 316 3293 485 3347; baseline -0.012 0"><span class='ocrx_word' id='word_1_370' title='bbox 316 3293 485 3347; x_wconf 86' lang='lat' dir='ltr'>bent.</span> 
     </span>
    </p>
   </div>
   <div class='ocr_carea' id='block_1_51' title="bbox 381 3356 1963 3429">
    <p class='ocr_par' dir='ltr' id='par_1_51' title="bbox 381 3356 1963 3429">
     <span class='ocr_line' id='line_1_52' title="bbox 381 3356 1963 3429; baseline -0.004 -12"><span class='ocrx_word' id='word_1_371' title='bbox 381 3394 451 3403; x_wconf 97' lang='lat'><strong><em>—</em></strong></span> <span class='ocrx_word' id='word_1_372' title='bbox 482 3361 742 3417; x_wconf 78' lang='lat' dir='ltr'>Catulum</span> <span class='ocrx_word' id='word_1_373' title='bbox 796 3364 1035 3415; x_wconf 87' lang='lat' dir='ltr'>mature.</span> <span class='ocrx_word' id='word_1_374' title='bbox 1082 3360 1143 3413; x_wconf 91' lang='lat' dir='ltr'>In</span> <span class='ocrx_word' id='word_1_375' title='bbox 1178 3362 1431 3429; x_wconf 87' lang='lat' dir='ltr'>quatuor</span> <span class='ocrx_word' id='word_1_376' title='bbox 1462 3374 1605 3413; x_wconf 88' lang='lat' dir='ltr'>mss.</span> <span class='ocrx_word' id='word_1_377' title='bbox 1641 3356 1963 3423; x_wconf 89' lang='lat' dir='ltr'>codicibus,</span> 
     </span>
    </p>
   </div>
   <div class='ocr_carea' id='block_1_52' title="bbox 305 3429 1968 3505">
    <p class='ocr_par' dir='ltr' id='par_1_52' title="bbox 305 3429 1968 3505">
     <span class='ocr_line' id='line_1_53' title="bbox 305 3429 1968 3505; baseline -0.005 -16"><span class='ocrx_word' id='word_1_378' title='bbox 305 3451 416 3505; x_wconf 88' lang='lat' dir='ltr'>pro</span> <span class='ocrx_word' id='word_1_379' title='bbox 445 3437 661 3487; x_wconf 89' lang='lat' dir='ltr'>mature</span> <span class='ocrx_word' id='word_1_380' title='bbox 690 3431 942 3503; x_wconf 91' lang='lat' dir='ltr'>legimus</span> <span class='ocrx_word' id='word_1_381' title='bbox 971 3432 1264 3497; x_wconf 85' lang='lat' dir='ltr'>matutina,</span> <span class='ocrx_word' id='word_1_382' title='bbox 1294 3430 1351 3484; x_wconf 89' lang='lat' dir='ltr'>id</span> <span class='ocrx_word' id='word_1_383' title='bbox 1383 3434 1490 3495; x_wconf 87' lang='lat' dir='ltr'>est,</span> <span class='ocrx_word' id='word_1_384' title='bbox 1523 3429 1765 3505; x_wconf 71' lang='lat' dir='ltr'>catulum</span> <span class='ocrx_word' id='word_1_385' title='bbox 1795 3436 1968 3482; x_wconf 84' lang='lat' dir='ltr'>matu-</span> 
     </span>
    </p>
   </div>
   <div class='ocr_carea' id='block_1_53' title="bbox 305 3500 1820 3573">
    <p class='ocr_par' dir='ltr' id='par_1_53' title="bbox 305 3500 1820 3573">
     <span class='ocr_line' id='line_1_54' title="bbox 305 3500 1820 3573; baseline -0.003 -16"><span class='ocrx_word' id='word_1_386' title='bbox 305 3500 437 3559; x_wconf 73' lang='lat' dir='ltr'>tina</span> <span class='ocrx_word' id='word_1_387' title='bbox 472 3506 648 3573; x_wconf 78' lang='lat' dir='ltr'>effert.</span> <span class='ocrx_word' id='word_1_388' title='bbox 750 3500 774 3503; x_wconf 69' lang='grc'><strong><em>“</em></strong></span> <span class='ocrx_word' id='word_1_389' title='bbox 1318 3571 1324 3573; x_wconf 78' lang='lat'><strong><em>_</em></strong></span> <span class='ocrx_word' id='word_1_390' title='bbox 1532 3500 1820 3554; x_wconf 78' lang='lat' dir='ltr'>MARTIAN.</span> 
     </span>
    </p>
   </div>
   <div class='ocr_carea' id='block_1_54' title="bbox 390 3571 1966 3641">
    <p class='ocr_par' dir='ltr' id='par_1_54' title="bbox 390 3571 1966 3641">
     <span class='ocr_line' id='line_1_55' title="bbox 390 3571 1966 3641; baseline -0.003 -13"><span class='ocrx_word' id='word_1_391' title='bbox 390 3576 414 3609; x_wconf 78' lang='grc'>⁸</span> <span class='ocrx_word' id='word_1_392' title='bbox 443 3571 616 3628; x_wconf 82' lang='lat' dir='ltr'>Unus</span> <span class='ocrx_word' id='word_1_393' title='bbox 632 3572 832 3638; x_wconf 82' lang='lat' dir='ltr'>V&#39;atic.,</span> <span class='ocrx_word' id='word_1_394' title='bbox 850 3572 945 3628; x_wconf 88' lang='lat' dir='ltr'>sed</span> <span class='ocrx_word' id='word_1_395' title='bbox 963 3576 1273 3641; x_wconf 72' lang='lat' dir='ltr'>spectamus</span> <span class='ocrx_word' id='word_1_396' title='bbox 1291 3571 1421 3633; x_wconf 85' lang='lat' dir='ltr'>diu;</span> <span class='ocrx_word' id='word_1_397' title='bbox 1444 3575 1573 3625; x_wconf 90' lang='lat' dir='ltr'>tum</span> <span class='ocrx_word' id='word_1_398' title='bbox 1597 3588 1801 3625; x_wconf 92' lang='lat' dir='ltr'>omnes</span> <span class='ocrx_word' id='word_1_399' title='bbox 1830 3571 1966 3639; x_wconf 83' lang='lat' dir='ltr'>ﬁgu-</span> 
     </span>
    </p>
   </div>
   <div class='ocr_carea' id='block_1_55' title="bbox 305 3645 1055 3716">
    <p class='ocr_par' dir='ltr' id='par_1_55' title="bbox 305 3645 1055 3716">
     <span class='ocr_line' id='line_1_56' title="bbox 305 3645 1055 3716; baseline -0.003 -16"><span class='ocrx_word' id='word_1_400' title='bbox 305 3661 516 3700; x_wconf 83' lang='lat' dir='ltr'>ramus</span> <span class='ocrx_word' id='word_1_401' title='bbox 542 3660 648 3716; x_wconf 82' lang='lat' dir='ltr'>pro</span> <span class='ocrx_word' id='word_1_402' title='bbox 659 3645 1055 3716; x_wconf 78' lang='lat' dir='ltr'>ﬁgurabamus.</span> 
     </span>
    </p>
   </div>
   <div class='ocr_carea' id='block_1_56' title="bbox 382 3712 1963 3783">
    <p class='ocr_par' dir='ltr' id='par_1_56' title="bbox 382 3712 1963 3783">
     <span class='ocr_line' id='line_1_57' title="bbox 382 3712 1963 3783; baseline -0.004 -12"><span class='ocrx_word' id='word_1_403' title='bbox 382 3718 404 3751; x_wconf 85' lang='grc'><strong><em>⁶</em></strong></span> <span class='ocrx_word' id='word_1_404' title='bbox 432 3712 596 3771; x_wconf 77' lang='lat' dir='ltr'>Idefn</span> <span class='ocrx_word' id='word_1_405' title='bbox 624 3712 801 3769; x_wconf 86' lang='lat' dir='ltr'>Vatic.</span> <span class='ocrx_word' id='word_1_406' title='bbox 833 3715 943 3770; x_wconf 86' lang='lat' dir='ltr'>Sub</span> <span class='ocrx_word' id='word_1_407' title='bbox 970 3716 1077 3768; x_wconf 86' lang='lat' dir='ltr'>tali</span> <span class='ocrx_word' id='word_1_408' title='bbox 1107 3729 1230 3783; x_wconf 84' lang='lat' dir='ltr'>ergo</span> <span class='ocrx_word' id='word_1_409' title='bbox 1260 3712 1505 3768; x_wconf 85' lang='lat' dir='ltr'>custodia</span> <span class='ocrx_word' id='word_1_410' title='bbox 1552 3720 1603 3767; x_wconf 87' lang='lat' dir='ltr'>et</span> <span class='ocrx_word' id='word_1_411' title='bbox 1651 3713 1751 3767; x_wconf 84' lang='lat' dir='ltr'>illa</span> <span class='ocrx_word' id='word_1_412' title='bbox 1781 3716 1963 3766; x_wconf 84' lang='lat' dir='ltr'>trans-</span> 
     </span>
    </p>
   </div>
   <div class='ocr_carea' id='block_1_57' title="bbox 308 3785 1655 3853">
    <p class='ocr_par' dir='ltr' id='par_1_57' title="bbox 308 3785 1655 3853">
     <span class='ocr_line' id='line_1_58' title="bbox 308 3785 1655 3853; baseline -0.005 -9"><span class='ocrx_word' id='word_1_413' title='bbox 308 3796 441 3844; x_wconf 82' lang='lat' dir='ltr'>acta</span> <span class='ocrx_word' id='word_1_414' title='bbox 471 3789 627 3847; x_wconf 86' lang='lat' dir='ltr'>dies;</span> <span class='ocrx_word' id='word_1_415' title='bbox 660 3785 828 3840; x_wconf 90' lang='lat' dir='ltr'>alius.</span> <span class='ocrx_word' id='word_1_416' title='bbox 862 3785 970 3840; x_wconf 88' lang='lat' dir='ltr'>Sub</span> <span class='ocrx_word' id='word_1_417' title='bbox 1001 3786 1106 3840; x_wconf 81' lang='lat' dir='ltr'>tali</span> <span class='ocrx_word' id='word_1_418' title='bbox 1130 3800 1258 3853; x_wconf 84' lang='lat' dir='ltr'>ergo</span> <span class='ocrx_word' id='word_1_419' title='bbox 1287 3792 1516 3849; x_wconf 85' lang='lat' dir='ltr'>terrore,</span> <span class='ocrx_word' id='word_1_420' title='bbox 1549 3788 1655 3839; x_wconf 90' lang='lat' dir='ltr'>etc.</span> 
     </span>
    </p>
   </div>
   <div class='ocr_carea' id='block_1_58' title="bbox 382 3854 1966 3926">
    <p class='ocr_par' dir='ltr' id='par_1_58' title="bbox 382 3854 1966 3926">
     <span class='ocr_line' id='line_1_59' title="bbox 382 3854 1966 3926; baseline -0.002 -16"><span class='ocrx_word' id='word_1_421' title='bbox 382 3860 403 3892; x_wconf 77' lang='grc' dir='ltr'><strong>τ</strong></span> <span class='ocrx_word' id='word_1_422' title='bbox 432 3858 639 3915; x_wconf 85' lang='lat' dir='ltr'>Verius</span> <span class='ocrx_word' id='word_1_423' title='bbox 669 3857 891 3926; x_wconf 64' lang='lat' dir='ltr'>isthazc,</span> <span class='ocrx_word' id='word_1_424' title='bbox 942 3856 999 3911; x_wconf 83' lang='lat' dir='ltr'>id</span> <span class='ocrx_word' id='word_1_425' title='bbox 1051 3864 1128 3911; x_wconf 87' lang='lat' dir='ltr'>est</span> <span class='ocrx_word' id='word_1_426' title='bbox 1176 3871 1419 3922; x_wconf 89' lang='lat' dir='ltr'>annona,</span> <span class='ocrx_word' id='word_1_427' title='bbox 1454 3855 1609 3926; x_wconf 89' lang='lat' dir='ltr'>quod</span> <span class='ocrx_word' id='word_1_428' title='bbox 1660 3854 1825 3909; x_wconf 91' lang='lat' dir='ltr'>scioli</span> <span class='ocrx_word' id='word_1_429' title='bbox 1879 3859 1966 3908; x_wconf 89' lang='lat' dir='ltr'>est</span> 
     </span>
    </p>
   </div>
   <div class='ocr_carea' id='block_1_59' title="bbox 305 3926 1887 4001">
    <p class='ocr_par' dir='ltr' id='par_1_59' title="bbox 305 3926 1887 4001">
     <span class='ocr_line' id='line_1_60' title="bbox 305 3926 1887 4001; baseline -0.004 -17"><span class='ocrx_word' id='word_1_430' title='bbox 305 3929 564 4000; x_wconf 81' lang='lat' dir='ltr'>alicujus</span> <span class='ocrx_word' id='word_1_431' title='bbox 592 3927 906 4001; x_wconf 78' lang='lat' dir='ltr'>glossema,</span> <span class='ocrx_word' id='word_1_432' title='bbox 941 3928 1375 4001; x_wconf 60' lang='lat' dir='ltr'>praestantiores</span> <span class='ocrx_word' id='word_1_433' title='bbox 1408 3944 1549 4001; x_wconf 81' lang='lat' dir='ltr'>mss.</span> <span class='ocrx_word' id='word_1_434' title='bbox 1584 3926 1887 4001; x_wconf 72' lang='lat' dir='ltr'>omittunt.</span> 
     </span>
    </p>
   </div>
   <div class='ocr_carea' id='block_1_60' title="bbox 378 3997 1966 4070">
    <p class='ocr_par' dir='ltr' id='par_1_60' title="bbox 378 3997 1966 4070">
     <span class='ocr_line' id='line_1_61' title="bbox 378 3997 1966 4070; baseline -0.004 -14"><span class='ocrx_word' id='word_1_435' title='bbox 378 4002 401 4035; x_wconf 78' lang='grc'>⁸</span> <span class='ocrx_word' id='word_1_436' title='bbox 432 3997 728 4063; x_wconf 60' lang='grc' dir='ltr'>ΜεΞηἺῖᾶ</span> <span class='ocrx_word' id='word_1_437' title='bbox 756 3997 1002 4054; x_wconf 73' lang='lat' dir='ltr'>ordinem</span> <span class='ocrx_word' id='word_1_438' title='bbox 1024 3999 1344 4070; x_wconf 77' lang='lat' dir='ltr'>pandimus,</span> <span class='ocrx_word' id='word_1_439' title='bbox 1380 4000 1437 4051; x_wconf 88' lang='lat' dir='ltr'>in</span> <span class='ocrx_word' id='word_1_440' title='bbox 1450 3998 1613 4068; x_wconf 69' lang='lat' dir='ltr'>icque</span> <span class='ocrx_word' id='word_1_441' title='bbox 1650 3997 1966 4070; x_wconf 68' lang='lat' dir='ltr'>transmissi</span> 
     </span>
    </p>
   </div>
   <div class='ocr_carea' id='block_1_61' title="bbox 303 4067 1960 4140">
    <p class='ocr_par' dir='ltr' id='par_1_61' title="bbox 303 4067 1960 4140">
     <span class='ocr_line' id='line_1_62' title="bbox 303 4067 1960 4140; baseline -0.004 -14"><span class='ocrx_word' id='word_1_442' title='bbox 303 4072 377 4126; x_wconf 85' lang='lat' dir='ltr'>ad</span> <span class='ocrx_word' id='word_1_443' title='bbox 410 4071 829 4137; x_wconf 86' lang='lat' dir='ltr'>Sabanianum;</span> <span class='ocrx_word' id='word_1_444' title='bbox 862 4070 998 4125; x_wconf 89' lang='lat' dir='ltr'>olim</span> <span class='ocrx_word' id='word_1_445' title='bbox 1025 4067 1159 4125; x_wconf 79' lang='lat' dir='ltr'>erat</span> <span class='ocrx_word' id='word_1_446' title='bbox 1195 4072 1483 4135; x_wconf 89' lang='lat' dir='ltr'>Sabinum,</span> <span class='ocrx_word' id='word_1_447' title='bbox 1514 4067 1570 4123; x_wconf 87' lang='lat' dir='ltr'>et</span> <span class='ocrx_word' id='word_1_448' title='bbox 1596 4084 1774 4140; x_wconf 89' lang='lat' dir='ltr'>penes</span> <span class='ocrx_word' id='word_1_449' title='bbox 1806 4067 1960 4121; x_wconf 87' lang='lat' dir='ltr'>Mar-</span> 
     </span>
    </p>
   </div>
   <div class='ocr_carea' id='block_1_62' title="bbox 304 4139 1957 4223">
    <p class='ocr_par' dir='ltr' id='par_1_62' title="bbox 304 4139 1957 4223">
     <span class='ocr_line' id='line_1_63' title="bbox 304 4139 1957 4223; baseline -0.004 -25"><span class='ocrx_word' id='word_1_450' title='bbox 304 4142 556 4223; x_wconf 67' lang='lat' dir='ltr'>tineum</span> <span class='ocrx_word' id='word_1_451' title='bbox 615 4143 786 4223; x_wconf 49' lang='lat' dir='ltr'>forte</span> <span class='ocrx_word' id='word_1_452' title='bbox 816 4141 1315 4223; x_wconf 42' lang='lat' dir='ltr'>typo‘grapho-rum</span> <span class='ocrx_word' id='word_1_453' title='bbox 1372 4156 1566 4195; x_wconf 86' lang='lat' dir='ltr'>errore</span> <span class='ocrx_word' id='word_1_454' title='bbox 1601 4139 1957 4223; x_wconf 16' lang='lat' dir='ltr'>7§abianum.</span> 
     </span>
    </p>
   </div>
   <div class='ocr_carea' id='block_1_63' title="bbox 302 4211 1961 4270">
    <p class='ocr_par' dir='ltr' id='par_1_63' title="bbox 302 4211 1961 4270">
     <span class='ocr_line' id='line_1_64' title="bbox 302 4211 1961 4270; baseline -0.005 -1"><span class='ocrx_word' id='word_1_455' title='bbox 302 4215 661 4270; x_wconf 74' lang='lat' dir='ltr'>Ammianus</span> <span class='ocrx_word' id='word_1_456' title='bbox 730 4211 1103 4269; x_wconf 78' lang='lat' dir='ltr'>Marcellinus</span> <span class='ocrx_word' id='word_1_457' title='bbox 1173 4212 1273 4268; x_wconf 86' lang='lat' dir='ltr'>lib.</span> <span class='ocrx_word' id='word_1_458' title='bbox 1353 4229 1491 4268; x_wconf 84' lang='lat' dir='ltr'>xvm</span> <span class='ocrx_word' id='word_1_459' title='bbox 1552 4228 1563 4264; x_wconf 89' lang='lat'><strong>:</strong></span> <span class='ocrx_word' id='word_1_460' title='bbox 1626 4211 1961 4265; x_wconf 69' lang='lat' dir='ltr'>Sabinianus</span> 
     </span>
    </p>
   </div>
   <div class='ocr_carea' id='block_1_64' title="bbox 2065 1728 3705 1798">
    <p class='ocr_par' dir='ltr' id='par_1_64' title="bbox 2065 1728 3705 1798">
     <span class='ocr_line' id='line_1_65' title="bbox 2065 1728 3705 1798; baseline -0.001 -13"><span class='ocrx_word' id='word_1_461' title='bbox 2065 1731 2255 1798; x_wconf 88' lang='lat' dir='ltr'>mino;</span> <span class='ocrx_word' id='word_1_462' title='bbox 2304 1731 2373 1784; x_wconf 91' lang='lat' dir='ltr'>ad</span> <span class='ocrx_word' id='word_1_463' title='bbox 2407 1730 2527 1784; x_wconf 71' lang='lat' dir='ltr'>haec</span> <span class='ocrx_word' id='word_1_464' title='bbox 2559 1728 2787 1784; x_wconf 91' lang='lat' dir='ltr'>delatus</span> <span class='ocrx_word' id='word_1_465' title='bbox 2834 1728 2961 1784; x_wconf 90' lang='lat' dir='ltr'>loca</span> <span class='ocrx_word' id='word_1_466' title='bbox 3010 1745 3103 1783; x_wconf 91' lang='lat' dir='ltr'>me</span> <span class='ocrx_word' id='word_1_467' title='bbox 3153 1728 3458 1784; x_wconf 90' lang='lat' dir='ltr'>monachis</span> <span class='ocrx_word' id='word_1_468' title='bbox 3507 1730 3705 1798; x_wconf 89' lang='lat' dir='ltr'>reddo,</span> 
     </span>
    </p>
   </div>
   <div class='ocr_carea' id='block_1_65' title="bbox 2064 1817 3706 1889">
    <p class='ocr_par' dir='ltr' id='par_1_65' title="bbox 2064 1817 3706 1889">
     <span class='ocr_line' id='line_1_66' title="bbox 2064 1817 3706 1889; baseline 0 -16"><span class='ocrx_word' id='word_1_469' title='bbox 2064 1819 2215 1874; x_wconf 84' lang='lat' dir='ltr'>hanc</span> <span class='ocrx_word' id='word_1_470' title='bbox 2265 1820 2428 1874; x_wconf 81' lang='lat' dir='ltr'>trado</span> <span class='ocrx_word' id='word_1_471' title='bbox 2476 1818 2825 1889; x_wconf 87' lang='lat' dir='ltr'>virginibus,</span> <span class='ocrx_word' id='word_1_472' title='bbox 2860 1817 3109 1888; x_wconf 90' lang='lat' dir='ltr'>diligens</span> <span class='ocrx_word' id='word_1_473' title='bbox 3153 1833 3283 1872; x_wconf 87' lang='lat' dir='ltr'>eam</span> <span class='ocrx_word' id='word_1_474' title='bbox 3333 1822 3398 1873; x_wconf 87' lang='lat' dir='ltr'>ut</span> <span class='ocrx_word' id='word_1_475' title='bbox 3427 1834 3706 1885; x_wconf 90' lang='lat' dir='ltr'>sororem,</span> 
     </span>
    </p>
   </div>
   <div class='ocr_carea' id='block_1_66' title="bbox 2066 1906 3711 1963">
    <p class='ocr_par' dir='ltr' id='par_1_66' title="bbox 2066 1906 3711 1963">
     <span class='ocr_line' id='line_1_67' title="bbox 2066 1906 3711 1963; baseline 0.001 -1"><span class='ocrx_word' id='word_1_476' title='bbox 2066 1926 2181 1963; x_wconf 92' lang='lat' dir='ltr'>non</span> <span class='ocrx_word' id='word_1_477' title='bbox 2214 1913 2407 1963; x_wconf 85' lang='lat' dir='ltr'>tamen</span> <span class='ocrx_word' id='word_1_478' title='bbox 2435 1907 2485 1963; x_wconf 92' lang='lat' dir='ltr'>ei</span> <span class='ocrx_word' id='word_1_479' title='bbox 2520 1924 2612 1962; x_wconf 92' lang='lat' dir='ltr'>me</span> <span class='ocrx_word' id='word_1_480' title='bbox 2642 1907 2883 1962; x_wconf 89' lang='lat' dir='ltr'>credens</span> <span class='ocrx_word' id='word_1_481' title='bbox 2932 1911 2996 1961; x_wconf 91' lang='lat' dir='ltr'>ut</span> <span class='ocrx_word' id='word_1_482' title='bbox 3045 1906 3248 1962; x_wconf 89' lang='lat' dir='ltr'>sorori.</span> <span class='ocrx_word' id='word_1_483' title='bbox 3285 1906 3415 1962; x_wconf 65' lang='lat' dir='ltr'>Haec</span> <span class='ocrx_word' id='word_1_484' title='bbox 3448 1906 3590 1961; x_wconf 90' lang='lat' dir='ltr'>mihi</span> <span class='ocrx_word' id='word_1_485' title='bbox 3623 1924 3711 1963; x_wconf 87' lang='lat' dir='ltr'>se-</span> 
     </span>
    </p>
   </div>
   <div class='ocr_carea' id='block_1_67' title="bbox 2067 1993 3711 2067">
    <p class='ocr_par' dir='ltr' id='par_1_67' title="bbox 2067 1993 3711 2067">
     <span class='ocr_line' id='line_1_68' title="bbox 2067 1993 3711 2067; baseline -0.001 -16"><span class='ocrx_word' id='word_1_486' title='bbox 2067 2014 2177 2052; x_wconf 89' lang='lat' dir='ltr'>nex</span> <span class='ocrx_word' id='word_1_487' title='bbox 2207 1996 2472 2052; x_wconf 88' lang='lat' dir='ltr'>Malchus</span> <span class='ocrx_word' id='word_1_488' title='bbox 2497 1997 2538 2029; x_wconf 84' lang='grc'>¹⁰</span> <span class='ocrx_word' id='word_1_489' title='bbox 2555 1993 2987 2051; x_wconf 89' lang='lat' dir='ltr'>adolescentulo</span> <span class='ocrx_word' id='word_1_490' title='bbox 3020 1994 3238 2050; x_wconf 90' lang='lat' dir='ltr'>retulit.</span> <span class='ocrx_word' id='word_1_491' title='bbox 3271 1996 3402 2051; x_wconf 67' lang='lat' dir='ltr'>Haec</span> <span class='ocrx_word' id='word_1_492' title='bbox 3423 2011 3527 2067; x_wconf 90' lang='lat' dir='ltr'>ego</span> <span class='ocrx_word' id='word_1_493' title='bbox 3548 1995 3711 2052; x_wconf 89' lang='lat' dir='ltr'>vobis</span> 
     </span>
    </p>
   </div>
   <div class='ocr_carea' id='block_1_68' title="bbox 2068 2084 3709 2156">
    <p class='ocr_par' dir='ltr' id='par_1_68' title="bbox 2068 2084 3709 2156">
     <span class='ocr_line' id='line_1_69' title="bbox 2068 2084 3709 2156; baseline -0.001 -15"><span class='ocrx_word' id='word_1_494' title='bbox 2068 2086 2293 2142; x_wconf 88' lang='lat' dir='ltr'>narravi</span> <span class='ocrx_word' id='word_1_495' title='bbox 2328 2102 2521 2151; x_wconf 82' lang='lat' dir='ltr'>senex,</span> <span class='ocrx_word' id='word_1_496' title='bbox 2556 2084 2734 2140; x_wconf 89' lang='lat' dir='ltr'>castis</span> <span class='ocrx_word' id='word_1_497' title='bbox 2765 2084 3068 2139; x_wconf 89' lang='lat' dir='ltr'>historiam</span> <span class='ocrx_word' id='word_1_498' title='bbox 3117 2084 3403 2140; x_wconf 86' lang='lat' dir='ltr'>castitatis</span> <span class='ocrx_word' id='word_1_499' title='bbox 3451 2084 3709 2156; x_wconf 85' lang='lat' dir='ltr'>exposui.</span> 
     </span>
    </p>
   </div>
   <div class='ocr_carea' id='block_1_69' title="bbox 2066 2172 3711 2246">
    <p class='ocr_par' dir='ltr' id='par_1_69' title="bbox 2066 2172 3711 2246">
     <span class='ocr_line' id='line_1_70' title="bbox 2066 2172 3711 2246; baseline -0.001 -17"><span class='ocrx_word' id='word_1_500' title='bbox 2066 2175 2336 2246; x_wconf 89' lang='lat' dir='ltr'>Virgines</span> <span class='ocrx_word' id='word_1_501' title='bbox 2368 2176 2405 2208; x_wconf 84' lang='lat'>“</span> <span class='ocrx_word' id='word_1_502' title='bbox 2431 2173 2758 2229; x_wconf 88' lang='lat' dir='ltr'>castitatem</span> <span class='ocrx_word' id='word_1_503' title='bbox 2791 2173 3082 2229; x_wconf 88' lang='lat' dir='ltr'>custodire</span> <span class='ocrx_word' id='word_1_504' title='bbox 3113 2172 3401 2228; x_wconf 88' lang='lat' dir='ltr'>exhortor.</span> <span class='ocrx_word' id='word_1_505' title='bbox 3433 2173 3550 2228; x_wconf 88' lang='lat' dir='ltr'>Vos</span> <span class='ocrx_word' id='word_1_506' title='bbox 3581 2191 3711 2229; x_wconf 89' lang='lat' dir='ltr'>nar-</span> 
     </span>
    </p>
   </div>
   <div class='ocr_carea' id='block_1_70' title="bbox 2068 2261 3710 2335">
    <p class='ocr_par' dir='ltr' id='par_1_70' title="bbox 2068 2261 3710 2335">
     <span class='ocr_line' id='line_1_71' title="bbox 2068 2261 3710 2335; baseline -0.001 -16"><span class='ocrx_word' id='word_1_507' title='bbox 2068 2269 2190 2320; x_wconf 88' lang='lat' dir='ltr'>rate</span> <span class='ocrx_word' id='word_1_508' title='bbox 2222 2264 2492 2335; x_wconf 89' lang='lat' dir='ltr'>posteris,</span> <span class='ocrx_word' id='word_1_509' title='bbox 2520 2266 2583 2315; x_wconf 92' lang='lat' dir='ltr'>ut</span> <span class='ocrx_word' id='word_1_510' title='bbox 2613 2261 2801 2317; x_wconf 89' lang='lat' dir='ltr'>sciant</span> <span class='ocrx_word' id='word_1_511' title='bbox 2852 2261 3003 2316; x_wconf 86' lang='lat' dir='ltr'>inter</span> <span class='ocrx_word' id='word_1_512' title='bbox 3048 2261 3294 2332; x_wconf 89' lang='lat' dir='ltr'>gladios,</span> <span class='ocrx_word' id='word_1_513' title='bbox 3336 2267 3391 2316; x_wconf 92' lang='lat' dir='ltr'>et</span> <span class='ocrx_word' id='word_1_514' title='bbox 3433 2261 3585 2317; x_wconf 90' lang='lat' dir='ltr'>inter</span> <span class='ocrx_word' id='word_1_515' title='bbox 3613 2263 3710 2317; x_wconf 91' lang='lat' dir='ltr'>de-</span> 
     </span>
    </p>
   </div>
   <div class='ocr_carea' id='block_1_71' title="bbox 2071 2348 3712 2420">
    <p class='ocr_par' dir='ltr' id='par_1_71' title="bbox 2071 2348 3712 2420">
     <span class='ocr_line' id='line_1_72' title="bbox 2071 2348 3712 2420; baseline -0.001 -15"><span class='ocrx_word' id='word_1_516' title='bbox 2071 2356 2226 2406; x_wconf 90' lang='lat' dir='ltr'>serta</span> <span class='ocrx_word' id='word_1_517' title='bbox 2256 2354 2310 2404; x_wconf 90' lang='lat' dir='ltr'>et</span> <span class='ocrx_word' id='word_1_518' title='bbox 2341 2348 2579 2415; x_wconf 90' lang='lat' dir='ltr'>bestias,</span> <span class='ocrx_word' id='word_1_519' title='bbox 2614 2348 2955 2420; x_wconf 88' lang='lat' dir='ltr'>pudicitiam</span> <span class='ocrx_word' id='word_1_520' title='bbox 2990 2365 3317 2419; x_wconf 88' lang='lat' dir='ltr'>numquam</span> <span class='ocrx_word' id='word_1_521' title='bbox 3363 2366 3491 2405; x_wconf 89' lang='lat' dir='ltr'>esse</span> <span class='ocrx_word' id='word_1_522' title='bbox 3531 2351 3712 2420; x_wconf 85' lang='lat' dir='ltr'>capti-</span> 
     </span>
    </p>
   </div>
   <div class='ocr_carea' id='block_1_72' title="bbox 2070 2436 3714 2509">
    <p class='ocr_par' dir='ltr' id='par_1_72' title="bbox 2070 2436 3714 2509">
     <span class='ocr_line' id='line_1_73' title="bbox 2070 2436 3714 2509; baseline -0.001 -15"><span class='ocrx_word' id='word_1_523' title='bbox 2070 2456 2201 2494; x_wconf 91' lang='lat' dir='ltr'>vam</span> <span class='ocrx_word' id='word_1_524' title='bbox 2254 2456 2266 2492; x_wconf 87' lang='lat'>:</span> <span class='ocrx_word' id='word_1_525' title='bbox 2318 2443 2374 2493; x_wconf 87' lang='lat' dir='ltr'>et</span> <span class='ocrx_word' id='word_1_526' title='bbox 2415 2438 2713 2492; x_wconf 90' lang='lat' dir='ltr'>hominem</span> <span class='ocrx_word' id='word_1_527' title='bbox 2756 2436 2985 2491; x_wconf 87' lang='lat' dir='ltr'>Christo</span> <span class='ocrx_word' id='word_1_528' title='bbox 3033 2436 3294 2491; x_wconf 91' lang='lat' dir='ltr'>deditum</span> <span class='ocrx_word' id='word_1_529' title='bbox 3340 2454 3510 2509; x_wconf 89' lang='lat' dir='ltr'>posse</span> <span class='ocrx_word' id='word_1_530' title='bbox 3543 2438 3714 2506; x_wconf 88' lang='lat' dir='ltr'>mori,</span> 
     </span>
    </p>
   </div>
   <div class='ocr_carea' id='block_1_73' title="bbox 2073 2526 2705 2599">
    <p class='ocr_par' dir='ltr' id='par_1_73' title="bbox 2073 2526 2705 2599">
     <span class='ocr_line' id='line_1_74' title="bbox 2073 2526 2705 2599; baseline -0.005 -16"><span class='ocrx_word' id='word_1_531' title='bbox 2073 2545 2186 2583; x_wconf 89' lang='lat' dir='ltr'>non</span> <span class='ocrx_word' id='word_1_532' title='bbox 2219 2544 2388 2599; x_wconf 89' lang='lat' dir='ltr'>posse</span> <span class='ocrx_word' id='word_1_533' title='bbox 2422 2526 2705 2598; x_wconf 88' lang='lat' dir='ltr'>superari.</span> 
     </span>
    </p>
   </div>
   <div class='ocr_carea' id='block_1_74' title="bbox 2073 2714 3716 2786">
    <p class='ocr_par' dir='ltr' id='par_1_74' title="bbox 2073 2714 3716 2786">
     <span class='ocr_line' id='line_1_75' title="bbox 2073 2714 3716 2786; baseline -0.001 -15"><span class='ocrx_word' id='word_1_534' title='bbox 2073 2716 2267 2786; x_wconf 85' lang='lat' dir='ltr'>adepta</span> <span class='ocrx_word' id='word_1_535' title='bbox 2296 2716 2578 2785; x_wconf 82' lang='lat' dir='ltr'>repentine</span> <span class='ocrx_word' id='word_1_536' title='bbox 2602 2716 2864 2784; x_wconf 82' lang='lat' dir='ltr'>potestate</span> <span class='ocrx_word' id='word_1_537' title='bbox 2890 2714 3147 2783; x_wconf 85' lang='lat' dir='ltr'>sufﬂans,</span> <span class='ocrx_word' id='word_1_538' title='bbox 3182 2730 3358 2785; x_wconf 90' lang='lat' dir='ltr'>quem</span> <span class='ocrx_word' id='word_1_539' title='bbox 3407 2715 3579 2786; x_wconf 90' lang='lat' dir='ltr'>paulo</span> <span class='ocrx_word' id='word_1_540' title='bbox 3632 2716 3716 2771; x_wconf 87' lang='lat' dir='ltr'>in-</span> 
     </span>
    </p>
   </div>
   <div class='ocr_carea' id='block_1_75' title="bbox 2077 2787 3426 2857">
    <p class='ocr_par' dir='ltr' id='par_1_75' title="bbox 2077 2787 3426 2857">
     <span class='ocr_line' id='line_1_76' title="bbox 2077 2787 3426 2857; baseline -0.001 -16"><span class='ocrx_word' id='word_1_541' title='bbox 2077 2788 2161 2841; x_wconf 83' lang='lat' dir='ltr'>fra</span> <span class='ocrx_word' id='word_1_542' title='bbox 2190 2789 2467 2841; x_wconf 82' lang='lat' dir='ltr'>hominem</span> <span class='ocrx_word' id='word_1_543' title='bbox 2493 2788 2655 2857; x_wconf 83' lang='lat' dir='ltr'>parvi</span> <span class='ocrx_word' id='word_1_544' title='bbox 2683 2788 3006 2857; x_wconf 73' lang='lat' dir='ltr'>angustique</span> <span class='ocrx_word' id='word_1_545' title='bbox 3033 2787 3214 2840; x_wconf 88' lang='lat' dir='ltr'>animi</span> <span class='ocrx_word' id='word_1_546' title='bbox 3241 2790 3426 2840; x_wconf 89' lang='lat' dir='ltr'>vocat.</span> 
     </span>
    </p>
   </div>
   <div class='ocr_carea' id='block_1_76' title="bbox 2145 2856 3716 2921">
    <p class='ocr_par' dir='ltr' id='par_1_76' title="bbox 2145 2856 3716 2921">
     <span class='ocr_line' id='line_1_77' title="bbox 2145 2856 3716 2921; baseline 0.001 -9"><span class='ocrx_word' id='word_1_547' title='bbox 2145 2860 2165 2892; x_wconf 81' lang='grc'>⁰</span> <span class='ocrx_word' id='word_1_548' title='bbox 2198 2856 2523 2912; x_wconf 84' lang='lat' dir='ltr'>Transmissi</span> <span class='ocrx_word' id='word_1_549' title='bbox 2569 2857 2637 2910; x_wconf 81' lang='lat' dir='ltr'>ad</span> <span class='ocrx_word' id='word_1_550' title='bbox 2685 2856 3071 2921; x_wconf 85' lang='lat' dir='ltr'>Sabinianum,</span> <span class='ocrx_word' id='word_1_551' title='bbox 3121 2861 3230 2910; x_wconf 91' lang='lat' dir='ltr'>etc.</span> <span class='ocrx_word' id='word_1_552' title='bbox 3280 2857 3359 2911; x_wconf 91' lang='lat' dir='ltr'>De</span> <span class='ocrx_word' id='word_1_553' title='bbox 3400 2858 3716 2914; x_wconf 83' lang='lat' dir='ltr'>Sabiniano</span> 
     </span>
    </p>
   </div>
   <div class='ocr_carea' id='block_1_77' title="bbox 2076 2928 3716 3000">
    <p class='ocr_par' dir='ltr' id='par_1_77' title="bbox 2076 2928 3716 3000">
     <span class='ocr_line' id='line_1_78' title="bbox 2076 2928 3716 3000; baseline 0.002 -17"><span class='ocrx_word' id='word_1_554' title='bbox 2076 2929 2505 3000; x_wconf 66' lang='lat' dir='ltr'>Mesopotamiae</span> <span class='ocrx_word' id='word_1_555' title='bbox 2532 2928 2676 2983; x_wconf 90' lang='lat' dir='ltr'>duce</span> <span class='ocrx_word' id='word_1_556' title='bbox 2707 2928 2943 2998; x_wconf 90' lang='lat' dir='ltr'>scripsit</span> <span class='ocrx_word' id='word_1_557' title='bbox 2975 2928 3716 3000; x_wconf 83' lang='lat' dir='ltr'>AmmianusMarcellinus</span> 
     </span>
    </p>
   </div>
   <div class='ocr_carea' id='block_1_78' title="bbox 2076 2999 3571 3055">
    <p class='ocr_par' dir='ltr' id='par_1_78' title="bbox 2076 2999 3571 3055">
     <span class='ocr_line' id='line_1_79' title="bbox 2076 2999 3571 3055; baseline 0 -2"><span class='ocrx_word' id='word_1_558' title='bbox 2076 3000 2176 3055; x_wconf 89' lang='lat' dir='ltr'>lib.</span> <span class='ocrx_word' id='word_1_559' title='bbox 2212 2999 2370 3054; x_wconf 82' lang='lat' dir='ltr'>xvm.</span> <span class='ocrx_word' id='word_1_560' title='bbox 3286 2999 3571 3054; x_wconf 72' lang='lat' dir='ltr'>MARTIAN.</span> 
     </span>
    </p>
   </div>
   <div class='ocr_carea' id='block_1_79' title="bbox 2148 3068 3719 3133">
    <p class='ocr_par' dir='ltr' id='par_1_79' title="bbox 2148 3068 3719 3133">
     <span class='ocr_line' id='line_1_80' title="bbox 2148 3068 3719 3133; baseline -0.001 -6"><span class='ocrx_word' id='word_1_561' title='bbox 2148 3073 2188 3106; x_wconf 86' lang='grc'>¹⁰</span> <span class='ocrx_word' id='word_1_562' title='bbox 2219 3074 2344 3127; x_wconf 67' lang='lat' dir='ltr'>H.730</span> <span class='ocrx_word' id='word_1_563' title='bbox 2389 3068 2529 3123; x_wconf 84' lang='lat' dir='ltr'>mihi</span> <span class='ocrx_word' id='word_1_564' title='bbox 2573 3084 2742 3123; x_wconf 67' lang='lat' dir='ltr'>senex</span> <span class='ocrx_word' id='word_1_565' title='bbox 2788 3069 3046 3133; x_wconf 81' lang='lat' dir='ltr'>Malchus,</span> <span class='ocrx_word' id='word_1_566' title='bbox 3079 3073 3187 3124; x_wconf 90' lang='lat' dir='ltr'>etc.</span> <span class='ocrx_word' id='word_1_567' title='bbox 3215 3069 3420 3125; x_wconf 88' lang='lat' dir='ltr'>Varias</span> <span class='ocrx_word' id='word_1_568' title='bbox 3459 3070 3552 3125; x_wconf 88' lang='lat' dir='ltr'>hic</span> <span class='ocrx_word' id='word_1_569' title='bbox 3585 3071 3719 3126; x_wconf 88' lang='lat' dir='ltr'>reti-</span> 
     </span>
    </p>
   </div>
   <div class='ocr_carea' id='block_1_80' title="bbox 2077 3141 3721 3211">
    <p class='ocr_par' dir='ltr' id='par_1_80' title="bbox 2077 3141 3721 3211">
     <span class='ocr_line' id='line_1_81' title="bbox 2077 3141 3721 3211; baseline 0.001 -15"><span class='ocrx_word' id='word_1_570' title='bbox 2077 3148 2216 3197; x_wconf 90' lang='lat' dir='ltr'>nent</span> <span class='ocrx_word' id='word_1_571' title='bbox 2246 3142 2522 3197; x_wconf 87' lang='lat' dir='ltr'>lectiones</span> <span class='ocrx_word' id='word_1_572' title='bbox 2550 3157 2691 3195; x_wconf 91' lang='lat' dir='ltr'>mss.</span> <span class='ocrx_word' id='word_1_573' title='bbox 2726 3141 3097 3211; x_wconf 88' lang='lat' dir='ltr'>exemplaria.</span> <span class='ocrx_word' id='word_1_574' title='bbox 3122 3144 3274 3195; x_wconf 86' lang='lat' dir='ltr'>Petri</span> <span class='ocrx_word' id='word_1_575' title='bbox 3304 3142 3510 3196; x_wconf 80' lang='lat' dir='ltr'>Pithcei</span> <span class='ocrx_word' id='word_1_576' title='bbox 3541 3143 3721 3198; x_wconf 87' lang='lat' dir='ltr'>codex</span> 
     </span>
    </p>
   </div>
   <div class='ocr_carea' id='block_1_81' title="bbox 2076 3212 3719 3286">
    <p class='ocr_par' dir='ltr' id='par_1_81' title="bbox 2076 3212 3719 3286">
     <span class='ocr_line' id='line_1_82' title="bbox 2076 3212 3719 3286; baseline -0.001 -17"><span class='ocrx_word' id='word_1_577' title='bbox 2076 3214 2217 3286; x_wconf 85' lang='lat' dir='ltr'>legit</span> <span class='ocrx_word' id='word_1_578' title='bbox 2245 3213 2355 3286; x_wconf 90' lang='lat' dir='ltr'>hoc</span> <span class='ocrx_word' id='word_1_579' title='bbox 2387 3212 2559 3286; x_wconf 74' lang='lat' dir='ltr'>modo</span> <span class='ocrx_word' id='word_1_580' title='bbox 2595 3229 2607 3265; x_wconf 91' lang='lat'><strong>:</strong></span> <span class='ocrx_word' id='word_1_581' title='bbox 2650 3232 2670 3257; x_wconf 86' lang='lat'><strong>«</strong></span> <span class='ocrx_word' id='word_1_582' title='bbox 2709 3213 2831 3265; x_wconf 71' lang='lat' dir='ltr'>Haec</span> <span class='ocrx_word' id='word_1_583' title='bbox 2880 3212 3045 3286; x_wconf 78' lang='lat' dir='ltr'>mihi</span> <span class='ocrx_word' id='word_1_584' title='bbox 3070 3229 3245 3267; x_wconf 87' lang='lat' dir='ltr'>senex</span> <span class='ocrx_word' id='word_1_585' title='bbox 3288 3212 3553 3269; x_wconf 89' lang='lat' dir='ltr'>Malchus</span> <span class='ocrx_word' id='word_1_586' title='bbox 3582 3215 3719 3286; x_wconf 87' lang='lat' dir='ltr'>ado-</span> 
     </span>
    </p>
   </div>
   <div class='ocr_carea' id='block_1_82' title="bbox 2076 3282 3724 3353">
    <p class='ocr_par' dir='ltr' id='par_1_82' title="bbox 2076 3282 3724 3353">
     <span class='ocr_line' id='line_1_83' title="bbox 2076 3282 3724 3353; baseline 0.002 -14"><span class='ocrx_word' id='word_1_587' title='bbox 2076 3282 2318 3340; x_wconf 76' lang='lat' dir='ltr'>lescenti</span> <span class='ocrx_word' id='word_1_588' title='bbox 2348 3282 2704 3338; x_wconf 69' lang='lat' dir='ltr'>retulit.Hmc</span> <span class='ocrx_word' id='word_1_589' title='bbox 2736 3299 2871 3353; x_wconf 87' lang='lat' dir='ltr'>ergo</span> <span class='ocrx_word' id='word_1_590' title='bbox 2918 3284 3081 3338; x_wconf 89' lang='lat' dir='ltr'>vobis</span> <span class='ocrx_word' id='word_1_591' title='bbox 3132 3301 3303 3339; x_wconf 88' lang='lat' dir='ltr'>narro</span> <span class='ocrx_word' id='word_1_592' title='bbox 3346 3285 3724 3349; x_wconf 86' lang='lat' dir='ltr'>senex,castis</span> 
     </span>
    </p>
   </div>
   <div class='ocr_carea' id='block_1_83' title="bbox 2077 3354 3721 3426">
    <p class='ocr_par' dir='ltr' id='par_1_83' title="bbox 2077 3354 3721 3426">
     <span class='ocr_line' id='line_1_84' title="bbox 2077 3354 3721 3426; baseline 0.001 -16"><span class='ocrx_word' id='word_1_593' title='bbox 2077 3356 2383 3411; x_wconf 90' lang='lat' dir='ltr'>historiam</span> <span class='ocrx_word' id='word_1_594' title='bbox 2416 3354 2868 3426; x_wconf 18' lang='lat' dir='ltr'>castitatisH‘aec</span> <span class='ocrx_word' id='word_1_595' title='bbox 2918 3371 3140 3425; x_wconf 86' lang='lat' dir='ltr'>expono</span> <span class='ocrx_word' id='word_1_596' title='bbox 3171 3372 3200 3410; x_wconf 91' lang='lat' dir='ltr'>e</span> <span class='ocrx_word' id='word_1_597' title='bbox 3229 3356 3574 3426; x_wconf 89' lang='lat' dir='ltr'>virginibus,</span> <span class='ocrx_word' id='word_1_598' title='bbox 3608 3358 3721 3411; x_wconf 88' lang='lat' dir='ltr'>vir-</span> 
     </span>
    </p>
   </div>
   <div class='ocr_carea' id='block_1_84' title="bbox 2077 3423 3717 3553">
    <p class='ocr_par' dir='ltr' id='par_1_84' title="bbox 2077 3423 3717 3553">
     <span class='ocr_line' id='line_1_85' title="bbox 2077 3423 3717 3553; baseline 0.001 -73"><span class='ocrx_word' id='word_1_599' title='bbox 2077 3428 2379 3553; x_wconf 58' lang='lat' dir='ltr'>Einitatem</span> <span class='ocrx_word' id='word_1_600' title='bbox 2437 3426 2730 3480; x_wconf 89' lang='lat' dir='ltr'>exhortor.</span> <span class='ocrx_word' id='word_1_601' title='bbox 2780 3423 2895 3479; x_wconf 85' lang='lat' dir='ltr'>Vos</span> <span class='ocrx_word' id='word_1_602' title='bbox 2949 3423 3180 3481; x_wconf 77' lang='lat' dir='ltr'>narrate</span> <span class='ocrx_word' id='word_1_603' title='bbox 3223 3423 3496 3497; x_wconf 71' lang='lat' dir='ltr'>posteris,</span> <span class='ocrx_word' id='word_1_604' title='bbox 3553 3451 3572 3477; x_wconf 74' lang='grc' dir='ltr'><strong>υ</strong></span> <span class='ocrx_word' id='word_1_605' title='bbox 3610 3433 3717 3483; x_wconf 90' lang='lat' dir='ltr'>etc.</span> 
     </span>
     <span class='ocr_line' id='line_1_86' title="bbox 2120 3496 3717 3553; baseline 0.002 -2"><span class='ocrx_word' id='word_1_606' title='bbox 2120 3498 2275 3553; x_wconf 79' lang='lat' dir='ltr'>aeteri</span> <span class='ocrx_word' id='word_1_607' title='bbox 2326 3498 2552 3552; x_wconf 89' lang='lat' dir='ltr'>codices</span> <span class='ocrx_word' id='word_1_608' title='bbox 2596 3496 2875 3551; x_wconf 90' lang='lat' dir='ltr'>Avenion.</span> <span class='ocrx_word' id='word_1_609' title='bbox 2912 3503 2968 3552; x_wconf 91' lang='lat' dir='ltr'>et</span> <span class='ocrx_word' id='word_1_610' title='bbox 2999 3496 3192 3552; x_wconf 87' lang='lat' dir='ltr'>Tolos.</span> <span class='ocrx_word' id='word_1_611' title='bbox 3249 3516 3261 3552; x_wconf 88' lang='lat'><strong>:</strong></span> <span class='ocrx_word' id='word_1_612' title='bbox 3315 3520 3344 3547; x_wconf 86' lang='grc'>‹‹</span> <span class='ocrx_word' id='word_1_613' title='bbox 3396 3499 3526 3553; x_wconf 73' lang='lat' dir='ltr'>Hzec</span> <span class='ocrx_word' id='word_1_614' title='bbox 3577 3499 3717 3553; x_wconf 90' lang='lat' dir='ltr'>mihi</span> 
     </span>
    </p>
   </div>
   <div class='ocr_carea' id='block_1_85' title="bbox 2120 3496 3721 3554">
    <p class='ocr_par' dir='ltr' id='par_1_85' title="bbox 2120 3496 3721 3554">
     <span class='ocr_line' id='line_1_87' title="bbox 2120 3496 3721 3554; baseline 0.001 -3"><span class='ocrx_word' id='word_1_615' title='bbox 2120 3498 2275 3553; x_wconf 78' lang='lat' dir='ltr'>aeteri</span> <span class='ocrx_word' id='word_1_616' title='bbox 2326 3498 2552 3552; x_wconf 90' lang='lat' dir='ltr'>codices</span> <span class='ocrx_word' id='word_1_617' title='bbox 2596 3496 2875 3551; x_wconf 90' lang='lat' dir='ltr'>Avenion.</span> <span class='ocrx_word' id='word_1_618' title='bbox 2912 3503 2968 3552; x_wconf 91' lang='lat' dir='ltr'>et</span> <span class='ocrx_word' id='word_1_619' title='bbox 2999 3496 3192 3552; x_wconf 87' lang='lat' dir='ltr'>Tolos.</span> <span class='ocrx_word' id='word_1_620' title='bbox 3225 3496 3261 3552; x_wconf 23' lang='lat'>7:</span> <span class='ocrx_word' id='word_1_621' title='bbox 3315 3520 3344 3547; x_wconf 83' lang='lat'><strong>«</strong></span> <span class='ocrx_word' id='word_1_622' title='bbox 3396 3496 3526 3554; x_wconf 73' lang='lat' dir='ltr'>Hzec</span> <span class='ocrx_word' id='word_1_623' title='bbox 3577 3499 3721 3554; x_wconf 91' lang='lat' dir='ltr'>mihi</span> 
     </span>
    </p>
   </div>
   <div class='ocr_carea' id='block_1_86' title="bbox 2077 3566 3719 3649">
    <p class='ocr_par' dir='ltr' id='par_1_86' title="bbox 2077 3566 3719 3649">
     <span class='ocr_line' id='line_1_88' title="bbox 2077 3566 3719 3649; baseline 0.001 -26"><span class='ocrx_word' id='word_1_624' title='bbox 2077 3587 2253 3649; x_wconf 73' lang='lat' dir='ltr'>senex</span> <span class='ocrx_word' id='word_1_625' title='bbox 2311 3568 2576 3649; x_wconf 78' lang='lat' dir='ltr'>Malchus</span> <span class='ocrx_word' id='word_1_626' title='bbox 2630 3566 3063 3648; x_wconf 80' lang='lat' dir='ltr'>adolescentulo</span> <span class='ocrx_word' id='word_1_627' title='bbox 3103 3567 3719 3649; x_wconf 38' lang='lat' dir='ltr'>Hieronymo-retulit.</span> 
     </span>
    </p>
   </div>
   <div class='ocr_carea' id='block_1_87' title="bbox 2076 3639 3721 3713">
    <p class='ocr_par' dir='ltr' id='par_1_87' title="bbox 2076 3639 3721 3713">
     <span class='ocr_line' id='line_1_89' title="bbox 2076 3639 3721 3713; baseline 0.001 -18"><span class='ocrx_word' id='word_1_628' title='bbox 2076 3642 2204 3696; x_wconf 59' lang='lat' dir='ltr'>Haec</span> <span class='ocrx_word' id='word_1_629' title='bbox 2236 3657 2339 3713; x_wconf 88' lang='lat' dir='ltr'>ego</span> <span class='ocrx_word' id='word_1_630' title='bbox 2370 3639 2532 3694; x_wconf 89' lang='lat' dir='ltr'>vobis</span> <span class='ocrx_word' id='word_1_631' title='bbox 2550 3639 2791 3713; x_wconf 74' lang='lat' dir='ltr'>narravi</span> <span class='ocrx_word' id='word_1_632' title='bbox 2826 3639 3231 3713; x_wconf 76' lang='lat' dir='ltr'>senex,_ca_etis</span> <span class='ocrx_word' id='word_1_633' title='bbox 3278 3639 3582 3695; x_wconf 87' lang='lat' dir='ltr'>historiam</span> <span class='ocrx_word' id='word_1_634' title='bbox 3629 3658 3721 3696; x_wconf 86' lang='lat' dir='ltr'>ea-</span> 
     </span>
    </p>
   </div>
   <div class='ocr_carea' id='block_1_88' title="bbox 2077 3710 3724 3783">
    <p class='ocr_par' dir='ltr' id='par_1_88' title="bbox 2077 3710 3724 3783">
     <span class='ocr_line' id='line_1_90' title="bbox 2077 3710 3724 3783; baseline 0 -16"><span class='ocrx_word' id='word_1_635' title='bbox 2077 3710 2293 3767; x_wconf 84' lang='lat' dir='ltr'>stitatis</span> <span class='ocrx_word' id='word_1_636' title='bbox 2324 3710 2584 3783; x_wconf 83' lang='lat' dir='ltr'>exposui.</span> <span class='ocrx_word' id='word_1_637' title='bbox 2614 3710 2954 3783; x_wconf 82' lang='lat' dir='ltr'>Virginibus</span> <span class='ocrx_word' id='word_1_638' title='bbox 2985 3710 3380 3781; x_wconf 88' lang='lat' dir='ltr'>virginitatem</span> <span class='ocrx_word' id='word_1_639' title='bbox 3431 3713 3724 3767; x_wconf 88' lang='lat' dir='ltr'>custodire</span> 
     </span>
    </p>
   </div>
   <div class='ocr_carea' id='block_1_89' title="bbox 2075 3782 3721 3854">
    <p class='ocr_par' dir='ltr' id='par_1_89' title="bbox 2075 3782 3721 3854">
     <span class='ocr_line' id='line_1_91' title="bbox 2075 3782 3721 3854; baseline 0.001 -16"><span class='ocrx_word' id='word_1_640' title='bbox 2075 3782 2415 3839; x_wconf 55' lang='lat' dir='ltr'>monstravil</span> <span class='ocrx_word' id='word_1_641' title='bbox 2448 3782 2731 3836; x_wconf 83' lang='lat' dir='ltr'>Exhortor</span> <span class='ocrx_word' id='word_1_642' title='bbox 2760 3782 3011 3852; x_wconf 89' lang='lat' dir='ltr'>denique</span> <span class='ocrx_word' id='word_1_643' title='bbox 3040 3799 3141 3836; x_wconf 90' lang='lat' dir='ltr'>vos</span> <span class='ocrx_word' id='word_1_644' title='bbox 3187 3798 3423 3854; x_wconf 81' lang='lat' dir='ltr'>narrare</span> <span class='ocrx_word' id='word_1_645' title='bbox 3452 3784 3721 3854; x_wconf 87' lang='lat' dir='ltr'>posteris,</span> 
     </span>
    </p>
   </div>
   <div class='ocr_carea' id='block_1_90' title="bbox 2076 3853 3573 3919">
    <p class='ocr_par' dir='ltr' id='par_1_90' title="bbox 2076 3853 3573 3919">
     <span class='ocr_line' id='line_1_92' title="bbox 2076 3853 3573 3919; baseline -0.001 -10"><span class='ocrx_word' id='word_1_646' title='bbox 2076 3859 2157 3919; x_wconf 90' lang='lat' dir='ltr'>ut,</span> <span class='ocrx_word' id='word_1_647' title='bbox 2192 3878 2218 3903; x_wconf 89' lang='grc'><strong>››</strong></span> <span class='ocrx_word' id='word_1_648' title='bbox 2255 3862 2362 3908; x_wconf 91' lang='lat' dir='ltr'>etc.</span> <span class='ocrx_word' id='word_1_649' title='bbox 3286 3853 3573 3909; x_wconf 72' lang='lat' dir='ltr'>MARTIAN.</span> 
     </span>
    </p>
   </div>
   <div class='ocr_carea' id='block_1_91' title="bbox 2148 3922 3720 3996">
    <p class='ocr_par' dir='ltr' id='par_1_91' title="bbox 2148 3922 3720 3996">
     <span class='ocr_line' id='line_1_93' title="bbox 2148 3922 3720 3996; baseline 0.001 -17"><span class='ocrx_word' id='word_1_650' title='bbox 2148 3926 2184 3959; x_wconf 84' lang='lat'>“</span> <span class='ocrx_word' id='word_1_651' title='bbox 2240 3925 2363 3979; x_wconf 93' lang='lat' dir='ltr'>Duo</span> <span class='ocrx_word' id='word_1_652' title='bbox 2398 3942 2565 3989; x_wconf 83' lang='lat' dir='ltr'>mss.,</span> <span class='ocrx_word' id='word_1_653' title='bbox 2625 3922 2792 3978; x_wconf 75' lang='lat' dir='ltr'>Casiis</span> <span class='ocrx_word' id='word_1_654' title='bbox 2844 3925 3131 3979; x_wconf 75' lang='lat' dir='ltr'>historiam</span> <span class='ocrx_word' id='word_1_655' title='bbox 3178 3926 3446 3980; x_wconf 82' lang='lat' dir='ltr'>castitatis</span> <span class='ocrx_word' id='word_1_656' title='bbox 3492 3941 3720 3996; x_wconf 74' lang='lat' dir='ltr'>expono,</span> 
     </span>
    </p>
   </div>
   <div class='ocr_carea' id='block_1_92' title="bbox 2074 3996 3723 4065">
    <p class='ocr_par' dir='ltr' id='par_1_92' title="bbox 2074 3996 3723 4065">
     <span class='ocr_line' id='line_1_94' title="bbox 2074 3996 3723 4065; baseline 0.001 -15"><span class='ocrx_word' id='word_1_657' title='bbox 2074 3998 2385 4064; x_wconf 81' lang='lat' dir='ltr'>virginibus</span> <span class='ocrx_word' id='word_1_658' title='bbox 2416 3996 2773 4065; x_wconf 85' lang='lat' dir='ltr'>virginitatis.</span> <span class='ocrx_word' id='word_1_659' title='bbox 2815 3997 2907 4050; x_wconf 83' lang='lat' dir='ltr'>Vos</span> <span class='ocrx_word' id='word_1_660' title='bbox 2938 4000 3185 4061; x_wconf 79' lang='lat' dir='ltr'>narrate,</span> <span class='ocrx_word' id='word_1_661' title='bbox 3218 4001 3324 4051; x_wconf 89' lang='lat' dir='ltr'>etc.</span> <span class='ocrx_word' id='word_1_662' title='bbox 3360 4000 3492 4063; x_wconf 66' lang='lat' dir='ltr'>Quae</span> <span class='ocrx_word' id='word_1_663' title='bbox 3526 4001 3723 4051; x_wconf 64' lang='lat' dir='ltr'>autem</span> 
     </span>
    </p>
   </div>
   <div class='ocr_carea' id='block_1_93' title="bbox 2072 4066 3723 4134">
    <p class='ocr_par' dir='ltr' id='par_1_93' title="bbox 2072 4066 3723 4134">
     <span class='ocr_line' id='line_1_95' title="bbox 2072 4066 3723 4134; baseline 0.001 -13"><span class='ocrx_word' id='word_1_664' title='bbox 2072 4067 2523 4129; x_wconf 89' lang='lat' dir='ltr'>interseruntur,</span> <span class='ocrx_word' id='word_1_665' title='bbox 2571 4066 2815 4134; x_wconf 85' lang='lat' dir='ltr'>Virgines</span> <span class='ocrx_word' id='word_1_666' title='bbox 2861 4068 3163 4121; x_wconf 80' lang='lat' dir='ltr'>castitatem</span> <span class='ocrx_word' id='word_1_667' title='bbox 3214 4068 3481 4123; x_wconf 86' lang='lat' dir='ltr'>custodire</span> <span class='ocrx_word' id='word_1_668' title='bbox 3522 4069 3723 4123; x_wconf 73' lang='lat' dir='ltr'>exhor-</span> 
     </span>
    </p>
   </div>
   <div class='ocr_carea' id='block_1_94' title="bbox 2074 4137 3221 4205">
    <p class='ocr_par' dir='ltr' id='par_1_94' title="bbox 2074 4137 3221 4205">
     <span class='ocr_line' id='line_1_96' title="bbox 2074 4137 3221 4205; baseline -0.002 -12"><span class='ocrx_word' id='word_1_669' title='bbox 2074 4148 2175 4205; x_wconf 91' lang='lat' dir='ltr'>tor,</span> <span class='ocrx_word' id='word_1_670' title='bbox 2212 4139 2270 4193; x_wconf 90' lang='lat' dir='ltr'>in</span> <span class='ocrx_word' id='word_1_671' title='bbox 2304 4156 2420 4193; x_wconf 90' lang='lat' dir='ltr'>uno</span> <span class='ocrx_word' id='word_1_672' title='bbox 2451 4140 2680 4192; x_wconf 86' lang='lat' dir='ltr'>tantum</span> <span class='ocrx_word' id='word_1_673' title='bbox 2704 4154 2844 4192; x_wconf 90' lang='lat' dir='ltr'>mss.</span> <span class='ocrx_word' id='word_1_674' title='bbox 2871 4137 3221 4192; x_wconf 88' lang='lat' dir='ltr'>invenimus.</span> 
     </span>
    </p>
   </div>
   <div class='ocr_carea' id='block_1_95' title="bbox 777 4503 3258 4618">
    <p class='ocr_par' dir='ltr' id='par_1_95' title="bbox 777 4503 3258 4618">
     <span class='ocr_line' id='line_1_97' title="bbox 777 4503 3258 4618; baseline -0.001 -25"><span class='ocrx_word' id='word_1_675' title='bbox 777 4509 890 4593; x_wconf 91' lang='lat' dir='ltr'><strong>IN</strong></span> <span class='ocrx_word' id='word_1_676' title='bbox 950 4505 1864 4618; x_wconf 82' lang='lat' dir='ltr'>SUBSEQUENTEM</span> <span class='ocrx_word' id='word_1_677' title='bbox 1940 4504 2027 4590; x_wconf 90' lang='lat' dir='ltr'>S.</span> <span class='ocrx_word' id='word_1_678' title='bbox 2090 4503 2646 4590; x_wconf 85' lang='lat' dir='ltr'>PACHOMII</span> <span class='ocrx_word' id='word_1_679' title='bbox 2707 4503 3258 4591; x_wconf 81' lang='lat' dir='ltr'>REGULAM</span> 
     </span>
    </p>
   </div>
   <div class='ocr_carea' id='block_1_96' title="bbox 1354 4670 2683 4729">
    <p class='ocr_par' dir='ltr' id='par_1_96' title="bbox 1354 4670 2683 4729">
     <span class='ocr_line' id='line_1_98' title="bbox 1354 4670 2683 4729; baseline -0.001 -1"><span class='ocrx_word' id='word_1_680' title='bbox 1354 4676 1399 4728; x_wconf 88' lang='lat' dir='ltr'><strong>A</strong></span> <span class='ocrx_word' id='word_1_681' title='bbox 1439 4674 1497 4729; x_wconf 91' lang='lat' dir='ltr'>S.</span> <span class='ocrx_word' id='word_1_682' title='bbox 1541 4672 1969 4729; x_wconf 84' lang='lat' dir='ltr'>HIERONYMO</span> <span class='ocrx_word' id='word_1_683' title='bbox 2011 4671 2269 4727; x_wconf 84' lang='lat' dir='ltr'>LATINE</span> <span class='ocrx_word' id='word_1_684' title='bbox 2309 4670 2683 4727; x_wconf 84' lang='lat' dir='ltr'>REDDITAM</span> 
     </span>
    </p>
   </div>
   <div class='ocr_carea' id='block_1_97' title="bbox 1788 4817 2255 4880">
    <p class='ocr_par' dir='ltr' id='par_1_97' title="bbox 1788 4817 2255 4880">
     <span class='ocr_line' id='line_1_99' title="bbox 1788 4817 2255 4880; baseline -0.009 -1"><span class='ocrx_word' id='word_1_685' title='bbox 1788 4817 2255 4880; x_wconf 77' lang='lat' dir='ltr'>ADMONITIO.</span> 
     </span>
    </p>
   </div>
   <div class='ocr_carea' id='block_1_98' title="bbox 369 5085 3729 5167">
    <p class='ocr_par' dir='ltr' id='par_1_98' title="bbox 369 5085 3729 5167">
     <span class='ocr_line' id='line_1_100' title="bbox 369 5085 3729 5167; baseline -0.002 -15"><span class='ocrx_word' id='word_1_686' title='bbox 369 5093 720 5152; x_wconf 86' lang='lat' dir='ltr'>Collectioni</span> <span class='ocrx_word' id='word_1_687' title='bbox 749 5093 1336 5167; x_wconf 86' lang='lat' dir='ltr'>Hieronymianorum</span> <span class='ocrx_word' id='word_1_688' title='bbox 1366 5108 1633 5164; x_wconf 88' lang='lat' dir='ltr'>operum,</span> <span class='ocrx_word' id='word_1_689' title='bbox 1659 5108 1836 5164; x_wconf 88' lang='lat' dir='ltr'>quam</span> <span class='ocrx_word' id='word_1_690' title='bbox 1867 5092 2245 5160; x_wconf 88' lang='lat' dir='ltr'>adornamus,</span> <span class='ocrx_word' id='word_1_691' title='bbox 2278 5092 2467 5163; x_wconf 90' lang='lat' dir='ltr'>primo</span> <span class='ocrx_word' id='word_1_692' title='bbox 2500 5092 2700 5147; x_wconf 70' lang='lat' dir='ltr'>isthaac</span> <span class='ocrx_word' id='word_1_693' title='bbox 2727 5090 2949 5146; x_wconf 90' lang='lat' dir='ltr'>accedit</span> <span class='ocrx_word' id='word_1_694' title='bbox 2980 5088 3352 5145; x_wconf 90' lang='lat' dir='ltr'>S.Pachomii</span> <span class='ocrx_word' id='word_1_695' title='bbox 3384 5085 3729 5145; x_wconf 67' lang='lat' dir='ltr'>Tabennen&#39;</span> 
     </span>
    </p>
   </div>
   <div class='ocr_carea' id='block_1_99' title="bbox 289 5178 3727 5254">
    <p class='ocr_par' dir='ltr' id='par_1_99' title="bbox 289 5178 3727 5254">
     <span class='ocr_line' id='line_1_101' title="bbox 289 5178 3727 5254; baseline -0.002 -12"><span class='ocrx_word' id='word_1_696' title='bbox 289 5186 464 5242; x_wconf 84' lang='lat' dir='ltr'>sium</span> <span class='ocrx_word' id='word_1_697' title='bbox 493 5184 921 5240; x_wconf 90' lang='lat' dir='ltr'>monachorum</span> <span class='ocrx_word' id='word_1_698' title='bbox 954 5183 1140 5239; x_wconf 87' lang='lat' dir='ltr'>Patris</span> <span class='ocrx_word' id='word_1_699' title='bbox 1172 5182 1413 5254; x_wconf 85' lang='lat' dir='ltr'>Regula,</span> <span class='ocrx_word' id='word_1_700' title='bbox 1446 5198 1621 5253; x_wconf 87' lang='lat' dir='ltr'>quam</span> <span class='ocrx_word' id='word_1_701' title='bbox 1657 5181 1888 5253; x_wconf 81' lang='lat' dir='ltr'>Syriaca</span> <span class='ocrx_word' id='word_1_702' title='bbox 1936 5181 2006 5235; x_wconf 89' lang='lat' dir='ltr'>ab</span> <span class='ocrx_word' id='word_1_703' title='bbox 2058 5180 2184 5252; x_wconf 91' lang='lat' dir='ltr'>ipso</span> <span class='ocrx_word' id='word_1_704' title='bbox 2236 5185 2469 5237; x_wconf 89' lang='lat' dir='ltr'>auctore</span> <span class='ocrx_word' id='word_1_705' title='bbox 2516 5180 2929 5251; x_wconf 89' lang='lat' dir='ltr'>conscriptam,</span> <span class='ocrx_word' id='word_1_706' title='bbox 2966 5180 3176 5234; x_wconf 90' lang='lat' dir='ltr'>deinde</span> <span class='ocrx_word' id='word_1_707' title='bbox 3222 5178 3416 5234; x_wconf 65' lang='lat' dir='ltr'>Grmco</span> <span class='ocrx_word' id='word_1_708' title='bbox 3458 5195 3727 5234; x_wconf 90' lang='lat' dir='ltr'>sermone</span> 
     </span>
    </p>
   </div>
   <div class='ocr_carea' id='block_1_100' title="bbox 290 5265 3723 5345">
    <p class='ocr_par' dir='ltr' id='par_1_100' title="bbox 290 5265 3723 5345">
     <span class='ocr_line' id='line_1_102' title="bbox 290 5265 3723 5345; baseline -0.002 -15"><span class='ocrx_word' id='word_1_709' title='bbox 290 5274 624 5341; x_wconf 85' lang='lat' dir='ltr'>redditam,</span> <span class='ocrx_word' id='word_1_710' title='bbox 658 5273 930 5345; x_wconf 80' lang='lat' dir='ltr'>aliisque,</span> <span class='ocrx_word' id='word_1_711' title='bbox 964 5277 1029 5329; x_wconf 87' lang='lat' dir='ltr'>ut</span> <span class='ocrx_word' id='word_1_712' title='bbox 1074 5289 1180 5345; x_wconf 90' lang='lat' dir='ltr'>par</span> <span class='ocrx_word' id='word_1_713' title='bbox 1227 5276 1317 5327; x_wconf 91' lang='lat' dir='ltr'>est</span> <span class='ocrx_word' id='word_1_714' title='bbox 1372 5272 1628 5339; x_wconf 87' lang='lat' dir='ltr'>credere,</span> <span class='ocrx_word' id='word_1_715' title='bbox 1664 5270 1973 5337; x_wconf 88' lang='lat' dir='ltr'>Theodori,</span> <span class='ocrx_word' id='word_1_716' title='bbox 2009 5274 2184 5341; x_wconf 89' lang='lat' dir='ltr'>atque</span> <span class='ocrx_word' id='word_1_717' title='bbox 2232 5270 2470 5325; x_wconf 89' lang='lat' dir='ltr'>Orsiesii</span> <span class='ocrx_word' id='word_1_718' title='bbox 2502 5268 2802 5341; x_wconf 63' lang='lat' dir='ltr'>praeceptis</span> <span class='ocrx_word' id='word_1_719' title='bbox 2852 5268 3256 5339; x_wconf 88' lang='lat' dir='ltr'>institutisque</span> <span class='ocrx_word' id='word_1_720' title='bbox 3287 5265 3723 5337; x_wconf 87' lang='lat' dir='ltr'>locupletatam,</span> 
     </span>
    </p>
   </div>
   <div class='ocr_carea' id='block_1_101' title="bbox 293 5354 3728 5434">
    <p class='ocr_par' dir='ltr' id='par_1_101' title="bbox 293 5354 3728 5434">
     <span class='ocr_line' id='line_1_103' title="bbox 293 5354 3728 5434; baseline -0.002 -16"><span class='ocrx_word' id='word_1_721' title='bbox 293 5362 702 5434; x_wconf 78' lang='lat' dir='ltr'>Hieronymus</span> <span class='ocrx_word' id='word_1_722' title='bbox 734 5361 805 5417; x_wconf 82' lang='lat' dir='ltr'>ad</span> <span class='ocrx_word' id='word_1_723' title='bbox 833 5362 1321 5434; x_wconf 81' lang='lat' dir='ltr'>presbyterorum,</span> <span class='ocrx_word' id='word_1_724' title='bbox 1358 5360 1577 5416; x_wconf 89' lang='lat' dir='ltr'>Leontii</span> <span class='ocrx_word' id='word_1_725' title='bbox 1610 5376 1676 5415; x_wconf 89' lang='lat' dir='ltr'>ac</span> <span class='ocrx_word' id='word_1_726' title='bbox 1709 5359 1927 5415; x_wconf 80' lang='lat' dir='ltr'>Silvani</span> <span class='ocrx_word' id='word_1_727' title='bbox 1960 5375 2156 5432; x_wconf 88' lang='lat' dir='ltr'>preces</span> <span class='ocrx_word' id='word_1_728' title='bbox 2188 5358 2411 5413; x_wconf 90' lang='lat' dir='ltr'>Latinis</span> <span class='ocrx_word' id='word_1_729' title='bbox 2442 5358 2651 5413; x_wconf 89' lang='lat' dir='ltr'>litteris</span> <span class='ocrx_word' id='word_1_730' title='bbox 2673 5356 3188 5429; x_wconf 82' lang='lat' dir='ltr'>explicavit.Atque</span> <span class='ocrx_word' id='word_1_731' title='bbox 3214 5355 3310 5411; x_wconf 89' lang='lat' dir='ltr'>illa</span> <span class='ocrx_word' id='word_1_732' title='bbox 3326 5354 3564 5427; x_wconf 90' lang='lat' dir='ltr'>quidem</span> <span class='ocrx_word' id='word_1_733' title='bbox 3588 5373 3728 5413; x_wconf 89' lang='lat' dir='ltr'>non-</span> 
     </span>
    </p>
   </div>
   <div class='ocr_carea' id='block_1_102' title="bbox 290 5445 3726 5523">
    <p class='ocr_par' dir='ltr' id='par_1_102' title="bbox 290 5445 3726 5523">
     <span class='ocr_line' id='line_1_104' title="bbox 290 5445 3726 5523; baseline -0.002 -14"><span class='ocrx_word' id='word_1_734' title='bbox 290 5453 454 5509; x_wconf 87' lang='lat' dir='ltr'>dum</span> <span class='ocrx_word' id='word_1_735' title='bbox 488 5466 519 5506; x_wconf 91' lang='lat' dir='ltr'>e</span> <span class='ocrx_word' id='word_1_736' title='bbox 549 5449 1036 5507; x_wconf 89' lang='lat' dir='ltr'>bibliothecarum</span> <span class='ocrx_word' id='word_1_737' title='bbox 1069 5449 1280 5507; x_wconf 90' lang='lat' dir='ltr'>loculis</span> <span class='ocrx_word' id='word_1_738' title='bbox 1312 5451 1603 5523; x_wconf 85' lang='lat' dir='ltr'>prodierat</span> <span class='ocrx_word' id='word_1_739' title='bbox 1630 5449 1689 5506; x_wconf 91' lang='lat' dir='ltr'>in</span> <span class='ocrx_word' id='word_1_740' title='bbox 1722 5450 1933 5519; x_wconf 90' lang='lat' dir='ltr'>lucem,</span> <span class='ocrx_word' id='word_1_741' title='bbox 1969 5465 2101 5504; x_wconf 92' lang='lat' dir='ltr'>cum</span> <span class='ocrx_word' id='word_1_742' title='bbox 2134 5448 2433 5517; x_wconf 88' lang='lat' dir='ltr'>Erasmus,</span> <span class='ocrx_word' id='word_1_743' title='bbox 2467 5451 2524 5503; x_wconf 89' lang='lat' dir='ltr'>et</span> <span class='ocrx_word' id='word_1_744' title='bbox 2552 5451 2754 5518; x_wconf 89' lang='lat' dir='ltr'>postea</span> <span class='ocrx_word' id='word_1_745' title='bbox 2784 5447 3073 5504; x_wconf 87' lang='lat' dir='ltr'>Victorius</span> <span class='ocrx_word' id='word_1_746' title='bbox 3106 5460 3339 5518; x_wconf 91' lang='lat' dir='ltr'>quoque</span> <span class='ocrx_word' id='word_1_747' title='bbox 3362 5460 3502 5503; x_wconf 90' lang='lat' dir='ltr'>suas</span> <span class='ocrx_word' id='word_1_748' title='bbox 3527 5445 3726 5503; x_wconf 89' lang='lat' dir='ltr'>editio-</span> 
     </span>
    </p>
   </div>
  </div>
