4118 6158
523 184 629 260 ’φ
759 241 766 248 .
1785 182 1851 246 5·
1897 183 2149 251 EUSEB

2297 185 2706 252 [IERONYMI
3844 182 3923 260 τω

550 339 654 381 nes
681 322 1079 391 elaborarent;
1109 321 1209 380 sed
1240 337 1374 379 cum
1408 317 1613 378 exinde
1644 321 1720 378 sit
1751 321 1966 394 saapius
1996 322 2173 386 edita,
2209 321 2449 378 minime
2479 323 2781 378 debuisset
2810 321 2870 378 in
2900 319 3222 379 Martianaai
3263 318 3514 378 editione
3560 319 3928 398 pretermitti,

548 418 607 472 in
641 432 756 486 qua
784 413 913 486 ipsa
939 411 1274 484 Hieronymi
1304 413 1568 485 epistola,
1599 428 1724 484 quae
1758 411 2112 484 prmfationis
2142 411 2266 468 loco
2297 415 2405 478 est,
2439 412 2498 468 in
2525 415 2728 469 octava
2751 411 2935 470 classe
2984 417 3041 468 et
3079 411 3169 468 sui
3221 415 3383 484 parte
3415 427 3642 478 manca,
3697 415 3755 468 et
3799 428 3932 471 erro-

548 507 711 562 ribus
743 520 882 560 sane
903 503 1108 559 multis
1138 503 1461 559 deformata
1492 507 1959 573 repraesentetur.

619 595 692 650 Ut
718 609 849 649 vero
881 593 953 648 de
981 593 1112 663 ipsa
1135 591 1483 664 primigenia
1512 590 1807 646 Pachomii
1842 591 2156 661 scriptione
2188 591 2455 662 quaedam
2499 592 2890 664 praelibemus,
2947 592 3093 649 nihil
3144 593 3325 650 ferme
3372 595 3462 648 est
3514 591 3669 663 apud
3716 591 3930 650 Veteres

544 682 1127 740 celebratius.Narrat
1151 680 1448 736 Pallanius
1476 681 1534 736 in
1568 681 1850 735 Lausiaca
1883 680 2536 751 cap.xxxv1n,Tabulam
2569 699 2787 738 teneam
2820 684 3126 738 monastici
3185 681 3663 754 complectentem
3695 682 3929 739 instituti

544 774 796 846 Regulas
825 771 1138 828 Pachomio
1171 770 1242 824 ab
1274 769 1479 842 angelo
1510 769 1810 833 traditam,
1844 769 2014 838 cujus
2045 769 2219 824 etiam
2255 775 2669 840 argumentum
2701 772 2954 843 exponit.
2989 771 3421 838 Gennadius,de
3450 770 3763 826 Illustribus
3789 773 3928 841 viris,

541 883 668 938 cap.
700 867 736 918 7
769 882 780 921 :
815 864 1161 922 Pachomius.
1214 859 1421 930 inquit,
1472 858 1790 918 monachus.
1819 860 1905 912 vir
1934 862 2047 913 tam
2077 861 2137 913 in
2165 859 2408 927 dicendo,
2465 877 2628 930 quam
2675 862 2732 915 in
2774 863 2931 931 signa
2973 860 3224 931 faciendo
3272 861 3586 932 apostolica
3629 862 3842 930 gratiae,
3883 872 3929 918 et

537 955 799 1026 fundator
826 954 1057 1024 ngypti
1083 952 1474 1012 coenobiorum,
1505 949 1728 1017 scripsit
1778 949 2028 1015 regulam
2077 951 2295 1020 utrique
2342 952 2532 1019 generi
2580 951 2966 1004 monachorum
3012 957 3218 1020 aptam.
3269 965 3434 1020 quam
3474 947 3671 1017 angelo
3716 947 3933 1006 dictante

533 1047 866 1116 perceperat.
903 1041 1069 1097 Paria
1107 1040 1283 1094 habet
1323 1038 1699 1099 Sozomenus,
1753 1039 1886 1091 Hist.
1934 1039 2139 1093 Eccles.
2171 1037 2210 1094 l.
2245 1057 2331 1105 III,
2366 1055 2492 1110 cap.
2525 1039 2578 1109 3,
2613 1057 2680 1094 ex
2726 1038 3063 1110 pervulgata
3107 1038 3420 1094 traditione
3470 1037 3776 1093 Pachomio
3821 1055 3932 1094 san-

533 1139 681 1189 ctum
709 1132 980 1204 angelum
1001 1132 1174 1184 visum
1199 1144 1330 1191 esse,
1362 1126 1675 1197 dedisset/ue
1724 1127 1812 1180 illi
1861 1127 2128 1192 tabulam,
2157 1145 2323 1198 quam
2370 1129 2624 1183 monachi
2671 1128 2848 1183 adhuc
2891 1137 3132 1194 servant,
3167 1130 3223 1184 in
3269 1145 3375 1198 qua
3417 1131 3538 1182 erat
3574 1128 3849 1198 scriptum,
3879 1145 3933 1196 ut

536 1224 773 1293 singulis
803 1218 1108 1275 concederet
1135 1217 1449 1287 facultatem
1476 1220 1686 1270 tantum
1725 1215 2054 1282 comedendi,
2104 1217 2341 1285 bibendi,
2388 1218 2671 1288 operandi,
2717 1219 3034 1290 jejunandi,
3087 1219 3168 1273 vel
3215 1233 3387 1284 secus,
3437 1225 3703 1289 quantum
3748 1219 3938 1272 natura

531 1316 723 1384 ferret.
756 1313 852 1366 His
872 1325 996 1363 vero
1025 1309 1122 1378 qui
1150 1307 1358 1376 largius
1388 1305 1744 1368 comederent,
1776 1321 1938 1375 opera
1975 1305 2341 1361 laboriosiora
2371 1309 2667 1378 imponeret
2689 1325 2709 1368 .·
2739 1309 3002 1380 faciliora
3045 1312 3230 1362 autem
3277 1306 3381 1375 his,
3431 1308 3525 1378 qui
3572 1322 3766 1377 corpus
3806 1308 3937 1378 jeju-

530 1404 643 1456 niis
675 1405 726 1456 et
755 1400 1083 1455 abstinentia
1113 1397 1463 1464 castigare-nt.
1497 1395 1842 1464 Praescripsit
1870 1398 2153 1465 prmierea,
2187 1404 2246 1451 ut
2274 1397 2476 1452 multas
2522 1397 2806 1462 wdiculas,
2840 1401 2973 1463 etc.,
3008 1414 3136 1468 qua:
3186 1395 3264 1451 ibi
3314 1393 3547 1468 c0piose
3594 1395 3737 1451 satis
3782 1411 3937 1451 enar-

533 1495 768 1554 rantur;
803 1488 902 1544 sed
934 1485 1228 1557 copiosius
1262 1482 1444 1538 multo
1476 1482 1654 1553 repeti
1687 1488 1934 1554 possunt
1963 1499 2033 1538 ex
2060 1485 2214 1550 Vita,
2251 1502 2428 1556 quam
2459 1486 2717 1541 incertus
2748 1490 2950 1541 auctor
2978 1485 3329 1557 composuit,
3356 1484 3454 1556 qui
3500 1488 3695 1540 tamen
3726 1482 3930 1539 iisdem

530 1597 596 1636 ac
626 1576 973 1635 Pachomius
1003 1573 1366 1643 temporibus
1395 1571 1607 1626 vixisse
1635 1588 1696 1626 se
1728 1573 2162 1642 proﬁ‘eturHis
2193 1574 2328 1628 addi
2352 1579 2575 1646 queunt
2606 1573 3086 1646 Martyrologium
3129 1574 3458 1628 Romanum
3482 1572 3632 1644 prid.
3660 1572 3742 1627 Id.
3777 1571 3932 1637 Maii,

527 1669 870 1731 Cassianus,
900 1663 1286 1735 Nicephorus,
1316 1660 1611 1728 Callistus,
1641 1662 1697 1716 S.
1737 1662 2077 1718 Benedictus
2128 1663 2500 1730 Anianensis,
2550 1663 2924 1735 Smaragdus,
2977 1667 3034 1718 et
3083 1680 3154 1718 ne
3202 1661 3571 1734 singulorum
3606 1659 3936 1717 testimonia

529 1758 754 1815 diutius
788 1769 1233 1827 prosequamur,
1268 1752 1563 1822 Rupertus
1593 1751 1786 1806 Abbas
1816 1751 2136 1807 Tuitiensis
2165 1751 2267 1808 lib.
2304 1771 2358 1807 1v
2387 1753 2452 1808 de
2486 1755 2602 1808 Vit.
2635 1753 2953 1824 apostolica,
2988 1752 3098 1807 sub
3131 1751 3388 1817 initium,
3423 1749 3546 1822 qui,
3585 1751 3806 1816 Beatus,
3857 1747 3938 1803 in-

528 1848 678 1919 quit,
707 1843 1032 1901 Pachomius
1065 1841 1324 1908 Regulam
1357 1839 1749 1894 monachorum
1778 1841 1847 1894 ab
1880 1842 1994 1911 ipso
2025 1842 2217 1910 angelo
2247 1843 2311 1898 de
2339 1843 2467 1898 cozlo
2497 1842 2776 1908 dictatam,
2809 1857 2918 1897 non
2970 1841 3236 1906 videlicet,
3271 1848 3332 1895 ut
3361 1840 3622 1906 hominis,
3652 1837 3744 1895 sed
3767 1838 3826 1892 ut
3855 1837 3936 1892 di-

534 1939 720 1992 vinum
752 1933 1040 1989 oraculum
1069 1929 1352 1985 monachis
1385 1926 1629 1983 tradidit.

604 2025 685 2080 De
716 2023 826 2078 hac
855 2021 984 2092 ipsa
1012 2035 1143 2074 vero
1177 2016 1630 2089 Hieronymiana
1660 2017 1788 2086 ejus
1820 2016 2051 2090 Regula:
2092 2019 2296 2074 Latina
2325 2018 2822 2090 interpretatione,
2876 2017 3023 2073 nihil
3071 2017 3320 2072 dubium
3371 2019 3480 2082 est,
3515 2033 3544 2071 e
3592 2019 3648 2070 S.
3681 2015 3944 2076 Doctoris

523 2111 753 2169 ‘calamo
785 2111 967 2166 fetum
999 2106 1518 2180 germanissimum
1553 2104 1892 2176 profecisse;
1931 2110 1994 2160 ut
2042 2106 2172 2162 illos
2219 2108 2362 2162 adeo
2414 2113 2612 2179 putem
2665 2107 2950 2178 desipere,
2986 2105 3086 2177 qui
3124 2105 3233 2160 hac
3266 2120 3383 2160 una
3413 2105 3485 2159 de
3514 2120 3693 2160 causa
3722 2105 3943 2163 audent

527 2201 800 2264 inficiari,
835 2199 990 2270 quod
1021 2195 1398 2252 Pachomium
1434 2195 1821 2265 Hieronymus
1869 2195 2021 2250 inter
2067 2196 2501 2252 Ecclesiasticos
2532 2196 2842 2267 scriptores
2892 2211 3008 2251 non
3058 2197 3375 2263 recenseat,
3423 2193 3778 2249 mentionem
3813 2195 3942 2265 ejus

526 2294 680 2347 certe
710 2289 993 2352 facturus,
1026 2285 1196 2354 cujus
1228 2299 1424 2338 revera
1467 2282 1683 2337 librum
1731 2283 1932 2338 Latine
1977 2284 2183 2339 fuisset
2216 2285 2650 2358 interpretatus.
2697 2287 2954 2350 Quorum
3008 2288 3422 2356 argumentum
3471 2286 3679 2353 suapte
3726 2287 3941 2339 natura

525 2378 1028 2440 inﬁrmissimum,
1062 2373 1210 2430 falsa
1238 2372 1413 2428 etiam
1447 2371 1672 2428 laborat
1703 2373 2137 2443 suppositione;
2171 2391 2357 2447 neque
2387 2376 2544 2430 enim
2575 2374 2775 2429 isthzec
2801 2374 3145 2445 Catalogum
3183 2372 3484 2444 praecessit
3528 2372 3938 2444 interpretatio

525 2469 626 2526 sed
681 2484 712 2523 e
764 2464 1055 2522 contrario
1114 2462 1428 2518 subsecuta
1484 2465 1570 2516 est
1616 2465 1747 2534 post
1796 2462 2074 2518 tredecim
2123 2463 2304 2520 ferme
2343 2480 2629 2520 annorum
2678 2463 2957 2535 spatium,
2991 2462 3142 2535 quod
3190 2461 3344 2518 infra
3373 2460 3605 2533 planius
3653 2461 3940 2528 demons-

523 2564 637 2615 tro.

597 2643 836 2700 Interim
869 2658 996 2712 quae
1027 2639 1206 2709 hujus
1237 2637 1672 2709 Hieronymiani
1729 2637 1946 2694 laboris
1994 2641 2263 2696 feruntur
2318 2640 2692 2712 exemplaria,
2738 2641 3019 2696 debemus
3063 2656 3194 2694 cum
3245 2637 3451 2711 primis
3501 2638 3560 2694 S.
3622 2638 3940 2697 Benedicto

521 2731 875 2792 Anianensis
905 2727 1124 2793 abbati,
1157 2726 1258 2798 qui
1289 2726 1443 2781 circa
1472 2743 1692 2781 annum
1723 2727 1936 2783 Christi
1984 2731 2089 2784 820
2137 2730 2366 2799 claruit,
2416 2736 2472 2786 et
2519 2747 2626 2785 suo
2676 2730 2858 2784 Codici
2915 2729 3248 2798 Regularum
3295 2744 3415 2784 una
3463 2743 3596 2783 cum
3641 2726 3939 2800 epistolis,

526 2839 674 2896 quas
702 2818 1037 2877 Gennadius
1070 2820 1357 2872 memorat
1387 2831 1514 2886 cap.
1569 2833 1730 2887 supr.
1765 2815 2020 2884 laudato,
2073 2818 2320 2889 aliisque
2380 2817 2678 2874 nonnullis
2739 2817 3000 2874 attexuit.
3051 2815 3331 2888 Equidem
3386 2831 3523 2870 cum
3579 2832 3647 2871 ex
3701 2815 3944 2888 angulis

524 2905 1008 2968 bibliothecarum
1041 2905 1301 2961 nondum
1337 2904 1618 2959 evasisset
1645 2904 1880 2960 Aniena:
1912 2907 2151 2963 Abbatis
2183 2907 2474 2976 Collectio,
2506 2923 2575 2961 ex
2621 2905 2753 2961 aliis
2803 2923 2945 2961 mss.
2998 2904 3295 2960 codicibus
3343 2903 3548 2958 Latina
3594 2903 3798 2959 isthaec
3831 2904 3943 2960 Re-

525 3000 664 3075 gula
688 3003 925 3071 excepta
954 3000 1061 3052 est.
1094 2995 1235 3050 Eam
1272 2995 1535 3066 primum
1569 2993 1763 3048 Romte
1792 3011 1863 3048 an
1899 2995 2054 3060 1575,
2090 2995 2344 3050 Achilles
2377 2996 2596 3052 Statius
2626 2994 2914 3068 vulgavit;
2947 2996 3072 3048 tum
3137 2992 3442 3049 Ciaconius
3487 2991 3704 3050 ibidem
3753 2993 3902 3052 1588
3930 3012 3943 3062 ;

517 3091 732 3147 deinde
757 3087 920 3144 novis
953 3082 1368 3141 accedentibus
1397 3083 1554 3136 curis
1587 3081 1644 3135 in
1680 3080 1835 3137 calce
1867 3083 2251 3140 Collationum
2283 3085 2564 3150 Cassiani,
2612 3090 2668 3141 et
2708 3085 2766 3139 in
2816 3085 3055 3140 Patrum
3098 3081 3473 3139 Bibliothecis
3503 3080 3598 3138 alii
3629 3083 3941 3142 recudere.

520 3177 636 3233 Illae
667 3182 862 3233 tamen
889 3173 1172 3228 editiones
1205 3187 1308 3225 nec
1329 3173 1533 3237 totam,
1567 3171 2062 3241 quemadmodum
2097 3173 2190 3228 hic
2221 3173 2542 3239 exhibetur,
2580 3174 2893 3246 Regulam;
2926 3189 3031 3229 nec
3081 3189 3228 3245 quas,
3259 3171 3479 3230 Iudicia
3527 3173 3687 3241 leges,
3717 3177 3778 3232 et
3827 3173 3946 3232 Mo-

515 3269 656 3329 nita,
689 3263 932 3320 diversis
958 3261 1146 3316 titulis
1176 3259 1616 3325 inscribuntur;
1665 3275 1767 3314 nec
1815 3260 2068 3331 denique
2114 3264 2402 3333 Epistolas,
2445 3273 2496 3318 et
2551 3265 2713 3319 Verba
2768 3263 3009 3334 Mystica,
3061 3260 3290 3333 aliaque
3337 3260 3396 3315 id
3443 3275 3630 3332 genus
3677 3260 3938 3328 habent,

517 3373 646 3430 qua:
678 3351 855 3409 simul
886 3351 992 3408 abs
1023 3349 1373 3419 Hieronymo
1407 3347 1588 3402 fuisse
1621 3348 1824 3403 Latine
1855 3349 2081 3405 reddita
2130 3369 2198 3406 ex
2244 3352 2372 3424 ipsa
2413 3353 2753 3408 Praefatione
2801 3357 3161 3422 compertum
3202 3353 3306 3405 est.
3341 3349 3483 3404 Tota
3529 3349 3672 3406 adeo
3703 3349 3782 3404 cl.
3821 3349 3942 3405 viri

517 3446 684 3501 Lucas
718 3439 995 3498 Holstenii
1030 3435 1328 3494 sedulitati
1378 3436 1566 3508 gratia
1613 3441 1701 3492 est
1747 3437 2035 3505 habenda,
2069 3441 2332 3512 quicum
2383 3441 2439 3495 in
2494 3443 2551 3497 S.
2601 3440 2896 3497 Benedicti
2945 3438 3348 3513 apographum
3391 3438 3695 3496 incidisset
3739 3455 3819 3494 ex
3870 3455 3943 3496 eo

515 3532 898 3610 descriptum,
932 3529 1085 3601 quod
1118 3527 1271 3598 apud
1307 3526 1364 3581 S.
1397 3525 1769 3581 Maximinum
1804 3545 1982 3600 prope
2011 3531 2287 3586 Treveros
2315 3529 2800 3602 antiquissimum
2835 3534 3061 3585 exstare
3090 3528 3322 3592 dicitur,
3353 3544 3486 3582 cum
3516 3526 3646 3582 aliis
3675 3528 3947 3586 vetustis

515 3623 816 3680 codicibus
846 3617 1111 3683 contulit,
1147 3615 1246 3687 qui
1278 3613 1534 3686 aliquam
1566 3631 1635 3670 ex
1653 3614 1770 3670 illis
1803 3617 2018 3687 regulis
2049 3618 2408 3684 exhiberent,
2443 3636 2508 3674 ac
2537 3618 2690 3691 typis
2721 3618 2901 3685 dedit,
2934 3619 3130 3673 Romae
3187 3615 3444 3688 primum
3484 3632 3579 3672 an.
3627 3611 3814 3684 1661,
3871 3616 3950 3672 de

513 3714 650 3770 inde
678 3709 918 3768 Parisiis
947 3705 1184 3764 biennio
1216 3709 1347 3776 post
1374 3705 1800 3760 excudendum.
1832 3705 1948 3761 Hoc
1977 3706 2174 3779 itaque
2205 3725 2312 3764 nos
2342 3707 2564 3763 utimur
2591 3706 2904 3780 exemplari
2951 3710 3151 3778 utpote
3198 3705 3462 3760 omnium
3520 3704 3797 3762 uberiore
3865 3709 3952 3760 at-

513 3819 630 3874 que
659 3799 1144 3862 accuratissimo;
1176 3798 1395 3851 etcum
1431 3810 1602 3865 porro
1635 3795 1926 3852 variantes
1974 3796 2252 3853 lectiones
2302 3815 2446 3869 quas
2494 3814 2562 3854 ex
2613 3797 2745 3852 aliis
2794 3796 2961 3852 libris
3008 3798 3373 3867 excerpserat
3403 3793 3793 3850 doctissimus
3852 3793 3962 3850 ille

517 3889 622 3954 vir,
657 3895 713 3944 et
743 3887 978 3943 notulas
1008 3899 1157 3957 quas
1189 3887 1490 3954 paraverat
1513 3884 1571 3937 in
1607 3883 1822 3940 calcem
1852 3885 2044 3957 operis
2076 3886 2496 3958 conjiciendas,
2533 3890 2718 3942 morte
2750 3886 3144 3941 intercedente
3172 3883 3444 3940 exhibere
3468 3882 3620 3940 haud
3649 3882 3960 3954 potuerit,

513 3994 622 4034 nos
651 3976 807 4048 quod
839 3979 963 4031 erat
992 3992 1022 4030 e
1052 3992 1113 4030 re
1143 3979 1362 4044 nostra,
1395 3975 1720 4047 principem
1751 3975 2089 4042 editionem,
2116 3973 2336 4030 Achilis
2365 3975 2550 4041 Statii,
2582 3979 2707 4030 tum
2737 3973 2977 4029 alteram
3008 3971 3323 4028 auctiorem
3350 3969 3502 4027 Petri
3532 3970 3844 4028 Ciacconii
3880 3972 3962 4027 ad

515 4064 676 4122 illam
710 4064 1010 4136 exegimus
1040 4063 1375 4137 diligenter;
1409 4069 1465 4120 et
1496 4082 1622 4136 quae
1656 4064 2031 4122 Holsteniano
2064 4063 2248 4118 labori
2279 4063 2539 4130 deerant,
2572 4063 2761 4134 quoad
2796 4063 2925 4132 ejus
2959 4061 3082 4118 fieri
3115 4059 3322 4133 potuit,
3357 4063 3459 4114 aut
3513 4058 3816 4118 interesse
3867 4059 3963 4114 vi-

513 4155 780 4222 debatur,
815 4152 1175 4210 suﬂ‘ecimus.

583 4245 860 4317 Tempus,
895 4260 1011 4316 quo
1047 4244 1308 4299 Latinam
1367 4243 1586 4299 hancce
1633 4243 2178 4314 interpretationem
2229 4240 2616 4312 Hieronymus
2665 4238 2998 4305 elaborarit,
3030 4254 3099 4293 ex
3143 4253 3208 4293 eo
3253 4235 3422 4296 facile
3468 4234 3718 4304 eruitur,
3782 4237 3966 4309 quod

511 4334 710 4389 statim
744 4333 950 4388 limine
987 4333 1344 4388 Prtel'ationis
1379 4337 1716 4388 mmrentem
1751 4347 1811 4386 se
1842 4332 2172 4386 dormiticne
2197 4335 2400 4385 sanctae
2450 4334 2499 4384 ct
2552 4329 2876 4383 venerabilis
2908 4327 3116 4392 Paula,
3166 4326 3266 4381 diu
3314 4324 3569 4381 tacuisse
3598 4325 3974 4398 proﬁtetur,

511 4423 693 4477 donec
725 4421 785 4475 in
819 4422 927 4476 hoc
951 4423 1284 4476 exornando
1316 4436 1505 4491 opere,
1541 4423 1676 4474 bono
1707 4425 1764 4474 ut
1794 4422 1954 4475 aiunt
1983 4421 2228 4492 auspicio
2259 4420 2480 4490 longum
2510 4419 2791 4473 silentium
2838 4423 3132 4488 rumperet.
3185 4415 3287 4470 His
3330 4413 3485 4469 enim
3534 4431 3732 4470 annus
3793 4414 3978 4471 indi-

511 4513 679 4564 catur
710 4509 833 4574 404,
867 4509 977 4564 sub
1008 4510 1179 4580 cujus
1210 4508 1468 4575 initium,
1501 4508 1759 4563 dormivit
1789 4517 1978 4564 sancta
2021 4514 2072 4563 et
2121 4509 2278 4563 beata
2308 4509 2488 4563 Paula
2536 4508 2762 4577 septimo
2808 4504 3074 4560 Kalendas
3119 4504 3447 4559 Februarias
3493 4503 3657 4558 tertia
3703 4502 3986 4560 Sabbat-i

507 4605 627 4668 post
654 4596 785 4651 solis
813 4597 1145 4666 accubitum,
1180 4599 1417 4653 Honorio
1451 4601 1696 4668 .lugusto
1726 4615 1783 4652 v1
1813 4607 1863 4652 et
1893 4599 2194 4654 Aristeneto
2233 4614 2391 4662 coss.,
2447 4595 2598 4667 quod
2647 4595 2703 4647 in
2753 4595 2880 4664 ejus
2915 4592 3221 4664 Epitaphio
3251 4589 3723 4646 luculentissima
3762 4592 3989 4648 tradit

514 4685 922 4759 Hieronymus.
957 4685 1045 4739 Ad
1073 4686 1339 4757 ejusdem
1373 4686 1556 4758 igitur
1582 4685 1720 4741 anni
1751 4687 1951 4755 ﬁnem,
1991 4686 2078 4743 vel
2129 4687 2178 4743 si
2226 4685 2409 4752 lubet,
2442 4683 2514 4739 ad
2564 4683 2973 4753 insequentem
3006 4682 3109 4736 405
3139 4679 3441 4756 cpmmode
3471 4677 3799 4734 transferri
3839 4678 3989 4736 haec

511 4779 702 4850 potest
730 4775 1152 4848 interpretatio,
1189 4791 1389 4847 quam,
1423 4793 1556 4831 cum
1589 4775 1760 4848 longo
1787 4776 2018 4833 silentio
2048 4775 2307 4832 dolorem
2339 4773 2696 4838 devorasset,
2718 4770 3102 4827 elucubravit.
