4118 6158
487 273 566 334 67
1738 267 1802 331 S.
1847 268 2155 333 EUSEBlI
2198 264 2642 332 HIERONYMI
3804 266 3879 330 68

491 407 659 474 nicis)
691 409 748 461 et
775 421 958 460 unum
977 405 1102 477 jam
1135 403 1401 460 attritum
1433 404 1506 460 ad
1556 403 1988 470 dormiendum,
2048 402 2136 458 vel
2166 403 2221 470 Α
2253 406 2448 474 caput,
2483 401 2583 474 qui
2616 402 2838 458 habitat
2877 401 2937 457 in
2967 401 3324 459 monasterio
3355 399 3561 458 diebus
3614 399 3875 456 Pascha:

488 493 852 567 operandum
880 512 893 561 ;
917 499 976 548 et
997 493 1280 548 amictum
1303 492 1547 559 lineum,
1573 492 1950 564 cucullosque
1971 493 2136 558 duos;

486 589 544 639 et
581 583 881 656 caprinam
943 581 1300 654 pelliculam,
1361 599 1538 653 quam
1591 582 1844 637 melotcn
1894 585 2134 648 vocant;

484 671 802 728 balteolum
867 671 1112 738 lincum,
1155 675 1212 726 et
1275 670 1517 744 gallicas
1589 672 1693 742 [Αἱ.
1754 669 2012 741 caligas],
2073 685 2138 723 ac

486 760 764 816 bacillum
787 759 1013 815 itineris
1043 759 1286 815 socium.

553 851 608 904 5.
635 850 1004 920 )Egrotantes
1037 847 1203 904 miris
1245 853 1652 904 sustentantur
1699 846 2026 918 obsequiis,
2080 851 2135 902 et

485 938 556 994 ad
589 953 821 993 omnem
853 937 1082 1009 copiam
1111 939 1447 1009 praeparatis
1494 937 1676 992 cibis:
1740 936 1867 991 sani
1926 934 2135 1006 majori

486 1025 704 1098 pollent
736 1025 1111 1080 abstinentia.
1146 1025 1242 1081 Bis
1277 1026 1333 1079 in
1372 1026 1761 1090 hebdomade,
1814 1029 2022 1096 quarta
2079 1027 2137 1079 et

485 1118 648 1171 sexta
677 1114 774 1170 55
800 1113 1032 1169 sabbati
1077 1114 1148 1168 ab
1198 1113 1474 1168 omnibus
1511 1114 1834 1184 jejunatur,
1897 1115 2133 1183 excepto

483 1207 743 1274 tempore
775 1201 1006 1257 Paschae
1037 1207 1093 1256 et
1125 1202 1508 1257 Pentecostes.
1541 1202 1687 1256 Aliis
1718 1202 1926 1256 diebus
1948 1216 2135 1256 come-

484 1293 630 1346 dunt
661 1291 760 1362 qui
782 1289 985 1345 volunt
1006 1294 1139 1362 post
1168 1287 1470 1346 meridiem
1498 1307 1509 1345 :
1544 1294 1600 1345 et
1643 1290 1702 1344 in
1763 1307 1924 1345 omna
1971 1288 2132 1345 simi-

483 1380 617 1435 liter
647 1396 852 1435 mensa
882 1379 1141 1451 ponitur,
1175 1384 1411 1451 propter
1438 1379 1791 1446 laborantes,
1829 1395 2019 1446 senes,
2078 1383 2135 1433 et

484 1486 718 1540 pueros,
749 1473 1042 1540 aestusque
1080 1468 1480 1540 gravissimos.
1515 1470 1663 1524 Sunt
1720 1469 1817 1540 qui
1879 1468 2132 1524 secundo

487 1575 694 1630 parum
731 1558 1086 1624 comedunt;
1121 1557 1218 1611 alii
1251 1558 1350 1629 qui
1384 1559 1635 1630 prandii,
1669 1557 1790 1613 sive
1820 1574 1993 1612 ccenze
2015 1573 2133 1611 uno

485 1651 715 1701 tantum
745 1646 872 1701 cibo
907 1646 1161 1700 contenti
1194 1651 1352 1701 sunt.
1385 1645 1662 1701 Nonnulli
1704 1651 1936 1718 gustato
1995 1662 2134 1716 pau-

484 1734 671 1790 lulum
698 1751 846 1807 pane
874 1735 1271 1806 egrediuntur.
1306 1735 1522 1790 Omnes
1549 1735 1766 1807 pariter
1793 1735 2124 1790 comedunt.

484 1824 591 1889 Qui
623 1825 692 1879 ad
718 1840 980 1879 mensam
1014 1825 1094 1879 ire
1124 1823 1394 1888 noluerit,
1420 1826 1479 1878 in
1510 1824 1719 1880 cellula
1748 1841 1857 1880 sua
1913 1838 2124 1895 panem

483 1918 708 1968 tantum
735 1918 790 1968 et
813 1929 1046 1984 aquam,
1083 1929 1149 1968 ac
1183 1912 1366 1968 salem
1430 1912 1660 1984 accipit,
1719 1912 1836 1968 sive
1894 1912 1950 1966 in
2009 1927 2124 1967 uno

483 2002 576 2057 die
603 2001 871 2072 voluerit,
903 2002 1021 2056 sive
1042 2001 1101 2056 in
1139 2002 1317 2057 biduo
1342 2003 1378 2055 ι.

552 2093 606 2145 6.
643 2091 869 2146 Fratres
889 2091 1153 2161 ejusdem
1187 2091 1330 2146 artis
1386 2090 1446 2145 in
1486 2107 1666 2145 unam
1716 2091 1954 2146 domum
2015 2089 2124 2146 sub

484 2197 600 2235 uno
629 2179 933 2251 przeposito
964 2184 1424 2251 congregantur:
1457 2179 1615 2234 verbi
1645 2179 1854 2251 gratia,
1914 2183 1979 2234 ut
2026 2179 2126 2250 qui

481 2273 684 2324 texunt
715 2269 832 2324 lina
859 2269 977 2323 sint
1001 2268 1251 2340 pariter;
1287 2270 1384 2340 qui
1413 2273 1644 2336 mattas,
1687 2270 1745 2323 in
1807 2286 1983 2324 unam
2043 2286 2128 2323 re-

482 2360 765 2428 putantur
797 2356 1076 2411 familiam
1103 2374 1114 2424 ;
1152 2358 1560 2425 sarcinatores,
1588 2357 1957 2428 carpentarii,
2019 2356 2127 2411 ful-

481 2446 668 2516 lones,
699 2445 980 2518 gallicarii
1015 2461 1281 2501 seorsum
1316 2463 1350 2501 a
1379 2446 1502 2501 suis
1533 2447 1859 2518 praepositis
1915 2437 2125 2519 guber-

483 2539 734 2590 nantur:
786 2538 843 2588 et
899 2550 1002 2605 per
1072 2533 1336 2605 singulas
1392 2534 1793 2590 hebdomadas
1825 2535 2129 2590 ratiocinia

483 2639 724 2695 operum
757 2639 1000 2678 suorum
1056 2624 1127 2676 ad
1182 2623 1410 2677 Patrem
1465 2623 1801 2678 monasterii
1845 2625 2125 2680 referunt.

543 2710 882 2765 7.0mnium
897 2712 1384 2766 monasteriorum
1399 2711 1670 2781 princeps
1686 2729 1866 2766 unum
1882 2712 2129 2768 habetur

487 2873 558 2926 de
598 2871 821 2944 reliquo
853 2870 1538 2944 circumferuntimanus.
1574 2894 1594 2919 ν
1631 2872 1759 2927 Vid.
1785 2873 1936 2928 infra
2000 2890 2123 2944 cap.

486 2944 572 2998 Η.
629 2942 972 2998 ΟθἭῙεΙοῐθ
1021 2947 1217 2997 autem
1278 2943 1493 2998 Paulus
1551 2944 1833 2999 diaconus
1893 2942 2127 2999 nomine

483 3014 868 3087 Theodemari
894 3014 1120 3087 abbatis
1141 3015 1211 3087 ad
1230 3015 1498 3070 Carolum
1525 3015 1802 3087 Magnum
1835 3016 2122 3087 scribens:

484 3109 511 3135 ‹‹
551 3086 722 3152 Illud,
753 3086 1449 3157 inquittvestimentum,
1511 3086 1663 3157 quod
1725 3103 1757 3141 a
1813 3086 2128 3142 Gallicanis

2250 493 2507 564 exceptis
2529 491 2623 546 his
2653 491 2753 562 qui
2786 491 2843 546 in
2873 492 3224 548 monasterio
3257 490 3564 548 necessarii
3595 493 3754 556 sunt,
3813 490 3879 545 ad

2250 579 2417 634 illum
2453 596 2658 635 omnes
2688 586 3135 653 congregantur,
3161 587 3226 636 ut
3248 579 3675 653 quinquaginta
3703 577 3882 633 millia

2249 670 2366 724 fere
2400 669 2707 724 hominum
2740 670 3036 726 Passionis
3067 669 3379 726 Dominicae
3414 670 3513 726 56
3545 668 3720 725 simul
3745 666 3881 724 cele-

2247 758 2414 813 brent
2451 758 2846 814 festivitatem.

2315 848 2368 901 8.
2402 847 2623 914 Mense,
2659 848 2750 902 cui
2781 847 3130 903 vocabulum
3161 851 3250 903 est
3278 848 3521 914 Mesore,
3555 846 3612 901 id
3645 849 3734 901 est
3776 847 3881 901 Au-

2245 940 2439 1006 gusto,
2471 936 2659 991 instar
2686 935 2918 991 Jubilzei
2968 936 3334 992 remissionis
3372 937 3496 992 dies
3527 939 3876 1002 exercentur,

2245 1029 2300 1078 et
2330 1030 2566 1096 peccata
2585 1026 2861 1080 omnibus
2901 1025 3297 1093 dimittuntur,
3323 1023 3880 1096 reconcilianturque

2245 1113 2359 1168 sibi
2391 1114 2488 1185 qui
2517 1113 2776 1185 aliquam
2803 1113 3129 1170 habuerant
3161 1112 3552 1180 simultatem;
3585 1117 3643 1168 et
3688 1113 3876 1184 dispo-

2245 1206 2468 1256 nuntur
2491 1203 2982 1258 monasteriorum
3015 1204 3226 1275 capita,
3257 1203 3712 1275 dispensatores,
3743 1218 3877 1273 prae-

2245 1290 2442 1363 positi,
2477 1291 2756 1357 ministri,
2789 1297 2962 1364 prout
2987 1293 3306 1348 necessitas
3338 1291 3669 1364 postularit.

2313 1382 2368 1433 9.
2400 1381 2580 1435 Aiunt
2601 1385 2794 1436 autem
2827 1380 3059 1436 Thebazi
3104 1380 3254 1451 quod
3307 1378 3639 1446 Pachomio,
3671 1379 3878 1434 Corne-

2243 1468 2438 1540 lioque
2467 1473 2524 1523 et
2555 1470 2716 1540 Syro,
2750 1470 2852 1541 qui
2883 1485 3069 1541 usque
3109 1468 3281 1524 hodie
3335 1468 3485 1524 ultra
3535 1471 3767 1523 centum
3824 1472 3880 1522 et

2243 1559 2443 1613 decem
2475 1575 2660 1613 annos
2690 1559 2880 1614 vivere
2909 1557 3142 1626 dicitur,
3169 1556 3412 1629 angelus
3441 1555 3654 1629 lingua:
3686 1555 3881 1628 mysti-

2243 1663 2319 1701 cae
2353 1647 2656 1702 scientiam
2690 1647 2935 1715 dederit,
2971 1651 3037 1701 ut
3067 1646 3388 1702 scriberent
3413 1645 3544 1714 sibi,
3577 1649 3635 1701 et
3681 1643 3880 1716 loque-

2242 1741 2444 1792 rentur
2473 1753 2577 1808 per
2597 1735 2978 1808 alphabetum
3011 1734 3281 1807 speciale,
3316 1734 3501 1807 signis
3527 1733 3880 1806 quibusdam

2239 1830 2296 1880 et
2325 1823 2606 1897 symbolis
2639 1824 3015 1880 absconditos
3074 1841 3285 1880 sensus
3339 1822 3674 1879 involvens:
3735 1838 3883 1894 quas

2238 1929 2345 1967 nos
2377 1911 2664 1983 Epistolas
2694 1913 2715 1944 ²
2746 1911 2826 1966 ita
2847 1915 2912 1966 ut
2971 1911 3126 1983 apud
3184 1911 3481 1984 Egyptios
3538 1910 3880 1982 Grzscosque

2238 1999 2534 2073 leguntur,
2559 2001 2615 2054 in
2651 2005 2912 2056 nostram
2945 1999 3208 2072 linguam
3237 1999 3541 2067 vertimus,
3573 1999 3773 2055 eadem
3812 2003 3881 2054 ut

2237 2089 2560 2161 reperimus
2586 2088 2875 2144 elementa
2905 2093 3207 2161 ponentes,
3231 2093 3286 2144 et
3307 2105 3423 2160 qua
3444 2087 3876 2161 simplicitatem

2236 2178 2484 2250 Egyptii
2515 2177 2804 2233 sermonis
2834 2178 3047 2233 imitati
3095 2194 3323 2246 sumus,
3384 2175 3876 2248 interpretationis

2237 2269 2382 2322 ﬁdes
2412 2270 2500 2322 est
2525 2283 2536 2322 :
2573 2283 2644 2322 ne
2674 2266 2827 2322 viros
2858 2266 3210 2339 apostolicos
3241 2271 3297 2322 et
3325 2270 3478 2322 totos
3507 2264 3706 2339 gratiae
3749 2265 3874 2337 spi-

2238 2356 2422 2411 ritalis
2444 2372 2635 2411 sermo
2670 2355 2992 2411 rhetoricus
3021 2355 3380 2411 immutaret.
3408 2357 3628 2412 Caetera
3681 2357 3877 2410 autem

2237 2461 2364 2516 quae
2396 2447 2454 2499 in
2480 2461 2680 2500 eorum
2703 2445 3047 2500 tractatibus
3068 2445 3441 2500 continentur
3459 2443 3761 2516 praelibare
3780 2459 3880 2498 no-

2239 2534 2345 2600 lui,
2381 2540 2445 2589 ut
2473 2537 2532 2588 in
2567 2533 2693 2588 suis
2724 2533 3027 2588 discantur
3047 2533 3418 2589 auctoribus:
3445 2537 3503 2589 et
3521 2532 3591 2588 de
3619 2531 3879 2588 fontibus

2240 2623 2435 2695 potius
2467 2639 2644 2695 quam
2671 2623 2742 2677 de
2765 2621 2971 2677 rivulis
3009 2622 3231 2691 bibant,
3264 2638 3414 2694 quos
3472 2626 3682 2677 sancta:
3739 2637 3876 2676 con-

2235 2711 2582 2768 versationis
2605 2711 2801 2774 studia
2823 2710 3130 2766 delectant.

2237 2873 2391 2946 quod
2425 2872 2655 2946 proprie
2685 2871 3106 2946 monachorum
3134 2871 3410 2946 designat
3439 2870 3727 2946 habitum,
3758 2870 3881 2946 Me-

2238 2942 2734 3024 l‘otem‘appellare
2761 2944 3064 3024 debemus,
3099 2943 3251 3024 sicut
3277 2942 3337 2998 et
3365 2942 3646 2998 hactenus
3675 2943 3733 2997 in
3772 2942 3884 2997 hac

2235 3015 2531 3090 provincia
2554 3032 2587 3069 a
2609 3015 2978 3090 quibusdam
2995 3021 3253 3090 vocatur.
3290 3037 3317 3063 »

2307 3089 2326 3121 ⁷
2359 3087 2617 3142 Holsten.
2640 3088 2751 3141 sive
2774 3090 2896 3157 post
2924 3085 3167 3140 biduum.

484 3135 789 3212 monachis
820 3135 1047 3211 cuculla
1079 3157 1311 3224 dicitur,
1345 3163 1402 3212 et
1431 3135 1545 3213 ho;
1569 3175 1774 3230 cepam
1827 3175 2124 3224 vocamus,
2158 3135 2200 3201 (ἶ
2307 3161 2328 3194 ⁸
2359 3158 2640 3225 Holsten.,
2669 3135 2939 3212 sedrforte
2968 3155 3465 3229 typograpborum
3487 3156 3720 3224 mendo,
3740 3171 3883 3210 non.

1810 3534 2514 3666 BEGULA

1035 3793 1419 3882 PATRIS
1475 3794 1915 3882 NOSTRI
1972 3796 2522 3885 PACHOMII
2579 3797 3061 3886 HOMINIS
3123 3798 3336 3904 DEI,
3401 3735 3420 3749 .

880 3999 1001 4070 Qui
1033 3999 1317 4060 fundavit
1345 4001 1875 4061 conversationem
1920 4001 2348 4061 coenobiorum
2380 4021 2414 4061 a
2445 4001 2750 4081 principio
2781 4020 2890 4080 per
2932 4001 3300 4062 mandatum
3343 4000 3480 4060 Dei.

1632 4312 2043 4373 EXORDIUM
2092 4314 2700 4376 PR/ECEPTORUM
2713 4361 2727 4388 ,

1974 4480 2381 4492 ——-—_—

565 4630 659 4686 5'2
700 4629 741 4684 Ι.
773 4630 879 4695 Qui
917 4631 1079 4686 rudis
1111 4632 1168 4686 in
1203 4631 1501 4686 collectam
1545 4634 1883 4686 sanctorum
1942 4631 2134 4705 ingre-
2165 4635 2212 4698 D
2245 4651 2422 4706 quam
2457 4635 2892 4692 Levitonarium
2917 4639 3146 4706 vocant,
3181 4633 3494 4706 diligenter
3529 4631 3902 4702 astringens,

491 4718 671 4785 ditur,
703 4723 760 4774 et
789 4734 963 4790 quem
997 4736 1098 4791 per
1120 4721 1381 4775 ordinem
1407 4719 1630 4790 janitor
1650 4719 1721 4774 ab
1754 4721 1900 4776 ostio
1933 4739 2135 4777 mona—

489 4808 649 4865 sterii
683 4808 1090 4878 introduxerit,
1135 4812 1191 4863 et
1239 4809 1438 4863 sedere
1492 4807 1692 4863 fecerit
1730 4809 1787 4861 in
1846 4816 2130 4865 conventu

475 4897 747 4965 fratrum,
780 4914 894 4953 non
928 4897 978 4953 ei
1010 4897 1207 4953 licebit
1240 4897 1481 4953 sedendi
1513 4898 1704 4952 locum
1741 4897 1828 4952 vel
1861 4899 2127 4954 ordinem

476 4992 861 5055 commutare,
896 4989 1082 5043 donec
1112 5003 1247 5042 eum
1281 4985 1596 5042 transferat
1617 4985 1902 5051 Totihioc,
1937 4987 1992 5042 id
2019 4993 2126 5056 est,

477 5075 828 5143 praepositus
860 5078 1072 5156 domus
1106 5094 1242 5143 suae,
1280 5077 1352 5131 ad
1384 5074 1577 5130 locum
1606 5075 1705 5146 qui
1757 5075 1807 5130 ei
1859 5075 1967 5130 rite
2025 5077 2129 5132 de-

481 5160 670 5216 betur.

551 5249 622 5304 lI.
659 5249 897 5305 Sedebit
917 5259 1112 5309 autem
1145 5272 1278 5310 cum
1312 5255 1470 5311 omni
1506 5255 1713 5309 decore
1768 5257 1824 5308 et
1856 5269 2128 5310 mansue-

478 5338 720 5406 tudine;
757 5338 1206 5413 pelliculamque
1238 5361 1413 5414 super
1455 5343 1763 5398 humerum
1825 5347 2010 5415 geret:
2063 5360 2130 5397 ex

480 5427 658 5483 latere
683 5433 739 5482 et
770 5427 1022 5483 inferiori
1059 5436 1220 5500 parte
1244 5432 1500 5486 subdens
1527 5433 1794 5499 natibus;
1846 5438 1901 5488 et
1956 5434 2128 5488 vesti-

484 5520 775 5588 mentum,
801 5516 858 5572 id
891 5521 1001 5589 est,
1033 5517 1292 5577 tunicam
1325 5518 1537 5575 lineam
1582 5522 1802 5594 absque
1859 5521 2126 5590 manicis,

2244 4724 2325 4779 ita
2365 4729 2430 4778 ut
2466 4740 2657 4795 genua
2694 4725 2934 4797 operiat.

2316 4813 2410 4868 Ill.
2449 4812 2712 4885 Cumque
2743 4814 2992 4870 audierit
3020 4828 3219 4868 vocem
3263 4812 3417 4867 tubae
3467 4810 3538 4865 ad
3579 4807 3901 4865 collectam

2239 4902 2520 4966 vocantis,
2574 4903 2770 4958 statim
2847 4902 3183 4975 egrediatur
3239 4898 3508 4956 cellulam
3569 4914 3759 4964 suam,
3816 4897 3904 4953 de

2239 4990 2549 5062 scripturis
2579 4991 2800 5064 aliquid
2831 4992 3122 5048 meditans
3144 5005 3332 5063 usque
3363 4989 3436 5045 ad
3484 4988 3701 5044 ostium
3744 5002 3902 5041 con-

2237 5079 2533 5136 venticuli.

2309 5167 2404 5223 IV.
2453 5173 2520 5222 Et
2567 5170 2801 5240 quando
2852 5171 2911 5225 in
2960 5169 3084 5226 loco
3114 5168 3368 5224 collectis
3393 5164 3631 5236 cceperit
3674 5163 3903 5219 ambu-

2237 5256 2377 5324 lare,
2417 5261 2480 5311 ut
2503 5258 2574 5312 ad
2606 5257 2798 5313 locum
2835 5259 3074 5315 sedendi
3117 5257 3431 5328 standique
3475 5251 3796 5326 perveniat,
3816 5269 3908 5308 ne

2239 5344 2322 5399 vel
2375 5362 2582 5415 parum
2632 5346 2829 5401 damni
2878 5348 2935 5402 in
2989 5344 3342 5403 monasterio
3406 5361 3473 5399 ex
3515 5342 3756 5398 alterius
3788 5358 3908 5397 ve-

2240 5430 2362 5487 niat
2383 5432 2756 5505 negligentia.

2310 5520 2376 5577 V.
2419 5517 2522 5578 Sin
2550 5527 2744 5581 autem
2767 5529 2934 5582 nocte
2979 5525 3214 5600 signum
3236 5519 3583 5592 insonuerit,
3603 5535 3675 5577 ne
3710 5523 3908 5585 stete-
