2059 3079
214 0 233 3 —
248 0 362 9 “'_‘—'
379 0 465 12 1_'—
490 0 604 13 r"'r“-

144 22 172 47 et
187 18 395 56 repellendum
420 20 513 57 frigus
535 29 569 49 ex
590 29 671 49 more
696 21 882 49 succenditur
899 30 904 48 :
923 29 975 48 nec

144 63 261 92 otiosus
275 64 306 92 in
319 64 440 93 collecta
455 65 579 99 sedebit,
595 66 646 93 sed
662 65 808 93 funiculos
823 65 852 92 in
870 67 974 93 matta-

143 116 212 136 rum
227 108 373 137 stramina
386 117 476 137 manu
491 109 578 138 celeri
592 110 783 146 praeparabit;
800 110 910 145 absque
927 109 976 136 in-

142 151 288 181 ﬁmitate
300 152 444 181 duntaxat
457 154 636 190 corpusculi,
652 154 698 182 cui
714 154 848 182 cessandi
867 153 974 181 tribui-

143 198 198 224 tur
210 197 305 225 venia.

179 241 230 270 νι.
245 241 380 278 Cumque
395 243 491 279 major
508 243 530 277 ί,
545 243 589 271 vel
612 245 694 271 stans
710 243 789 279 prior
815 244 843 270 in
870 243 973 279 gradu,

142 293 232 314 manu
246 287 440 322 percusserit,
457 287 493 315 de
509 287 667 323 Scripturis
684 286 838 323 quidpiam
856 286 975 314 volvens

142 331 326 366 memoriter,
355 334 390 359 ut
411 331 506 360 oratio
538 332 667 366 ﬁniatur,
692 331 792 359 nullus
817 333 974 366 consurget

141 374 270 410 ludius,
286 375 338 404 sed
354 384 458 404 omnes
473 376 583 412 pariter
593 376 741 404 levabant.

178 419 247 448 VII.
265 419 358 448 Nemo
373 420 498 457 aspiciat
513 420 637 448 alterum
654 422 838 456 torquentem
860 420 975 447 funicu-

144 464 223 499 lum,
236 463 282 493 vel
297 466 431 493 orantem
444 465 470 499 ²;
488 465 539 493 sed
563 464 592 492 in
616 473 670 492 suo
696 464 798 492 deﬁxis
812 463 975 492 luminibus

143 516 235 545 opere
248 507 289 537 sit
300 509 447 537 intentus.

177 552 254 582 VIII.
266 552 335 582 Hac
349 553 427 581 enim
443 556 588 590 praecepta
602 553 701 581 vitalia
723 561 739 580 a
763 553 871 580 nostris
888 553 975 588 majo-

140 597 252 626 ribue'
266 597 387 626 tradita.
404 597 434 626 Si
459 598 596 626 acciderit
619 600 653 625 ut
677 597 820 634 psallendi
844 599 976 633 tempore

139 641 183 670 vel
197 642 320 676 orandi,
338 645 390 670 aut
403 643 434 670 in
450 642 548 670 medio
562 642 696 670 lectionis
711 642 819 677 aliquis
839 641 976 677 loquatur

141 688 192 714 aut
205 686 319 720 rideat,
333 686 384 715 58
398 686 477 715 illico
493 687 586 715 solvat
601 686 754 723 cingulum
770 687 822 718 ‘,et
837 686 978 714 inclinata

141 731 257 760 cervice
272 731 473 767 manibusque
497 731 533 759 ad
557 731 696 759 inferiora
713 731 871 767 depressis,
888 731 978 758 stabit

141 778 211 804 ante
225 775 336 810 altare,
351 777 381 804 et
395 784 412 804 a
426 775 558 812 principe
574 775 744 804 monasterii
767 775 974 811 increpabitur.

142 822 206 848 Hoc
215 819 300 848 idem
316 820 404 848 faciet
425 822 455 848 et
478 820 509 848 in
533 822 675 848 conventu
701 820 835 853 fratrum,
850 828 917 847 cum
939 820 975 847 ad

141 864 326 893 vescendum
341 864 451 901 pariter
465 864 663 893 convenerint.

176 908 227 937 IX.
243 909 370 943 Quando
385 909 422 937 ad
437 908 589 937 collectam
604 908 680 937 tubae
695 909 815 945 clangor
829 908 977 944 increpue-

141 954 182 982 rit
206 962 264 990 per
290 954 383 988 diem,
411 954 462 990 qui
486 954 523 981 ad
553 962 645 981 unum
674 953 835 981 orationem
862 953 975 981 tardius

141 998 276 1033 venerit,
311 998 472 1035 superioris
509 997 717 1034 increpationis
750 998 852 1025 ordine
883 998 972 1025 corri-

141 1042 246 1079 piatur
260 1043 313 1079 [AL
330 1042 553 1079 increpabitur],
569 1044 597 1070 et
612 1042 701 1070 stabit
716 1043 745 1069 in
762 1041 824 1070 loco
840 1042 974 1069 convivii.

182 1087 218 1115 X.
233 1086 323 1115 Nocte
334 1095 414 1122 vero,
426 1087 567 1124 quoniam
581 1087 712 1123 corporis
728 1086 892 1114 inﬁrmitati
910 1086 975 1122 plus

142 1131 260 1168 aliquid
275 1131 457 1165 conceditur,
466 1131 516 1168 qui
532 1133 599 1168 post
616 1134 675 1159 tres
690 1131 837 1159 orationes
852 1129 974 1164 venerit,

140 1176 250 1204 eodem
265 1176 341 1204 etin
356 1175 477 1204 collecta
500 1178 530 1203 et
550 1176 580 1203 in
604 1176 747 1203 vescendo
770 1175 871 1203 ordine
889 1175 975 1202 corri-

139 1220 258 1258 ιιῑοιυτ.

178 1265 228 1294 XI.
241 1265 368 1298 Quando
383 1265 413 1293 in
428 1265 550 1294 collecta
564 1267 648 1293 orant
664 1265 778 1298 fratres,
796 1272 881 1292 nemo
897 1272 975 1300 egre—

138 1309 246 1338 dietur
259 1309 377 1346 absque
388 1309 522 1345 jussione
537 1310 696 1345 majorum,
711 1309 766 1336 nisi
783 1309 976 1345 interrogave-

845 0 973 12 ""'r"--1
991 0 1015 10 η
1034 0 1132 3 -"—-~-
1151 0 1225 3 ~---—

1251 0 1297 4 ..μ
1330 0 1499 4 .-νηηηηη
1528 0 1544 4 .-
1566 0 1718 13 Fur--.”
1735 0 1840 6 ...μη-υ

1031 21 1080 55 qui
1097 20 1246 48 ministrat
1260 21 1450 48 hebdomadas
1461 29 1467 48 ;
1480 23 1508 48 et
1519 22 1629 57 absque
1641 22 1776 57 jussione
1785 23 1849 58 ejus

1031 64 1130 92 nullus
1148 65 1196 92 59
1213 65 1248 92 de
1263 65 1354 92 altera
1369 66 1455 92 domo
1468 66 1599 101 ejusdem
1615 66 1709 94 tribus
1720 67 1755 93 ad
1771 67 1849 102 psal-

1029 109 1150 136 lendum
1165 110 1270 142 veniet,
1287 112 1315 137 et
1339 110 1454 145 penitus
1475 118 1532 137 non
1558 109 1655 137 licebit
1678 110 1707 137 in
1731 110 1851 138 alterius

1030 153 1221 186 hebdomade,
1238 156 1265 181 et
1276 154 1311 181 de
1326 153 1382 181 alia
1392 153 1489 181 Venire
1507 154 1603 188 domo,
1616 154 1673 185 nisi
1689 154 1761 182 forte
1776 156 1852 190 ejus-

1031 197 1096 224 dem
1113 197 1208 225 tribus
1223 197 1271 225 sit.

1065 241 1135 269 XVI.
1152 242 1279 269 Vocatur
1293 244 1390 269 autem
1407 251 1466 270 una
1481 243 1585 276 tribus,
1603 243 1712 271 habens
1729 246 1787 271 tres
1810 244 1852 271 vel

1030 288 1155 321 quatuor
1170 286 1339 322 domos.pro
1356 295 1477 315 numero
1488 290 1515 315 et
1533 288 1695 323 frequentia
1705 291 1854 326 monaste-

1030 331 1064 358 rii
1083 340 1089 358 :
1106 340 1180 366 quas
1196 340 1247 358 nos
1264 331 1400 365 familias,
1424 331 1467 359 vel
1495 332 1618 368 populos
1643 332 1732 360 unius
1758 333 1853 368 gentis

1030 375 1178 410 possimus
1194 375 1351 411 appellare.

1066 419 1148 446 XVII.
1169 419 1198 446 in
1221 420 1266 446 die
1289 419 1439 447 Dominica
1462 422 1489 447 et
1513 420 1641 454 collecta,
1660 421 1689 448 in
1713 430 1770 457 qua
1785 423 1851 450 oil‘e-

1031 463 1120 491 renda
1135 465 1179 491 est
1193 463 1310 496 oblatio,
1326 464 1436 500 absque
1452 465 1604 500 praeposito
1620 465 1773 499 domus,et
1788 474 1851 493 ma-

1027 508 1141 543 joribus
1159 508 1336 540 monasterii,
1352 509 1402 544 qui
1417 508 1542 543 alicujus
1558 509 1684 537 nominis
1700 512 1779 545 sunt,
1801 519 1850 538 ne-

1032 561 1078 580 mo
1095 552 1238 588 psallendi
1254 553 1360 580 habeat
1376 556 1558 588 potestatem.

1065 597 1162 624 XVIII.
1180 597 1324 624 Psallente
1339 601 1435 625 autem
1452 598 1581 633 quolibet
1596 599 1631 626 de
1646 599 1850 633 majoribus,id

993 661 1015 693 Β
1031 644 1084 675 est,
1100 642 1212 669 dicente
1228 642 1457 677 responsorium,
1474 642 1497 670 si
1513 643 1579 678 quis
1603 643 1736 677 defuerit,
1754 643 1852 671 statim

1032 689 1098 713 ante
1121 686 1211 714 altare
1226 686 1412 721 pcenitentiae,
1438 689 1466 714 et
1490 687 1697 723 increpationis
1720 688 1853 715 ordinem

1032 731 1199 758 sustinebit.

1067 775 1135 802 XIX.
1154 775 1192 802 De
1209 775 1328 803 collecta
1355 776 1381 802 in
1408 784 1466 811 qua
1489 776 1637 804 oil‘erenda
1662 779 1707 804 est
1732 777 1851 816 oblatio,

1031 820 1080 855 qui
1097 820 1160 847 sine
1176 823 1318 855 praecepto
1334 821 1454 855 majoris
1470 821 1580 853 exierit,
1597 821 1696 849 statim
1721 821 1853 858 increpa-

1032 865 1120 892 bitur.

1066 909 1123 937 XX.
1141 909 1225 937 Mane
1241 918 1292 945 per
1306 909 1439 945 singulas
1454 910 1557 937 domos
1569 910 1658 938 ﬁnitis
1671 911 1853 939 orationibus

1032 962 1088 981 non
1105 954 1203 981 statim
1219 954 1254 981 ad
1271 962 1339 981 suas
1355 954 1475 981 cellulas
1491 956 1672 982 revertentur
1689 964 1694 982 :
1708 956 1759 982 sed
1784 964 1854 983 con-

1032 998 1124 1025 ferent
1138 998 1212 1025 inter
1228 1006 1259 1025 se
1275 1006 1337 1033 qua:
1355 999 1524 1033 praepositos
1541 999 1687 1026 audierint
1702 999 1853 1035 disputan-

1031 1045 1084 1074 tes,
1101 1044 1129 1069 et
1139 1041 1181 1069 sic
1196 1041 1349 1069 intrabunt
1364 1042 1472 1070 cubilia
1485 1051 1549 1070 sua.

1066 1086 1135 1113 XXI.
1159 1086 1322 1122 Disputatio
1345 1089 1442 1114 autem
1467 1096 1483 1114 a
1507 1087 1670 1123 praepositis
1696 1088 1851 1116 domorum

1031 1138 1081 1166 per
1103 1130 1234 1166 singulas
1259 1131 1458 1159 hebdomadas
1480 1131 1564 1159 tertio
1590 1132 1662 1160 fiet:
1683 1134 1711 1160 et
1734 1133 1764 1160 in
1787 1133 1851 1169 ipsa

1030 1175 1226 1210 disputatione
1244 1175 1387 1209 sedentes,
1413 1176 1473 1203 sive
1497 1179 1609 1204 stantes
1635 1177 1738 1205 fratres
1764 1186 1852 1205 suum

1030 1220 1162 1247 ordinem
1178 1228 1235 1247 non
1253 1220 1418 1253 mutabunt,
1432 1221 1517 1256 juxta
1541 1221 1695 1249 domorum
1720 1222 1852 1250 ordinem

1030 1266 1058 1292 et
1073 1264 1225 1291 hominum
1242 1264 1436 1300 singulorum.

1066 1309 1148 1336 XXII.
1165 1309 1193 1335 Si
1210 1309 1274 1345 quis
1287 1309 1485 1337 dormitaverit
1500 1311 1616 1343 sedens,
1635 1310 1788 1346 przeposito
1804 1311 1852 1339 do-

138 1353 191 1388 rit,
207 1361 448 1390 concessumque
471 1353 498 1381 ei
523 1353 611 1381 fuerit
633 1353 711 1381 exire
726 1361 777 1389 pro
794 1356 902 1381 naturae
930 1362 976 1381 ne-
990 1346 1011 1379 Ε
1032 1361 1108 1388 mus,
1134 1353 1178 1381 vel
1203 1354 1371 1381 monasterii
1397 1353 1526 1390 principe
1550 1355 1727 1390 disputante,
1752 1356 1852 1383 statim

141 1397 301 1427 comitate.

175 1442 240 1472 XII.
254 1441 366 1472 Nullus
379 1442 489 1471 dividet
499 1442 607 1478 juncos
622 1443 658 1470 ad
674 1443 814 1470 texendos
829 1442 975 1470 funiculos

138 1489 253 1524 prater
275 1495 345 1516 eum
370 1487 422 1524 qui
446 1487 596 1515 ministrat
620 1487 827 1520 hebdomadas;
844 1489 872 1514 et
887 1487 912 1514 si
929 1486 976 1514 ille

135 1533 225 1568 justo
239 1540 328 1569 opere
343 1531 482 1561 detentus
492 1531 671 1567 est,majoris
686 1532 843 1568 imperium
858 1534 976 1568 praesto-

139 1576 271 1605 labitur.

183 1621 261 1650 XIII.
275 1621 317 1650 De
337 1621 576 1651 hebdomadariis
598 1621 686 1649 unius
711 1622 817 1649 domus
843 1631 899 1649 non
924 1621 973 1649 eli-

140 1669 258 1704 gentur
269 1666 320 1704 qui
335 1668 415 1695 stent
429 1666 459 1694 in
475 1666 579 1703 gradu,
591 1667 620 1694 et
634 1668 777 1694 conventu
792 1666 925 1694 omnium
939 1667 975 1694 de

141 1711 310 1749 Scripturis
324 1710 436 1748 aliquid
453 1710 595 1748 replicent
621 1719 627 1739 :
653 1711 704 1738 sed
720 1719 822 1739 omnes
834 1711 918 1746 juxta
933 1719 975 1739 se-

138 1756 237 1785 dendi
250 1757 281 1785 et
295 1755 394 1784 standi
409 1755 541 1783 ordinem
564 1755 732 1783 memoriter
755 1757 886 1792 repetent
910 1763 973 1791 quae

131 1801 195 1830 sibi
222 1800 336 1829 fuerint
360 1800 512 1837 imperata.
530 1800 563 1828 Et
586 1799 695 1836 quibus
720 1799 744 1826 si
770 1799 837 1835 quis
861 1799 971 1827 oblitus

130 1843 410 1883 σιειίὐᾟαίιινθιιὶι
422 1843 453 1872 in
465 1843 599 1877 dicendo,
612 1843 795 1880 negligentiae
810 1846 839 1871 et
853 1843 972 1872 oblivio-

130 1889 186 1918 nis
199 1889 423 1926 corruptionem
437 1888 605 1917 sustinebit.

170 1933 251 1963 XIV.
275 1934 311 1963 In
334 1933 383 1962 die
412 1932 574 1967 Dominica,
599 1932 642 1960 vel
666 1932 822 1961 oblationis
842 1934 973 1968 tempore

129 1977 246 2008 nulla
272 1978 369 2007 deerit
390 1978 426 2006 de
449 1977 700 2010 hebdomadariis,
729 1977 833 2005 sedens
855 1977 885 2004 in
909 1977 972 2006 loco

1032 1406 1151 1434 surgere
1167 1397 1359 1434 compelletur
1382 1406 1387 1424 :
1415 1401 1444 1426 et
1465 1399 1568 1426 tandiu
1595 1399 1694 1433 stabit,
1710 1402 1801 1427 donec
1824 1401 1850 1427 ei

1028 1443 1167 1478 jubeatur
1181 1443 1190 1459 ⁵
1208 1445 1240 1470 ut
1252 1442 1361 1470 sedeat.

1067 1487 1164 1514 XXIII.
1182 1487 1303 1519 Quando
1318 1486 1435 1523 signum
1452 1487 1625 1521 insonuerit,
1638 1491 1670 1516 ut
1681 1489 1853 1518 conveniant

1031 1534 1058 1559 et
1074 1532 1195 1559 audiant
1211 1533 1354 1567 pramepta
1370 1532 1526 1567 majorum,
1543 1532 1642 1561 nullus
1659 1534 1818 1562 remanebit
1841 1536 1852 1553 ⁶

1031 1585 1083 1604 nec
1099 1576 1292 1604 succendetur
1320 1576 1402 1603 focus
1422 1579 1580 1612 antequam
1596 1577 1756 1613 disputatio
1771 1587 1850 1606 com-

1030 1621 1153 1656 pleatur.
1171 1620 1223 1653 Qui
1240 1628 1332 1647 unum
1357 1628 1391 1647 ex
1413 1620 1458 1648 his
1473 1621 1482 1637 τ
1499 1621 1679 1656 preterierit,
1706 1623 1849 1657 praedictas

1030 1665 1204 1700 correptioni
1221 1664 1392 1700 subjacebit.

1065 1709 1160 1737 XXIV.
1178 1709 1230 1742 Qui
1246 1709 1492 1737 hebdomadarius
1508 1712 1562 1743 est,
1578 1718 1635 1737 non
1657 1710 1774 1738 habebit
1798 1720 1850 1747 po-

1029 1756 1163 1782 testatem
1179 1754 1289 1789 absque
1305 1757 1446 1790 praecepto
1462 1755 1602 1791 principis
1619 1756 1786 1783 monasterii
1803 1756 1852 1784 da-

1029 1806 1059 1826 re
1074 1799 1212 1834 cuiquam
1233 1797 1388 1832 tuniculos,
1405 1798 1446 1826 vel
1464 1799 1589 1827 aliorum
1605 1799 1675 1835 quid
1690 1808 1827 1828 vasorum
1841 1810 1848 1834 ;

1027 1843 1083 1870 nisi
1099 1842 1148 1870 ille
1161 1843 1295 1878 jusserit,
1311 1843 1429 1878 signum
1454 1843 1522 1870 dare
1544 1852 1601 1871 non
1627 1844 1742 1879 poterit,
1757 1847 1789 1873 ut
1813 1845 1848 1873 ad

1028 1886 1178 1916 collectam
1209 1887 1411 1921 meridianam,
1441 1887 1486 1915 vel
1515 1888 1551 1915 ad
1577 1889 1773 1924 vespertinam
1799 1897 1849 1917 sex

1027 1932 1193 1960 orationum
1208 1934 1429 1968 congregentur.

1062 1977 1142 2004 XXV.
1162 1979 1229 2004 Post
1243 1976 1388 2004 orationes
1405 1976 1564 2005 matutinas
1584 1977 1718 2005 minister
1741 1978 1847 2007 hebdo-

129 2022 281 2062 ψ,
293 2021 491 2060 pedlentique
504 2021 697 2058 respondens,
721 2029 755 2049 ex
779 2030 839 2050 una
865 2022 971 2050 dunta-
985 2031 1009 2063 D
1026 2022 1131 2055 madis,
1149 2022 1197 2049 cui
1211 2022 1266 2049 hoc
1281 2030 1355 2057 opus
1369 2022 1457 2050 fuerit
1471 2022 1848 2059 injunctum,interrogabit

126 2070 187 2099 nt
198 2067 306 2102 hmo,
320 2076 385 2106 qua
398 2067 431 2096 in
445 2067 549 2103 majori
565 2066 655 2095 servit
678 2066 871 2094 hebdomade.
890 2066 969 2095 Alte-

126 2107 340 2143 run-idiom
357 2111 455 2141 minor
481 2111 654 2145 hebdomas,
679 2119 743 2147 quin
766 2119 817 2147 per
839 2110 970 2147 singulas

124 2158 249 2198 “non
260 2165 281 2186 ι
294 2157 483 2195 paucion'bus
497 2156 658 2184 exhibetur.

158 2198 242 2236 ‘1'.“
261 2201 300 2230 At
319 2201 347 2231 ιὶ
366 2201 464 2238 major
484 2202 530 2229 est
553 2208 695 2228 numerus
717 2201 910 2234 necessarius,
934 2201 968 2229 de

129 2288 140 2293 -
268 2272 415 2311 pineipis
437 2271 584 2311 editionis
596 2271 686 2311 ﬁdem
709 2271 870 2311 capitulum
888 2272 966 2301 istud

121 2306 378 2346 Wﬁl;
390 2307 469 2346 quod
483 2306 664 2346 ab_Holstein
679 2306 848 2346 imperfecto
877 2317 966 2337 sensu

120 2343 429 2381 j'hemoduin
452 2343 605 2381 eahibetur
629 2352 668 2381 :_«
693 2343 824 2381 cumque
845 2353 966 2381 manum

429 2380 511 2416 prior
524 2379 680 2421 iungi-adu,
697 2382 726 2407 et
746 2379 782 2421 de
807 2379 967 2421 scripturis

250 2415 624 2449 hui’vens’memoriter,
640 2417 673 2443 ut
692 2415 821 2443 oratione
836 2415 965 2451 ﬁn’iente,

138 2480 315 2523 ’ἶῗωιᾴ
335 2480 366 2516 et
388 2487 560 2523 Ciacconius
582 2490 750 2523 operantem,
765 2487 807 2523 vel
831 2488 964 2523 orantem;

370 2522 528 2566 Prologus:
538 2522 594 2566 hqc
602 2522 729 2564 absolvit
737 2522 965 2566 capitulmalque

84 2540 91 2549 ο
203 2558 206 2559 ν
229 2555 242 2561 ἡ
273 2527 359 2559 ιω
370 2527 528 2560 I'rotogum
538 2527 594 2551 hoc
603 2527 729 2551 absolvn.
737 2527 962 2587 capitulo,alque

499 2557 632 2596 regulam
647 2558 690 2588 sic
705 2558 855 2588 exorditur
866 2567 872 2587 :
883 2570 897 2585 ‹‹
928 2567 962 2588 n-

0 2620 407 2906 L...

1025 2066 1186 2102 principem
1203 2066 1371 2094 monasterii
1386 2067 1420 2094 de
1440 2066 1565 2103 singulis
1589 2067 1688 2102 rebus,
1704 2076 1777 2104 quas
1801 2076 1848 2096 ne-

1025 2111 1167 2138 cessarias
1191 2113 1286 2147 putat;
1313 2114 1341 2139 et
1365 2111 1466 2147 quanti
1491 2112 1568 2139 exire
1592 2112 1715 2140 debeant
1733 2113 1846 2149 operari

1025 2156 1110 2191 [Fort.
1126 2155 1261 2192 operarii]
1275 2156 1303 2183 in
1318 2156 1469 2191 agrum.Et
1480 2156 1565 2191 juxta
1579 2156 1658 2184 illius
1679 2157 1845 2192 jussionem

1025 2200 1075 2227 80
1090 2200 1258 2227 circumibit
1273 2200 1404 2236 singulas
1418 2200 1563 2234 domos,et
1574 2200 1664 2228 discet
1674 2201 1744 2236 quid
1757 2209 1846 2229 unus-

1022 2271 1092 2312 cipit
1107 2270 1216 2312 {tegula
1231 2270 1389 2312 Pachomii.
1399 2271 1463 2298 Haec
1479 2274 1549 2299 sunt
1563 2273 1706 2307 praecepta
1720 2272 1814 2300 tribus
1826 2281 1844 2301 a

1023 2306 1184 2347 majoribus
1199 2306 1315 2338 tradita,
1329 2318 1343 2347 p
1358 2309 1414 2334 etc.
1564 2306 1584 2348 ⁷,
1658 2306 1664 2307 ί

1057 2343 1067 2359 ³
1081 2342 1191 2380 Vitiose
1205 2342 1385 2380 Holstenius,
1401 2351 1418 2369 ιι
1432 2343 1508 2380 nobis
1526 2343 1696 2378 majoribus;
1719 2352 1770 2379 pro
1786 2352 1843 2380 quo

1021 2379 1122 2416 nostris
1138 2378 1335 2416 reposuimus:
1353 2378 1520 2416 Elegantius
1534 2387 1611 2416 vero,
1633 2381 1664 2416 ut
1687 2378 1776 2416 supra
1795 2378 1844 2416 in-

1021 2414 1151 2452 nuimus,
1166 2413 1359 2452 vettjrespditi
1378 2416 1465 2452 tribus
1488 2423 1508 2452 (ιν
1529 2414 1691 2450 majoribtw,
1710 2413 1779 2452 p-uta
1795 2415 1844 2442 Pa-

1020 2450 1181 2481 chomium,
1194 2449 1390 2481 Theodorum.
1402 2450 1575 2477 Orsiesium.

1056 2486 1065 2502 ι
1081 2485 1162 2512 Haud
1179 2490 1253 2512 recte
1270 2485 1345 2512 idem
1362 2485 1538 2519 Holstenius,
1555 2487 1708 2514 vinculum.

1054 2522 1064 2538 ⁵
1079 2521 1197 2548 Veteres
1212 2520 1293 2553 editi,
1309 2521 1447 2549 videatur.

1054 2557 1064 2575 ⁸
1078 2555 1178 2586 Iidem.
1195 2557 1251 2593 Qui
1266 2565 1350 2586 unum
1360 2558 1521 2588 mandatum
1534 2565 1569 2589 ex
1582 2557 1638 2604 (iis,
1653 2561 1710 2588 etc.
