4118 6158
485 253 557 314 τι
1739 248 1804 311 s.
1852 246 2164 312 susssu
2201 247 2655 331 HIERONYMI
3797 249 3862 314 72

481 385 731 457 quisque
763 382 980 437 habeat
1009 377 1430 436 necessarium.
1464 379 1733 436 Codicem
1765 381 1814 436 si
1842 383 1915 437 ad
1947 381 2136 454 legen-
2167 383 2221 448 Α
2252 388 2452 456 erogat
2497 383 2775 440 fratribus
2822 382 3170 454 tragematia
3195 385 3236 451 ⁴,
3269 381 3328 439 in
3358 382 3670 440 tribuendo
3706 383 3859 451 inedi-

479 473 622 528 dum
654 470 956 542 petierint,
992 469 1320 540 accipiant;
1353 472 1410 523 et
1431 469 1593 525 ﬁnita
1615 469 2138 541 hebdomade,pro-

478 566 608 634 pter
638 577 737 616 eos
773 560 872 632 qui
908 559 1232 614 succedunt
1277 558 1336 612 in
1382 557 1802 628 ministerium,
1836 576 1943 615 suo
1975 559 2139 615 resti-

683 649 829 705 loco.

684 654 700 704 1
767 666 829 705 .o.

483 654 837 795 tuXXtVECSi
873 743 1090 793 msttas
1123 736 1541 809 operabuntur,
1586 736 1981 809 interrogatur
2020 739 2134 792 mi-

478 829 663 884 nister
691 829 762 884 ad
795 843 1103 898 vesperum
1127 824 1470 896 praepositos
1494 825 1510 857 ¹
1538 825 1846 880 domorum
1879 825 2134 897 singula-

475 934 607 973 rum
625 916 1170 989 quibusjuncorum
1188 913 1274 969 sin
1285 913 1438 986 gulis
1449 913 1720 968 domibus
1733 915 2129 970 necessarium

475 1005 585 1074 sit;
621 1010 678 1062 et
709 1006 792 1061 sic
821 1004 1351 1074 infundetjuncos,
1384 1006 1441 1057 et
1490 1018 1662 1057 mane
1710 1019 1812 1074 per
1864 1003 2127 1060 ordinem

473 1093 790 1166 unicuique
823 1093 1063 1148 tribuet.
1099 1093 1168 1146 Et
1197 1091 1245 1146 si
1279 1106 1452 1145 mane
1481 1089 1689 1144 viderit
1718 1091 1849 1146 aliis
1895 1107 2128 1164 quoque

464 1183 664 1254 juncis
687 1200 834 1254 opus
857 1197 1007 1249 esse,
1033 1180 1302 1234 infundet
1331 1181 1513 1243 eos,et
1535 1178 1606 1233 ad
1633 1178 1896 1251 singulas
1920 1181 2127 1237 domos

471 1272 720 1343 perferet
778 1271 1006 1340 tandiu,
1067 1270 1252 1324 donec
1310 1268 1548 1340 signum
1604 1268 1874 1323 vescendi
1933 1269 2125 1324 incre-

473 1363 591 1430 pet.

538 1447 755 1503 XXVII.
792 1447 1142 1520 Praepositus
1171 1447 1401 1512 domus,
1435 1447 1533 1517 qui
1567 1446 1772 1518 implet
1803 1446 2121 1503 hebdoma-

469 1537 626 1606 dam,
656 1541 712 1592 et
744 1536 894 1592 alius
927 1536 1028 1608 qui
1057 1540 1363 1591 venturam
1390 1534 2122 1607 suscipiet,principesque

469 1624 810 1681 monasterii
860 1624 1164 1680 habebunt
1209 1639 1408 1678 curam
1452 1622 1686 1678 videndi
1737 1623 1874 1695 quid
1929 1623 2121 1696 operis

2248 474 2408 527 tetur
2437 472 2656 543 aliquid
2687 472 2758 526 de
2789 471 3125 544 Scripturis.
3848 538 3853 543 η

2317 560 2613 615 XXXVIII.
2646 561 2754 624 Qui
2808 560 3054 632 suscipit
3110 577 3178 617 ea
3236 577 3364 632 quas
3414 561 3648 629 dantur,
3681 577 3783 616 non
3810 560 3860 616 in

2245 648 2494 716 cucullo,
2565 649 2664 704 sed
2727 649 2786 704 in
2844 649 2992 721 pelle
3052 649 3329 721 accipiat;
3385 665 3576 721 neque
3633 648 3862 722 gustabit

2244 741 2378 792 ante
2409 737 2479 792 de
2505 737 2598 793 his
2630 755 2756 809 quae
2788 737 3093 809 acceperit,
3127 737 3310 793 donec
3357 738 3430 793 ad
3477 738 3713 793 domum
3757 753 3862 809 per-

2240 827 2456 882 veniat.

2311 914 2546 970 XXXIX.
2581 915 2709 987 Ipse
2760 918 2980 979 autem,
3014 915 3111 986 qui
3162 914 3385 971 ceteris
3433 912 3668 982 dividet,
3711 931 3857 970 suam

2238 1008 2463 1075 partem
2506 1022 2539 1075 a
2566 1004 2877 1076 praeposito
2909 1003 3170 1076 accipiet.
3203 1004 3364 1067 Quod
3397 1008 3455 1059 et
3483 1002 3670 1060 caeteri
3699 1002 3856 1058 mini-

2237 1093 2340 1147 stri
2375 1093 2594 1148 faciant
2633 1092 2986 1164 accipientes
3013 1092 3084 1147 ab
3116 1091 3252 1159 alio,
3302 1096 3360 1147 et
3396 1091 3478 1146 nil
3511 1091 3626 1147 sibi
3651 1108 3750 1147 suo
3778 1108 3856 1146 ar-

2235 1181 2408 1238 bitrio
2438 1181 2818 1238 vindicantes.
2844 1186 2921 1236 Ea
2950 1198 3077 1252 qua
3104 1180 3452 1253 acceperint,
3485 1196 3588 1252 per
3617 1180 3856 1235 triduum

2235 1270 2319 1325 eis
2351 1270 2646 1326 sufﬁcient
2679 1289 2691 1327 :
2727 1275 2783 1326 et
2813 1269 2862 1326 si
2895 1269 2988 1325 cui
3015 1270 3316 1326 residuum
3345 1269 3541 1338 fuerit,
3566 1269 3860 1341 reportabit

2234 1359 2305 1413 ad
2341 1359 2719 1431 praepositum
2751 1360 2986 1425 domus,
3014 1362 3071 1414 et
3111 1357 3208 1413 ille
3238 1362 3480 1429 reponet
3521 1357 3581 1412 in
3623 1356 3857 1424 cellario,

2236 1447 2418 1502 donec
2450 1446 2766 1503 misceatur
2820 1463 2954 1502 cum
3003 1445 3156 1514 aliis,
3208 1451 3262 1502 et
3320 1446 3548 1502 cunctis
3604 1445 3859 1503 fratribus

2232 1535 2576 1608 praebeatur.

2300 1624 2410 1678 XL.
2439 1624 2620 1680 Nemo
2651 1623 2782 1696 plus
2814 1623 2982 1679 alteri
3011 1622 3192 1691 dabit,
3229 1639 3406 1695 quam
3441 1621 3586 1679 alter
3638 1639 3854 1696 accepe-

467 1713 927 1786 prmtermissum
962 1713 1039 1769 sit
1066 1713 1155 1768 vel
1189 1712 1554 1784 neglectum;
1589 1716 1645 1768 et
1683 1713 1873 1767 excuti
1907 1712 2122 1768 facient
2150 1755 2196 1820 Β
2231 1712 2340 1781 rit;
2374 1715 2529 1785 quod
2562 1713 2610 1768 si
2643 1713 2982 1769 obtenditur
3018 1713 3355 1781 inﬁrmitas,
3389 1711 3734 1785 praepositus
3771 1713 3858 1769 do-

470 1808 846 1875 mattas,quze
875 1819 1053 1875 super
1081 1801 1482 1874 pavimentum
1515 1802 1572 1856 in
1607 1801 1848 1857 collecta
1870 1802 2119 1874 expandi
2150 1801 2196 1820 "
2229 1819 2363 1858 mus
2412 1806 2610 1874 perget
2657 1803 2728 1859 ad
2781 1801 3086 1859 ministros
3134 1802 3564 1875 aagrotantium,
3595 1805 3652 1858 et
3681 1801 3747 1858 ab
3773 1801 3858 1857 his

468 1891 1202 1963 solent;numerabuntque
1232 1889 1700 1962 funiculos,quos
1731 1907 1832 1962 per
1855 1889 2118 1963 singulas

466 1981 867 2036 hebdomadas
896 1985 1217 2049 torserunt,
1250 1985 1307 2035 et
1331 1996 1534 2035 eorum
1568 1996 1864 2035 summam
1897 1980 2114 2036 descri-

467 2069 608 2124 bent
637 2069 695 2124 in
731 2069 918 2137 buxis,
954 2075 1010 2124 et
1041 2069 1352 2124 servabunt
1387 2085 1576 2139 usque
1625 2068 1696 2123 ad
1746 2073 1981 2139 tempus
2012 2085 2114 2123 an-

467 2175 596 2213 nuae
628 2158 1117 2230 congregationis,
1151 2158 1386 2228 quando
1418 2157 1712 2211 reddenda
1743 2163 1831 2212 est
1862 2157 2027 2223 ratio,
2061 2160 2118 2211 et

466 2252 705 2319 peccata
734 2247 1008 2302 omnibus
1039 2247 1434 2301 dimittuntur.

537 2336 782 2390 XXVIII.
819 2335 1076 2391 Dimissa
1098 2334 1588 2407 collecta,singuli
1617 2333 1977 2406 egredientes
2012 2352 2112 2389 us-

466 2440 581 2496 que
611 2425 682 2479 ad
716 2423 957 2479 cellulas
989 2423 1242 2490 suas,vel
1274 2439 1461 2494 usque
1494 2423 1564 2477 ad
1595 2422 1862 2477 vescendi
1895 2421 2110 2492 locum,

466 2515 538 2569 de
589 2513 904 2584 Scripturis
971 2511 1192 2584 aliquid
1262 2512 1737 2577 meditabuntur;
1798 2511 2113 2583 nullusque

465 2602 707 2657 habebit
737 2608 1003 2672 opertum
1037 2605 1210 2670 caput
1241 2601 1638 2655 meditationis
1671 2606 1952 2671 tempore.

534 2690 720 2745 XXIX.
753 2693 895 2744 Cum
934 2695 1130 2743 autem
1183 2689 1254 2742 ad
1299 2690 1652 2744 vescendum
1707 2691 1989 2756 venerint,
2024 2707 2109 2744 se-

465 2779 687 2834 debunt
712 2795 812 2850 per
839 2778 1104 2833 ordinem
1141 2778 1379 2833 statutis
1410 2777 1552 2832 locis
1601 2782 1657 2832 et
1705 2778 1967 2849 operient
2016 2796 2109 2834 ca-

464 2867 606 2940 pita.

533 2955 693 3012 XXX.
729 2956 1060 3028 Statimque
1092 2973 1224 3010 cum
1258 2955 1360 3011 tibi
1395 2973 1428 3010 a
1460 2957 1679 3026 majore
1711 2955 1885 3011 fuerit
1925 2957 2108 3028 impe-

460 3051 677 3112 ratum,
707 3049 770 3100 ut
800 3046 871 3100 de
899 3044 1014 3100 alia
1044 3061 1249 3099 mensa
1276 3045 1344 3099 ad
1377 3042 1548 3098 aliam
1585 3046 1835 3099 transire
1870 3044 2103 3110 debeas,

2229 1908 2358 1963 qua:
2389 1893 2726 1948 necessaria
2755 1895 2895 1947 sunt
2926 1890 3188 1962 accipiet.

2295 1981 2431 2036 XLI.
2467 1981 2524 2036 Si
2558 1981 2630 2036 de
2659 1979 2806 2053 ipsis
2839 1979 3129 2035 ministris
3160 1979 3376 2053 aliquis
3407 1979 3718 2052 ianguerit,
3748 1996 3857 2036 non

2225 2070 2463 2126 habebit
2491 2069 2788 2125 licentiam
2819 2069 3152 2124 introeundi
3183 2069 3241 2124 in
3286 2067 3600 2141 coquinam
3632 2067 3719 2123 vel
3747 2067 3858 2124 cel-

2224 2159 2460 2225 larium,
2489 2164 2545 2215 et
2575 2158 2688 2214 sibi
2719 2157 2944 2230 aliquid
2976 2157 3275 2214 auferendi
3327 2177 3339 2214 :
3393 2158 3493 2214 sed
3525 2156 3713 2213 ceteri
3760 2158 3858 2213 mi-

2224 2248 2414 2313 nistri,
2446 2247 2503 2302 id
2535 2247 2690 2318 quod
2722 2247 2772 2303 ei
2821 2247 3216 2303 necessarium
3265 2247 3532 2315 viderint,
3578 2246 3796 2302 dabunt
3841 2265 3854 2302 :

2223 2353 2328 2392 nec
2357 2335 2726 2407 permittetur
2767 2352 3016 2407 coquere
3064 2336 3175 2391 sibi
3224 2336 3377 2407 quod
3433 2335 3854 2403 desideraverit,

2222 2426 2322 2480 sed
2380 2425 2671 2496 praepositi
2721 2425 3029 2481 domorum
3083 2441 3210 2495 qua:
3259 2423 3589 2480 necessaria
3617 2423 3858 2478 viderint

2221 2513 2294 2580 ei,
2329 2514 2401 2568 ab
2431 2514 2561 2569 aliis
2593 2513 2879 2568 ministris
2911 2512 3213 2584 accipient.

2293 2602 2454 2657 XLII.
2507 2601 2715 2658 Nullus
2765 2603 3016 2656 introeat
3073 2600 3269 2657 locum
3317 2600 3723 2673 aegrotantium
3763 2601 3859 2674 qui

2222 2708 2336 2746 non
2370 2695 2632 2763 egrotat.
2666 2690 2773 2756 Qui
2805 2690 3187 2763 aegrotaverit,
3239 2708 3272 2745 a
3314 2689 3622 2762 praeposito
3653 2689 3859 2745 domus

2219 2780 2464 2834 ducetur
2510 2779 2568 2834 in
2619 2778 2942 2835 triclinium
2991 2777 3398 2851 aagrotantium
3451 2795 3463 2832 :
3516 2781 3572 2833 et
3618 2777 3668 2833 si
3715 2794 3861 2850 opus

2219 2868 2486 2924 habuerit
2515 2867 2772 2939 palliolo,
2805 2873 2908 2924 aut
2936 2868 3158 2935 tunica,
3189 2872 3291 2923 aut
3322 2867 3566 2935 caeteris,
3617 2883 3744 2938 qua;
3791 2867 3862 2922 ad

2219 2958 2622 3030 operiendum,
2670 2957 2759 3012 vel
2811 2958 2883 3012 ad
2930 2957 3281 3012 vescendum
3333 2955 3666 3012 necessaria
3700 2959 3861 3022 sunt,

2219 3047 2344 3119 ipse
2376 3047 2742 3118 praepositius
2768 3046 3013 3118 accipiat
3042 3063 3076 3100 a
3106 3045 3476 3112 ministris,et
3501 3045 3664 3100 dabit
3693 3060 3868 3117 aegro-

460 3134 518 3188 in
553 3134 712 3188 nullo
743 3133 976 3204 penitus
1010 3132 1512 3188 contradices.Nec
1544 3135 1762 3188 audeas
1795 3138 1931 3188 ante
1961 3151 2105 3205 praz-
2139 3122 2181 3188 C
2218 3137 2502 3190 tantibus.
2564 3137 2676 3191 Nec
2717 3137 2928 3206 poterit
3001 3134 3318 3206 languidus
3376 3133 3602 3207 ingredi
3656 3132 3865 3190 cellam

459 3222 719 3293 positum
750 3222 964 3276 domus
1013 3227 1125 3276 tua:
1175 3239 1418 3276 manum
1452 3223 1510 3277 in
1543 3239 1807 3278 mensam
1841 3224 2109 3278 extende-

462 3328 522 3367 re
555 3328 568 3365 :
615 3327 720 3365 nec
751 3310 1192 3382 circumspicias
1220 3311 1364 3365 alios
1395 3317 1712 3366 vescentes.

531 3399 723 3454 XXXI.
786 3397 1206 3471 Unusquisque
1263 3400 1706 3472 praepositorum
1770 3401 1999 3456 docebit
2051 3401 2107 3455 in

459 3490 634 3545 domo
683 3506 809 3555 sua,
853 3490 1146 3560 quomodo
1205 3489 1456 3545 debeant
1506 3505 1638 3544 cum
1699 3489 2016 3560 disciplina
2055 3494 2112 3545 et

461 3578 913 3633 mansuetudine
943 3579 1264 3633 comedere.
1301 3578 1461 3641 Quod
1494 3578 1540 3632 si
1577 3579 1709 3650 quis
1739 3577 1826 3632 vel
1876 3578 2108 3633 locutus

459 3667 656 3738 fuerit,
687 3667 774 3722 vel
807 3667 1002 3723 riserit
1030 3667 1087 3720 in
1121 3668 1428 3734 vescendo,
1464 3671 1598 3739 aget
1626 3667 2110 3738 pmnitentiam,et

456 3756 516 3811 in
566 3757 768 3812 eodem
821 3756 946 3810 loco
997 3755 1266 3827 protinus
1317 3755 1756 3827 increpabitur:
1791 3755 2106 3827 stabitque,

455 3845 638 3900 donec
671 3845 821 3899 alius
852 3847 1055 3915 surgat
1085 3844 1155 3898 de
1182 3844 1554 3899 vescentibus
1583 3846 1623 3897 ³.

527 3933 740 3987 XXXII.
771 3933 829 3987 Si
863 3934 996 4004 quis
1028 3933 1098 3987 ad
1134 3933 1560 3988 comedendum
1608 3932 1834 3988 tardius
1864 3934 2105 3999 venerit,

455 4026 692 4093 excepto
743 4022 984 4092 majoris
1033 4021 1298 4093 imperio,
1334 4021 1606 4076 similiter
1652 4027 1783 4095 aget
1821 4024 2106 4094 poeniten-

454 4111 591 4166 tiam
627 4115 729 4166 aut
759 4111 831 4165 ad
864 4110 1102 4166 domum
1127 4111 1372 4182 jejunus
1405 4117 1736 4166 revertetur.

527 4199 772 4255 XXXIII.
807 4199 863 4253 Si
893 4199 1111 4270 aliquid
1149 4201 1548 4255 necessarium
1581 4202 1757 4256 fuerit
1787 4201 1847 4254 in
1880 4217 2107 4267 mensa,

455 4305 626 4344 nemo
667 4287 906 4344 audebit
953 4287 1134 4360 loqui,
1191 4290 1290 4344 sed
1344 4289 1439 4344 6|
1498 4289 1973 4344 ministrantibus
2027 4289 2105 4344 si-

456 4395 640 4450 gnum
673 4377 866 4432 sonitu
895 4377 1078 4432 dabit.

2221 3225 2602 3292 vescentium,
2649 3229 2707 3278 et
2755 3223 3057 3278 comedere
3111 3239 3237 3294 quas
3287 3222 3600 3289 desiderat,
3661 3221 3775 3276 nisi
3835 3237 3870 3276 a

2223 3313 2516 3379 ministro,
2549 3313 2649 3383 qui
2690 3311 2825 3366 huic
2875 3311 2956 3366 rei
3001 3311 3347 3384 praepositus
3377 3315 3485 3379 est,
3517 3311 3767 3366 ducatur
3795 3310 3868 3364 ad

2219 3402 2592 3457 vescendum.
2920 3399 2928 3410 “

2296 3491 2395 3546 62
2429 3489 2620 3544 XLIII.
2655 3489 2781 3544 Non
2825 3488 2877 3544 ei
2907 3487 3103 3544 licebit
3149 3489 3220 3544 de
3269 3487 3362 3543 his
3409 3503 3536 3558 qua:
3583 3487 3875 3560 acceperit

2219 3579 2279 3633 in
2338 3578 2462 3634 loco
2510 3576 2938 3649 aegrotantium,
2973 3577 3123 3633 ferre
3167 3578 3237 3632 ad
3293 3575 3499 3632 cellam
3549 3593 3743 3645 suam,
3794 3591 3873 3632 ne

2217 3684 2460 3740 pomum
2491 3669 2749 3739 quidem.

2288 3757 2474 3812 XLIV.
2515 3757 2620 3820 Qui
2671 3755 3068 3827 pulmentaria
3116 3759 3400 3827 coquunt,
3447 3753 3560 3826 ipsi
3607 3753 3880 3809 vicissim

2218 3845 2694 3902 ministrantibus
2723 3848 2779 3899 et
2805 3844 3174 3899 vescentibus
3204 3843 3625 3898 ministrabunt
3649 3844 3688 3896 ⁸.

2298 3933 2459 3988 XLV.
2493 3933 2706 3988 Vinum
2741 3937 2798 3988 et
2825 3932 3124 4004 liquamen
3157 3932 3380 4003 absque
3429 3931 3554 3987 loco
3585 3935 3888 4004 aegrotan-

2217 4024 2304 4077 tiu
2318 4040 2373 4077 m
2403 4021 2602 4078 nullus
2631 4021 2948 4093 contingat.

2289 4111 2485 4166 XLVI.
2528 4111 2584 4165 Si
2619 4110 2833 4182 aliquis
2863 4126 3063 4166 eorum
3117 4109 3216 4182 qui
3265 4124 3503 4182 peregre
3534 4108 3887 4178 mittuntur,

2216 4200 2275 4254 in
2323 4199 2550 4265 itinere,
2604 4199 2692 4253 vel
2740 4199 2799 4252 in
2851 4199 2980 4254 navi
3011 4199 3032 4232 ⁶
3061 4197 3443 4270 aegrotaverit,
3493 4200 3550 4252 et
3595 4195 3892 4252 habuerit

2216 4289 2628 4346 necessitatem
2660 4288 2779 4343 sive
2800 4288 3155 4344 desiderium
3179 4287 3520 4344 comedendi
3561 4285 3883 4357 liquamen

2216 4380 2287 4434 de
2316 4378 2602 4450 piscibus,
2641 4376 2729 4433 vel
2761 4377 3007 4433 aliarum
3043 4393 3258 4444 rerum,
3293 4393 3419 4448 quae
3467 4376 3528 4431 in
3567 4379 3885 4430 monaste—

526 4464 767 4518 XXXIV.
802 4464 861 4519 Si
893 4479 1166 4535 egressus
1199 4465 1379 4520 fueris
1428 4483 1461 4520 a
1511 4467 1658 4532 cibo,
1694 4483 1808 4519 non
1848 4465 2106 4538 loquaris
2141 4488 2186 4552 Β
2218 4469 2305 4524 rio
2338 4468 2641 4524 comedere
2672 4469 3119 4533 consueverunt,
3153 4483 3269 4520 non
3319 4463 3704 4520 manducabit
3736 4479 3889 4518 cum

456 4553 517 4607 in
549 4552 872 4618 redeundo,
899 4554 1082 4608 donec
1114 4555 1183 4609 ad
1219 4553 1411 4609 locum
1446 4559 1613 4608 tuum
1648 4556 1971 4625 pervenias.

528 4640 737 4697 XXXV.
775 4640 1026 4695 Ministri
1069 4643 1291 4714 absque
1345 4642 1458 4707 his,
1509 4659 1634 4714 quae
1687 4645 1744 4698 in
1801 4661 2111 4701 commune

458 4730 738 4788 fratribus
791 4733 1114 4802 praeparata
1166 4736 1329 4797 sunt,
1380 4727 1527 4786 nihil
1573 4733 1728 4787 aliud
1781 4735 2109 4801 comedent,

458 4837 566 4876 nec
599 4824 855 4875 mutatos
887 4819 1067 4890 cibos,
1102 4819 1212 4874 sibi
1247 4821 1503 4876 audeant
1531 4839 1874 4894 praeparare.

531 4909 773 4964 XXXVI.
809 4909 913 4974 Qui
946 4909 1200 4981 percutit
1251 4910 1322 4964 ad
1373 4911 1728 4965 vescendum
1777 4916 1832 4967 et
1877 4929 2112 4985 congre-

460 5001 558 5068 gat
588 4998 609 5030 ³
642 4998 868 5064 fratres,
903 4998 1220 5054 meditetur
1251 4997 1469 5071 aliquid
1502 4999 1559 5053 in
1587 5001 1985 5071 percutiendo.

532 5083 800 5143 XXXVII.
833 5087 939 5150 Qui
994 5093 1127 5144 ante
1180 5087 1330 5144 fores
1373 5087 1618 5144 convivii
1679 5089 2112 5162 egredientibus

534 5201 565 5279 ί.
584 5200 782 5279 Malim
814 5203 1108 5273 equidem,
1159 5222 1192 5258 ιι
1239 5208 1557 5277 Praeposito,
1607 5209 1663 5261 et
1712 5207 1909 5261 statim
1961 5212 2110 5279 post.

467 5273 607 5346 quid
621 5277 729 5346 aut
759 5283 1022 5344 quantum
1059 5292 1160 5345 pro
1191 5273 1408 5346 quibuk.

536 5344 556 5377 ²
589 5343 794 5426 Verius
829 5343 1214 5426 puto‘vetores
1245 5349 1408 5412 editi,
1439 5349 1623 5426 donec:
1652 5351 1755 5404 cu'z’i
1802 5354 2028 5421 surgant
2052 5349 2115 5404 de

463 5415 742 5488 vescendo,
769 5415 992 5471 scilicet
1022 5417 1092 5471 ad
1127 5433 1340 5488 mensae
1373 5435 1559 5488 usque
1592 5421 1788 5475 ﬁnem.

537 5487 559 5520 ⁸
597 5487 744 5543 Editi
802 5491 1046 5561 veteres,
1105 5487 1235 5542 dum
1280 5487 1716 5561 congregantur;
1778 5492 1923 5548 illud
1982 5509 2114 5548 vero
2207 5550 2212 5554 ,

461 5561 762 5636 percutere,
795 5565 884 5618 est
935 5558 1193 5636 signum,
1245 5557 1918 5636 aliquid'percutiendo,
1953 5565 2112 5624 dare.

2218 4557 2500 4612 fratribus
2550 4555 2796 4622 caeteris,
2844 4555 2944 4610 sed
2990 4554 3304 4626 separatim
3336 4570 3348 4608 :
3379 4558 3435 4610 et
3464 4551 3705 4608 dabitur
3736 4551 3792 4606 ei
3857 4569 3896 4608 a

2223 4644 2506 4702 ministris
2539 4644 2611 4699 ad
2642 4659 2877 4699 omnem
2910 4642 3355 4711 abundantiam,
3387 4658 3460 4698 ne
3489 4642 3550 4697 in
3582 4639 3704 4696 ullo
3760 4638 3896 4695 fra-

2221 4740 2308 4790 ter
2338 4732 2654 4804 languidus
2684 4732 3082 4787 contristetur.

2291 4822 2498 4877 XLVII.
2536 4826 2935 4894 zEgrotantem
2965 4821 3189 4891 absque
3223 4816 3598 4875 concessione
3634 4814 3906 4886 majoris

2220 4910 2425 4966 nullus
2477 4911 2689 4966 audeat
2734 4909 3002 4978 visitare;
3055 4925 3160 4964 nec
3218 4906 3585 4980 propinquus
3637 4903 3910 4977 quidem

2222 5004 2397 5073 atque
2429 5016 2744 5073 germanus
2777 4999 2902 5054 sine
2932 4998 3178 5070 imperio
3208 4995 3505 5070 praepositi
3539 4995 3764 5050 domus
3802 4993 3909 5050 in-

2221 5089 2521 5164 grediendi
2555 5089 2856 5144 habebunt
2885 5091 3254 5160 potestatem.

2293 5209 2313 5241 ‘
2347 5207 2526 5261 Iidem
2557 5205 2894 5260 dulciamina
2928 5221 3030 5274 pro
3053 5205 3401 5274 tragematz'a.

2295 5280 2314 5310 ⁵
2345 5278 2619 5348 Princeps
2669 5275 2829 5342 edit.,
2877 5273 2987 5347 ipsi
3033 5275 3201 5348 nihil,
3232 5275 3517 5348 edentibus
3548 5273 3641 5348 (ad
3675 5287 3914 5348 _marg.

2227 5351 2358 5403 fort.
2393 5343 2625 5418 edentes)
2675 5343 3090 5402 ministrabant.
3145 5346 3510 5416 Giacconius,
3556 5343 3684 5415 ipsi
3736 5343 3918 5398 nihil

2229 5424 2531 5491 gustantes,
2564 5419 2845 5474 edentibus
2873 5418 3289 5473 ministrabant.

2294 5492 2314 5526 θ
2348 5491 2528 5547 Iidem
2578 5492 2635 5546 in
2686 5492 2773 5546 via
2822 5507 2924 5565 pro
2972 5491 3124 5558 navi,
3155 5493 3212 5546 et
3240 5487 3414 5564 paulo
3445 5491 3578 5562 post
3608 5501 3756 5543 cum
3798 5499 3919 5542 ne-
