4118 6158
321 259 423 322 ι73
1269 259 1909 326 INTEBPRETATIO
1955 258 2293 327 REGUL/E
2337 263 2399 326 S.
2447 261 2848 327 PAGHOMII.
3328 291 3338 303 κ
3675 263 3758 327 ἠ

411 395 671 458 XLVIII.
702 399 762 456 Si
797 411 979 456 unum
1005 411 1074 452 ex
1104 397 1197 453 his
1225 399 1297 454 ab
1329 398 1523 466 aliquo
1563 397 1740 454 fuerit
1767 402 2000 470 praeter-
2031 413 2086 477 Α
2117 415 2323 470 quum,
2349 399 2572 470 janitor
2622 399 2915 454 nuntiabit
2959 399 3117 453 Patri
3163 397 3527 467 monasterii,
3559 403 3615 454 et
3660 397 3758 454 ille

337 489 595 548 missum
619 495 794 562 atque
817 486 1169 560 neglectum,
1192 487 1591 560 increpatione
1615 487 1786 542 solita
1807 504 2002 542 emen-

331 580 597 636 dabitur.

411 669 594 724 XLIX.
631 669 691 724 Si
741 668 875 739 quis
917 666 1232 722 accesserit
1285 667 1356 720 ad
1408 665 1626 721 ostium
1661 665 2001 720 monasterii

333 756 542 814 volens
569 757 783 814 saeculo
816 757 1238 822 renuntiare,et
1267 757 1511 811 fratrum
1554 755 1858 828 aggregari
1901 773 2003 808 nu-

337 861 526 910 mero,
569 862 689 900 non
723 843 964 898 habebit
997 842 1260 897 intrandi
1306 842 1657 907 libertatem,
1703 844 1804 897 sed
1837 843 2000 914 prius

331 934 714 988 nuntiabitur
747 933 902 987 Patri
955 932 1317 992 monasterii,
1372 935 1428 985 et
1486 931 1747 985 manebit
1797 932 2000 1002 paucis

327 1023 544 1078 diebus
575 1023 724 1078 foris
758 1026 891 1076 ante
912 1021 1185 1091 januam,
1231 1024 1287 1075 et
1322 1021 1628 1075 docebitur
1677 1022 1997 1075 orationem

323 1109 709 1166 Dominicam
741 1127 810 1165 ac
839 1109 1128 1174 PsaJmos,
1163 1114 1414 1179 quantos
1449 1108 1662 1180 poterit
1693 1109 1950 1165 ediscere
1983 1126 1995 1164 :

325 1203 391 1252 et
424 1199 745 1272 diligenter
777 1199 868 1254 sui
892 1198 1357 1270 experimentum
1384 1198 1566 1263 dabit,
1595 1214 1665 1252 ne
1691 1198 1834 1252 forte
1860 1197 1996 1252 mali

331 1289 641 1360 quidpiam
679 1288 898 1354 fecerit,
930 1293 987 1341 et
1013 1288 1284 1342 turbatus
1306 1287 1374 1340 ad
1403 1285 1605 1341 horam
1636 1287 1846 1341 timore
1877 1287 1997 1341 dis-

336 1379 600 1442 cesserit,
655 1382 757 1432 aut
787 1377 896 1432 sub
945 1375 1145 1446 aliqua
1192 1378 1477 1447 potestate
1507 1375 1584 1430 sit
1628 1393 1639 1429 :
1687 1378 1743 1429 et
1801 1381 1995 1429 utrum

330 1466 524 1538 possit
559 1467 899 1521 renuntiare
918 1465 1262 1536 parentibus
1295 1464 1442 1531 suis,
1474 1470 1529 1519 et
1551 1464 1846 1535 propriam
1868 1481 1998 1519 con-

325 1561 596 1611 temnere
643 1554 1006 1610 facultatem.
1059 1554 1119 1609 Si
1177 1554 1334 1608 enim
1374 1553 1625 1607 viderint
1672 1559 1872 1624 aptum
1923 1555 1992 1608 ad

326 1645 670 1699 orationem
697 1647 754 1697 et
786 1643 856 1696 ad
892 1642 1110 1708 omnia,
1138 1647 1276 1695 tunc
1315 1640 1619 1694 docebitur
1647 1645 1704 1694 et
1738 1638 1996 1711 reliquas

321 1732 679 1789 monasterii
712 1729 1078 1802 disciplinas,
1112 1746 1259 1800 quas
1310 1744 1538 1783 servare
1583 1728 1790 1783 debeat
1820 1732 1876 1782 et
1911 1730 1994 1782 fa-

2115 488 2364 542 accitum
2398 489 2776 560 interrogabit
2824 488 3200 560 prmpositum
3251 489 3482 556 domus,
3535 492 3760 542 utrum-

2115 594 2249 631 nam
2304 579 2458 648 apud
2510 595 2643 632 eum
2695 578 2806 645 sit;
2859 583 2916 632 et
2965 577 3334 648 permittente
3377 594 3464 643 eo,
3516 577 3761 648 accipiet

2113 667 2384 720 comitem
2420 667 2769 737 egressionis
2804 684 2943 735 suae,
2977 668 3145 735 cujus
3179 667 3323 721 fides
3361 666 3602 737 probata
3648 669 3756 732 est,

2113 759 2168 809 et
2199 755 2282 810 sic
2316 757 2577 810 mittetur
2607 757 2677 810 ad
2712 757 2948 810 fratrem
2982 756 3319 819 videndum,
3351 755 3438 809 vel
3461 755 3533 809 ad
3563 755 3758 826 proxi-

2113 861 2296 899 mum.
2333 845 2390 899 Si
2427 846 2569 899 forte
2601 846 2648 899 ei
2683 844 2904 915 aliquid
2941 845 3200 899 attulerit
3231 846 3519 912 ciborum,
3542 844 3757 915 quibus

2110 931 2168 986 in
2211 934 2564 988 monasterio
2597 934 2746 988 vesci
2784 933 3007 988 licitum
3041 939 3147 1000 est,
3175 933 3470 1004 suscipere
3494 933 3619 1004 ipse
3641 933 3756 988 neu

2110 1023 2340 1092 poterit,
2367 1023 2466 1076 sed
2499 1023 3142 1090 vocabitjanitorem,et
3167 1023 3262 1077 ille
3293 1023 3468 1077 allata
3488 1021 3753 1094 accipiet;

2109 1127 2236 1180 qum
2268 1111 2314 1165 si
2351 1109 2490 1165 talia
2521 1111 3024 1182 fuerintLAl.quze],
3047 1117 3111 1165 ut
3141 1129 3272 1166 cum
3299 1128 3450 1183 pane
3470 1111 3758 1166 vescenda

2109 1200 2245 1264 sint,
2281 1198 2425 1252 nihil
2457 1215 2658 1253 eorum
2711 1199 2760 1254 is
2807 1201 2898 1253 cui
2931 1198 3105 1254 allata
3137 1205 3293 1266 sunt,
3327 1199 3572 1271 accipiet
3602 1216 3614 1254 :
3651 1199 3754 1254 sed

2107 1293 2320 1342 cuncta
2369 1289 2438 1342 ad
2491 1288 2614 1342 loca
2664 1289 3071 1360 aegrotantium
3122 1289 3473 1343 deferentur.
3509 1288 3568 1342 Si
3619 1303 3752 1344 vero

2107 1377 2227 1431 sint
2257 1377 2618 1448 tragematia,
2652 1377 2736 1431 vel
2789 1395 2980 1449 poma,
3015 1376 3178 1432 dabit
3222 1377 3272 1432 ei
3317 1378 3536 1446 janitor
3560 1393 3629 1431 ex
3658 1375 3752 1430 his

2107 1466 2407 1520 comedere
2451 1483 2574 1537 quae
2625 1467 2868 1537 poterit;
2901 1471 2954 1522 et
3001 1471 3203 1522 caetera
3251 1467 3321 1522 ad
3371 1465 3574 1522 cellam
3623 1465 3750 1521 lan-

2105 1560 2409 1625 guentium
2452 1555 2798 1626 deportabit.
2833 1556 2961 1627 Ipse
2993 1562 3189 1610 autem
3224 1555 3367 1610 nihil
3401 1574 3468 1610 ex
3499 1556 3590 1610 his
3623 1572 3749 1628 qua;

2104 1643 2280 1698 allata
2311 1649 2449 1697 sunt
2478 1649 2712 1714 gustare
2743 1644 2839 1700 65
2869 1646 3096 1716 poterit,
3134 1647 3234 1700 sed
3265 1647 3503 1701 reddere
3551 1646 3601 1700 ei
3649 1645 3752 1717 qui

2106 1732 2320 1799 attulit,
2358 1733 2476 1788 sive
2517 1730 2802 1804 lapsania,
2853 1734 3008 1804 quod
3056 1750 3242 1804 genus
3294 1733 3611 1790 herbarum
3663 1738 3752 1791 est

317 1839 475 1889 cere,
511 1822 858 1894 quibusque
899 1820 1136 1885 servire,
1179 1818 1296 1873 sive
1349 1817 1404 1871 in
1455 1815 1695 1872 collecta
1724 1817 1988 1872 omnium
2025 1787 2071 1851 B
2102 1821 2394 1885 viliorurn,
2447 1821 2565 1875 sive
2615 1839 2816 1893 panes,
2850 1824 2970 1878 sive
3001 1822 3159 1878 olera
3187 1825 3586 1893 przemordica.
3638 1825 3748 1879 Eos

318 1913 605 1977 fratrum,
641 1909 764 1964 sive
797 1910 855 1963 in
888 1909 1062 1963 domo
1112 1907 1203 1962 cui
1246 1906 1566 1961 tradendus
1609 1911 1718 1974 est,
1776 1907 1896 1961 sive
1928 1907 1987 1960 in

325 1999 610 2055 vescendi
646 1998 887 2063 ordine;
924 2005 988 2052 ut
1019 1997 1368 2066 instructus,
1403 1999 1580 2065 atque
1604 1996 1898 2066 perfectus
1929 1996 1988 2049 in

326 2089 495 2144 omni
530 2104 708 2160 opere
739 2087 916 2154 bono,
950 2084 1233 2139 fratribus
1255 2083 1582 2156 copuletur.
1614 2085 1776 2139 Tunc
1809 2085 1989 2139 nuda-

319 2179 477 2233 bunt
506 2193 646 2231 eum
683 2174 1053 2231 vestimentis
1083 2173 1482 2239 saecularibus,
1519 2177 1574 2228 et
1605 2173 1850 2228 induent
1895 2173 1989 2228 ha-

311 2267 447 2323 bitu
468 2266 926 2334 monachorum,
949 2264 1299 2334 tradentque
1322 2260 1581 2328 ostiario,
1615 2266 1681 2316 ut
1711 2262 1988 2318 orationis

310 2363 591 2430 tempore
623 2355 879 2409 adducat
910 2369 1046 2408 eum
1079 2351 1137 2405 in
1169 2354 1547 2422 conspectum
1581 2350 1846 2405 omnium
1872 2351 1988 2406 fra-

321 2451 534 2500 trum:
568 2443 917 2513 sedebitque
962 2441 1021 2496 in
1062 2439 1207 2506 loco,
1259 2440 1317 2494 in
1360 2454 1476 2509 quo
1534 2438 1585 2493 ei
1633 2444 1987 2511 praeceptum

325 2534 533 2589 fuerit.
560 2531 926 2588 Vestimenta
976 2535 1193 2597 autem,
1237 2545 1364 2600 qua
1422 2543 1623 2582 secum
1681 2528 1986 2594 detulerat,

323 2624 614 2696 accipient
645 2621 747 2694 qui
796 2621 934 2678 huic
975 2621 1055 2675 rei
1090 2621 1188 2676 63
1219 2615 1512 2690 prepositi
1565 2622 1722 2685 sunt,
1757 2623 1813 2673 et
1843 2619 1988 2674 infe-

301 2718 453 2772 .rent
481 2713 541 2767 in
576 2709 1015 2784 repositorium,
1065 2725 1092 2763 e
1147 2713 1320 2764 erunt
1352 2709 1407 2763 in
1459 2703 1742 2777 potestate
1775 2708 1987 2779 princi-

317 2803 414 2874 pis
449 2800 822 2857 monasterii.

387 2891 456 2946 L.
519 2890 709 2944 Nemo
755 2905 1004 2944 manens
1063 2888 1120 2942 in
1189 2889 1545 2946 monasterio
1631 2884 1987 2956 suscipiendi

317 2979 673 3052 quempiam
707 2977 781 3032 ad
811 2978 1165 3033 vescendum
1197 2977 1408 3034 habeat
1451 2982 1794 3051 potestatem
1824 2992 1836 3029 :
1887 2973 1988 3029 sed

315 3068 368 3123 is
436 3068 638 3123 mittet
689 3083 824 3121 eum
859 3066 930 3121 ad
963 3067 1178 3121 ostium
1209 3067 1573 3133 xenodochii,
1615 3070 1680 3119 ut
1711 3063 1991 3135 suscipia-

319 3157 518 3214 turab
546 3157 643 3212 his
675 3157 776 3227 qui
798 3155 936 3210 huic
966 3155 1048 3210 rei
1082 3155 1333 3226 praeositi
1366 3160 1524 3210 sunt.

391 3248 482 3302 LI.
516 3247 768 3312 Quando
799 3245 874 3299 ad
912 3243 1170 3299 hostium
1212 3244 1554 3300 monasterii
1605 3242 1785 3314 aliqui
1817 3257 1983 3296 vene-

322 3337 463 3402 rint,
501 3334 552 3390 si
587 3333 783 3390 clerici
822 3333 1040 3387 inerint
1069 3338 1171 3388 aut
1201 3333 1496 3397 monachi,
1532 3331 1738 3401 majori
1770 3331 1988 3386 honore

320 3425 738 3496 suscipiantur
797 3440 810 3476 :
873 3421 1271 3492 lavabuntque
1323 3423 1499 3493 pedes
1553 3437 1775 3488 eorum,
1819 3421 1988 3488 juxta

319 3514 437 3584 [AL
481 3511 821 3582 servabunt]
859 3509 1153 3582 Evangelii
1195 3517 1575 3582 praeceptum,
1601 3514 1656 3564 et
1699 3510 1986 3563 deducent

315 3601 398 3657 ad
446 3600 641 3654 locum
687 3598 1052 3663 xenodochii,
1107 3600 1566 3670 pra’bebuntque
1616 3598 1815 3653 omnia
1862 3614 1987 3668 quae

321 3693 471 3763 apta
521 3694 658 3743 sunt
697 3689 830 3743 usui
894 3687 1343 3744 monachorum.
1397 3689 1560 3753 Quod
1620 3687 1667 3742 si
1700 3686 1990 3741 Voluerint

324 3778 614 3835 orationis
647 3783 911 3850 tempore
944 3781 1120 3848 atque
1152 3777 1408 3832 collecta:
1431 3776 1625 3832 venire
1656 3776 1725 3831 ad
1752 3791 1991 3831 conven-

325 3872 458 3922 tum
509 3867 782 3934 fratrum,
813 3872 870 3921 et
898 3867 1006 3937 [Αι.
1041 3866 1112 3938 si]
1146 3867 1412 3937 ejusdem
1445 3865 1578 3920 ﬁdei
1630 3864 1867 3932 fuerint,
1893 3865 1990 3935 ja-

325 3958 490 4012 nitor
516 3955 606 4012 vel
641 3955 913 4010 minister
948 3954 1291 4010 xenodochii
1325 3953 1620 4009 nuntiabit
1671 3952 1824 4008 Patri
1869 3969 1990 4006 no-

325 4045 603 4112 nasterii,
637 4047 695 4100 et
727 4043 811 4099 sic
851 4043 1216 4100 deducentur
1260 4045 1330 4098 ad
1373 4043 1682 4098 orandum.
1718 4043 1776 4098 Si
1810 4041 1994 4095 homi-

325 4151 437 4191 nes
461 4132 800 4198 szeculares,
836 4137 938 4188 aut
976 4131 1217 4198 debiles,
1243 4137 1345 4188 aut
1381 4149 1521 4188 vasa
1561 4132 1900 4194 infirmiora,
1935 4131 1990 4184 id

326 4228 444 4289 est,
493 4221 851 4277 mulierculae
882 4221 1146 4277 venerint
1179 4222 1250 4276 ad
1283 4222 1520 4288 ostium,
1555 4227 1611 4276 et
1641 4221 1996 4288 orandum‘,

328 4312 670 4384 suscipiant
700 4310 964 4383 singulos
996 4311 1052 4365 in
1080 4311 1323 4367 diversis
1346 4310 1510 4375 locis,
1535 4312 1706 4381 juxta
1730 4310 1994 4366 ordinem

325 4401 627 4474 propositi
679 4405 736 4455 et
765 4417 935 4455 sexus
982 4406 1112 4466 sui;
1147 4400 1546 4472 prmeipueque
1595 4399 1840 4454 feminas
1875 4416 1996 4454 ma-

315 4491 450 4562 jori
485 4489 707 4545 honore
727 4494 784 4543 et
803 4488 1108 4561 diligentia
1129 4489 1439 4555 curabunt,
1482 4505 1616 4544 cum
1640 4489 1800 4544 omni
1831 4488 1997 4544 timo-
2027 4526 2072 4590 Β

319 4595 393 4635 re
425 4577 562 4645 Dei,
594 4583 651 4632 et
679 4577 872 4632 locum
906 4582 1239 4650 separatum
1270 4578 1340 4632 ab
1373 4579 1529 4632 omni
1563 4578 1822 4633 virorum
1852 4577 1994 4632 vici-

321 4668 440 4724 nia
475 4666 563 4720 eis
594 4666 877 4730 tribuent.
901 4671 965 4721 ut
992 4665 1151 4725 nulla
1172 4667 1244 4722 sit
1269 4666 1496 4722 occasio
1520 4666 1989 4738 blasphemandi,

317 4753 510 4820 Quod
543 4754 594 4809 si
629 4755 696 4808 ad
728 4771 1027 4827 vesperam
1073 4757 1355 4820 venerint,
1403 4756 1635 4826 abigere
1685 4772 1784 4811 eas
1833 4756 1995 4810 nefas

321 4850 475 4910 est;
511 4843 610 4898 sed
641 4844 945 4916 accipient,
980 4848 1043 4899 ut
1085 4844 1364 4909 diximus,
1417 4850 1750 4916 separatum
1803 4846 1994 4900 locum

319 4939 386 4989 et
425 4932 707 4987 clausum
748 4949 880 4987 cum
923 4933 1081 4989 omni
1125 4933 1439 5005 disciplina
1495 4940 1669 5005 atque
1721 4933 1994 4990 cautela:

319 5028 399 5078 ut
449 5037 594 5092 grex
625 5022 865 5077 fratrum
899 5021 1077 5078 libere
1108 5039 1216 5077 suo
1257 5023 1446 5078 ofﬁcio
1495 5023 1726 5091 serviat,
1761 5027 1817 5077 et
1856 5021 2000 5077 nulli

319 5115 525 5169 detur
553 5110 966 5167 oti‘endiculum
1000 5111 1363 5168 detrahendi.

413 5199 547 5257 LII.
614 5199 671 5256 Si
718 5201 851 5274 quis
901 5206 1034 5257 ante
1077 5201 1296 5257 ostium
1345 5199 1571 5257 steterit
1634 5200 2000 5268 monasterii,

315 5291 553 5348 dicens
583 5305 642 5345 se
673 5289 815 5346 velle
842 5289 1039 5346 videre
1086 5291 1324 5346 fratrem
1374 5306 1572 5355 suum,
1623 5288 1710 5343 vel
1760 5289 2003 5362 propin-

319 5469 530 5551 ganili
565 5468 873 5551 partiepla,
901 5470 1178 5551 coincdere
1199 5485 1302 5551 non
1337 5472 1752 5551 consueverant.

2099 1915 2295 1964 autem
2328 1911 2508 1975 cibos,
2543 1928 2691 1982 quos
2723 1911 2927 1967 allatos
2961 1930 2993 1966 a
3023 1913 3364 1984 parentibus
3395 1912 3482 1967 vel
3515 1912 3746 1984 propin-

2099 1999 2231 2068 quis
2266 1999 2521 2053 diximus
2554 1999 2698 2055 tales
2732 2017 2857 2055 esse
2889 2001 2989 2072 qui
3021 2000 3246 2056 comedi
3293 2017 3425 2057 cum
3473 2018 3622 2074 pane
3653 2003 3748 2057 de-

2098 2087 2294 2152 beant,
2337 2088 2386 2142 is
2443 2087 2532 2142 cui
2585 2087 2743 2142 allati
2801 2096 2939 2143 sunt
2986 2090 3307 2144 deducetur
3354 2107 3386 2145 a
3437 2090 3744 2163 praeposito

2098 2175 2310 2230 domus
2343 2177 2411 2230 ad
2445 2175 2650 2230 cellam
2683 2179 3112 2248 aegrotantium,
3155 2183 3212 2232 et
3260 2178 3340 2233 ibi
3391 2180 3572 2235 semel
3620 2184 3747 2235 tan-

2097 2267 2222 2318 tum
2256 2281 2322 2319 ex
2352 2264 2444 2318 his
2475 2267 2738 2320 comedet
2768 2283 2780 2319 :
2815 2272 3018 2322 caetera
3043 2272 3239 2321 autem
3284 2269 3534 2324 eruntin
3566 2285 3747 2325 manu

2098 2353 2386 2408 ministeri
2421 2354 2850 2424 aegrotantium.
2887 2356 3016 2426 Ipse
3065 2371 3298 2427 quoque
3354 2356 3623 2414 minister
3672 2358 3742 2413 de

2098 2441 2191 2496 his
2253 2442 2558 2496 comedere
2589 2459 2701 2497 non
2736 2443 2967 2514 poterit.

2171 2529 2310 2584 LIII.
2342 2530 2401 2584 Si
2433 2530 2606 2585 fuerit
2662 2531 3021 2597 nuntiatum,
3076 2533 3231 2604 quod
3277 2533 3346 2590 de
3396 2533 3744 2607 propinquis

2099 2634 2299 2674 eorum
2334 2623 2509 2692 atque
2541 2619 2801 2692 cognatis
2849 2621 2949 2692 qui
2997 2622 3056 2676 in
3106 2623 3460 2680 monasterio
3493 2641 3746 2680 commo-

2100 2715 2325 2775 rantur,
2361 2708 2576 2780 aliquis
2608 2715 2864 2781 aegrotet,
2888 2711 3112 2781 janitor
3142 2713 3400 2784 primum
3450 2712 3748 2770 nuntiabit

2100 2797 2253 2853 Patri
2283 2799 2650 2865 monasterii,
2681 2804 2738 2852 et
2767 2798 2863 2853 ille
2893 2800 3142 2854 accitum
3193 2800 3578 2873 interrogabit
3607 2819 3747 2874 prae-

2099 2887 2356 2958 positum
2389 2888 2619 2942 domus.
2656 2887 3058 2959 Videbuntque
3079 2889 3290 2955 virum,
3316 2891 3486 2960 cujus
3516 2891 3662 2946 ﬁdes
3690 2894 3746 2946 et

2099 2975 2416 3047 disciplina
2460 2977 2701 3047 probata
2749 2976 2845 3042 sit,
2896 2982 2953 3031 et
3003 2977 3236 3032 mittent
3284 2995 3414 3033 cum
3470 2996 3556 3046 eo,
3608 2978 3743 3034 visi-

2099 3068 2180 3119 tet
2210 3068 2608 3135 zegrotantem,
2643 3069 2991 3136 tantumque
3023 3066 3269 3138 accipiet
3313 3067 3528 3137 viatici,
3562 3085 3744 3140 quan-

2019 3154 2060 3219 C
2097 3158 2222 3208 tum
2256 3153 2602 3224 praepositus
2641 3153 2852 3208 domus
2883 3156 3010 3224 ejus
3040 3155 3375 3210 decreverit.

2169 3241 2307 3296 LIV.
2343 3242 2503 3304 Quod
2540 3241 2586 3296 si
2620 3243 2937 3297 necessitas
2972 3243 3290 3314 impulerit,
3349 3249 3414 3300 ut
3454 3245 3594 3302 foris
3625 3262 3743 3303 ma-

2095 3337 2248 3398 neat,
2292 3336 2350 3385 et
2390 3334 2660 3386 vescatur
2704 3332 2761 3385 in
2810 3338 3054 3403 paterna
3101 3333 3220 3389 sive
3278 3334 3740 3406 prepinquorum

2097 3420 2291 3485 domo,
2325 3436 2693 3490 nequaquam
2723 3419 2828 3474 hoc
2864 3420 3067 3487 faciat;
3103 3422 3200 3476 sed
3236 3422 3496 3477 manebit
3541 3423 3631 3478 vel
3679 3424 3740 3479 in

2099 3508 2422 3576 Dominico,
2455 3508 2539 3562 vel
2572 3509 2629 3562 in
2665 3510 3014 3564 monasterio
3061 3512 3328 3579 ejusdem
3383 3512 3539 3566 fidei.
3575 3513 3643 3566 Et
3690 3513 3741 3568 si

2097 3599 2180 3653 eis
2211 3599 2408 3653 aflices
2437 3597 2520 3652 vel
2557 3599 2785 3670 cognati
2819 3599 3268 3670 praeparaverint
3312 3601 3492 3666 cibos,
3544 3606 3603 3656 et
3645 3619 3742 3675 ap-

2100 3688 2422 3758 posuerint,
2475 3704 2588 3742 non
2640 3687 2923 3758 accipient
2970 3688 3228 3755 omnino,
3279 3705 3384 3744 nec
3433 3693 3742 3745 vescentur

2101 3776 2215 3830 nisi
2249 3776 2362 3842 his,
2398 3793 2524 3846 qucc
2578 3777 2635 3830 in
2687 3777 3039 3832 monasterio
3089 3778 3388 3833 comedere
3437 3794 3744 3836 consueve-

2101 3870 2255 3919 runt.
2290 3865 2412 3920 Non
2459 3866 2782 3936 gustabunt
2828 3865 3147 3938 liquamen,
3180 3883 3367 3939 neque
3413 3868 3614 3924 vinum
3663 3868 3745 3923 bi-

2101 3953 2240 4006 bent
2272 3969 2375 4007 nec
2408 3953 2566 4007 aliud
2600 3954 2923 4024 quidpiam,
2949 3973 3199 4032 quorum
3249 3957 3458 4012 edendi
3506 3973 3747 4016 consue-

2103 4041 2364 4095 tudinem
2421 4059 2534 4097 non
2582 4042 2816 4097 habent.
2869 4043 2928 4098 Si
2975 4063 3007 4098 a
3055 4046 3396 4116 parentibus
3442 4047 3745 4120 quidpiam

2103 4131 2450 4201 acceperint,
2482 4135 2710 4185 tantum
2759 4133 3067 4188 comedent
3095 4139 3378 4205 quantum
3413 4136 3472 4190 in
3501 4136 3594 4191 via
3623 4137 3749 4192 suf-

2104 4217 2295 4285 ﬁciat;
2328 4223 2531 4274 caetera
2553 4235 2680 4290 qua
2716 4219 3124 4286 remanserint,
3168 4221 3392 4276 dabunt
3437 4223 3744 4294 praeposito

2106 4308 2316 4362 domus
2349 4325 2487 4374 suze,
2519 4313 2576 4363 et
2622 4307 2716 4363 ille
2771 4308 3101 4380 deportabit
3131 4326 3199 4365 ea
3246 4310 3306 4365 in
3361 4309 3567 4366 cellam
3617 4312 3746 4369 lan-

2106 4398 2436 4469 guentium.

2180 4487 2291 4541 LV.
2327 4487 2384 4542 Si
2416 4488 2783 4560 propinquus
2813 4487 3084 4562 alicujus,
3131 4495 3233 4544 aut
3279 4491 3748 4564 consanguineus

2105 4582 2371 4632 mortuus
2406 4577 2600 4648 fuerit,
2635 4579 3025 4650 prosequendi
3057 4579 3234 4636 funus
3265 4597 3382 4637 non
3410 4580 3650 4637 habebit
3677 4581 3747 4636 li-

2104 4665 2351 4719 centiam
2413 4665 2518 4738 [AL
2576 4669 2963 4738 potestatem],
3015 4669 3126 4725 nisi
3191 4669 3358 4726 Pater
3409 4661 3749 4726 monasterii

2103 4755 2458 4826 praeceperit.

2176 4843 2312 4898 LVI.
2346 4843 2555 4899 Nullus
2585 4844 2746 4900 solus
2779 4847 2934 4902 foras
2966 4846 3234 4902 mittatur
3262 4847 3333 4901 ad
3365 4845 3604 4917 aliquod
3649 4861 3748 4902 ne-

2106 4934 2349 5004 gotium,
2381 4933 2718 5002 nisijuncto
2752 4935 2800 4988 ei
2835 4934 3037 4990 altero.

2181 5021 2342 5076 LVII.
2378 5023 2618 5085 Quando
2650 5027 2844 5077 autem
2876 5023 3088 5078 reversi
3123 5023 3338 5079 fuerint
3363 5024 3423 5078 in
3455 5029 3751 5082 monaste-

2109 5111 2284 5180 rium,
2315 5109 2363 5164 si
2395 5109 2645 5164 viderint
2673 5116 2803 5166 ante
2835 5111 3050 5166 ostium
3101 5117 3452 5184 querentem
3499 5113 3755 5187 aliquem

2111 5216 2353 5256 suorum
2387 5199 2650 5256 affinium
2677 5200 2749 5254 de
2781 5199 2873 5255 his
2893 5201 2992 5273 qui
3028 5201 3085 5256 in
3117 5203 3470 5258 monasterio
3503 5218 3756 5261 commo-

2112 5294 2338 5358 rantur,
2373 5305 2487 5346 non
2515 5288 2814 5346 audebunt
2841 5289 2925 5348 ire
2953 5291 3024 5348 ad
3058 5308 3215 5358 eum,
3247 5297 3306 5350 et
3336 5293 3626 5363 nuntiare,
3667 5288 3761 5353 vel

417 5547 439 5582 ³
475 5542 541 5602 In
565 5538 860 5600 'veteribus
896 5541 1150 5617 vulgatis
1181 5542 1355 5598 verba
1382 5545 1434 5599 et
1477 5539 1766 5612 orandum,
1807 5539 2000 5600 verius
2040 5544 2204 5620 puto,
2238 5555 2353 5600 non
2379 5538 2690 5610 habentur.

675 5671 940 5738 PATBOL.
1011 5668 1230 5736 XXIII.
