4118 6158
381 263 459 325 75
1627 260 1692 323 S.
1740 257 2046 326 EUSEBII
2093 257 2531 324 HIERONYMI
3702 257 3780 320 ’16

380 411 604 452 vocare.
637 394 706 451 Et
734 392 975 450 omnino
1005 391 1288 466 quidquid
1321 393 1460 450 foris
1491 394 1800 466 gesserint,
1834 399 1890 450 et
1920 411 2020 449 au-
2047 396 2104 462 Α
2205 394 2388 449 LXIX.
2419 395 2598 451 Nemo
2648 395 2792 452 lavet
2841 395 3108 452 retractis
3154 395 3212 450 in
3275 391 3474 451 altum”
3516 392 3779 450 vestibus

381 485 617 552 dierint,
649 484 706 540 in
739 485 1092 540 monasterio
1119 499 1355 539 narrare
1386 501 1500 539 non
1533 488 1823 556 poterunt.

449 573 643 630 LVIII.
667 573 726 628 Si
762 572 998 646 signum
1046 573 1251 628 datum
1305 571 1496 640 fuerit,
1531 576 1596 627 ut
1644 571 2024 645 egrediantur

379 662 450 718 ad
483 679 652 735 opus,
683 663 1032 735 praepositus
1081 662 1380 717 antecedet
1430 678 1560 728 eos;
1609 665 1664 717 et
1715 660 1912 716 nullus
1961 659 2018 714 in

378 750 732 807 monasterio
755 749 1097 816 remanebit,
1121 750 1233 806 nisi
1267 750 1316 806 is
1344 749 1436 805 cui
1469 750 1635 804 Pater
1667 747 2018 820 praeceperit.

377 839 446 896 Et
473 839 572 897 65
604 839 664 895 hi
696 840 794 913 qui
839 844 1108 913 pergunt,
1143 855 1258 896 non
1308 839 1749 911 interrogabunt
1777 853 1892 908 quo
1924 853 2020 892 va-

377 929 586 1075 dalelX.
619 1016 884 1090 Cumque
909 1017 1194 1073 universa:
1227 1015 1440 1072 domus
1481 1014 1541 1070 in
1589 1032 1772 1070 unum
1805 1015 2024 1071 fuerint

376 1111 762 1182 congregatae,
795 1105 1006 1180 prioris
1049 1105 1261 1161 domus
1307 1103 1654 1177 prepositus
1683 1120 1886 1159 omnes
1917 1121 2022 1159 an-

377 1199 618 1264 tecedet,
642 1202 700 1253 et
730 1199 973 1269 pergent
995 1197 1164 1266 juxta
1193 1195 1457 1250 ordinem
1490 1195 1800 1250 domorum
1841 1198 1897 1250 et
1927 1193 2024 1250 ho-

377 1288 607 1343 minum
664 1284 1056 1359 singulorum.
1114 1283 1228 1339 Nec
1281 1282 1584 1356 quuenter
1640 1289 1866 1353 mutuo,
1919 1283 2018 1338 sed

375 1375 790 1448 unusquisque
819 1375 892 1432 de
921 1373 1238 1446 Scripturis
1279 1371 1502 1444 aliquid
1537 1373 1934 1439 meditabitur.
1964 1372 2023 1426 Si

376 1466 525 1522 forte
555 1464 640 1521 eis
669 1463 882 1535 aliquis
927 1463 1261 1530 occurrerit,
1286 1467 1341 1518 et
1373 1460 1621 1518 voluerit
1663 1478 1795 1517 cum
1829 1460 2024 1532 aliquo

375 1571 579 1612 eorum
637 1553 818 1626 loqui,
844 1553 1066 1624 janitor
1119 1552 1498 1621 monasterii,
1533 1552 1632 1623 qui
1691 1551 1826 1607 huic
1865 1549 2023 1622 operi

375 1643 678 1717 delegatus
709 1643 902 1711 fuerit,
937 1646 1200 1699 occurret
1247 1646 1304 1697 et
1332 1641 1711 1714 respondebit
1739 1641 1812 1707 ei,
1844 1656 2026 1712 eoque

376 1737 615 1790 utentur
643 1733 871 1789 nuntio.
906 1732 965 1788 Si
1002 1732 1225 1803 janitor
1255 1748 1450 1788 coram
1501 1748 1616 1786 non
1649 1729 1840 1795 fuerit,
1876 1747 2018 1801 pra:-

2130 481 2264 554 plus
2307 500 2482 555 quam
2516 488 2799 540 statutum
2841 489 2957 552 est;
2991 501 3244 558 cumque
3273 484 3540 553 laverint,
3573 499 3782 539 omnes

2132 571 2350 642 pariter
2381 578 2758 629 revertentur.
2789 575 2846 629 Si
2878 574 3012 646 quis
3043 574 3392 630 remanserit
3421 589 3487 628 eo
3519 576 3784 645 tempore

2131 675 2246 730 quo
2276 659 2458 715 ibitur
2495 661 2566 716 ad
2614 661 2950 727 lavandum,
2981 662 3068 718 vel
3100 663 3157 717 in
3186 663 3455 735 praesenti
3488 679 3605 717 non
3658 661 3782 717 fue-

2132 747 2226 815 rit,
2257 749 2652 804 commonebit
2690 751 3064 822 praepositum
3117 768 3311 819 suum,
3349 755 3405 807 et
3444 750 3542 806 ille
3589 749 3781 806 mittet

2132 852 2264 891 cum
2297 852 2362 891 eo
2393 836 2640 893 alterum
2667 855 2680 894 :
2715 844 2771 894 et
2801 839 2884 895 sic
2913 839 3029 896 loto
3051 841 3397 896 vestimento
3421 843 3782 896 revertentur

2133 925 2395 982 domum.

2205 1013 2368 1069 LXX.
2391 1014 2628 1088 Vesperi
2661 1016 2814 1072 sicca
2845 1016 3186 1074 levitonaria
3214 1017 3438 1087 tollent,
3471 1023 3528 1074 et
3557 1018 3783 1074 dabunt

2134 1103 2410 1170 secundo,
2444 1102 2503 1158 id
2529 1110 2618 1160 est
2644 1105 2691 1160 ei
2729 1106 2828 1176 qui
2863 1112 2993 1178 post
3042 1107 3422 1180 praepositum
3455 1111 3565 1173 est,
3598 1112 3657 1162 et
3685 1106 3781 1161 ille

2135 1195 2377 1261 reponet
2407 1207 2472 1246 ea
2503 1193 2559 1247 in
2591 1193 2823 1250 cellula.

2207 1278 2390 1334 LXXI.
2451 1283 2614 1347 Quod
2668 1283 2717 1338 si
2772 1283 2926 1339 sicca
2983 1301 3096 1339 non
3153 1285 3388 1352 fuerint,
3450 1285 3635 1340 altera
3688 1285 3782 1341 die

2137 1369 2538 1438 expandentur
2587 1371 2656 1426 ad
2708 1371 2914 1439 solem,
2946 1374 3130 1428 donec
3169 1374 3464 1430 siccentur
3497 1393 3508 1429 :
3544 1391 3648 1430 nec
3695 1373 3781 1428 di-

2139 1455 2444 1512 mittentur
2485 1459 2543 1513 in
2591 1461 2794 1516 ardore
2852 1461 2992 1517 solis
3044 1462 3178 1533 plus
3226 1478 3404 1534 quam
3459 1463 3517 1517 in
3577 1462 3780 1519 horam

2137 1544 2398 1613 tertiam;
2433 1564 2685 1620 cumque
2729 1549 2969 1606 collecta
3019 1552 3254 1619 fuerint,
3291 1551 3495 1607 leviter
3525 1550 3786 1607 mollien-

2137 1637 2254 1687 tur.

2210 1721 2422 1779 LXXII.
2457 1725 2572 1780 Nec
2604 1727 2885 1782 tenebunt
2915 1745 2982 1784 ea
3011 1729 3229 1802 singuli
3256 1731 3408 1802 apud
3445 1746 3527 1799 se,
3556 1731 3655 1787 sed
3687 1732 3788 1786 da-

379 1773 603 1790 ιηωηυ.
645 1773 871 1789 unum.
907 1773 965 1788 ν.
1002 1773 1213 1803 dum...“
1255 1773 1450 1788 νων...
1502 1773 1616 1786 ην..
1649 1773 1840 1795 mem,
1876 1773 1990 1801 ,ηνυ
2215 1773 2421 1779 --------
2457 1773 2569 1780 -.-ν
2607 1773 2885 1782 --.η-μη.-
2916 1773 2982 1784 ν..
3012 1773 3229 1802 -..Ὃ-η.
3256 1773 3408 1802 ..τ-η.
3445 1773 3527 1799 νυ,
3557 1773 3655 1787 ην..
3688 1773 3762 1786 υ..

375 1822 601 1897 positus
630 1823 862 1889 domus,
895 1820 982 1876 vel
1013 1819 1163 1876 alius
1195 1820 1286 1876 cui
1309 1820 1420 1886 hoc
1453 1820 1628 1875 fuerit
1657 1821 2010 1890 injunctum,
2046 1773 2095 1838 Β
2121 1805 2293 1879 bunt,
2329 1816 2392 1866 ut
2437 1820 2794 1886 reponant-UP
2839 1817 2895 1872 in
2947 1816 3153 1874 cellam
3205 1835 3391 1890 usque
3441 1820 3513 1876 ad
3567 1820 3788 1876 Sabbu-

376 1911 818 1969 occurrentibus
848 1909 1240 1981 respondebit.

449 2001 560 2058 LX.
610 2004 928 2073 Operantes
986 1998 1132 2054 nihil
1188 1998 1501 2070 loquentur
1556 1997 1860 2064 saeculare;
1923 1997 2022 2052 sed

379 2095 481 2148 aut
510 2089 952 2147 meditabuntur
980 2105 1048 2144 ea
1079 2105 1204 2161 quae
1239 2087 1458 2159 scripta
1502 2091 1640 2142 sunt
1667 2089 1706 2154 ¹,
1739 2091 1838 2142 aut
1877 2089 2030 2142 certe

381 2181 814 2327 Βιιῖξῧῖήῇρωο
860 2267 1161 2341 palliolum
1210 2267 1431 2322 lineum
1490 2265 1655 2322 tollet
1704 2282 1902 2321 secum
1934 2282 2032 2320 va-

385 2362 532 2418 dens
564 2359 636 2415 ad
669 2356 1052 2430 operandum,
1086 2356 1197 2412 nisi
1243 2356 1388 2411 torte
1439 2355 1812 2410 concessione
1845 2354 2034 2425 majo-

376 2486 408 2526 ι.
435 2453 452 2507 i
477 2468 526 2506 s:
561 2449 808 2521 ipsoque
837 2445 1073 2518 palliolo
1103 2446 1162 2500 in
1185 2445 1540 2501 monasterio
1571 2442 1881 2500 ambulans
1913 2430 2044 2514 post

381 2541 686 2598 collectam
721 2534 923 2590 nullus
956 2539 1171 2591 utetur.

465 2627 632 2685 LXII.
665 2625 926 2696 Operans
978 2639 1094 2678 non
1127 2622 1353 2678 sedebit
1399 2623 1525 2677 sine
1575 2621 1816 2693 majoris
1860 2621 2041 2692 impe-

384 2735 492 2775 1'10.

461 2805 656 2862 LXIII.
690 2803 971 2860 Ductores
1019 2800 1264 2856 fratrum
1317 2799 1374 2854 in
1426 2799 1654 2870 itinere,
1686 2798 1734 2854 si
1768 2815 2040 2854 necessa-

386 2896 542 2954 rium
601 2893 915 2950 habuerint
965 2889 1220 2962 aliquem
1275 2889 1521 2956 mittere,
1556 2888 1682 2944 sine
1742 2888 2037 2960 przepositi

381 2986 652 3060 jussione
679 3000 793 3040 non
826 2983 1119 3054 poterunt.
1154 2979 1316 3044 Quod
1347 2977 1396 3034 si
1425 2977 1550 3050 ipse
1574 2977 1674 3050 qui
1705 2977 1912 3032 ductor
1950 2981 2038 3032 est

390 3078 694 3148 cogeretur
724 3073 829 3144 [ΑΙ.
863 3069 1110 3141 cogitur]
1143 3067 1486 3124 necessitate
1539 3067 1623 3122 ire
1655 3067 1726 3122 ad
1777 3065 2035 3138 aliquem

2136 1903 2282 1953 tum.

2208 1988 2442 2046 LXXIII.
2477 1991 2684 2048 Nullus
2715 1993 2786 2050 de
2809 1995 2979 2050 horto
3011 1995 3178 2052 tollat
3209 1996 3386 2066 olera,
3408 1997 3522 2054 nisi
3554 1998 3625 2053 ab
3657 1997 3790 2052 hor-

2139 2075 2340 2132 tulano
2372 2081 2679 2152 acceperit.

2215 2166 2446 2223 LXXIV.
2483 2170 2814 2228 Palmarum
2882 2172 3057 2241 solia,
3114 2193 3184 2231 ex
3239 2175 3452 2246 quibus
3512 2180 3790 2232 texuntur

2146 2261 2375 2325 sportae,
2411 2275 2580 2314 nemo
2614 2277 2721 2315 suo
2743 2262 2878 2332 jure
2912 2262 3092 2328 tollet,
3114 2265 3337 2335 absque
3368 2281 3434 2320 eo
3459 2265 3552 2321 cui
3585 2263 3788 2336 palma

2149 2345 2376 2400 credite
2407 2354 2564 2402 sunt.

2224 2433 2428 2488 LXXV.
2463 2435 2670 2492 Nullus
2699 2455 2839 2495 uvas
2871 2444 2971 2494 aut
3002 2441 3194 2512 spicas
3221 2443 3411 2497 adhuc
3442 2443 3792 2501 immaturas

2151 2523 2452 2579 comedere
2486 2525 2697 2582 audeat
2753 2534 2959 2600 praeter
3011 2530 3272 2586 ordinem
3331 2531 3653 2604 disciplina:
3688 2550 3701 2587 :
3734 2539 3795 2589 et

2151 2611 2388 2668 omnino
2421 2613 2491 2670 de
2521 2616 2794 2672 omnibus
2825 2635 2950 2689 quae
2997 2618 3057 2673 in
3098 2636 3235 2691 agro
3283 2626 3441 2686 sunt,
3473 2621 3560 2676 vel
3592 2623 3651 2677 in
3684 2639 3795 2694 po-

2150 2701 2371 2770 mariis,
2405 2720 2574 2758 nemo
2606 2707 2874 2761 comedat
2903 2709 3237 2778 separatim,
3271 2714 3584 2782 antequam
3614 2727 3797 2766 cunc-

2149 2788 2226 2844 tis
2257 2791 2532 2847 fratribus
2565 2794 2782 2864 pariter
2810 2795 3196 2852 exhibeantur
3214 2798 3256 2852 ³.

2218 2878 2455 2934 LXXVI.
2517 2881 2624 2945 Qui
2681 2888 2890 2954 coquet
2950 2885 3051 2950 [Αἱ.
3111 2886 3415 2960 coquent],
3475 2893 3796 2960 antequam

2146 2967 2354 3024 fratres
2421 2971 2756 3040 comedant,
2813 2989 2925 3028 non
2985 2975 3251 3046 gustabit
3322 2976 3434 3046 [AL
3491 2979 3798 3034 audebunt

2146 3057 2358 3128 cdere].

388 3140 606 3231 locum,
633 3140 889 3217 officium
924 3140 1099 3215 suum
1129 3156 1179 3212 ei
1211 3157 1310 3230 qui
1346 3161 1477 3229 post
1507 3173 1568 3212 se
1597 3159 1685 3211 est
1714 3156 1771 3210 in
1805 3155 2029 3226 ordine,
2061 3140 2104 3208 C
2218 3146 2482 3203 LXXVU-
2518 3149 2624 3216 QUi
2657 3168 2832 3222 super
2862 3151 3089 3224 palmas
3129 3158 3217 3210 est
3259 3172 3373 3212 non
3423 3157 3687 3213 comedet
3718 3158 3795 3214 de

393 3250 704 3323 delegabit.

467 3338 653 3396 LXIV.
685 3337 845 3394 Missi
888 3338 1114 3402 fratres,
1146 3335 1233 3392 vel
1282 3336 1422 3391 foris
1468 3334 1790 3403 constituti,
1825 3334 1873 3389 si
1905 3335 2038 3391 abs-

393 3445 505 3501 que
538 3427 891 3484 monasterio
921 3430 1253 3491 vescentur,
1282 3422 1774 3480 hebdomadarius
1807 3423 1907 3494 qui
1939 3440 2039 3479 eos

393 3516 679 3592 sequitur,
707 3515 870 3571 dabit
899 3515 1060 3570 cibos
1093 3514 1314 3584 absque
1344 3513 1605 3567 coctione
1634 3509 1947 3582 pulmenti;
1983 3514 2039 3564 et

392 3607 520 3680 ipse
549 3621 764 3678 aquam
796 3603 1165 3660 circumferet
1202 3606 1257 3657 et
1297 3601 1466 3672 juxta
1494 3599 1708 3654 vitrum
1731 3600 1779 3666 ²;
1814 3598 2038 3653 nullus-

390 3712 504 3768 que
549 3694 847 3768 surgendi,
879 3691 966 3748 vel
1018 3691 1344 3757 hanriendi,
1378 3689 1464 3746 vel
1515 3688 1752 3745 bibendi
1801 3686 2038 3742 habebit

389 3789 733 3858 potestatem
745 3827 757 3838 .

461 3873 616 3930 LXV.
651 3873 892 3938 Quando
934 3875 1303 3928 revertuntur
1347 3870 1405 3925 in
1455 3869 1829 3939 monasterio,
1865 3883 2034 3924 nemo

387 3978 456 4018 ex
481 3963 686 4018 ordine
719 3961 1063 4017 remanebit.

461 4050 648 4106 LXVI.
677 4050 821 4106 Cum
873 4067 907 4105 a
949 4049 1160 4104 domus
1217 4066 1352 4105 suas
1413 4054 1819 4121 pervenerunt,
1857 4048 2031 4104 ferra-

385 4144 584 4196 menta
615 4139 831 4212 quibus
862 4155 1010 4212 opus
1040 4139 1319 4208 fecerunt,
1343 4143 1399 4194 et
1419 4137 1660 4212 gallicas
1695 4138 1927 4193 tradent
1957 4137 2030 4204 ei,

384 4229 486 4302 qui
516 4229 811 4286 secundus
842 4232 932 4285 est
979 4232 1111 4301 post
1141 4228 1521 4300 praepositum
1569 4228 1812 4293 domus;
1845 4230 1900 4281 et
1933 4225 2032 4281 ille

383 4318 593 4374 inferet
622 4335 690 4374 ea
735 4333 974 4390 vespere
1023 4317 1080 4372 in
1131 4315 1398 4372 cellulam
1449 4321 1801 4388 separatam,
1835 4315 2032 4387 ibique

384 4405 711 4463 concludet.
763 4405 972 4462 Omnia
1018 4409 1213 4461 autem
1260 4406 1632 4470 ferramenta,
1666 4405 2031 4462 hebdomade

2149 3233 2436 3292 fructibus
2465 3253 2688 3304 earum,
2723 3239 2835 3295 nisi
2867 3241 3030 3312 prius
3063 3242 3272 3299 fratres
3304 3246 3680 3301 comederint.

2221 3325 2508 3381 LXXVIII.
2543 3328 2600 3382 Si
2625 3329 2778 3398 jussi
2815 3329 3028 3384 fuerint
3058 3331 3386 3402 palmarum
3421 3334 3643 3391 fructus
3675 3335 3795 3392 col-

2149 3412 2345 3485 ligere,
2396 3417 2744 3488 praepositus
2803 3418 3203 3490 colligentium
3256 3423 3419 3477 dabit
3471 3423 3530 3478 in
3588 3425 3797 3481 eodem

2148 3501 2273 3559 loco
2305 3505 2556 3576 singulis
2601 3507 2673 3561 ad
2724 3509 3075 3564 vescendum
3118 3510 3391 3566 modica:
3425 3516 3482 3566 et
3535 3528 3668 3568 cum
3719 3513 3795 3568 ad

2148 3595 2569 3649 monasterium
2603 3597 2884 3662 venerint,
2919 3597 3069 3653 inter
3094 3605 3329 3654 caeteros
3362 3601 3569 3656 fratres
3600 3606 3798 3671 partes

2148 3697 2286 3736 suas
2317 3681 2622 3753 accipient.
2659 3685 2716 3739 Si
2750 3691 2942 3741 autem
2985 3688 3312 3743 invenerint
3343 3689 3454 3744 sub
3483 3689 3798 3745 arboribus

2147 3787 2320 3842 poma
2364 3772 2664 3839 cecidisse,
2700 3775 2996 3831 comedere
3045 3793 3162 3831 non
3198 3764 3519 3849 audebunt,
3551 3779 3652 3834 sed
3705 3795 3798 3835 re-

2145 3864 2310 3932 perta
2339 3861 2397 3914 in
2437 3862 2689 3917 transitu
2715 3865 2884 3934 juxta
2929 3865 3156 3920 radices
3209 3867 3484 3922 arborum
3544 3867 3795 3923 colloca-

2144 3949 2310 4005 bunt.
2343 3951 2470 4021 Ipse
2502 3967 2752 4023 quoque,
2787 3954 2886 4024 qui
2919 3955 3140 4010 ceteris
3161 3955 3571 4029 colligentibus
3600 3957 3800 4012 distri-

2144 4038 2290 4106 buit,
2323 4045 2559 4112 gustare
2588 4059 2703 4096 non
2749 4044 2990 4115 poterit;
3024 4045 3126 4100 sed
3165 4046 3422 4117 portabit
3451 4047 3524 4101 ad
3556 4046 3792 4118 dispen-

2142 4134 2418 4197 satorem,
2451 4130 2551 4201 qui
2583 4147 2716 4186 cum
2749 4133 2971 4188 caeteris
3001 4134 3226 4188 dederit
3257 4133 3557 4203 fratribus,
3589 4140 3647 4190 et
3675 4135 3795 4207 ipsi

2143 4218 2364 4274 tribuat
2391 4223 2616 4290 partem
2649 4237 2839 4277 suam.

2215 4308 2447 4363 LXXIX.
2485 4309 2693 4364 Nullus
2721 4310 2780 4365 in
2813 4309 3021 4366 cellula
3049 4328 3156 4367 sua
3187 4317 3430 4385 reponat
3460 4311 3682 4383 aliquid
3718 4313 3794 4368 ad

2140 4399 2515 4467 vescendum,
2550 4399 2772 4470 absque
2803 4399 2895 4454 his
2927 4417 3052 4472 quae
3098 4418 3132 4456 a
3175 4401 3582 4474 dispensatore
3628 4417 3794 4457 acce-

383 4494 692 4566 completa,
725 4495 1178 4566 reportabuntur
1206 4495 1265 4550 in
1299 4511 1475 4550 unam
1509 4495 1782 4563 domum;
1817 4500 1872 4552 et
1902 4513 2028 4550 rur-
2061 4512 2108 4578 D
2143 4488 2311 4578 perliti.

383 4597 486 4638 sus
517 4581 617 4653 qui
667 4582 993 4637 succedunt
1040 4583 1426 4650 hebdomade,
1459 4583 1708 4656 singulis
1755 4585 2029 4640 domibus

380 4670 648 4728 noverint
675 4670 816 4742 quid
849 4670 1224 4727 distribuant.

452 4759 667 4817 LXVII.
703 4760 1136 4816 Levitonarium
1179 4767 1237 4817 et
1287 4762 1573 4834 quidquid
1625 4763 1684 4818 in
1732 4772 1889 4823 veste
1943 4779 2034 4837 est

379 4850 826 4920 monachorum,
863 4867 1034 4907 nemo
1073 4849 1222 4908 lavet
1253 4852 1311 4908 in
1346 4852 1439 4908 die
1469 4853 1791 4926 Dominica,
1824 4865 2034 4930 praeter

381 4944 596 4996 nautas
627 4945 686 4996 et
717 4941 1139 5013 pristrinarios.

452 5027 693 5084 LXVIII.
723 5030 839 5086 Nec
878 5031 1093 5088 vadant
1142 5032 1213 5087 ad
1262 5032 1577 5090 lavandum
1613 5036 1712 5091 66
1745 5036 1856 5092 nisi
1907 5055 2027 5094 om-

379 5115 554 5172 nibus
619 5134 804 5173 unum
864 5121 1097 5193 signum
1157 5121 1523 5192 insonuerit;
1588 5131 2023 5198 sequenturque

377 5206 756 5278 praepositum
787 5224 982 5275 suum,
1029 5217 1086 5267 et
1130 5211 1408 5270 lavabunt
1456 5214 1617 5270 taciti
1667 5231 1797 5270 cum
1850 5217 2021 5272 disci-

376 5294 557 5369 plina.

447 5475 465 5553 ξ
491 5473 670 5553 δραμε
698 5477 1190 5552 veteres’vulgati,
1215 5496 1340 5553 qua:
1370 5493 1554 5540 sancta
1582 5495 1730 5542 sunt.

444 5547 466 5590 ³
496 5545 718 5622 Malim,
751 5545 1120 5626 expuncta'et
1149 5545 1453 5628 particula,
1477 5553 1644 5630 juxta
1670 5560 1851 5618 virum
1879 5557 2013 5635 legi,

2214 4577 2420 4633 LXXX.
2456 4577 2536 4632 De
2565 4577 2824 4649 parvulis
2875 4583 3068 4634 autem
3118 4580 3390 4651 panibus,
3424 4580 3523 4651 qui
3573 4581 3795 4636 dantur

2135 4669 2443 4724 domorum
2476 4667 2821 4738 praepositis,
2841 4673 2903 4722 ut
2925 4667 3137 4724 hiscos
3165 4669 3538 4736 distribuant,
3562 4668 3660 4740 qui
3685 4686 3797 4726 no-

2142 4757 2273 4813 lunt
2303 4760 2360 4812 in
2393 4774 2703 4812 commune
2743 4758 2832 4812 67
2873 4758 3026 4813 vesci
3077 4775 3208 4812 cum
3255 4758 3498 4826 caeteris,
3529 4762 3585 4814 et
3615 4759 3794 4830 quasi

2142 4849 2350 4918 majori
2383 4846 2745 4902 abstinentiae
2795 4863 2854 4902 se
2905 4847 3194 4914 dedicant,
3236 4847 3318 4902 ita
3347 4848 3654 4903 observare
3684 4848 3793 4903 de-

2137 4938 2379 5000 bebunt,
2419 4942 2481 4991 ut
2527 4936 2668 4992 nulli
2719 4937 2858 4990 dent
2896 4937 3067 5006 juxta
3113 4938 3382 5009 gratiam,
3431 4953 3502 4992 ne
3552 4936 3795 5008 profici-

2137 5027 2319 5084 scenti
2351 5028 2586 5099 quidem
2619 5041 2876 5097 peregre.
2914 5025 3027 5081 Nec
3055 5031 3349 5097 ponantur
3385 5026 3445 5080 in
3477 5025 3739 5081 medium
3771 5043 3790 5081 :

2135 5119 2235 5176 sed
2269 5117 2503 5191 quando
2547 5115 2850 5171 comedere
2899 5114 3117 5181 volunt,
3151 5133 3281 5170 cum
3337 5114 3650 5186 disciplina
3680 5115 3796 5170 da-

2133 5211 2355 5265 buntur
2384 5209 2438 5262 in
2473 5209 2716 5276 cellulis,
2741 5214 2796 5265 et
2817 5219 2950 5257 cum
2977 5203 3068 5260 bis
3100 5205 3245 5260 nihil
3269 5204 3427 5260 aliud
3449 5203 3791 5273 comedent,

2133 5299 2243 5355 nisi
2278 5300 2461 5356 salem
2511 5305 2758 5356 tantum.
2793 5303 3007 5354 Praeter
3050 5293 3387 5352 monasterii
3437 5299 3633 5349 autem
3685 5308 3794 5349 co-

2128 5484 2284 5557 quod
2313 5488 2402 5540 est
2423 5485 2592 5554 juxta
2622 5481 2995 5557 singulorum
3009 5479 3310 5557 ordinem,
3344 5493 3461 5557 non
3493 5476 3725 5557 vitrum.

2197 5557 2218 5594 ³
2246 5546 2466 5628 Status,
2499 5572 2600 5630 par
2628 5546 2918 5615 exhibeat:
2946 5551 3043 5610 alii
3072 5549 3287 5623 verius,
3311 5552 3473 5625 pater
3502 5546 3790 5610 exhibeat.
