4106 6164
321 305 393 372 77
829 267 834 272 ’
1216 302 1851 372 INTERPRE'I‘ATIO
1896 298 2233 372 REGUL/E
2277 306 2340 373 s.
2391 303 2793 375 PACHOMII.
3509 272 3518 278 ’
3636 309 3714 370 78

322 442 556 514 quinam
590 441 789 499 nullus
819 442 1105 514 coquendi
1133 441 1296 498 cibus
1329 445 1673 515 potestatem
1726 441 1954 496 habeat.
1987 444 2039 509 Α
2072 449 2498 510 convocentur;
2535 462 2638 499 nec
2663 443 3048 500 ambulabunt
3072 440 3127 496 in
3153 440 3504 498 monasterio
3528 442 3715 514 prius-

321 533 381 588 Et
413 533 462 588 si
493 533 729 602 quando
753 532 896 588 forie
927 533 1163 598 vadant,
1195 531 1304 587 hoc
1335 535 1421 587 est
1450 531 1509 586 in
1524 548 1695 604 agros
1727 532 1793 585 ad
1822 547 1956 602 0pc-

319 622 561 676 randum
595 620 886 693 accipiant
905 621 1065 676 olera
1086 620 1203 676 sale
1229 625 1502 691 acetoque
1526 620 1778 687 condita,
1805 625 1861 674 et
1897 619 1955 673 in

315 710 516 783 longos
548 727 690 765 usus
721 711 937 766 aestatis
970 716 1228 782 tempore
1258 714 1600 781 praeparata.

384 808 619 863 LXXXI.
653 808 833 863 Nemo
864 807 922 863 in
957 809 1128 862 domo
1160 812 1217 862 et
1246 807 1304 861 in
1355 806 1564 861 cellula
1614 825 1718 861 sua
1751 806 1960 861 habeat

315 902 520 967 prater
547 913 615 951 ea
645 913 772 968 quae
805 895 864 950 in
899 912 1208 951 commune
1251 896 1590 950 monasterii
1639 894 1763 967 lege
1815 913 1956 966 prae-

313 991 475 1058 cepta
509 990 684 1040 sunt:
723 1003 837 1040 non
898 985 1157 1040 tunicam
1218 983 1470 1045 laneam.
1527 1001 1639 1039 non
1692 983 1954 1055 pallium,

313 1091 418 1128 non
457 1072 673 1145 pellem
707 1073 956 1128 intonsis
980 1073 1225 1128 arietum
1260 1072 1410 1127 lanis
1442 1071 1788 1140 molliorem,
1842 1091 1956 1127 non

309 1180 528 1234 paucos
555 1179 856 1227 nummos,
891 1179 1005 1216 non
1040 1161 1359 1232 puvillum‘
1395 1162 1630 1232 quidem
1659 1163 1728 1216 ad
1783 1168 1959 1232 caput

307 1258 400 1306 aut
433 1251 598 1305 aliud
632 1251 801 1305 varie
837 1249 1217 1322 supellectilis
1247 1268 1259 1305 :
1293 1251 1545 1320 exceptis
1605 1249 1716 1317 his,
1768 1267 1892 1320 quae
1925 1267 1959 1303 a

303 1343 470 1394 Patre
505 1338 847 1394 monasterii
871 1355 975 1410 per
1005 1339 1315 1393 domorum
1340 1339 1679 1410 praepositos
1703 1338 1958 1392 dividen-

301 1434 408 1493 tur,
446 1427 509 1481 id
543 1432 653 1492 est,
691 1433 992 1482 armatura
1025 1444 1152 1492 sua,
1186 1426 1546 1482 levitonariis
1588 1427 1848 1495 duobus,
1902 1431 1959 1480 et

304 1533 411 1570 uno
445 1515 654 1571 attrito
687 1532 755 1570 ex
789 1532 924 1582 usu,
979 1517 1200 1570 sabano
1260 1515 1405 1582 (scil.
1441 1515 1639 1585 linteo)
1698 1515 1958 1586 longiore

304 1605 452 1676 quod
494 1603 643 1660 collo
671 1604 1056 1676 humerisque
1113 1604 1459 1668 circumdat,
1506 1603 1776 1675 pellicula
1831 1621 1958 1675 quae

305 1694 520 1765 pendet
538 1711 610 1748 ex
639 1693 839 1756 latere,
876 1692 1104 1764 gallicis
1134 1699 1192 1748 et
1230 1691 1477 1747 cucullis
1511 1693 1760 1758 duobus,
1815 1709 1960 1747 zona

2071 549 2244 602 quam
2279 550 2589 589 commune
2621 533 2850 603 signum
2883 531 3220 588 intonuerit.

2140 631 2277 684 XCI.
2311 632 2545 702 Absque
2576 631 2802 686 cucullo
2833 644 2889 684 ct
2913 628 3183 701 pellicula
3223 643 3392 682 nemo
3453 627 3715 684 ambulet

2069 718 2126 772 in
2164 720 2516 775 monasterio
2566 737 2670 776 nec
2730 724 2930 792 pergat
2985 719 3055 773 ad
3105 716 3429 784 collectam,
3485 733 3589 772 nec
3639 718 3710 774 ad

2068 814 2444 864 vescendum.

2143 907 2303 960 XCII.
2333 906 2583 978 Vespere
2637 909 2708 962 ad
2765 907 3070 978 ungendas
3132 910 3188 960 et
3244 903 3592 960 molliendas
3641 905 3713 960 ab

2069 1012 2239 1066 Opere
2272 1012 2478 1050 manus
2509 995 2654 1060 oleo,
2719 997 2938 1066 absque
2981 993 3161 1049 altero
3193 994 3274 1049 ire
3307 1011 3420 1048 non
3479 993 3712 1065 poterit.

2069 1086 2278 1139 Totum
2308 1090 2501 1139 autem
2537 1101 2748 1156 corpus
2781 1102 2948 1139 nemo
2981 1088 3220 1155 unguet,
3256 1083 3366 1138 nisi
3399 1100 3576 1138 causa
3631 1083 3715 1138 in—

2071 1172 2402 1239 firmitatis;
2439 1189 2542 1227 nec
2577 1173 2863 1227 lavabitur
2891 1190 3045 1243 aqua
3075 1172 3232 1227 nudo
3284 1188 3544 1244 corpore,
3600 1171 3718 1239 nisi

2068 1260 2316 1332 languor
2346 1260 2690 1332 perspicuus
2717 1262 2812 1315 sit.

2142 1359 2330 1414 XCIII.
2366 1358 2572 1413 Nullus
2603 1358 2793 1413 lavare
2825 1357 3070 1413 alterum
3100 1357 3324 1428 poterit,
3350 1361 3449 1411 aut
3472 1371 3708 1428 ungere,

2072 1447 2183 1500 nisi
2216 1448 2263 1501 ei
2298 1447 2471 1501 fuerit
2503 1446 2874 1518 imperatum.

2141 1545 2324 1598 XCIV.
2360 1545 2540 1599 Nemo
2572 1543 2736 1599 alteri
2770 1544 3045 1616 loquatur
3078 1544 3134 1598 in
3167 1543 3459 1598 tenebris:
3514 1543 3714 1599 nullus

2071 1633 2127 1686 in
2165 1633 2416 1704 psiathio
2441 1649 2572 1688 cum
2608 1632 2787 1687 altero
2820 1634 3109 1688 dormiat:
3171 1649 3412 1686 manum
3474 1632 3714 1688 alterius

2070 1739 2240 1776 nemo
2273 1726 2464 1776 teneat
2492 1740 2504 1787 ;
2531 1722 2629 1775 sed
2675 1722 2795 1775 sive
2853 1723 3098 1786 steterit,
3151 1721 3270 1776 sive
3301 1719 3711 1786 ambulaverit,

300 1787 350 1836 et
379 1781 632 1836 bacello.
666 1781 881 1836 Prazter
913 1780 1030 1834 haec
1064 1781 1350 1852 quidquid
1389 1781 1699 1846 inveneris,
1735 1782 1956 1852 absque
1989 1810 2033 1872 Β
2065 1810 2184 1865 sive
2217 1810 2452 1876 sederit,
2487 1780 2602 1865 {mo
2634 1810 2827 1864 cubito
2859 1810 3034 1865 distet
3065 1780 3137 1864 ἀι)
3169 1809 3369 1864 ἕλκετο,

299 1869 758 1925 contradictione
780 1870 1028 1924 auferes.

363 1967 643 2022 LXXXII.
704 1965 913 2021 Nullus
973 1967 1184 2022 habeat
1239 1968 1554 2038 separatim
1625 1969 1953 2024 mordacem

300 2055 605 2128 parvulam
646 2056 768 2126 (leg.
830 2055 1126 2127 pavulam)
1159 2057 1229 2111 ad
1266 2055 1594 2111 evellendas
1649 2057 1873 2129 spinas,
1905 2057 1954 2113 si

298 2145 450 2200 forte
499 2143 820 2211 calcaverit,
881 2145 1102 2216 absque
1150 2145 1462 2216 praeposito
1512 2146 1722 2200 domus
1755 2151 1810 2200 et
1866 2163 1954 2201 se~
2007 2195 2012 2200 .

297 2234 529 2288 eundo:
564 2234 930 2305 pendeatque
964 2234 1019 2288 in
1053 2234 1310 2290 fenestra
1339 2233 1394 2287 in
1433 2250 1548 2305 qua
1577 2235 1804 2290 codices
1836 2234 1953 2289 col-

298 2322 588 2378 locantur.
1900 2396 1906 2401 ν

363 2420 669 2476 LXXXIII.
700 2421 758 2476 Si
791 2421 924 2492 quis
957 2421 1027 2476 de
1061 2419 1242 2476 altera
1275 2421 1448 2476 domo
1498 2423 1849 2476 transfertur
1893 2422 1954 2476 in

298 2509 568 2576 alteram,
629 2509 886 2582 exceptis
940 2508 1032 2564 his
1064 2526 1190 2581 quae
1215 2527 1392 2582 supra
1413 2509 1668 2566 diximus
1690 2512 1729 2578 ’,
1754 2527 1953 2566 secum

299 2600 619 2655 transferre
650 2598 797 2654 nihil
829 2599 1059 2670 poterit.

366 2697 660 2752 LXXXIV.
695 2695 904 2752 Nullus
937 2711 1126 2768 neque
1148 2696 1396 2752 exeundi
1420 2696 1477 2750 in
1503 2712 1734 2768 agrum,
1765 2711 1956 2769 neque

300 2786 649 2842 ambulandi
680 2786 739 2840 in
770 2785 1147 2854 monasterio,
1182 2801 1368 2857 neque
1395 2791 1558 2840 extra
1579 2801 1814 2840 murum
1840 2803 1957 2841 mo-

295 2876 535 2932 nasterii
569 2876 726 2931 foras
754 2875 966 2930 habeat
999 2873 1357 2943 tacultatem,
1393 2874 1507 2929 nisi
1563 2874 1952 2947 interrogave-

298 2965 369 3020 rit
399 2964 811 3038 praepositum,
845 2969 901 3019 et
929 2963 1027 3018 ille
1059 2964 1433 3020 concesserit.

367 3062 638 3118 LXXXV.
672 3062 1006 3118 Cavendum
1039 3079 1109 3118 ne
1138 3062 1269 3135 quis
1307 3063 1380 3118 de
1411 3063 1586 3119 domo
1617 3062 1676 3118 in
1707 3063 1950 3118 alteram

2142 1907 2300 1962 XCV.
2335 1907 2577 1979 Spinam
2610 1909 2680 1962 de
2711 1909 2856 1978 pede
2899 1907 3160 1974 alterius,
3222 1912 3458 1979 excepto
3498 1908 3710 1963 domus

2065 1997 2396 2069 praeposito,
2425 2001 2479 2050 et
2512 1996 2789 2062 secundo,
2823 2001 2877 2050 et
2936 1996 3048 2050 alio
3099 1997 3190 2051 cui
3239 1998 3477 2066 jussum
3518 1996 3710 2062 fuerit,

2069 2103 2238 2141 nemo
2257 2085 2496 2140 audebit
2516 2084 2778 2140 evellere.

2137 2183 2323 2237 XCVI.
2356 2181 2563 2237 Nullus
2624 2182 2920 2237 attondeat
2969 2186 3141 2253 caput
3199 2181 3419 2253 absque
3469 2182 3710 2252 majoris

2065 2272 2324 2328 arbitrio.

2136 2369 2349 2423 XCVII.
2376 2369 2596 2422 Mutare
2628 2369 2698 2422 de
2720 2367 2809 2423 his
2838 2384 2964 2438 quae
2998 2385 3030 2420 a
3062 2369 3368 2438 praeposito
3401 2368 3708 2438 acceperit,

2064 2475 2194 2513 cum
2236 2457 2413 2512 altero
2447 2473 2561 2511 non
2600 2456 2866 2511 audebit:
2928 2472 3031 2511 nec
3090 2456 3334 2527 accipiet
3390 2455 3625 2524 melius,
3657 2459 3716 2511 et

2065 2546 2227 2601 dabit
2296 2545 2592 2600 deterius:
2656 2550 2756 2599 aut
2813 2559 2842 2598 e
2901 2543 3189 2599 contrario
3267 2544 3418 2598 dans
3504 2542 3715 2601 melius

2070 2639 2124 2691 et
2151 2633 2405 2690 deterius
2439 2633 2749 2705 accipiens.
2784 2634 2853 2687 Et
2883 2633 2941 2687 in
2991 2632 3338 2688 vestimento
3389 2636 3447 2687 et
3495 2631 3552 2686 in
3611 2631 3715 2686 ha-

2065 2725 2190 2780 bitu
2227 2740 2332 2779 suo
2367 2723 2508 2778 nihil
2543 2723 2671 2777 novi
2725 2727 2930 2794 praeter
2974 2726 3212 2778 cazteros
3261 2737 3440 2777 causa
3488 2719 3713 2777 decoris

2064 2813 2338 2870 inveniet.

2134 2902 2371 2958 XCVIII.
2406 2902 2620 2956 Omnes
2653 2901 2830 2972 pelles
2858 2900 3048 2972 ligatae
3072 2903 3266 2968 erunt,
3297 2904 3354 2954 et
3375 2898 3711 2970 pendebunt

2063 3008 2131 3047 ex
2161 2990 2443 3045 humeris.

2135 3080 2316 3135 XCIX.
2352 3078 2574 3134 Cuculli
2612 3077 2980 3151 singulorum
3013 3077 3316 3133 habebunt
3338 3081 3394 3132 et
3424 3081 3715 3132 monaste-

300 3153 546 3209 domum
579 3153 754 3208 verba
813 3153 1148 3218 transferat,
1207 3168 1309 3206 nec
1370 3153 1440 3206 de
1497 3154 1849 3208 monasterio
1889 3153 1946 3207 in
1980 3178 2022 3243 ρ
2060 3169 2131 3224 r11
2163 3170 2333 3241 signa
2361 3174 2417 3223 et
2442 3169 2673 3224 domus.

301 3242 751 3309 monasterium,
787 3258 892 3296 nec
923 3241 991 3296 de
1020 3241 1370 3296 monasterio
1404 3241 1457 3295 in
1493 3259 1722 3314 agrum,
1754 3258 1858 3297 nec
1880 3243 1950 3298 de

304 3345 444 3401 agro
472 3331 535 3384 in
571 3330 1015 3384 monasterium.

379 3426 672 3482 LXXXVI.
702 3427 761 3481 Si
791 3427 923 3498 quis
955 3425 1337 3482 ambulaverit
1391 3427 1448 3483 in
1494 3427 1605 3491 via,
1667 3426 1750 3482 vel
1801 3427 1958 3482 navi-

310 3515 564 3588 gaverit,
595 3520 695 3570 aut
723 3520 997 3587 operatus
1025 3517 1197 3571 fuerit
1226 3517 1385 3586 foris,
1419 3534 1533 3572 non
1576 3515 1849 3588 loquatur
1900 3517 1958 3570 in

315 3604 682 3658 monasterio
711 3621 831 3675 quae
863 3605 943 3659 ibi
967 3605 1086 3677 geri
1117 3604 1342 3660 viderit.

393 3700 498 3756 68
529 3699 830 3756 LXXXVII.
885 3706 1066 3756 Nemo
1126 3702 1426 3757 dormiens
1483 3707 1795 3774 supponat,
1848 3702 1960 3757 nisi

308 3789 559 3845 reclinet
584 3792 638 3845 in
673 3789 883 3846 cellula
911 3809 1021 3846 sua
1052 3792 1093 3860 ³,
1128 3808 1253 3862 qua:
1285 3792 1335 3847 ei
1380 3792 1552 3847 fuerit
1608 3792 1960 3863 mancipata.

304 3878 424 3934 Nec
447 3879 506 3934 in
540 3879 708 3950 cella,
740 3896 846 3935 nec
877 3881 933 3934 in
968 3881 1323 3947 domatibus,
1358 3881 1415 3936 in
1450 3881 1666 3952 quibus
1698 3881 1960 3936 vitando-

310 3985 443 4023 rum
474 3975 727 4024 astuum
760 3985 937 4024 causa
969 3974 1133 4026 nocte
1161 3971 1561 4042 requiescunt,
1594 3988 1700 4026 nec
1733 3972 1790 4025 in
1806 3971 1964 4043 agris

309 4074 446 4112 cum
477 4058 551 4113 ad
583 4057 997 4113 dormiendum
1030 4075 1091 4113 se
1122 4059 1512 4126 collocaverit,
1544 4058 1710 4115 alteri
1744 4077 1857 4115 non
1887 4060 1966 4116 lo-

311 4150 548 4216 quetur,
582 4151 899 4218 postquam
931 4147 1332 4202 obdormierit.
1391 4148 1449 4202 Si
1505 4154 1639 4220 post
1688 4166 1962 4204 somnum

311 4240 488 4290 noctu
520 4234 901 4307 evigilaverit,
931 4240 1091 4303 oret;
1144 4236 1193 4290 si
1249 4236 1411 4292 sitire
1451 4238 1706 4310 coeperit,
1753 4237 1965 4309 jejunii

315 4329 516 4378 autem
547 4325 725 4379 instat
747 4323 897 4391 dies,
929 4324 1124 4380 bibere
1166 4341 1278 4380 non
1316 4325 1571 4382 audebit.

380 4420 728 4476 LXXXVIII.
752 4421 964 4477 Frater
994 4422 1337 4493 psiathium,
1383 4423 1440 4477 id
1473 4427 1562 4478 est
1591 4428 1855 4491 mattam,
1911 4424 1967 4479 in

2141 3268 2240 3323 69
2273 3267 2331 3321 C.
2366 3266 2544 3320 Nemo
2581 3266 2790 3320 vadens
2824 3265 2893 3320 ad
2940 3264 3239 3320 collectam
3267 3264 3454 3319 autad
3475 3280 3711 3319 vescen-

2068 3357 2210 3411 duni
2245 3356 2504 3410 dimittat
2534 3355 2790 3409 codicem
2824 3371 2939 3409 non
2964 3353 3230 3426 ligatum.
3255 3353 3495 3408 Codices
3528 3351 3711 3424 quiin

2071 3445 2347 3511 fenestra,
2384 3444 2438 3498 id
2472 3449 2561 3498 est
2590 3443 2945 3498 intrinsecus
2979 3444 3216 3515 parietis
3249 3447 3611 3514 reponuntur
3639 3442 3714 3497 ad

2071 3550 2404 3605 vesperum,
2439 3538 2610 3587 erunt
2634 3532 2742 3587 sub
2767 3548 2944 3586 manu
2968 3531 3232 3602 secundi,
3253 3531 3352 3602 qui
3380 3530 3715 3586 numerabit

2075 3639 2196 3690 eos,
2229 3627 2285 3676 et
2315 3638 2380 3675 ex
2413 3637 2571 3675 more
2604 3620 2929 3675 concludat.

2146 3719 2231 3774 CI.
2268 3718 2477 3774 Nullus
2508 3719 2682 3773 vadat
2712 3719 2783 3772 ad
2810 3717 3110 3773 collectam
3142 3717 3228 3772 vel
3260 3718 3329 3772 ad
3365 3716 3716 3772 vescendum

2071 3808 2296 3863 habens
2328 3807 2635 3879 galliculas
2666 3807 2724 3861 in
2758 3806 3024 3878 pedibus,
3057 3806 3144 3861 vel
3186 3803 3419 3877 palliolo
3448 3804 3602 3861 lineo
3629 3804 3720 3858 in-

2071 3897 2336 3964 vittatus,
2371 3896 2491 3951 sive
2523 3898 2579 3950 in
2614 3895 2988 3961 monasterio,
3023 3895 3139 3950 sive
3166 3894 3222 3949 in
3256 3896 3433 3967 agris.

2144 3995 2259 4050 CII.
2293 3995 2400 4058 Qui
2432 3994 2848 4048 vestimentum
2903 4011 3074 4048 suum
3118 3992 3250 4064 plus
3305 4010 3482 4064 quam
3539 4007 3723 4064 usque

2075 4084 2148 4139 ad
2183 4083 2510 4151 meridiem,
2545 4082 2777 4154 quando
2812 4083 3016 4137 fratres
3061 4086 3455 4136 convocantur
3513 4081 3583 4136 ad
3641 4081 3723 4135 ci-

2077 4173 2242 4239 bum,
2278 4171 2335 4226 in
2370 4169 2490 4226 sole
2522 4187 2650 4225 esse
2684 4170 3037 4242 permiserit,
3066 4169 3436 4240 negligentiae
3468 4169 3725 4239 increpa-

2081 4262 2260 4317 bitur.

2155 4351 2299 4407 CIII.
2337 4351 2400 4404 Et
2433 4350 2479 4406 si
2511 4366 2692 4405 unum
2727 4349 2796 4404 de
2858 4348 2946 4403 bis
2995 4365 3120 4420 quze
3171 4347 3510 4420 supradicta
3569 4349 3728 4412 sunt,

2084 4445 2490 4512 contemptum
2533 4439 2896 4511 praeterierit,
2947 4438 3308 4510 correptione
3339 4436 3517 4492 simili
3551 4434 3729 4492 corri-

308 4509 439 4610 loco
471 4508 695 4565 cellula:
727 4511 799 4565 ad
852 4511 1263 4566 dormiendum
1314 4511 1463 4566 nihil
1523 4512 1678 4567 aliud
1732 4514 1970 4570 omnino
2003 4547 2047 4610 Β
2079 4535 2265 4602 εειυιι,

309 4600 676 4656 substernet.

373 4697 673 4752 LXXXIX.
706 4697 988 4753 Cellulam
1024 4697 1288 4770 alterius,
1314 4698 1424 4754 nisi
1453 4700 1616 4772 prius
1647 4701 1718 4756 ad
1752 4701 1967 4756 ostium

305 4787 698 4858 percusserit,
733 4786 972 4841 introire
1005 4786 1275 4842 illicitum
1297 4793 1402 4842 est.

382 4884 502 4940 XC.
538 4884 627 4938 Ad
659 4884 857 4939 cibum
889 4902 1000 4939 non
1037 4890 1280 4957 pergent
1337 4887 1449 4941 nisi
1488 4887 1743 4958 generali
1779 4889 1973 4944 sonitu

2151 4619 2291 4674 CIV.
2355 4617 2690 4684 Galliculas,
2747 4623 2803 4673 et
2861 4619 2910 4673 si
2962 4617 3102 4690 quid
3159 4615 3316 4672 aliud
3360 4613 3732 4687 jungendum

2083 4712 2172 4762 est
2203 4707 2289 4762 vel
2313 4709 2809 4779 componendum,
2846 4709 3067 4778 absque
3099 4722 3165 4761 eo
3194 4705 3287 4760 cui
3320 4705 3428 4759 hoc
3461 4703 3732 4757 ministe-

2084 4795 2237 4852 rium
2297 4796 2598 4868 delegatur
2653 4814 2685 4851 a
2715 4795 3292 4868 praepositodomus,
3319 4794 3504 4847 facere
3537 4787 3735 4845 nullus

2086 4885 2340 4941 audebit.

2093 5118 2221 5158 cem
2255 5101 2618 5174 preferente,
2652 5099 2735 5153 sic
2775 5097 2944 5174 velim
2969 5114 3036 5174 ex
3065 5096 3300 5174 integro.
3322 5093 3478 5174 reﬁci
3501 5087 3736 5174 :__Neino

2091 5167 2365 5229 dormiens
2400 5181 2670 5242 supponat
2724 5173 2837 5223 nisi
2890 5170 3150 5223 reclinem
3194 5167 3476 5242 sellularii.
3517 5167 3620 5242 Nec

2090 5246 2230 5300 cella
2269 5261 2390 5307 sua,
2423 5237 2541 5314 quae
2570 5244 2623 5296 ei
2649 5244 2830 5314 fuerit
2875 5245 3220 5314 mancipata,
3258 5257 3354 5314 nec
3409 5240 3467 5314 in
3510 5237 3739 5314 domati-

2094 5317 2208 5384 bus,
2260 5318 2318 5368 in
2375 5309 2592 5384 quibus,
2638 5309 2746 5368 etc.
2807 5309 3102 5367 Palladius
3135 5329 3166 5366 a
3197 5311 3379 5367 Statio
3437 5309 3734 5376 laudatus,

2092 5395 2468 5444 Καϐευδέτωσαν
2541 5393 2590 5441 δὲ
2687 5395 2759 5455 μὴ
2845 5393 3237 5456 ἀνακλινόμενοι,
3325 5390 3458 5438 ἀλλὰ
3539 5389 3736 5456 Θρρνους

2093 5466 2438 5529 οικοδομτ,τους
2535 5452 2852 5528 ὑπτιωλτέρους
2960 5452 3292 5524 πεπόιτμότες,
3381 5460 3490 5529 etc.
3543 5452 3735 5529 7'30"!-

2091 5548 2224 5585 num
2255 5545 2378 5586 vero
2407 5529 2630 5601 capiant
2661 5545 2766 5585 non
2803 5530 3063 5601 jacentes,
3125 5529 3216 5584 sed
3257 5543 3418 5601 super
3445 5528 3734 5590 instructas

2092 5605 2140 5660 et
2164 5601 2462 5678 paululum
2483 5602 2712 5662 recline:
2741 5601 3041 5673 cathedras,
3073 5608 3170 5660 etc.
3459 5611 3462 5614 ‘

378 5099 393 5131 ¹
433 5097 549 5171 Pro
579 5096 674 5151 his
705 5096 926 5171 habent
982 5096 1201 5170 vulgati
1235 5103 1476 5166 veteres,
1538 5115 1637 5154 nec
1689 5102 1975 5171 proprium

304 5170 550 5240 aliquid
565 5173 737 5240 _e.-rlra
771 5169 1016 5224 habitum
1037 5169 1215 5225 suum.

373 5238 746 5310 ’Explicant
779 5241 953 5295 iidem
987 5241 1140 5310 libri,
1189 5258 1305 5314 qua:
1337 5243 1468 5296 usui
1529 5241 1875 5312 quotidiana,
1910 5243 1980 5298 ad

307 5314 584 5368 habitum
618 5315 924 5366 necessaria
953 5317 1099 5368 sunt.

372 5387 397 5418 ³
433 5383 687 5457 Statius,
727 5384 850 5457 qui
883 5401 913 5438 e
970 5401 1081 5440 ms.
1142 5383 1282 5457 legit
1338 5385 1450 5457 Non
1513 5383 1750 5457 dormiat
1782 5390 1983 5456 praeter

301 5460 514 5512 radius
567 5454 850 5528 cellulam,
885 5454 1226 5528 conjecerat'
1241 5455 1384 5528 satis
1416 5455 1719 5528 ingeniose
1747 5454 1978 5512 cmend.

299 5527 893 5600 reclinemsellulam.
925 5526 1035 5584 Sed
1084 5527 1350 5600 manoin
1383 5526 1630 5600 reliquis
1689 5533 1978 5598 contextu,

297 5597 550 5664 restitui
582 5595 752 5656 locus
785 5615 899 5658 non
933 5598 1144 5676 potuit.
1181 5598 1348 5659 Nune
1378 5599 1480 5655 illa
1511 5595 1850 5674 conjectura
1900 5595 1979 5658 fa;
