4118 6158
401 236 482 327 79

1652 241 1717 304 S.
1762 240 2072 309 EUSEBII
2116 240 2558 321 HIERONYMI

3720 236 3804 321 80

473 370 582 426 CV.
617 371 677 428 Si
707 370 842 445 quis
873 372 1121 429 fratrum
1152 370 1327 430 laesus
1353 372 1533 430 fuerit
1562 379 1664 430 aut
1704 391 2045 447 percussus,
2076 379 2130 445 Α
2159 376 2261 432 sed
2293 376 2529 449 signum
2550 376 2777 434 dabunt
2803 377 2897 434 his
2919 376 3019 452 qui
3050 379 3301 451 possunt
3326 376 3551 445 afferre,
3585 376 3802 453 quibus

397 462 456 516 et
482 463 679 516 tamen
702 458 914 518 lectulo
945 478 1063 518 non
1085 462 1419 519 discumbet
1445 463 1552 535 [Αἱ.
1588 462 1930 534 decumbit],
1949 465 2050 521 sed
2160 464 2444 538 indigent.

395 547 738 605 deambulat
764 548 1078 619 invalidus,
1110 554 1167 607 et
1186 550 1387 623 aliqua
1416 568 1476 607 re
1519 551 1827 625 indigebit,
1874 552 2050 610 vesti-

390 638 595 693 mento
624 636 916 707 videlicet,
949 637 1037 695 vel
1101 638 1364 710 palliolo,
1397 644 1455 696 et
1511 641 1733 697 caeteris
1782 640 2050 696 utensili-

2230 555 2439 611 CXVII.
2474 557 2716 620 Quando
2770 557 2843 613 ad
2892 557 3255 613 miscendam
3316 556 3565 613 farinam
3616 558 3806 613 vocati

2161 643 2399 711 iuerint,
2431 643 2632 701 nullus
2664 646 2915 702 resideat
2945 647 3005 701 in
3032 645 3156 702 loco
3188 662 3368 718 panes
3399 646 3801 718 coquentium,

391 720 528 793 bus,
558 725 908 798 prmpositus
940 726 1155 783 domus
1186 729 1315 799 ejus
1343 729 1514 784 vadet
1542 729 1613 785 ad
1657 746 1778 799 eos,
1830 730 2049 801 quibus
2159 734 2413 804 exceptis
2445 732 2537 789 his
2565 733 2666 806 qui
2697 734 2944 791 coctioni
2975 735 3288 801 sufﬁcient,
3322 739 3379 791 et
3409 733 3625 807 quibus
3671 734 3800 806 jus-

390 812 639 870 fratrum
677 815 972 871 vesticulm
1030 817 1358 874 commissa:
1417 822 1576 886 sunt,
1618 822 1677 874 et
1714 818 1964 890 accipiet
1991 821 2049 874 et
2156 837 2289 877 sum
2323 824 2434 890 est,
2464 839 2636 879 nemo
2669 824 2967 880 residebit.

389 901 556 959 dabit
583 905 623 959 ³.
654 908 918 978 Cumque
960 921 1143 962 sanus
1201 906 1395 974 fuerit,
1446 906 1765 980 reportabit
1819 907 2042 980 absque

392 988 514 1048 ulla
540 1004 724 1061 mora.

462 1080 602 1138 CVI.
629 1082 812 1140 Nemo
842 1083 917 1141 ab
944 1083 1127 1142 altero
1149 1084 1394 1156 accipiet
1422 1085 1745 1158 quidpiam,
1771 1085 1885 1142 nisi
1906 1100 2045 1158 pra:-

390 1170 903 1243 positusjusserit.

463 1258 626 1316 CVII.
659 1259 873 1318 Clausa
921 1261 1069 1319 cella
1122 1260 1321 1319 nullus
1379 1262 1654 1333 dormiat,
1711 1280 1816 1322 nec
1865 1264 2040 1321 habe-

389 1347 476 1409 bit
505 1347 843 1409 cubiculum
875 1352 1031 1422 quod
1083 1351 1276 1407 claudi
1330 1353 1534 1424 possit,
1587 1352 1646 1408 ni
1697 1353 1841 1409 forte
1886 1354 2039 1409 aetati

389 1435 643 1509 alicuius
668 1437 756 1494 vel
788 1437 1119 1496 inﬁrmitati
1149 1440 1319 1496 Pater
1349 1441 1687 1499 monasterii
1738 1458 2039 1499 concesse-

393 1526 488 1583 rit.

458 1614 648 1674 CVIII.
681 1617 744 1674 In
772 1617 971 1674 villam
1004 1617 1207 1679 nullus
1227 1619 1400 1676 vadat
1429 1620 1539 1677 nisi
1586 1621 1828 1688 missus,
1879 1637 2038 1677 exce-

388 1705 505 1777 ptis
534 1706 931 1775 armentariis,
964 1712 1022 1762 et
1050 1707 1344 1778 bubulcis,
1372 1714 1430 1764 et
1459 1709 1749 1783 agricolis.

459 1793 598 1850 CIX.
632 1794 754 1851 Sub
784 1795 1011 1855 nudum
1036 1796 1278 1853 dorsum
1312 1798 1463 1854 asini
1495 1799 1612 1854 duo
1642 1798 1862 1871 pariter
1921 1816 2035 1855 non

394 1881 704 1953 sedebunt,
737 1900 845 1940 nec
874 1900 1054 1959 super
1084 1886 1341 1957 tegmine
1366 1886 1614 1960 plaustri
1637 1889 1676 1943 ⁸.

460 1970 569 2028 CX.
601 1972 659 2028 Si
688 1972 854 2030 asino
885 1974 1095 2030 sedens
1127 1976 1348 2032 venerit
1378 1975 1612 2047 aliquis,
1658 1981 1895 2048 excepta
1953 1976 2037 2033 in-

389 2059 692 2128 ﬁrmitate,
722 2060 955 2119 desiliet
985 2068 1119 2119 ante
1149 2064 1300 2121 fores
1329 2066 1687 2133 monasterii,
1722 2069 1779 2121 et
1807 2065 1889 2121 sic
1919 2065 2037 2122 asi-

392 2165 535 2207 num
560 2151 914 2227 praecedens,
945 2151 1205 2208 funiculo
1236 2153 1410 2209 ducet
1441 2154 1512 2210 ad
1546 2170 1811 2210 manum.

461 2237 599 2294 CXI.
630 2239 717 2295 Ad
775 2238 1115 2297 tabernulas
1160 2241 1266 2312 [Αι.
1326 2241 1613 2313 afficinas]
1672 2243 2037 2299 diversarum

390 2326 606 2383 artium
636 2326 744 2383 soli
768 2333 1011 2402 pergent
1068 2329 1386 2403 praepositi,
1435 2335 1502 2386 ut
1530 2331 1822 2404 accipiant
1876 2332 2034 2404 quod

389 2415 791 2493 necessarium
822 2421 937 2473 est.

459 2498 621 2565 CXII.
681 2502 798 2580 Ipsi
854 2506 964 2577 [AL
1022 2506 1173 2581 ipse]
1222 2524 1454 2582 quoque
1510 2513 1641 2566 ante
1705 2509 2034 2578 meridiem,

388 2594 623 2671 quando
679 2595 889 2655 fratres
942 2596 1014 2651 ad
1055 2598 1410 2654 vescendum
1468 2603 1769 2666 vocantur,
1804 2599 1888 2655 ire
1916 2616 2033 2656 non

384 2687 682 2756 poterunt,
714 2683 830 2740 nisi
862 2684 1006 2740 forte
1037 2685 1256 2756 quaevis
1286 2686 1590 2743 incumbat
1619 2688 2035 2757 necessitas,et

384 2771 630 2829 consilio
659 2771 847 2829 Patris
896 2775 1237 2830 monasterii
1289 2775 1481 2831 mittet
1509 2776 2031 2845 hebdomadarius,

384 2864 452 2919 ut
478 2861 700 2931 deferat
731 2861 886 2933 quod
916 2878 1153 2919 necesse
1182 2867 1290 2919 est.
1322 2867 1391 2919 Et
1411 2866 1647 2920 omnino
1682 2866 1779 2921 τυ
1809 2865 2033 2938 absque

384 2951 647 3023 iussione
678 2951 919 3024 majoris
949 2950 1009 3007 in
1030 2950 1272 3009 alteram
1304 2952 1511 3010 cellam
1544 2953 1744 3010 nullus
1792 2955 2032 3012 audebit

385 3039 647 3107 introire.

457 3127 648 3185 CXIII.
679 3129 1170 3186 Commendatum
1201 3131 1376 3187 etiam
1417 3130 1640 3205 aliquid
1674 3149 1707 3187 a
1750 3148 2030 3205 germano
2061 3118 2103 3185 C

386 3217 565 3293 fratre
586 3215 791 3293 nullus
820 3217 1082 3292 accipiet.

460 3304 647 3364 CXIV.
678 3302 839 3362 Nihil
866 3307 927 3363 in
959 3306 1106 3363 cella
1138 3326 1249 3366 sua
1277 3311 1502 3382 absque
1557 3311 1856 3384 praepositi
1908 3314 2034 3383 jus-

384 3394 549 3452 sione
605 3394 905 3469 quispiam
953 3397 1182 3465 condet,
1215 3414 1321 3454 nec
1377 3414 1550 3471 poma
1580 3399 1816 3471 quidem
1872 3399 2031 3456 vilis-

386 3482 540 3542 sima
566 3484 608 3540 ³.
641 3486 697 3540 et
719 3488 923 3541 caetera
950 3484 1314 3558 hujusmodi.

453 3571 615 3630 CXV.
649 3572 705 3629 Si
725 3572 1076 3646 praepositus
1097 3574 1308 3631 domus
1321 3574 1564 3633 alterius
1583 3594 1879 3650 quoquam
1901 3596 2029 3651 pro-

382 3662 569 3743 fectus
599 3661 775 3719 fuerit
799 3662 951 3721 alius
1002 3665 1351 3737 praepositus
1381 3667 1403 3700 ‘
1432 3666 1547 3723 dux
1602 3667 1713 3722 erit
1760 3668 2026 3739 ejusdem

379 3750 594 3831 gentis,
642 3755 701 3809 et
756 3752 948 3810 tribus
995 3758 1156 3827 geret
1212 3771 1413 3811 curam
1473 3756 1921 3828 proficiscentis,
1970 3761 2028 3813 et

376 3840 505 3913 ejus
537 3843 735 3897 utetur
760 3842 1176 3916 potestatibus,
1210 3860 1277 3900 ac
1309 3843 1555 3901 sollicite
1584 3846 1783 3902 omnia
1809 3846 1980 3902 faciet
2010 3860 2023 3901 :

373 3930 824 4003 doctrinamque
870 3931 1125 3991 duorum
1178 3934 1544 4004 jejuniorum
1620 3934 1700 3990 ita
1781 3935 2022 4007 dividet,

372 4009 652 4087 utiuna'm
682 4018 743 4075 in
775 4036 903 4088 sua,
937 4020 1132 4091 domo,
1185 4020 1428 4079 alteram
1486 4023 1545 4078 in
1600 4023 2023 4095 proﬁciscentis

374 4112 658 4166 exerceat.

445 4197 637 4257 GXVI.
706 4200 948 4266 Quando
998 4200 1249 4259 farinam
1306 4208 1705 4276 conspergunt
1761 4220 1932 4274 aqua,
1967 4206 2024 4258 et

374 4304 635 4346 massam
667 4290 971 4363 subigunt,
997 4306 1170 4348 nemo
1188 4290 1662 4365 loquaturalteri.
1684 4292 1849 4347 Mane
1876 4308 2020 4363 quo-

373 4393 487 4450 que
508 4378 742 4449 quando
773 4366 993 4436 tabulis
1022 4379 1094 4434 ad
1122 4379 1360 4435 furnum
1390 4379 1477 4437 vel
1508 4380 1579 4434 ad
1612 4379 1873 4436 clibanos
1922 4380 2021 4436 de-

374 4470 611 4538 portant
642 4482 843 4557 panes,
879 4468 1073 4523 simile
1101 4468 1402 4557 habebunt
1428 4468 1751 4557 silentium,
1795 4474 1851 4524 et
1890 4475 2020 4525 tan-
2053 4491 2101 4557 Β

371 4558 500 4610 tum
532 4554 603 4610 de
637 4553 886 4611 Psalmis
915 4561 972 4612 et
1000 4557 1072 4612 de
1101 4556 1420 4629 Scripturis
1466 4555 1688 4629 aliquid
1748 4558 2020 4616 decanta-

369 4640 656 4719 bunt[Al.
700 4643 1183 4720 meditabuntur],
1246 4646 1427 4702 donec
1479 4663 1627 4719 opus
1682 4647 2013 4721 impleatur.

369 4734 429 4793 Si
461 4732 603 4815 quid
656 4732 1054 4813 necessarium
1102 4734 1436 4801 habuerint,
1498 4752 1611 4791 non
1678 4735 2013 4809 loquentur,

441 4966 735 5051 {Voculae
761 4972 813 5025 et
850 4968 1003 5025 dabit
1056 4985 1126 5027 ex
1177 4969 1440 5044 principe
1485 4970 1738 5028 editione
1786 4972 2015 5030 suffeci-

369 5053 524 5094 mus.

406 5108 715 5189 ":Rursus
748 5112 948 5189 eadem
968 5130 1101 5168 cum
1134 5113 1394 5186 antiquis
1422 5113 1799 5189 editionibus,
1838 5116 2011 5189 idque

367 5180 589 5258 verius,
621 5185 686 5235 ut
709 5182 940 5258 videtur
965 5201 1135 5256 super
1163 5180 1433 5242 temonem
1460 5186 1720 5258 plaustri.

367 5321 405 5380 δ
437 5251 696 5379 ὶΙεῐέιωο
751 5251 1102 5311 vilissimae!
1154 5266 1354 5314 artem
1410 5251 1729 5325 huiusmodi
1753 5258 1828 5314 al.
1889 5275 2006 5314 non

409 5340 444 5379 a
489 5339 555 5379 en
591 5340 678 5378 ur.

408 5365 444 5412 ᾖ
435 5365 936 5476 ινῖἷὲιῖιὲιάρίξυηι.
957 5399 1055 5476 aut
1082 5399 1178 5467 qui
1205 5399 1470 5476 secundus
1490 5410 1605 5464 est;
1626 5405 1749 5476 tum
1784 5399 2005 5476 legunt,

363 5481 554 5560 σπι-(ξω
593 5467 993 5560 proﬁciscentis
1033 5472 1306 5560 egerent,
1359 5474 1440 5527 vel
1477 5488 1653 5559 quem.
1688 5475 1802 5548 ipse
1839 5467 2007 5560 "pra:-

2226 918 2465 974 CXVIII.
2501 921 2564 975 In
2596 921 2842 976 navibus
2873 937 3105 993 quoque
3128 919 3340 978 similis
3356 918 3671 993 disciplina
3688 923 3797 977 est“.

2154 1005 2336 1062 Nemo
2394 1012 2591 1064 autem
2647 1026 2680 1064 a
2720 1014 2890 1065 terra
2927 1008 3110 1065 solvet
3166 1007 3496 1065 funiculum
3527 1009 3549 1044 ⁸
3578 1010 3801 1087 absque

2146 1095 2415 1165 jussione
2445 1098 2657 1162 Patris.
2691 1114 2763 1154 ne
2792 1097 3053 1155 lembum
3086 1098 3348 1171 quidem.

2223 1192 2416 1249 CXIX.
2454 1196 2513 1250 In
2546 1194 2670 1251 loco
2701 1195 2945 1252 sentinae
2976 1198 3032 1251 et
3062 1195 3334 1252 interiore
3394 1199 3556 1268 parte
3604 1195 3791 1268 navis,

2151 1283 2376 1339 caeteris
2408 1283 2688 1340 fratribus
2715 1300 2893 1356 super
2918 1289 3178 1340 transtra
3215 1289 3273 1340 et
3322 1284 3593 1342 tabulata
3637 1284 3797 1359 quie-

2151 1371 2474 1440 scentibus,
2506 1370 2706 1427 nullus
2738 1372 3009 1439 dormiat,
3039 1378 3109 1430 et
3166 1372 3479 1430 saeculares
3526 1366 3797 1435 homines

2150 1460 2403 1515 dormire
2436 1477 2635 1517 secum
2668 1460 2727 1515 in
2759 1462 2887 1515 navi
2922 1478 3091 1517 nemo
3122 1461 3395 1534 patietur.
3426 1461 3583 1518 Vasa
3632 1461 3795 1521 inﬁr-

2149 1548 2336 1604 miora
2364 1566 2499 1604 cum
2524 1549 2746 1605 caeteris
2768 1549 2852 1606 eis
2882 1567 2997 1606 non
3021 1550 3380 1623 navigabunt
3407 1569 3421 1619 ;
3483 1551 3597 1607 nisi
3652 1551 3797 1609 forte

2146 1642 2319 1693 Pater
2348 1637 2688 1695 monasterii
2720 1639 3058 1711 praeceperit
3087 1638 3193 1713 [Αἰ.
3229 1639 3525 1713 praecepit]

2216 1737 2368 1793 CXX.
2403 1736 2613 1793 Nullus
2646 1738 2703 1793 in
2736 1754 2909 1794 nomo
2940 1755 3048 1793 sua
3078 1737 3318 1794 audebit
3339 1737 3534 1795 focum
3582 1737 3793 1808 facere,

2148 1826 2260 1883 nisi
2281 1827 2340 1881 in
2367 1843 2678 1883 commune
2708 1827 2982 1883 omnibus
3012 1827 3421 1885 succendatur.

2218 1924 2397 1980 CXXI.
2433 1924 2541 1991 Qui
2569 1942 2685 1980 una
2715 1925 2976 1982 oratione
3020 1926 3092 1982 de
3135 1941 3237 1981 sex
3284 1924 3644 1982 orationibus
3695 1942 3793 1983 ve-

2147 2014 2422 2087 spertinis
2456 2014 2684 2071 tardius
2713 2014 2952 2076 venerit.
2983 2014 3070 2070 vel
3100 2014 3201 2087 qui
3249 2015 3670 2084 mussitaverit,
3730 2010 3793 2073 et

2146 2102 2377 2159 locutus
2410 2103 2584 2159 fuerit
2614 2104 2684 2160 ad
2739 2104 2987 2160 alterum
3033 2102 3124 2159 vel
3182 2103 3492 2160 subriserit
3543 2104 3604 2161 in
3662 2104 3795 2161 reli-

2146 2193 2281 2265 quis
2312 2191 2695 2261 orationibus,
2729 2192 3046 2249 constituto
3076 2193 3280 2261 ordine
3335 2197 3467 2267 aget
3511 2193 3795 2266 pceniten.

2146 2282 2310 2337 tiam.

2215 2370 2423 2426 CXXII.
2460 2371 2706 2437 Quando
2737 2372 2897 2427 domi
2926 2372 3234 2437 sedebunt,
3264 2388 3382 2429 non
3403 2371 3487 2429 eis
3510 2371 3683 2449 liceat
3706 2372 3793 2429 lo-

2146 2459 2245 2532 qui
2279 2458 2499 2531 aliquid
2535 2459 2851 2516 smculare:
2899 2460 3001 2516 sed
3049 2460 3099 2516 si
3129 2460 3271 2533 quid
3302 2462 3655 2535 praepositus
3719 2460 3794 2519 de

2145 2548 2462 2620 Scripturis
2493 2549 2776 2618 docuerit,
2808 2550 3071 2605 vicissim
3100 2548 3255 2606 inter
3281 2566 3345 2607 se
3375 2550 3696 2616 ruminent,
3727 2555 3790 2625 et

2145 2637 2398 2694 referant
2430 2655 2555 2711 qua:
2582 2638 2716 2710 quis
2747 2638 3016 2707 audierit,
3050 2637 3138 2694 vel
3172 2655 3299 2710 quae
3331 2639 3669 2697 memoriter
3701 2642 3787 2709 te-

2143 2731 2340 2782 neant.

2217 2817 2308 2871 τι
2344 2814 2577 2871 CXXIII.
2613 2815 2794 2872 Nemo
2826 2817 3151 2890 quidquam
3182 2818 3373 2891 operis
3430 2818 3624 2887 faciet,
3682 2835 3792 2877 nec

2141 2903 2391 2976 scyphos
2422 2903 2624 2976 plenos
2658 2922 2811 2978 aqua
2860 2906 3248 2977 circumferet,
3294 2922 3399 2963 nec
3457 2906 3791 2967 funiculum

2139 2993 2377 3065 quidem
2409 2992 2727 3065 torquebit,
2759 2994 2871 3050 nisi
2905 2996 3250 3068 praepositus
3277 2996 3537 3066 jusserit.

2214 3089 2447 3147 CXXIV.
2481 3091 2661 3146 Nemo
2685 3092 2899 3162 juncos
2938 3092 3171 3148 infusos
3227 3093 3286 3147 in
3334 3109 3488 3165 aqua
3517 3093 3629 3153 sibi
3678 3092 3790 3152 tol-

2141 3180 2221 3237 let
2250 3182 2320 3236 ad
2354 3180 2740 3253 cperandum,
2802 3180 2913 3237 nisi
2973 3181 3254 3254 magister
3301 3181 3687 3239 hebdomadis
3734 3180 3789 3240 ei

2141 3270 2384 3326 dederit.

2212 3367 2428 3423 CXXV.
2463 3368 2568 3434 Qui
2600 3385 2701 3423 vas
2732 3367 2907 3424 fictile
2940 3368 3177 3441 fregerit
3203 3376 3246 3436 δ,
3285 3374 3342 3426 et
3390 3371 3608 3441 juncos
3664 3374 3787 3427 ter-

2139 3457 2218 3512 tio
2276 3457 2577 3523 infuderit,
2640 3462 2772 3530 aget
2830 3458 3234 3529 pcenitentiam
3292 3459 3643 3532 vespere‘in
3686 3475 3790 3518 sex

2140 3546 2525 3601 orationibus.

2210 3643 2440 3699 CXXVI.
2473 3644 2609 3699 Post
2637 3660 2737 3699 sex
2767 3646 3059 3701 orationes
3098 3647 3334 3718 quando
3364 3646 3438 3702 ad
3497 3647 3787 3705 dormien-

2136 3733 2277 3788 dum
2309 3750 2512 3789 omnes
2536 3740 2904 3807 separantur,
2939 3734 3084 3790 nulli
3106 3733 3324 3803 licebit,
3356 3741 3594 3810 excepta
3610 3754 3792 3796 causa

2137 3822 2529 3889 necessitatis,
2562 3823 2757 3897 egredi
2782 3823 3119 3880 cubiculum
3148 3841 3345 3880 suum.

2205 3920 2464 3976 CXXVII.
2498 3920 2558 3976 Si
2592 3921 2768 3977 frater
2798 3921 3118 3990 dormierit,
3153 3923 3346 3979 omnis
3393 3940 3528 3980 eum
3578 3925 3786 3981 frater-

2135 4009 2289 4065 nitas
2316 4014 2720 4082 prosequatur.
2754 4010 2937 4067 Nemo
2966 4011 2986 4045 ⁷
3009 4016 3352 4083 permaneat
3381 4014 3606 4086 absque
3660 4028 3787 4075 ma-

2125 4098 2279 4170 joris
2311 4098 2575 4172 imperio,
2610 4116 2715 4155 nec
2738 4099 2950 4171 psallat
3007 4100 3120 4156 nisi
3179 4100 3230 4156 ei
3271 4101 3511 4174 jussum
3569 4102 3785 4175 fuerit:

2134 4204 2240 4243 nec
2271 4192 2401 4261 post
2437 4187 2686 4244 alterum
2744 4188 3040 4261 psalmum
3082 4189 3299 4262 jungat
3348 4189 3599 4249 alterum
3657 4191 3788 4251 sine

2135 4278 2431 4350 praepositi
2464 4276 2777 4335 voluntate.

2204 4376 2493 4432 CXXVIII.
2552 4375 2675 4432 Duo
2729 4376 2907 4433 simul
2932 4382 3192 4450 tempore
3222 4377 3415 4435 luctus
3447 4396 3563 4435 non
3620 4379 3786 4452 psal-

2134 4463 2276 4531 lent,
2310 4482 2414 4520 nec
2448 4464 2625 4537 pallio
2658 4465 3319 4523 circumdabuntur‘lino
3350 4468 3528 4540 (Forte
3575 4468 3782 4542 lineo).

2130 4551 2245 4608 Nec
2278 4554 2592 4626 quisquam
2624 4554 2735 4610 erit
2774 4554 2875 4626 qui
2930 4555 3200 4627 psallenti
3253 4573 3368 4612 non
3410 4557 3783 4630 respondeat,

2130 4642 2230 4697 sed
2257 4643 2542 4715 jungetur
2570 4648 2627 4699 et
2655 4643 2864 4716 gradu.
2896 4648 2952 4700 et
2976 4662 3110 4701 voce
3141 4661 3417 4701 consona.

2199 4740 2435 4797 CXXIX.
2496 4740 2602 4805 Qui
2663 4745 2754 4797 est
2810 4742 3103 4810 infirmus,
3164 4743 3223 4798 in
3283 4743 3485 4802 funere
3538 4744 3785 4804 habebit

2115 4974 2391 5045 junxerit.

2193 5047 2213 5080 ⁵
2242 5046 2486 5123 Statius,
2541 5047 2834 5123 nauigium
2857 5048 3207 5123 funiculum;
3230 5048 3331 5123 alii
3363 5049 3525 5116 editi,
3555 5052 3778 5123 navigii

2118 5119 2502 5193 funiculum
2535 5119 2657 5193 sed,
2692 5136 2785 5193 ne,
2817 5120 3053 5175 lembum
3109 5122 3349 5192 quidem,
3407 5126 3483 5193 et,
3531 5124 3593 5179 In
3654 5119 3777 5184 ιὸεο

2118 5192 2354 5245 sentinae
2383 5189 2598 5261 pariter
2628 5190 3054 5247 desiderantur.

2187 5261 2514 5332 6Princeps
2619 5262 2814 5336 Clitio,
2926 5264 3010 5318 vel
3119 5265 3368 5336 aliquam
3467 5266 3771 5336 utilitatem

2118 5330 2371 5386 adversus
2400 5330 2721 5407 monasterii
2751 5333 2881 5406 (leg.
2916 5336 2997 5389 vel
3026 5330 3275 5407 aliquam
3303 5354 3419 5392 rem
3447 5337 3647 5407 utilem,
3696 5335 3772 5394 ad

2117 5419 2255 5475 usus"
2268 5404 2643 5475 monasterii).

2187 5475 2206 5509 ⁷
2236 5473 2470 5530 Veteres
2501 5473 2661 5541 editi,
2710 5476 2872 5559 Nemo
2929 5482 3087 5535 exeat
3132 5481 3304 5553 foras,
3362 5496 3520 5539 nemo
3579 5479 3768 5559 loqua.

360 5540 571 5623 positus
595 5538 819 5616 elegerit
844 5540 915 5599 de
933 5539 1224 5617 fratribus,
1254 5548 1306 5601 et
1355 5538 1545 5602 cura'm
1599 5546 1653 5604 ei
1706 5538 1878 5604 Euam'
1912 5548 2007 5606 ἰηι-
2113 5552 2229 5618 tur,
2256 5561 2415 5607 nemo
2443 5538 2748 5623 remaneat,
2782 5552 2890 5608 etc.
