4118 6158
274 102 342 170 BI
1190 104 1826 175 INTEBPRETATIO
1871 103 2210 171 REGULJE
2253 105 2317 169 S.
2365 104 2765 172 PAGHOMII.
3601 99 3679 168 82

274 240 615 299 ministrum
637 241 739 315 qui
769 260 903 301 eum
936 246 1243 313 sustentet,
1272 251 1329 301 et
1357 246 1596 302 omnino
1624 246 1693 300 ad
1728 262 1927 316 quem-
1955 244 2007 309 A
2041 261 2156 301 una
2190 250 2355 301 nocte
2386 246 2605 318 absque
2664 245 2942 302 fratribus
2991 241 3332 301 dormierit:
3366 243 3421 300 et
3476 243 3679 315 postea

246 348 503 405 cunque
530 331 726 389 locum
788 334 958 391 missi
1018 334 1233 391 fuerint
1288 336 1515 402 fratres,
1577 336 1649 391 de
1704 335 1925 390 hebdo-

272 422 555 477 madariis
586 423 891 479 habebunt
922 441 1022 481 eos
1054 426 1151 496 qui
1187 426 1604 497 aegrotantibus
1649 424 1919 492 serviant,

270 511 313 566 si
367 512 515 567 forte
576 513 632 566 in
695 513 903 569 itinere
961 514 1048 569 vel
1109 514 1168 569 in
1227 531 1366 586 agro
1413 513 1661 586 languor
1717 515 1920 586 obrep-

267 602 432 657 serit.

341 691 550 746 CXXX.
583 691 766 747 Nemo
800 699 934 748 ante
985 693 1364 766 praepositum
1422 697 1478 748 et
1509 694 1713 747 ducem
1748 708 1922 747 suum

273 781 570 837 ambulet:
605 782 808 837 nullus
842 789 1141 838 remaneat
1172 784 1242 837 ab
1270 782 1474 836 ordine
1501 799 1628 836 suo.

338 870 575 926 CXXXI.
614 872 671 926 Si
707 872 842 942 quis
904 870 1126 943 aliquid
1174 871 1510 943 perdiderit,
1562 876 1693 925 ante
1743 870 1922 925 altare

267 960 499 1031 publice
531 960 904 1032 corripiatur.
938 961 996 1015 Si
1044 978 1175 1017 vero
1208 962 1278 1015 de
1328 960 1579 1032 propriis
1626 960 1923 1015 vesticulis

265 1049 441 1105 fuerit
470 1049 626 1120 quod
664 1050 958 1122 perditum
993 1056 1099 1117 est,
1134 1051 1321 1106 tribus
1372 1050 1755 1105 hebdomadis
1806 1067 1920 1104 non

267 1139 515 1209 accipiet
544 1157 558 1203 ς
588 1144 644 1193 et
667 1138 727 1193 in
760 1145 970 1211 quarta
1025 1145 1155 1196 acta
1212 1140 1553 1213 pcenitentia
1586 1139 1822 1193 dabitur
1872 1139 1921 1194 ei

268 1227 428 1298 quod
463 1227 737 1282 amiserit.

336 1316 600 1372 CXXXII.
651 1318 758 1380 Qui
812 1318 1101 1373 invenerit
1158 1318 1403 1389 aliquid,
1465 1336 1566 1390 per
1623 1324 1737 1374 tres
1797 1319 1920 1373 dies

264 1409 393 1461 ante
426 1404 739 1459 collectam
799 1406 1046 1460 fratrum
1115 1407 1454 1477 suspendet,
1514 1411 1569 1460 et
1600 1407 1773 1477 [Forte
1836 1406 1919 1475 ut}

257 1493 423 1549 tollat
461 1494 567 1565 qui
602 1495 957 1566 cognoverit.

323 1583 627 1639 CXXXIII.
665 1583 905 1639 Cunctis
934 1584 1433 1656 increpationibus
1478 1588 1651 1656 atque
1708 1583 1918 1639 doctri-
1950 1620 1997 1684 Β

264 1671 372 1739 uis,
411 1689 673 1744 quarum
706 1674 925 1744 scripta
979 1678 1069 1729 est
1123 1678 1179 1729 et
1234 1675 1575 1742 constituta,
1634 1674 1920 1746 correptio

260 1760 565 1832 prmpositi
599 1762 873 1829 sufﬁciet,
910 1768 965 1817 et
995 1763 1133 1835 quid
1189 1769 1382 1819 autem
1441 1764 1571 1819 novi
1634 1764 1805 1819 fuerit
1858 1763 1916 1818 in

258 1848 466 1905 delicto
494 1870 507 1905 :
542 1852 758 1907 referet
788 1853 857 1906 ad
890 1852 1213 1925 principem
1247 1854 1605 1909 monasterii.

334 1941 435 1995 72
484 1940 725 1995 CXXIV.
796 1943 1005 1997 Lotum
1077 1943 1135 1996 in
1213 1943 1387 1998 domo
1466 1943 1665 1998 nullus
1747 1943 1921 1998 faciat

258 2026 484 2100 absque
513 2046 612 2095 eo;
649 2034 708 2085 et
739 2047 913 2086 omne
956 2032 1110 2102 quod
1171 2048 1384 2087 novum
1443 2039 1533 2087 est
1578 2032 1737 2087 illius
1786 2049 1915 2087 sen-

256 2118 439 2173 tentia
468 2119 842 2190 disponatur.

319 2207 584 2263 CXXXV.
622 2208 831 2264 Omnis
865 2210 1151 2280 correptio
1203 2210 1288 2264 ita
1338 2212 1453 2277 fiat,
1513 2216 1577 2265 ut
1605 2210 1865 2265 distincti
1901 2212 1911 2243 '

258 2295 379 2351 sint
434 2296 537 2368 qui
596 2297 1041 2370 corripiuntur;
1076 2302 1346 2370 stentque
1376 2299 1433 2354 in
1486 2299 1692 2371 majori
1745 2299 1915 2354 colle-

260 2389 375 2449 cta,
408 2391 461 2439 et
490 2385 548 2440 in
577 2386 861 2441 vescendi
888 2386 1034 2443 loco.

335 2474 621 2531 CXXXVI.
661 2476 771 2540 Qui
802 2476 1025 2547 absque
1057 2478 1512 2533 commonitione
1546 2478 1789 2533 fratrum
1821 2494 1913 2533 re-

263 2566 522 2632 cesserit,
556 2568 618 2619 et
670 2569 881 2636 postea
934 2570 1061 2620 acta
1111 2566 1450 2638 paenitentia
1508 2567 1747 2634 venerit,
1800 2584 1914 2622 non

255 2653 363 2707 erit
391 2653 451 2707 in
484 2653 698 2708 ordine
720 2670 828 2708 suo
852 2654 1071 2726 absque
1094 2656 1334 2726 majoris
1364 2656 1631 2727 imperio.

322 2742 656 2797 CXXXVII.
690 2743 1048 2816 Praspositus
1079 2745 1292 2801 domus
1337 2752 1396 2801 et
1453 2747 1825 2818 dispensator
1867 2746 1915 2800 si

325 2924 341 2956 ³
374 2923 589 2997 Eadem
624 2922 914 2997 disiuncti,
948 2924 1020 2977 ad
1046 2923 1293 2997 margin.
1312 2925 1769 2996 distincti,quam
1796 2926 1919 2980 Sta-

2037 340 2164 391 acta
2203 336 2566 407 paenitudine
2622 336 2693 392 ad
2751 339 3100 392 conventum
3142 332 3362 390 venerit
3406 332 3675 401 fratrum,

2036 442 2147 479 non
2183 426 2231 479 ei
2266 428 2655 497 pcrmittetur,
2690 429 2755 480 ut
2785 425 3034 480 introeat
3050 424 3311 491 domum,
3344 427 3447 479 aut
3472 427 3584 480 stet
3613 423 3674 478 in

2036 514 2235 569 ordine
2263 532 2368 569 suo
2400 516 2621 587 absque
2646 515 2885 587 majoris
2910 513 3176 587 imperio.

2106 602 2442 661 CXXXVIII.
2504 605 2687 661 Omne
2746 605 2900 677 quod
2960 604 3020 658 in
3080 605 3363 659 conventu
3431 602 3675 658 fratrum

2036 693 2347 747 audierunt
2404 695 2793 765 disputatum,
2846 693 3193 749 necessitate
3241 695 3541 765 cogentur,
3610 695 3679 749 ut

2034 781 2186 835 inter
2215 799 2275 837 se
2307 784 2607 855 replicent,
2655 784 3018 854 jejuniorum
3081 782 3335 837 maxime
3392 778 3677 854 tempore,

2035 873 2269 941 quando
2303 890 2334 926 a
2366 873 2488 927 suis
2516 874 2798 927 docentur
2827 872 3173 943 praepositis.

2105 960 2390 1015 CXXXIX.
2426 963 2529 1025 Qui
2565 962 2726 1016 rudis
2758 962 3179 1017 monasterium
3224 960 3397 1016 fuerit
3452 958 3676 1033 ingrcs-

2033 1066 2156 1118 sus,
2214 1052 2519 1106 docebitur
2578 1052 2741 1122 prius
2799 1068 2925 1122 quae
2973 1051 3177 1106 debeat
3226 1051 3571 1106 observare:
3620 1053 3679 1105 et

2032 1156 2165 1194 cum
2194 1141 2401 1196 doctus
2462 1142 2531 1196 ad
2595 1140 2863 1197 universa
2915 1140 3297 1209 consenserit,
3356 1140 3579 1196 dabunt
3623 1140 3675 1196 ei

2034 1230 2239 1301 viginti
2273 1230 2537 1286 Psalmos
2568 1234 2625 1285 et
2673 1231 2821 1285 duas
2880 1229 3167 1302 Epistolas
3224 1226 3508 1301 ApostOli,
3575 1228 3679 1284 aut

2033 1317 2272 1373 alterius
2305 1319 2618 1391 Scriptura:
2638 1323 2882 1391 partem.
2918 1323 2985 1373 Et
3014 1317 3063 1373 si
3093 1317 3318 1374 litteras
3374 1315 3674 1389 ignorave-

2031 1408 2127 1475 rit,
2162 1408 2305 1463 hora
2338 1408 2549 1479 prima,
2581 1412 2635 1462 et
2665 1407 2842 1463 tertia
2898 1412 2957 1462 et
3007 1412 3167 1463 sexta
3222 1405 3389 1461 vadet
3435 1406 3506 1461 ad
3538 1420 3683 1463 eum.

2032 1496 2132 1568 qui
2165 1498 2369 1553 docere
2416 1501 2624 1569 potest,
2674 1502 2730 1552 et
2773 1496 2873 1569 qui
2924 1496 2974 1552 ei
3021 1494 3191 1551 fuerit
3246 1492 3569 1567 delegatus,
3619 1498 3679 1551 et

2032 1587 2209 1641 stabit
2241 1590 2373 1641 ante
2431 1585 2622 1651 illum,
2683 1591 2738 1641 et
2785 1586 2971 1641 discet
3025 1584 3479 1652 studiosissime,
3540 1598 3683 1639 cum

2030 1676 2188 1730 omni
2222 1674 2543 1747 gratiarum
2572 1675 2816 1731 actione.

2099 1765 2250 1821 CXL.
2286 1770 2491 1820 Postea
2519 1782 2653 1820 vero
2706 1764 3034 1820 scribentur
3061 1764 3111 1819 ei
3143 1762 3451 1830 elementa,
3506 1758 3677 1835 sylla-

2030 1855 2132 1919 bze,
2166 1856 2360 1923 verba,
2394 1872 2458 1909 ac
2490 1855 2729 1911 nomina
2756 1871 2767 1909 :
2802 1858 2859 1909 et
2886 1853 3063 1909 etiam
3085 1852 3291 1908 uolens
3312 1852 3501 1925 legere
3521 1845 3677 1907 com-

2031 1942 2301 2014 pelletur,
2353 1947 2409 1998 et
2439 1943 2679 1999 omnino
2730 1942 2928 1998 nullus
2957 1942 3069 1997 erit
3097 1942 3153 1996 in
3172 1941 3547 2008 monasterio,
3572 1938 3681 2013 qui

2031 2049 2143 2086 non
2202 2032 2389 2088 discat
2452 2032 2697 2096 litteras,
2775 2037 2833 2086 et
2908 2032 2980 2086 de
3047 2028 3364 2101 Scripturis
3450 2024 3685 2101 aliquid

2028 2125 2257 2177 teneat:
2295 2121 2392 2193 qui
2448 2121 2763 2175 minimum
2824 2137 3011 2191 usque
3071 2118 3140 2175 ad
3202 2135 3414 2174 novum
3470 2116 3673 2174 Testor

2029 2215 2289 2264 mentum
2326 2213 2381 2264 et
2413 2208 2691 2263 Psalteriu
2704 2226 2756 2263 m
2770 2250 2781 2262 .

2098 2298 2275 2353 CXLI.
2310 2299 2395 2352 Ad
2425 2298 2745 2363 collectam,
2779 2300 2836 2351 et
2865 2297 2935 2351 ad
2992 2294 3364 2368 psallendum
3405 2296 3458 2349 et
3508 2298 3675 2351 oran-

2028 2389 2168 2442 dum
2202 2387 2397 2441 nullus
2431 2386 2542 2442 sibi
2572 2386 2978 2458 occupationes
2999 2388 3020 2419 ²
3049 2384 3326 2451 inveniat,
3361 2382 3583 2454 quibus
3609 2397 3671 2439 se

2028 2476 2181 2531 dicat
2201 2480 2545 2548 occupatum
2580 2475 2746 2546 quasi
2776 2475 2860 2531 ire
2888 2492 3005 2530 non
3038 2472 3241 2547 possit.

2099 2565 2304 2619 CXLII.
2342 2565 2407 2619 Et
2437 2564 2487 2618 si
2519 2563 2578 2618 in
2610 2564 2739 2619 navi
2770 2563 2967 2631 fuerit,
2998 2567 3057 2619 et
3084 2564 3142 2618 in
3194 2561 3571 2628 monasterio,
3617 2563 3676 2617 et

2029 2655 2087 2708 in
2141 2669 2302 2726 agro,
2333 2660 2389 2708 et
2439 2653 2496 2707 in
2531 2652 2756 2720 itinere,
2791 2656 2848 2707 et
2898 2652 2958 2706 in
3009 2652 3273 2724 quolibet
3322 2649 3670 2718 ministerio,

2028 2742 2233 2797 orandi
2266 2746 2321 2797 et
2351 2740 2642 2813 psallendi
2670 2746 2937 2812 tempora
2966 2758 3081 2796 non
3103 2738 3525 2812 praetermittat.

2030 2924 2219 2995 capite
2237 2923 2740 2995 emendaturosse
2768 2919 3174 2995 promittentes
3210 2918 3366 2987 vitia,
3424 2918 3483 2974 iu
3538 2917 3669 2990 qui-

248 2992 316 3068 tij
350 2990 759 3068 conjecturam
791 2996 1048 3068 editores
1078 2990 1392 3068 alii'secuti
1425 3002 1583 3064 sunt,
1612 2990 1726 3068 'qui
1776 2997 1914 3051 item
1948 2990 1989 3057 C
2030 2990 2139 3050 bu's
2170 2998 2519 3068 arguuntur,
2548 2990 2787 3068 veniam
2811 2993 3215 3068 deprecentur.
3248 3014 3275 3068 η

250 3056 337 3119 sic
372 3056 573 3148 leg'unt
610 3066 843 3193 reliqua
873 3066 1057 3149 hujus
1085 3067 1344 3148 capituli,
1380 3092 1407 3116 ‹‹
1443 3068 1545 3132 Qui
1572 3056 1916 3149 corripiun-

250 3141 375 3193 tur.
405 3139 679 3193 dImISSIS
714 3140 729 3193 (
769 3182 780 3192 .
815 3138 1115 3193 demismsl
1150 3140 1445 3193 manibus.
1498 3144 1552 3193 et
1610 3140 1916 3193 humiliato

250 3141 375 3204 tur,
405 3138 679 3193 dimissis
714 3138 780 3209 (ι.
815 3138 1115 3209 demissis)
1150 3140 1445 3206 manibus,
1498 3144 1552 3194 et
1610 3138 1917 3196 bum'iliato

2099 3068 2120 3101 ²
2150 3065 2350 3135 Iidem,
2383 3083 2537 3121 nemo
2566 3066 2669 3120 sib:
2693 3067 2997 3121 occasiones
3026 3065 3293 3121 inveniat.

1058 3510 1494 3570 PRECEPTA
1538 3510 1637 3571 ET
1681 3510 2105 3571 lNSTITUTA
2149 3512 2212 3571 S.
2262 3510 2330 3569 P.
2380 3511 2452 3569 N.
2498 3508 2900 3568 PACHOMII.

254 3857 565 3921 Quomodo
599 3856 849 3930 collecta
881 3856 1005 3930 fieri
1037 3856 1261 3921 debeat,
1282 3862 1341 3911 et
1373 3858 1581 3930 fratres
1613 3856 2007 3929 congregandi
2039 3857 2156 3911 sint
2187 3858 2256 3911 ad
2292 3854 2645 3912 audiendum
2681 3874 3009 3930 sermonem
3043 3857 3165 3930 Dei,
3188 3858 3362 3930 juxta
3399 3860 3705 3930 pracepta,

334 3930 635 3999 majorum
659 3928 1057 3985 etdoetrinam
1074 3932 1408 3982 sanctarum
1426 3926 1883 3999 Scripturarum,
1902 3934 1963 3983 ut
1980 3930 2294 3984 liberentur
2308 3930 2377 3982 de
2394 3944 2584 4000 errore
2601 3927 2804 3982 anima:
2820 3930 2857 3995 ί,
2873 3935 2924 3983 et
2945 3926 3465 4000 gloriﬁcentDeum
3484 3929 3541 3983 in
3555 3926 3705 4000 luce

328 3998 682 4065 viventium,
706 4006 766 4055 et
791 4001 889 4066 (At.
916 4000 1001 4071 ut)
1016 4000 1205 4054 sciant
1225 4000 1518 4070 quomodo
1534 3998 1864 4067 oporteatin
1885 4002 2057 4055 domo
2072 4001 2168 4056 Dei
2193 3998 2519 4055 conversari
2534 4003 2660 4054 sine
2673 4002 2842 4071 ruina
2855 4005 2907 4054 et
2927 3998 3223 4065 seandalo,
3257 4004 3320 4053 ut
3336 4014 3450 4054 non
3474 3999 3686 4071 inebri-

330 4076 507 4126 eutur
518 4071 723 4143 aliqua
740 4069 1139 4142 passione,sed
1161 4069 1387 4125 ste’ntin
1412 4088 1690 4126 mensura
1702 4072 2470 4133 veritatis,ettraditionibus
2483 4070 2877 4142 apostolorum
2893 4071 3373 4143 etpropbetarum
3390 4069 3690 4143 :et_solem-

338 4145 585 4198 uitatum
614 4141 885 4216 ordinem
903 4148 1158 4212 teneant,
1180 4144 1479 4216 imitantes
1493 4144 2112 4216 conversationem[Al.
2134 4141 2662 4216 congregationem]
2695 4159 2895 4197 eorum
2938 4143 2993 4216 in
3020 4141 3192 4216 domo
3216 4142 3339 4216 _Dei,
3362 4145 3420 4198 et
3454 4141 3688 4212 jejunio.

336 4219 511 4285 atque
541 4215 844 4270 orationes
875 4232 943 4270 ex
973 4231 1133 4270 more
1164 4213 1547 4285 complentes.
1583 4214 1687 4281 Qui
1720 4215 1875 4269 enim
1913 4213 2056 4269 bene
2088 4213 2425 4271 ministrant
2457 4218 2785 4286 sequuntur
2813 4214 3074 4286 regulam
3106 4213 3565 4285 Scripturarum.

335 4419 437 4474 73
502 4419 741 4474 CXLIII.
802 4419 920 4474 Hoc
976 4423 1066 4474 est
1122 4436 1259 4490 ergo
1308 4418 1702 4474 ministerium
1773 4420 1927 4491 quod
1962 4423 2006 4486 D
2039 4421 2356 4476 occurrerit
2386 4420 2643 4491 accipere
2685 4436 2833 4491 opus
2865 4420 3019 4491 quod
3070 4420 3250 4476 altera
3294 4419 3387 4477 die
3427 4420 3690 4479 facturus

244 4508 546 4575 Ecclesia
580 4508 841 4563 ministri
874 4524 1139 4565 exercere
1172 4509 1277 4580 [AL
1314 4508 1578 4579 implere]
1612 4508 1927 4563 debebunt.

248 4598 647 4668 Congregent
678 4598 885 4652 fratres
942 4597 1223 4653 orationis
1280 4600 1560 4667 tempore,
1622 4601 1677 4652 et
1734 4597 1932 4652 omnia

2044 4514 2150 4573 est,
2186 4526 2355 4564 mane
2391 4510 2441 4564 ei
2472 4509 2786 4565 tribuatur.

2116 4599 2347 4665 CXLVI,
2383 4598 2441 4654 Si
2473 4599 2748 4654 defecerit
2771 4614 2917 4669 opus
2950 4599 3104 4670 quod
3160 4599 3415 4655 habebat
3461 4599 3519 4653 iu
3570 4614 3693 4655 ma-

253 4678 658 4757 faciantque
683 4685 791 4740 rite
824 4685 1169 4758 complenda
1204 4690 1359 4751 sunt,
1421 4685 1643 4740 nullam
1703 4686 1809 4757 [Αἰ.
1869 4692 1934 4741 ut
2045 4688 2241 4755 nibus,
2291 4688 2502 4742 referat
2551 4688 2620 4742 ad
2673 4687 2915 4758 majoris
2964 4687 3268 4742 scientiam
3310 4688 3415 4760 [AL
3458 4690 3691 4746 senten-

240 4774 524 4845 nuIIam]
580 4774 984 4830 detrectationi
1059 4774 1423 4830 occasionem
1481 4774 1764 4840 tribuant,
1827 4792 1931 4830 nec

237 4860 474 4919 sinant
534 4861 839 4919 ambulare
916 4864 1251 4936 quempiam
1319 4864 1675 4918 contrarium
1757 4863 1930 4920 disci-

238 4952 468 5027 plinas.

315 5041 581 5099 CXLIV.
651 5042 713 5097 Si
800 5042 1058 5097 codicem
1136 5041 1577 5113 postulaverint,
1667 5043 1933 5099 deferant

233 5152 553 5277 emthLV.
588 5220 645 5275 Si
683 5220 819 5292 quis
852 5221 923 5276 de
950 5219 1091 5277 foris
1137 5220 1359 5275 venerit
1415 5236 1671 5293 vespere,
1729 5225 1785 5277 et
1814 5239 1929 5277 non

316 5404 333 5437 ²
371 5399 654 5457 Statiana
682 5399 882 5467 editio,
914 5403 1121 5459 animm
1146 5415 1548 5470 conventorum,
1582 5404 1688 5456 etc.

2042 4775 2231 4840 tiam],
2268 4780 2321 4830 et
2353 4777 2505 4847 quod
2531 4776 2629 4831 ille
2651 4777 3007 4848 praeceperit,
3043 4775 3232 4832 faciat.

2114 4864 2367 4920 CXLVII.
2401 4865 2509 4929 Qui
2566 4865 2837 4920 minister
2893 4868 2982 4919 est
3038 4863 3250 4920 habeat
3306 4864 3570 4924 studium
3619 4882 3694 4924 ne

2048 4955 2186 5027 quid
2224 4954 2414 5025 operis
2445 4958 2643 5025 pereat
2673 4954 2733 5009 in
2787 4952 3139 5009 monasterio
3172 4954 3229 5009 in
3290 4953 3411 5011 ulla
3453 4956 3694 5015 omnino

2049 5049 2171 5100 arte
2232 5062 2357 5115 quae
2416 5046 2713 5098 exercetur
2762 5060 2795 5097 a
2855 5042 3154 5098 fratribus.
3205 5045 3369 5109 Quod
3426 5046 3475 5103 si
3551 5046 3693 5119 quid

2048 5132 2305 5205 perierit,
2338 5137 2394 5189 et
2424 5130 2778 5204 negligentia
2808 5131 2982 5187 fuerit
3012 5131 3386 5206 dissipatum,
3429 5135 3693 5207 increpa-

2046 5223 2205 5278 bitur
2238 5240 2271 5276 a
2330 5223 2494 5277 Patre
2554 5220 2823 5277 minister
2873 5218 3115 5294 operum
3175 5223 3576 5300 singulorum,
3633 5224 3697 5280 et

3708 5768 4118 5909 Γ
