4118 6158
406 129 486 206 83
1654 147 1717 210 s.
1765 147 2075 214 EUSEBII
2119 150 2562 216 HIERONYMI
3729 144 3805 211 84

399 276 526 352 ipse
553 297 756 337 rursus
785 279 1109 354 increpabit
1138 280 1339 350 alium,
1375 283 1474 354 qui
1507 301 1653 355 opus
1689 283 2043 355 perdiderit;
2077 291 2126 353 Α
2158 297 2312 354 sunt,
2365 286 2620 343 viderqu
2664 287 3035 361 praepositum
3087 283 3335 342 nimium
3383 282 3799 358 negligentem,

402 371 684 426 duntaxat
706 371 878 440 juxta
915 370 1272 426 voluntatem
1319 376 1376 426 et
1431 372 1778 427 sententiam
1835 373 2044 443 princi-

396 460 508 532 pis,
542 461 762 531 absque
810 477 924 531 quo
956 459 1152 516 nullus
1202 461 1542 532 increpandi
1577 464 1811 516 fratrem
1871 462 2046 518 habe-

405 549 490 605 bit
520 553 891 620 potestatem.

469 639 755 694 CXLVIII.
790 638 847 693 Si
887 639 1302 693 vestimentum
1362 640 1432 693 ad
1484 639 1663 694 solem
1725 656 2047 712 expansum

397 729 606 784 tertius
637 726 924 782 invenerit
953 728 1075 782 dies
1113 729 1149 794 ί,
1171 728 1445 782 dominus
1479 745 1580 799 pro
1612 745 1677 783 eo
1719 728 2045 800 increpabi-

399 820 518 880 tur.
580 823 636 872 et
687 821 817 888 aget
870 817 1270 887 pmnitentiam
1331 815 1560 888 publice
1613 816 1671 870 in
1730 817 1971 872 collecta
2002 819 2041 884 ²,

396 905 675 962 Pellicula
705 912 760 960 et
788 905 1095 976 galliculm,
1130 909 1184 959 et
1209 905 1530 974 cingulum,
1552 910 1608 958 et
1638 905 1686 960 si
1719 905 1858 976 quid
1884 905 2040 961 aliud

398 995 655 1067 perierit,
693 996 791 1066 qui
827 994 1139 1066 perdiderit
1175 994 1595 1064 increpabitur.

413 1125 416 1128 .
467 1085 696 1140 CXLIX.
729 1084 785 1139 Si
828 1084 960 1155 quis
1023 1084 1222 1138 tulerit
1273 1099 1389 1137 rem
1444 1100 1557 1137 non
1620 1101 1811 1154 suam,
1856 1087 2043 1154 portet

398 1174 808 1244 [AL-ponetur]
839 1189 1017 1244 supra
1049 1171 1324 1226 humeros
1355 1172 1505 1242 ejus,
1567 1177 1621 1226 et
1679 1177 1808 1243 aget
1866 1171 2042 1243 poeni-

395 1263 635 1318 tentiam
672 1261 899 1333 publice
930 1262 985 1316 in
1017 1260 1276 1329 collecta,
1340 1261 1635 1332 stabitque
1694 1262 1751 1314 in
1803 1277 2038 1316 vescen-

394 1351 451 1406 di
487 1350 612 1406 loco
644 1353 684 1405 ³.

463 1441 567 1495 CL.
601 1440 657 1494 si
691 1441 961 1496 inventus
1003 1440 1174 1494 fuerit
1222 1456 1376 1494 unus
1429 1456 1460 1494 e
1492 1437 1771 1494 fratribus
1812 1437 2036 1510 aliquid

391 1546 495 1602 per
520 1530 950 1585 contentionem
985 1546 1184 1602 agens,
1234 1529 1320 1584 vel
1353 1528 1757 1584 eontradicens
1798 1528 2037 1598 majoris

391 1618 659 1691 imperio,
693 1618 1092 1692 increpabitur
1125 1619 1407 1687 74juxta
1439 1632 1782 1672 mensuram
1819 1616 2036 1686 peccati
2072 1657 2118 1721 Β

394 1725 509 1764 8111.

463 1797 590 1852 CLI.
631 1797 739 1863 Qui
798 1796 1098 1861 mentitur,
1162 1801 1264 1850 aut
1325 1795 1424 1867 qui
1487 1795 1619 1849 odio
1681 1810 2041 1865 quemquam

391 1885 607 1941 habere
638 1885 812 1940 fuerit
870 1884 1290 1956 deprehensus,
1355 1889 1458 1938 aut
1516 1883 1880 1944 inobediens.
1943 1886 2044 1937 aut

393 1974 528 2047 plus
549 1976 685 2046 joco
717 1992 895 2046 quam
927 1974 1240 2029 honestum
1263 1977 1350 2028 est
1373 1971 1628 2037 deditus,
1663 1975 1763 2026 aut
1794 1971 2036 2033 otiosus.

402 2069 505 2120 aut
534 2065 678 2119 dure
710 2064 1093 2135 respondens,
1129 2067 1232 2117 aut
1279 2062 1501 2116 habens
1555 2060 2040 2116 consuetudinem

393 2152 673 2208 fratribus
734 2152 1101 2218 detrahendi,
1142 2150 1231 2206 vel
1289 2150 1383 2206 his
1441 2150 1540 2221 qui
1576 2150 1715 2204 foris
1770 2154 1925 2216 sunt,
1986 2153 2042 2204 et

392 2242 634 2297 omnino
683 2241 965 2313 quidquid
1027 2245 1231 2295 contra
1289 2238 1550 2312 regulam
1601 2237 2037 2310 Scripturarum

388 2335 479 2387 est
506 2335 563 2386 et
584 2330 922 2386 monasterii
955 2329 1352 2401 disciplinam,
1387 2328 1586 2384 audiet
1619 2327 1784 2383 Pater
1833 2344 2038 2382 mona-

390 2421 572 2489 sterii,
598 2424 653 2476 et
676 2419 1181 2491 vindicabitjuxta
1214 2434 1552 2474 mensuram
1585 2433 1847 2489 opusque
1906 2433 2037 2488 pec-

396 2511 532 2566 cati.

459 2600 616 2654 CLII.
655 2599 1007 2670 Praepositus
1037 2599 1250 2652 domus
1305 2595 1487 2668 culpae
1546 2600 1602 2650 et
1654 2595 2038 2666 increpationi

391 2686 740 2757 suhjacebit,
773 2687 821 2740 si
853 2691 987 2740 ante
1018 2690 1134 2741 tres
1166 2685 1289 2740 dies
1307 2702 1423 2739 non
1456 2683 1811 2738 nuntiaverit
1841 2685 1995 2738 Patri
2023 2703 2034 2752 ;

389 2777 511 2833 sive
542 2777 601 2830 in
635 2777 744 2842 via,
779 2775 897 2832 sive
931 2775 988 2829 in
1021 2792 1184 2846 agro,
1219 2774 1338 2829 sive
1373 2773 1728 2828 monasterio
1760 2774 1898 2844 quid
1940 2791 2037 2844 pe-

390 2865 591 2921 rierit:
628 2870 875 2937 agetque
911 2863 1138 2936 publice
1161 2863 1562 2934 pamitentiam
1581 2863 1749 2932 juxta
1772 2862 2036 2916 ordinem

391 2955 796 3010 constitutum.
832 2955 900 3008 Et
933 2953 980 3008 si
1015 2952 1188 3008 homo
1225 2952 1455 3024 fugerit,
1481 2956 1536 3006 et
1558 2958 1692 3006 ante
1723 2956 1839 3006 tres
1865 2950 2039 3006 horas

2160 381 2262 431 aut
2291 377 2847 448 dureincrepantem
2906 378 3132 443 fratres,
3183 380 3240 432 et
3288 389 3624 430 mensuram
3679 389 3800 428 mo-

2159 465 2396 520 nasterii
2429 467 2822 535 excedentem,
2864 467 3114 522 referent
3138 466 3208 521 ad
3239 465 3486 530 Patrem,
3519 468 3576 518 et
3605 463 3678 516 ab
3736 477 3800 518 eo

2159 554 2572 626 increpabitur.
2609 556 2738 627 Ipse
2781 559 2974 611 autem
3021 553 3367 626 praepositus
3413 549 3560 606 nihil
3609 550 3798 617 faciet,

2159 643 2441 714 nisiquod
2477 644 2644 698 Pater
2666 645 2935 715 jusserit,
2958 643 3208 698 maxime
3238 642 3298 696 in
3331 658 3390 697 re
3422 657 3590 696 nova.
3653 640 3799 694 Nam

2157 747 2283 802 quae
2317 749 2384 787 ex
2427 749 2587 788 more
2633 732 2956 798 descendit,
3010 731 3263 787 servabit
3315 729 3547 803 regulas
3595 745 3802 784 mona-

2158 821 2341 875 sterii.

2224 911 2400 965 CLIX.
2437 911 2787 981 Praspositus
2820 928 2933 966 non
2965 909 3320 966 inebrietur:
3355 925 3469 964 non
3503 908 3701 963 sedeat
3741 908 3799 964 in

2153 997 2566 1054 humilioribus
2589 999 3058 1070 locisjuxtavasa
3087 997 3445 1063 monasterii,
3471 1014 3543 1052 ne
3569 1001 3801 1069 rumpat

2152 1087 2405 1154 vincula,
2437 1106 2564 1160 qua:
2601 1089 2754 1144 Deus
2778 1089 2832 1142 in
2863 1088 3004 1143 cmlo
3027 1087 3307 1155 condidit,
3334 1091 3397 1141 ut
3421 1087 3805 1142 observentur

2151 1176 2209 1231 in
2244 1177 2437 1232 terris.
2474 1179 2554 1232 Ne
2588 1177 2784 1250 lugeat
2815 1178 2874 1232 in
2907 1178 2998 1232 die
3026 1177 3166 1232 festo
3199 1174 3429 1231 Domini
3461 1173 3801 1231 Salvatoris.

2150 1265 2501 1321 Dominetur
2531 1267 2694 1321 carni
2729 1267 3041 1336 surejuxta
3070 1281 3408 1320 mensuram
3443 1269 3806 1318 sanctorum.

2148 1355 2627 1410 Noninveniatur
2659 1355 2717 1410 in
2747 1355 2993 1410 excelsis
3039 1351 3336 1408 cubilibus
3394 1351 3633 1407 imitans
3693 1352 3799 1423 [AL

2148 1443 2431 1511 imitatus]
2472 1461 2693 1500 morem
2721 1443 3054 1515 gentilium.
3089 1443 3211 1498 Non
3240 1442 3318 1497 sit
3347 1440 3600 1512 duplicis
3632 1441 3791 1498 fidei.

2150 1533 2275 1587 Non
2311 1539 2593 1604 sequatur
2623 1534 2814 1588 cordis
2857 1533 2948 1587 sui
2999 1531 3400 1603 cogitationes,
3453 1529 3554 1585 sed
3613 1529 3798 1602 legem

2148 1621 2268 1676 Dei.
2322 1622 2446 1676 Non
2491 1621 2732 1676 resistat
2789 1620 3237 1676 sublimioribus
3287 1617 3537 1673 tumenti
3603 1618 3800 1675 animo

2152 1709 2561 1781 potestatibus.
2621 1710 2746 1766 Non
2801 1709 3032 1777 tremat,
3082 1723 3268 1780 neque
3318 1706 3576 1762 hirriat‘
3623 1723 3800 1779 super

2151 1797 2516 1854 humiliores.
2550 1798 2676 1854 Non
2705 1798 3021 1854 transferat
3051 1798 3358 1853 terminos.
3385 1796 3509 1851 Non
3542 1796 3619 1851 sit
3638 1795 3800 1852 frau-

2151 1884 2452 1953 dulentus,
2487 1902 2674 1956 neque
2705 1885 2764 1940 in
2787 1885 3246 1958 cogitationibus
3271 1888 3459 1939 verset
3495 1882 3678 1938 dolos.
3717 1882 3799 1940 Ne

2150 1974 2408 2046 negligat
2437 1979 2737 2046 peccatum
2771 1975 2981 2030 animae
3005 1991 3121 2029 suae
3143 1975 3186 2030 ³.
3209 1973 3290 2028 Ne
3318 1973 3585 2028 vincatur
3605 1972 3799 2028 carnis

2148 2062 2397 2119 luxuria.
2434 2065 2558 2120 Non
2591 2063 2851 2120 ambulet
2881 2063 3260 2136 negligenter.
3293 2062 3416 2118 Non
3449 2061 3559 2117 cito
3590 2061 3800 2134 loqua-

2149 2156 2248 2208 tur
2275 2153 2516 2208 verbum
2551 2153 2828 2209 otiosum.
2884 2153 3006 2209 Non
3051 2155 3230 2226 ponat
3273 2151 3615 2207 scandalum
3665 2155 3799 2208 ante

2149 2241 2324 2313 pedes
2347 2242 2502 2296 οωοί.
2537 2243 2661 2296 Non
2694 2243 2899 2297 doceat
2918 2241 3276 2313 voluptatem
3309 2240 3570 2297 animam
3601 2257 3792 2297 suam.

2148 2330 2272 2386 Non
2315 2330 2643 2386 resolantur
2692 2332 2797 2402 [AL
2855 2329 3134 2402 solvatur]
3183 2330 3303 2385 risu
3354 2330 3672 2385 stultorum
3729 2346 3796 2385 ac

2139 2420 2295 2490 joco.
2331 2420 2456 2474 Non
2491 2420 2752 2492 rapiatur
2781 2436 2880 2474 cor
2905 2419 3033 2488 ejus
3083 2419 3154 2474 ab
3185 2418 3277 2474 his
3326 2419 3427 2490 qui
3478 2419 3674 2491 inepta
3719 2419 3801 2474 lo-

2147 2513 2412 2579 quuntur
2441 2514 2497 2564 et
2525 2508 2737 2565 dulcia.
2770 2509 2895 2564 Non
2941 2508 3207 2564 vincatur
3255 2507 3617 2563 muneribus.
3668 2509 3795 2564 Non

2154 2596 2529 2668 parvulorum
2583 2614 2914 2654 sermonem
2946 2598 2966 2632 ⁶
3013 2597 3214 2653 ducat.
3267 2597 3349 2652 Ne
3395 2597 3688 2669 aftligatur
3734 2597 3794 2653 in

2148 2685 2546 2742 tribulatione.
2600 2688 2678 2742 Ne
2731 2688 2934 2742 timeat
2989 2690 3259 2754 mortem,
3313 2687 3412 2742 sed
3456 2687 3660 2742 Deum.
3712 2687 3796 2743 Ne

2149 2775 2556 2845 praevaricator
2587 2775 2664 2832 sit
2692 2781 2930 2848 propter
2961 2776 3366 2831 imminentem
3393 2776 3498 2847 [AL
3530 2775 3794 2832 eminen-

2147 2865 2287 2934 tem]
2323 2863 2614 2920 timorem.
2641 2866 2767 2920 Non
2802 2864 3094 2937 relinquat
3114 2881 3313 2920 verum
3341 2864 3540 2920 lumen
3558 2869 3796 2937 propter

2148 2952 2406 3007 modicos
2437 2952 2616 3009 cibos.
2649 2954 2774 3009 Non
2807 2958 2973 3008 nutet
3019 2970 3084 3008 ac
3113 2953 3353 3008 fluctuet
3401 2952 3461 3008 in
3515 2953 3793 3025 operibus

391 3061 506 3101 non
543 3043 900 3099 nuntiaverit
929 3041 1102 3107 Patri,
1133 3059 1265 3097 reus
1297 3041 1405 3095 erit
1464 3039 1808 3112 perditionis
1867 3042 2032 3111 ejus:
2068 3025 2109 3092 C
2149 3042 2295 3096 suis.
2322 3042 2445 3097 Non
2479 3048 2664 3098 mutet
2695 3043 3066 3106 sententiam,
3100 3043 3200 3097 sed
3224 3041 3471 3098 firmisit
3501 3041 3792 3114 solidique

395 3132 510 3187 nisi
544 3137 738 3187 tamen
769 3149 903 3187 eum
939 3148 1139 3186 rursus
1174 3131 1474 3185 invenerit.

463 3222 644 3277 CLIII.
696 3221 826 3275 Haec
882 3226 972 3276 est
1029 3219 1170 3274 ultio
1217 3220 1274 3274 in
1325 3237 1459 3274 eum
1520 3219 1618 3290 qui
1679 3219 1913 3274 fratrem
1965 3219 2036 3274 de

391 3311 565 3366 domo
623 3309 973 3381 perdiderit:
1035 3309 1223 3363 tribus
1281 3309 1491 3364 diebus
1549 3313 1681 3380 aget
1739 3307 2033 3379 publicam

388 3400 824 3472 pmnitentiam;
887 3400 1040 3471 quod
1099 3399 1146 3454 si
1207 3399 1410 3454 eadem
1469 3399 1613 3454 hora
1686 3397 2037 3454 nuntiaverit

385 3489 561 3555 Patri,
594 3489 656 3545 in
687 3505 802 3561 qua
833 3489 1000 3561 fugit,
1035 3504 1169 3544 reus
1196 3505 1306 3542 non
1336 3489 1462 3542 erit.

457 3577 640 3632 CLIV.
699 3578 1004 3633 Peccatum
1056 3577 1105 3632 si
1164 3577 1222 3630 in
1281 3577 1454 3630 domo
1513 3593 1616 3631 sua
1687 3576 2031 3648 prmpositus

383 3665 612 3733 viderit,
644 3670 700 3722 et
730 3683 846 3721 non
878 3666 1078 3721 statim
1136 3665 1520 3736 increpaverit
1570 3665 2029 3737 delinquentem,

385 3772 490 3812 nec
521 3754 878 3811 nuntiaverit
905 3753 1058 3810 Patri
1094 3754 1453 3824 monasterii,
1498 3755 1622 3826 ipse
1681 3755 2030 3826 increpatio-

384 3843 476 3898 nis
508 3843 696 3898 ordini
729 3843 1070 3914 subjacebit.

453 3932 612 3987 CLV.
662 3932 769 3988 Per
816 3933 1021 3988 domos
1071 3932 1336 4004 singulas
1382 3949 1617 4005 vespere
1667 3951 1766 3989 sex
1823 3933 2029 3990 oratio-

382 4036 486 4075 nes
529 4019 908 4093 Psalmosque
944 4021 1345 4093 complebunt,
1371 4023 1542 4093 juxta
1573 4023 1837 4078 ordinem
1899 4041 2025 4078 ma-

373 4109 522 4179 joris
545 4108 816 4174 collectae,
846 4127 972 4181 quae
997 4128 1027 4164 a
1059 4111 1286 4166 cunctis
1318 4111 1597 4165 fratribus
1624 4111 1681 4166 in
1714 4128 2025 4166 commune

379 4197 724 4254 celebratur.

411 4303 416 4307 ‘
449 4287 626 4343 CLVI.
661 4292 769 4343 Per
798 4287 1062 4358 singulas
1122 4289 1517 4344 hebdomadas
1566 4289 1711 4343 binae
1757 4289 2020 4360 disputa-

2147 3129 2381 3199 decreti,
2407 3133 2686 3204 justeque
2717 3137 2927 3187 cuncta
2957 3133 3361 3199 considerans,
3403 3131 3681 3202 judicans
3729 3132 3790 3188 in

2145 3219 2408 3286 veritate,
2441 3221 2661 3292 absque
2695 3221 2957 3293 appetitu
3016 3220 3234 3292 gloria},
3281 3221 3629 3276 manifestus
3678 3226 3790 3277 Deo

2147 3313 2202 3361 et
2232 3307 2591 3376 hominibus,
2619 3314 2675 3365 et
2707 3327 2740 3364 a
2769 3310 2972 3365 fraude
3005 3309 3201 3380 procul
3249 3310 3355 3381 [AL
3415 3309 3696 3382 elongans
3726 3327 3790 3368 se

2145 3397 2191 3467 ξιξ
2210 3397 2453 3469 fraude].
2490 3398 2569 3452 Ne
2599 3397 2821 3470 ignorel
2879 3398 3375 3454 conversationem
3425 3404 3788 3468 sanctorum,

2144 3502 2248 3541 nec
2279 3487 2349 3541 ad
2381 3503 2580 3541 eorum
2606 3488 2912 3543 scientiam
2945 3505 3129 3543 caseus
3161 3488 3390 3543 existat.
3411 3487 3790 3545 Nullinoceat

2142 3592 2245 3646 per
2275 3576 2607 3646 superbiam
2635 3593 2646 3631 :
2683 3593 2785 3632 nec
2823 3579 2919 3632 76
2941 3581 3224 3648 sequatur
3281 3576 3788 3648 concupiscentias

2142 3663 2442 3718 oculorum
2493 3681 2756 3720 suorum.
2809 3665 2934 3720 Non
2994 3682 3128 3720 cum
3174 3669 3450 3737 superent
3496 3665 3790 3722 incentiva

2139 3752 2436 3808 vitiorum.
2497 3753 2810 3808 Veritatem
2864 3769 3168 3824 nunquam
3214 3758 3533 3824 praetereat.
3584 3753 3788 3809 Oderit

2138 3842 2528 3911 injustitiam:
2575 3842 2897 3898 secundum
2948 3843 3051 3913 [AL
3104 3841 3230 3915 sed]
3279 3859 3588 3914 personam
3631 3860 3786 3898 nun-

2139 3947 2314 4001 quam
2339 3932 2564 4001 judicet
2594 3948 2697 4003 pro
2723 3931 3090 4002 muneribus,
3123 3947 3229 3987 nec
3260 3931 3608 3987 condemnet
3653 3932 3789 3988 ani-

2140 4035 2294 4073 mam
2325 4021 2687 4075 innocentem
2721 4037 2821 4092 per
2855 4019 3214 4092 superbiam.
3257 4021 3380 4074 Non
3417 4019 3603 4074 rideat
3631 4019 3792 4075 inter

2135 4124 2369 4178 pueros.
2403 4109 2526 4163 Non
2561 4109 2793 4164 deserat
2835 4109 3143 4164 veritatem
3193 4109 3402 4164 timore
3443 4114 3784 4181 superatus.

2134 4197 2259 4251 Non
2296 4197 2565 4252 comedat
2597 4214 2805 4270 panem
2824 4198 2894 4252 de
2913 4197 3325 4253 fraudulentia.
3350 4196 3790 4254 Nondesideret

2133 4283 2382 4340 alienam
2438 4289 2674 4340 terram.
2727 4286 2849 4341 Non
2891 4285 3188 4358 opprimat
3233 4287 3493 4342 animam
3544 4291 3788 4358 propter

377 4377 584 4440 tiones,
617 4377 674 4430 id
707 4381 793 4431 est
824 4376 1176 4442 catecheses,
1213 4393 1246 4430 a
1277 4376 1584 4448 praeposito
1631 4376 2021 4453 eomplebun-
2055 4396 2100 4459 D
2132 4373 2380 4429 aliorum
2405 4375 2611 4446 spolia.
2636 4376 2759 4429 Non
2789 4375 3074 4446 despiciat
3105 4392 3202 4430 eos
3221 4375 3319 4446 qui
3371 4374 3637 4447 indigent
3668 4375 3784 4430 mi-

374 4469 653 4606 tuCLVII.
703 4551 911 4606 Nullus
970 4553 1024 4605 in
1079 4553 1251 4607 domo
1310 4553 1610 4625 quippiam
1671 4554 1862 4623 faciet,
1905 4554 2016 4610 nisi

371 4641 526 4714 quod
555 4641 904 4712 praepositus
928 4641 1195 4712 jusserit.

443 4731 538 4788 15
573 4728 808 4785 CLVIII.
859 4729 917 4784 Si
951 4747 1154 4785 omnes
1186 4729 1393 4785 fratres
1452 4731 1552 4802 qui
1577 4731 1633 4786 in
1669 4749 1787 4788 una
1843 4733 2016 4790 domo

438 4871 1358 4946 {vocemdicaquemadmodum
1413 4872 1556 4946 alias
1611 4889 1794 4946 supra
1838 4877 2012 4946 atque

366 4944 517 5017 infra
550 4943 778 5000 levioris
813 4943 1120 5009 momenti,
1151 4960 1217 4998 ex
1245 4943 1507 5015 principe
1559 4943 1816 5000 editione
1868 4943 2008 5017 sup-

364 5013 672 5086 plevimus-

362 5084 454 5212 ὶί
503 5084 715 5139 Eadem
773 5086 950 5140 editio
1026 5086 1210 5150 addit,
1289 5087 1555 5158 stabitque
1628 5091 1684 5143 in
1761 5088 2008 5143 nascendi

384 5171 494 5212 ovo.

384 5171 494 5212 0(70.

430 5230 450 5260 ³
473 5227 687 5280 Iterum
721 5225 922 5279 eadem
959 5227 1135 5281 editio
1168 5228 1356 5282 addit:
1399 5253 1417 5277 α
1447 5229 1502 5284 Si
1539 5235 1730 5285 autem
1765 5231 1821 5284 in
1851 5231 2000 5285 furto

359 5299 532 5373 fuerit
571 5296 991 5373 deprehensus,
1029 5299 1260 5373 trig‘inla
1276 5317 1374 5373 sex
1393 5301 1492 5369 [aL
1512 5302 1750 5373 triginta
1765 5300 1996 5373 novem]

354 5370 744 5446 verberabunt
771 5385 928 5446 eum,
958 5372 1019 5446 et
1043 5369 1184 5424 foris
1215 5371 1452 5446 dabitur
1481 5373 1528 5446 ei
1566 5369 1735 5430 edere
1785 5369 1991 5446 panem

355 5449 412 5499 et
442 5455 655 5512 aquam
689 5445 938 5509 tantum,
973 5443 1030 5495 et
1058 5445 1323 5510 opertum
1362 5441 1548 5498 cilicio
1583 5452 1639 5502 et
1668 5441 1860 5503 cinere
1891 5461 1992 5518 per

2132 4463 2465 4518 sericordia.
2502 4464 2582 4519 Ne
2607 4463 2822 4519 falsum
2855 4463 3009 4518 dicat
3045 4463 3450 4520 testimonium
3495 4464 3782 4519 seductus

2127 4550 2308 4606 lucro.
2335 4553 2414 4607 Ne
2447 4552 2767 4608 mentiatur
2818 4557 3054 4623 propter
3103 4553 3463 4624 superbiam.
3509 4556 3592 4608 Ne
3639 4568 3782 4607 con-

2128 4640 2330 4695 tendat
2372 4647 2576 4696 contra
2614 4640 2918 4696 veritatem
2977 4643 3048 4696 ob
3105 4650 3393 4698 tumorem
3437 4640 3641 4698 animi.
3690 4640 3783 4697 Ns

2125 4729 2662 4802 deseratjustitiam
2687 4733 2923 4802 propter
2951 4719 3384 4786 lassitudinem.
3428 4729 3510 4786 Ne
3567 4729 3782 4802 perdat

2123 4871 2354 4945 singula
2387 4871 2718 4927 orationum
2754 4878 3020 4945 tempora
3053 4876 3272 4945 cogent
3293 4888 3427 4945 eum
3459 4887 3631 4945 agere
3658 4887 3782 4945 pm-

2123 4943 2449 4998 nitentiam.
2511 4945 2726 4999 Eadem
2786 4942 2896 4997 lex’
2956 4943 3015 4997 in
3103 4942 3366 5016 fugitivis
3442 4942 3780 5000 observabi-

2125 5023 2236 5069 tur.
2275 5038 2300 5063 ››

2185 5087 2466 5159 fV’eteres
2488 5085 2706 5159 vulgati
2737 5088 2946 5159 inruat.
2973 5088 3227 5141 Hmaras
3258 5090 3474 5156 autem,
3509 5085 3608 5159 qui
3635 5103 3773 5158 pro-

2115 5158 2242 5228 prie
2273 5175 2485 5214 eanum
2517 5156 2612 5230 est
2637 5156 2902 5230 fremitus
2935 5172 3073 5211 cum
3130 5159 3456 5224 irritantur,
3518 5156 3775 5230 usurpat

2113 5226 2393 5284 Sidonius
2424 5230 2482 5283 in
2516 5226 2800 5299 epistolis.

2181 5301 2200 5334 ⁵
2231 5302 2467 5356 Addunt
2490 5297 2626 5355 editi
2663 5297 3006 5371 vetustiores
3035 5301 3368 5371 nascimur-0.

2177 5374 2196 5406 θ
2233 5373 2404 5427 Iidem
2437 5388 2690 5436 vererus,
2725 5371 2932 5425 Simone
2960 5369 3210 5426 ducatur.
