4106 6164
288 141 368 211 87
1116 246 1123 251 _
1542 144 1607 214 s.
1651 146 1961 216 EUSEBII
2003 146 2445 216 HIERONYMI
3612 118 3711 212 88-

282 288 647 363 corripietur,
708 292 774 345 ut
819 288 1035 363 dignus
1103 293 1215 357 est,
1263 288 1622 362 correptione
1684 288 1928 345 severis-
1957 285 2229 358 Apossit
2283 288 2526 361 implere
2581 289 2737 362 quod
2791 288 3036 357 dixerat,
3090 283 3307 346 faciant
3361 302 3497 345 eum
3538 289 3693 352 inter

284 395 454 435 Slma.

351 463 613 523 CLXVII.
647 467 753 533 Qui
785 471 1170 524 contemnunt
1222 472 1507 540 praecepta
1551 468 1845 537 majorum
1871 468 1927 520 et

274 557 508 630 regulas
539 557 899 625 monasterii,
932 575 1058 629 quae
1113 559 1206 612 Dci
1258 562 1541 629 praecepto
1592 557 1923 613 constitutis

283 651 440 713 sunt,
465 651 521 702 et
544 647 701 719 parvi
726 647 988 719 pendunt
1009 647 1306 703 seniorum
1321 647 1584 714 consilia,
1612 646 1925 719 corripien-

280 737 572 807 turjuxta
600 735 864 792 ordinem
898 737 1504 804 constitutum,donec
1537 735 1921 808 corrigantur.

352 826 648 883 CLXVIII.
701 825 808 890 Qui
848 827 1033 897 judex
1096 830 1185 881 est
1218 827 1482 881 omnium
1530 831 1920 897 peccatorum,

281 918 341 971 et
376 916 749 986 perversitate
799 915 1030 983 mentis,
1082 915 1168 970 vel
1218 916 1572 987 negligentia
1629 915 1928 986 reliquerit

278 997 602 1068 veritatem,
654 1003 859 1075 viginti
907 1003 1011 1058 viri
1058 1004 1241 1058 sancti
1291 1009 1346 1059 et
1396 1004 1669 1059 timentes
1718 1004 1924 1071 Deum,

280 1093 400 1150 sive
429 1094 651 1159 decem,
682 1098 739 1148 et
769 1110 953 1164 usque
984 1094 1055 1148 ad
1086 1094 1366 1165 quinque,
1392 1094 1463 1148 de
1482 1093 1698 1165 quibus
1722 1108 1927 1148 omnes

282 1184 420 1240 dent
468 1182 897 1250 testimonium,
941 1184 1229 1237 sedebunt
1275 1188 1331 1238 et
1362 1183 1720 1253 judicabunt
1767 1198 1922 1248 eum,

281 1275 341 1327 et
363 1272 762 1343 regradabunt
809 1271 867 1326 in
920 1270 1196 1327 ultimum
1246 1271 1492 1343 gradum
1543 1271 1722 1325 donec
1753 1270 1928 1324 corri-

283 1364 479 1434 gatur.

356 1447 585 1506 CLXIX.
618 1448 725 1513 Qui
755 1449 1066 1505 conturbat
1098 1449 1343 1504 fratrum
1376 1449 1624 1515 animos,
1654 1452 1712 1504 et
1738 1448 1925 1504 facilis

282 1540 355 1594 ad
385 1538 777 1610 loquendum1
808 1541 916 1606 est,
948 1537 1081 1593 lites
1126 1554 1326 1593 serens
1375 1554 1441 1593 ac
1478 1538 1699 1610 jurgia,
1734 1536 1926 1593 decies

2036 375 2379 447 languentes
2410 379 2782 448 commorari,
2818 383 2876 434 et
2925 382 3201 452 pascetur
3248 378 3400 436 inter
3443 381 3689 454 otiosos,

2035 464 2217 520 donec
2249 469 2377 520 acta
2409 466 2766 537 pmnitentia,
2797 467 3038 540 impleat
3080 468 3235 540 quod
3283 468 3556 540 promisit
3578 470 3684 543 [Αἰ.

2043 553 2425 627 promiserit].

2105 643 2361 700 CLXXII.
2398 645 2568 699 Pueri
2600 646 2649 700 si
2681 646 2741 701 in
2774 646 2947 703 domo
2978 646 3195 702 fuerint
3223 646 3402 703 dediti
3461 648 3690 706 lusibus

2034 737 2091 787 et
2121 733 2257 799 otio,
2309 738 2365 788 et
2407 734 2654 805 correpti
2706 752 2818 791 non
2872 736 3099 807 possint
3151 737 3471 808 emendari,
3520 739 3691 799 debet

2036 822 2383 894 praepositus
2415 840 2601 894 usque
2632 825 2701 878 ad
2736 825 2860 880 dies
2892 826 3137 899 triginta
3166 826 3288 897 ipse
3316 843 3415 882 eos
3447 843 3688 885 monere

2035 916 2093 965 et
2140 911 2451 983 corripere.
2514 913 2571 967 Si
2623 912 2833 968 viderit
2891 915 2949 969 in
3011 915 3293 986 pravitate
3350 916 3687 990 persistere,

2034 1004 2092 1054 et
2123 1017 2238 1055 non
2270 1002 2691 1057 renuntiaverit
2742 1002 2945 1071 Patri3,
2993 1008 3050 1058 et
3096 1003 3336 1075 aliquod
3380 1010 3687 1077 peccatum

2034 1088 2094 1142 in
2126 1090 2209 1143 eis
2273 1089 2447 1145 fuerit
2499 1091 2956 1162 deprehensum,
3015 1093 3141 1164 ipse
3201 1110 3304 1165 pro
3361 1092 3446 1149 eis
3498 1094 3685 1169 culpa

2036 1179 2385 1249 subjacebit,
2435 1181 2605 1251 juxta
2677 1181 2832 1252 quod
2905 1186 3209 1253 peccatum
3265 1182 3442 1239 fuerit
3491 1184 3687 1242 inven-

2035 1270 2185 1322 tum.

2106 1358 2208 1414 80
2241 1357 2528 1414 CLXXIII.
2578 1359 2793 1415 Omnes
2847 1360 3081 1415 autem‘
3110 1360 3271 1432 pueri
3323 1360 3424 1433 qui
3468 1378 3583 1417 non
3615 1362 3688 1418 ti-

2034 1462 2168 1502 men
2201 1447 2477 1503 confundi
2511 1465 2613 1519 pro
2670 1453 2924 1521 peccato,
2976 1453 3032 1504 et
3079 1466 3182 1521 per
3226 1450 3688 1521 imprudentiam

2028 1534 2322 1607 judicium
2398 1536 2494 1591 Dei
2566 1552 2681 1591 non
2757 1536 3034 1608 cogitant,
3089 1542 3146 1593 et
3200 1538 3451 1612 correpti
3510 1539 3685 1595 verbo

284 1625 767 1682 commonebitur.
801 1627 870 1680 Et
901 1626 949 1681 ei
979 1643 1091 1681 non
1128 1626 1304 1681 fuerit
1351 1626 1716 1692 emendatus,
1745 1624 1924 1680 corri-
1958 1656 2006 1722 B
2036 1639 2152 1678 non
2182 1623 2640 1693 emendaverint,
2684 1625 3062 1682 verberantur
3109 1626 3373 1699 quandiu
3417 1624 3681 1699 discipli-

284 1714 479 1787 pietur
494 1714 696 1770 ordine
727 1716 1089 1783 monasterii,
1126 1716 1307 1770 donec
1339 1714 1686 1788 corrigatur.

357 1804 563 1859 CLXX.
597 1804 705 1869 Qui
752 1804 962 1859 viderit
1013 1807 1082 1859 de
1125 1804 1450 1875 majoribus
1498 1808 1555 1859 et
1601 1802 1933 1875 praepositis

283 1894 525 1949 fratrem
555 1910 729 1948 suum
752 1893 811 1947 in
843 1892 1271 1960 tribulatione”,
1305 1898 1363 1948 et
1404 1893 1657 1948 uoluerit
1687 1907 1928 1947 causam

284 1981 684 2037 tribulationis
760 1981 1077 2053 inquirere,
1158 1998 1412 2054 eumque
1490 1979 1930 2052 contempserit,

285 2073 578 2143 quaeretur
607 2086 784 2125 causa
813 2088 847 2124 a
885 2070 1240 2143 supradictis
1274 2070 1579 2142 judicibus
1632 2069 1784 2124 inter
1814 2069 1928 2123 fra-

282 2142 434 2215 trem
465 2163 636 2231 atque
668 2159 1076 2230 praepositum:
1129 2164 1186 2214 et
1229 2160 1277 2215 si
1326 2158 1797 2230 deprehendatur
1828 2174 1926 2213 ne-

281 2246 562 2320 gligentia
593 2247 885 2319 praepositi
917 2246 1004 2303 vel
1037 2247 1311 2318 superbia
1337 2252 1787 2318 coangustatum
1820 2246 1931 2307 fra-

281 2338 454 2403 trem,
486 2336 863 2405 etjudicasse
895 2353 1027 2391 eum
1058 2338 1155 2392 79
1195 2352 1311 2391 non
1361 2337 1686 2391 secundum
1726 2335 1929 2390 verita-

286 2429 422 2490 tem‘,
456 2426 557 2481 sed
591 2426 916 2480 secundum
950 2441 1280 2496 personam,
1313 2425 1719 2497 regradabitur
1741 2424 1812 2479 de
1842 2441 1928 2479 so-

281 2514 361 2569 lio
393 2531 520 2581 suo,
554 2514 737 2570 donec
768 2513 1093 2585 corrigatur
1122 2518 1179 2569 et
1204 2520 1274 2568 ab
1304 2514 1609 2585 injustitiae
1655 2513 1929 2568 sordibus

281 2604 671 2675 emundetur;
704 2603 845 2675 quia
874 2620 989 2658 non
1034 2604 1422 2658 consideravit
1467 2603 1792 2671 veritatem,
1825 2603 1929 2658 sed

279 2707 584 2765 personas,
625 2694 683 2746 et
734 2689 965 2746 servivit
1010 2690 1277 2762 pravitati
1330 2689 1507 2745 animi
1557 2689 1780 2759 sui,,et
1812 2706 1927 2745 non

280 2779 382 2836 Dei
399 2777 644 2849 judicio.

348 2868 581 2924 CLXXI.
626 2868 687 2924 Si
735 2869 868 2940 quis
906 2868 1241 2940 promiserit
1288 2885 1350 2924 se
1399 2869 1705 2924 observare
1754 2884 1925 2940 regu-

280 2957 369 3014 las
398 2956 762 3023 monasterii,
794 2961 851 3014 et
888 2958 1073 3013 facere
1119 2957 1376 3029 cmperit,
1428 2973 1640 3029 easque
1687 2957 1926 3013 dimise-

2041 1729 2179 1769 nam
2210 1713 2498 1785 accipiant
2526 1717 2583 1769 et
2612 1714 2908 1770 timorem.

2111 1801 2384 1858 CLXXIV.
2417 1802 2525 1867 Qui
2565 1803 2781 1874 injuste
2815 1803 3188 1874 judicaverit,
3233 1805 3395 1876 juste
3445 1806 3518 1862 ab
3552 1804 3685 1862 aliis

2040 1890 2546 1947 condemnabitur.

2110 1980 2362 2035 CLXXV.
2397 1980 2454 2035 Si
2494 1997 2650 2036 unus
2698 1996 2729 2035 e
2773 1980 3075 2049 fratribus,
3118 1981 3207 2037 vel
3257 1983 3394 2051 duo,
3444 1982 3535 2040 vel
3566 1987 3686 2042 tres

2040 2068 2414 2125 scandalizati
2471 2069 2541 2124 ab
2588 2069 2786 2142 aliquo
2834 2071 3178 2127 recesserint
3234 2072 3305 2128 de
3375 2072 3574 2142 domo,
3631 2077 3688 2129 et

2038 2161 2241 2230 postea
2267 2158 2553 2225 venerint,
2597 2158 2973 2214 ventilabitur
3018 2160 3169 2216 inter
3233 2177 3330 2217 eos
3361 2164 3418 2216 et
3448 2162 3686 2218 scanda-

2037 2244 2308 2302 lizantem
2342 2247 2830 2318 antejudicium;
2880 2252 2939 2304 et
2984 2248 3034 2304 si
3087 2265 3220 2305 reus
3267 2249 3539 2307 inventus
3570 2250 3688 2308 fue-

2040 2333 2137 2402 rit,
2170 2335 2507 2391 monasterii
2543 2336 2762 2408 regulis
2792 2337 3221 2394 emendabitur.

2107 2424 2383 2479 CLXXVI.
2409 2424 2516 2490 Qui
2548 2424 2840 2480 cansentit
2878 2426 3279 2497 peccantibus,
3321 2432 3377 2484 et
3422 2428 3687 2486 defendit

2036 2511 2219 2567 alium
2252 2512 2713 2584 delinquentem,
2757 2513 3105 2570 maledictus
3156 2514 3266 2570 erit
3312 2518 3469 2589 apud
3499 2522 3683 2576 Deum

2037 2605 2093 2657 et
2122 2601 2412 2671 homines,
2444 2606 2502 2657 et
2521 2601 2866 2673 corripietur
2885 2602 3279 2675 increpatione
3315 2606 3687 2664 severissima

2038 2690 2143 2762 (At.
2206 2690 2505 2762 pessima).
2565 2690 2727 2757 Quod
2785 2684 2995 2764 si'per
3068 2692 3458 2763 ignorantiam
3519 2696 3682 2752 dece-

2036 2783 2173 2851 ptus
2204 2782 2312 2847 est,
2345 2782 2402 2834 et
2432 2795 2546 2835 non
2577 2779 2659 2834 ita
2684 2780 2927 2851 putavit,
2963 2784 3027 2836 ut
3050 2797 3252 2837 verum
3284 2788 3395 2851 est,
3428 2784 3686 2857 ignosce-

2035 2871 2133 2923 tur
2161 2869 2233 2923 ei.
2266 2869 2336 2924 Et
2365 2868 2558 2923 omnis
2607 2867 2705 2940 qui
2758 2872 2959 2940 peccat
3001 2885 3104 2941 per
3146 2870 3562 2944 ignorantiam,
3595 2874 3681 2931 fa-

2038 2956 2147 3013 cile
2176 2957 2420 3029 accipiet
2448 2957 2712 3013 veniam:
2746 2958 2847 3029 qui
2877 2963 3071 3014 autem
3106 2960 3296 3017 sciens
3340 2962 3680 3035 peccaverit,

279 3047 398 3115 rit;
448 3052 651 3120 postea
691 3051 889 3102 autem
939 3063 1205 3102 reversus
1249 3048 1433 3120 egerit
1499 3046 1923 3118 paenitentiam,
1957 3020 2001 3089 δ
2039 3046 2355 3103 sustinebit
2381 3045 2839 3118 increpationem
2884 3048 3055 3118 juxta
3102 3020 3441 3107 mensuram
3489 3051 3682 3126 operis

281 3136 606 3194 obtendens
664 3135 1070 3191 infirmitatem
1101 3135 1451 3208 corpusculi,
1475 3153 1579 3208 per
1600 3151 1925 3208 quamjnon

356 3316 371 3350 ¹
404 3315 630 3372 Rursus
660 3315 884 3383 eadem,
916 3315 989 3371 ad
1017 3315 1427 3373 detrahendum.

352 3388 373 3423 ²
402 3386 513 3454 AL,
542 3389 782 3458 fratrum
810 3404 1035 3444 suorum
1063 3388 1499 3457 tribulationem,
1532 3391 1638 3444 etc.

348 3460 370 3493 ³
401 3459 610 3527 Excusi
642 3463 813 3522 antea
841 3459 1068 3515 addunt
1090 3460 1434 3515 monasterii.

2039 3135 2182 3191 sui“.

2108 3315 2129 3348 ι
2159 3312 2492 3385 Holstenius
2520 3314 2717 3369 saltem
2739 3330 2842 3385 pro
2871 3318 3081 3372 autem.

2107 3385 2127 3419 ⁵
2162 3384 2311 3440 Olim
2342 3390 2466 3441 erat
2494 3384 2810 3442 mensuram
2840 3402 3075 3460 opusque
3100 3392 3306 3461 peccati
3356 3394 3462 3447 sui.

1141 3748 1576 3811 PBJECEPTA
1615 3749 1715 3810 AC
1759 3747 2006 3810 LEGES
2052 3748 2119 3808 S.
2165 3748 2234 3806 P.
2283 3748 2358 3808 N.
2402 3747 2807 3809 PACHOMII.

518 4046 598 4103 De
622 4044 1116 4117 sexjcrationibus
1142 4044 1516 4118 vespertinis,
1548 4048 1606 4101 et
1646 4043 1717 4099 de
1746 4039 1988 4098 collecta
2016 4054 2143 4110 quae
2183 4055 2287 4112 per
2316 4040 2582 4115 singulas
2616 4043 2823 4099 domos
2848 4043 2914 4099 fit
2936 4060 3035 4101 sex
3067 4044 3420 4103 orationum.

336 4201 641 4258 CLXXVII.
683 4201 899 4275 Viginti
931 4201 1217 4274 "quinque
1265 4201 1488 4273 forgyas
1564 4195 1912 4269 praepositus
1941 4191 1990 4256 D
2022 4189 2227 4247 benter
2254 4193 2580 4264 majoribus
2609 4193 3022 4266 subjiciantur,
3047 4195 3338 4266 sedentes,
3367 4198 3673 4257 ambulan-

264 4291 477 4361 domus
508 4307 575 4346 ac
605 4291 901 4359 secundus
932 4290 1232 4346 debebunt
1272 4290 1343 4344 de
1387 4288 1719 4360 palmorum
1761 4284 1915 4340 foliis

267 4384 478 4449 texere,
513 4383 577 4435 ut
605 4382 678 4435 ad
712 4378 1042 4452 exemplum
1063 4395 1263 4434 eorum
1287 4381 1603 4448 operentur
1621 4380 1678 4430 et
1699 4374 1910 4430 cmteri.

267 4468 429 4534 Quod
463 4468 510 4522 si
545 4485 661 4523 non
699 4467 915 4523 fuerint
952 4468 1012 4523 in
1060 4467 1352 4539 praesenti,
1403 4465 1502 4536 qui
1555 4464 1687 4519 loco
1711 4480 1913 4519 eorum

266 4557 583 4630 praefuerit,
615 4556 752 4612 huic
782 4557 941 4628 operi
964 4560 1137 4627 atque
1165 4571 1453 4610 mensurae
1475 4554 1739 4608 studium
1761 4569 1914 4609 com-

268 4644 551 4703 modabit.

336 4734 677 4792 CLXXVIII.
732 4734 1049 4806 Postquam
1099 4731 1261 4787 acciti
1300 4731 1518 4788 fuerint
1564 4731 1800 4788 veniant
1838 4732 1912 4788 ad

266 4823 611 4891 collectam;
644 4827 702 4879 et
748 4827 1062 4894 antequam
1108 4825 1403 4886 vocentur,
1453 4819 1664 4876 cellula
1712 4820 1912 4878 nullus

266 4913 464 4970 exibit.
494 4913 552 4969 Si
584 4913 689 4985 qui
716 4913 837 4968 haac
871 4914 1157 4984 praecepta
1203 4910 1684 4983 contempserint,
1722 4910 1908 4967 incre-

265 5000 488 5074 pationi
512 5002 698 5058 solitae
728 5001 1139 5073 subjacebunt.

336 5091 618 5146 CLXXIX.
668 5091 749 5146 Ne
796 5090 929 5162 plus
986 5089 1179 5159 cperis
1229 5090 1436 5145 fratres
1485 5088 1912 5161 compellantur

262 5180 487 5236 facere:
523 5180 623 5236 sed
654 5180 992 5234 moderatus
1022 5179 1187 5235 labor
1215 5194 1419 5233 omnes
1450 5179 1521 5233 ad
1545 5181 1907 5251 operandam

262 5273 554 5342 provocet.
596 5267 800 5340 Sitque
839 5267 990 5323 inter
1019 5283 1118 5323 eos
1147 5284 1258 5339 pax
1290 5272 1346 5323 et
1388 5270 1720 5341 concordia,
1751 5274 1810 5326 et
1832 5271 1909 5326 li-

2023 4283 2132 4347 tes,
2183 4296 2248 4335 ac
2293 4286 2515 4338 stantes
2545 4284 2841 4353 inordine
2871 4301 2997 4354 suo,
3049 4284 3300 4342 invicem
3330 4287 3401 4344 de
3430 4288 3675 4346 humili-

2022 4371 2140 4425 tate
2172 4376 2458 4428 certantes
2489 4373 2595 4444 (At.
2642 4375 2957 4447 curantes).

2095 4495 2351 4552 CLXXX.
2389 4497 2448 4553 Si
2506 4497 2647 4570 quid
2702 4502 3004 4571 peccatum
3064 4500 3259 4570 fuerit,
3315 4502 3516 4561 Patres
3545 4520 3668 4562 mo-

2022 4585 2345 4640 nasterium
2375 4587 2686 4643 emendare
2716 4591 3007 4660 poterunt,
3042 4594 3098 4646 et
3128 4590 3480 4650 constituere
3511 4594 3668 4666 quod

2023 4674 2187 4746 sequi
2221 4674 2490 4731 debeant.

2092 4789 2366 4845 CLXXXI.
2398 4790 2517 4847 Prae
2524 4791 2752 4863 positus
2778 4796 2975 4849 autem
2997 4794 3229 4861 domus,
3250 4799 3308 4852 et
3333 4795 3435 4868 qui
3457 4814 3669 4856 secun-

2021 4878 2133 4933 dus
2163 4879 2235 4947 ab
2265 4895 2332 4934 eo
2361 4883 2472 4945 est,
2503 4879 2612 4937 hoc
2644 4885 2873 4937 tantum
2918 4880 3157 4939 habebit
3194 4884 3373 4956 juris,
3421 4891 3487 4943 ut
3515 4903 3670 4947 com-

2020 4966 2199 5040 pellat
2230 4968 2437 5024 fratres
2468 4969 2526 5024 in
2559 4968 2827 5027 collecta’
2865 4970 3100 5041 domus,
3150 4973 3272 5030 sive
3319 4974 3377 5035 in
3427 4975 3670 5034 collecta

2021 5057 2261 5128 majore,
2297 5057 2405 5114 hoc
2434 5063 2523 5114 est
2553 5058 2817 5115 omnium
2847 5060 3118 5129 fratrum,
3151 5063 3457 5136 subjacere
3484 5067 3668 5139 poeni-

2019 5149 2230 5203 tentia).

2089 5264 2391 5324 CLXXXII.
2425 5266 2587 5333 Quod
2611 5265 2660 5322 si
2693 5265 3037 5338 praepositus
3065 5283 3305 5341 peregre
3333 5268 3528 5343 fuerit,
3561 5270 3664 5343 qui

323 5451 349 5557 ἰ
379 5446 615 5506 Veteres
644 5446 926 5515 ferebant,
943 5447 1143 5518 fratres
1174 5448 1235 5502 in
1262 5448 1499 5518 singulis
1522 5451 1757 5521 peccatis
1784 5452 1842 5507 in
1872 5451 2113 5521 collecta,
2144 5451 2254 5506 etc.
