4106 6164
279 195 388 279 89³
1186 208 1818 276 INTERPRETATIO
1862 207 2200 274 necum
2244 211 2310 274 s.
2356 201 2762 278 PACHOMII.
3609 215 3689 282 eo

278 347 581 407 secundus
621 351 713 404 est
742 347 934 404 locum
967 347 1094 418 ejus
1125 347 1426 414 obtinebit,
1490 351 1610 402 tam
1653 347 1710 401 in
1746 348 1923 418 pami-
1957 346 2009 410 Α
2039 345 2197 413 tatis,
2233 347 2472 402 audient
2518 347 2630 419 ipsi
2680 349 2932 419 majores
2962 348 3066 421 [AL
3100 347 3410 408 audientur
3439 367 3472 408 a
3501 354 3685 424 majo-

275 440 463 496 tentia
525 439 724 494 fratris
784 438 1134 509 recipienda,
1198 454 1370 509 quam
1421 437 1491 491 'in
1577 453 1927 510 quocunque

274 528 390 584 alio
422 546 650 596 eorum,
683 546 810 601 quae
859 529 917 582 in
949 529 1125 582 domo
1176 528 1279 597 [ΑΙ.
1313 528 1569 598 domino]
1604 526 1928 582 necessaria

275 623 439 673 sunt.

344 707 683 763 CLXXXIII.
743 707 800 762 Si
850 707 983 778 quis
1016 707 1236 778 absque
1287 705 1644 760 conscientia
1675 705 1924 760 duorum

271 795 418 852 ierit
448 797 522 851 ad
577 796 815 850 alteram
852 795 1116 859 domum,
1174 794 1255 849 vel
1289 794 1529 848 alterius
1570 794 1780 848 domus
1808 795 1924 848 fra-

268 892 457 946 trem.
492 885 744 940 codicem
775 884 1090 956 legendum
1125 888 1392 938 mutuum
1463 881 1758 953 postulare
1817 883 1922 954 [Αἱ.

269 974 703 1048 postulaverit],
758 973 838 1027 vel
893 971 1192 1044 quodlibet
1239 970 1422 1033 aliud,
1473 977 1527 1025 et
1575 971 1633 1024 in
1680 971 1787 1024 hoc
1836 971 1926 1025 in-

267 1070 485 1119 ventus
521 1063 714 1130 fuerit,
750 1060 1086 1116 monasterii
1120 1061 1321 1115 ordine
1363 1059 1779 1131 increpabitur.

337 1151 682 1207 CLXXXIV.
736 1151 840 1214 Qui
872 1150 993 1204 vult
1029 1149 1152 1204 sine
1185 1148 1411 1203 macula
1445 1154 1500 1202 et
1531 1149 1755 1219 absque
1787 1165 1924 1202 con-

267 1246 499 1313 temptu
559 1241 618 1294 in
679 1241 851 1294 domo
907 1240 999 1294 cui
1061 1239 1374 1309 deputatus
1406 1242 1511 1304 est,
1547 1254 1673 1292 esse
1707 1237 1810 1307 [κη.
1850 1236 1927 1290 vi-

266 1331 444 1401 vere},
479 1330 838 1400 omniaquae
898 1333 1182 1400 praecepta
1237 1332 1375 1381 sunt
1431 1343 1625 1381 coram
1678 1325 1791 1380 Deo
1823 1325 1922 1380 ob-

269 1436 506 1475 servare
539 1417 794 1473 debebit.

339 1507 655 1563 CLXXXV.
689 1507 980 1578 Quidquid
1037 1506 1431 1561 necessarium
1489 1508 1576 1559 est
1634 1504 1692 1557 in
1723 1521 1925 1559 mona-

268 1597 468 1663 sterio,
507 1595 628 1652 sive
648 1595 704 1650 in
732 1613 891 1668 agro,
922 1596 970 1651 si
1005 1594 1353 1667 przepositus
1376 1594 1586 1648 domus
1608 1598 1924 1664 occupatus

264 1691 374 1748 est,
399 1687 702 1740 secundus
735 1685 1037 1757 impleat‘.

335 1773 676 1830 CLXXXVI.
701 1774 811 1829 Sex
828 1773 1118 1828 orationes
1141 1773 1327 1827 facere
1349 1771 1728 1842 vespertinas,
1755 1771 1925 1841 juxta

265 1862 610 1935 exemplum
669 1863 911 1932 majoris
968 1861 1239 1925 collectae,
1290 1861 1381 1916 8|
1450 1859 1507 1913 in
1549 1877 1666 1930 qua
1720 1877 1923 1916 omnes

266 1950 480 2006 fratres
506 1949 723 2021 pariter
747 1953 1194 2020 congregantur,
1213 1964 1457 2002 summa:
1482 1947 1881 2003 delectationis
1902 1951 1924 1982 ¹

264 2044 384 2105 est,
414 2044 474 2093 et
502 2039 583 2093 ita
614 2037 778 2092 facile
814 2038 982 2103 ﬁunt,
1016 2042 1081 2091 ut
1112 2035 1338 2091 nullum
1384 2053 1534 2091 onus
1565 2035 1836 2102 habeant,
1869 2041 1925 2092 et

267 2130 445 2199 [Fam
485 2129 565 2198 ut}
596 2144 665 2182 ex
695 2143 868 2182 onere
902 2131 1180 2181 nascatur
1212 2127 1470 2180 mdium.

337 2216 697 2273 CLXXXVII.
735 2217 792 2270 Si
824 2216 956 2287 quis
981 2216 1050 2269 de
1101 2214 1239 2269 foris
1287 2214 1529 2281 venerit,
1578 2218 1634 2269 et
1663 2219 1804 2269 aestu
1838 2213 1920 2269 la-

264 2305 581 2364 boraverit,
619 2304 864 2376 aliisque
927 2306 1133 2359 fratres
1182 2304 1502 2358 orationem
1546 2303 1924 2358 celebrabunt

265 2394 369 2467 [ΑΙ.
403 2393 882 2462 οεὶεδτεινθιιίηῐῃ
919 2393 964 2447 si
998 2393 1080 2446 ire
1113 2409 1225 2445 non
1269 2395 1477 2462 potest,
1514 2407 1626 2444 non
1661 2397 1919 2464 cogetur.

332 2481 730 2536 CLXXXVIII.
775 2481 1016 2545 Quando
1048 2479 1341 2551 praeposui
1373 2479 1682 2533 domorum
1718 2481 1922 2535 fratres

266 2572 334 2626 de
375 2569 825 2625 conversatione
879 2573 1094 2623 sancta:
1150 2568 1278 2621 vitae
1337 2567 1649 2633 docebunt,
1701 2569 1923 2640 absque

265 2660 620 2733 gravissima
651 2657 996 2713 necessitate
1016 2659 1036 2690 ³
1069 2656 1265 2711 nullus
1297 2657 1500 2712 aberit.

332 2747 670 2804 CLXXXIX.
703 2746 952 2817 Majores
1005 2747 1104 2817 qui
1159 2762 1292 2799 cum
1354 2745 1631 2801 fratribus
1674 2745 1922 2801 mittun-

266 2843 360 2894 tur
407 2839 592 2903 foras,
627 2836 890 2908 quandiu
943 2835 1024 2888 ibi
1059 2835 1290 2900 fuerint,
1324 2833 1748 2905 habebuntjus
1778 2853 1920 2907 prae-

263 2929 616 3001 positorum,
637 2931 695 2980 et
727 2940 927 2980 eorum
961 2929 1170 2979 cuncta
1195 2929 1469 2995 regentur
1492 2925 1597 2993 (AI.
1624 2926 1920 2996 gerentur]

264 3017 530 3084 arbitrio,
581 3015 989 3084 docebuntque
1024 3016 1231 3067 fratres
1263 3028 1366 3084 per
1397 3012 1741 3069 constitutos
1774 3014 1920 3069 dies.

2040 434 2240 503 ribus],
2289 440 2344 489 et
2393 435 2803 506 dijudicabunt
2851 454 3112 504 causam,
3144 443 3199 493 et
3238 439 3483 511 dignum
3515 440 3688 514 culpa

2036 524 2442 597 increpabunt,
2478 532 2538 580 ut
2569 527 2636 580 ad
2674 527 2983 598 imperium
3017 545 3218 582 eorum
3252 529 3448 584 statim
3481 547 3682 603 pacem

2038 615 2207 686 pleno
2239 616 2409 670 corde
2443 616 2794 672 consocient.

2108 704 2323 760 CXC.Si
2351 705 2484 776 quis
2506 722 2572 760 ex
2595 705 2872 761 fratribus
2919 711 3120 762 contra
3171 708 3544 779 prmpositum
3577 712 3682 766 do-

2037 810 2169 848 mus
2219 811 2337 847 suae.
2391 795 2661 848 habuerit
2701 795 3023 864 tristitiam,
3058 801 3157 851 aut
3184 797 3308 868 ipse
3340 799 3685 869 praepositus

2035 887 2236 936 contra
2260 883 2492 937 fratrem
2527 883 2781 954 aliquam
2807 885 3256 955 querimoniam,
3285 886 3538 956 probatae
3573 887 3685 942 fra-

2034 975 2152 1025 tres
2174 973 2630 1027 conversationis
2655 976 2710 1027 et
2755 973 2883 1028 fidei
2929 990 3028 1027 eos
3055 975 3256 1030 audire
3281 976 3597 1042 debebunt,
3633 983 3688 1031 et

2035 1059 2443 1130 dijudicabunt
2499 1062 2649 1115 inter
2679 1079 2796 1116 eos.
2831 1061 2887 1117 Si
2926 1067 3120 1117 tamen
3156 1064 3371 1120 absens
3405 1071 3492 1121 est
3525 1066 3687 1122 Pater

2038 1150 2398 1214 monasterii,
2429 1150 2513 1205 vel
2548 1150 2743 1222 aliquo
2775 1151 2874 1208 82
2903 1153 3215 1224 profectus.
3261 1154 3518 1224 primum
3552 1156 3683 1228 qui-

2036 1239 2165 1293 dem
2224 1240 2643 1310 cxspectabunt
2699 1257 2871 1307 eum;
2933 1241 3022 1295 sin
3055 1247 3249 1296 autem
3293 1243 3516 1298 diutius
3549 1246 3686 1300 foris

2033 1327 2283 1381 viderint
2304 1329 2673 1395 commorari,
2701 1335 2838 1384 tunc
2861 1330 3101 1384 audient
3129 1330 3281 1386 inter
3307 1333 3682 1404 praepositum

2035 1422 2092 1470 et
2124 1417 2381 1483 fratrem,
2418 1434 2487 1471 ne
2518 1418 2616 1472 diu
2650 1435 2938 1490 suspenso
2980 1419 3207 1490 judicio
3237 1420 3477 1477 tristitia
3499 1423 3687 1492 major

2035 1505 2276 1560 oriatur.
2315 1507 2378 1560 Et
2411 1505 2505 1562 ille
2555 1507 2652 1578 qui
2686 1507 3031 1579 praepositus
3063 1513 3172 1576 est,
3200 1512 3256 1564 et
3288 1508 3381 1564 ille
3414 1510 3511 1581 qui
3547 1510 3684 1565 sub-

2025 1595 2240 1664 jectus,
2275 1601 2330 1648 et
2352 1595 2410 1648 hi
2438 1596 2535 1666 qui
2565 1596 2830 1662 audiunt,
2860 1597 3023 1666 juxta
3052 1597 3323 1652 timorem
3349 1598 3448 1654 Dei
3477 1604 3687 1654 cuncta

1956 1720 2001 1784 Β
2036 1684 2269 1748 faciant,
2304 1689 2359 1738 et
2386 1701 2499 1738 non
2533 1685 2671 1739 dent
2703 1684 2758 1738 in
2813 1684 2927 1740 ullo
2967 1686 3331 1741 occasionem
3361 1686 3682 1742 discordiae.

2105 1772 2284 1827 CXCI.
2337 1772 2518 1844 Igitur
2575 1774 2673 1844 qui
2705 1773 2899 1829 animo
2931 1791 3046 1829 uno
3077 1791 3206 1830 esse
3236 1776 3684 1845 concupiscunt,

2033 1865 2089 1916 et
2118 1859 2303 1915 vivere
2337 1865 2528 1916 mente
2581 1861 2876 1916 communi
2939 1862 3377 1934 disposuerunt,
3421 1865 3686 1922 consiliis

2033 1951 2324 2020 majorum
2377 1949 2734 2004 inserviant:
2789 1952 2941 2022 quod
2989 1968 3056 2006 ex
3089 1952 3351 2008 consiliis
3385 1970 3684 2025 processe-

2033 2038 2110 2092 rit
2143 2038 2403 2102 Patrum,
2437 2039 2493 2094 id
2528 2039 2761 2094 faciant.

2104 2127 2308 2182 CXCII.
2343 2129 2417 2182 De
2448 2129 2736 2183 vesticulis.
2773 2128 2830 2183 Si
2864 2128 2998 2198 quis
3029 2130 3101 2184 ab
3151 2129 3260 2200 [AL
3314 2131 3406 2201 de]
3434 2131 3527 2186 his
3556 2150 3683 2204 quae

2034 2221 2321 2288 przecepta
2349 2221 2506 2282 sunt,
2543 2217 2798 2288 amplius
2831 2217 3119 2284 habuerit,
3154 2219 3376 2290 absque
3424 2237 3681 2276 commo-

2033 2305 2251 2359 nitione
2275 2306 2569 2375 majoris‘,
2603 2306 2821 2360 deferet
2861 2306 2932 2360 ad
2965 2307 3266 2361 custodem
3298 2308 3474 2375 cellas,
3507 2316 3563 2369 et
3597 2311 3683 2363 in-

2033 2393 2413 2458 troeundi,ve|
2439 2393 2773 2464 postulandi
2796 2410 2862 2447 ea
2887 2411 2999 2448 non
3033 2393 3270 2449 habebit
3292 2399 3638 2466 potestatem
3669 2415 3679 2451 :

2033 2483 2131 2537 sed
2165 2486 2338 2537 erunt
2380 2483 2490 2537 sub
2521 2481 2838 2553 praepositi,
2871 2486 2927 2536 et
2957 2483 3084 2552 ejus
3117 2483 3216 2554 qui
3251 2485 3545 2540 secundus
3573 2491 3681 2551 est,

2032 2570 2300 2625 arbitrio.

2103 2659 2335 2714 CXCIII.
2397 2660 2470 2714 De
2521 2659 2838 2730 puellarum
2895 2659 3211 2732 disciplina.
3252 2661 3434 2717 Nemo
3484 2663 3556 2717 ad
3587 2679 3684 2718 eas

2032 2748 2205 2801 vadat
2231 2747 2552 2802 visitandas
2575 2750 2614 2815 ⁵,
2641 2751 2749 2803 etc.

2103 2835 2332 2890 CXCIV.
2367 2837 2708 2908 Quicunque
2739 2838 2809 2893 de
2833 2838 2926 2893 his
2952 2839 3245 2894 mandatis
3290 2839 3510 2911 aliquid
3544 2859 3685 2912 pra!-

2034 2925 2255 2979 tericrit
2284 2926 2504 2997 absque
2537 2926 2657 2981 ulla
2680 2927 3046 2982 dubitatione
3077 2927 3440 3000 negligentiae
3471 2935 3527 2983 et
3553 2947 3684 2984 con-

2032 3018 2312 3084 temptus,
2346 3021 2478 3087 aget
2512 3015 2928 3086 paenitentiam,
2963 3021 3025 3071 ut
3057 3017 3352 3088 possidere
3382 3017 3684 3074 valeamus

262 3107 332 3162 Et
355 3108 405 3161 si
438 3105 683 3161 forsitan
706 3103 930 3174 aliquid
955 3103 1105 3157 inter
1124 3119 1222 3157 eos
1253 3106 1445 3156 ortum
1496 3102 1666 3157 fuerit
1708 3103 1915 3158 simul-
1949 3090 1989 3154 C
2029 3118 2207 3175 regna
2237 3102 2535 3158 cmlorum.

334 3276 426 3330 ‘E
460 3274 756 3330 contrario
784 3277 909 3328 erat
966 3277 1155 3338 antea,
1213 3274 1536 3344 praepositus
1592 3274 1759 3329 etiam
1807 3290 1917 3329 non

259 3350 564 3420 postulatus
596 3347 839 3416 impleat.
892 3344 1111 3399 Statius
1165 3344 1384 3416 legerat
1440 3345 1754 3415 implicatus
1812 3363 1915 3417 pro

261 3435 370 3476 non
395 3420 726 3492 postulatus.

333 3493 354 3525 ²
379 3487 572 3546 Antea
597 3495 719 3544 erat
747 3503 985 3544 summa
1012 3487 1342 3543 dilectionis.

334 3563 356 3596 ³
385 3562 538 3617 Item
593 3565 711 3614 erat
753 3569 804 3616 et
858 3561 1186 3629 gravissima
1243 3559 1608 3631 aegritudine;
1666 3563 1722 3614 et
1783 3574 1916 3614 mox

268 3636 592 3706 quicunque
616 3647 644 3686 θ
668 3633 937 3701 fratribus
967 3633 1281 3697 mittuntur,
1315 3635 1423 3685 etc.

2070 3275 2118 3356 ,ι
2145 3272 2352 3328 Verius
2408 3271 2548 3327 olim
2609 3272 2768 3340 editi,
2827 3273 3030 3346 absque
3082 3277 3422 3331 concessione
3495 3277 3674 3347 majo-

2025 3360 2123 3449 ἥδέ
2148 3414 2391 3486 Reliqua
2448 3414 2626 3488 hujus
2670 3415 2906 3488 capituli
2942 3416 3052 3471 alio
3085 3416 3143 3471 in
3175 3417 3300 3474 loco
3332 3418 3485 3475 inter
3505 3421 3674 3488 Regu-

2026 3488 2108 3562 las
2138 3486 2783 3562 virgiaumllolstenius
2809 3488 3002 3560 posuit
3034 3505 3100 3542 ex
3131 3489 3244 3544 ﬁde
3276 3490 3402 3562 cod.
3437 3507 3546 3546 ms.
3573 3486 3672 3562 qui

2024 3558 2177 3614 inter
2199 3562 2253 3612 S.
2290 3557 2616 3613 Paschomii
2652 3557 2935 3632 praecepta
2967 3577 3080 3615 non
3110 3561 3394 3633 agnoscit.

1537 3975 1838 4036 MONI'I‘A
1881 3975 1946 4035 S.
1995 3973 2396 4034 PACHOMII.

330 4343 561 4398 Honora
590 4342 797 4408 Deum,
831 4351 887 4398 et
916 4343 1156 4398 valebis.
1218 4342 1441 4396 Memor
1491 4347 1615 4397 esto
1656 4341 1911 4413 gemitus
1941 4344 1988 4407 Ι)
2019 4344 2221 4405 tatem,
2255 4358 2288 4394 a
2310 4339 2505 4394 divina
2535 4337 2865 4411 cognitione
2888 4337 3297 4393 fraudabitur:
3333 4354 3436 4393 nec
3467 4320 3680 4410 poterit

268 4448 407 4502 quos
437 4431 702 4504 perpessi
733 4435 874 4485 sunt
929 4431 1136 4486 sancti.
1197 4430 1534 4486 Eftieiamur
1577 4431 1908 4497 unanimes,

264 4526 671 4593 pes-manentes
723 4520 786 4575 in
842 4537 958 4592 quo
987 4521 1168 4576 vocati
1213 4538 1458 4588 sumus;
1493 4537 1596 4593 pro
1627 4521 1906 4576 omnibus

296 4627 455 4666 uram
497 4616 791 4683 gerentes,
824 4615 891 4665 ut
931 4609 1080 4665 hanc
1126 4627 1302 4682 quam
1338 4611 1695 4682 arripuimus
1728 4609 1904 4664 vitam

263 4700 532 4769 perﬁcere
553 4698 874 4764 valeamus,
907 4705 964 4754 et
1015 4716 1252 4754 cursum
1287 4698 1672 4754 institutionis
1699 4702 1908 4754 nostra:

261 4787 372 4843 Deo
403 4787 690 4860 placitum
740 4789 1016 4860 perficere
1067 4805 1432 4854 mereamur;
1486 4792 1549 4842 ut
1583 4805 1652 4842 ne
1685 4786 1910 4843 similes

261 4875 649 4943 inveniamur,
682 4877 782 4949 qui
804 4877 863 4930 in
884 4875 1049 4931 vanis
1070 4881 1125 4932 et
1146 4876 1382 4933 caducis
1404 4877 1576 4932 rebus
1604 4877 1907 4932 laetantur:

258 4979 328 5019 ne
353 4965 593 5035 quando
626 4981 793 5020 mens
823 4969 1025 5020 nostra
1057 4965 1194 5020 recti
1226 4966 1454 5021 itineris
1499 4966 1712 5021 lineam
1744 4967 1912 5021 dere-

257 5051 557 5125 linquens,
591 5055 651 5108 in
682 5059 984 5128 peccatum
1017 5059 1268 5124 corruat,
1301 5058 1358 5110 et
1387 5071 1488 5126 spe
1511 5060 1728 5110 aeterna
1759 5056 1915 5109 frau-

257 5141 441 5197 detur.
477 5142 785 5199 Intellecta
822 5159 1075 5215 namque
1125 5148 1214 5198 est
1244 5145 1531 5216 optimum
1565 5158 1914 5216 cognoscere

254 5230 618 5288 voluntatem
650 5233 770 5290 Dei.
828 5233 1103 5289 Omnium
1162 5232 1315 5288 enim
1363 5235 1630 5305 superior
1659 5232 1915 5287 efficitur

255 5319 448 5386 homo,
484 5322 585 5394 qui
624 5323 908 5377 obedierit
933 5321 1181 5377 veritati.
1235 5323 1510 5378 Omnium
1544 5323 1700 5377 enim
1736 5321 1913 5376 malc-

255 5424 385 5466 rnm
414 5411 589 5482 pejus
639 5416 745 5478 est,
780 5411 890 5483 legi
924 5409 1022 5466 Dei
1076 5410 1368 5476 resistere,
1428 5416 1485 5466 et
1540 5410 1915 5483 acquiescere

257 5498 503 5571 proprie
535 5499 842 5558 voluntati.
897 5499 1003 5565 Qui
1037 5499 1192 5555 enim
1245 5516 1412 5556 suam
1446 5500 1672 5572 perficit
1699 5499 1915 5556 volun-

2024 4429 2372 4501 perﬁciendo
2406 4428 2698 4500 propriam
2732 4426 3116 4493 voluntatem,
3145 4427 3299 4482 viam
3332 4433 3674 4484 sanctorum

2019 4519 2322 4586 incedere;
2358 4517 2501 4573 etin
2563 4515 2879 4572 novissimo
2925 4515 3222 4571 interitum
3257 4521 3313 4572 et
3367 4516 3669 4589 planctum

2019 4608 2290 4662 inveniet.
2324 4607 2489 4661 Nunc
2548 4605 2728 4677 igitur
2783 4609 3018 4677 tempus
3076 4605 3339 4677 placendi
3382 4607 3672 4664 Domino:

2019 4696 2156 4767 quia
2187 4695 2346 4750 salus
2380 4696 2435 4749 in
2469 4700 2728 4766 tempore
2757 4693 3151 4750 tribulationis
3195 4694 3536 4767 acquiritur.
3591 4697 3674 4751 Ne

2019 4801 2153 4856 ergo
2204 4784 2608 4838 tantummodo
2665 4783 3070 4839 credulitatem
3130 4784 3261 4839 fidei
3315 4785 3372 4837 in
3405 4789 3670 4854 tempore

2021 4873 2231 4928 laetitiae
2278 4879 2606 4942 teneamus,
2666 4878 2721 4927 et
2751 4873 2810 4926 in
2861 4877 3122 4944 tempore
3177 4871 3572 4927 tribulationis
3601 4873 3672 4928 ab

2020 4963 2222 5017 eadem
2255 4962 2619 5017 recedamus.
2653 4962 2945 5032 Scriptum
2987 4967 3074 5016 est
3122 4961 3276 5014 enim
3305 4977 3317 5014 :
3377 4960 3439 5014 Si
3468 4963 3675 5016 voceris

2019 5057 2202 5108 votum
2230 5053 2480 5117 Domino,
2511 5067 2579 5106 ne
2604 5066 2813 5105 moram
2842 5051 3036 5120 feceris
3067 5048 3286 5103 reddere
3315 5048 3456 5102 illud
3478 5051 3669 5120 (Eccle.

2019 5161 2073 5211 v,
2105 5144 2182 5214 3),
2215 5148 2270 5197 et
2329 5143 2386 5195 in
2433 5138 2807 5194 tribulatione
2864 5156 2933 5192 ne
2965 5137 3241 5204 deficias;
3301 5138 3403 5194 sed
3444 5139 3672 5210 patiens

2021 5237 2166 5299 esto,
2199 5236 2256 5286 et
2287 5232 2526 5286 obsecra
2557 5227 2893 5282 Dominum.
2963 5226 3290 5282 Immobilis
3348 5228 3503 5281 enim
3539 5229 3670 5284 ﬁdei

2021 5321 2321 5393 plenitudo
2377 5319 2668 5372 tribuetur
2725 5333 2757 5370 a
2817 5316 2953 5380 Dec,
3015 5333 3188 5388 quam
3248 5333 3350 5388 per
3387 5317 3667 5389 Spiritum

2023 5414 2292 5465 sanctum
2315 5405 2716 5478 acquisicrunt
2755 5405 3068 5478 prophetas,
3101 5407 3158 5461 in
3192 5423 3308 5478 qua
3337 5411 3395 5462 et
3423 5408 3666 5478 apostoli

2025 5497 2350 5555 confirmati
2381 5500 2537 5565 sunt,
2573 5495 2671 5569 qui
2725 5499 2958 5570 propter
2983 5497 3157 5552 Iidem
3191 5495 3448 5553 diversas
3481 5496 3665 5565 tribue.
