4118 6158
423 160 498 230 Μ

1673 153 1740 220 S.
1784 152 2097 220 EUSEBII
2140 152 2589 220 HIERONYMI

3743 147 3827 217 9!

419 297 670 357 lationes
718 296 817 355 88
873 291 1349 369 persecutionum
1402 289 1756 365 excipientes
1815 292 1883 347 ad
1933 308 2065 363 pro-
2093 290 2147 358 Α
2177 307 2412 347 omnem
2445 290 2703 363 requiem
2760 288 3142 364 corporalem.
3195 289 3297 349 84
3327 286 3822 347 Abrenuntiemus

424 388 615 445 missa’
638 386 879 461 praemia
909 387 1313 458 pervenerunt.
1344 382 1460 438 Hoc
1510 397 1645 453 ergo
1694 379 1962 445 scientes,
1994 396 2067 435 ne
2175 378 2311 435 huic
2351 378 2502 447 vitae,
2537 384 2601 435 ut
2630 379 2745 437 Deo
2776 380 2967 436 vivere
2997 379 3316 436 valeamus.

424 477 909 534 circumferamur
953 488 1217 530 errorum
1275 471 1613 527 seductione
1669 470 1932 542 decepti;
1967 469 2066 525 sed

424 567 619 640 potius
639 565 794 622 ﬁrmi
826 569 883 620 et
904 561 1235 618 immobiles
1265 576 1633 626 maneamus,
1665 562 1729 613 ut
1775 558 2070 631 cogitatio-

423 673 566 712 num
600 654 1061 728 pervagationes,
1093 668 1222 723 quae
1268 648 1426 705 velut
1469 666 1633 721 aquae
1665 649 2066 713 effervescunt,

2250 469 2534 524 Memores
2566 485 2702 540 ergo
2762 469 2971 538 simus,
3031 468 3385 536 charissimi,
3446 464 3825 540 professionis

2179 561 2409 625 nostrae,
2445 557 2942 630 quemadmodum
2976 557 3089 613 Deo
3121 556 3363 630 polliciti
3396 573 3605 612 sumus
3630 556 3827 611 deser-

2176 645 2329 703 vire:
2361 646 2471 702 hoc
2515 648 2709 718 ipsum
2761 647 2917 702 enim
2967 647 3295 718 exquiritur
3351 663 3386 702 a
3443 644 3614 701 nobis
3646 644 3703 699 in
3734 642 3827 700 die

422 744 629 800 divinae
651 742 798 815 legis
818 741 1057 797 assidua
1074 738 1358 795 memoria
1374 738 1755 803 refrenemus,
1773 753 1875 808 per
1890 752 2066 809 quam
2170 734 3074 807 judicii.Esuriamus,sitiamus,
3091 734 3416 791 nuditatem
3442 732 3826 805 perferamus,

423 832 678 888 carnalis
707 828 1192 902 concupiscentiae
1222 827 1410 899 legem
1459 827 1845 892 destruentes,
1897 840 2070 880 omne

424 921 581 993 quod
614 920 729 976 Deo
755 918 1034 991 placitum
1058 920 1147 972 est
1166 915 1469 986 exquirere
1513 913 1814 968 valeamus
1839 931 1851 969 :
1883 918 1940 968 et
1968 929 2063 967 cu-

424 1009 752 1067 stodiamur
783 1006 944 1062 illaesi
977 1024 1010 1060 a
1038 1005 1197 1061 curis
1227 1003 1626 1072 smcularibus,
1660 1003 1938 1073 omnique
1957 1001 2072 1057 ela-
2118 1001 2125 1007 ’

422 1098 599 1163 tione,
632 1115 759 1171 qua:
791 1100 880 1151 est
902 1093 1132 1149 insania
1155 1091 1433 1164 pessima,
1475 1093 1636 1162 pejor
1663 1091 1927 1146 omnium
1953 1108 2071 1146 ma-

421 1188 630 1244 lorum.
682 1183 993 1240 Dominum
1021 1198 1256 1253 semper
1277 1197 1393 1252 prie
1414 1179 1602 1235 oculis
1642 1180 1948 1249 habentes,
1982 1197 2068 1235 re-

422 1275 805 1332 miniscamur
832 1271 1167 1344 passionem
1226 1269 1415 1324 crucis
1445 1270 1573 1337 eius
1604 1285 1670 1323 ac
1714 1268 1938 1335 mortis,
1970 1284 2074 1340 per

419 1377 592 1434 quem
624 1358 907 1431 redempti
939 1374 1005 1413 ac
1033 1356 1306 1412 vivificati
1338 1373 1566 1412 sumus.
1609 1356 1892 1412 Odiamus
1935 1372 2071 1429 ergo

418 1450 707 1507 mundum
733 1452 790 1505 et
818 1447 1016 1504 omnia
1036 1463 1162 1520 quae
1184 1445 1243 1501 in
1266 1461 1332 1502 eo
1370 1449 1529 1512 sunt,
1572 1445 1842 1502 odiamus
1870 1445 2068 1503 etiam.

2177 823 2507 897 vigilemus,
2541 828 2597 879 et
2618 823 2676 879 in
2701 824 2945 896 psalmis
2967 828 3143 895 atque
3184 823 3551 879 orationibus
3573 820 3747 895 positi
3760 837 3827 877 ex

2179 913 2387 968 intimo
2415 913 2587 968 corde
2621 912 3073 986 ingemiscentes
3097 912 3385 985 lacrymas
3414 911 3826 977 eil‘undamus;

2181 1001 2573 1072 nosmetipsos
2603 1005 2776 1056 cauta
2806 1000 3171 1057 discussione
3203 1001 3539 1072 probantes,
3572 999 3619 1056 si
3652 997 3738 1054 vel
3770 999 3830 1056 in

2180 1090 2377 1161 aliquo
2407 1090 2568 1162 digni
2601 1094 2710 1144 Deo
2741 1106 2844 1161 pro
2892 1089 3020 1160 ejus
3064 1089 3355 1144 immensa
3406 1085 3832 1144 clementiain-

2179 1177 2361 1233 veniri
2408 1194 2756 1233 mereamur.
2819 1176 3240 1233 Tribulationis
3310 1176 3647 1250 angustiam
3710 1191 3829 1233 non

2181 1267 2562 1342 refugiamus,
2604 1270 2669 1322 ut
2725 1266 3139 1323 consolationis
3196 1266 3508 1322 Dominicae
3567 1264 3834 1337 requiem

2182 1372 2651 1428 consequamur;
2702 1360 2759 1413 et
2787 1355 3140 1413 immortalis
3199 1355 3328 1411 vitae
3369 1371 3436 1411 ac
3466 1354 3834 1427 sempiternas

2182 1445 2445 1518 requiem
2479 1446 2774 1519 percipere
2803 1461 3155 1502 mereamur.

1196 1816 1346 1903 SS.
1408 1816 1558 1903 PP.
1621 1813 2171 1902 PACHOMII
2227 1815 2372 1900 ET
2448 1814 3049 1901 THEODORI

808 2048 1695 2193 EPISTOLZE1
1792 2061 1992 2187 ET
2086 2059 2606 2193 VERBA
2698 2057 3440 2199 MYSTICA.

578 2529 928 2587 EPISTOLA
966 2530 1222 2585 PATRIS
1260 2525 1529 2585 NOSTRI
1566 2526 1912 2584 PACHOMII

420 2653 498 2709 Ad
528 2656 780 2709 sanctum
807 2655 990 2708 virum
1046 2652 1379 2716 Cornelium,
1439 2654 1537 2723 qui
1582 2652 1747 2707 Pater
1798 2654 1907 2723 [uit
1955 2669 2068 2708 mo-

488 2726 727 2779 nasterii
780 2724 1159 2796 Machanseos:
1191 2725 1255 2796 in
1306 2741 1415 2795 qua
1460 2725 1709 2796 loquitur
1755 2725 1920 2796 juxta
1961 2725 2069 2779 lin-

492 2812 660 2865 guam
682 2811 800 2867 quae
838 2795 1096 2867 ambobus
1144 2795 1211 2849 ab
1241 2794 1441 2863 angelo
1472 2794 1673 2849 tradita
1701 2794 1797 2861 est,
1839 2803 1890 2851 et
1916 2796 2072 2866 cujus

489 2883 588 2922 nos
645 2866 842 2922 sonum
899 2866 1175 2933 audimus,
1233 2875 1490 2922 eceteram
1559 2868 1698 2921 vires
1754 2874 1806 2922 et
1858 2882 2073 2922 sensum

385 3000 393 3007 ,
496 2938 810 3008 intelligere
836 2953 947 2993 non
976 2954 1280 3010 possumus.

491 3063 535 3119 Ι.
568 3062 723 3118 Deus
750 3062 1005 3135 sapiens,
1037 3062 1190 3118 Deus
1239 3063 1459 3135 absque
1500 3061 1636 3117 ullis
1668 3061 2073 3119 occasionibus

423 3151 635 3220 bonus,
669 3150 823 3207 Deus
870 3150 997 3207 sine
1027 3151 1186 3206 omni
1208 3150 1464 3223 querela,
1492 3151 1653 3206 dedit
1672 3151 1931 3223 requiem
1955 3151 2073 3224 spi-

425 3240 568 3297 ritui
590 3244 693 3295 tuo
718 3256 730 3296 :
765 3246 822 3296 et
846 3244 906 3295 tu
931 3240 1007 3295 da
1035 3241 1297 3311 requiem
1321 3240 1527 3296 animae
1548 3245 1686 3295 tuae:
1739 3244 1805 3295 ut
1848 3240 2076 3296 laetetur

422 3330 561 3386 Sion
582 3327 643 3385 in
658 3329 871 3397 diebus
893 3328 1213 3385 nativitatis
1234 3345 1373 3384 suae.
1405 3328 1513 3384 Fac
1560 3345 1707 3401 opus
1729 3328 1883 3395 lotae,
1917 3329 2071 3400 quod

418 3422 688 3474 vocatum
721 3422 811 3473 est
836 3418 886 3473 Y
916 3418 974 3473 in
1024 3417 1234 3473 diebus
1291 3416 1592 3489 antiquis:
1642 3422 1699 3472 et
1729 3434 1881 3489 pone
1913 3416 2075 3472 Dclta

421 3511 555 3563 ante
586 3506 806 3574 oculos,
844 3511 907 3562 ut
960 3506 1108 3562 bene
1166 3507 1243 3561 sit
1274 3506 1482 3561 animae
1538 3510 1667 3562 tuae.
1714 3507 1797 3561 Ro
1827 3505 2075 3561 tetendit

424 3612 665 3651 manum
697 3611 891 3664 suam,
923 3599 989 3650 ut
1017 3595 1347 3667 perveniret
1377 3595 1448 3649 ad
1479 3599 1573 3663 te;
1608 3596 1762 3666 quod
1795 3598 1884 3650 est
1914 3594 2070 3650 Iota:

421 3683 530 3740 hoc
573 3687 664 3740 est
694 3683 1028 3756 sepulcrum
1065 3681 1321 3739 cubiculi
1345 3683 1451 3738 tui.
1477 3686 1627 3737 Cane
1648 3686 1711 3737 tu
1731 3696 1794 3749 Ω,
1828 3699 1900 3738 ne
1927 3682 2073 3738 forte

422 3785 463 3828 Ω
486 3771 593 3827 tibi
624 3776 795 3828 canat
832 3772 1112 3828 saeculum
1169 3771 1779 3843 impudentissimam.
1828 3767 2074 3826 Laetetur

318 3846 323 3851 ’
423 3867 640 3927 tecum,
675 3877 746 3916 ne
774 3864 838 3916 tu
869 3877 1003 3916 cum
1063 3859 1275 3915 saeculo
1332 3860 1589 3932 gaudeas
1632 3859 2069 3933 procacissimo.
2101 3894 2144 3961 Ο

425 3950 718 4005 Memento
740 3949 932 4005 Hetaa:
966 3964 1039 4004 ne
1086 3947 1450 4004 obliviscaris
1500 3948 1911 4017 Kalendarum,
1945 3964 2072 4020 qua:

423 4042 564 4094 sunt
584 4038 709 4094 dies
731 4037 1093 4111 paupertatis
1112 4042 1169 4093 et
1197 4036 1410 4094 cubilis
1439 4038 1545 4093 tui.
1588 4037 1748 4094 Tolle
1790 4037 1895 4093 tibi
1931 4038 2070 4103 Iota,

424 4127 579 4199 quod
606 4128 965 4200 praecipuum
1010 4131 1100 4182 est
1119 4143 1187 4183 ex
1207 4127 1293 4183 eis
1318 4143 1331 4181 :
1358 4143 1473 4181 non
1500 4126 1655 4182 enim
1674 4130 1797 4182 erat
1819 4126 2076 4181 Lambda

423 4218 479 4272 in
514 4216 696 4285 Heta;
728 4220 786 4271 et
815 4215 1033 4272 idcirco
1064 4216 1359 4272 enutritus
1403 4233 1466 4272 es
1515 4215 1642 4271 sine
1690 4215 1922 4287 pannis.
1966 4215 2075 4270 Re-

421 4310 642 4362 vertere
673 4305 745 4362 ad
778 4304 1071 4361 Kalendas
1095 4322 1224 4377 quae
1277 4309 1417 4360 sunt
1439 4304 1529 4359 Xi.
1553 4304 1624 4359 de
1652 4304 1702 4358 Y
1729 4308 2079 4376 paraverunt

423 4393 690 4465 plaustra
722 4394 1084 4450 tabernaculi
1135 4393 1427 4465 principes
1457 4392 1740 4459 tribuum,
1774 4396 1831 4447 et
1854 4393 2080 4447 obtule-

424 4485 564 4536 runt
589 4499 659 4537 ea
691 4482 1314 4553 laetantes,cunctaque
1335 4483 1486 4536 dona
1506 4497 1638 4536 cum
1663 4480 1821 4536 omni
1843 4480 2077 4554 gaudio.

423 4570 493 4626 Et
522 4575 585 4625 tu
618 4573 686 4625 ut
715 4570 950 4642 sapiens
980 4585 1265 4641 cognosce
1315 4568 1597 4640 capillum
1654 4568 1862 4641 capitis
1903 4572 1989 4624 tui
2018 4568 2079 4624 in

423 4659 536 4727 via,
573 4662 641 4714 ut
669 4659 863 4715 veniat
891 4659 1081 4731 gratia
1125 4674 1305 4729 super
1335 4656 1450 4725 his,
1510 4674 1637 4729 quae
1670 4662 1809 4713 sunt
1837 4657 1960 4714 dies
1988 4658 2077 4713 in-

424 4747 711 4805 nocentia:
768 4753 905 4804 tum.
939 4745 1215 4820 Nunquid
1276 4763 1393 4803 non
1446 4746 1713 4802 Kalendae
1744 4752 1884 4803 sunt
1910 4747 2033 4803 Tau
2054 4747 2081 4802 ?

498 4929 520 4963 δ
548 4926 821 4998 Dehisce
847 4923 1115 4998 epistolis
1145 4922 1483 4998 Gennadius
1531 4896 1656 4995 cap.
1684 4926 1719 4977 7
1753 4942 1827 4998 :_«
1860 4924 2082 4980 Pacho-

432 4998 607 5080 mins,
625 4997 853 5080 “inquit,
881 4994 1127 5080 scripsit
1155 4997 1232 5080 ad.
1262 4994 1517 5080 collegas
1539 4994 1937 5080 praepositum
1961 5013 2082 5080 sum

2101 2533 2150 2598 Β
2180 2527 2326 2584 Heta
2355 2530 2444 2584 est
2501 2526 2741 2584 Pascha.
2792 2528 2859 2584 In
2905 2527 2999 2584 his
3048 2527 3323 2584 omnibus
3371 2544 3444 2584 ne
3471 2526 3842 2586 obliviscaris

2180 2616 2437 2685 Simmae,
2490 2617 2645 2689 quod
2676 2621 2915 2673 vocatur
2959 2617 3196 2690 quidem
3245 2616 3490 2687 Simma,
3523 2617 3626 2673 sed
3656 2615 3843 2674 habet

2186 2705 2663 2762 communionem
2696 2722 2830 2760 cum
2858 2710 2976 2761 Bo:
3011 2706 3250 2762 donavit
3271 2705 3353 2761 illi
3388 2710 3614 2778 partem
3638 2722 3840 2774 suam,

2184 2797 2250 2849 ut
2279 2793 2380 2849 fiat
2399 2794 2638 2850 divesin
2677 2808 2736 2851 Ω.
2787 2794 3014 2851 Litterae
3052 2794 3233 2867 hujus
3280 2794 3550 2868 Epistolis
3603 2794 3843 2867 scriptae

2185 2885 2323 2937 sunt
2354 2881 2602 2949 Delta,et
2632 2884 2771 2938 Iota.
2795 2882 2996 2939 Saluta
3016 2887 3193 2956 caput
3212 2888 3269 2939 et
3289 2884 3489 2955 pedes,
3511 2888 3568 2939 et
3596 2899 3843 2953 manus,

2183 2974 2239 3025 et
2284 2970 2505 3038 oculos,
2540 2974 2597 3026 et
2626 2970 2851 3044 reliqua
2881 2971 3123 3044 spiritus
3152 2972 3264 3041 tui,
3295 2988 3424 3044 quae
3456 2975 3598 3028 sunt
3620 2970 3843 3044 Alpha.

2343 3077 2695 3134 EPISTOLA
2735 3077 2989 3133 PATRIS
3028 3077 3289 3135 NOSTRI
3330 3077 3674 3135 PACHOMII

2183 3166 2261 3221 Ad
2282 3167 2504 3239 Patrem
2530 3168 2860 3239 monasterii
2887 3166 3108 3239 Syrum,
3132 3168 3305 3239 quiet
3323 3168 3440 3239 ipse
3458 3168 3698 3236 gratiam
3710 3184 3849 3223 cum

2254 3237 2553 3294 Paehomio
2582 3246 2634 3294 et
2668 3238 2917 3294 Cornelio
2929 3237 3206 3308 angelicae
3237 3237 3437 3311 lingua
3461 3242 3767 3310 acceperat.

2256 3326 2353 3383 85
2387 3327 2455 3382 II.
2489 3326 2778 3383 Memento
2809 3344 2935 3399 qua:
2967 3328 3303 3400 scripserim
3356 3327 3462 3383 tibi
3503 3329 3572 3396 Y,
3606 3327 3668 3383 in
3700 3328 3848 3401 tapi-

2185 3415 2336 3472 stola
2366 3421 2602 3488 propter
2622 3417 2742 3472 Tan
2766 3416 3073 3489 scriptum,
3121 3421 3178 3473 et
3203 3417 3524 3485 recordare,
3558 3421 3615 3473 et
3643 3418 3848 3474 scribe

2181 3505 2250 3561 Ni
2284 3509 2520 3577 propter
2544 3506 2770 3561 Simma
2801 3507 2950 3578 quod
2985 3507 3271 3579 scriptum
3295 3511 3404 3563 est.
3428 3506 3726 3578 Numquid
3768 3508 3847 3564 Xi

2184 3610 2299 3648 non
2350 3598 2440 3649 est
2483 3594 2556 3660 Y,
2614 3594 2769 3667 quod
2823 3593 2883 3649 in
2932 3595 3134 3667 Kappa
3189 3594 3590 3651 convertitur?
3643 3594 3704 3649 in
3740 3595 3845 3652 his

2182 3683 2458 3738 omnibus
2488 3684 2814 3750 recordare,
2848 3688 2904 3738 et
2932 3683 3121 3739 scribe
3179 3684 3247 3739 Ni
3280 3688 3337 3739 et
3380 3685 3502 3739 Iota
3543 3688 3610 3739 ut
3636 3682 3845 3756 Alpha

2181 3770 2427 3843 pulchre
2458 3772 2749 3827 scribatur
2768 3773 2825 3827 in
2849 3771 3099 3844 gratiam
3121 3772 3502 3829 excelsorum.
3526 3772 3845 3845 Numquid

2183 3859 2282 3915 80
2308 3860 2434 3916 Moe
2466 3877 2580 3915 non
2612 3869 2697 3915 est
2722 3860 2771 3915 Y
2800 3865 2858 3915 et
2887 3865 3108 3932 Kappa,
3146 3862 3347 3934 Kappa
3375 3877 3491 3917 non
3547 3864 3637 3917 est
3660 3861 3797 3917 Tau
3816 3860 3849 3916 ?

2184 3948 2355 4019 Aperi
2385 3965 2450 4004 os
2480 3953 2672 4017 tuum,
2701 3953 2756 4003 et
2779 3948 2905 4004 leva
2934 3948 3139 4005 faciem
3171 3953 3429 4017 tuam,ut
3459 3948 3612 4006 oculi
3636 3950 3726 4005 tui
3763 3950 3853 4005 vi~

2186 4036 2444 4101 deant,et
2464 4036 2655 4107 possis
2677 4035 2867 4109 legere
2888 4054 3013 4109 qua:
3037 4036 3255 4109 scripta
3275 4037 3687 4094 sunt.Attende
3706 4036 3853 4093 dili-

2184 4128 2407 4196 genter,
2438 4129 2495 4180 et
2513 4141 2649 4180 cave
2675 4142 2746 4180 ne
2778 4124 3002 4182 scribas
3030 4124 3194 4182 Delta
3227 4142 3405 4199 super
3432 4126 3559 4193 Phi,
3591 4129 3648 4181 et
3675 4124 3855 4182 inve-

2186 4217 2479 4269 terescant
2508 4214 2633 4269 dies
2665 4213 2771 4279 tui,
2805 4218 2862 4270 et
2889 4230 3052 4287 aquae
3087 4218 3199 4270 tum
3238 4214 3686 4271 imminuantur.
3720 4213 3856 4270 Me-

2188 4306 2469 4368 mento,et
2499 4302 2687 4358 scribe
2715 4303 2899 4359 Theta
2927 4307 2983 4359 et
3012 4307 3094 4359 Ro
3138 4307 3205 4359 ut
3236 4304 3319 4359 Ro
3349 4303 3643 4359 scribatur
3668 4303 3856 4360 bene.

2345 4408 2695 4464 EPISTULA
2735 4409 2999 4466 PATRIS
3037 4409 3297 4466 NOSTRI
3335 4409 3682 4467 PACHOMII

2191 4499 2271 4553 Ad
2330 4504 2548 4553 Patrem
2616 4501 2937 4573 monasterii
2956 4570 2967 4573 _
3004 4499 3339 4568 Cornelium,
3409 4499 3557 4573 quod
3617 4507 3868 4556 vocatur

2835 4570 3191 4627 Mochanseos.

2262 4659 2358 4714 lli.
2392 4658 2623 4714 Honora
2650 4658 2986 4727 Dominum,
3018 4664 3075 4715 et
3105 4660 3863 4718 confortaberisMemento

2189 4746 2446 4819 gemitus
2480 4751 2841 4815 sanctorum,
2872 4748 3075 4804 Simna
3102 4752 3161 4805 et
3188 4749 3292 4804 Phi
3324 4749 3463 4807 ﬂat:
3496 4750 3711 4808 domus
3745 4754 3865 4807 tua

2192 4923 2841 4999 monasteriumtquod
2872 4923 3077 4999 lingua
3099 4926 3435 4999 {Egyptiaca
3462 4927 3647 4999 Baum
3676 4944 3867 4987 voca-

2191 5000 2308 5073 tur,
2340 4995 2682 5073 congregati
2704 4995 2989 5052 ‘Paschaa'
3005 4995 3336 5073 diem'v'elut
3355 5004 3571 5073 aeterna
3584 4997 3730 5073 lege
3765 5017 3868 5058 ce-

431 5066 739 5137 epistolas,
765 5069 823 5140 in
857 5066 1073 5140 quibus
1119 5066 1498 5140 alphabetum
1544 5066 1814 5140 mysticis
1861 5072 2082 5122 tectum
2192 5066 2786 5140 lebrentfepiwstolam
2825 5085 3029 5124 unam.
3069 5069 3352 5125 Similiter
3380 5075 3437 5126 et
3465 5070 3545 5127 ad,
3567 5066 3732 5127 die'rn
3769 5088 3873 5130 re-

435 5139 837 5213 sacramentis,
861 5138 1015 5213 velut
1035 5138 1307 5213 humanae
1327 5138 1770 5213 consuetudinis
1801 5140 2085 5213 excedens
2195 5138 2528 5213 missionis,
2552 5156 2677 5210 quae
2710 5156 2910 5196 mense
2938 5142 3200 5213 Augusto
3232 5142 3444 5213 agitur,
3478 5146 3543 5198 ut
3567 5141 3628 5199 in
3654 5160 3871 5202 unum

434 5208 877 5285 intelligentiam
910 5210 1141 5285 clausit,
1193 5210 1345 5285 soli_s_
1390 5210 1563 5265 credo
1600 5226 1823 5285 eorum
1885 5209 2083 5285 gratiae
2123 5264 2161 5285 η
2196 5211 2490 5285 ρι’ίεροδὶὶί
2524 5208 3061 5285 congregarentur,"
3072 5208 3379 5285 epistolam
3439 5219 3749 5282 unam;et
3781 5216 3870 5273 ad

437 5264 778 5336 velimeJritis
808 5264 1488 5362 manifestatum.hllnam
1546 5264 1641 5336 ad,
1670 5264 1940 5362 abbatem
1965 5282 2085 5362 _Sy-
2119 5264 2163 5328 D
2198 5264 3419 5362 saties,quiro‘ias"'ihbﬁ'iétbiiﬁﬁ'iﬁéi
3445 5264 3874 5362 iﬁéﬁdt'éﬁt;

441 5370 590 5421 rum,
625 5368 803 5428 unam
835 5352 908 5407 ad
939 5352 1224 5428 abbatem
1265 5353 1618 5428 Cornelium.
1683 5354 1764 5409 Ad
1820 5351 2085 5428 omnium
2197 5353 2333 5423 rari,
2366 5351 2674 5428 epistolam
2706 5369 2905 5411 unam.
2940 5378 2967 5405 ››

441 5423 928 5490 monasteriorum
959 5423 1323 5500 praepositos,
1374 5424 1521 5499 utin
1565 5441 1750 5481 unum
1784 5424 2085 5505 antiquius
