4106 6164
308 193 388 260 93
1141 196 1777 267 INTERPRETATIO
1820 193 2376 260 EPISTOLARUM
2425 193 2491 259 S.
2537 192 2942 256 PACHOMII.
3642 196 3723 261 94

300 332 480 402 juxta
508 347 694 389 annos
726 334 859 392 tuos
888 333 963 392 sit
992 334 1298 409 disposita,
1317 337 1488 407 juxta
1534 335 1795 408 exempla
1825 352 1960 390 san-
1993 331 2046 396 Α
2078 334 2444 392 Desiderium
2475 350 2590 389 non
2615 337 2704 388 est
2733 331 2908 387 unius
2939 330 3346 389 rei.Laudatur
3375 335 3724 406 peccaterin

311 424 563 487 ctorum,
599 439 716 477 non
749 423 807 478 in
859 424 1001 479 cibis
1031 427 1475 498 temporalibus,
1506 443 1692 498 neque
1752 427 1810 481 in
1847 425 1964 481 ulla

308 508 710 567 similitudine
740 529 963 584 eorum,
997 532 1126 586 quae
1158 515 1428 571 videntur
1459 517 1515 571 in
1547 515 1689 572 coelo
1727 517 1846 571 sive
1904 516 1963 570 in

308 601 491 654 terra.
527 601 807 657 Habetote
838 618 896 667 Ω,
930 608 991 657 ut
1022 604 1259 675 possitis
1291 622 1593 660 occurrere
1626 611 1737 660 Deo
1781 605 1840 659 in
1872 605 1965 660 die

306 687 689 756 visitationis,
721 689 951 746 liberati
983 693 1056 748 ab
1092 694 1486 765 increpatione
1530 695 1787 749 Marthae.
1823 695 1967 750 Para

309 777 561 832 domum
592 783 754 832 tuam
787 782 1111 836 secundum
1162 784 1444 838 terminos
1505 786 1668 853 ejus.‘
1713 784 1966 838 Observa

307 865 524 923 Theta.
556 883 622 920 ne
653 885 786 922 reus
842 870 924 925 sis
953 870 1370 942 increpationis
1413 875 1563 944 ejus,
1617 874 1709 927 cui
1743 875 1964 929 dictum

306 960 427 1010 est.
476 955 652 1010 Redde
696 960 966 1013 rationem
1003 962 1431 1032 dispensationis
1476 973 1584 1018 tum
1641 966 1790 1034 (Luc.
1851 979 1966 1030 XVI,

303 1044 363 1113 2)
413 1061 428 1110 ;
489 1044 575 1099 vel
609 1045 768 1102 illius
821 1048 921 1118 qui
970 1051 1220 1104 comedit
1275 1056 1333 1106 et
1379 1053 1526 1106 bibit
1574 1070 1707 1107 cum
1767 1053 1965 1115 ebriis,

301 1134 550 1204 quando
583 1134 776 1189 noluit
807 1137 1002 1192 fodere
1035 1155 1138 1193 nec
1170 1141 1305 1195 dare
1330 1141 1623 1196 conservis
1657 1141 1878 1196 cibaria
1909 1143 1966 1195 in

305 1227 577 1293 tempore
611 1241 717 1278 suo
776 1227 982 1295 (Matth.
1044 1230 1217 1300 xxxv).
1271 1231 1402 1285 Ideo
1456 1231 1838 1286 reddiderunt
1894 1231 1966 1296 ei,

303 1310 448 1382 quia
476 1311 699 1368 oblitus
731 1319 820 1369 est
851 1314 995 1387 legis
1029 1317 1206 1382 [)ei,et
1241 1319 1504 1374 inﬁrmos
1550 1320 1784 1376 visitare
1831 1338 1966 1376 con-

301 1401 572 1470 tempsit.
597 1401 669 1455 Et
689 1402 906 1458 ideirco
925 1406 1206 1461 fluctuare
1231 1408 1762 1481 ccepit,etindigere
1785 1428 1966 1482 pane:

300 1487 552 1544 imitans
603 1491 870 1548 homines
926 1496 1457 1553 conﬁdentissimos
1504 1504 1561 1552 et
1606 1505 1968 1571 arrogantes,

303 1579 407 1650 qui
441 1579 762 1636 noluerunt
791 1584 1034 1640 domum
1065 1587 1154 1641 Hi.
1191 1587 1396 1654 Homo,
1431 1605 1715 1660 cognosce
1740 1607 1867 1661 qua:
1891 1590 1969 1644 di-

301 1672 548 1736 cuntur,
581 1669 723 1740 quia
745 1671 963 1727 bellum
988 1674 1218 1730 Domini
1245 1677 1301 1730 in
1335 1678 1611 1733 manibus
1633 1695 1836 1734 eorum
1857 1684 1964 1745 est,
2000 1706 2048 1770 Β

303 1761 366 1811 et
397 1758 691 1813 creditum
736 1767 826 1816 est
871 1762 975 1829 eis,
1039 1770 1102 1818 ut
1159 1771 1426 1838 regerent
1482 1784 1716 1822 carnem
1777 1786 1968 1838 suam,

302 1851 364 1900 et
394 1851 554 1901 stare
607 1849 863 1905 facerent
902 1868 916 1917 ;
966 1852 1015 1907 si
1047 1852 1193 1908 forte
1226 1860 1464 1925 possent
1503 1857 1756 1928 effugere
1787 1857 1969 1914 incre-

304 1934 610 2005 pationem
665 1938 941 2005 Danielis,
988 1945 1044 1996 et
1092 1942 1326 1997 ruinam
1376 1944 1550 2010 Esau,
1583 1950 1639 2000 et
1695 1947 1973 2003 duritiam

306 2022 509 2091 Moab,
542 2030 600 2079 et
631 2025 1010 2084 defectionem
1047 2030 1329 2097 Ismaelis,
1381 2043 1437 2088 et
1467 2033 1770 2090 illecebras
1815 2041 1974 2091 satu-

310 2111 518 2167 ritatis
547 2130 609 2170 ac
647 2117 890 2185 ventris,
943 2119 1082 2190 quia
1128 2127 1449 2192 sapuerunt
1497 2139 1564 2178 ea
1616 2141 1742 2196 qua:
1802 2142 1980 2198 super

316 2207 537 2257 terram
567 2209 722 2260 sunt.
758 2207 1133 2265 Abundantia
1162 2215 1357 2267 autem
1401 2212 1659 2269 hominis
1693 2214 1980 2286 sapientia

310 2292 440 2362 ejus
474 2298 580 2349 est.
617 2294 660 2350 Ο
693 2296 868 2353 homo
912 2299 924 2352 !
989 2301 1151 2356 trade
1183 2300 1505 2374 discipline
1539 2320 1638 2358 cor
1681 2307 1870 2372 tuum,
1907 2321 1978 2360 ne

308 2381 677 2454 multiplices
709 2391 970 2443 mortuos
1019 2389 1077 2443 in
1109 2396 1450 2462 contemptu
1509 2397 1566 2447 et
1625 2393 1981 2465 negligentia

307 2472 440 2536 tua,
468 2477 710 2543 propter
727 2490 982 2531 errorem
1005 2478 1197 2533 cordis
1223 2478 1326 2534 tui.
1363 2480 1407 2534 Ο
1429 2479 1603 2537 homo
1627 2483 1637 2536 !
1677 2499 1748 2537 ne
1782 2482 1984 2542 visibi-

307 2556 388 2612 lia
447 2559 759 2631 despicias.
794 2563 1188 2622 Mercenarius
1222 2585 1336 2623 non
1380 2573 1469 2624 est
1520 2575 1720 2642 pastor
1754 2589 1765 2626 :
1801 2573 1859 2627 in
1894 2577 1984 2629 te-

307 2648 511 2704 nebris
537 2650 743 2722 vulpes
775 2655 1110 2711 comedunt.
1145 2658 1300 2713 Tene
1321 2657 1587 2730 gladium
1611 2659 1812 2733 gloria:
1845 2667 1980 2735 tuae,

309 2752 599 2808 cognosce
627 2739 867 2797 loricam
911 2745 1177 2815 justitiaa,
1213 2752 1268 2801 et
1315 2765 1383 2802 ne
1415 2754 1760 2806 contemnas
1814 2751 1984 2806 habi-

311 2825 576 2882 iaculum
611 2829 930 2901 sapientiae.
964 2837 1072 2889 Fac
1120 2836 1224 2890 tibi
1261 2837 1548 2904 sacculos,
1577 2839 1677 2910 qui
1739 2857 1859 2895 non
1895 2842 1984 2896 in-

306 2919 694 2984 veterescant,
754 2925 819 2974 ut
877 2923 1071 2992 possis
1103 2924 1172 2978 ad
1205 2926 1462 2980 foramen
1497 2928 1770 2998 aspidum
1835 2930 1978 2984 mit-

308 3006 432 3058 tere
481 3022 748 3062 manum.
808 3009 889 3065 Ne
946 3009 1254 3068 inebrieris
1302 3014 1553 3082 vino,ex
1611 3033 1724 3088 quo
1789 3017 1970 3072 ruinae

2075 427 2348 498 operibus
2382 441 2664 479 manuum
2713 438 2976 476 suarum.
3010 422 3239 478 Dictum
3289 428 3378 478 est
3425 428 3483 479 et
3540 423 3720 480 aliis:

2073 517 2305 588 Qualem
2331 517 2556 571 domum
2586 513 2926 584 (edi/icabitis
2964 513 3102 568 mihi
3143 514 3269 585 (Isa.
3304 531 3449 569 LXVI.
3491 514 3540 581 Ι)
3570 513 3598 567 ‘?
3620 513 3722 586 qui

2075 606 2464 677 quadraginta
2521 603 2690 659 annis
2749 602 3061 657 audierunt
3117 619 3445 658 sermonem
3496 603 3618 664 Dei.
3669 609 3726 658 et

2076 713 2190 752 non
2248 697 2296 749 ei
2357 693 2696 749 obtulerunt
2751 693 3039 759 victimas,
3100 707 3206 746 nec
3259 691 3430 747 annis
3487 698 3724 762 septua-

2076 786 2239 858 ginta
2308 786 2723 856 jejunaverunt
2777 781 2883 836 illi.
2942 781 3052 836 Cor
3109 781 3264 835 enim
3325 797 3527 836 eorum
3605 785 3728 836 erat

2076 879 2208 946 post
2240 873 2414 938 idola,
2450 889 2554 927 nec
2585 871 2892 927 voluerunt
2935 871 3048 926 Deo
3081 887 3284 925 vacare
3317 869 3528 924 dicenti
3565 886 3577 923 :
3611 870 3723 924 Va-

2075 972 2192 1018 cate
2221 973 2271 1018 et
2320 962 2492 1017 videte
2545 963 2802 1032 quoniam
2858 977 2952 1030 ego
2994 977 3111 1014 sum
3171 961 3308 1014 Deus
3366 959 3535 1030 (Psal.
3601 977 3726 1024 xcv,

2077 1053 2186 1120 41).
2223 1057 2278 1108 et
2309 1069 2495 1122 usque
2526 1053 2595 1106 ad
2629 1051 2777 1104 hanc
2809 1050 2960 1104 diem
2993 1066 3106 1104 non
3135 1053 3344 1103 vacant
3373 1048 3488 1103 Deo
3517 1049 3526 1100 l
3579 1047 3726 1102 Dici-

2078 1147 2174 1196 tur
2199 1142 2326 1209 tibi,
2365 1142 2558 1196 homo.
2595 1142 2773 1208 Quare
2801 1140 3034 1209 diligitis
3097 1140 3394 1192 vanitatem
3425 1137 3600 1209 (Psal.
3657 1154 3728 1200 iv,

2077 1232 2183 1300 3)?
2214 1233 2294 1286 An
2328 1248 2426 1285 cor
2456 1234 2714 1286 vestrum
2733 1232 3128 1301 eggravatum
3186 1227 3322 1282 est?
3356 1227 3493 1282 Cain
3529 1243 3732 1298 opera-

2080 1321 2252 1375 batur
2281 1324 2516 1384 terram,
2552 1323 2615 1372 ut
2645 1317 2876 1373 otl‘erret
2905 1315 3174 1370 victimas
3206 1313 3342 1378 Deo,
3376 1317 3432 1368 et
3472 1313 3734 1368 condidit

2080 1410 2407 1476 civitatem;
2451 1408 2550 1462 sed
2604 1424 2718 1462 non
2760 1407 2928 1476 juxta
2978 1404 3304 1471 scientiam,
3355 1419 3483 1474 qua:
3547 1403 3734 1473 placet

2080 1499 2216 1565 Deo,
2254 1498 2384 1552 fecit
2416 1497 2532 1552 haec
2563 1496 2784 1552 omnia.
2822 1495 2936 1550 Noe
2967 1498 3024 1548 et
3045 1493 3238 1549 omnis
3270 1493 3482 1548 domus
3513 1492 3638 1561 ejus
3671 1491 3728 1544 in

2081 1607 2215 1644 arca
2232 1590 2300 1643 de
2326 1587 2530 1642 mundi
2553 1590 2640 1640 est
2662 1588 2891 1640 servata
2911 1582 3234 1654 naufragio.
3257 1581 3554 1636 Abraham
3575 1579 3734 1635 dives

2083 1679 2193 1734 fuit
2227 1695 2238 1733 :
2274 1682 2436 1733 Isaac
2469 1674 2702 1747 reliquit
2744 1673 3207 1729 benedictionem
3238 1671 3439 1726 Jacob.
3483 1670 3732 1742 Ipseque

2083 1768 2259 1823 Jacob
2322 1765 2605 1821 intellexit
2652 1780 2826 1836 quem
2876 1779 3072 1817 amare
3103 1761 3356 1826 deberet,
3389 1764 3445 1814 et
3503 1757 3738 1813 benedi-

2084 1857 2331 1912 ctionem
2358 1855 2486 1924 ejus
2506 1853 2652 1926 legis
2674 1853 2862 1908 instar
2880 1852 3232 1907 habuerunt.
3255 1848 3474 1921 Joseph
3503 1848 3737 1919 adjutor

2086 1946 2197 2001 fuit
2226 1945 2454 2018 generis
2487 1944 2600 2009 sui,
2634 1943 2772 2015 quia
2804 1945 3103 2015 peccatum
3136 1938 3304 2012 fugit,
3329 1942 3386 1994 et
3414 1938 3737 1993 detestatus

2086 2033 2539 2106 estvoluptatem
2551 2019 2822 2099 ,ostendit
2837 2047 2947 2102 que
2963 2029 3210 2101 posteris
3225 2028 3378 2101 quod
3395 2026 3739 2083 visitaturus

2089 2141 2187 2180 eos
2218 2128 2371 2179 esset
2401 2123 2576 2187 Deus,
2608 2128 2664 2176 et
2693 2121 2921 2193 aperuit
2952 2119 3228 2191 mysteria
3260 2117 3737 2181 futurorum,me-

2090 2214 2336 2270 moriam
2360 2212 2696 2283 relinquens
2729 2209 3028 2282 sapientia:
3059 2226 3195 2263 suae.
3245 2205 3506 2263 Surrexit
3537 2209 3740 2277 postea

2091 2304 2340 2376 Moyses,
2373 2301 2474 2374 qui
2527 2299 2726 2356 saeculi
2781 2298 2918 2353 vicit
2964 2297 3286 2363 illecebras,
3344 2295 3576 2350 divitias
3634 2309 3738 2364 pro

2090 2391 2274 2448 nihilo
2306 2389 2933 2462 habuit,/Egyptiorum
2967 2386 3315 2458 sapientiam
3339 2384 3582 2440 stultam
3609 2398 3738 2437 esse

2092 2480 2456 2537 monstravit.
2519 2479 2738 2534 Idcirco
2792 2477 2965 2533 Jesus
3023 2473 3400 2530 ministrabat
3475 2472 3549 2537 ei,
3635 2470 3736 2541 qui

2093 2571 2376 2626 intellexit
2407 2569 2731 2625 doctrinam
2763 2583 2985 2632 eorum,
3032 2569 3090 2620 et
3119 2562 3326 2620 habuit
3377 2560 3601 2618 socium
3633 2559 3737 2614 Ca~

2095 2661 2206 2715 leb.
2268 2660 2545 2715 Homines
2603 2656 2766 2713 stulti
2821 2673 2934 2711 non
2993 2652 3404 2709 intellexerunt
3478 2651 3621 2715 haec,
3683 2643 3740 2703 et

2096 2750 2308 2804 idcirco
2339 2748 2536 2802 lumen
2571 2746 2840 2802 tenebras
2893 2759 3020 2799 esse
3078 2742 3369 2797 dixerunt.
3429 2739 3584 2795 Deus
3641 2737 3740 2791 de-

2095 2839 2180 2893 dit
2224 2837 2676 2910 justitieationes
2755 2851 2916 2899 suas,
2975 2836 3039 2887 ut
3090 2829 3417 2888 ambularet
3486 2828 3741 2900 populus

2093 2928 2151 2982 in
2238 2927 2344 2994 eis,
2419 2931 2475 2981 et
2550 2925 2610 2980 in
2692 2924 2783 2978 his
2860 2921 3136 2977 omnibus
3213 2936 3328 2974 non
3394 2918 3740 2973 invenerunt

2094 3035 2190 3073 cor
2221 3033 2416 3082 suum,
2450 3032 2554 3070 nec
2587 3012 2909 3069 conversati
2937 3015 3077 3066 sunt
3106 3011 3186 3076 in,
3239 3007 3534 3063 mandatis
3593 3007 3692 3061 Dei
3722 3032 3737 3072 ;

309 3092 466 3148 ﬁunt
507 3093 799 3166 plurimae,
852 3103 909 3153 et
954 3101 1262 3156 ambulant
1313 3104 1451 3158 nudi
1504 3122 1682 3175 super
1729 3111 1964 3161 terram.
2003 3077 2045 3143 Ο
2084 3108 2183 3162 sed
2243 3106 2525 3161 vacabant
2583 3101 2888 3158 desideriis
2947 3100 3095 3164 suis,
3155 3103 3213 3154 et
3289 3114 3402 3152 non
3460 3095 3736 3167 operibus

309 3181 516 3254 Cogita
547 3187 703 3254 quod
737 3185 827 3242 lex
857 3188 994 3243 data
1025 3190 1100 3244 sit
1122 3192 1191 3246 de
1225 3191 1468 3248 muliere
1501 3200 1885 3262 menstruata,
1907 3201 1971 3251 ut

311 3277 472 3325 extra
503 3278 697 3327 castra
728 3276 1098 3345 projiciatur;
1130 3279 1234 3334 viae
1267 3280 1424 3336 enim
1457 3283 1584 3351 ejus
1615 3289 1807 3338 stratae
1833 3291 1974 3340 sunt

315 3361 521 3430 spinis.
558 3365 878 3434 Paupertas
912 3366 1183 3423 humiliat
1208 3370 1420 3435 virum,
1453 3376 1509 3426 et
1542 3373 1829 3442 perstillat
1867 3375 1969 3430 do-

316 3464 470 3515 mus,
499 3450 601 3504 ubi
631 3452 827 3508 otiosa
860 3461 1000 3510 sunt
1033 3474 1262 3514 manus.
1297 3459 1377 3514 Ne
1408 3459 1724 3517 inﬁrmeris
1758 3463 1827 3517 ad
1853 3463 1974 3534 pla-

313 3553 417 3608 gas
447 3537 764 3610 lignorum,
819 3544 940 3599 Tan
973 3549 1030 3600 et
1081 3547 1183 3602 Ro.
1238 3548 1470 3604 Ventris
1519 3550 1751 3606 insania
1808 3554 1971 3624 pejor

315 3631 410 3680 est
440 3629 713 3684 omnibus
741 3632 935 3688 malis.
969 3635 1143 3691 Error
1172 3637 1474 3693 oculorum
1499 3639 1799 3695 imminuit
1829 3659 1968 3714 pru-

315 3714 584 3811 dentiam
616 3719 961 3811 sapientum.
993 3723 1199 3780 Deﬁcit
1229 3727 1466 3799 sapiens
1497 3733 1732 3811 propter
1762 3748 1968 3786 concu-

315 3804 660 3902 pissentiam
692 3810 889 3866 carnis
921 3813 978 3866 in
1011 3830 1205 3880 carne,
1230 3817 1383 3886 quod
1415 3817 1658 3889 sanguis
1681 3804 1965 3892 sanguini

310 3898 647 3950 misceatur.
711 3898 925 3955 Omnes
957 3903 1056 3974 qui
1111 3903 1250 3959 estis
1280 3912 1681 3977 cooperatores
1738 3909 1860 3976 Dei,
1894 3927 1965 3966 ne

311 3981 570 4051 perdatis
599 3985 848 4056 gloriam
881 3996 1152 4046 vestram.
1202 3993 1358 4048 Scito
1407 4000 1540 4050 ante
1571 3997 1770 4051 omnia
1809 4000 1964 4070 quod

309 4070 358 4123 si
389 4070 575 4127 fueris
606 4073 667 4128 in
700 4075 900 4147 Alpha,
956 4079 1110 4135 Deus
1154 4083 1476 4138 consentiet
1505 4084 1631 4140 tibi.
1685 4086 1828 4141 Cum
1863 4105 1964 4142 au-

309 4163 425 4248 tem
457 4159 577 4216 Deo
607 4167 996 4236 consenseris,
1035 4169 1090 4223 in
1124 4187 1238 4242 quo
1271 4188 1482 4228 cursus
1515 4178 1655 4229 tuus
1680 4180 1788 4238 est,
1823 4193 1965 4248 gau-

313 4247 444 4303 dere
465 4266 581 4304 non
614 4254 834 4322 poteris
863 4255 922 4310 in
968 4259 1191 4314 omnire
1248 4277 1464 4316 vanas:
1501 4264 1670 4333 cujus
1691 4265 1736 4320 si
1762 4247 1964 4321 curam

310 4338 590 4408 gesseris,
622 4343 936 4412 prudentia
965 4352 1065 4402 tua
1091 4353 1349 4404 vertetur
1391 4351 1446 4406 in
1489 4351 1823 4409 stultitiam.
1858 4355 1964 4418 Qui

2081 3197 2201 3252 Dei.
2236 3196 2279 3250 Ο
2311 3195 2485 3249 homo
2515 3192 2528 3247 l
2574 3207 2880 3263 usquequo
2913 3207 3027 3244 non
3059 3187 3228 3243 audis
3259 3186 3549 3241 dicentem
3583 3184 3685 3239 tibi
3719 3200 3732 3238 :

2088 3289 2297 3348 Vacate,
2327 3293 2377 3339 et
2404 3283 2577 3339 videte
2607 3284 2740 3352 quia
2770 3295 2865 3349 ego
2894 3296 3014 3333 sum
3062 3279 3202 3332 Deus
3227 3295 3245 3330 :
3279 3276 3378 3331 sed
3413 3273 3734 3345 unusquis-

2081 3393 2196 3446 que
2223 3373 2489 3445 sequitur
2518 3369 2901 3441 cogitationes
2931 3367 3140 3421 animaa
3172 3383 3289 3420 suae
3311 3365 3338 3418 ἱ)
3391 3364 3541 3418 Num
3603 3362 3736 3417 visi-

2080 3464 2248 3520 tastis
2280 3464 2568 3526 inﬁrmos,
2601 3476 2779 3532 quare
2812 3455 3192 3512 moriemini?
3228 3471 3332 3509 cur
3359 3454 3433 3508 ad
3455 3452 3732 3524 laqueum

2079 3552 2358 3609 curritis?
2389 3551 2515 3607 Haec
2544 3553 2683 3605 sunt
2709 3547 2867 3603 enim
2899 3549 3187 3618 praecepta
3217 3541 3435 3609 vitalia,
3473 3559 3602 3613 quae
3634 3558 3725 3596 ac-

2079 3645 2356 3714 ceperunt
2385 3639 2591 3707 sancti,
2619 3643 2682 3692 ut
2703 3639 3075 3691 versarentur
3094 3632 3155 3687 in
3177 3631 3281 3697 eis,
3308 3634 3372 3685 ut
3401 3629 3547 3684 nihil
3574 3629 3730 3685 aliud

2077 3732 2418 3803 cogitarent,
2453 3733 2518 3782 ut
2550 3728 2802 3782 facerent
2849 3741 3024 3794 opera
3053 3721 3232 3794 digna
3261 3717 3740 3774 immortalitate.

2076 3819 2347 3876 Volalilia
2377 3816 2503 3874 cceli
2539 3833 2652 3871 non
2687 3814 2981 3870 seminant
3038 3827 3143 3866 nec
3173 3813 3422 3874 metunt,
3457 3813 3514 3864 et
3577 3811 3728 3860 Deus

2077 3910 2237 3964 dedit
2267 3908 2372 3973 eis,
2406 3911 2469 3960 ut
2507 3907 2776 3976 raperent
2825 3903 2924 3958 88
2957 3919 3024 3957 ex
3074 3897 3361 3954 universis
3417 3895 3730 3963 fructibus,

2075 4003 2131 4053 et
2161 3996 2416 4067 gratuito
2447 3994 2739 4048 ’viverent.
2775 3992 2958 4046 Homo
3015 3989 3260 4061 iniquus
3317 3992 3375 4042 et
3429 3985 3727 4057 pessimus

2078 4087 2175 4158 qui
2208 4103 2300 4140 res
2332 4084 2552 4139 alienas
2584 4079 3164 4145 desiderat,imitator
3205 4080 3294 4131 est
3320 4076 3513 4131 avium
3549 4075 3733 4146 pessi-

2078 4191 2309 4230 morum
2343 4189 2356 4228 ε
2392 4173 2541 4244 rapit
2569 4176 2624 4226 et
2656 4168 2906 4225 comedit
2929 4165 3049 4222 non
3101 4183 3226 4222 sua.
3280 4166 3395 4220 Hos
3423 4164 3606 4218 vitare
3636 4163 3730 4217 de-

2076 4266 2305 4329 bemus,
2339 4268 2393 4317 et
2422 4259 2745 4332 intelligere
2776 4256 3104 4330 parabolas,
3139 4258 3194 4310 et
3224 4270 3340 4308 non
3374 4269 3501 4308 esse
3535 4256 3726 4322 rapto-

2078 4371 2168 4408 res
2201 4359 2256 4408 et
2286 4351 2521 4423 iniqui;
2583 4349 2685 4405 sed
2738 4345 2953 4402 imitari
3011 4346 3260 4414 majores
3318 4345 3570 4405 nostros,
3628 4349 3729 4411 qui

311 4425 508 4482 ebrius
539 4434 652 4497 est,
684 4431 914 4489 ebrium
954 4452 1067 4491 non
1101 4443 1290 4509 potest
1321 4440 1614 4511 adjuvare.
1653 4443 1758 4507 Qui
1791 4449 1966 4512 errat,
2002 4449 2046 4513 D
2077 4443 2423 4515 placuerunt
2457 4440 2718 4504 Domino,
2751 4441 2806 4493 et
2865 4436 3307 4506 increpaverunt
3347 4430 3556 4495 Adam,
3589 4430 3728 4500 quia

311 4516 605 4584 quomodo
636 4521 852 4575 erranti
895 4525 1242 4581 monstrabit
1285 4527 1436 4583 viam
1481 4529 1508 4583 ?
1568 4530 1665 4600 qui
1725 4531 1970 4587 voluerit

310 4601 548 4700 ductore
579 4623 646 4661 eo
680 4609 783 4674 uti,
815 4628 898 4666 we
931 4611 1034 4669 illi.
1087 4615 1283 4671 Cacus
1314 4617 1469 4672 enim
1522 4635 1738 4674 caecum
1797 4622 1968 4677 ducet

307 4692 365 4790 i-n
390 4692 648 4790 toveam.
683 4697 982 4770 Sapientia
1011 4705 1165 4774 apud
1213 4712 1447 4762 sanctos
1504 4713 1610 4775 est,
1646 4713 1702 4763 et
1760 4710 1816 4764 in
1850 4709 1968 4767 illis

306 4781 405 4872 Dei
433 4781 711 4840 voluntas
736 4790 1060 4860 reperitur:
1095 4809 1210 4849 non
1236 4795 1294 4848 in
1322 4794 1415 4851 his
1437 4797 1654 4867 quibus
1677 4806 1968 4872 repugnat

305 4868 482 4938 Deus,
516 4877 574 4926 et
603 4875 704 4945 qui
735 4876 939 4933 dicunt
971 4898 983 4935 :
1018 4881 1171 4938 Deus
1223 4885 1282 4938 in
1335 4885 1506 4941 nobis
1537 4891 1628 4942 est
1677 4868 1964 4960 gaudium

307 4973 512 5014 eorum
544 4970 914 5022 convertetur
943 4968 1001 5023 in
1058 4970 1304 5028 luctum.
1338 4973 1463 5029 Non
1493 4975 1648 5030 enim
1683 4993 1964 5049 cognove-

305 5053 448 5104 runt
472 5053 817 5121 mysterium
845 5057 942 5112 Dei
967 5076 980 5113 :
1016 5076 1203 5132 neque
1227 5062 1576 5119 invenerunt
1597 5065 1748 5120 viam
1780 5084 1968 5122 servo-

305 5143 534 5200 rnm,ut
555 5148 871 5222 operentur
889 5146 948 5200 in
972 5163 1056 5202 ea.
1085 5149 1380 5222 Flagellati
1402 5157 1749 5219 sunt,etnon
1769 5154 1965 5211 dolue-

305 5228 490 5321 runt":
515 5227 740 5321 seducti
773 5237 937 5297 sunt,
960 5239 1015 5290 et
1046 5253 1160 5292 non
1189 5237 1618 5295 intellexerunt.
1655 5242 1716 5296 In
1748 5243 1842 5298 87
1873 5243 1964 5300 his

306 5312 663 5411 omnibus-0
692 5317 869 5376 homo
901 5321 1022 5394 Dei,
1049 5332 1332 5384 revertere
1355 5329 1412 5383 in
1445 5329 1739 5384 excelsum
1767 5355 1782 5398 ;
1807 5333 1961 5404 quod

303 5407 392 5501 est
420 5404 685 5501 scientia
711 5409 1032 5482 sapientiae.
1073 5416 1367 5489 Scriptum
1414 5423 1523 5487 est,
1574 5421 1692 5476 Non
1761 5437 1960 5478 concu-

300 5496 469 5562 pisces
502 5496 702 5564 (Exod.
736 5515 832 5571 xx,
869 5501 978 5575 l7),
1012 5509 1067 5562 et
1126 5523 1382 5578 rursum,
1415 5509 1540 5567 Non
1571 5509 1956 5570 inebriaberis

2078 4533 2331 4588 comedit
2373 4531 2444 4586 ad
2506 4527 2944 4602 persuasionem
3005 4525 3147 4578 Evae.
3211 4520 3356 4586 Quia
3411 4524 3726 4590 antequam

2077 4623 2424 4685 comederet,
2447 4619 2685 4674 nomina
2706 4618 2931 4673 cunctis
2964 4615 3138 4670 rebus
3171 4609 3542 4682 imposuit,ct
3576 4626 3729 4663 nunc

2078 4725 2309 4781 quoque
2341 4707 2464 4762 suis
2493 4703 2790 4760 vocabulis
2815 4701 3160 4774 apellantur.
3187 4702 3503 4769 Postquam
3531 4702 3728 4751 autem

2077 4797 2352 4864 comedit,
2387 4797 2606 4867 ejectus
2635 4798 2723 4849 est
2751 4793 2822 4847 de
2879 4789 3170 4863 paradiso,
3203 4792 3260 4842 et
3306 4790 3580 4855 operatus
3640 4788 3729 4838 est

2073 4893 2311 4952 terram,
2345 4884 2664 4958 genuitque
2695 4882 2834 4936 Cain
2859 4885 2916 4936 et
2963 4877 3124 4946 Abel,
3180 4892 3279 4948 qm
3311 4878 3636 4939 creverunt,
3670 4878 3726 4927 et

2075 4975 2293 5047 operati
2328 4973 2659 5043 suntjuxta
2696 4970 3054 5026 voluntatem
3113 4979 3304 5020 suam.
3369 4961 3528 5032 Opus
3588 4961 3722 5016 Abel

2076 5064 2294 5137 placuit
2325 5068 2435 5118 Deo
2470 5061 2657 5133 magis
2689 5075 2866 5131 quam
2899 5057 3058 5122 Cain,
3091 5053 3230 5125 quia
3259 5068 3389 5122 quae
3419 5055 3584 5104 erant
3614 5050 3724 5105 ele-

2075 5159 2167 5210 cta
2196 5158 2252 5208 et
2282 5151 2559 5224 primaria
2590 5149 2866 5204 offerebat
2897 5147 3010 5200 Deo
3036 5162 3048 5209 ;
3081 5160 3112 5197 e
3143 5139 3433 5196 contrario
3478 5137 3638 5208 Cain,
3673 5140 3722 5196 si

2076 5242 2214 5315 quid
2248 5241 2503 5296 deterius
2538 5238 2662 5303 fuit,
2697 5237 2806 5291 hoc
2837 5232 3050 5289 obtulit
3081 5231 3196 5286 Deo
3234 5245 3246 5283 :
3304 5227 3406 5299 qui
3437 5228 3496 5282 in
3529 5244 3719 5284 exem-

2075 5332 2235 5404 plum
2271 5328 2510 5385 humani
2543 5325 2772 5398 generis
2804 5324 3240 5396 praecesserunt.
3287 5318 3503 5373 Omnes
3562 5318 3716 5372 enim

2074 5422 2173 5494 qui
2201 5420 2381 5476 electa
2410 5418 2662 5475 offerunt
2694 5420 2829 5482 Deo,
2852 5411 3076 5470 similes
3109 5411 3250 5466 sunt
3279 5404 3422 5461 Abel
3451 5424 3463 5472 ;
3498 5407 3597 5478 qui
3625 5407 3716 5462 de-

2073 5511 2306 5579 teriora,
2342 5508 2478 5564 Cain
2513 5505 2786 5582 operibus
2836 5503 3290 5578 comparantur:
3325 5499 3380 5551 et
3428 5496 3556 5566 ejus
3615 5500 3711 5574 qui
