4118 6158
404 182 485 291 es
1654 188 1723 259 s.
1765 190 2081 260 unseen
2125 186 2573 257 HIEHONYMI
3742 182 3801 261 θ.

405 294 590 385 irrisit
621 326 848 401 patrem
879 343 1078 397 suum,
1110 331 1168 385 et
1214 324 1541 386 nuditatem
1594 330 1724 402 ejus
1782 331 2061 386 fratribus
2090 329 2145 394 Α
2174 343 2358 383 omnes
2389 326 2632 383 homines
2671 324 2788 382 vult
2826 323 3057 393 salvari,
3089 326 3141 381 et
3186 314 3377 380 venire
3417 318 3489 380 ad
3534 320 3823 383 scientiam

404 415 735 485 nuntiavit;
769 421 824 474 et
855 415 1018 475 illius
1049 416 1148 491 qui
1181 418 1486 474 aediﬁcavit
1517 420 1727 477 turrim
1760 420 1819 475 in
1853 436 2059 491 campo

404 505 683 576 Sennaar,
714 506 936 563 oblitus
970 507 1431 563 misericordiam
1464 509 1589 575 Dei,
1635 526 1665 563 a
1688 525 1803 580 quo
1837 510 1893 563 in
1927 525 2063 563 arca

403 599 667 651 servatus
697 600 806 665 est,
839 600 895 651 et
927 595 1211 653 liberatus
1247 614 1279 651 a
1310 597 1549 664 diluvio,
1588 602 1643 652 et
1675 614 1707 651 a
1739 614 1852 670 quo
1885 597 2059 652 bene-

403 682 543 739 dicti
576 688 716 740 sunt
746 689 943 757 patres
972 685 1118 755 ejus.
1164 686 1270 751 Qui
1304 687 1496 741 furore
1557 686 1812 757 quodam
1873 685 2061 742 socios

403 771 810 841 hortabantur,
874 775 1169 831 dicentes:
1202 774 1427 840 Venite,
1483 774 1752 830 dolemus
1811 775 2058 846 lapides,

374 864 379 867 “
403 877 471 916 ac
500 862 797 917 caadamus
818 858 1151 935 sycamoros
1179 867 1235 917 et
1256 865 1458 918 cedros
1474 905 1486 927 ,
1504 869 1559 918 et
1583 864 1868 919 faciamus
1892 865 2060 919 nobis

401 949 614 1005 turrim
629 967 744 1005 non
763 951 1201 1007 considerantes
1218 951 1497 1007 ultionem
1515 953 1695 1007 turris
1708 953 2059 1020 ubalannaz",

401 1039 696 1109 quomodo
732 1040 880 1093 Deus
925 1039 1186 1093 diviserit
1217 1038 1450 1112 linguas
1481 1057 1707 1107 eorum,
1742 1040 2059 1096 volentium

399 1126 926 1183 adiﬁcare'turrim
960 1127 1243 1199 superbia:
1268 1129 1339 1182 ad
1366 1127 1575 1183 caelum
1611 1146 1797 1200 usque
1825 1130 2060 1185 tenden-

399 1219 539 1282 tem,
575 1220 632 1270 et
660 1214 1015 1272 Orientalem
1050 1215 1282 1288 plagam
1343 1216 1809 1289 relinquentium
1847 1237 1860 1285 ;
1922 1218 2061 1289 quia

396 1302 561 1358 obliti
592 1307 730 1359 sunt
760 1302 947 1376 legem
979 1304 1101 1369 Dei,
1137 1322 1311 1377 quam
1354 1306 1412 1360 in
1446 1309 1619 1362 corde
1650 1313 2056 1379 susceperunt.

396 1389 563 1448 Nunc
585 1391 1019 1465 igiturprovide
1033 1399 1087 1448 et
1107 1393 1366 1467 intellige
1381 1395 1664 1451 ultionem
1680 1396 1860 1451 turris
1880 1415 1892 1464 ;
1911 1414 2056 1468 quae.

397 1476 669 1551 quamvis
698 1480 928 1537 excelsa
969 1482 1063 1552 sit,
1124 1484 1193 1538 ad
1252 1483 1463 1539 ccelum
1523 1502 1709 1557 usque
1761 1485 2061 1558 pervenire

399 1584 513 1622 non
546 1572 772 1640 poterat
804 1585 817 1624 :
851 1574 908 1624 et
935 1569 1082 1642 lapis
1114 1588 1291 1644 super
1322 1570 1577 1644 lapidem
1612 1590 1724 1628 non
1769 1573 2059 1645 relinque-

398 1661 498 1712 tur
524 1656 585 1712 in
617 1657 925 1728 templo,in
952 1676 1067 1731 quo
1087 1666 1287 1717 contra
1313 1661 1607 1717 Christum
1632 1662 2058 1719 Pharisaeorum

396 1749 485 1801 est
506 1751 859 1819 congregata
880 1746 1173 1820 impietas.
1194 1749 1489 1823 Scriptum
1514 1756 1602 1807 est
1627 1768 1640 1807 :
1674 1753 1791 1807 Non
1810 1756 2060 1824 pertrans

396 1836 503 1891 ibit
524 1838 802 1907 generatio
832 1853 1025 1892 eorum
1053 1837 1225 1894 donec
1254 1839 1372 1896 Ιιιῖε
1400 1842 1422 1875 ²
1464 1842 1653 1896 omnia
1706 1843 1845 1914 ﬁant
1903 1843 2058 1915 (Luc.

399 1942 511 1991 xxx,
543 1925 654 1996 32).
688 1925 853 1980 Nunc
886 1930 1117 1999 tempus
1148 1933 1256 1996 est,
1291 1934 1357 1985 ut
1414 1947 1727 2002 operemur
1788 1932 2051 2001 Domino,

397 2014 537 2085 quia
554 2013 715 2070 salus
741 2019 939 2070 nostra
978 2015 1037 2070 in
1061 2020 1318 2088 tempore
1341 2024 1431 2074 est
1473 2019 1833 2091 angustia},si
1860 2023 2059 2091 potue-

398 2102 584 2160 rimus
631 2105 759 2175 ejus
817 2104 1044 2161 calcare
1091 2106 1357 2179 vestigia,
1416 2114 1473 2162 et
1530 2108 1721 2164 dicere
1769 2124 2048 2179 semper:

399 2193 791 2264 Magniﬁcetur
844 2196 1111 2250 Dominus
1176 2200 1275 2267 qui
1328 2198 1572 2268 diligunt
1648 2199 1891 2253 salutare
1939 2199 2062 2266 eius

396 2281 573 2352 (Psal.
606 2299 792 2350 “xxx,
826 2284 935 2356 l7).
973 2284 1041 2339 Et
1100 2285 1311 2340 iterum
1370 2287 1527 2355 :Ego
1583 2295 1765 2342 autem
1833 2288 2061 2359 sperabo

394 2370 453 2424 in
484 2378 535 2425 te
567 2386 783 2442 semper
813 2373 982 2443 (Psal.
1020 2391 1142 2437 Lxx,
1204 2374 1316 2442 44).
1369 2375 1495 2430 Non
1553 2375 1710 2430 enim
1768 2380 1857 2430 est
1912 2376 2058 2432 fides

401 2474 529 2530 quae
562 2463 791 2515 tantum
849 2459 951 2517 89
1006 2465 1268 2534 tempore
1300 2463 1500 2535 gaudii
1531 2468 1639 2531 est,
1672 2462 1730 2519 et
1774 2464 1970 2520 deficit
2000 2464 2058 2519 in

395 2552 658 2620 tempore
688 2549 1106 2606 tribulationis.
1148 2555 1442 2624 Scriptum
1498 2558 1587 2608 est
1642 2571 1654 2609 :
1716 2554 1849 2623 Quae
1902 2571 2055 2625 egre-

394 2635 623 2692 dieutur
649 2653 719 2692 ea:
747 2654 839 2693 ore
877 2646 989 2707 tuo,
1050 2640 1273 2695 observa
1329 2650 1390 2697 ut
1441 2644 1619 2713 facias
1654 2644 1833 2715 (Deut.
1893 2662 2055 2711 xxm,

393 2725 506 2797 23).
544 2727 609 2781 Et
638 2743 847 2783 rursus
879 2745 892 2783 :
924 2727 985 2782 Si
1014 2731 1220 2784 voveris
1252 2731 1500 2798 Domino,
1536 2747 1610 2786 ne
1667 2734 1899 2787 moreris
1936 2733 2057 2789 red-

394 2813 520 2870 dere
542 2833 561 2869 :
590 2831 661 2871 ne
680 2818 823 2888 forte
880 2820 1126 2888 requirat
1172 2820 1433 2874 Dominus
1462 2837 1494 2875 a
1526 2828 1595 2885 te,
1625 2823 1675 2876 et
1704 2822 1776 2876 sit
1824 2822 1927 2876 tibi
1986 2824 2048 2876 in

394 2907 692 2975 peccatum.
750 2906 937 2970 Quare
969 2906 1017 2962 si
1051 2906 1267 2963 dixeris
1300 2925 1312 2962 :
1347 2910 1452 2980 Ego
1503 2913 1684 2965 autem
1712 2910 1936 2981 sperabo
1992 2912 2053 2966 in

402 2998 454 3049 te
476 3010 731 3066 semper;
761 2998 817 3050 et
870 2995 932 3050 in
963 2993 1072 3051 hoc
1102 2996 1506 3069 spoponderis,
1538 2997 1716 3070 imple
1745 3015 1957 3070 oppere
1988 3004 2053 3054 ut

404 3082 464 3138 in
490 3083 870 3141 tribulatione
891 3101 1124 3157 quoque
1147 3086 1396 3141 salutem
1422 3087 1698 3142 merearis
1722 3105 1754 3142 a
1788 3088 2056 3157 Domino,
2091 3072 2133 3139 C

398 3172 726 3229 Recordare
760 3174 914 3244 quod
948 3174 1235 3247 scriptum
1266 3178 1355 3231 est
1414 3192 1429 3231 :
1485 3176 1562 3231 Ne
1591 3176 1813 3248 deﬁcias
1871 3180 1921 3233 et
1964 3193 2063 3233 cu-

393 3260 538 3317 stodi
564 3261 863 3317 consilium
891 3279 1073 3318 meum
1097 3271 1151 3319 et
1177 3265 1563 3333 cognitionem,
1600 3275 1658 3321 ut
1686 3268 1829 3322 vivat
1856 3258 2065 3322 anima

393 3352 493 3404 tua
525 3351 708 3422 (Prov.
744 3367 832 3420 ιιι,
861 3350 973 3423 24).
1041 3351 1149 3416 Qui
1187 3352 1342 3408 enim
1397 3353 1655 3409 custodit
1711 3355 2059 3411 mandatum

404 3437 578 3512 legis,
613 3444 807 3496 servat
835 3439 1093 3496 animam
1126 3458 1316 3496 suam.
1350 3441 1645 3515 Scriptum
1672 3449 1762 3500 est
1792 3462 1806 3501 :
1841 3445 2065 3528 Operui‘

395 3543 495 3583 nos
530 3530 727 3583 umbra
757 3531 967 3594 mortis,
1000 3533 1051 3586 et
1079 3546 1191 3586 non
1218 3546 1406 3586 sumus
1456 3532 1614 3588 obliti
1668 3535 1914 3590 nominis
1967 3536 2064 3611 De,-

393 3617 588 3673 nostri.
621 3616 683 3673 Si
708 3619 1074 3691 expendimus
1118 3637 1315 3676 manus
1359 3625 1578 3677 nostras
1605 3622 1676 3678 ad
1724 3624 1896 3679 Deum
1920 3625 2059 3681 alie-

393 3724 532 3763 num
561 3702 733 3780 (Psal.
768 3724 929 3778 XLIII,
952 3710 1025 3764 2O
1051 3709 1166 3781 21).
1198 3709 1555 3767 Etitterrum
1589 3728 1602 3768 :
1640 3712 2068 3785 Occupuverunt

393 3812 481 3852 me
514 3796 700 3870 laquei
724 3800 939 3869 mortis,
994 3799 1250 3870 pericula
1304 3801 1517 3872 inferni
1573 3803 1905 3858 invenerunt
1952 3820 2060 3861 me.

396 3885 828 3942 Tribulationem
857 3889 907 3944 et
934 3887 1175 3945 dolorem
1205 3890 1410 3945 inveni.
1442 3891 1507 3946 In
1536 3892 1790 3947 omnibus
1821 3892 1907 3948 his
1950 3910 2064 3951 non

393 3981 473 4029 est
495 3982 814 4031 conversum
869 3981 1170 4033 retrorsum
1208 3994 1301 4034 cor
1357 3983 1629 4047 nostrum,
1709 3982 1805 4037 sed
1862 3999 2061 4039 nomen

396 4063 620 4120 Domini
674 4065 925 4122 invocavi
981 4066 1151 4139 (Psal.
1204 4084 1345 4136 xvn,
1393 4069 1430 4123 5
1474 4069 1552 4139 7).
1604 4069 1755 4125 Dicit
1804 4076 1863 4127 et
1910 4070 2060 4128 alius

396 4152 642 4210 credens
673 4155 846 4212 corde
875 4154 1220 4213 ﬁrmissimo
1245 4174 1258 4213 :
1286 4158 1405 4213 Non
1436 4158 1635 4215 timebo
1666 4160 1849 4214 millia
1868 4162 2062 4232 p0puli

392 4243 798 4300 circumdantis
827 4261 914 4301 me
960 4246 1133 4315 (Psal.
1168 4264 1255 4313 ιιι,
1302 4248 1383 4318 7.)
1432 4246 1500 4301 Et
1550 4246 1659 4302 hoc
1707 4247 1869 4315 dicit,
1921 4250 2061 4321 quia

397 4330 575 4387 habet
633 4332 910 4389 ﬁduciam
961 4334 1021 4389 in
1048 4335 1182 4390 Deo.
1238 4334 1367 4404 Fili,
1402 4352 1473 4390 ne
1531 4336 1792 4402 deﬁcias,
1841 4338 2060 4394 suscita

2122 416 2123 419 “
2173 417 2416 473 veritatis
2448 416 2495 487 (Ι
2528 417 2659 471 Tim.
2712 433 2773 484 ιι,
2822 414 2896 486 4).
2941 413 2998 471 Si
3042 411 3275 491 audisti
3328 428 3525 470 vocem
3571 412 3682 480 Dei~
3730 414 3820 481 ,Ιο-

2174 505 2430 576 quentis,
2465 504 2664 559 Cretum
2699 507 2751 560 et
2786 507 2995 559 terram
3035 520 3131 573 ego
3163 504 3361 575 impleo
3390 505 3607 572 (Jerem.
3660 520 3824 573 χχιιι,

2170 594 2283 665 24),
2318 610 2432 648 non
2489 593 2745 660 timebis,
2802 592 2903 647 sed
2957 591 3153 648 dices:
3214 593 3478 647 Dominus
3522 597 3709 648 noster
3765 595 3823 649 in

2169 683 2301 738 coelo
2322 698 2536 738 sursum
2558 683 2756 750 (Josue,
2779 700 2842 751 ιι,
2866 682 2975 753 11),
3003 686 3059 736 et
3079 698 3258 753 super
3278 687 3494 737 terram
3517 682 3819 752 deorsum,

2171 788 2243 827 ne
2304 771 2509 826 audias
2546 787 2559 825 :
2594 771 2814 826 Modicce
2871 770 3019 841 ﬁdei,
3053 786 3224 842 quare
3281 770 3551 826 dubitasti
3605 771 3817 839 (Matth.

2170 878 2282 928 x1v,
2316 862 2406 932 2i)
2438 850 2554 916 ?'et
2576 865 2639 914 tu
2671 876 2905 914 rursum
2940 859 3319 931 respondebis
3352 877 3364 914 :
3397 861 3525 914 Nisi
3552 862 3684 930 quia
3719 861 3823 918 Dos-

2171 953 2353 1006 minus
2408 959 2527 1005 erat
2582 951 2645 1004 in
2672 950 2847 1015 nobis,
2881 966 3004 1003 cum
3032 959 3417 1019 consurgerent
3461 949 3711 1005 homines
3762 953 3825 1007 in

2168 1057 2285 1104 nos,
2316 1036 2458 1110 forte
2488 1040 2634 1094 vivos
2686 1039 3047 1109 deglutissent
3100 1054 3196 1093 nos
3256 1037 3433 1110 (Psal.
3494 1055 3689 1107 cxxm,
3741 1040 3821 1109 3).

2175 1130 2336 1201 Szepe
2368 1128 2524 1183 enim
2557 1129 2627 1183 ab
2652 1127 3044 1183 adolescentia
3072 1131 3173 1182 tua
3194 1132 3603 1199 pugnaverunt
3622 1130 3825 1187 contra

2170 1222 2226 1273 te
2262 1236 2273 1274 :
2301 1223 2357 1274 et
2389 1222 2451 1273 tu
2484 1217 2728 1289 portasti
2752 1218 2965 1289 jugum
3016 1216 3149 1270 fidei
3181 1232 3214 1270 a
3244 1216 3495 1289 pueritia
3551 1221 3672 1272 tua.
3707 1217 3824 1274 Nec

2170 1324 2514 1381 percussum
2599 1311 2689 1362 est
2763 1306 3005 1361 dorsum
3080 1308 3248 1360 tuum
3335 1305 3612 1362 oneribus
3654 1306 3823 1379 Egy-

2170 1395 2328 1469 ptiis,
2365 1410 2469 1450 nec
2500 1395 2828 1450 servierunt
2860 1410 3073 1449 manus
3100 1398 3216 1447 tua;
3248 1393 3306 1448 in
3336 1393 3626 1465 cophino;
3686 1395 3827 1466 quia

2170 1483 2682 1540 circumcisionem
2716 1482 2925 1537 amasti
2988 1481 3313 1554 spiritalem
3350 1499 3363 1537 :
3416 1499 3543 1555 quea
3575 1483 3827 1540 occasio-

2171 1590 2309 1629 nem
2369 1573 2531 1628 dedit
2586 1570 2764 1626 saluti
2794 1571 3004 1626 animae
3043 1574 3178 1638 tuae,
3235 1570 3492 1626 Breviter
3548 1570 3823 1626 auditis:

2177 1662 2397 1737 grande
2430 1659 2754 1733 periculum
2786 1664 2875 1715 est
2904 1658 3183 1727 hominis,
3216 1658 3358 1715 dum
3419 1663 3684 1715 mustum
3714 1664 3827 1727 est,

2177 1768 2249 1807 ne
2279 1751 2569 1806 ell'erveat.

2331 1856 2679 1912 EPISTOLA
2720 1855 2978 1911 PATRIS
3018 1855 3287 1912 NOSTRI
3326 1855 3667 1913 PACHOMII

2171 1947 2250 2003 Ad
2281 1947 2484 2020 Syrum
2517 1953 2733 2020 patrem
2785 1946 3114 2020 monasterii
3136 2015 3148 2020 _
3173 1943 3405 2010 Chnum,
3458 1952 3510 2000 et
3563 1944 3828 2020 Joannem

2379 2015 2738 2089 praepositum
2774 2016 2966 2072 domus
2996 2015 3238 2087 ejusdem
3267 2019 3614 2073 monasterii.

2243 2107 2336 2162 IV.
2370 2106 2779 2162 Transivimus
2811 2122 2913 2176 per
2954 2109 3029 2171 te,
3061 2109 3119 2159 et
3174 2122 3291 2160 non
3352 2104 3654 2176 potuimus
3714 2122 3830 2177 pra:

2170 2196 2353 2251 nimia
2385 2195 2761 2251 festinatione
2794 2194 3058 2249 divinum
3092 2198 3284 2250 tecum
3317 2195 3581 2250 conferre
3611 2210 3833 2252 sermo.

2172 2302 2303 2342 nem
2340 2303 2352 2339 :
2388 2285 2517 2341 ideo
2560 2300 2716 2339 nunc
2776 2301 2879 2356 per
2936 2281 3244 2355 epistolam
3278 2282 3595 2355 loquimur.
3653 2287 3831 2340 Omni

2167 2373 2379 2430 virtute
2410 2374 2717 2441 contende;
2757 2379 2818 2428 ut
2853 2371 3101 2444 impleas
3160 2372 3646 2429 consuetudinem
3702 2389 3828 2430 mo-

2170 2464 2435 2531 nasterii,
2466 2467 2523 2519 et
2555 2463 2734 2518 facias
2765 2479 2893 2535 quas
2925 2466 3211 2535 praecepta
3253 2466 3395 2518 sunt
3427 2480 3442 2530 ;
3504 2479 3576 2518 ne
3633 2478 3829 2519 corre-

2170 2552 2354 2628 ptioni
2386 2552 2569 2608 futuri
2601 2551 2882 2624 temporis
2911 2551 3581 2624 praeparerisJ‘uerisque
3602 2551 3659 2606 in
3693 2567 3828 2624 pec-

2170 2648 2430 2700 catorum
2504 2640 2754 2696 vinculis
2812 2641 3315 2708 condemnandus,
3371 2644 3429 2696 et
3490 2641 3829 2698 efferendus

2174 2734 2283 2788 Deo
2316 2734 2550 2805 propter
2580 2729 3016 2803 negligentiam,
3041 2746 3156 2785 non
3189 2729 3380 2785 solum
3412 2734 3601 2796 tuam,
3633 2730 3735 2786 sed
3769 2734 3829 2787 et

2169 2822 2414 2877 fratrum
2449 2819 2550 2892 qui
2586 2824 2780 2874 tecum
2814 2824 2971 2885 sunt,
3004 2823 3061 2873 et
3090 2823 3477 2893 cooperantur
3506 2818 3611 2887 ibi,
3644 2818 3833 2875 scien-

2166 2911 2340 2977 tium,
2372 2910 2528 2982 quod
2583 2925 2652 2964 ea
2684 2924 2812 2980 quae
2845 2907 3015 2964 nobis
3073 2908 3253 2977 dedit,
3309 2906 3428 2964 illis
3485 2906 3833 2964 fidelissime

2168 2999 2613 3055 tradiderimus.
2647 2996 2983 3053 Memineris
3042 2999 3098 3052 et
3129 2996 3441 3052 ministerii
3497 2995 3835 3068 laborisque

2173 3094 2540 3152 sanctorum,
2575 3091 2631 3143 et
2675 3086 2849 3143 amici
2882 3085 2991 3152 tui,
3018 3086 3119 3158 qui
3173 3088 3569 3158 cognoverunt
3623 3084 3834 3142 volun-

2174 3182 2352 3234 tatem
2384 3176 2485 3232 Dei
2520 3194 2532 3230 :
2568 3180 2632 3231 ut
2678 3179 2734 3231 et
2764 3175 2877 3247 ipsi
2907 3174 3051 3230 fiant
3081 3173 3411 3230 cohaeredes
3440 3173 3709 3246 ejusdem
3739 3190 3832 3230 re-

2173 3264 2609 3340 promissionis,
2633 3273 2687 3321 et
2715 3264 2969 3320 habeant
2990 3261 3389 3319 immortalem
3419 3263 3595 3319 fidem
3627 3280 3662 3319 a
3690 3267 3831 3331 Deo,

2174 3374 2302 3430 quae
2351 3358 2545 3411 creata
2580 3358 2671 3411 est
2702 3370 2804 3426 per
2833 3353 3108 3426 spiritum
3155 3352 3596 3427 prephetarum,
3654 3356 3713 3409 et
3754 3352 3830 3410 ah

2173 3444 2456 3520 apostolis
2487 3444 2778 3499 roborata.
2812 3443 2921 3509 Qui
2952 3442 3362 3498 sustinuerunt
3390 3458 3494 3515 pro
3523 3457 3594 3499 ea
3622 3456 3832 3499 omnes

2174 3533 2477 3608 angustias
2502 3536 2561 3589 et
2580 3532 3038 3605 persecutiones.
3058 3530 3444 3586 Crediderunt
3459 3530 3618 3587 enim
3639 3546 3837 3603 repro-

2173 3622 2443 3679 missioni
2475 3622 2626 3694 ejus,
2660 3624 2716 3676 et
2746 3620 2963 3676 idcirco
2995 3619 3377 3693 fragrantiam
3433 3619 3574 3676 boni
3632 3619 3841 3678 odoris

2173 3710 2287 3768 sibi
2318 3711 2686 3783 paraverunt.
2710 3707 3162 3765 Consideremus
3190 3722 3329 3781 ergo
3353 3723 3473 3775 eos,
3497 3723 3646 3780 quos
3674 3707 3836 3765 Deus

2173 3798 2585 3857 dominatione
2613 3797 2873 3863 donavit,
2907 3796 2957 3853 si
3005 3796 3151 3852 forte
3208 3796 3293 3852 eis
3354 3795 3573 3869 servire
3612 3811 3847 3854 merea-

2173 3906 2328 3956 mur,
2361 3892 2418 3943 et
2445 3903 2646 3944 eorum
2679 3885 2973 3942 adhzerere
3004 3883 3514 3953 doctrinae,relicta
3541 3883 3700 3941 omni
3730 3900 3838 3942 su-

2171 3978 2375 4052 perbia
2403 3981 2460 4032 et
2508 3980 2779 4048 peccato:
2846 3973 3169 4034 fortissime
3227 3973 3566 4030 resistentes
3619 3972 3835 4045 Alpha,

2170 4067 2326 4141 quod
2360 4066 2583 4137 absque
2640 4064 2852 4120 timore
2884 4068 3163 4136 operatur
3209 4062 3268 4118 in
3326 4062 3691 4136 corporibus;
3721 4064 3835 4119 Ab-

2168 4164 2353 4227 sorpta
2385 4157 2461 4210 est
2491 4156 2640 4209 enim
2689 4169 2832 4208 mors
2890 4154 2951 4207 in
3004 4154 3233 4208 victoria
3261 4152 3309 4223 (l
3338 4151 3459 4209 Cor.
3489 4169 3585 4221 xv,
3612 4151 3727 4224 54).
3759 4153 3853 4209 Ειν

2169 4245 2462 4317 quomodo
2495 4260 2731 4299 rursum
2766 4242 2986 4297 infirmi
3021 4258 3232 4298 sumus
3262 4240 3320 4297 in
3349 4241 3460 4297 hoc
3515 4246 3779 4313 tempore
3812 4259 3831 4296 :

2168 4333 2424 4391 scientes
2451 4333 2604 4405 quod
2647 4335 2867 4386 statuta
2897 4330 2975 4385 sit
3005 4330 3267 4388 Ecclesia
3294 4335 3351 4386 et
3406 4329 3734 4403 dirigenda
3764 4329 3830 4385 in

396 4419 653 4476 amicum
689 4424 880 4489 tuum,
933 4440 1037 4494 pro
1070 4440 1185 4495 quo
1228 4424 1404 4479 ﬁdem
1435 4422 1642 4490 fecisti,
1675 4426 1867 4481 sciens
1900 4428 2054 4498 quod
2086 4446 2131 4511 D
2165 4425 2410 4488 bonum,
2443 4422 2595 4511 sicut
2615 4418 3128 4511 etgprmdixitgtibi.
3165 4420 3330 4511 Nosti
3362 4419 3523 4511 quod
3555 4436 3671 4476 non
3701 4416 3833 4492 glo-

393 4524 599 4563 omnes
629 4513 832 4580 gentes
865 4515 929 4565 ut
959 4510 1180 4566 surculi
1234 4514 1336 4568 90
1367 4529 1435 4568 ex
1465 4513 1620 4585 igne,
1654 4519 1711 4569 et
1740 4514 1912 4571 sicuti
1946 4517 2049 4572 sti-

395 4595 546 4669 pulas
574 4595 749 4665 leves,
784 4614 910 4670 quae
939 4599 1051 4655 huc
1082 4604 1258 4673 atque
1291 4600 1427 4657 illuc
1459 4618 1604 4657 aura
1660 4602 1832 4659 celeri
1891 4606 2046 4662 defe-

391 4689 627 4756 runtur,
661 4690 718 4741 et
748 4686 904 4743 sicut
936 4686 1127 4760 pulvis
1159 4690 1259 4761 qui
1295 4694 1562 4763 raptatur
1590 4691 1842 4748 turbine.
1895 4695 2048 4752 Scito

396 4776 553 4847 quod
584 4776 873 4850 scriptum
922 4776 998 4833 sit
1032 4776 1155 4845 tibi,
1193 4796 1262 4834 ne
1295 4796 1427 4835 cum
1480 4780 1690 4836 videris
1747 4799 1967 4854 equum
2000 4791 2057 4842 et

395 4862 789 4936 ascensorem,
850 4871 908 4923 et
964 4866 1260 4923 inﬁnitam
1323 4866 1787 4940 multitudinem,
1848 4873 2056 4931 timeas

409 4953 606 5010 animo
648 4972 663 5023 ;
720 4956 822 5011 sed
854 4961 1148 5014 memento
1209 4957 1433 5013 Domini
1483 4958 1584 5013 Dei
1642 4959 1725 5014 tui
1759 4962 1859 5032 qui
1898 4962 2058 5019 dedit

399 5039 506 5095 tibi
586 5042 1016 5113 fortitudinem,
1100 5049 1162 5103 ut
1236 5047 1296 5102 in
1358 5047 1553 5120 proelio
1610 5048 1895 5119 vinceres,
1954 5052 2056 5123 qui

467 5199 709 5277 ‘Sentit
737 5202 819 5277 _in
867 5204 1198 5277 Cbalanne,
1253 5222 1378 5277 quae
1429 5207 1632 5262 eadem
1694 5223 1827 5263 cum
1879 5209 2056 5264 Ctesi-

397 5271 618 5349 phonte
640 5273 1032 5349 ad_'l‘igride_m
1057 5271 1355 5349 civitas-p11
1367 5283 1521 5333 tatur
1540 5295 1691 5345 esse,
1726 5279 2054 5337 Babelicam

395 5348 458 5422 tu
472 5343 836 5422 rrimjuisse
860 5347 1194 5416 excitatam,
1225 5343 1320 5403 cui
1374 5343 1684 5422 sententiae
1712 5357 1845 5422 post
1874 5353 2053 5410 Euse-

398 5414 566 5495 δίᾳ-ιιι
623 5415 1060 5495 Hieronymus,_
1099 5414 1187 5495 et
1228 5420 1450 5495 passim
1504 5414 1818 5495 scriptcires
1870 5427 2053 5495 Graeci

346 5528 353 5531 μ
394 5486 813 5562 suffragantur,
846 5486 1111 5547 ex’Isaia:
1143 5486 1290 5558 loc'o,
1324 5507 1379 5556 x,
1411 5492 1464 5558 9,
1496 5486 1677 5564 penes
1707 5493 1888 5551 LXX:
1936 5498 2046 5558 Τὴν

2163 4513 2346 4569 rietur
2374 4510 2595 4567 securis
2647 4509 2773 4564 sine
2804 4524 2870 4564 eo
2897 4508 2997 4581 qui
3034 4507 3301 4580 praecidit
3358 4508 3418 4562 in
3448 4523 3537 4575 ea,
3597 4510 3655 4563 et
3699 4523 3835 4580 quas

2158 4603 2403 4659 doceant
2434 4616 2541 4655 nos
2601 4598 2910 4671 Scriptura:
2944 4597 3158 4653 habere
3216 4613 3564 4670 responsum
3619 4596 3855 4652 mortis

2164 4693 2238 4764 (ΙΙ
2280 4690 2401 4746 Cor.
2452 4688 2517 4759 ιι)
2562 4705 2575 4743 :
2634 4704 2811 4758 quam
2874 4686 2923 4742 si
2978 4685 3472 4752 devoraverimus,
3531 4683 3836 4742 salvamus

2163 4780 2424 4836 animam
2461 4780 2745 4832 nostram.
2798 4775 2923 4830 Non
2956 4779 3047 4831 est
3099 4775 3401 4830 timendus
3458 4773 3734 4830 interitus
3764 4773 3834 4831 in

2164 4869 2291 4925 loco
2326 4863 2813 4940 peregrinationis
2842 4868 3091 4932 nostrae;
3126 4864 3227 4919 sed
3261 4858 3833 4938 pugnandum,quo-

2166 4957 2339 5013 modo
2372 4972 2573 5029 pacem
2597 4970 2731 5011 cum
2765 4953 2857 5009 his
2890 4953 2991 5025 qui
3024 4952 3127 5008 Dei
3150 4953 3604 5025 justiﬁcationes
3632 4956 3841 5009 custo-

2165 5045 2356 5114 diunt,
2388 5044 2605 5101 habere
2632 5041 2950 5117 possimus.
2984 5040 3147 5107 Heta,
3191 5041 3241 5097 si
3299 5041 3544 5098 lucraris
3584 5056 3829 5098 omnem

2169 5216 2339 5282 χώραν
2377 5216 2470 5272 τὴν
2520 5211 2682 5282 ἐπάγω
2729 5209 3015 5269 Βαϐυλῶνος
3060 5210 3144 5282 *9“
3186 5207 3431 5282 Καλάντεει
3465 5206 3595 5282 ενδ-δ
3642 5207 3830 5282 πύργος

2177 5268 2481 5356 ignitum.
2515 5277 2825 5356 Regionem,
2875 5268 3111 5356 quaest.
3159 5268 3863 5356 supra"Babglonem,'et‘

2211 5306 2481 5348 xooop'rp'n.
2515 5306 2824 5346 ncgtuucru,
2875 5306 2997 5344 quas
3029 5306 3105 5329 σου
3159 5306 3327 5343 οιιμιω
3381 5306 3735 5343 υισνυιυηοιη,
3770 5306 3824 5329 οι

2167 5306 2492 5414 ἳὴαιαηθτη,
2523 5348 2619 5402 ubi
2673 5348 2850 5401 turris
2876 5346 3149 5416 aediﬁcata
3175 5351 3272 5401 est.
3326 5343 3459 5400 Haec
3507 5347 3704 5400 tamen
3761 5343 3824 5400 in

2171 5420 2394 5479 Latinis
2426 5417 2725 5491 codicibus
2742 5417 3199 5491 desiderantur.‘

2240 5494 2262 5527 ²
2292 5492 2355 5549 In
2386 5486 2619 5562 vulgat.
2653 5488 2789 5561 hac,
2827 5496 2879 5545 et
2909 5488 3105 5547 Greco
3135 5486 3371 5560 quoque
3398 5494 3543 5556 αὐτή.
