4106 6164
313 264 388 335 97

312 401 625 469 mundum,
656 405 715 457 et
742 400 960 459 habeas
990 409 1191 459 contra
1208 403 1391 460 Deum
1429 404 1790 474 inimicitias,
1825 423 1951 477 quae
1981 421 2036 487 Î‘

310 493 395 546 est
424 488 703 547 utilitas?
728 495 902 547 Docet
944 490 1126 564 igitur
1173 497 1236 547 ut
1283 509 1408 564 quae
1459 492 1737 561 dicuntur
1766 493 1955 559 nobis,

308 577 629 651 aliquando
705 579 1141 653 intelligamus:
1211 580 1462 636 scientes
1507 582 1647 653 quia
1696 583 1957 638 mundus

300 672 626 740 praetereat,
685 673 743 723 et
807 668 1101 724 desideria
1157 669 1305 740 ejus.
1355 669 1603 741 Vigilate
1654 675 1711 726 et
1766 671 1957 727 videte

304 757 600 830 quomodo
614 755 954 812 ambuletis.
969 758 1254 813 Movimus
1267 759 1422 830 quod
1437 759 1746 815 ineruditis
1759 776 1958 816 occur-

302 852 399 901 rat
433 863 606 902 mors.
638 846 708 901 Et
752 847 845 902 91
905 864 1020 902 non
1061 846 1368 920 intelligite
1414 852 1701 921 tempora,
1727 849 1785 904 in
1820 849 1954 921 qui-

300 934 421 991 bus
465 941 551 991 est
599 950 761 990 error
801 940 859 990 et
900 934 1182 991 seductio.
1217 935 1533 991 Considera
1574 936 1749 993 horas
1780 942 1954 1009 atque

298 1028 626 1094 momenta,
651 1028 710 1080 et
740 1024 1035 1081 mensium
1076 1025 1289 1098 Spatia,
1340 1041 1591 1097 quorum
1636 1042 1811 1083 cursu
1844 1026 1952 1082 hu-

296 1129 485 1170 mana
519 1113 641 1169 vita
688 1113 1048 1169 devolvitur:
1101 1119 1158 1170 et
1203 1131 1404 1170 eorum
1456 1131 1701 1171 numero
1748 1116 1953 1185 scitur,

294 1208 527 1274 quanto
552 1207 816 1275 tempore
864 1203 1276 1275 unusquisque
1322 1203 1565 1260 vixerit:
1612 1210 1677 1260 ut
1724 1205 1953 1276 possint

297 1291 581 1364 colligere
607 1292 760 1347 vires
788 1308 950 1359 suas,
984 1296 1041 1347 et
1087 1290 1332 1364 implere
1378 1309 1448 1348 ex
1493 1292 1587 1348 his
1631 1293 1864 1360 horrea,
1895 1297 1952 1349 et

296 1384 626 1438 sementem
657 1380 872 1436 futuris
902 1380 1199 1436 messibus
1250 1397 1596 1452 praeparare,
1647 1388 1704 1438 et
1735 1386 1799 1438 ut
1827 1381 1948 1437 cul-

291 1473 444 1527 tura:
475 1468 679 1526 studia
708 1473 968 1542 tempore
998 1470 1313 1559 messionis
1333 1470 1649 1537 inveniant,
1674 1476 1731 1527 et
1753 1488 1949 1527 coram

291 1560 413 1616 Deo
447 1563 507 1615 et
536 1559 816 1615 omnibus
846 1559 1186 1631 possideant
1237 1560 1588 1627 necessaria,
1639 1561 1844 1617 mortis
1876 1562 1950 1616 ti-

292 1666 461 1706 more
483 1653 781 1721 superato,
813 1653 869 1705 et
888 1652 1231 1704 transeunte
1255 1650 1496 1717 mundo,
1521 1666 1635 1705 non
1659 1649 1952 1708 celebrent

288 1740 481 1795 festos
512 1739 640 1794 dies
670 1737 729 1792 in
761 1736 1057 1794 veteribus
1104 1738 1488 1794 vestimentis.
1541 1738 1816 1795 Civitates
1848 1741 1947 1797 de-

290 1793 539 1885 structa
572 1793 711 1884 sunt
740 1832 795 1882 et
834 1825 1065 1899 repleta
1113 1826 1342 1898 alienis,
1378 1828 1477 1900 qui
1512 1793 1681 1883 haud,
1701 1793 1782 1901 pii
1801 1793 1954 1885 sunt
1980 1793 2029 1858 B

291 1919 446 1975 inire
489 1916 803 1974 consilium
842 1916 1099 1993 sapiens.
1152 1916 1346 1972 Fluxit
1390 1916 1451 1971 in
1500 1917 1726 1973 deserto
1776 1934 1950 1990 aqua,

288 2013 353 2063 et
409 2006 849 2063 exsultaverunt
897 2006 1170 2076 jumenta
1228 2021 1294 2060 ac
1362 2004 1640 2061 volatilia.
1704 2005 1952 2078 Sapiens

291 2100 357 2151 et
388 2097 690 2151 continens
718 2095 897 2151 homo
950 2110 1064 2149 non
1114 2098 1369 2166 ungetur
1415 2098 1738 2166 unguento,
1793 2094 1949 2166 quod

292 2185 592 2242 demolitaa
619 2191 759 2240 sunt
790 2201 1008 2240 muscae
1033 2183 1369 2247 morientes,
1401 2188 1459 2237 et
1488 2182 1643 2255 quod
1668 2183 1952 2255 composi-

289 2281 423 2331 tum
456 2278 547 2330 est
578 2274 715 2329 filiis
748 2273 893 2346 agri.
931 2273 1062 2327 Ideo
1092 2270 1332 2344 vigilare
1375 2271 1678 2339 debemus,
1706 2277 1763 2327 et
1792 2272 1950 2327 omni

291 2363 697 2419 sollicitudine
745 2363 962 2418 futuris
1006 2360 1302 2433 lapidibus
1350 2360 1686 2432 providere:
1741 2364 1950 2426 utnon

293 2453 739 2509 confundamnr
775 2452 835 2506 in
882 2455 1164 2523 tempore,
1213 2449 1446 2522 quando
1492 2448 1759 2505 venerint
1805 2454 1949 2505 tem-

292 2559 439 2615 pora
465 2540 778 2615 refrigerii,
812 2546 869 2596 et
898 2556 969 2595 ne
1000 2539 1368 2595 inveniamur
1397 2539 1618 2594 subditi
1661 2538 1948 2607 servituti,

292 2632 397 2687 sed
430 2636 497 2685 ut
527 2633 719 2686 simus
742 2646 891 2684 nova
923 2628 1261 2700 conspersio
1288 2643 1299 2681 :
1344 2627 1594 2683 scientes
1642 2628 1797 2700 quod
1822 2628 1949 2700 pul-

293 2720 573 2776 chritudo
606 2718 918 2774 nobiscum
949 2718 1044 2773 sit.
1084 2717 1448 2789 L0quitur.et
1477 2716 1616 2771 alibi
1648 2734 1839 2773 sermo
1871 2716 1954 2772 di-

289 2810 499 2865 vinus:
572 2807 853 2880 Numquid
925 2806 1202 2862 comedam
1265 2822 1457 2861 carnes
1515 2810 1800 2861 taurorum
1856 2810 1953 2863 aut

295 2900 632 2970 sanguinem
664 2896 945 2952 hircorum
977 2896 1160 2951 bibam
1190 2895 1360 2967 (Psal.
1391 2912 1543 2963 XLIX,
1580 2895 1714 2963 13)?
1746 2895 1954 2959 Quam-

294 2990 501 3043 obrem
535 3002 652 3042 non
697 2985 1163 3041 circuuferamur
1210 2985 1371 3039 omni
1415 2988 1587 3040 vento
1637 2984 1949 3040 doctrinae:

294 3079 439 3150 quia
461 3076 625 3132 venit
654 3080 890 3148 tempus
921 3079 984 3130 ut
1013 3073 1200 3129 sancti
1231 3089 1477 3147 regnum
1500 3075 1809 3146 accipiant.
1846 3074 1950 3129 Ex-

1107 223 1744 334 INTERPRETATIO
1784 264 2351 337 EPISTOLARUM
2396 274 2460 336 s.
2508 268 2908 338 PACHOMII.

3634 279 3712 348 98

2232 406 2575 464 EPISTOLA
2614 409 2872 465 PATRIS
2910 409 3175 467 NOSTRI
3214 411 3559 471 PACHOMII

2065 512 2145 568 Ad
2176 515 2433 591 universa
2490 516 2827 591 monasteria
2854 533 2874 570 :
2905 520 2965 571 ut
3020 519 3206 572 cuncti
3256 521 3459 590 fratres
3489 536 3709 591 congrcv

2134 594 2331 655 gentur
2380 588 2446 660 in
2476 588 2923 660 hmomisterium
3003 604 3200 660 majus,
3258 588 3418 660 quod
3489 588 3714 651 vocatur

2134 661 2333 783 {inungi
2366 659 2422 711 in
2454 656 2647 713 diebus
2673 659 2915 727 Pascha,
2962 662 3013 714 et
3043 656 3114 715 sit
3163 656 3409 718 omnium
3461 681 3572 718 una
3623 681 3709 721 so-

2156 744 2279 782 emn
2327 744 2408 783 as.

2156 744 2388 783 emnuas
2396 771 2408 783 .

2134 856 2202 908 V.
2230 856 2438 907 Curam
2469 857 2673 908 vestrae
2704 854 3027 926 prudentiae
3059 857 3481 930 congreganda:
3515 859 3712 919 subire

2061 940 2308 1010 debetis,
2343 945 2406 997 ut
2435 942 2511 996 sit
2541 946 2741 1014 aperta
2762 943 2948 1014 janua
2978 948 3174 1000 vestra
3202 951 3514 1018 antequam
3548 964 3711 1006 exea-

2061 1028 2138 1085 tis
2167 1046 2197 1085 e
2227 1030 2458 1085 saeculo.
2487 1030 2710 1103 Pauper
2732 1047 2865 1086 cum
2898 1032 3342 1104 vescitur,juxta
3372 1052 3712 1093 mensuram

2059 1134 2181 1173 suae
2209 1118 2572 1191 paupertatis
2601 1121 2876 1176 vescitur.
2916 1120 3035 1176 Dixi
3077 1122 3265 1194 vobis,
3324 1126 3390 1179 ut
3436 1125 3716 1182 noveritis

2061 1206 2236 1262 horas
2262 1224 2328 1263 ac
2359 1212 2625 1278 tempora
2659 1208 2914 1277 pueritiae
2946 1214 3165 1274 vestrae,
3198 1216 3264 1265 ut
3294 1229 3410 1268 non
3441 1214 3571 1269 sitis
3601 1214 3713 1271 sol-

2064 1293 2207 1350 liciti
2240 1297 2311 1351 de
2340 1296 2534 1364 domo,
2569 1313 2695 1369 quae
2748 1304 3066 1370 praiparata
3094 1304 3182 1355 est
3236 1304 3434 1356 vestra
3461 1303 3711 1359 venatio.

2060 1384 2129 1438 Et
2161 1401 2261 1439 vos
2291 1385 2525 1454 quando
2558 1385 2769 1440 venitis
2798 1387 2868 1440 ad
2905 1403 3031 1453 nos,
3064 1387 3334 1444 habetote
3366 1388 3714 1448 sollicitudi-

2064 1489 2200 1527 nem
2232 1471 2425 1527 lectuli
2460 1472 2982 1539 inï¬rmantium,ut
3008 1476 3281 1532 sternatis
3313 1476 3569 1546 illum,et
3598 1494 3715 1533 non

2063 1561 2377 1635 indigentis
2404 1580 2569 1636 pane.
2607 1563 2667 1619 Si
2699 1564 2932 1636 quando
2981 1563 3239 1621 invenire
3269 1565 3508 1622 valeatis
3538 1565 3715 1623 culci-

2071 1657 2222 1706 tram
2252 1650 2371 1707 sive
2396 1651 2708 1723 pulvillum
2741 1653 2810 1708 ad
2846 1658 3042 1724 caput,
3097 1659 3161 1709 ut
3190 1653 3456 1728 languidi
3486 1657 3713 1736 requie-

2066 1743 2233 1795 scant
2266 1758 2278 1795 :
2314 1744 2379 1795 ut
2409 1741 2839 1797 monimentum
2871 1743 3025 1814 quod
3069 1743 3239 1800 nobis
3288 1744 3572 1817 scriptum
3603 1750 3714 1813 est,

2061 1829 2379 1903 impleatur
2410 1849 2423 1886 :
2456 1831 2519 1886 Si
2547 1833 2669 1904 quis
2697 1836 2879 1889 autem
2909 1849 3155 1901 suorum,
3190 1837 3240 1889 et
3266 1837 3511 1893 maxime
3536 1835 3716 1892 dome-

2061 1921 2344 1986 sticorum,
2377 1937 2566 1975 curam
2596 1937 2703 1975 non
2766 1920 2944 1985 habet,
2976 1922 3213 1979 deterior
3264 1924 3487 1995 inï¬deli
3540 1930 3619 1982 est
3674 1925 3725 1997 (I,

2063 2009 2195 2065 Tim.
2228 2027 2282 2079 Î½,
2314 2011 2391 2081 8).
2427 2009 2561 2065 Gith
2607 2010 2767 2081 virga
2796 2012 3111 2087 escutitur,
3147 2017 3203 2068 et
3259 2013 3559 2085 cyminum
3619 2010 3713 2071 eo-

2061 2098 2319 2153 meditur
2340 2115 2472 2153 cum
2510 2116 2655 2172 pane
2689 2100 2813 2171 (lsa.
2849 2101 3045 2173 xxvn).
3109 2101 3168 2157 Si
3216 2104 3570 2159 attrectastis
3629 2121 3718 2160 ca-

2061 2186 2269 2259 pillum
2293 2187 2499 2260 capitis
2522 2188 2786 2255 vestri,et
2805 2188 3109 2246 invenistis
3130 2197 3498 2262 unguentum
3523 2193 3714 2249 barbae

2062 2280 2284 2343 vestrae,
2320 2277 2475 2348 quod
2518 2277 2821 2332 descendit
2855 2296 3042 2349 usque
3089 2280 3162 2334 ad
3194 2279 3486 2340 ï¬mbriam
3540 2283 3712 2337 vesti-

2061 2370 2391 2421 mentorum
2435 2366 3035 2438 vestrorum,implere
3066 2368 3333 2439 poteritis
3355 2369 3554 2424 omnia
3585 2387 3712 2441 qua:

2062 2455 2282 2525 scripta
2315 2458 2459 2509 sunt
2496 2454 2687 2509 nobis.
2743 2455 3017 2527 Legimus
3074 2455 3215 2511 alibi
3253 2474 3265 2512 :
3300 2456 3381 2512 Ne
3439 2457 3719 2517 deficiant

2062 2542 2215 2598 oculi
2247 2543 2462 2611 vestri;
2496 2541 2744 2599 alacrior
2797 2548 2886 2599 est
2940 2544 3096 2600 enim
3156 2560 3378 2601 merces
3435 2547 3711 2618 operibus

2060 2633 2180 2687 tuis
2213 2649 2225 2687 :
2260 2631 2387 2687 ideo
2418 2631 2603 2688 ï¬‚uant
2634 2632 2786 2688 oculi
2814 2633 2987 2689 vestri
3021 2651 3191 2703 aqua,
3225 2639 3284 2690 et
3331 2635 3592 2693 deï¬‚uant
3628 2635 3708 2692 la-

2061 2738 2269 2794 crymte
2301 2721 2507 2777 diebus
2538 2739 2603 2778 ac
2636 2723 2924 2790 noctibus,
2955 2739 3061 2779 nec
3116 2723 3408 2779 deficiant.
3451 2724 3585 2781 Volo
3606 2742 3708 2781 vos

2060 2827 2189 2866 esse
2238 2810 2462 2866 similes
2515 2828 2741 2877 eorum,
2787 2812 2887 2884 qui
2934 2811 3349 2885 ignoraverunt
3410 2814 3707 2870 dexteram

2062 2916 2230 2955 suam
2263 2904 2319 2955 et
2346 2900 2672 2955 sinistram.
2722 2900 2990 2973 Vigilate,
3025 2906 3081 2957 et
3134 2902 3351 2958 tendite
3397 2919 3569 2958 arcus
3618 2919 3709 2958 ve-

2062 2993 2234 3043 stros.
2298 2988 2649 3044 Tetenderunt
2706 2990 2862 3044 enim
2919 2989 3235 3045 adversarii
3292 3007 3505 3059 arcum,
3590 3008 3707 3046 rem

2061 3094 2307 3132 amaram
2340 3076 2512 3149 (Psat.
2546 3094 2699 3145 LXIII,
2748 3078 2820 3149 4).
2854 3077 3264 3133 Recordamini
3309 3079 3461 3149 quod
3524 3079 3711 3135 sancti

293 3167 503 3240 pandit
532 3166 674 3221 Sion
714 3181 924 3220 manus
961 3180 1120 3231 suas,
1167 3180 1282 3218 non
1334 3167 1423 3218 est
1468 3162 1568 3235 qui
1617 3162 1953 3220 consoletur
1982 3162 2025 3228 C
2065 3171 2327 3238 aperiant
2353 3169 2571 3222 ostium
2604 3183 2777 3222 suum
2808 3166 2969 3222 omni
2998 3168 3345 3223 transeunti.
3375 3168 3711 3241 Prrecipitur

296 3271 447 3311 eam.
483 3254 588 3311 02
618 3257 871 3309 Juvenes
914 3251 1198 3307 inï¬rmati
1248 3257 1390 3307 sunt
1436 3250 1494 3306 in
1538 3251 1728 3323 plagis
1764 3251 1953 3324 ligno-

300 3361 431 3399 rum
458 3362 472 3399 :
508 3344 916 3416 dispergeutes
948 3358 1135 3413 aquas
1169 3340 1398 3397 itineris
1426 3340 1537 3395 sui.
1570 3332 1980 3413 Myrmicoleon'

302 3435 490 3505 periit,
525 3448 589 3487 eo
613 3433 743 3505 quia
772 3447 883 3487 non
912 3433 1133 3487 haberet
1179 3447 1353 3487 escam
1404 3430 1538 3498 (Job.
1594 3448 1668 3496 Î¹Î½,
1702 3431 1810 3503 it).
1845 3433 1952 3497 Qui

300 3538 437 3578 cum
482 3522 612 3576 fure
641 3522 910 3593 partitur,
960 3522 1083 3576 odit
1132 3519 1389 3575 animam
1435 3535 1623 3573 suam.
1674 3520 1952 3577 Profanas

300 3618 360 3667 et
392 3626 581 3664 novas
611 3610 901 3665 doctrinas
935 3608 1143 3664 devita.
1195 3609 1429 3663 Advena
1476 3608 1631 3664 sicut
1680 3609 1952 3682 indigena

299 3699 383 3755 sit
413 3699 571 3754 inter
595 3715 711 3754 vos.
760 3697 967 3754 Occidit
1010 3700 1067 3753 in
1113 3697 1384 3769 grandine
1432 3700 1616 3753 vineas
1662 3714 1873 3767 eorum,
1902 3702 1955 3756 et

296 3805 606 3861 sycornoros
677 3806 866 3844 eorum
940 3791 1001 3842 in
1068 3788 1280 3860 pruina
1338 3789 1505 3860 (Psal.
1571 3805 1778 3858 LXXVII,
1838 3788 1952 3860 47.)

297 3878 685 3951 Acceptabilis
716 3879 870 3951 regis
919 3877 1188 3932 minister
1230 3876 1583 3950 intelligens.
1634 3877 1744 3933 Mel
1791 3876 1950 3934 inve-

298 3968 455 4036 nisti,
491 3968 735 4023 comode
777 3967 932 4040 quod
964 3966 1203 4032 sufficit,
1239 3983 1308 4021 ne
1349 3967 1493 4022 forte
1539 3967 1790 4023 satiatus
1819 3984 1949 4024 evo-

300 4074 423 4113 mas
453 4057 537 4111 id.
570 4057 863 4112 Memento
886 4056 1116 4128 judicii,
1150 4061 1206 4111 et
1236 4056 1673 4123 misericordiae,
1704 4074 1771 4112 ac
1794 4057 1946 4113 ï¬dei.

297 4145 533 4216 Judicii,
559 4163 663 4218 per
691 4146 847 4218 quod
880 4146 1147 4218 regiones
1177 4144 1531 4201 habitabiles
1554 4146 1741 4201 fiunt:
1779 4146 1949 4202 mise-

298 4234 580 4305 ricordiae,
616 4252 721 4307 per
749 4251 927 4308 quam
978 4234 1341 4307 gloriï¬catur
1387 4240 1579 4290 Deus:
1632 4235 1788 4303 fidei,
1821 4253 1948 4308 quae

298 4324 755 4380 fundamentum
826 4328 917 4380 est
983 4328 1354 4379 mortuorum
1408 4328 1583 4395 atque
1641 4323 1946 4381 vivorum:

298 4418 361 4468 ut
385 4430 495 4487 per
521 4414 635 4469 hoc
674 4430 840 4486 spem
870 4412 1172 4486 possidere
1200 4411 1518 4468 valeamus.
1544 4413 1749 4486 Pugna
1775 4420 1949 4486 atque

300 4502 607 4573 contende,
640 4506 696 4557 et
727 4502 826 4573 qui
858 4505 1053 4557 ticum
1087 4505 1226 4556 sunt
1274 4502 1503 4572 fratres,
1554 4502 1693 4572 quia
1741 4501 1948 4574 scripsi
1980 4535 2027 4599 Î’

296 4591 454 4647 vobis
488 4593 549 4646 in
582 4591 790 4663 ï¬guris
822 4596 880 4647 et
907 4590 967 4645 in
994 4590 1310 4663 parabolis,
1346 4594 1412 4645 ut
1455 4594 1731 4662 quieratis
1760 4607 1829 4647 ea
1857 4608 1950 4647 sa-

296 4680 541 4753 pienter,
576 4685 892 4753 sequentes
925 4684 1263 4736 sanctorum
1286 4679 1563 4751 vestigia:
1600 4696 1704 4735 nec
1753 4680 1949 4736 incuro

296 4770 440 4826 ratis
470 4769 839 4842 injudicium
866 4769 965 4825 Dei
998 4770 1149 4825 docti
1172 4770 1549 4825 sermonibus
1574 4770 1721 4839 ejus.
1751 4770 1951 4826 Hiems

293 4860 601 4931 praesentis
631 4859 828 4914 saeculi
860 4876 967 4913 nos
997 4857 1301 4915 ambulare
1329 4876 1443 4914 non
1466 4858 1811 4932 prohibeat:
1837 4861 1945 4916 sed

295 4948 724 5005 incessabiliter
743 4948 1041 5019 justitiam
1090 4948 1188 5003 Dei
1240 4966 1474 5022 semper
1521 4967 1833 5025 operemur
1858 4967 1945 5006 re-

295 5039 609 5094 cordantes
684 5036 846 5093 illius
928 5037 1287 5093 testimonii:
1376 5042 1552 5097 Donec
1602 5043 1949 5112 pertranseat

292 5127 489 5195 hiems,
520 5131 572 5182 et
602 5128 802 5199 pluvia
828 5128 985 5182 abeat
1024 5144 1089 5182 ac
1126 5129 1336 5184 recedat
1363 5132 1474 5186 sibi
1519 5132 1698 5203 (Cant.
1734 5146 1796 5194 Î¹Î¹,
1835 5128 1944 5199 11).

292 5217 448 5274 Deus
481 5219 717 5289 adjutor
746 5218 928 5273 nostri
984 5218 1061 5274 sit
1114 5218 1174 5273 in
1224 5236 1386 5291 pace,
1447 5237 1573 5291 quae
1605 5235 1946 5274 mensuram

292 5326 404 5365 non
430 5308 614 5363 habet
649 5306 962 5381 largitatis,
1003 5325 1129 5380 quae
1177 5309 1255 5364 sit
1295 5312 1353 5366 in
1402 5309 1676 5365 domibus
1707 5306 1948 5376 nostris,

292 5401 475 5457 donec
504 5399 905 5470 vespertinum
936 5403 1170 5471 tempus
1192 5404 1574 5471 pertranseat.
1599 5398 1729 5454 Haec
1749 5396 1949 5454 omnia

290 5489 501 5566 scripsi
529 5488 717 5558 vobis,
747 5492 814 5545 ut
841 5504 998 5547 nunc
1026 5488 1363 5550 laborantes
1391 5488 1656 5565 requiem
1682 5488 1742 5546 in
1785 5488 1943 5546 futu-

317 5601 420 5649 am
449 5584 671 5648 habere
687 5581 957 5663 possitis.

2065 3255 2233 3311 nobis
2265 3260 2330 3311 ut
2359 3255 2647 3311 intremus
2678 3255 3012 3311 cubiculum
3066 3261 3359 3325 nostrum,
3391 3262 3447 3313 et
3476 3258 3712 3314 clauda-

2064 3362 2197 3400 mus
2227 3345 2465 3413 ostium,
2490 3362 2594 3399 nec
2625 3345 2785 3400 omni
2817 3350 2986 3401 vento
3019 3346 3525 3403 circumierumus.
3551 3347 3713 3404 Unde

2063 3433 2403 3507 diligentius
2461 3440 2690 3507 oportet
2762 3435 3061 3490 attendere
3096 3478 3110 3503 ,
3195 3452 3267 3491 ne
3322 3436 3383 3492 in
3438 3437 3713 3493 bonitatis

2061 3526 2327 3595 tempora
2356 3523 2775 3579 absorbeamur
2799 3542 2811 3592 ;
2847 3541 2907 3579 se
2931 3528 2993 3578 ut
3024 3525 3325 3580 imitemur
3352 3542 3419 3581 ea
3448 3530 3713 3597 tempore

2063 3629 2189 3685 quae
2221 3613 2322 3668 93
2355 3614 2457 3668 94
2490 3613 2728 3667 fuerunt
2756 3618 2888 3668 ante
2918 3612 3226 3680 diluvium,
3260 3614 3496 3685 quando
3528 3630 3709 3668 unus-

2061 3701 2309 3774 quisque
2335 3702 2633 3771 justorum
2668 3700 2886 3773 placuit
2921 3703 3031 3757 Deo
3063 3718 3197 3756 cum
3224 3701 3384 3757 omni
3436 3702 3608 3756 domo
3640 3718 3708 3757 ac

2061 3789 2261 3845 liberis
2283 3790 2428 3856 suis,
2461 3794 2519 3845 et
2550 3788 2777 3845 nullum
2820 3794 3122 3863 peccatum
3173 3790 3473 3846 inventum
3505 3794 3593 3845 est
3650 3791 3733 3859 in,

2009 3908 2023 3933 Ï‚
2060 3879 2164 3934 eis.
2195 3879 2401 3934 Postea
2430 3896 2561 3934 vero
2594 3883 2889 3935 crescente
2923 3879 3247 3952 iniquitate,
3280 3884 3338 3934 et
3366 3881 3526 3935 omni
3557 3886 3712 3936 terra

2060 3968 2255 4024 carnis
2284 3967 2439 4022 vitiis
2471 3967 2823 4035 adbzerente,
2883 3968 3253 4024 oï¬‚â€˜enderunt
3303 3968 3509 4035 Deum,
3546 3973 3601 4024 et
3645 3969 3706 4025 in

2058 4056 2539 4113 condemnatione
2570 4072 2773 4112 eorum
2808 4056 2969 4112 solus
3000 4056 3116 4112 Noe
3149 4074 3282 4113 cum
3341 4059 3515 4114 domo
3546 4075 3612 4115 ac
3641 4058 3709 4115 li-

2059 4145 2214 4202 beris
2252 4144 2470 4200 diluvio
2522 4144 2846 4199 inundante
2894 4151 3158 4200 servatus
3215 4152 3324 4213 est,
3373 4152 3431 4201 et
3480 4146 3709 4218 pericli-

2062 4239 2222 4290 tante
2253 4234 2496 4304 mundo,
2529 4232 2718 4288 tenuit
2730 4233 2975 4304 justitiaa
3006 4233 3426 4306 gubernacula,
3458 4251 3563 4289 nec
3594 4234 3714 4291 ulla

2060 4327 2431 4396 peccatorum
2516 4326 2862 4394 tempestate
2917 4327 3230 4394 superatus
3285 4327 3392 4379 est.
3480 4323 3550 4378 Et
3609 4323 3712 4395 qui

2058 4429 2193 4469 eum
2226 4413 2531 4481 deriserat,
2561 4416 2617 4467 et
2649 4411 2927 4467 fratribus
2984 4411 3105 4467 suis
3138 4411 3509 4470 nuntiaverat
3538 4413 3712 4469 nudis

2059 4507 2238 4558 tatem
2271 4504 2419 4573 ejus,
2480 4501 2831 4557 maledictus
2878 4505 2969 4557 est
3025 4518 3159 4557 cum
3192 4501 3413 4560 semine
3470 4519 3599 4570 suo,
3656 4506 3716 4561 et

2065 4592 2376 4663 impletum
2408 4596 2498 4646 est
2527 4608 2593 4646 eo
2625 4596 2886 4663 tempore
2908 4590 3052 4646 illud
3075 4592 3229 4663 quod
3263 4591 3551 4665 scriptum
3585 4597 3712 4649 est:

2064 4683 2171 4751 Qui
2218 4681 2519 4736 inhonorat
2540 4681 2776 4752 justum,
2804 4691 2990 4752 peccat
3045 4684 3228 4748 (Prov.
3280 4684 3438 4753 xvu).
3488 4683 3555 4737 Et
3586 4699 3712 4737 rur-

2062 4787 2195 4825 sum
2232 4786 2245 4825 :
2275 4770 2596 4825 Maledictus
2626 4772 2724 4840 qui
2748 4770 3031 4826 maledicit
3056 4772 3211 4842 patri
3236 4779 3288 4827 et
3314 4772 3486 4825 matri
3512 4769 3706 4842 (Exod.

2058 4877 2174 4925 Ï‡Ï‡Î¹,
2206 4861 2315 4930 47).
2349 4859 2527 4914 Sicut.
2564 4860 2749 4915 Eseau
2782 4860 3194 4915 contemnebat
3243 4864 3516 4931 parentes
3547 4874 3709 4914 suos.

2062 4948 2226 5004 Unde
2253 4948 2537 5020 scriptum
2571 4956 2660 5003 est
2690 4949 2761 5003 de
2818 4965 2883 5003 eo
2918 4964 2931 5002 :
2963 4948 3040 5003 Ne
3096 4949 3218 5019 quis
3273 4949 3579 5019 fornicator
3619 4951 3718 5011 aut

2056 5040 2352 5110 profanus,
2383 5040 2522 5093 sicut
2548 5038 2689 5092 Esau
2719 5037 2899 5108 (Hebr.
2934 5038 3083 5108 x111).
3148 5037 3535 5108 Rebeccazque
3583 5041 3714 5095 stu-

2057 5127 2151 5183 dio
2186 5127 2407 5183 factum
2439 5133 2547 5194 est,
2584 5131 2649 5181 ut
2691 5143 2805 5180 non
2845 5130 3298 5195 consequeretur
3355 5126 3711 5183 benedictio-

2057 5234 2215 5284 nem,
2255 5233 2361 5272 nec
2419 5214 2634 5271 stolam
2699 5214 3071 5287 primogeniti
3121 5214 3430 5286 acciperet,
3477 5215 3716 5275 otlâ€˜ensia

2057 5306 2400 5378 parentibus
2434 5304 2578 5369 suis,
2632 5304 2733 5376 qui
2791 5304 3100 5360 reddentes
3152 5303 3204 5359 ei
3263 5305 3470 5372 vicem,
3532 5312 3589 5361 et
3637 5305 3710 5362 ad

2057 5395 2489 5452 aemulationem
2523 5394 2657 5449 boni
2690 5393 2881 5466 operis
2913 5394 3249 5466 superbiam
3304 5393 3468 5450 illius
3506 5411 3713 5467 provo-

2055 5490 2278 5551 cantes,
2294 5484 2615 5539 induerunt
2637 5483 3001 5539 vestimentis
3019 5484 3150 5556 ejus
3176 5482 3379 5540 Jacob.
3399 5483 3525 5540 Non
3549 5483 3711 5549 enim

2055 5574 2387 5638 merebatur
2414 5589 2617 5635 eorum
2648 5573 2736 5635 uti
2764 5572 3207 5655 vestibus,quos
3236 5573 3531 5653 superbus
3550 5595 3618 5639 ac
3637 5586 3712 5649 ri-
