4118 6158
398 258 479 332 99
1648 260 1713 328 s.
1762 258 2069 328 EUSEBII
2116 224 2595 323 BIERONYMI-

3691 250 3808 319 lOO

400 404 574 479 gidus
595 398 946 477 negligebat.
971 395 1040 457 Et
1058 394 1281 458 idcirco
1305 416 1419 458 non
1443 399 1765 457 diviserunt
1783 398 2051 454 substan-
2080 398 2135 464 Α
2166 411 2390 463 vacare,
2425 396 2527 450 sed
2562 393 2737 449 vitiis.
2770 391 2977 450 Noster
3008 394 3201 448 autem
3226 388 3409 464 judex
3438 393 3496 447 et
3522 389 3690 479 testis
3712 395 3809 479 est

400 493 543 549 tiam
578 509 745 549 suam
782 490 917 547 ﬁliis
948 491 1078 562 ejus
1112 507 1124 545 :
1160 491 1263 547 sed
1290 492 1501 545 cuncta
1532 489 1818 544 dederunt
1845 487 2046 552 Jacob,

400 582 500 654 qui
532 582 874 638 innocenter
915 580 1219 635 habitabat
1265 579 1529 648 domum,
1586 583 1642 633 et
1693 593 1896 633 eorum
1954 576 2052 630 ob-

393 672 760 744 temperabat
780 668 1062 741 imperiis.
1088 667 1375 739 Loquitur
1395 670 1451 723 et
1469 666 1743 721 Salomon
1766 666 1836 720 de
1860 665 2008 720 Esau
2031 680 2044 717 :

394 761 572 816 Filius
628 759 945 815 inobediens
1001 759 1060 813 in
1115 756 1442 828 perditione.
1500 757 1569 810 Et
1640 754 1867 826 Moyses
1926 752 2050 825 pari

397 864 578 906 sensu
612 866 626 905 :
658 847 1000 913 Maledictus,
1031 845 1246 918 inquit,
1275 845 1431 901 homo
1477 846 1574 916 qui
1600 843 1879 899 maledicit
1900 843 2052 914 patri

394 938 477 995 vel
504 939 695 994 matri.
731 937 1107 1007 Rursumque
1137 933 1410 989 Salomon
1444 950 1457 988 :
1494 933 1634 988 Filio
1686 931 1865 987 doloso
1902 930 2049 985 nihil

394 1029 501 1083 erit
533 1026 662 1083 boni
691 1025 876 1097 (Prov.
910 1041 1026 1088 xw,
1064 1023 1170 1087 15).
1206 1021 1463 1077 Perdidit
1492 1037 1629 1093 ergo
1693 1020 2045 1075 benedictio-

391 1118 611 1184 nem,et
632 1119 874 1188 paterna
894 1111 1229 1168 haereditate
1254 1110 1516 1183 privatus
1536 1114 1643 1165 est.
1669 1108 1819 1173 Quid
1841 1109 2049 1180 loquar

391 1206 463 1260 de
490 1205 702 1270 Adam,
733 1203 833 1274 qui
865 1202 938 1257 ab
968 1200 1135 1256 initio
1167 1199 1410 1257 humani
1438 1199 1761 1272 generis'in
1794 1199 2044 1253 formam

388 1290 798 1348 inobedientize
828 1293 1318 1361 contemptusque
1376 1287 1714 1359 praecessit?
1744 1287 1925 1343 Datus
1957 1290 2045 1342 est

389 1380 545 1436 enim
577 1379 628 1435 ei
660 1378 998 1435 dominatus
1028 1377 1088 1433 in
1120 1393 1323 1433 omnes
1364 1377 1579 1432 bestias
1635 1381 1839 1444 terres;
1891 1376 2046 1431 sicut

387 1478 446 1525 et
506 1467 895 1542 primogenita
937 1468 1110 1539 jussa
1138 1470 1278 1522 sunt
1332 1466 1458 1522 dari
1505 1465 1764 1538 duplicia
1822 1465 2040 1521 omnia.

390 1559 707 1630 Postquam
739 1574 874 1613 vero
923 1555 1276 1627 contempsit
1304 1555 1618 1627 imperium
1649 1555 1772 1622 Dei,
1806 1572 1921 1610 non
1950 1571 2041 1610 so-

388 1647 514 1703 lum
544 1646 803 1720 perdidit
832 1644 1291 1702 dominationem
1319 1670 1332 1711 ;
1364 1644 1466 1700 sed
1498 1648 1557 1699 et
1604 1645 1824 1715 ejectus
1854 1648 1942 1700 est
1970 1645 2042 1700 de

388 1735 537 1803 loco,
572 1751 750 1808 quem
783 1735 853 1789 ad
887 1732 1303 1789 habitationem
1347 1736 1647 1804 acceperat
1687 1731 1746 1786 in
1769 1732 2041 1787 similitu-

388 1824 586 1880 dinem
618 1823 876 1880 hominis
909 1820 1387 1894 tornicantis,qui
1410 1822 1480 1876 de
1512 1820 1766 1877 Ecclesia
1789 1821 2041 1892 ejicitur,

389 1918 447 1969 et
478 1930 513 1969 a
543 1929 656 1986 quo
687 1911 952 1968 aufertur
991 1910 1177 1984 gloria
1212 1928 1338 1986 sua.
1371 1910 1581 1966 Omnia
1626 1927 1752 1983 quae
1783 1909 1878 1965 ille
1910 1928 2045 1982 per-

389 1978 598 2074 pessu-3
619 1978 1119 2068 est,sustineb'unt
1143 1978 1236 2055 bl/
1221 1999 1320 2071 qui
1340 1999 1439 2055 Dei
1454 1999 1626 2069 jussa
1640 1978 2045 2085 contemnunt,

388 2095 447 2147 et
507 2088 877 2146 ambulantes
934 2089 993 2144 in
1028 2087 1304 2161 superbia
1361 2088 1616 2144 sentient
1684 2087 1829 2142 illud
1887 2089 2043 2159 quod

389 2179 675 2251 scriptum
709 2184 842 2235 est:
892 2182 1080 2245 Dixit,
1110 2186 1161 2233 et
1207 2178 1482 2233 devoravit
1527 2193 1613 2232 eos
1666 2185 1816 2232 terra
1862 2177 2042 2248 (Nam.

388 2286 505 2332 xw,
537 2268 648 2339 32).
679 2272 791 2324 Nos
820 2284 975 2332 vero,
998 2267 1149 2338 justi
1183 2267 1290 2321 viri
1351 2267 1654 2322 imitemur
1689 2265 2044 2337 exemplum,

391 2358 492 2430 qui
524 2357 820 2429 sapienter
851 2372 1020 2412 suam
1053 2356 1306 2411 servavit
1335 2356 1600 2421 domum,
1633 2360 1691 2411 et
1738 2356 2043 2428 gigantum

390 2461 671 2518 percussa
730 2445 1026 2517 superbia,
1074 2443 1404 2499 humilitate
1448 2448 1712 2500 servatus
1764 2454 1870 2500 est.
1931 2445 2045 2500 Nec

394 2535 613 2590 mirum
644 2533 694 2589 si
725 2534 851 2605 ipse
882 2538 940 2589 et
971 2533 1160 2599 liberi,
1191 2537 1364 2604 atque
1423 2549 1632 2588 uxores
1691 2549 1915 2598 eorum,
1976 2533 2047 2588 de

396 2626 605 2678 cuncto
636 2621 895 2676 humano
926 2637 1134 2693 genere
1165 2621 1442 2677 reservati
1473 2624 1613 2675 sunt
1646 2637 1658 2674 :
1705 2638 1836 2675 cum
1869 2621 2043 2677 etiam

384 2712 661 2782 jumenta
683 2714 741 2764 et
769 2708 1024 2765 volatilia
1055 2711 1344 2765 evaserint
1365 2714 1607 2764 mortem
1631 2713 1687 2764 et
1716 2710 2047 2765 obedientia

389 2798 621 2854 liberati
654 2798 775 2854 sint
811 2840 822 2852 .
858 2796 1213 2854 Columbam
1246 2798 1443 2853 emisit
1472 2797 1542 2854 de
1573 2813 1707 2853 arca
1744 2798 1883 2867 Noe,
1917 2815 2043 2869 quae

393 2886 681 2942 mittentis
710 2902 922 2958 parens
974 2885 1388 2955 voluntati,ivit
1436 2890 1494 2941 et
1549 2903 1778 2942 reversa
1832 2891 1941 2952 est,
1990 2890 2046 2942 et

392 2976 802 3053 condemnavit
822 2975 1152 3032 obedientia
1172 2992 1278 3031 sua
1297 2975 1565 3057 homines
1583 2980 2041 3047 contemptores;

391 3081 458 3120 eo
488 3066 642 3137 quod
673 3064 793 3120 avis
826 3063 1075 3119 audierit
1106 3065 1360 3135 justum,
1395 3068 1450 3118 et
1497 3062 1769 3119 homines
1801 3080 1912 3118 non
1946 3080 2044 3117 au-

2168 485 2344 551 Deus,
2376 484 2446 539 de
2477 482 2618 538 coelo
2650 489 2859 538 cuncta
2887 487 3289 555 prospectans,
3321 483 3378 536 et
3404 480 3465 535 in
3494 479 3589 535 die
3612 478 3808 535 visita-

2158 572 2339 628 tionis
2371 572 2697 627 secundum
2721 588 2896 644 opera
2917 569 3167 644 singulis
3189 569 3550 625 redditurus.
3572 567 3806 624 Omnia-

2159 678 2271 734 que
2303 661 2490 717 sancti
2523 661 2651 731 ejus
2682 664 3004 733 sequantur
3032 658 3297 731 vestigia,
3330 674 3582 730 quorum
3613 661 3671 713 et
3698 672 3806 713 nos

2158 750 2443 806 debemus
2469 750 2673 805 audire
2704 752 3009 821 praecepta.
3045 749 3303 805 Locutus
3334 764 3467 804 sum
3496 746 3660 803 vobis
3708 763 3810 818 per

2158 838 2566 895 inﬁrmitatem
2598 855 2811 893 meam.

2360 983 2614 1038 95-96
2656 980 3007 1037 EPISTOLA
3047 979 3107 1036 P.
3149 981 3216 1038 N.
3258 980 3603 1037 PACHOMII

2163 1090 2246 1146 Ad
2275 1090 2479 1162 Syrum
2516 1091 2739 1144 Patrem
2770 1089 3109 1156 monasterii,
3142 1088 3283 1162 quod
3327 1091 3549 1144 vocatur
3574 1086 3804 1162 Chnum,

2225 1164 2276 1287 fit
2309 1160 2574 1218 Joannem
2602 1162 2957 1234 prapositum
2987 1162 3044 1216 in
3075 1160 3259 1216 eodem
3288 1161 3614 1215 monasterio
3642 1160 3808 1215 unius

2265 1250 2445 1288 amur.

2225 1375 2319 1430 VI.
2352 1374 2494 1431 Volo
2526 1392 2629 1431 vos
2659 1373 2984 1447 intelligere
3015 1373 3260 1443 litteras,
3307 1390 3455 1446 quas
3486 1374 3808 1446 scripsistis

2153 1463 2324 1531 mihi,
2356 1468 2412 1520 et
2469 1480 2617 1536 quas
2674 1480 2780 1537 ego
2836 1463 3111 1535 rescripsi
3168 1462 3351 1530 vobis,
3411 1466 3468 1518 et
3513 1463 3806 1535 quomodo

2156 1557 2421 1625 oporteat
2450 1553 2649 1609 omnia
2670 1552 2920 1625 spiritali
2948 1552 3254 1624 Alphabeti
3285 1550 3572 1609 elementa
3591 1569 3806 1626 cogno-

2152 1646 2335 1697 scere.”
2368 1641 2614 1697 Scribite
2645 1642 2773 1697 Moe
2802 1657 2980 1712 super
3007 1640 3150 1696 Heta
3179 1644 3236 1696 et
3266 1640 3468 1709 Theta,
3486 1645 3543 1697 et
3571 1641 3806 1698 scribite

2148 1730 2283 1786 Zeta
2312 1747 2490 1802 super
2520 1729 2585 1785 Xi
2608 1748 2621 1786 :
2645 1734 2702 1785 et
2731 1729 2839 1784 Mm
2871 1733 2927 1785 et
2957 1729 3217 1786 Lambda
3245 1734 3303 1786 et
3335 1730 3476 1786 Iota.
3506 1731 3804 1795 Quomodo

2152 1818 2413 1893 legentes
2444 1819 2549 1875 has
2595 1818 2821 1874 litteras
2869 1817 3320 1891 compleveritis,
3355 1819 3591 1876 scribite
3620 1820 3804 1891 vobis,

2154 1913 2219 1964 ut
2273 1906 2614 1981 intelligetis
2673 1908 2953 1980 mysteria
3000 1907 3350 1963 titterarum.
3400 1907 3482 1964 Ne
3535 1908 3806 1964 scribatis

2155 1997 2282 2052 Moe
2313 2013 2492 2069 super
2519 1996 2584 2051 Xi
2617 2000 2674 2052 et
2702 2003 2794 2052 eta
2852 2000 2910 2052 et
2940 1996 3009 2051 Hi
3044 2013 3057 2052 :
3091 1997 3192 2052 sed
3223 2002 3288 2053 ut
3318 1996 3502 2067 magis
3532 1997 3806 2054 scribatis

2155 2087 2291 2141 Zeta
2320 2102 2497 2157 super
2526 2086 2614 2152 Xi,
2648 2089 2704 2140 et
2726 2084 2853 2140 Moe
2883 2101 3062 2157 super
3090 2085 3237 2141 Heta
3272 2090 3328 2141 et
3357 2085 3560 2141 Theta.
3593 2087 3806 2143 Susce-

2154 2174 2270 2246 ptis
2302 2174 2512 2230 litteris
2540 2174 2753 2229 vestris
2783 2174 2982 2229 statim
3032 2174 3326 2246 rescripsi,
3357 2179 3415 2231 et
3456 2175 3529 2231 ad
3562 2175 3807 2249 mystica

2155 2279 2260 2336 ego
2291 2280 2526 2335 quoque
2553 2267 2781 2337 sacrata
2839 2263 3133 2335 respondi.
3191 2263 3590 2321 Animadverti
3646 2265 3803 2321 enim

2156 2352 2437 2408 terminos
2469 2368 2597 2408 esse
2627 2351 2896 2423 Epistolas
2925 2356 3130 2407 vestrae
3179 2351 3326 2407 Heta
3377 2356 3435 2408 et
3483 2353 3670 2410 Theta
3701 2371 3714 2409 :
3749 2358 3806 2410 et

2154 2441 2371 2496 idcirco
2402 2439 2575 2496 etiam
2604 2457 2708 2513 ego
2759 2440 2818 2495 in
2877 2440 3153 2496 eumdem
3211 2458 3452 2497 sensum
3508 2443 3804 2515 verbaque

2155 2530 2427 2586 consensi
2455 2546 2467 2584 :
2505 2546 2575 2585 ne
2606 2529 2798 2601 impar
2825 2529 3018 2585 videre
3067 2534 3269 2585 vestra:
3329 2530 3715 2604 negligentiae,
3746 2536 3806 2587 et

2155 2618 2374 2691 aliquid
2424 2634 2493 2673 ex
2540 2618 2708 2673 nobis
2740 2618 2940 2673 damni
2971 2618 3342 2674 sustineretis
3397 2619 3612 2692 Scripsi
3668 2637 3805 2694 ergo

2153 2725 2257 2764 vos
2286 2707 2515 2761 Simma
2542 2706 2682 2761 Phi:
2745 2706 3050 2762 rescribite
3081 2706 3207 2764 Chi.
3270 2708 3470 2780 Itaque
3528 2726 3686 2765 nunc
3744 2711 3806 2766 in

2154 2796 2362 2852 diebus
2392 2796 2521 2851 istis
2553 2812 2666 2851 non
2725 2795 3040 2852 scribimus
3095 2796 3278 2853 Theta
3332 2797 3477 2853 Moe.
3511 2798 3581 2853 Et
3610 2815 3681 2855 ne
3725 2799 3809 2860 di-

2153 2885 2352 2941 xeritis
2387 2902 2399 2939 :
2438 2890 2754 2941 Possumus
2812 2884 3064 2941 scribere
3126 2885 3194 2954 N,
3230 2886 3394 2955 Heta,
3425 2886 3552 2955 Pbi,
3586 2887 3804 2958 Labda,

2157 2974 2464 3039 OYYOYY,
2499 2973 2715 3039 Labda,
2745 2974 2884 3038 Iota,
2915 2973 3149 3040 Labda;
3192 2989 3324 3029 ecce
3382 2975 3591 3047 scripsi
3642 2977 3809 3034 vobis

2153 3070 2211 3119 et
2240 3064 2304 3119 Xi
2337 3068 2523 3118 totum
2556 3066 2729 3133 atque
2760 3062 3080 3133 perfectum
3117 3062 3177 3117 in
3206 3078 3397 3135 gyros.
3431 3064 3501 3118 Et
3524 3080 3626 3120 vos
3657 3065 3808 3122 scri-

394 3152 608 3209 dierint
637 3158 841 3208 Deum.
871 3153 1087 3208 Omnes
1116 3168 1346 3225 quoque
1377 3152 1569 3207 bestiae
1601 3156 1656 3207 et
1687 3156 1895 3207 cuncta
1920 3151 2037 3206 ani-
2068 3139 2110 3205 C
2151 3153 2289 3207 hitis
2346 3152 2410 3206 Xi
2461 3157 2519 3206 et
2564 3151 2691 3217 Phi,
2741 3155 2802 3205 ut
2853 3150 3092 3222 possitis
3140 3142 3394 3207 scribere
3416 3151 3640 3208 Simma
3658 3159 3803 3211 Moe.

399 3241 624 3297 mantia
653 3240 1163 3313 per.obedientiam
1190 3240 1435 3296 liberata
1452 3245 1611 3295 sunt.
1635 3242 1704 3296 Et
1732 3240 1871 3313 quia
1902 3240 2044 3296 talia

396 3334 587 3408 erant,
620 3334 925 3402 propterea
953 3329 1023 3384 de
1054 3328 1172 3385 illis
1202 3329 1413 3385 obtulit
1449 3330 1711 3385 victimas
1741 3329 1875 3385 Deo.
1908 3330 2043 3393 Quae

397 3418 645 3475 historia
676 3435 783 3473 nos
814 3419 1001 3484 docet,
1029 3434 1157 3490 quae
1190 3417 1411 3473 scilicet
1452 3417 1511 3472 in
1569 3418 1669 3473 Dei
1727 3418 2047 3473 offerantur

399 3507 686 3563 sacriﬁcio
717 3506 829 3578 [Αι.
861 3507 1207 3577 sacriﬁcia];
1239 3512 1296 3561 et
1323 3507 1372 3562 si
1404 3507 1738 3562 obedientes
1770 3507 1841 3561 ad
1886 3506 2046 3563 illius

398 3595 618 3652 fuerint
661 3596 1015 3668 jussionem,
1048 3601 1332 3651 eruantur
1361 3596 1431 3651 de
1460 3595 1689 3667 laqueis
1721 3595 1957 3663 diaboli,
1992 3600 2048 3650 et

395 3685 523 3757 ejus
554 3685 726 3742 bonis
759 3684 1170 3757 perfruantur;
1207 3702 1319 3740 non
1370 3686 1691 3741 secundum
1742 3701 1917 3757 opera
1954 3685 2049 3755 ju-

396 3766 740 3842 stitiee'sua’,
775 3773 877 3830 sed
909 3775 1232 3829 secundum
1268 3773 1727 3829 misericordiam
1759 3775 1908 3844 ejus,
1934 3791 2050 3845 qua

397 3862 447 3919 ei
478 3878 682 3919 omnes
714 3863 1338 3935 appropinquavimus.
1359 3865 1494 3929 Quae
1525 3868 1769 3918 ventura
1800 3855 2050 3919 scientes

400 3951 569 4007 nobis
599 3951 848 4008 invicem
882 3950 1168 4008 charitate
1191 3953 1608 4025 jungamur,ut
1643 3952 1893 4024 elfugere
1927 3969 2051 4024 pos-

397 4042 588 4097 simus
617 4039 1025 4096 imminentem
1071 4040 1417 4096 sententiam
1468 4041 1589 4097 Dei.
1650 4040 1776 4095 Noli
1808 4042 1879 4096 ad
1939 4042 2050 4096 ira-

397 4128 674 4187 cundiam
715 4128 971 4203 aliquem
1035 4130 1354 4202 provocari,
1415 4148 1485 4186 ne
1521 4131 1687 4187 .forte
1746 4130 2050 4196 moriatur,

396 4225 454 4275 et
513 4218 866 4292 relinquaris
918 4218 1159 4292 ligatus,
1217 4220 1529 4292 omnisque
1568 4221 1696 4290 ejus
1725 4219 1964 4274 tristitia
1992 4219 2051 4274 in

398 4313 565 4364 tuam
620 4309 877 4365 animam
929 4309 1281 4377 conferatur,
1317 4314 1373 4363 et
1413 4308 1674 4363 effundat
1704 4308 1848 4363 iram
1884 4324 2052 4363 suam

400 4413 577 4468 super
609 4401 664 4452 te
694 4397 868 4465 Deus,
902 4397 1041 4469 quia
1072 4402 1128 4453 et
1158 4401 1218 4452 tu
1263 4396 1518 4452 eﬁ'udisti
1576 4396 1831 4452 furorem
1884 4401 2053 4451 tuum

401 4500 579 4557 super
609 4484 847 4540 fratrem
880 4490 1073 4541 tuum.
1110 4486 1232 4541 Non
1267 4484 1693 4541 obliviscamini
1756 4486 2055 4542 mandato—
2087 4508 2132 4573 Ι)

405 4588 535 4628 rum
571 4572 695 4639 Dei,
729 4590 799 4629 ne
830 4572 1061 4629 dicatur
1088 4574 1159 4629 de
1206 4574 1370 4630 vobis
1420 4590 1431 4627 :
1494 4578 1792 4630 Verterunt
1844 4576 1918 4631 αιι
1971 4592 2057 4632 mc

400 4661 571 4718 dorsa
599 4678 721 4727 sua,
752 4669 804 4717 et
848 4679 958 4717 non
986 4665 1212 4734 faciem,
1254 4673 1304 4719 et
1362 4664 1418 4718 in
1469 4668 1706 4734 tempore
1735 4666 2056 4736 afﬂictionis

399 4768 512 4809 sum
539 4750 743 4809 dicent.
782 4752 951 4822 Surge
978 4760 1029 4807 et
1057 4753 1234 4807 salvos
1258 4769 1360 4807 nos
1380 4753 1470 4822 {ac
1498 4753 1716 4823 (Ierem.
1750 4771 1907 4820 xvm,
1947 4756 2052 4825 17).

404 4841 473 4896 Et
504 4842 628 4914 ipse
659 4840 1036 4915 respondebit
1069 4859 1082 4897 :
1140 4843 1397 4912 Arguam
1447 4841 1687 4897 delicias
1745 4860 1969 4909 eorum,
2000 4848 2057 4899 et

404 4945 519 4985 non
547 4946 645 4986 eos
672 4930 882 4987 faciam
917 4929 1213 5003 pervenire
1242 4931 1313 4985 ad
1348 4930 1584 5003 pascha,
1615 4932 1685 4986 ad
1718 4933 1874 5004 quod
1917 4949 2053 4987 con-

403 5022 700 5073 vocantur.
738 5020 1118 5085 Laboremus,
1150 5020 1395 5076 invicem
1457 5037 1636 5076 onera
1693 5026 1890 5076 nostra
1921 5038 2051 5092 por-

404 5110 615 5172 tantes,
652 5106 802 5161 sicut
830 5113 884 5163 et
912 5109 1181 5164 Christus
1223 5111 1473 5182 portavit
1522 5110 1892 5165 infirmitates
1949 5127 2051 5165 no-

406 5197 559 5250 stras
588 5194 660 5248 in-
681 5210 788 5250 suo
818 5212 1076 5268 corpore,
1125 5203 1182 5253 et
1238 5215 1352 5254 non
1384 5199 1611 5254 defecit.
1676 5199 1735 5254 Si
1778 5200 2055 5271 magister

406 5287 607 5339 noster
633 5288 722 5339 est
749 5284 1037 5351 Christus,
1064 5287 1258 5343 simus
1278 5288 1407 5358 ejus
1439 5288 1782 5356 imitatores,
1807 5294 1864 5344 et
1894 5288 2053 5344 illius

406 5376 706 5446 portemus
738 5373 984 5443 injurias
1019 5392 1031 5428 :
1068 5391 1139 5429 ne
1170 5375 1228 5429 in
1260 5377 1453 5432 futuro
1484 5381 1743 5450 tempore
1775 5395 1808 5433 a
1837 5377 2056 5433 nostris

407 5461 706 5527 fratribus,
739 5461 838 5535 qui
871 5461 1279 5519 lribulationes
1307 5465 1465 5537 passi
1499 5472 1657 5531 sunt,
1691 5483 2051 5540 separemur.

406 5552 570 5616 Sicut
597 5556 654 5613 et
705 5550 804 5613 alii
833 5552 993 5630 passi
1027 5557 1167 5612 sunt
1222 5553 1324 5627 qui
1374 5553 1691 5614 noluerunt
1739 5556 2055 5624 virtutibus

2151 3243 2295 3298 Ecce
2352 3240 2536 3295 Theta
2593 3238 2875 3311 scriptum
2910 3243 2999 3295 est
3029 3239 3292 3295 antehac.
3330 3241 3594 3297 Sufﬁciat
3638 3243 3805 3299 vobis

2153 3346 2354 3385 curam
2384 3329 2596 3384 habere
2652 3329 2853 3400 Kappa
2908 3334 2963 3383 et
3018 3329 3162 3384 Tau.
3224 3329 3282 3385 Si
3338 3334 3535 3385 tamen
3592 3333 3800 3387 exituri

2153 3419 2311 3484 estis,
2347 3418 2695 3489 scripsimus
2735 3419 2900 3473 vobis
2948 3417 3039 3485 Hi,
3101 3421 3337 3490 propter
3392 3418 3650 3476 laborem
3703 3437 3799 3477 ve-

2156 3513 2367 3571 strum,
2402 3512 2464 3562 ut
2489 3523 2722 3561 omnem
2777 3505 3105 3562 adhibeatis
3137 3506 3592 3564 sollicitudinem
3644 3514 3808 3566 ante-

2157 3613 2334 3670 quam
2364 3594 2836 3668 proﬁciscamini.
2870 3595 3015 3650 Nam
3048 3599 3105 3651 et
3160 3613 3266 3652 nos
3306 3597 3570 3653 eamdem
3604 3615 3809 3655 curam

2157 3686 2445 3741 habemus
2477 3701 2654 3756 quam
2687 3688 2743 3738 et
2771 3701 2870 3739 vos
2916 3701 2928 3738 :
2994 3701 3181 3756 neque
3237 3686 3551 3758 sripsimus
3608 3687 3813 3761 Kappa

2156 3779 2213 3831 et
2244 3776 2399 3843 Tau.‘
2418 3773 2637 3845 Scripsi
2668 3773 2829 3828 vobis
2865 3774 3122 3841 nomine,
3145 3776 3301 3830 unde
3332 3780 3388 3831 et
3416 3793 3539 3843 vos,
3573 3777 3812 3849 quando

2158 3864 2418 3919 videritis
2449 3863 2735 3934 scriptum
2770 3867 2974 3935 Kappa
3020 3868 3077 3919 et
3125 3863 3268 3930 Tau,
3303 3864 3606 3921 rescribite
3652 3867 3806 3922 Zeta.

2160 3952 2401 4020 Quando
2432 3950 2693 4007 videritis
2753 3951 2977 4007 Simma
3034 3957 3090 4007 et
3142 3952 3269 4021 Phi,
3330 3955 3630 4010 rescribite
3663 3955 3813 4011 Moe.

2160 4042 2403 4108 Quando
2437 4040 2633 4096 YOYY
2665 4045 2885 4112 Kappa,
2923 4041 3027 4107 Ro,
3094 4042 3232 4113 quia
3287 4043 3616 4099 invenimus
3672 4045 3817 4099 scri-

2161 4135 2327 4204 ptum
2355 4149 2367 4199 ;
2397 4148 2502 4186 nos
2534 4134 2730 4186 autem
2781 4130 3127 4201 scripsimus
3165 4131 3408 4201 Simma,
3440 4133 3544 4188 Phi
3601 4132 3816 4189 habete

2163 4236 2388 4275 curam.
2425 4219 2543 4274 Hoc
2571 4218 2729 4275 enim
2760 4218 3036 4275 scribitur
3065 4220 3124 4276 in
3158 4220 3366 4277 diebus
3396 4221 3526 4278 istis
3556 4221 3659 4290 Ro,
3692 4221 3814 4278 sol-

2162 4308 2304 4364 liciti
2338 4312 2559 4375 estote;
2594 4324 2721 4379 quae
2754 4306 2988 4363 litterraa
3014 4313 3297 4365 vocantur
3315 4310 3645 4385 zEgyptiace
3670 4311 3819 4368 Orez

2164 4402 2221 4453 et
2250 4396 2415 4453 Thei.
2448 4396 2745 4468 Scriptum
2779 4396 3110 4454 invenimus
3142 4398 3575 4473 enim,qua3que
3603 4416 3816 4473 vocan-

2164 4492 2266 4541 tur
2296 4485 2625 4559 AEgyptiace
2655 4484 2858 4541 litterae
2916 4486 3018 4542 Rei
3077 4492 3134 4543 et
3177 4488 3343 4544 Thei.
3404 4472 3621 4545 Habeto
3672 4472 3843 4561 ergo

2165 4592 2368 4631 curam
2398 4575 2489 4642 Hi,
2521 4580 2578 4631 et
2606 4574 2841 4631 scribite
2868 4575 3089 4648 Alpha;
3123 4577 3259 4649 quia
3290 4578 3425 4634 dedi
3473 4578 3636 4634 vobis
3666 4578 3818 4634 illud

2167 4681 2269 4737 pro
2302 4664 2390 4720 Hi.
2427 4664 2673 4720 scribite
2703 4680 2936 4737 quoque
2994 4665 3239 4736 Simma,
3273 4668 3374 4739 qui
3412 4668 3695 4740 scriptum
3724 4671 3823 4724 est

2166 4755 2285 4809 Tau
2318 4759 2374 4809 et
2404 4752 2586 4819 Delta,
2621 4758 2684 4809 ut
2713 4755 2783 4810 ad
2846 4772 2952 4811 nos
2979 4756 3280 4826 pervenire
3314 4756 3571 4812 valeatis.
3606 4758 3824 4814 Cavete

2166 4860 2238 4898 ne
2268 4842 2693 4898 obliviscamini
2745 4843 2997 4900 scribere
3036 4844 3131 4901 Psi
3188 4862 3366 4917 super
3422 4846 3642 4919 Kappa,
3672 4845 3824 4917 quia

2166 4932 2453 5004 scriptum
2485 4936 2574 4987 est
2604 4932 2785 5004 prius,
2819 4937 2875 4987 et
2906 4933 2987 4988 Ro
3018 4936 3152 4990 ante
3191 4933 3337 4990 illud
3366 4935 3651 5007 scriptum
3680 4938 3769 4991 est
3801 4954 3819 4992 :

2168 5026 2224 5077 et
2255 5038 2326 5077 ne
2379 5023 2525 5078 forte
2555 5021 2761 5077 dicatis
2792 5020 2976 5077 Theta
3006 5022 3291 5095 scriptum
3322 5040 3469 5092 esse,
3501 5029 3559 5079 et
3590 5028 3821 5097 partem

2163 5110 2250 5165 Xi.
2295 5112 2425 5166 Ideo
2456 5115 2643 5165 totum
2677 5112 2990 5168 scribimus
3021 5113 3194 5181 Bcta;
3230 5130 3300 5169 ne
3357 5113 3625 5170 diceretis
3656 5115 3822 5187 quod

2167 5199 2416 5255 Gemma
2471 5200 2545 5255 sit
2605 5199 2912 5271 scriptum.
2969 5202 3031 5257 In
3090 5204 3252 5257 omni
3313 5202 3571 5276 Epistola
3634 5220 3820 5276 quam

2167 5288 2374 5360 scripsi
2405 5289 2587 5357 vobis,
2620 5289 2691 5343 de
2722 5294 2912 5346 vestra
2968 5292 3229 5348 sessione
3261 5293 3592 5349 continetur
3637 5297 3694 5349 et
3740 5293 3821 5351 de

2165 5377 2613 5445 resurrectione,
2647 5382 2701 5433 et
2730 5377 2800 5433 de
2842 5380 3051 5435 umbra
3102 5380 3505 5451 antemuralis,
3567 5399 3694 5454 qua
3726 5386 3824 5440 est

2165 5471 2326 5523 extra
2350 5484 2605 5522 murum.
2639 5465 2793 5522 Odor
2821 5469 3120 5540 sapientiae
3152 5476 3353 5528 vestra:
3384 5472 3457 5530 ad
3489 5488 3595 5527 nos
3627 5487 3819 5547 usque

2164 5555 2450 5635 pervenit,
2482 5560 2538 5616 et
2567 5555 2850 5632 compulit
2875 5557 2995 5619 haec
3029 5552 3498 5623 vobis’scribere.
3530 5561 3596 5622 Et
3613 5576 3716 5626 vos
3748 5567 3819 5633 ut
