  <div class='ocr_page' id='page_1' title='image "/cluster/home/n/w/nwhite01/storage/ocr_20150623/23/hvd.32044052772480/058.png"; bbox 0 0 4106 6164; ppageno 0'>
   <div class='ocr_carea' id='block_1_1' title="bbox 303 254 399 320">
    <p class='ocr_par' dir='ltr' id='par_1_1' title="bbox 303 254 399 320">
     <span class='ocr_line' id='line_1_1' title="bbox 303 254 399 320; baseline 0.031 -3"><span class='ocrx_word' id='word_1_1' title='bbox 303 254 399 320; x_wconf 72' lang='grc' dir='ltr'>ιοι</span> 
     </span>
    </p>
   </div>
   <div class='ocr_carea' id='block_1_2' title="bbox 300 387 1702 464">
    <p class='ocr_par' dir='ltr' id='par_1_2' title="bbox 300 387 1702 464">
     <span class='ocr_line' id='line_1_2' title="bbox 300 387 1702 464; baseline 0.002 -20"><span class='ocrx_word' id='word_1_2' title='bbox 300 389 584 462; x_wconf 77' lang='lat' dir='ltr'>sapientes</span> <span class='ocrx_word' id='word_1_3' title='bbox 614 387 916 464; x_wconf 84' lang='lat' dir='ltr'>intelligite</span> <span class='ocrx_word' id='word_1_4' title='bbox 947 407 1075 463; x_wconf 68' lang='lat' dir='ltr'>quae</span> <span class='ocrx_word' id='word_1_5' title='bbox 1119 391 1450 462; x_wconf 79' lang='lat' dir='ltr'>scripserim</span> <span class='ocrx_word' id='word_1_6' title='bbox 1483 391 1646 447; x_wconf 82' lang='lat' dir='ltr'>vobis</span> <span class='ocrx_word' id='word_1_7' title='bbox 1690 409 1702 457; x_wconf 87' lang='lat'><strong>;</strong></span> 
     </span>
    </p>
   </div>
   <div class='ocr_carea' id='block_1_3' title="bbox 299 477 1936 552">
    <p class='ocr_par' dir='ltr' id='par_1_3' title="bbox 299 477 1936 552">
     <span class='ocr_line' id='line_1_3' title="bbox 299 477 1936 552; baseline 0.001 -19"><span class='ocrx_word' id='word_1_8' title='bbox 299 477 484 535; x_wconf 89' lang='lat' dir='ltr'>hibete</span> <span class='ocrx_word' id='word_1_9' title='bbox 512 496 618 537; x_wconf 86' lang='lat' dir='ltr'>vos</span> <span class='ocrx_word' id='word_1_10' title='bbox 663 479 865 552; x_wconf 83' lang='lat' dir='ltr'>quales</span> <span class='ocrx_word' id='word_1_11' title='bbox 911 496 1324 536; x_wconf 65' lang='lat' dir='ltr'>meussermo</span> <span class='ocrx_word' id='word_1_12' title='bbox 1367 481 1694 536; x_wconf 84' lang='lat' dir='ltr'>describere</span> <span class='ocrx_word' id='word_1_13' title='bbox 1743 480 1936 552; x_wconf 86' lang='lat' dir='ltr'>elegit.</span> 
     </span>
    </p>
   </div>
   <div class='ocr_carea' id='block_1_4' title="bbox 444 622 1787 680">
    <p class='ocr_par' dir='ltr' id='par_1_4' title="bbox 444 622 1787 680">
     <span class='ocr_line' id='line_1_4' title="bbox 444 622 1787 680; baseline 0.001 -4"><span class='ocrx_word' id='word_1_14' title='bbox 444 622 788 680; x_wconf 78' lang='lat' dir='ltr'>EPISTULA</span> <span class='ocrx_word' id='word_1_15' title='bbox 827 624 1091 679; x_wconf 80' lang='lat' dir='ltr'>PATRIS</span> <span class='ocrx_word' id='word_1_16' title='bbox 1131 623 1396 680; x_wconf 80' lang='lat' dir='ltr'>NOSTRI</span> <span class='ocrx_word' id='word_1_17' title='bbox 1437 623 1787 679; x_wconf 79' lang='lat' dir='ltr'>PACHOMII</span> 
     </span>
    </p>
   </div>
   <div class='ocr_carea' id='block_1_5' title="bbox 294 729 1940 800">
    <p class='ocr_par' dir='ltr' id='par_1_5' title="bbox 294 729 1940 800">
     <span class='ocr_line' id='line_1_5' title="bbox 294 729 1940 800; baseline 0 -15"><span class='ocrx_word' id='word_1_18' title='bbox 294 729 380 786; x_wconf 79' lang='lat' dir='ltr'>Ad</span> <span class='ocrx_word' id='word_1_19' title='bbox 409 732 667 785; x_wconf 80' lang='lat' dir='ltr'>universa</span> <span class='ocrx_word' id='word_1_20' title='bbox 698 732 1055 796; x_wconf 75' lang='lat' dir='ltr'>monasteria,</span> <span class='ocrx_word' id='word_1_21' title='bbox 1089 738 1149 786; x_wconf 86' lang='lat' dir='ltr'>ut</span> <span class='ocrx_word' id='word_1_22' title='bbox 1177 737 1572 800; x_wconf 69' lang='lat' dir='ltr'>congregantur</span> <span class='ocrx_word' id='word_1_23' title='bbox 1613 746 1799 785; x_wconf 80' lang='lat' dir='ltr'>omnes</span> <span class='ocrx_word' id='word_1_24' title='bbox 1828 746 1940 785; x_wconf 80' lang='lat' dir='ltr'>mo-</span> 
     </span>
    </p>
   </div>
   <div class='ocr_carea' id='block_1_6' title="bbox 364 803 1939 873">
    <p class='ocr_par' dir='ltr' id='par_1_6' title="bbox 364 803 1939 873">
     <span class='ocr_line' id='line_1_6' title="bbox 364 803 1939 873; baseline -0.001 -17"><span class='ocrx_word' id='word_1_25' title='bbox 364 803 730 856; x_wconf 81' lang='lat' dir='ltr'>nasteriorum</span> <span class='ocrx_word' id='word_1_26' title='bbox 780 804 1060 873; x_wconf 79' lang='lat' dir='ltr'>principes</span> <span class='ocrx_word' id='word_1_27' title='bbox 1117 811 1167 856; x_wconf 90' lang='lat' dir='ltr'>et</span> <span class='ocrx_word' id='word_1_28' title='bbox 1224 803 1508 857; x_wconf 83' lang='lat' dir='ltr'>domorum</span> <span class='ocrx_word' id='word_1_29' title='bbox 1548 803 1830 872; x_wconf 64' lang='lat' dir='ltr'>prwpositi</span> <span class='ocrx_word' id='word_1_30' title='bbox 1874 803 1939 873; x_wconf 83' lang='lat' dir='ltr'>in</span> 
     </span>
    </p>
   </div>
   <div class='ocr_carea' id='block_1_7' title="bbox 367 872 1941 944">
    <p class='ocr_par' dir='ltr' id='par_1_7' title="bbox 367 872 1941 944">
     <span class='ocr_line' id='line_1_7' title="bbox 367 872 1941 944; baseline -0.001 -16"><span class='ocrx_word' id='word_1_31' title='bbox 367 875 756 928; x_wconf 64' lang='lat' dir='ltr'>monasterium</span> <span class='ocrx_word' id='word_1_32' title='bbox 811 872 978 944; x_wconf 14' lang='lat' dir='ltr'>quod,</span> <span class='ocrx_word' id='word_1_33' title='bbox 1007 876 1228 928; x_wconf 85' lang='lat' dir='ltr'>vocatur</span> <span class='ocrx_word' id='word_1_34' title='bbox 1291 878 1489 937; x_wconf 86' lang='lat' dir='ltr'>Baum,</span> <span class='ocrx_word' id='word_1_35' title='bbox 1550 875 1797 928; x_wconf 70' lang='lat' dir='ltr'>vicesimo</span> <span class='ocrx_word' id='word_1_36' title='bbox 1852 872 1941 927; x_wconf 86' lang='lat' dir='ltr'>die</span> 
     </span>
    </p>
   </div>
   <div class='ocr_carea' id='block_1_8' title="bbox 365 945 1938 1016">
    <p class='ocr_par' dir='ltr' id='par_1_8' title="bbox 365 945 1938 1016">
     <span class='ocr_line' id='line_1_8' title="bbox 365 945 1938 1016; baseline -0.001 -17"><span class='ocrx_word' id='word_1_37' title='bbox 365 949 562 999; x_wconf 73' lang='lat' dir='ltr'>mensis</span> <span class='ocrx_word' id='word_1_38' title='bbox 589 947 685 1016; x_wconf 86' lang='lat' dir='ltr'>qui</span> <span class='ocrx_word' id='word_1_39' title='bbox 713 945 856 1016; x_wconf 73' lang='lat' dir='ltr'>apud</span> <span class='ocrx_word' id='word_1_40' title='bbox 883 947 1167 1016; x_wconf 52' lang='lat' dir='ltr'>{Egyptios</span> <span class='ocrx_word' id='word_1_41' title='bbox 1199 946 1512 1015; x_wconf 76' lang='lat' dir='ltr'>appellatur</span> <span class='ocrx_word' id='word_1_42' title='bbox 1541 945 1740 999; x_wconf 78' lang='lat' dir='ltr'>Mesore</span> <span class='ocrx_word' id='word_1_43' title='bbox 1796 945 1938 1015; x_wconf 68' lang='lat' dir='ltr'>(Lat.</span> 
     </span>
    </p>
   </div>
   <div class='ocr_carea' id='block_1_9' title="bbox 360 1017 1942 1087">
    <p class='ocr_par' dir='ltr' id='par_1_9' title="bbox 360 1017 1942 1087">
     <span class='ocr_line' id='line_1_9' title="bbox 360 1017 1942 1087; baseline 0 -17"><span class='ocrx_word' id='word_1_44' title='bbox 360 1017 678 1087; x_wconf 72' lang='lat' dir='ltr'>Augustus],</span> <span class='ocrx_word' id='word_1_45' title='bbox 726 1021 789 1070; x_wconf 84' lang='lat' dir='ltr'>ut</span> <span class='ocrx_word' id='word_1_46' title='bbox 845 1018 950 1071; x_wconf 78' lang='lat' dir='ltr'>rite</span> <span class='ocrx_word' id='word_1_47' title='bbox 987 1017 1233 1071; x_wconf 88' lang='lat' dir='ltr'>omnium</span> <span class='ocrx_word' id='word_1_48' title='bbox 1257 1021 1601 1087; x_wconf 79' lang='lat' dir='ltr'>peccatorum</span> <span class='ocrx_word' id='word_1_49' title='bbox 1629 1019 1790 1087; x_wconf 85' lang='lat' dir='ltr'>atque</span> <span class='ocrx_word' id='word_1_50' title='bbox 1819 1031 1942 1087; x_wconf 79' lang='lat' dir='ltr'>ope-</span> 
     </span>
    </p>
   </div>
   <div class='ocr_carea' id='block_1_10' title="bbox 361 1089 1157 1159">
    <p class='ocr_par' dir='ltr' id='par_1_10' title="bbox 361 1089 1157 1159">
     <span class='ocr_line' id='line_1_10' title="bbox 361 1089 1157 1159; baseline 0.003 -19"><span class='ocrx_word' id='word_1_51' title='bbox 361 1104 483 1142; x_wconf 84' lang='lat' dir='ltr'>rum</span> <span class='ocrx_word' id='word_1_52' title='bbox 521 1089 773 1142; x_wconf 77' lang='lat' dir='ltr'>remissio</span> <span class='ocrx_word' id='word_1_53' title='bbox 803 1089 1157 1159; x_wconf 84' lang='lat' dir='ltr'>compleatar.</span> 
     </span>
    </p>
   </div>
   <div class='ocr_carea' id='block_1_11' title="bbox 360 1191 1942 1265">
    <p class='ocr_par' dir='ltr' id='par_1_11' title="bbox 360 1191 1942 1265">
     <span class='ocr_line' id='line_1_11' title="bbox 360 1191 1942 1265; baseline 0.001 -21"><span class='ocrx_word' id='word_1_54' title='bbox 360 1191 480 1248; x_wconf 86' lang='lat' dir='ltr'><strong>VII.</strong></span> <span class='ocrx_word' id='word_1_55' title='bbox 517 1193 778 1265; x_wconf 85' lang='lat' dir='ltr'>Tempus</span> <span class='ocrx_word' id='word_1_56' title='bbox 810 1193 869 1247; x_wconf 93' lang='lat' dir='ltr'>in</span> <span class='ocrx_word' id='word_1_57' title='bbox 901 1193 1164 1264; x_wconf 88' lang='lat' dir='ltr'>proximo</span> <span class='ocrx_word' id='word_1_58' title='bbox 1197 1198 1310 1262; x_wconf 91' lang='lat' dir='ltr'>est,</span> <span class='ocrx_word' id='word_1_59' title='bbox 1343 1197 1406 1248; x_wconf 91' lang='lat' dir='ltr'>ut</span> <span class='ocrx_word' id='word_1_60' title='bbox 1463 1192 1522 1247; x_wconf 90' lang='lat' dir='ltr'>in</span> <span class='ocrx_word' id='word_1_61' title='bbox 1554 1209 1738 1248; x_wconf 90' lang='lat' dir='ltr'>unum</span> <span class='ocrx_word' id='word_1_62' title='bbox 1805 1208 1942 1247; x_wconf 91' lang='lat' dir='ltr'>con-</span> 
     </span>
    </p>
   </div>
   <div class='ocr_carea' id='block_1_12' title="bbox 293 1281 1942 1354">
    <p class='ocr_par' dir='ltr' id='par_1_12' title="bbox 293 1281 1942 1354">
     <span class='ocr_line' id='line_1_12' title="bbox 293 1281 1942 1354; baseline 0 -19"><span class='ocrx_word' id='word_1_63' title='bbox 293 1281 537 1337; x_wconf 78' lang='lat' dir='ltr'>veniatis</span> <span class='ocrx_word' id='word_1_64' title='bbox 560 1284 734 1352; x_wconf 83' lang='lat' dir='ltr'>juxta</span> <span class='ocrx_word' id='word_1_65' title='bbox 775 1299 995 1338; x_wconf 89' lang='lat' dir='ltr'>morem</span> <span class='ocrx_word' id='word_1_66' title='bbox 1047 1282 1386 1354; x_wconf 90' lang='lat' dir='ltr'>pristinum,</span> <span class='ocrx_word' id='word_1_67' title='bbox 1423 1283 1595 1353; x_wconf 82' lang='lat' dir='ltr'><strong>juxta</strong></span> <span class='ocrx_word' id='word_1_68' title='bbox 1641 1281 1942 1352; x_wconf 87' lang='lat' dir='ltr'>antiquam</span> 
     </span>
    </p>
   </div>
   <div class='ocr_carea' id='block_1_13' title="bbox 293 1370 1945 1438">
    <p class='ocr_par' dir='ltr' id='par_1_13' title="bbox 293 1370 1945 1438">
     <span class='ocr_line' id='line_1_13' title="bbox 293 1370 1945 1438; baseline -0.002 -11"><span class='ocrx_word' id='word_1_69' title='bbox 293 1371 802 1438; x_wconf 75' lang='lat' dir='ltr'>consuetudinem,</span> <span class='ocrx_word' id='word_1_70' title='bbox 839 1376 901 1426; x_wconf 90' lang='lat' dir='ltr'>ut</span> <span class='ocrx_word' id='word_1_71' title='bbox 959 1371 1230 1427; x_wconf 88' lang='lat' dir='ltr'>remissio</span> <span class='ocrx_word' id='word_1_72' title='bbox 1276 1370 1540 1426; x_wconf 88' lang='lat' dir='ltr'>omnium</span> <span class='ocrx_word' id='word_1_73' title='bbox 1591 1387 1786 1426; x_wconf 88' lang='lat' dir='ltr'>rerum</span> <span class='ocrx_word' id='word_1_74' title='bbox 1837 1370 1945 1424; x_wconf 91' lang='lat' dir='ltr'>rite</span> 
     </span>
    </p>
   </div>
   <div class='ocr_carea' id='block_1_14' title="bbox 294 1459 1947 1532">
    <p class='ocr_par' dir='ltr' id='par_1_14' title="bbox 294 1459 1947 1532">
     <span class='ocr_line' id='line_1_14' title="bbox 294 1459 1947 1532; baseline -0.001 -17"><span class='ocrx_word' id='word_1_75' title='bbox 294 1459 639 1527; x_wconf 77' lang='lat' dir='ltr'>Celebretur,</span> <span class='ocrx_word' id='word_1_76' title='bbox 674 1467 738 1515; x_wconf 91' lang='lat' dir='ltr'>ut</span> <span class='ocrx_word' id='word_1_77' title='bbox 789 1459 1157 1532; x_wconf 84' lang='lat' dir='ltr'>cognoscatis</span> <span class='ocrx_word' id='word_1_78' title='bbox 1187 1460 1431 1516; x_wconf 91' lang='lat' dir='ltr'>invicem</span> <span class='ocrx_word' id='word_1_79' title='bbox 1470 1478 1482 1515; x_wconf 92' lang='lat'><strong>:</strong></span> <span class='ocrx_word' id='word_1_80' title='bbox 1526 1464 1589 1515; x_wconf 89' lang='lat' dir='ltr'>ut</span> <span class='ocrx_word' id='word_1_81' title='bbox 1645 1459 1947 1514; x_wconf 80' lang='lat' dir='ltr'>dimittant</span> 
     </span>
    </p>
   </div>
   <div class='ocr_carea' id='block_1_15' title="bbox 294 1548 1943 1622">
    <p class='ocr_par' dir='ltr' id='par_1_15' title="bbox 294 1548 1943 1622">
     <span class='ocr_line' id='line_1_15' title="bbox 294 1548 1943 1622; baseline -0.002 -17"><span class='ocrx_word' id='word_1_82' title='bbox 294 1549 530 1622; x_wconf 84' lang='lat' dir='ltr'>singuli,</span> <span class='ocrx_word' id='word_1_83' title='bbox 557 1551 729 1620; x_wconf 81' lang='lat' dir='ltr'>juxta</span> <span class='ocrx_word' id='word_1_84' title='bbox 760 1554 1115 1622; x_wconf 78' lang='lat' dir='ltr'>praeceptum</span> <span class='ocrx_word' id='word_1_85' title='bbox 1146 1548 1458 1622; x_wconf 84' lang='lat' dir='ltr'>Evangelii,</span> <span class='ocrx_word' id='word_1_86' title='bbox 1511 1549 1706 1605; x_wconf 87' lang='lat' dir='ltr'>debita</span> <span class='ocrx_word' id='word_1_87' title='bbox 1752 1548 1943 1603; x_wconf 87' lang='lat' dir='ltr'>fratri-</span> 
     </span>
    </p>
   </div>
   <div class='ocr_carea' id='block_1_16' title="bbox 295 1637 1947 1710">
    <p class='ocr_par' dir='ltr' id='par_1_16' title="bbox 295 1637 1947 1710">
     <span class='ocr_line' id='line_1_16' title="bbox 295 1637 1947 1710; baseline -0.001 -17"><span class='ocrx_word' id='word_1_88' title='bbox 295 1639 399 1693; x_wconf 88' lang='lat' dir='ltr'>bus</span> <span class='ocrx_word' id='word_1_89' title='bbox 429 1639 582 1707; x_wconf 86' lang='lat' dir='ltr'>suis,</span> <span class='ocrx_word' id='word_1_90' title='bbox 619 1642 674 1694; x_wconf 87' lang='lat' dir='ltr'>et</span> <span class='ocrx_word' id='word_1_91' title='bbox 703 1637 973 1695; x_wconf 78' lang='lat' dir='ltr'>tristitiae</span> <span class='ocrx_word' id='word_1_92' title='bbox 1005 1655 1070 1694; x_wconf 89' lang='lat' dir='ltr'>ac</span> <span class='ocrx_word' id='word_1_93' title='bbox 1092 1637 1425 1694; x_wconf 85' lang='lat' dir='ltr'>simultates</span> <span class='ocrx_word' id='word_1_94' title='bbox 1462 1655 1474 1692; x_wconf 88' lang='lat'><strong>:</strong></span> <span class='ocrx_word' id='word_1_95' title='bbox 1517 1642 1575 1693; x_wconf 91' lang='lat' dir='ltr'>et</span> <span class='ocrx_word' id='word_1_96' title='bbox 1602 1638 1650 1694; x_wconf 89' lang='lat' dir='ltr'>si</span> <span class='ocrx_word' id='word_1_97' title='bbox 1683 1637 1824 1710; x_wconf 89' lang='lat' dir='ltr'>quid</span> <span class='ocrx_word' id='word_1_98' title='bbox 1856 1640 1947 1692; x_wconf 85' lang='lat' dir='ltr'>est</span> 
     </span>
    </p>
   </div>
   <div class='ocr_carea' id='block_1_17' title="bbox 286 1727 1947 1800">
    <p class='ocr_par' dir='ltr' id='par_1_17' title="bbox 286 1727 1947 1800">
     <span class='ocr_line' id='line_1_17' title="bbox 286 1727 1947 1800; baseline -0.001 -18"><span class='ocrx_word' id='word_1_99' title='bbox 286 1727 488 1800; x_wconf 83' lang='lat' dir='ltr'>jurgii,</span> <span class='ocrx_word' id='word_1_100' title='bbox 524 1745 558 1782; x_wconf 87' lang='lat' dir='ltr'>a</span> <span class='ocrx_word' id='word_1_101' title='bbox 587 1727 762 1783; x_wconf 90' lang='lat' dir='ltr'>choro</span> <span class='ocrx_word' id='word_1_102' title='bbox 794 1732 1132 1784; x_wconf 89' lang='lat' dir='ltr'>sanctorum</span> <span class='ocrx_word' id='word_1_103' title='bbox 1175 1727 1446 1798; x_wconf 87' lang='lat' dir='ltr'>abigatur</span> <span class='ocrx_word' id='word_1_104' title='bbox 1505 1745 1517 1782; x_wconf 85' lang='lat'><strong>:</strong></span> <span class='ocrx_word' id='word_1_105' title='bbox 1578 1731 1643 1781; x_wconf 93' lang='lat' dir='ltr'>ut</span> <span class='ocrx_word' id='word_1_106' title='bbox 1698 1727 1947 1782; x_wconf 91' lang='lat' dir='ltr'>liberent</span> 
     </span>
    </p>
   </div>
   <div class='ocr_carea' id='block_1_18' title="bbox 293 1815 1950 1889">
    <p class='ocr_par' dir='ltr' id='par_1_18' title="bbox 293 1815 1950 1889">
     <span class='ocr_line' id='line_1_18' title="bbox 293 1815 1950 1889; baseline -0.001 -17"><span class='ocrx_word' id='word_1_107' title='bbox 293 1818 464 1872; x_wconf 87' lang='lat' dir='ltr'>corda</span> <span class='ocrx_word' id='word_1_108' title='bbox 496 1834 606 1872; x_wconf 88' lang='lat' dir='ltr'>sua</span> <span class='ocrx_word' id='word_1_109' title='bbox 632 1817 841 1872; x_wconf 88' lang='lat' dir='ltr'>timore</span> <span class='ocrx_word' id='word_1_110' title='bbox 875 1817 990 1880; x_wconf 85' lang='lat' dir='ltr'>Dei,</span> <span class='ocrx_word' id='word_1_111' title='bbox 1026 1821 1082 1872; x_wconf 89' lang='lat' dir='ltr'>et</span> <span class='ocrx_word' id='word_1_112' title='bbox 1111 1817 1310 1889; x_wconf 76' lang='lat' dir='ltr'>fugato</span> <span class='ocrx_word' id='word_1_113' title='bbox 1343 1815 1664 1883; x_wconf 87' lang='lat' dir='ltr'>mendacio,</span> <span class='ocrx_word' id='word_1_114' title='bbox 1686 1816 1950 1870; x_wconf 89' lang='lat' dir='ltr'>domine-</span> 
     </span>
    </p>
   </div>
   <div class='ocr_carea' id='block_1_19' title="bbox 292 1904 1954 1976">
    <p class='ocr_par' dir='ltr' id='par_1_19' title="bbox 292 1904 1954 1976">
     <span class='ocr_line' id='line_1_19' title="bbox 292 1904 1954 1976; baseline -0.001 -16"><span class='ocrx_word' id='word_1_115' title='bbox 292 1909 387 1961; x_wconf 86' lang='lat' dir='ltr'>tur</span> <span class='ocrx_word' id='word_1_116' title='bbox 414 1905 729 1974; x_wconf 81' lang='lat' dir='ltr'>veritas,ut</span> <span class='ocrx_word' id='word_1_117' title='bbox 759 1907 1130 1961; x_wconf 87' lang='lat' dir='ltr'>cessantibus</span> <span class='ocrx_word' id='word_1_118' title='bbox 1160 1904 1351 1972; x_wconf 84' lang='lat' dir='ltr'>bellis,</span> <span class='ocrx_word' id='word_1_119' title='bbox 1378 1905 1533 1976; x_wconf 82' lang='lat' dir='ltr'>pacis</span> <span class='ocrx_word' id='word_1_120' title='bbox 1553 1904 1954 1976; x_wconf 85' lang='lat' dir='ltr'>tranquillitas</span> 
     </span>
    </p>
   </div>
   <div class='ocr_carea' id='block_1_20' title="bbox 294 1994 1955 2066">
    <p class='ocr_par' dir='ltr' id='par_1_20' title="bbox 294 1994 1955 2066">
     <span class='ocr_line' id='line_1_20' title="bbox 294 1994 1955 2066; baseline -0.001 -16"><span class='ocrx_word' id='word_1_121' title='bbox 294 1995 494 2051; x_wconf 84' lang='lat' dir='ltr'>redeat</span> <span class='ocrx_word' id='word_1_122' title='bbox 521 2015 535 2063; x_wconf 87' lang='lat'><strong>;</strong></span> <span class='ocrx_word' id='word_1_123' title='bbox 585 1999 643 2050; x_wconf 86' lang='lat' dir='ltr'>et-</span> <span class='ocrx_word' id='word_1_124' title='bbox 675 1995 732 2050; x_wconf 91' lang='lat' dir='ltr'>in</span> <span class='ocrx_word' id='word_1_125' title='bbox 763 2012 830 2050; x_wconf 87' lang='lat' dir='ltr'>ea</span> <span class='ocrx_word' id='word_1_126' title='bbox 861 1994 1168 2050; x_wconf 86' lang='lat' dir='ltr'>ambulare</span> <span class='ocrx_word' id='word_1_127' title='bbox 1201 1994 1440 2066; x_wconf 88' lang='lat' dir='ltr'>possitis</span> <span class='ocrx_word' id='word_1_128' title='bbox 1469 2010 1664 2048; x_wconf 88' lang='lat' dir='ltr'>coram</span> <span class='ocrx_word' id='word_1_129' title='bbox 1726 1994 1840 2049; x_wconf 92' lang='lat' dir='ltr'>Deo</span> <span class='ocrx_word' id='word_1_130' title='bbox 1899 1998 1955 2048; x_wconf 87' lang='lat' dir='ltr'>et</span> 
     </span>
    </p>
   </div>
   <div class='ocr_carea' id='block_1_21' title="bbox 301 2082 1953 2155">
    <p class='ocr_par' dir='ltr' id='par_1_21' title="bbox 301 2082 1953 2155">
     <span class='ocr_line' id='line_1_21' title="bbox 301 2082 1953 2155; baseline 0 -17"><span class='ocrx_word' id='word_1_131' title='bbox 301 2084 650 2139; x_wconf 89' lang='lat' dir='ltr'>hominibus</span> <span class='ocrx_word' id='word_1_132' title='bbox 684 2101 697 2137; x_wconf 90' lang='lat'><strong>:</strong></span> <span class='ocrx_word' id='word_1_133' title='bbox 732 2087 796 2138; x_wconf 91' lang='lat' dir='ltr'>ut</span> <span class='ocrx_word' id='word_1_134' title='bbox 825 2100 1033 2140; x_wconf 81' lang='lat' dir='ltr'>omnes</span> <span class='ocrx_word' id='word_1_135' title='bbox 1063 2083 1367 2155; x_wconf 62' lang='lat' dir='ltr'>mqualiter</span> <span class='ocrx_word' id='word_1_136' title='bbox 1405 2082 1702 2155; x_wconf 87' lang='lat' dir='ltr'>diligatis:</span> <span class='ocrx_word' id='word_1_137' title='bbox 1739 2087 1803 2137; x_wconf 89' lang='lat' dir='ltr'>ut</span> <span class='ocrx_word' id='word_1_138' title='bbox 1832 2099 1953 2138; x_wconf 88' lang='lat' dir='ltr'>ser-</span> 
     </span>
    </p>
   </div>
   <div class='ocr_carea' id='block_1_22' title="bbox 293 2171 1954 2244">
    <p class='ocr_par' dir='ltr' id='par_1_22' title="bbox 293 2171 1954 2244">
     <span class='ocr_line' id='line_1_22' title="bbox 293 2171 1954 2244; baseline 0.001 -17"><span class='ocrx_word' id='word_1_139' title='bbox 293 2172 466 2227; x_wconf 81' lang='lat' dir='ltr'>viatis</span> <span class='ocrx_word' id='word_1_140' title='bbox 499 2173 610 2228; x_wconf 89' lang='lat' dir='ltr'>Deo</span> <span class='ocrx_word' id='word_1_141' title='bbox 636 2177 810 2244; x_wconf 89' lang='lat' dir='ltr'>atque</span> <span class='ocrx_word' id='word_1_142' title='bbox 840 2173 1184 2240; x_wconf 53' lang='lat' dir='ltr'>concordia,</span> <span class='ocrx_word' id='word_1_143' title='bbox 1219 2177 1274 2227; x_wconf 89' lang='lat' dir='ltr'>et</span> <span class='ocrx_word' id='word_1_144' title='bbox 1307 2189 1420 2226; x_wconf 89' lang='lat' dir='ltr'>non</span> <span class='ocrx_word' id='word_1_145' title='bbox 1462 2171 1954 2243; x_wconf 87' lang='lat' dir='ltr'>concupiscentiis</span> 
     </span>
    </p>
   </div>
   <div class='ocr_carea' id='block_1_23' title="bbox 291 2261 1954 2326">
    <p class='ocr_par' dir='ltr' id='par_1_23' title="bbox 291 2261 1954 2326">
     <span class='ocr_line' id='line_1_23' title="bbox 291 2261 1954 2326; baseline 0 -10"><span class='ocrx_word' id='word_1_146' title='bbox 291 2263 492 2326; x_wconf 82' lang='lat' dir='ltr'>variis,</span> <span class='ocrx_word' id='word_1_147' title='bbox 521 2267 577 2316; x_wconf 90' lang='lat' dir='ltr'>et</span> <span class='ocrx_word' id='word_1_148' title='bbox 597 2262 776 2316; x_wconf 87' lang='lat' dir='ltr'>errori</span> <span class='ocrx_word' id='word_1_149' title='bbox 807 2261 1111 2317; x_wconf 91' lang='lat' dir='ltr'>oculorum</span> <span class='ocrx_word' id='word_1_150' title='bbox 1136 2267 1462 2317; x_wconf 85' lang='lat' dir='ltr'>vestrorum</span> <span class='ocrx_word' id='word_1_151' title='bbox 1512 2277 1524 2316; x_wconf 93' lang='lat'>:</span> <span class='ocrx_word' id='word_1_152' title='bbox 1585 2264 1641 2316; x_wconf 90' lang='lat' dir='ltr'>et</span> <span class='ocrx_word' id='word_1_153' title='bbox 1669 2261 1954 2316; x_wconf 87' lang='lat' dir='ltr'>tumentis</span> 
     </span>
    </p>
   </div>
   <div class='ocr_carea' id='block_1_24' title="bbox 294 2349 1956 2422">
    <p class='ocr_par' dir='ltr' id='par_1_24' title="bbox 294 2349 1956 2422">
     <span class='ocr_line' id='line_1_24' title="bbox 294 2349 1956 2422; baseline -0.002 -15"><span class='ocrx_word' id='word_1_154' title='bbox 294 2351 552 2407; x_wconf 69' lang='lat' dir='ltr'>scientiae</span> <span class='ocrx_word' id='word_1_155' title='bbox 584 2350 1024 2416; x_wconf 87' lang='lat' dir='ltr'>fraudulentiis,</span> <span class='ocrx_word' id='word_1_156' title='bbox 1085 2351 1397 2422; x_wconf 90' lang='lat' dir='ltr'>carnisque</span> <span class='ocrx_word' id='word_1_157' title='bbox 1453 2349 1631 2404; x_wconf 86' lang='lat' dir='ltr'>vitiis.</span> <span class='ocrx_word' id='word_1_158' title='bbox 1667 2350 1706 2404; x_wconf 80' lang='grc' dir='ltr'>Ε</span> <span class='ocrx_word' id='word_1_159' title='bbox 1741 2351 1956 2421; x_wconf 90' lang='lat' dir='ltr'>quibus</span> 
     </span>
    </p>
   </div>
   <div class='ocr_carea' id='block_1_25' title="bbox 297 2437 1958 2510">
    <p class='ocr_par' dir='ltr' id='par_1_25' title="bbox 297 2437 1958 2510">
     <span class='ocr_line' id='line_1_25' title="bbox 297 2437 1958 2510; baseline -0.001 -15"><span class='ocrx_word' id='word_1_160' title='bbox 297 2441 569 2496; x_wconf 84' lang='lat' dir='ltr'>oriuntur</span> <span class='ocrx_word' id='word_1_161' title='bbox 598 2439 940 2506; x_wconf 76' lang='lat' dir='ltr'>schismata,</span> <span class='ocrx_word' id='word_1_162' title='bbox 975 2445 1033 2494; x_wconf 89' lang='lat' dir='ltr'>et</span> <span class='ocrx_word' id='word_1_163' title='bbox 1061 2443 1455 2510; x_wconf 90' lang='lat' dir='ltr'>comtemptus</span> <span class='ocrx_word' id='word_1_164' title='bbox 1487 2437 1628 2510; x_wconf 87' lang='lat' dir='ltr'>legis</span> <span class='ocrx_word' id='word_1_165' title='bbox 1662 2438 1783 2505; x_wconf 89' lang='lat' dir='ltr'>Dei,</span> <span class='ocrx_word' id='word_1_166' title='bbox 1821 2455 1958 2493; x_wconf 89' lang='lat' dir='ltr'>con-</span> 
     </span>
    </p>
   </div>
   <div class='ocr_carea' id='block_1_26' title="bbox 295 2526 1957 2600">
    <p class='ocr_par' dir='ltr' id='par_1_26' title="bbox 295 2526 1957 2600">
     <span class='ocr_line' id='line_1_26' title="bbox 295 2526 1957 2600; baseline -0.001 -16"><span class='ocrx_word' id='word_1_167' title='bbox 295 2530 499 2594; x_wconf 85' lang='lat' dir='ltr'>tentio,</span> <span class='ocrx_word' id='word_1_168' title='bbox 537 2527 699 2584; x_wconf 77' lang='lat' dir='ltr'>mala:</span> <span class='ocrx_word' id='word_1_169' title='bbox 731 2528 1116 2600; x_wconf 84' lang='lat' dir='ltr'>cogitationes</span> <span class='ocrx_word' id='word_1_170' title='bbox 1148 2545 1274 2599; x_wconf 64' lang='lat' dir='ltr'>quae</span> <span class='ocrx_word' id='word_1_171' title='bbox 1311 2528 1440 2599; x_wconf 87' lang='lat' dir='ltr'>igne</span> <span class='ocrx_word' id='word_1_172' title='bbox 1479 2526 1794 2582; x_wconf 69' lang='lat' dir='ltr'>iracundias</span> <span class='ocrx_word' id='word_1_173' title='bbox 1827 2527 1957 2582; x_wconf 91' lang='lat' dir='ltr'>bul-</span> 
     </span>
    </p>
   </div>
   <div class='ocr_carea' id='block_1_27' title="bbox 298 2616 1960 2689">
    <p class='ocr_par' dir='ltr' id='par_1_27' title="bbox 298 2616 1960 2689">
     <span class='ocr_line' id='line_1_27' title="bbox 298 2616 1960 2689; baseline -0.001 -16"><span class='ocrx_word' id='word_1_174' title='bbox 298 2619 510 2674; x_wconf 85' lang='lat' dir='ltr'>lientes</span> <span class='ocrx_word' id='word_1_175' title='bbox 541 2618 893 2689; x_wconf 83' lang='lat' dir='ltr'>quandoque</span> <span class='ocrx_word' id='word_1_176' title='bbox 934 2622 1252 2689; x_wconf 88' lang='lat' dir='ltr'>erumpunt</span> <span class='ocrx_word' id='word_1_177' title='bbox 1311 2618 1484 2684; x_wconf 87' lang='lat' dir='ltr'>foras,</span> <span class='ocrx_word' id='word_1_178' title='bbox 1520 2620 1576 2670; x_wconf 90' lang='lat' dir='ltr'>et</span> <span class='ocrx_word' id='word_1_179' title='bbox 1605 2616 1960 2688; x_wconf 89' lang='lat' dir='ltr'>despumant</span> 
     </span>
    </p>
   </div>
   <div class='ocr_carea' id='block_1_28' title="bbox 302 2705 1960 2780">
    <p class='ocr_par' dir='ltr' id='par_1_28' title="bbox 302 2705 1960 2780">
     <span class='ocr_line' id='line_1_28' title="bbox 302 2705 1960 2780; baseline -0.001 -18"><span class='ocrx_word' id='word_1_180' title='bbox 302 2709 357 2762; x_wconf 90' lang='lat' dir='ltr'>in</span> <span class='ocrx_word' id='word_1_181' title='bbox 389 2707 656 2780; x_wconf 91' lang='lat' dir='ltr'>corporis</span> <span class='ocrx_word' id='word_1_182' title='bbox 711 2706 1126 2778; x_wconf 86' lang='lat' dir='ltr'>voluptatibus.</span> <span class='ocrx_word' id='word_1_183' title='bbox 1189 2706 1409 2760; x_wconf 90' lang='lat' dir='ltr'>Idcirco</span> <span class='ocrx_word' id='word_1_184' title='bbox 1468 2705 1687 2777; x_wconf 89' lang='lat' dir='ltr'>scripta</span> <span class='ocrx_word' id='word_1_185' title='bbox 1739 2709 1828 2760; x_wconf 90' lang='lat' dir='ltr'>est</span> <span class='ocrx_word' id='word_1_186' title='bbox 1869 2705 1960 2760; x_wconf 85' lang='lat' dir='ltr'>lex</span> 
     </span>
    </p>
   </div>
   <div class='ocr_carea' id='block_1_29' title="bbox 300 2795 1958 2867">
    <p class='ocr_par' dir='ltr' id='par_1_29' title="bbox 300 2795 1958 2867">
     <span class='ocr_line' id='line_1_29' title="bbox 300 2795 1958 2867; baseline -0.002 -13"><span class='ocrx_word' id='word_1_187' title='bbox 300 2798 422 2863; x_wconf 90' lang='lat' dir='ltr'>Dei,</span> <span class='ocrx_word' id='word_1_188' title='bbox 453 2802 526 2852; x_wconf 92' lang='lat' dir='ltr'>ut</span> <span class='ocrx_word' id='word_1_189' title='bbox 552 2796 646 2853; x_wconf 84' lang='lat' dir='ltr'>lex</span> <span class='ocrx_word' id='word_1_190' title='bbox 674 2812 983 2867; x_wconf 85' lang='lat' dir='ltr'>corporum</span> <span class='ocrx_word' id='word_1_191' title='bbox 1015 2799 1071 2850; x_wconf 91' lang='lat' dir='ltr'>et</span> <span class='ocrx_word' id='word_1_192' title='bbox 1091 2795 1230 2866; x_wconf 90' lang='lat' dir='ltr'>jura</span> <span class='ocrx_word' id='word_1_193' title='bbox 1259 2795 1559 2850; x_wconf 88' lang='lat' dir='ltr'>solvantur</span> <span class='ocrx_word' id='word_1_194' title='bbox 1594 2812 1606 2849; x_wconf 91' lang='lat'><strong>:</strong></span> <span class='ocrx_word' id='word_1_195' title='bbox 1640 2799 1697 2850; x_wconf 91' lang='lat' dir='ltr'>et</span> <span class='ocrx_word' id='word_1_196' title='bbox 1753 2795 1958 2850; x_wconf 90' lang='lat' dir='ltr'>erube-</span> 
     </span>
    </p>
   </div>
   <div class='ocr_carea' id='block_1_30' title="bbox 302 2883 1958 2958">
    <p class='ocr_par' dir='ltr' id='par_1_30' title="bbox 302 2883 1958 2958">
     <span class='ocr_line' id='line_1_30' title="bbox 302 2883 1958 2958; baseline -0.004 -15"><span class='ocrx_word' id='word_1_197' title='bbox 302 2892 490 2953; x_wconf 85' lang='lat' dir='ltr'>scant,</span> <span class='ocrx_word' id='word_1_198' title='bbox 526 2887 625 2958; x_wconf 89' lang='lat' dir='ltr'>qui</span> <span class='ocrx_word' id='word_1_199' title='bbox 659 2886 718 2940; x_wconf 91' lang='lat' dir='ltr'>in</span> <span class='ocrx_word' id='word_1_200' title='bbox 759 2903 961 2941; x_wconf 90' lang='lat' dir='ltr'>eorum</span> <span class='ocrx_word' id='word_1_201' title='bbox 1021 2884 1263 2940; x_wconf 76' lang='lat'><strong>97-98</strong></span> <span class='ocrx_word' id='word_1_202' title='bbox 1324 2883 1630 2938; x_wconf 87' lang='lat' dir='ltr'>ambulant</span> <span class='ocrx_word' id='word_1_203' title='bbox 1683 2884 1958 2956; x_wconf 89' lang='lat' dir='ltr'>concupi-</span> 
     </span>
    </p>
   </div>
   <div class='ocr_carea' id='block_1_31' title="bbox 299 2971 1960 3045">
    <p class='ocr_par' dir='ltr' id='par_1_31' title="bbox 299 2971 1960 3045">
     <span class='ocr_line' id='line_1_31' title="bbox 299 2971 1960 3045; baseline -0.002 -14"><span class='ocrx_word' id='word_1_204' title='bbox 299 2976 580 3041; x_wconf 80' lang='lat' dir='ltr'>scentiis;</span> <span class='ocrx_word' id='word_1_205' title='bbox 616 2975 974 3045; x_wconf 85' lang='lat' dir='ltr'>tandemque</span> <span class='ocrx_word' id='word_1_206' title='bbox 1006 2974 1243 3030; x_wconf 88' lang='lat' dir='ltr'>redeant</span> <span class='ocrx_word' id='word_1_207' title='bbox 1274 2973 1346 3028; x_wconf 91' lang='lat' dir='ltr'>ad</span> <span class='ocrx_word' id='word_1_208' title='bbox 1407 2977 1605 3042; x_wconf 91' lang='lat' dir='ltr'>Deum,</span> <span class='ocrx_word' id='word_1_209' title='bbox 1639 2977 1696 3026; x_wconf 90' lang='lat' dir='ltr'>et</span> <span class='ocrx_word' id='word_1_210' title='bbox 1749 2971 1960 3044; x_wconf 84' lang='lat' dir='ltr'>spretis</span> 
     </span>
    </p>
   </div>
   <div class='ocr_carea' id='block_1_32' title="bbox 302 3061 1958 3138">
    <p class='ocr_par' dir='ltr' id='par_1_32' title="bbox 302 3061 1958 3138">
     <span class='ocr_line' id='line_1_32' title="bbox 302 3061 1958 3138; baseline -0.003 -18"><span class='ocrx_word' id='word_1_211' title='bbox 302 3063 750 3138; x_wconf 86' lang='lat' dir='ltr'>temporalibus,</span> <span class='ocrx_word' id='word_1_212' title='bbox 784 3069 1003 3119; x_wconf 69' lang='lat' dir='ltr'>aeterna</span> <span class='ocrx_word' id='word_1_213' title='bbox 1053 3062 1394 3135; x_wconf 89' lang='lat' dir='ltr'>perquirant</span> <span class='ocrx_word' id='word_1_214' title='bbox 1427 3078 1438 3116; x_wconf 92' lang='lat'>:</span> <span class='ocrx_word' id='word_1_215' title='bbox 1474 3061 1781 3133; x_wconf 74' lang='lat' dir='ltr'>przeparati</span> <span class='ocrx_word' id='word_1_216' title='bbox 1827 3079 1958 3117; x_wconf 90' lang='lat' dir='ltr'>san-</span> 
     </span>
    </p>
   </div>
   <div class='ocr_carea' id='block_1_33' title="bbox 303 3152 1958 3224">
    <p class='ocr_par' dir='ltr' id='par_1_33' title="bbox 303 3152 1958 3224">
     <span class='ocr_line' id='line_1_33' title="bbox 303 3152 1958 3224; baseline -0.002 -15"><span class='ocrx_word' id='word_1_217' title='bbox 303 3159 533 3209; x_wconf 85' lang='lat' dir='ltr'>ctorum</span> <span class='ocrx_word' id='word_1_218' title='bbox 589 3152 940 3220; x_wconf 68' lang='lat' dir='ltr'>haereditati,</span> <span class='ocrx_word' id='word_1_219' title='bbox 973 3152 1068 3224; x_wconf 89' lang='lat' dir='ltr'>qui</span> <span class='ocrx_word' id='word_1_220' title='bbox 1105 3155 1585 3222; x_wconf 88' lang='lat' dir='ltr'>contempserunt</span> <span class='ocrx_word' id='word_1_221' title='bbox 1615 3155 1958 3220; x_wconf 69' lang='lat' dir='ltr'>praesentem</span> 
     </span>
    </p>
   </div>
   <div class='ocr_carea' id='block_1_34' title="bbox 300 3239 1962 3314">
    <p class='ocr_par' dir='ltr' id='par_1_34' title="bbox 300 3239 1962 3314">
     <span class='ocr_line' id='line_1_34' title="bbox 300 3239 1962 3314; baseline -0.001 -18"><span class='ocrx_word' id='word_1_222' title='bbox 300 3244 479 3298; x_wconf 79' lang='lat' dir='ltr'>vitam</span> <span class='ocrx_word' id='word_1_223' title='bbox 515 3260 620 3314; x_wconf 93' lang='lat' dir='ltr'>pro</span> <span class='ocrx_word' id='word_1_224' title='bbox 647 3243 766 3298; x_wconf 86' lang='lat' dir='ltr'>vita</span> <span class='ocrx_word' id='word_1_225' title='bbox 791 3243 972 3296; x_wconf 89' lang='lat' dir='ltr'>futuri</span> <span class='ocrx_word' id='word_1_226' title='bbox 1004 3239 1201 3296; x_wconf 72' lang='lat' dir='ltr'>saeculi</span> <span class='ocrx_word' id='word_1_227' title='bbox 1229 3258 1241 3295; x_wconf 91' lang='lat'><strong>:</strong></span> <span class='ocrx_word' id='word_1_228' title='bbox 1276 3257 1379 3311; x_wconf 89' lang='lat' dir='ltr'>pro</span> <span class='ocrx_word' id='word_1_229' title='bbox 1403 3239 1625 3294; x_wconf 90' lang='lat' dir='ltr'>malitia</span> <span class='ocrx_word' id='word_1_230' title='bbox 1656 3243 1962 3310; x_wconf 88' lang='lat' dir='ltr'>sperantes</span> 
     </span>
    </p>
   </div>
   <div class='ocr_carea' id='block_1_35' title="bbox 303 3328 1960 3404">
    <p class='ocr_par' dir='ltr' id='par_1_35' title="bbox 303 3328 1960 3404">
     <span class='ocr_line' id='line_1_35' title="bbox 303 3328 1960 3404; baseline -0.002 -17"><span class='ocrx_word' id='word_1_231' title='bbox 303 3332 748 3404; x_wconf 85' lang='lat' dir='ltr'>benignitatem,</span> <span class='ocrx_word' id='word_1_232' title='bbox 786 3348 888 3403; x_wconf 91' lang='lat' dir='ltr'>pro</span> <span class='ocrx_word' id='word_1_233' title='bbox 921 3328 1177 3384; x_wconf 88' lang='lat' dir='ltr'>tumultu</span> <span class='ocrx_word' id='word_1_234' title='bbox 1212 3332 1386 3400; x_wconf 86' lang='lat' dir='ltr'>atque</span> <span class='ocrx_word' id='word_1_235' title='bbox 1418 3328 1728 3383; x_wconf 90' lang='lat' dir='ltr'>discordiis</span> <span class='ocrx_word' id='word_1_236' title='bbox 1759 3345 1960 3398; x_wconf 88' lang='lat' dir='ltr'>pacem</span> 
     </span>
    </p>
   </div>
   <div class='ocr_carea' id='block_1_36' title="bbox 302 3417 1960 3492">
    <p class='ocr_par' dir='ltr' id='par_1_36' title="bbox 302 3417 1960 3492">
     <span class='ocr_line' id='line_1_36' title="bbox 302 3417 1960 3492; baseline -0.002 -16"><span class='ocrx_word' id='word_1_237' title='bbox 302 3426 360 3476; x_wconf 88' lang='lat' dir='ltr'>et</span> <span class='ocrx_word' id='word_1_238' title='bbox 387 3421 783 3487; x_wconf 86' lang='lat' dir='ltr'>concordiam,</span> <span class='ocrx_word' id='word_1_239' title='bbox 815 3433 950 3492; x_wconf 78' lang='lat' dir='ltr'>pr0‘</span> <span class='ocrx_word' id='word_1_240' title='bbox 978 3417 1291 3490; x_wconf 89' lang='lat' dir='ltr'>adoptione</span> <span class='ocrx_word' id='word_1_241' title='bbox 1341 3418 1556 3481; x_wconf 88' lang='lat' dir='ltr'>carnis,</span> <span class='ocrx_word' id='word_1_242' title='bbox 1610 3417 1960 3473; x_wconf 86' lang='lat' dir='ltr'>famulatum</span> 
     </span>
    </p>
   </div>
   <div class='ocr_carea' id='block_1_37' title="bbox 308 3506 1959 3582">
    <p class='ocr_par' dir='ltr' id='par_1_37' title="bbox 308 3506 1959 3582">
     <span class='ocr_line' id='line_1_37' title="bbox 308 3506 1959 3582; baseline -0.001 -17"><span class='ocrx_word' id='word_1_243' title='bbox 308 3511 429 3565; x_wconf 85' lang='lat' dir='ltr'>Dei.</span> <span class='ocrx_word' id='word_1_244' title='bbox 461 3509 537 3565; x_wconf 84' lang='lat' dir='ltr'>Ut</span> <span class='ocrx_word' id='word_1_245' title='bbox 566 3527 633 3565; x_wconf 90' lang='lat' dir='ltr'>ea</span> <span class='ocrx_word' id='word_1_246' title='bbox 675 3513 958 3582; x_wconf 66' lang='lat' dir='ltr'>quaerant,</span> <span class='ocrx_word' id='word_1_247' title='bbox 993 3524 1118 3579; x_wconf 68' lang='lat' dir='ltr'>quae</span> <span class='ocrx_word' id='word_1_248' title='bbox 1151 3506 1381 3578; x_wconf 88' lang='lat' dir='ltr'>placent</span> <span class='ocrx_word' id='word_1_249' title='bbox 1438 3506 1597 3561; x_wconf 91' lang='lat' dir='ltr'>illius</span> <span class='ocrx_word' id='word_1_250' title='bbox 1656 3507 1959 3576; x_wconf 87' lang='lat' dir='ltr'>voluntati,</span> 
     </span>
    </p>
   </div>
   <div class='ocr_carea' id='block_1_38' title="bbox 307 3595 1958 3668">
    <p class='ocr_par' dir='ltr' id='par_1_38' title="bbox 307 3595 1958 3668">
     <span class='ocr_line' id='line_1_38' title="bbox 307 3595 1958 3668; baseline -0.001 -15"><span class='ocrx_word' id='word_1_251' title='bbox 307 3599 512 3653; x_wconf 82' lang='lat' dir='ltr'>carnis</span> <span class='ocrx_word' id='word_1_252' title='bbox 544 3598 825 3652; x_wconf 86' lang='lat' dir='ltr'>incentiva</span> <span class='ocrx_word' id='word_1_253' title='bbox 855 3601 1221 3668; x_wconf 86' lang='lat' dir='ltr'>superantes.</span> <span class='ocrx_word' id='word_1_254' title='bbox 1256 3595 1550 3666; x_wconf 90' lang='lat' dir='ltr'>Scriptum</span> <span class='ocrx_word' id='word_1_255' title='bbox 1608 3599 1696 3650; x_wconf 84' lang='lat' dir='ltr'>est</span> <span class='ocrx_word' id='word_1_256' title='bbox 1754 3595 1908 3650; x_wconf 90' lang='lat' dir='ltr'>enim</span> <span class='ocrx_word' id='word_1_257' title='bbox 1947 3615 1958 3652; x_wconf 93' lang='lat'>:</span> 
     </span>
    </p>
   </div>
   <div class='ocr_carea' id='block_1_39' title="bbox 306 3684 1964 3756">
    <p class='ocr_par' dir='ltr' id='par_1_39' title="bbox 306 3684 1964 3756">
     <span class='ocr_line' id='line_1_39' title="bbox 306 3684 1964 3756; baseline -0.001 -14"><span class='ocrx_word' id='word_1_258' title='bbox 306 3689 377 3742; x_wconf 88' lang='lat' dir='ltr'>Si</span> <span class='ocrx_word' id='word_1_259' title='bbox 404 3687 723 3742; x_wconf 66' lang='lat' dir='ltr'>dimiseritis</span> <span class='ocrx_word' id='word_1_260' title='bbox 753 3686 1064 3740; x_wconf 86' lang='lat' dir='ltr'>hominibus</span> <span class='ocrx_word' id='word_1_261' title='bbox 1109 3693 1328 3756; x_wconf 82' lang='lat' dir='ltr'>peccata</span> <span class='ocrx_word' id='word_1_262' title='bbox 1385 3699 1596 3750; x_wconf 78' lang='lat' dir='ltr'>eorum,</span> <span class='ocrx_word' id='word_1_263' title='bbox 1628 3684 1866 3740; x_wconf 74' lang='lat' dir='ltr'>dimittet</span> <span class='ocrx_word' id='word_1_264' title='bbox 1911 3690 1964 3741; x_wconf 83' lang='lat' dir='ltr'>et</span> 
     </span>
    </p>
   </div>
   <div class='ocr_carea' id='block_1_40' title="bbox 309 3773 1962 3846">
    <p class='ocr_par' dir='ltr' id='par_1_40' title="bbox 309 3773 1962 3846">
     <span class='ocr_line' id='line_1_40' title="bbox 309 3773 1962 3846; baseline 0.001 -15"><span class='ocrx_word' id='word_1_265' title='bbox 309 3777 461 3831; x_wconf 76' lang='lat' dir='ltr'>vobis</span> <span class='ocrx_word' id='word_1_266' title='bbox 516 3777 681 3830; x_wconf 85' lang='lat' dir='ltr'>Pater</span> <span class='ocrx_word' id='word_1_267' title='bbox 737 3779 925 3842; x_wconf 75' lang='lat' dir='ltr'>vester,</span> <span class='ocrx_word' id='word_1_268' title='bbox 962 3776 1056 3846; x_wconf 74' lang='lat' dir='ltr'>qui</span> <span class='ocrx_word' id='word_1_269' title='bbox 1112 3777 1171 3829; x_wconf 87' lang='lat' dir='ltr'>in</span> <span class='ocrx_word' id='word_1_270' title='bbox 1199 3775 1349 3828; x_wconf 67' lang='lat' dir='ltr'>ca’tis</span> <span class='ocrx_word' id='word_1_271' title='bbox 1407 3781 1502 3837; x_wconf 76' lang='lat' dir='ltr'>est,</span> <span class='ocrx_word' id='word_1_272' title='bbox 1539 3773 1737 3829; x_wconf 88' lang='lat' dir='ltr'>delicta</span> <span class='ocrx_word' id='word_1_273' title='bbox 1788 3784 1962 3832; x_wconf 77' lang='lat' dir='ltr'>vestra</span> 
     </span>
    </p>
   </div>
   <div class='ocr_carea' id='block_1_41' title="bbox 311 3865 1961 3937">
    <p class='ocr_par' dir='ltr' id='par_1_41' title="bbox 311 3865 1961 3937">
     <span class='ocr_line' id='line_1_41' title="bbox 311 3865 1961 3937; baseline 0.001 -18"><span class='ocrx_word' id='word_1_274' title='bbox 311 3865 524 3936; x_wconf 63' lang='lat' dir='ltr'>(Matth.</span> <span class='ocrx_word' id='word_1_275' title='bbox 551 3882 628 3933; x_wconf 77' lang='lat' dir='ltr'>vr,</span> <span class='ocrx_word' id='word_1_276' title='bbox 661 3866 771 3937; x_wconf 71' lang='grc'>42).</span> <span class='ocrx_word' id='word_1_277' title='bbox 805 3866 872 3920; x_wconf 87' lang='lat' dir='ltr'>Et</span> <span class='ocrx_word' id='word_1_278' title='bbox 903 3881 1138 3919; x_wconf 89' lang='lat' dir='ltr'>rursum</span> <span class='ocrx_word' id='word_1_279' title='bbox 1177 3879 1188 3917; x_wconf 94' lang='lat'><strong>:</strong></span> <span class='ocrx_word' id='word_1_280' title='bbox 1226 3865 1524 3918; x_wconf 80' lang='lat' dir='ltr'>Dimittunt</span> <span class='ocrx_word' id='word_1_281' title='bbox 1583 3865 1791 3934; x_wconf 85' lang='lat' dir='ltr'>singuli</span> <span class='ocrx_word' id='word_1_282' title='bbox 1845 3869 1961 3937; x_wconf 79' lang='lat' dir='ltr'>fra-</span> 
     </span>
    </p>
   </div>
   <div class='ocr_carea' id='block_1_42' title="bbox 307 3952 1960 4024">
    <p class='ocr_par' dir='ltr' id='par_1_42' title="bbox 307 3952 1960 4024">
     <span class='ocr_line' id='line_1_42' title="bbox 307 3952 1960 4024; baseline 0.001 -15"><span class='ocrx_word' id='word_1_283' title='bbox 307 3956 484 4010; x_wconf 73' lang='lat' dir='ltr'>tribus</span> <span class='ocrx_word' id='word_1_284' title='bbox 513 3971 587 4009; x_wconf 74' lang='lat' dir='ltr'>ex</span> <span class='ocrx_word' id='word_1_285' title='bbox 615 3954 774 4010; x_wconf 86' lang='lat' dir='ltr'>corde</span> <span class='ocrx_word' id='word_1_286' title='bbox 821 3968 936 4007; x_wconf 80' lang='lat' dir='ltr'>suo.</span> <span class='ocrx_word' id='word_1_287' title='bbox 971 3952 1036 4006; x_wconf 89' lang='lat' dir='ltr'>Et</span> <span class='ocrx_word' id='word_1_288' title='bbox 1096 3953 1306 4008; x_wconf 89' lang='lat' dir='ltr'>iterum</span> <span class='ocrx_word' id='word_1_289' title='bbox 1369 3953 1651 4020; x_wconf 79' lang='lat' dir='ltr'>Dimittite,</span> <span class='ocrx_word' id='word_1_290' title='bbox 1683 3958 1744 4024; x_wconf 21' lang='lat' dir='ltr'>et.</span> <span class='ocrx_word' id='word_1_291' title='bbox 1773 3954 1960 4011; x_wconf 84' lang='lat' dir='ltr'>dimit-</span> 
     </span>
    </p>
   </div>
   <div class='ocr_carea' id='block_1_43' title="bbox 302 4041 1961 4114">
    <p class='ocr_par' dir='ltr' id='par_1_43' title="bbox 302 4041 1961 4114">
     <span class='ocr_line' id='line_1_43' title="bbox 302 4041 1961 4114; baseline 0.001 -16"><span class='ocrx_word' id='word_1_292' title='bbox 302 4049 449 4099; x_wconf 81' lang='lat' dir='ltr'>tetur</span> <span class='ocrx_word' id='word_1_293' title='bbox 473 4044 622 4099; x_wconf 77' lang='lat' dir='ltr'>vobis</span> <span class='ocrx_word' id='word_1_294' title='bbox 654 4041 864 4114; x_wconf 75' lang='lat' dir='ltr'>(Matth.</span> <span class='ocrx_word' id='word_1_295' title='bbox 898 4059 1057 4108; x_wconf 83' lang='lat' dir='ltr'>xvm,</span> <span class='ocrx_word' id='word_1_296' title='bbox 1093 4043 1198 4111; x_wconf 80' lang='grc'><strong>14).</strong></span> <span class='ocrx_word' id='word_1_297' title='bbox 1234 4043 1300 4096; x_wconf 87' lang='lat' dir='ltr'>Et</span> <span class='ocrx_word' id='word_1_298' title='bbox 1349 4042 1560 4097; x_wconf 89' lang='lat' dir='ltr'>deinde</span> <span class='ocrx_word' id='word_1_299' title='bbox 1594 4060 1605 4097; x_wconf 94' lang='lat'>:</span> <span class='ocrx_word' id='word_1_300' title='bbox 1652 4045 1961 4114; x_wconf 78' lang='lat' dir='ltr'>Benefacite</span> 
     </span>
    </p>
   </div>
   <div class='ocr_carea' id='block_1_44' title="bbox 300 4131 1959 4205">
    <p class='ocr_par' dir='ltr' id='par_1_44' title="bbox 300 4131 1959 4205">
     <span class='ocr_line' id='line_1_44' title="bbox 300 4131 1959 4205; baseline 0.001 -18"><span class='ocrx_word' id='word_1_301' title='bbox 300 4134 386 4189; x_wconf 68' lang='lat' dir='ltr'>his</span> <span class='ocrx_word' id='word_1_302' title='bbox 416 4135 518 4205; x_wconf 86' lang='lat' dir='ltr'>qui</span> <span class='ocrx_word' id='word_1_303' title='bbox 546 4133 777 4189; x_wconf 83' lang='lat' dir='ltr'>oderunt</span> <span class='ocrx_word' id='word_1_304' title='bbox 811 4149 897 4186; x_wconf 76' lang='lat' dir='ltr'>vos</span> <span class='ocrx_word' id='word_1_305' title='bbox 926 4132 1076 4202; x_wconf 86' lang='lat' dir='ltr'>(Luc.</span> <span class='ocrx_word' id='word_1_306' title='bbox 1109 4149 1184 4197; x_wconf 72' lang='grc' dir='ltr'>νε,</span> <span class='ocrx_word' id='word_1_307' title='bbox 1217 4133 1328 4201; x_wconf 86' lang='lat'>27).</span> <span class='ocrx_word' id='word_1_308' title='bbox 1364 4132 1432 4186; x_wconf 91' lang='lat' dir='ltr'>Et</span> <span class='ocrx_word' id='word_1_309' title='bbox 1464 4131 1600 4187; x_wconf 89' lang='lat' dir='ltr'>alibi</span> <span class='ocrx_word' id='word_1_310' title='bbox 1638 4150 1650 4188; x_wconf 90' lang='lat'>:</span> <span class='ocrx_word' id='word_1_311' title='bbox 1708 4134 1785 4188; x_wconf 85' lang='lat' dir='ltr'>Ne</span> <span class='ocrx_word' id='word_1_312' title='bbox 1838 4137 1959 4189; x_wconf 75' lang='lat' dir='ltr'>vin-</span> 
     </span>
    </p>
   </div>
   <div class='ocr_carea' id='block_1_45' title="bbox 297 4220 1958 4292">
    <p class='ocr_par' dir='ltr' id='par_1_45' title="bbox 297 4220 1958 4292">
     <span class='ocr_line' id='line_1_45' title="bbox 297 4220 1958 4292; baseline 0 -15"><span class='ocrx_word' id='word_1_313' title='bbox 297 4225 446 4277; x_wconf 75' lang='lat' dir='ltr'>ceris</span> <span class='ocrx_word' id='word_1_314' title='bbox 479 4226 536 4276; x_wconf 88' lang='lat' dir='ltr'>in</span> <span class='ocrx_word' id='word_1_315' title='bbox 571 4223 717 4276; x_wconf 86' lang='lat' dir='ltr'>malo</span> <span class='ocrx_word' id='word_1_316' title='bbox 751 4239 768 4274; x_wconf 92' lang='lat'><strong><em>:</em></strong></span> <span class='ocrx_word' id='word_1_317' title='bbox 801 4220 890 4275; x_wconf 78' lang='lat' dir='ltr'>sed</span> <span class='ocrx_word' id='word_1_318' title='bbox 922 4221 1071 4275; x_wconf 75' lang='lat' dir='ltr'>vinco</span> <span class='ocrx_word' id='word_1_319' title='bbox 1105 4221 1163 4274; x_wconf 82' lang='lat' dir='ltr'>in</span> <span class='ocrx_word' id='word_1_320' title='bbox 1195 4221 1330 4275; x_wconf 81' lang='lat' dir='ltr'>bono</span> <span class='ocrx_word' id='word_1_321' title='bbox 1391 4221 1598 4275; x_wconf 87' lang='lat' dir='ltr'>malum</span> <span class='ocrx_word' id='word_1_322' title='bbox 1630 4222 1803 4292; x_wconf 81' lang='lat' dir='ltr'>(Rom.</span> <span class='ocrx_word' id='word_1_323' title='bbox 1858 4240 1958 4292; x_wconf 85' lang='lat' dir='ltr'>xu,</span> 
     </span>
    </p>
   </div>
   <div class='ocr_carea' id='block_1_46' title="bbox 293 4309 1958 4381">
    <p class='ocr_par' dir='ltr' id='par_1_46' title="bbox 293 4309 1958 4381">
     <span class='ocr_line' id='line_1_46' title="bbox 293 4309 1958 4381; baseline 0.002 -17"><span class='ocrx_word' id='word_1_324' title='bbox 293 4313 410 4381; x_wconf 80' lang='lat'>21).</span> <span class='ocrx_word' id='word_1_325' title='bbox 444 4311 516 4365; x_wconf 87' lang='lat' dir='ltr'>Et</span> <span class='ocrx_word' id='word_1_326' title='bbox 541 4309 685 4365; x_wconf 92' lang='lat' dir='ltr'>illud</span> <span class='ocrx_word' id='word_1_327' title='bbox 723 4326 735 4364; x_wconf 92' lang='lat'>:</span> <span class='ocrx_word' id='word_1_328' title='bbox 769 4309 845 4364; x_wconf 79' lang='lat' dir='ltr'>Ne</span> <span class='ocrx_word' id='word_1_329' title='bbox 871 4309 1039 4377; x_wconf 77' lang='lat' dir='ltr'>dicas,</span> <span class='ocrx_word' id='word_1_330' title='bbox 1077 4309 1302 4364; x_wconf 72' lang='lat' dir='ltr'>Vindice</span> <span class='ocrx_word' id='word_1_331' title='bbox 1339 4325 1423 4363; x_wconf 86' lang='lat' dir='ltr'>me</span> <span class='ocrx_word' id='word_1_332' title='bbox 1475 4309 1539 4364; x_wconf 82' lang='lat' dir='ltr'>de</span> <span class='ocrx_word' id='word_1_333' title='bbox 1569 4311 1796 4366; x_wconf 86' lang='lat' dir='ltr'>inimico</span> <span class='ocrx_word' id='word_1_334' title='bbox 1842 4328 1958 4368; x_wconf 89' lang='lat' dir='ltr'>meo</span> 
     </span>
    </p>
   </div>
   <div class='ocr_carea' id='block_1_47' title="bbox 291 4396 1956 4471">
    <p class='ocr_par' dir='ltr' id='par_1_47' title="bbox 291 4396 1956 4471">
     <span class='ocr_line' id='line_1_47' title="bbox 291 4396 1956 4471; baseline 0.001 -17"><span class='ocrx_word' id='word_1_335' title='bbox 291 4401 451 4465; x_wconf 80' lang='lat' dir='ltr'>(Luc.</span> <span class='ocrx_word' id='word_1_336' title='bbox 487 4415 653 4463; x_wconf 75' lang='lat' dir='ltr'>XVIII,</span> <span class='ocrx_word' id='word_1_337' title='bbox 683 4399 758 4468; x_wconf 89' lang='lat'>3).</span> <span class='ocrx_word' id='word_1_338' title='bbox 794 4398 858 4452; x_wconf 88' lang='lat' dir='ltr'>Et</span> <span class='ocrx_word' id='word_1_339' title='bbox 888 4396 1027 4452; x_wconf 88' lang='lat' dir='ltr'>alibi</span> <span class='ocrx_word' id='word_1_340' title='bbox 1064 4415 1075 4452; x_wconf 93' lang='lat'>:</span> <span class='ocrx_word' id='word_1_341' title='bbox 1110 4398 1224 4452; x_wconf 83' lang='lat' dir='ltr'>Non</span> <span class='ocrx_word' id='word_1_342' title='bbox 1266 4397 1553 4452; x_wconf 66' lang='lat' dir='ltr'>redde-lites</span> <span class='ocrx_word' id='word_1_343' title='bbox 1609 4401 1819 4455; x_wconf 84' lang='lat' dir='ltr'>malum</span> <span class='ocrx_word' id='word_1_344' title='bbox 1858 4417 1956 4471; x_wconf 85' lang='lat' dir='ltr'>pro</span> 
     </span>
    </p>
   </div>
   <div class='ocr_carea' id='block_1_48' title="bbox 293 4485 1957 4558">
    <p class='ocr_par' dir='ltr' id='par_1_48' title="bbox 293 4485 1957 4558">
     <span class='ocr_line' id='line_1_48' title="bbox 293 4485 1957 4558; baseline 0.001 -14"><span class='ocrx_word' id='word_1_345' title='bbox 293 4490 443 4544; x_wconf 82' lang='lat' dir='ltr'>malo</span> <span class='ocrx_word' id='word_1_346' title='bbox 478 4491 524 4556; x_wconf 90' lang='grc' dir='ltr'>(ι</span> <span class='ocrx_word' id='word_1_347' title='bbox 553 4489 672 4542; x_wconf 86' lang='lat' dir='ltr'>Pet.</span> <span class='ocrx_word' id='word_1_348' title='bbox 703 4504 786 4552; x_wconf 85' lang='lat' dir='ltr'>Ill,</span> <span class='ocrx_word' id='word_1_349' title='bbox 846 4488 920 4558; x_wconf 87' lang='lat'>9).</span> <span class='ocrx_word' id='word_1_350' title='bbox 986 4487 1054 4540; x_wconf 89' lang='lat' dir='ltr'>Et</span> <span class='ocrx_word' id='word_1_351' title='bbox 1083 4485 1298 4541; x_wconf 86' lang='lat' dir='ltr'>iterum</span> <span class='ocrx_word' id='word_1_352' title='bbox 1361 4503 1372 4540; x_wconf 91' lang='lat'>:</span> <span class='ocrx_word' id='word_1_353' title='bbox 1433 4487 1786 4544; x_wconf 82' lang='lat' dir='ltr'>Providentes</span> <span class='ocrx_word' id='word_1_354' title='bbox 1818 4491 1957 4546; x_wconf 85' lang='lat' dir='ltr'>bona</span> 
     </span>
    </p>
   </div>
   <div class='ocr_carea' id='block_1_49' title="bbox 292 4575 1966 4654">
    <p class='ocr_par' dir='ltr' id='par_1_49' title="bbox 292 4575 1966 4654">
     <span class='ocr_line' id='line_1_49' title="bbox 292 4575 1966 4654; baseline -0.001 -20"><span class='ocrx_word' id='word_1_355' title='bbox 292 4594 493 4634; x_wconf 81' lang='lat' dir='ltr'>coram</span> <span class='ocrx_word' id='word_1_356' title='bbox 523 4576 782 4634; x_wconf 82' lang='lat' dir='ltr'>omnibus</span> <span class='ocrx_word' id='word_1_357' title='bbox 837 4575 1155 4631; x_wconf 79' lang='lat' dir='ltr'>hominibus</span> <span class='ocrx_word' id='word_1_358' title='bbox 1187 4576 1362 4646; x_wconf 81' lang='lat' dir='ltr'>(Rom.</span> <span class='ocrx_word' id='word_1_359' title='bbox 1391 4593 1492 4641; x_wconf 76' lang='grc' dir='ltr'>χιι,</span> <span class='ocrx_word' id='word_1_360' title='bbox 1525 4577 1639 4647; x_wconf 80' lang='lat' dir='ltr'>l7.)</span> <span class='ocrx_word' id='word_1_361' title='bbox 1671 4578 1741 4631; x_wconf 86' lang='lat' dir='ltr'>Et</span> <span class='ocrx_word' id='word_1_362' title='bbox 1772 4578 1914 4634; x_wconf 88' lang='lat' dir='ltr'>illud</span> <span class='ocrx_word' id='word_1_363' title='bbox 1954 4616 1966 4654; x_wconf 65' lang='grc' dir='ltr'>ε</span> 
     </span>
    </p>
   </div>
   <div class='ocr_carea' id='block_1_50' title="bbox 293 4665 1965 4741">
    <p class='ocr_par' dir='ltr' id='par_1_50' title="bbox 293 4665 1965 4741">
     <span class='ocr_line' id='line_1_50' title="bbox 293 4665 1965 4741; baseline 0.001 -19"><span class='ocrx_word' id='word_1_364' title='bbox 293 4668 414 4722; x_wconf 69' lang='lat' dir='ltr'>Non</span> <span class='ocrx_word' id='word_1_365' title='bbox 464 4669 813 4738; x_wconf 72' lang='lat' dir='ltr'>vosmetipsos</span> <span class='ocrx_word' id='word_1_366' title='bbox 868 4667 1229 4732; x_wconf 79' lang='lat' dir='ltr'>vindicantes,</span> <span class='ocrx_word' id='word_1_367' title='bbox 1288 4665 1602 4721; x_wconf 77' lang='lat' dir='ltr'>c’mrissimi</span> <span class='ocrx_word' id='word_1_368' title='bbox 1633 4667 1790 4737; x_wconf 85' lang='lat' dir='ltr'>(Ibid.</span> <span class='ocrx_word' id='word_1_369' title='bbox 1852 4670 1965 4741; x_wconf 76' lang='lat' dir='ltr'>l9.)</span> 
     </span>
    </p>
   </div>
   <div class='ocr_carea' id='block_1_51' title="bbox 291 4753 1962 4827">
    <p class='ocr_par' dir='ltr' id='par_1_51' title="bbox 291 4753 1962 4827">
     <span class='ocr_line' id='line_1_51' title="bbox 291 4753 1962 4827; baseline 0.001 -15"><span class='ocrx_word' id='word_1_370' title='bbox 291 4756 413 4812; x_wconf 72' lang='lat' dir='ltr'>Nec</span> <span class='ocrx_word' id='word_1_371' title='bbox 449 4773 568 4811; x_wconf 91' lang='lat' dir='ltr'>non</span> <span class='ocrx_word' id='word_1_372' title='bbox 601 4761 658 4810; x_wconf 87' lang='lat' dir='ltr'>et</span> <span class='ocrx_word' id='word_1_373' title='bbox 689 4753 829 4809; x_wconf 88' lang='lat' dir='ltr'>alibi</span> <span class='ocrx_word' id='word_1_374' title='bbox 863 4773 875 4809; x_wconf 95' lang='lat'>:</span> <span class='ocrx_word' id='word_1_375' title='bbox 905 4756 1088 4808; x_wconf 77' lang='lat' dir='ltr'>Estote</span> <span class='ocrx_word' id='word_1_376' title='bbox 1121 4755 1358 4808; x_wconf 77' lang='lat' dir='ltr'>invicem</span> <span class='ocrx_word' id='word_1_377' title='bbox 1390 4754 1632 4823; x_wconf 78' lang='lat' dir='ltr'>benigni,</span> <span class='ocrx_word' id='word_1_378' title='bbox 1683 4763 1962 4827; x_wconf 75' lang='lat' dir='ltr'>aperantes</span> 
     </span>
    </p>
   </div>
   <div class='ocr_carea' id='block_1_52' title="bbox 294 4844 1962 4915">
    <p class='ocr_par' dir='ltr' id='par_1_52' title="bbox 294 4844 1962 4915">
     <span class='ocr_line' id='line_1_52' title="bbox 294 4844 1962 4915; baseline 0.002 -16"><span class='ocrx_word' id='word_1_379' title='bbox 294 4846 504 4899; x_wconf 80' lang='lat' dir='ltr'>bonum</span> <span class='ocrx_word' id='word_1_380' title='bbox 535 4844 606 4899; x_wconf 84' lang='lat' dir='ltr'>ad</span> <span class='ocrx_word' id='word_1_381' title='bbox 635 4860 820 4899; x_wconf 76' lang='lat' dir='ltr'>omnes</span> <span class='ocrx_word' id='word_1_382' title='bbox 851 4844 1053 4915; x_wconf 84' lang='lat' dir='ltr'>(Galat.</span> <span class='ocrx_word' id='word_1_383' title='bbox 1091 4860 1170 4915; x_wconf 81' lang='lat' dir='ltr'>v1,</span> <span class='ocrx_word' id='word_1_384' title='bbox 1207 4845 1316 4915; x_wconf 88' lang='grc'>10).</span> <span class='ocrx_word' id='word_1_385' title='bbox 1343 4845 1413 4898; x_wconf 84' lang='lat' dir='ltr'>Et</span> <span class='ocrx_word' id='word_1_386' title='bbox 1441 4844 1654 4899; x_wconf 89' lang='lat' dir='ltr'>iterum</span> <span class='ocrx_word' id='word_1_387' title='bbox 1694 4863 1706 4900; x_wconf 89' lang='lat'><strong>:</strong></span> <span class='ocrx_word' id='word_1_388' title='bbox 1745 4847 1962 4915; x_wconf 79' lang='lat' dir='ltr'>Diligite</span> 
     </span>
    </p>
   </div>
   <div class='ocr_carea' id='block_1_53' title="bbox 293 4934 1958 5004">
    <p class='ocr_par' dir='ltr' id='par_1_53' title="bbox 293 4934 1958 5004">
     <span class='ocr_line' id='line_1_53' title="bbox 293 4934 1958 5004; baseline 0.002 -17"><span class='ocrx_word' id='word_1_389' title='bbox 293 4935 558 4990; x_wconf 75' lang='lat' dir='ltr'>inimicos</span> <span class='ocrx_word' id='word_1_390' title='bbox 591 4942 832 4989; x_wconf 74' lang='lat' dir='ltr'>vestros:</span> <span class='ocrx_word' id='word_1_391' title='bbox 870 4934 1168 5004; x_wconf 84' lang='lat' dir='ltr'>benefacite</span> <span class='ocrx_word' id='word_1_392' title='bbox 1223 4934 1306 4988; x_wconf 79' lang='lat' dir='ltr'>his</span> <span class='ocrx_word' id='word_1_393' title='bbox 1365 4935 1461 5003; x_wconf 88' lang='lat' dir='ltr'>qui</span> <span class='ocrx_word' id='word_1_394' title='bbox 1510 4935 1749 4989; x_wconf 83' lang='lat' dir='ltr'>oderunt</span> <span class='ocrx_word' id='word_1_395' title='bbox 1802 4952 1891 4991; x_wconf 74' lang='lat' dir='ltr'>vos</span> <span class='ocrx_word' id='word_1_396' title='bbox 1937 4955 1958 4990; x_wconf 89' lang='grc'>.·</span> 
     </span>
    </p>
   </div>
   <div class='ocr_carea' id='block_1_54' title="bbox 293 5022 1954 5096">
    <p class='ocr_par' dir='ltr' id='par_1_54' title="bbox 293 5022 1954 5096">
     <span class='ocr_line' id='line_1_54' title="bbox 293 5022 1954 5096; baseline 0.002 -20"><span class='ocrx_word' id='word_1_397' title='bbox 293 5028 461 5078; x_wconf 83' lang='lat' dir='ltr'>orate</span> <span class='ocrx_word' id='word_1_398' title='bbox 480 5039 584 5090; x_wconf 89' lang='lat' dir='ltr'>pro</span> <span class='ocrx_word' id='word_1_399' title='bbox 632 5023 738 5088; x_wconf 75' lang='lat' dir='ltr'>his,</span> <span class='ocrx_word' id='word_1_400' title='bbox 775 5023 872 5092; x_wconf 88' lang='lat' dir='ltr'>qui</span> <span class='ocrx_word' id='word_1_401' title='bbox 904 5037 992 5076; x_wconf 78' lang='lat' dir='ltr'>vos</span> <span class='ocrx_word' id='word_1_402' title='bbox 1043 5024 1450 5094; x_wconf 80' lang='lat' dir='ltr'>persequuntur</span> <span class='ocrx_word' id='word_1_403' title='bbox 1502 5022 1651 5092; x_wconf 81' lang='lat' dir='ltr'>(Luc.</span> <span class='ocrx_word' id='word_1_404' title='bbox 1711 5041 1785 5090; x_wconf 82' lang='lat' dir='ltr'>\‘I,</span> <span class='ocrx_word' id='word_1_405' title='bbox 1844 5025 1954 5096; x_wconf 87' lang='lat'>27).</span> 
     </span>
    </p>
   </div>
   <div class='ocr_carea' id='block_1_55' title="bbox 292 5111 1957 5183">
    <p class='ocr_par' dir='ltr' id='par_1_55' title="bbox 292 5111 1957 5183">
     <span class='ocr_line' id='line_1_55' title="bbox 292 5111 1957 5183; baseline 0.001 -15"><span class='ocrx_word' id='word_1_406' title='bbox 292 5112 748 5168; x_wconf 80' lang='lat' dir='ltr'>Considerimus</span> <span class='ocrx_word' id='word_1_407' title='bbox 806 5127 966 5182; x_wconf 88' lang='lat' dir='ltr'>ergo,</span> <span class='ocrx_word' id='word_1_408' title='bbox 1026 5111 1234 5166; x_wconf 82' lang='lat' dir='ltr'>fratres</span> <span class='ocrx_word' id='word_1_409' title='bbox 1304 5111 1659 5179; x_wconf 88' lang='lat' dir='ltr'>charissimi,</span> <span class='ocrx_word' id='word_1_410' title='bbox 1720 5115 1957 5183; x_wconf 88' lang='lat' dir='ltr'>quantis</span> 
     </span>
    </p>
   </div>
   <div class='ocr_carea' id='block_1_56' title="bbox 289 5198 1957 5273">
    <p class='ocr_par' dir='ltr' id='par_1_56' title="bbox 289 5198 1957 5273">
     <span class='ocr_line' id='line_1_56' title="bbox 289 5198 1957 5273; baseline 0.001 -18"><span class='ocrx_word' id='word_1_411' title='bbox 289 5201 659 5258; x_wconf 83' lang='lat' dir='ltr'>testimoniis</span> <span class='ocrx_word' id='word_1_412' title='bbox 690 5201 866 5256; x_wconf 90' lang='lat' dir='ltr'>homo</span> <span class='ocrx_word' id='word_1_413' title='bbox 897 5199 1085 5256; x_wconf 82' lang='lat' dir='ltr'>ﬁdelis</span> <span class='ocrx_word' id='word_1_414' title='bbox 1117 5198 1487 5255; x_wconf 87' lang='lat' dir='ltr'>concluditur</span> <span class='ocrx_word' id='word_1_415' title='bbox 1518 5217 1549 5254; x_wconf 91' lang='lat' dir='ltr'>a</span> <span class='ocrx_word' id='word_1_416' title='bbox 1581 5200 1696 5255; x_wconf 91' lang='lat' dir='ltr'>Deo</span> <span class='ocrx_word' id='word_1_417' title='bbox 1728 5217 1799 5255; x_wconf 91' lang='lat' dir='ltr'>ne</span> <span class='ocrx_word' id='word_1_418' title='bbox 1831 5218 1957 5273; x_wconf 90' lang='lat' dir='ltr'>pec-</span> 
     </span>
    </p>
   </div>
   <div class='ocr_carea' id='block_1_57' title="bbox 290 5287 1955 5360">
    <p class='ocr_par' dir='ltr' id='par_1_57' title="bbox 290 5287 1955 5360">
     <span class='ocr_line' id='line_1_57' title="bbox 290 5287 1955 5360; baseline 0.001 -16"><span class='ocrx_word' id='word_1_419' title='bbox 290 5295 382 5345; x_wconf 85' lang='lat' dir='ltr'>cet</span> <span class='ocrx_word' id='word_1_420' title='bbox 419 5308 434 5344; x_wconf 95' lang='lat'>:</span> <span class='ocrx_word' id='word_1_421' title='bbox 471 5289 520 5344; x_wconf 83' lang='lat' dir='ltr'>si</span> <span class='ocrx_word' id='word_1_422' title='bbox 554 5295 750 5345; x_wconf 84' lang='lat' dir='ltr'>tamen</span> <span class='ocrx_word' id='word_1_423' title='bbox 781 5289 1028 5346; x_wconf 85' lang='lat' dir='ltr'>voluerit</span> <span class='ocrx_word' id='word_1_424' title='bbox 1058 5289 1262 5344; x_wconf 88' lang='lat' dir='ltr'>audire</span> <span class='ocrx_word' id='word_1_425' title='bbox 1293 5287 1479 5360; x_wconf 88' lang='lat' dir='ltr'>legem</span> <span class='ocrx_word' id='word_1_426' title='bbox 1512 5289 1658 5359; x_wconf 88' lang='lat' dir='ltr'>ejus,</span> <span class='ocrx_word' id='word_1_427' title='bbox 1707 5294 1763 5344; x_wconf 90' lang='lat' dir='ltr'>et</span> <span class='ocrx_word' id='word_1_428' title='bbox 1792 5290 1955 5346; x_wconf 87' lang='lat' dir='ltr'>incli-</span> 
     </span>
    </p>
   </div>
   <div class='ocr_carea' id='block_1_58' title="bbox 291 5376 1954 5451">
    <p class='ocr_par' dir='ltr' id='par_1_58' title="bbox 291 5376 1954 5451">
     <span class='ocr_line' id='line_1_58' title="bbox 291 5376 1954 5451; baseline -0.001 -16"><span class='ocrx_word' id='word_1_429' title='bbox 291 5397 439 5435; x_wconf 83' lang='lat' dir='ltr'>nare</span> <span class='ocrx_word' id='word_1_430' title='bbox 474 5395 679 5436; x_wconf 84' lang='lat' dir='ltr'>aurem</span> <span class='ocrx_word' id='word_1_431' title='bbox 710 5396 878 5435; x_wconf 88' lang='lat' dir='ltr'>suam</span> <span class='ocrx_word' id='word_1_432' title='bbox 911 5377 1214 5451; x_wconf 69' lang='lat' dir='ltr'>praaceptis</span> <span class='ocrx_word' id='word_1_433' title='bbox 1246 5376 1405 5432; x_wconf 89' lang='lat' dir='ltr'>illius</span> <span class='ocrx_word' id='word_1_434' title='bbox 1434 5395 1446 5432; x_wconf 91' lang='lat'>:</span> <span class='ocrx_word' id='word_1_435' title='bbox 1483 5377 1706 5449; x_wconf 86' lang='lat' dir='ltr'>aperire</span> <span class='ocrx_word' id='word_1_436' title='bbox 1737 5378 1954 5448; x_wconf 93' lang='lat' dir='ltr'>oculos,</span> 
     </span>
    </p>
   </div>
   <div class='ocr_carea' id='block_1_59' title="bbox 288 5466 1953 5543">
    <p class='ocr_par' dir='ltr' id='par_1_59' title="bbox 288 5466 1953 5543">
     <span class='ocr_line' id='line_1_59' title="bbox 288 5466 1953 5543; baseline -0.002 -17"><span class='ocrx_word' id='word_1_437' title='bbox 288 5471 552 5543; x_wconf 82' lang='lat' dir='ltr'>dirigere</span> <span class='ocrx_word' id='word_1_438' title='bbox 584 5486 704 5535; x_wconf 89' lang='lat' dir='ltr'>cor,</span> <span class='ocrx_word' id='word_1_439' title='bbox 736 5473 797 5524; x_wconf 90' lang='lat' dir='ltr'>ut</span> <span class='ocrx_word' id='word_1_440' title='bbox 827 5469 1014 5541; x_wconf 91' lang='lat' dir='ltr'>possit</span> <span class='ocrx_word' id='word_1_441' title='bbox 1041 5466 1283 5540; x_wconf 89' lang='lat' dir='ltr'>implere</span> <span class='ocrx_word' id='word_1_442' title='bbox 1315 5467 1469 5539; x_wconf 85' lang='lat' dir='ltr'>quod</span> <span class='ocrx_word' id='word_1_443' title='bbox 1502 5467 1735 5522; x_wconf 88' lang='lat' dir='ltr'>dicitur.</span> <span class='ocrx_word' id='word_1_444' title='bbox 1788 5468 1953 5524; x_wconf 91' lang='lat' dir='ltr'>Multi</span> 
     </span>
    </p>
   </div>
   <div class='ocr_carea' id='block_1_60' title="bbox 287 5555 1955 5639">
    <p class='ocr_par' dir='ltr' id='par_1_60' title="bbox 287 5555 1955 5639">
     <span class='ocr_line' id='line_1_60' title="bbox 287 5555 1955 5639; baseline 0 -19"><span class='ocrx_word' id='word_1_445' title='bbox 287 5561 456 5628; x_wconf 76' lang='lat' dir='ltr'>enim</span> <span class='ocrx_word' id='word_1_446' title='bbox 484 5563 628 5620; x_wconf 86' lang='lat' dir='ltr'>sunt</span> <span class='ocrx_word' id='word_1_447' title='bbox 658 5557 760 5639; x_wconf 87' lang='lat' dir='ltr'>qui</span> <span class='ocrx_word' id='word_1_448' title='bbox 789 5557 1125 5618; x_wconf 84' lang='lat' dir='ltr'>desiderant</span> <span class='ocrx_word' id='word_1_449' title='bbox 1182 5555 1418 5632; x_wconf 86' lang='lat' dir='ltr'>quidem</span> <span class='ocrx_word' id='word_1_450' title='bbox 1448 5556 1622 5631; x_wconf 84' lang='lat' dir='ltr'>bona,</span> <span class='ocrx_word' id='word_1_451' title='bbox 1681 5561 1738 5618; x_wconf 85' lang='lat' dir='ltr'>et</span> <span class='ocrx_word' id='word_1_452' title='bbox 1771 5557 1955 5621; x_wconf 85' lang='lat' dir='ltr'>Deum</span> 
     </span>
    </p>
   </div>
   <div class='ocr_carea' id='block_1_61' title="bbox 1090 251 2894 322">
    <p class='ocr_par' dir='ltr' id='par_1_61' title="bbox 1090 251 2894 322">
     <span class='ocr_line' id='line_1_61' title="bbox 1090 251 2894 322; baseline -0.003 -1"><span class='ocrx_word' id='word_1_453' title='bbox 1090 252 1728 321; x_wconf 74' lang='lat' dir='ltr'>INTERPHETATIO</span> <span class='ocrx_word' id='word_1_454' title='bbox 1772 251 2332 321; x_wconf 74' lang='lat' dir='ltr'>EPISTOLARUM</span> <span class='ocrx_word' id='word_1_455' title='bbox 2380 256 2444 318; x_wconf 91' lang='lat' dir='ltr'>S.</span> <span class='ocrx_word' id='word_1_456' title='bbox 2491 253 2894 322; x_wconf 83' lang='lat' dir='ltr'>PACHOMII.</span> 
     </span>
    </p>
   </div>
   <div class='ocr_carea' id='block_1_62' title="bbox 1758 387 3695 461">
    <p class='ocr_par' dir='ltr' id='par_1_62' title="bbox 1758 387 3695 461">
     <span class='ocr_line' id='line_1_62' title="bbox 1758 387 3695 461; baseline -0.002 -15"><span class='ocrx_word' id='word_1_457' title='bbox 1758 396 1813 446; x_wconf 90' lang='lat' dir='ltr'>et</span> <span class='ocrx_word' id='word_1_458' title='bbox 1842 408 1935 447; x_wconf 82' lang='lat' dir='ltr'>ex-</span> <span class='ocrx_word' id='word_1_459' title='bbox 1970 396 2021 461; x_wconf 73' lang='grc' dir='ltr'><strong>Α</strong></span> <span class='ocrx_word' id='word_1_460' title='bbox 2052 394 2322 461; x_wconf 68' lang='lat' dir='ltr'>quaerunt</span> <span class='ocrx_word' id='word_1_461' title='bbox 2379 405 2512 443; x_wconf 91' lang='lat' dir='ltr'>cum</span> <span class='ocrx_word' id='word_1_462' title='bbox 2545 389 2840 461; x_wconf 82' lang='lat' dir='ltr'>lacrymis,</span> <span class='ocrx_word' id='word_1_463' title='bbox 2871 393 2927 443; x_wconf 91' lang='lat' dir='ltr'>et</span> <span class='ocrx_word' id='word_1_464' title='bbox 2957 387 3165 442; x_wconf 88' lang='lat' dir='ltr'>diebus</span> <span class='ocrx_word' id='word_1_465' title='bbox 3195 403 3260 442; x_wconf 90' lang='lat' dir='ltr'>ac</span> <span class='ocrx_word' id='word_1_466' title='bbox 3293 387 3560 443; x_wconf 88' lang='lat' dir='ltr'>noctibus</span> <span class='ocrx_word' id='word_1_467' title='bbox 3609 389 3695 444; x_wconf 84' lang='lat' dir='ltr'>in-</span> 
     </span>
    </p>
   </div>
   <div class='ocr_carea' id='block_1_63' title="bbox 3582 251 3700 318">
    <p class='ocr_par' dir='ltr' id='par_1_63' title="bbox 3582 251 3700 318">
     <span class='ocr_line' id='line_1_63' title="bbox 3582 251 3700 318; baseline 0.017 -2"><span class='ocrx_word' id='word_1_468' title='bbox 3582 251 3700 318; x_wconf 74' lang='lat' dir='ltr'>l02</span> 
     </span>
    </p>
   </div>
   <div class='ocr_carea' id='block_1_64' title="bbox 2049 475 3699 549">
    <p class='ocr_par' dir='ltr' id='par_1_64' title="bbox 2049 475 3699 549">
     <span class='ocr_line' id='line_1_64' title="bbox 2049 475 3699 549; baseline 0 -16"><span class='ocrx_word' id='word_1_469' title='bbox 2049 477 2418 549; x_wconf 88' lang='lat' dir='ltr'>gemiscunt:</span> <span class='ocrx_word' id='word_1_470' title='bbox 2453 478 2553 533; x_wconf 88' lang='lat' dir='ltr'>sed</span> <span class='ocrx_word' id='word_1_471' title='bbox 2587 478 2809 549; x_wconf 81' lang='lat' dir='ltr'>decepti</span> <span class='ocrx_word' id='word_1_472' title='bbox 2843 475 3144 532; x_wconf 90' lang='lat' dir='ltr'>oculorum</span> <span class='ocrx_word' id='word_1_473' title='bbox 3185 475 3699 548; x_wconf 87' lang='lat' dir='ltr'>concupiscentiis,</span> 
     </span>
    </p>
   </div>
   <div class='ocr_carea' id='block_1_65' title="bbox 2049 565 3697 637">
    <p class='ocr_par' dir='ltr' id='par_1_65' title="bbox 2049 565 3697 637">
     <span class='ocr_line' id='line_1_65' title="bbox 2049 565 3697 637; baseline 0 -15"><span class='ocrx_word' id='word_1_474' title='bbox 2049 572 2106 622; x_wconf 90' lang='lat' dir='ltr'>et</span> <span class='ocrx_word' id='word_1_475' title='bbox 2142 567 2335 622; x_wconf 87' lang='lat' dir='ltr'>carnis</span> <span class='ocrx_word' id='word_1_476' title='bbox 2394 567 2830 622; x_wconf 83' lang='lat' dir='ltr'>titillationibus</span> <span class='ocrx_word' id='word_1_477' title='bbox 2878 565 3156 637; x_wconf 88' lang='lat' dir='ltr'>superati,</span> <span class='ocrx_word' id='word_1_478' title='bbox 3218 565 3587 620; x_wconf 89' lang='lat' dir='ltr'>dormierunt</span> <span class='ocrx_word' id='word_1_479' title='bbox 3637 567 3697 622; x_wconf 87' lang='lat' dir='ltr'>in</span> 
     </span>
    </p>
   </div>
   <div class='ocr_carea' id='block_1_66' title="bbox 2049 655 3695 728">
    <p class='ocr_par' dir='ltr' id='par_1_66' title="bbox 2049 655 3695 728">
     <span class='ocr_line' id='line_1_66' title="bbox 2049 655 3695 728; baseline 0 -18"><span class='ocrx_word' id='word_1_480' title='bbox 2049 655 2271 728; x_wconf 87' lang='lat' dir='ltr'>gemitu</span> <span class='ocrx_word' id='word_1_481' title='bbox 2304 660 2359 711; x_wconf 89' lang='lat' dir='ltr'>et</span> <span class='ocrx_word' id='word_1_482' title='bbox 2391 655 2590 711; x_wconf 91' lang='lat' dir='ltr'>dolore</span> <span class='ocrx_word' id='word_1_483' title='bbox 2620 655 2832 720; x_wconf 89' lang='lat' dir='ltr'>cordis,</span> <span class='ocrx_word' id='word_1_484' title='bbox 2867 655 3020 726; x_wconf 91' lang='lat' dir='ltr'>quod</span> <span class='ocrx_word' id='word_1_485' title='bbox 3078 670 3190 708; x_wconf 92' lang='lat' dir='ltr'>non</span> <span class='ocrx_word' id='word_1_486' title='bbox 3246 658 3561 725; x_wconf 88' lang='lat' dir='ltr'>potuerunt</span> <span class='ocrx_word' id='word_1_487' title='bbox 3592 655 3695 710; x_wconf 90' lang='lat' dir='ltr'>do-</span> 
     </span>
    </p>
   </div>
   <div class='ocr_carea' id='block_1_67' title="bbox 2052 742 3699 814">
    <p class='ocr_par' dir='ltr' id='par_1_67' title="bbox 2052 742 3699 814">
     <span class='ocr_line' id='line_1_67' title="bbox 2052 742 3699 814; baseline -0.001 -15"><span class='ocrx_word' id='word_1_488' title='bbox 2052 744 2262 799; x_wconf 89' lang='lat' dir='ltr'>minari</span> <span class='ocrx_word' id='word_1_489' title='bbox 2298 745 2452 799; x_wconf 86' lang='lat' dir='ltr'>carni</span> <span class='ocrx_word' id='word_1_490' title='bbox 2485 762 2625 811; x_wconf 63' lang='lat' dir='ltr'>sum,</span> <span class='ocrx_word' id='word_1_491' title='bbox 2655 749 2710 800; x_wconf 86' lang='lat' dir='ltr'>et</span> <span class='ocrx_word' id='word_1_492' title='bbox 2744 743 3118 799; x_wconf 77' lang='lat' dir='ltr'>zestuantium</span> <span class='ocrx_word' id='word_1_493' title='bbox 3153 742 3570 814; x_wconf 73' lang='lat' dir='ltr'>cogitationum</span> <span class='ocrx_word' id='word_1_494' title='bbox 3607 745 3699 798; x_wconf 90' lang='lat' dir='ltr'>in-</span> 
     </span>
    </p>
   </div>
   <div class='ocr_carea' id='block_1_68' title="bbox 2051 831 3706 904">
    <p class='ocr_par' dir='ltr' id='par_1_68' title="bbox 2051 831 3706 904">
     <span class='ocr_line' id='line_1_68' title="bbox 2051 831 3706 904; baseline -0.001 -16"><span class='ocrx_word' id='word_1_495' title='bbox 2051 832 2273 888; x_wconf 88' lang='lat' dir='ltr'>centiva</span> <span class='ocrx_word' id='word_1_496' title='bbox 2305 833 2720 904; x_wconf 90' lang='lat' dir='ltr'>comprimere;</span> <span class='ocrx_word' id='word_1_497' title='bbox 2755 849 2858 904; x_wconf 89' lang='lat' dir='ltr'>pro</span> <span class='ocrx_word' id='word_1_498' title='bbox 2883 831 3066 886; x_wconf 84' lang='lat' dir='ltr'>ﬁrmis</span> <span class='ocrx_word' id='word_1_499' title='bbox 3097 834 3152 886; x_wconf 91' lang='lat' dir='ltr'>et</span> <span class='ocrx_word' id='word_1_500' title='bbox 3177 831 3474 903; x_wconf 89' lang='lat' dir='ltr'>perpetuis</span> <span class='ocrx_word' id='word_1_501' title='bbox 3506 831 3706 887; x_wconf 89' lang='lat' dir='ltr'>inania</span> 
     </span>
    </p>
   </div>
   <div class='ocr_carea' id='block_1_69' title="bbox 2052 920 3704 993">
    <p class='ocr_par' dir='ltr' id='par_1_69' title="bbox 2052 920 3704 993">
     <span class='ocr_line' id='line_1_69' title="bbox 2052 920 3704 993; baseline 0 -17"><span class='ocrx_word' id='word_1_502' title='bbox 2052 922 2364 993; x_wconf 90' lang='lat' dir='ltr'>breviaque</span> <span class='ocrx_word' id='word_1_503' title='bbox 2395 926 2704 977; x_wconf 87' lang='lat' dir='ltr'>sectantes.</span> <span class='ocrx_word' id='word_1_504' title='bbox 2731 921 2837 986; x_wconf 89' lang='lat' dir='ltr'>Qui</span> <span class='ocrx_word' id='word_1_505' title='bbox 2859 921 3195 976; x_wconf 86' lang='lat' dir='ltr'>desiderant</span> <span class='ocrx_word' id='word_1_506' title='bbox 3217 920 3425 992; x_wconf 91' lang='lat' dir='ltr'>legem,</span> <span class='ocrx_word' id='word_1_507' title='bbox 3447 924 3504 976; x_wconf 81' lang='lat' dir='ltr'>et.</span> <span class='ocrx_word' id='word_1_508' title='bbox 3532 937 3704 992; x_wconf 91' lang='lat' dir='ltr'>opere</span> 
     </span>
    </p>
   </div>
   <div class='ocr_carea' id='block_1_70' title="bbox 2051 1009 3705 1078">
    <p class='ocr_par' dir='ltr' id='par_1_70' title="bbox 2051 1009 3705 1078">
     <span class='ocr_line' id='line_1_70' title="bbox 2051 1009 3705 1078; baseline -0.001 -12"><span class='ocrx_word' id='word_1_509' title='bbox 2051 1010 2152 1067; x_wconf 90' lang='lat' dir='ltr'>Dei</span> <span class='ocrx_word' id='word_1_510' title='bbox 2178 1011 2492 1066; x_wconf 90' lang='lat' dir='ltr'>destruunt</span> <span class='ocrx_word' id='word_1_511' title='bbox 2521 1010 2879 1065; x_wconf 89' lang='lat' dir='ltr'>voluntatem</span> <span class='ocrx_word' id='word_1_512' title='bbox 2902 1028 2914 1077; x_wconf 92' lang='lat'><strong>;</strong></span> <span class='ocrx_word' id='word_1_513' title='bbox 2938 1026 3073 1064; x_wconf 84' lang='lat' dir='ltr'>vera</span> <span class='ocrx_word' id='word_1_514' title='bbox 3093 1009 3446 1078; x_wconf 88' lang='lat' dir='ltr'>judicant,et</span> <span class='ocrx_word' id='word_1_515' title='bbox 3468 1011 3705 1065; x_wconf 89' lang='lat' dir='ltr'>vincun-</span> 
     </span>
    </p>
   </div>
   <div class='ocr_carea' id='block_1_71' title="bbox 2052 1098 3702 1171">
    <p class='ocr_par' dir='ltr' id='par_1_71' title="bbox 2052 1098 3702 1171">
     <span class='ocr_line' id='line_1_71' title="bbox 2052 1098 3702 1171; baseline -0.001 -16"><span class='ocrx_word' id='word_1_516' title='bbox 2052 1106 2149 1155; x_wconf 91' lang='lat' dir='ltr'>tur</span> <span class='ocrx_word' id='word_1_517' title='bbox 2205 1100 2548 1155; x_wconf 88' lang='lat' dir='ltr'>mendaciis.</span> <span class='ocrx_word' id='word_1_518' title='bbox 2599 1101 2727 1154; x_wconf 77' lang='lat' dir='ltr'>ldt‘O</span> <span class='ocrx_word' id='word_1_519' title='bbox 2788 1099 3205 1171; x_wconf 88' lang='lat' dir='ltr'>Ingemiscunt,</span> <span class='ocrx_word' id='word_1_520' title='bbox 3257 1099 3426 1169; x_wconf 84' lang='lat' dir='ltr'>juxta</span> <span class='ocrx_word' id='word_1_521' title='bbox 3475 1098 3702 1170; x_wconf 86' lang='lat' dir='ltr'>eloquio</span> 
     </span>
    </p>
   </div>
   <div class='ocr_carea' id='block_1_72' title="bbox 2053 1187 3706 1262">
    <p class='ocr_par' dir='ltr' id='par_1_72' title="bbox 2053 1187 3706 1262">
     <span class='ocr_line' id='line_1_72' title="bbox 2053 1187 3706 1262; baseline 0 -19"><span class='ocrx_word' id='word_1_522' title='bbox 2053 1188 2558 1262; x_wconf 88' lang='lat' dir='ltr'>prophetarum,et</span> <span class='ocrx_word' id='word_1_523' title='bbox 2606 1193 2883 1260; x_wconf 88' lang='lat' dir='ltr'>perpetuo</span> <span class='ocrx_word' id='word_1_524' title='bbox 2915 1193 3130 1242; x_wconf 84' lang='lat' dir='ltr'>terrore</span> <span class='ocrx_word' id='word_1_525' title='bbox 3161 1187 3469 1254; x_wconf 82' lang='lat' dir='ltr'>fluctuant,</span> <span class='ocrx_word' id='word_1_526' title='bbox 3523 1187 3706 1244; x_wconf 88' lang='lat' dir='ltr'>donec</span> 
     </span>
    </p>
   </div>
   <div class='ocr_carea' id='block_1_73' title="bbox 2053 1275 3703 1345">
    <p class='ocr_par' dir='ltr' id='par_1_73' title="bbox 2053 1275 3703 1345">
     <span class='ocr_line' id='line_1_73' title="bbox 2053 1275 3703 1345; baseline -0.001 -13"><span class='ocrx_word' id='word_1_527' title='bbox 2053 1277 2350 1345; x_wconf 81' lang='lat' dir='ltr'>deﬁciant,</span> <span class='ocrx_word' id='word_1_528' title='bbox 2383 1281 2440 1331; x_wconf 92' lang='lat' dir='ltr'>et</span> <span class='ocrx_word' id='word_1_529' title='bbox 2470 1278 2774 1333; x_wconf 86' lang='lat' dir='ltr'>tabescant</span> <span class='ocrx_word' id='word_1_530' title='bbox 2805 1277 2862 1330; x_wconf 89' lang='lat' dir='ltr'>in</span> <span class='ocrx_word' id='word_1_531' title='bbox 2895 1277 3003 1330; x_wconf 89' lang='lat' dir='ltr'>viis</span> <span class='ocrx_word' id='word_1_532' title='bbox 3057 1275 3179 1330; x_wconf 90' lang='lat' dir='ltr'>suis</span> <span class='ocrx_word' id='word_1_533' title='bbox 3211 1281 3268 1330; x_wconf 89' lang='lat' dir='ltr'>et</span> <span class='ocrx_word' id='word_1_534' title='bbox 3317 1276 3616 1331; x_wconf 86' lang='lat' dir='ltr'>dormiant</span> <span class='ocrx_word' id='word_1_535' title='bbox 3647 1276 3703 1330; x_wconf 88' lang='lat' dir='ltr'>in</span> 
     </span>
    </p>
   </div>
   <div class='ocr_carea' id='block_1_74' title="bbox 2053 1364 3704 1435">
    <p class='ocr_par' dir='ltr' id='par_1_74' title="bbox 2053 1364 3704 1435">
     <span class='ocr_line' id='line_1_74' title="bbox 2053 1364 3704 1435; baseline -0.002 -15"><span class='ocrx_word' id='word_1_536' title='bbox 2053 1365 2376 1422; x_wconf 90' lang='lat' dir='ltr'>doloribus.</span> <span class='ocrx_word' id='word_1_537' title='bbox 2413 1366 2518 1429; x_wconf 87' lang='lat' dir='ltr'>Qui</span> <span class='ocrx_word' id='word_1_538' title='bbox 2553 1371 2748 1421; x_wconf 90' lang='lat' dir='ltr'>autem</span> <span class='ocrx_word' id='word_1_539' title='bbox 2781 1381 2908 1420; x_wconf 88' lang='lat' dir='ltr'>vere</span> <span class='ocrx_word' id='word_1_540' title='bbox 2929 1365 3076 1435; x_wconf 86' lang='lat' dir='ltr'>justi</span> <span class='ocrx_word' id='word_1_541' title='bbox 3108 1369 3264 1431; x_wconf 89' lang='lat' dir='ltr'>sunt,</span> <span class='ocrx_word' id='word_1_542' title='bbox 3296 1369 3354 1420; x_wconf 90' lang='lat' dir='ltr'>et</span> <span class='ocrx_word' id='word_1_543' title='bbox 3383 1364 3601 1420; x_wconf 79' lang='lat' dir='ltr'>habent</span> <span class='ocrx_word' id='word_1_544' title='bbox 3646 1365 3704 1418; x_wconf 89' lang='lat' dir='ltr'>in</span> 
     </span>
    </p>
   </div>
   <div class='ocr_carea' id='block_1_75' title="bbox 2057 1453 3438 1527">
    <p class='ocr_par' dir='ltr' id='par_1_75' title="bbox 2057 1453 3438 1527">
     <span class='ocr_line' id='line_1_75' title="bbox 2057 1453 3438 1527; baseline -0.001 -17"><span class='ocrx_word' id='word_1_545' title='bbox 2057 1472 2119 1510; x_wconf 91' lang='lat' dir='ltr'>se</span> <span class='ocrx_word' id='word_1_546' title='bbox 2151 1472 2378 1527; x_wconf 85' lang='lat' dir='ltr'>pacem,</span> <span class='ocrx_word' id='word_1_547' title='bbox 2412 1454 2790 1526; x_wconf 87' lang='lat' dir='ltr'>perfruuntur</span> <span class='ocrx_word' id='word_1_548' title='bbox 2819 1454 3030 1526; x_wconf 88' lang='lat' dir='ltr'>gaudio</span> <span class='ocrx_word' id='word_1_549' title='bbox 3062 1453 3438 1526; x_wconf 79' lang='lat' dir='ltr'>sempiterno.</span> 
     </span>
    </p>
   </div>
   <div class='ocr_carea' id='block_1_76' title="bbox 2219 1579 3539 1635">
    <p class='ocr_par' dir='ltr' id='par_1_76' title="bbox 2219 1579 3539 1635">
     <span class='ocr_line' id='line_1_76' title="bbox 2219 1579 3539 1635; baseline -0.001 -1"><span class='ocrx_word' id='word_1_550' title='bbox 2219 1580 2566 1635; x_wconf 87' lang='lat' dir='ltr'>EPISTOLA</span> <span class='ocrx_word' id='word_1_551' title='bbox 2606 1579 2866 1635; x_wconf 81' lang='lat' dir='ltr'>PATRIS</span> <span class='ocrx_word' id='word_1_552' title='bbox 2906 1579 3161 1634; x_wconf 82' lang='lat' dir='ltr'>NOSTRI</span> <span class='ocrx_word' id='word_1_553' title='bbox 3204 1579 3539 1634; x_wconf 85' lang='lat' dir='ltr'>PACIlOMlI</span> 
     </span>
    </p>
   </div>
   <div class='ocr_carea' id='block_1_77' title="bbox 2055 1668 3713 1740">
    <p class='ocr_par' dir='ltr' id='par_1_77' title="bbox 2055 1668 3713 1740">
     <span class='ocr_line' id='line_1_77' title="bbox 2055 1668 3713 1740; baseline -0.001 -15"><span class='ocrx_word' id='word_1_554' title='bbox 2055 1669 2132 1725; x_wconf 86' lang='lat' dir='ltr'>Ad</span> <span class='ocrx_word' id='word_1_555' title='bbox 2157 1671 2357 1739; x_wconf 81' lang='lat' dir='ltr'>fratres</span> <span class='ocrx_word' id='word_1_556' title='bbox 2387 1670 2485 1740; x_wconf 86' lang='lat' dir='ltr'>qui</span> <span class='ocrx_word' id='word_1_557' title='bbox 2519 1668 2812 1723; x_wconf 80' lang='lat' dir='ltr'>tondebant</span> <span class='ocrx_word' id='word_1_558' title='bbox 2842 1669 2897 1722; x_wconf 87' lang='lat' dir='ltr'>in</span> <span class='ocrx_word' id='word_1_559' title='bbox 2928 1668 3136 1722; x_wconf 82' lang='lat' dir='ltr'>deserto</span> <span class='ocrx_word' id='word_1_560' title='bbox 3195 1685 3409 1739; x_wconf 79' lang='lat' dir='ltr'>capras,</span> <span class='ocrx_word' id='word_1_561' title='bbox 3461 1668 3525 1723; x_wconf 85' lang='lat' dir='ltr'>de</span> <span class='ocrx_word' id='word_1_562' title='bbox 3574 1685 3713 1739; x_wconf 86' lang='lat' dir='ltr'>qua-</span> 
     </span>
    </p>
   </div>
   <div class='ocr_carea' id='block_1_78' title="bbox 2483 1741 3283 1810">
    <p class='ocr_par' dir='ltr' id='par_1_78' title="bbox 2483 1741 3283 1810">
     <span class='ocr_line' id='line_1_78' title="bbox 2483 1741 3283 1810; baseline 0 -17"><span class='ocrx_word' id='word_1_563' title='bbox 2483 1756 2605 1794; x_wconf 87' lang='lat' dir='ltr'>rum</span> <span class='ocrx_word' id='word_1_564' title='bbox 2641 1741 2753 1810; x_wconf 79' lang='lat' dir='ltr'>ﬁlis</span> <span class='ocrx_word' id='word_1_565' title='bbox 2784 1744 3046 1794; x_wconf 69' lang='lat' dir='ltr'>texuntur</span> <span class='ocrx_word' id='word_1_566' title='bbox 3074 1741 3283 1794; x_wconf 86' lang='lat' dir='ltr'>cilicia.</span> 
     </span>
    </p>
   </div>
   <div class='ocr_carea' id='block_1_79' title="bbox 2136 1855 3717 1928">
    <p class='ocr_par' dir='ltr' id='par_1_79' title="bbox 2136 1855 3717 1928">
     <span class='ocr_line' id='line_1_79' title="bbox 2136 1855 3717 1928; baseline 0.001 -19"><span class='ocrx_word' id='word_1_567' title='bbox 2136 1856 2284 1911; x_wconf 87' lang='lat' dir='ltr'>Vlll.</span> <span class='ocrx_word' id='word_1_568' title='bbox 2323 1857 2469 1911; x_wconf 71' lang='lat' dir='ltr'>Deus</span> <span class='ocrx_word' id='word_1_569' title='bbox 2505 1856 2712 1927; x_wconf 71' lang='lat' dir='ltr'>quaerit</span> <span class='ocrx_word' id='word_1_570' title='bbox 2770 1855 3078 1928; x_wconf 80' lang='lat' dir='ltr'>diligentes</span> <span class='ocrx_word' id='word_1_571' title='bbox 3138 1872 3241 1910; x_wconf 91' lang='lat' dir='ltr'>se:</span> <span class='ocrx_word' id='word_1_572' title='bbox 3295 1856 3449 1911; x_wconf 91' lang='lat' dir='ltr'>sicut</span> <span class='ocrx_word' id='word_1_573' title='bbox 3496 1857 3717 1911; x_wconf 88' lang='lat' dir='ltr'>invenit</span> 
     </span>
    </p>
   </div>
   <div class='ocr_carea' id='block_1_80' title="bbox 2066 1943 3716 2017">
    <p class='ocr_par' dir='ltr' id='par_1_80' title="bbox 2066 1943 3716 2017">
     <span class='ocr_line' id='line_1_80' title="bbox 2066 1943 3716 2017; baseline 0.002 -19"><span class='ocrx_word' id='word_1_574' title='bbox 2066 1943 2240 2000; x_wconf 89' lang='lat' dir='ltr'>Israel</span> <span class='ocrx_word' id='word_1_575' title='bbox 2269 1945 2436 2015; x_wconf 89' lang='lat' dir='ltr'>quasi</span> <span class='ocrx_word' id='word_1_576' title='bbox 2472 1961 2642 1999; x_wconf 88' lang='lat' dir='ltr'>uvam</span> <span class='ocrx_word' id='word_1_577' title='bbox 2675 1943 2733 1998; x_wconf 92' lang='lat' dir='ltr'>in</span> <span class='ocrx_word' id='word_1_578' title='bbox 2765 1945 3014 2012; x_wconf 89' lang='lat' dir='ltr'>deserto,</span> <span class='ocrx_word' id='word_1_579' title='bbox 3048 1950 3104 1999; x_wconf 92' lang='lat' dir='ltr'>et</span> <span class='ocrx_word' id='word_1_580' title='bbox 3135 1945 3302 2016; x_wconf 83' lang='lat' dir='ltr'>quasi</span> <span class='ocrx_word' id='word_1_581' title='bbox 3332 1945 3478 2000; x_wconf 86' lang='lat' dir='ltr'>ficus</span> <span class='ocrx_word' id='word_1_582' title='bbox 3512 1947 3716 2017; x_wconf 84' lang='lat' dir='ltr'>primi-</span> 
     </span>
    </p>
   </div>
   <div class='ocr_carea' id='block_1_81' title="bbox 2068 2033 3712 2107">
    <p class='ocr_par' dir='ltr' id='par_1_81' title="bbox 2068 2033 3712 2107">
     <span class='ocr_line' id='line_1_81' title="bbox 2068 2033 3712 2107; baseline 0.001 -19"><span class='ocrx_word' id='word_1_583' title='bbox 2068 2035 2232 2098; x_wconf 86' lang='lat' dir='ltr'>tivas,</span> <span class='ocrx_word' id='word_1_584' title='bbox 2268 2033 2351 2088; x_wconf 91' lang='lat' dir='ltr'>sic</span> <span class='ocrx_word' id='word_1_585' title='bbox 2413 2034 2703 2099; x_wconf 84' lang='lat' dir='ltr'>inventus,</span> <span class='ocrx_word' id='word_1_586' title='bbox 2735 2038 2823 2088; x_wconf 89' lang='lat' dir='ltr'>est</span> <span class='ocrx_word' id='word_1_587' title='bbox 2877 2038 2933 2089; x_wconf 89' lang='lat' dir='ltr'>et</span> <span class='ocrx_word' id='word_1_588' title='bbox 2957 2034 3135 2089; x_wconf 90' lang='lat' dir='ltr'>Jacob</span> <span class='ocrx_word' id='word_1_589' title='bbox 3192 2034 3251 2088; x_wconf 89' lang='lat' dir='ltr'>in</span> <span class='ocrx_word' id='word_1_590' title='bbox 3293 2034 3712 2107; x_wconf 87' lang='lat' dir='ltr'>Mesopotamia</span> 
     </span>
    </p>
   </div>
   <div class='ocr_carea' id='block_1_82' title="bbox 2064 2123 3717 2195">
    <p class='ocr_par' dir='ltr' id='par_1_82' title="bbox 2064 2123 3717 2195">
     <span class='ocr_line' id='line_1_82' title="bbox 2064 2123 3717 2195; baseline 0.002 -18"><span class='ocrx_word' id='word_1_591' title='bbox 2064 2139 2199 2177; x_wconf 91' lang='lat' dir='ltr'>cum</span> <span class='ocrx_word' id='word_1_592' title='bbox 2232 2128 2453 2178; x_wconf 90' lang='lat' dir='ltr'>erraret</span> <span class='ocrx_word' id='word_1_593' title='bbox 2479 2124 2644 2194; x_wconf 88' lang='lat' dir='ltr'>quasi</span> <span class='ocrx_word' id='word_1_594' title='bbox 2679 2140 2790 2178; x_wconf 92' lang='lat' dir='ltr'>uva</span> <span class='ocrx_word' id='word_1_595' title='bbox 2821 2123 2877 2178; x_wconf 89' lang='lat' dir='ltr'>in</span> <span class='ocrx_word' id='word_1_596' title='bbox 2911 2123 3244 2189; x_wconf 88' lang='lat' dir='ltr'>solitudine,</span> <span class='ocrx_word' id='word_1_597' title='bbox 3305 2128 3361 2179; x_wconf 91' lang='lat' dir='ltr'>et</span> <span class='ocrx_word' id='word_1_598' title='bbox 3391 2123 3605 2195; x_wconf 87' lang='lat' dir='ltr'>Joseph</span> <span class='ocrx_word' id='word_1_599' title='bbox 3656 2127 3717 2180; x_wconf 74' lang='lat' dir='ltr'>in</span> 
     </span>
    </p>
   </div>
   <div class='ocr_carea' id='block_1_83' title="bbox 2066 2212 3719 2285">
    <p class='ocr_par' dir='ltr' id='par_1_83' title="bbox 2066 2212 3719 2285">
     <span class='ocr_line' id='line_1_83' title="bbox 2066 2212 3719 2285; baseline 0.002 -19"><span class='ocrx_word' id='word_1_600' title='bbox 2066 2213 2308 2285; x_wconf 65' lang='lat' dir='ltr'>(Egypto</span> <span class='ocrx_word' id='word_1_601' title='bbox 2343 2213 2496 2267; x_wconf 89' lang='lat' dir='ltr'>sicut</span> <span class='ocrx_word' id='word_1_602' title='bbox 2545 2213 2689 2267; x_wconf 81' lang='lat' dir='ltr'>ficus</span> <span class='ocrx_word' id='word_1_603' title='bbox 2723 2213 3017 2282; x_wconf 88' lang='lat' dir='ltr'>primitiva</span> <span class='ocrx_word' id='word_1_604' title='bbox 3050 2229 3062 2266; x_wconf 94' lang='lat'>:</span> <span class='ocrx_word' id='word_1_605' title='bbox 3099 2229 3274 2284; x_wconf 88' lang='lat' dir='ltr'>quem</span> <span class='ocrx_word' id='word_1_606' title='bbox 3333 2212 3486 2268; x_wconf 89' lang='lat' dir='ltr'>inter</span> <span class='ocrx_word' id='word_1_607' title='bbox 3516 2229 3719 2269; x_wconf 87' lang='lat' dir='ltr'>omnes</span> 
     </span>
    </p>
   </div>
   <div class='ocr_carea' id='block_1_84' title="bbox 2069 2300 3717 2372">
    <p class='ocr_par' dir='ltr' id='par_1_84' title="bbox 2069 2300 3717 2372">
     <span class='ocr_line' id='line_1_84' title="bbox 2069 2300 3717 2372; baseline 0.001 -17"><span class='ocrx_word' id='word_1_608' title='bbox 2069 2302 2273 2355; x_wconf 84' lang='lat' dir='ltr'>fratres</span> <span class='ocrx_word' id='word_1_609' title='bbox 2305 2319 2441 2356; x_wconf 78' lang='lat' dir='ltr'>suos</span> <span class='ocrx_word' id='word_1_610' title='bbox 2486 2301 2753 2372; x_wconf 88' lang='lat' dir='ltr'>cognovit</span> <span class='ocrx_word' id='word_1_611' title='bbox 2783 2301 3020 2367; x_wconf 88' lang='lat' dir='ltr'>Deus,et</span> <span class='ocrx_word' id='word_1_612' title='bbox 3049 2301 3209 2355; x_wconf 91' lang='lat' dir='ltr'>dedit</span> <span class='ocrx_word' id='word_1_613' title='bbox 3239 2301 3289 2356; x_wconf 94' lang='lat' dir='ltr'>ei</span> <span class='ocrx_word' id='word_1_614' title='bbox 3326 2300 3717 2372; x_wconf 79' lang='lat' dir='ltr'>principatum</span> 
     </span>
    </p>
   </div>
   <div class='ocr_carea' id='block_1_85' title="bbox 2068 2388 3718 2461">
    <p class='ocr_par' dir='ltr' id='par_1_85' title="bbox 2068 2388 3718 2461">
     <span class='ocr_line' id='line_1_85' title="bbox 2068 2388 3718 2461; baseline 0.001 -18"><span class='ocrx_word' id='word_1_615' title='bbox 2068 2395 2200 2461; x_wconf 91' lang='lat' dir='ltr'>post</span> <span class='ocrx_word' id='word_1_616' title='bbox 2237 2389 2454 2444; x_wconf 90' lang='lat' dir='ltr'>multas</span> <span class='ocrx_word' id='word_1_617' title='bbox 2512 2389 2834 2460; x_wconf 84' lang='lat' dir='ltr'>angustias.</span> <span class='ocrx_word' id='word_1_618' title='bbox 2898 2390 3078 2453; x_wconf 85' lang='lat' dir='ltr'>Quem</span> <span class='ocrx_word' id='word_1_619' title='bbox 3139 2388 3421 2443; x_wconf 90' lang='lat' dir='ltr'>debemus</span> <span class='ocrx_word' id='word_1_620' title='bbox 3479 2388 3718 2457; x_wconf 89' lang='lat' dir='ltr'>imitari,</span> 
     </span>
    </p>
   </div>
   <div class='ocr_carea' id='block_1_86' title="bbox 2068 2476 3718 2550">
    <p class='ocr_par' dir='ltr' id='par_1_86' title="bbox 2068 2476 3718 2550">
     <span class='ocr_line' id='line_1_86' title="bbox 2068 2476 3718 2550; baseline -0.001 -18"><span class='ocrx_word' id='word_1_621' title='bbox 2068 2479 2204 2550; x_wconf 86' lang='lat' dir='ltr'>quia</span> <span class='ocrx_word' id='word_1_622' title='bbox 2235 2478 2369 2532; x_wconf 83' lang='lat' dir='ltr'>vicit</span> <span class='ocrx_word' id='word_1_623' title='bbox 2399 2495 2631 2532; x_wconf 87' lang='lat' dir='ltr'>carnem</span> <span class='ocrx_word' id='word_1_624' title='bbox 2687 2493 2877 2537; x_wconf 85' lang='lat' dir='ltr'>suam.</span> <span class='ocrx_word' id='word_1_625' title='bbox 2911 2476 3340 2548; x_wconf 88' lang='lat' dir='ltr'>prostravitque</span> <span class='ocrx_word' id='word_1_626' title='bbox 3386 2483 3718 2549; x_wconf 87' lang='lat' dir='ltr'>peccatum,</span> 
     </span>
    </p>
   </div>
   <div class='ocr_carea' id='block_1_87' title="bbox 2070 2565 3721 2623">
    <p class='ocr_par' dir='ltr' id='par_1_87' title="bbox 2070 2565 3721 2623">
     <span class='ocr_line' id='line_1_87' title="bbox 2070 2565 3721 2623; baseline -0.001 0"><span class='ocrx_word' id='word_1_627' title='bbox 2070 2572 2126 2623; x_wconf 87' lang='lat' dir='ltr'>et</span> <span class='ocrx_word' id='word_1_628' title='bbox 2158 2566 2456 2621; x_wconf 90' lang='lat' dir='ltr'>oculorum</span> <span class='ocrx_word' id='word_1_629' title='bbox 2490 2567 2732 2621; x_wconf 87' lang='lat' dir='ltr'>calcavit</span> <span class='ocrx_word' id='word_1_630' title='bbox 2763 2566 3027 2621; x_wconf 88' lang='lat' dir='ltr'>insidias.</span> <span class='ocrx_word' id='word_1_631' title='bbox 3062 2565 3186 2620; x_wconf 89' lang='lat' dir='ltr'>Non</span> <span class='ocrx_word' id='word_1_632' title='bbox 3219 2571 3306 2621; x_wconf 88' lang='lat' dir='ltr'>est</span> <span class='ocrx_word' id='word_1_633' title='bbox 3334 2570 3569 2621; x_wconf 86' lang='lat' dir='ltr'>secutus</span> <span class='ocrx_word' id='word_1_634' title='bbox 3623 2584 3721 2622; x_wconf 86' lang='lat' dir='ltr'>sa-</span> 
     </span>
    </p>
   </div>
   <div class='ocr_carea' id='block_1_88' title="bbox 2069 2655 3720 2720">
    <p class='ocr_par' dir='ltr' id='par_1_88' title="bbox 2069 2655 3720 2720">
     <span class='ocr_line' id='line_1_88' title="bbox 2069 2655 3720 2720; baseline 0 -10"><span class='ocrx_word' id='word_1_635' title='bbox 2069 2655 2372 2710; x_wconf 88' lang='lat' dir='ltr'>turitatem</span> <span class='ocrx_word' id='word_1_636' title='bbox 2403 2655 2645 2720; x_wconf 85' lang='lat' dir='ltr'>ventris,</span> <span class='ocrx_word' id='word_1_637' title='bbox 2680 2660 2743 2709; x_wconf 92' lang='lat' dir='ltr'>ut</span> <span class='ocrx_word' id='word_1_638' title='bbox 2797 2659 3050 2710; x_wconf 88' lang='lat' dir='ltr'>servaret</span> <span class='ocrx_word' id='word_1_639' title='bbox 3081 2655 3339 2709; x_wconf 90' lang='lat' dir='ltr'>animam</span> <span class='ocrx_word' id='word_1_640' title='bbox 3373 2672 3537 2710; x_wconf 89' lang='lat' dir='ltr'>suam</span> <span class='ocrx_word' id='word_1_641' title='bbox 3585 2672 3720 2710; x_wconf 88' lang='lat' dir='ltr'>san-</span> 
     </span>
    </p>
   </div>
   <div class='ocr_carea' id='block_1_89' title="bbox 2069 2743 3725 2817">
    <p class='ocr_par' dir='ltr' id='par_1_89' title="bbox 2069 2743 3725 2817">
     <span class='ocr_line' id='line_1_89' title="bbox 2069 2743 3725 2817; baseline 0 -17"><span class='ocrx_word' id='word_1_642' title='bbox 2069 2750 2221 2800; x_wconf 91' lang='lat' dir='ltr'>ctam</span> <span class='ocrx_word' id='word_1_643' title='bbox 2260 2746 2390 2811; x_wconf 87' lang='lat' dir='ltr'>Deo,</span> <span class='ocrx_word' id='word_1_644' title='bbox 2425 2749 2489 2799; x_wconf 89' lang='lat' dir='ltr'>ut</span> <span class='ocrx_word' id='word_1_645' title='bbox 2538 2744 2696 2799; x_wconf 83' lang='lat' dir='ltr'>ﬁeret</span> <span class='ocrx_word' id='word_1_646' title='bbox 2748 2743 3032 2816; x_wconf 86' lang='lat' dir='ltr'>templum</span> <span class='ocrx_word' id='word_1_647' title='bbox 3091 2743 3341 2815; x_wconf 88' lang='lat' dir='ltr'>Spiritus</span> <span class='ocrx_word' id='word_1_648' title='bbox 3401 2746 3612 2817; x_wconf 86' lang='lat' dir='ltr'>sancti,</span> <span class='ocrx_word' id='word_1_649' title='bbox 3667 2749 3725 2800; x_wconf 90' lang='lat' dir='ltr'>et</span> 
     </span>
    </p>
   </div>
   <div class='ocr_carea' id='block_1_90' title="bbox 2071 2831 3725 2906">
    <p class='ocr_par' dir='ltr' id='par_1_90' title="bbox 2071 2831 3725 2906">
     <span class='ocr_line' id='line_1_90' title="bbox 2071 2831 3725 2906; baseline 0 -18"><span class='ocrx_word' id='word_1_650' title='bbox 2071 2833 2466 2906; x_wconf 88' lang='lat' dir='ltr'>captivitatem</span> <span class='ocrx_word' id='word_1_651' title='bbox 2527 2831 2790 2888; x_wconf 86' lang='lat' dir='ltr'>libertate</span> <span class='ocrx_word' id='word_1_652' title='bbox 2831 2837 3101 2887; x_wconf 90' lang='lat' dir='ltr'>mutaret.</span> <span class='ocrx_word' id='word_1_653' title='bbox 3164 2832 3284 2886; x_wconf 77' lang='lat' dir='ltr'>Non</span> <span class='ocrx_word' id='word_1_654' title='bbox 3346 2831 3725 2888; x_wconf 88' lang='lat' dir='ltr'>obliviscetur</span> 
     </span>
    </p>
   </div>
   <div class='ocr_carea' id='block_1_91' title="bbox 2071 2921 3720 2992">
    <p class='ocr_par' dir='ltr' id='par_1_91' title="bbox 2071 2921 3720 2992">
     <span class='ocr_line' id='line_1_91' title="bbox 2071 2921 3720 2992; baseline -0.001 -15"><span class='ocrx_word' id='word_1_655' title='bbox 2071 2923 2223 2977; x_wconf 91' lang='lat' dir='ltr'>Deus</span> <span class='ocrx_word' id='word_1_656' title='bbox 2255 2921 2587 2976; x_wconf 89' lang='lat' dir='ltr'>timentium</span> <span class='ocrx_word' id='word_1_657' title='bbox 2621 2938 2701 2986; x_wconf 90' lang='lat' dir='ltr'>se,</span> <span class='ocrx_word' id='word_1_658' title='bbox 2758 2927 2814 2976; x_wconf 90' lang='lat' dir='ltr'>et</span> <span class='ocrx_word' id='word_1_659' title='bbox 2847 2921 3185 2976; x_wconf 78' lang='lat' dir='ltr'>facientium</span> <span class='ocrx_word' id='word_1_660' title='bbox 3226 2922 3529 2992; x_wconf 83' lang='lat' dir='ltr'>justitiam</span> <span class='ocrx_word' id='word_1_661' title='bbox 3567 2922 3720 2991; x_wconf 85' lang='lat' dir='ltr'>ejus.</span> 
     </span>
    </p>
   </div>
   <div class='ocr_carea' id='block_1_92' title="bbox 2073 3008 3721 3081">
    <p class='ocr_par' dir='ltr' id='par_1_92' title="bbox 2073 3008 3721 3081">
     <span class='ocr_line' id='line_1_92' title="bbox 2073 3008 3721 3081; baseline 0 -16"><span class='ocrx_word' id='word_1_662' title='bbox 2073 3011 2234 3066; x_wconf 90' lang='lat' dir='ltr'>Unde</span> <span class='ocrx_word' id='word_1_663' title='bbox 2265 3017 2320 3065; x_wconf 91' lang='lat' dir='ltr'>et</span> <span class='ocrx_word' id='word_1_664' title='bbox 2351 3010 2445 3065; x_wconf 89' lang='lat' dir='ltr'>ille</span> <span class='ocrx_word' id='word_1_665' title='bbox 2497 3009 2854 3078; x_wconf 88' lang='lat' dir='ltr'>adolescens,</span> <span class='ocrx_word' id='word_1_666' title='bbox 2909 3016 3083 3081; x_wconf 89' lang='lat' dir='ltr'>atque</span> <span class='ocrx_word' id='word_1_667' title='bbox 3141 3009 3197 3063; x_wconf 91' lang='lat' dir='ltr'>in</span> <span class='ocrx_word' id='word_1_668' title='bbox 3259 3008 3482 3064; x_wconf 90' lang='lat' dir='ltr'>lubrico</span> <span class='ocrx_word' id='word_1_669' title='bbox 3535 3010 3721 3065; x_wconf 65' lang='lat' dir='ltr'>aetatis</span> 
     </span>
    </p>
   </div>
   <div class='ocr_carea' id='block_1_93' title="bbox 1991 3098 3720 3208">
    <p class='ocr_par' dir='ltr' id='par_1_93' title="bbox 1991 3098 3720 3208">
     <span class='ocr_line' id='line_1_93' title="bbox 1991 3098 3720 3208; baseline -0.001 -54"><span class='ocrx_word' id='word_1_670' title='bbox 1991 3141 2034 3208; x_wconf 64' lang='grc' dir='ltr'><strong>Ο</strong></span> <span class='ocrx_word' id='word_1_671' title='bbox 2074 3100 2322 3172; x_wconf 89' lang='lat' dir='ltr'>positus,</span> <span class='ocrx_word' id='word_1_672' title='bbox 2357 3116 2529 3170; x_wconf 87' lang='lat' dir='ltr'>quem</span> <span class='ocrx_word' id='word_1_673' title='bbox 2577 3098 2769 3154; x_wconf 89' lang='lat' dir='ltr'>carnis</span> <span class='ocrx_word' id='word_1_674' title='bbox 2797 3098 3204 3153; x_wconf 89' lang='lat' dir='ltr'>blandimenta</span> <span class='ocrx_word' id='word_1_675' title='bbox 3261 3115 3375 3152; x_wconf 92' lang='lat' dir='ltr'>non</span> <span class='ocrx_word' id='word_1_676' title='bbox 3433 3099 3720 3165; x_wconf 87' lang='lat' dir='ltr'>vicerunt,</span> 
     </span>
     <span class='ocr_line' id='line_1_94' title="bbox 2075 3186 3682 3208; baseline 0 0"><span class='ocrx_word' id='word_1_677' title='bbox 2075 3189 2202 3208; x_wconf 30' lang='lat' dir='ltr'>a,!_31</span> <span class='ocrx_word' id='word_1_678' title='bbox 2240 3187 2462 3208; x_wconf 40' lang='lat' dir='ltr'>_-E,A_U‘I_</span> <span class='ocrx_word' id='word_1_679' title='bbox 2507 3191 2551 3208; x_wconf 73' lang='lat'>-1</span> <span class='ocrx_word' id='word_1_680' title='bbox 2589 3204 2841 3208; x_wconf 65' lang='lat'>-__--_.-__</span> <span class='ocrx_word' id='word_1_681' title='bbox 2904 3192 2949 3208; x_wconf 70' lang='grc' dir='ltr'>,ι</span> <span class='ocrx_word' id='word_1_682' title='bbox 2986 3187 3038 3208; x_wconf 71' lang='grc'>2..</span> <span class='ocrx_word' id='word_1_683' title='bbox 3097 3186 3214 3208; x_wconf 65' lang='grc'>1---</span> <span class='ocrx_word' id='word_1_684' title='bbox 3283 3188 3557 3208; x_wconf 68' lang='lat'>-______1!--</span> <span class='ocrx_word' id='word_1_685' title='bbox 3599 3187 3682 3208; x_wconf 83' lang='lat' dir='ltr'>_I_</span> 
     </span>
    </p>
   </div>
   <div class='ocr_carea' id='block_1_94' title="bbox 2074 3186 3720 3262">
    <p class='ocr_par' dir='ltr' id='par_1_94' title="bbox 2074 3186 3720 3262">
     <span class='ocr_line' id='line_1_95' title="bbox 2074 3186 3720 3262; baseline -0.001 -19"><span class='ocrx_word' id='word_1_686' title='bbox 2074 3189 2211 3243; x_wconf 90' lang='lat' dir='ltr'>vicit</span> <span class='ocrx_word' id='word_1_687' title='bbox 2239 3187 2472 3242; x_wconf 87' lang='lat' dir='ltr'>vincula</span> <span class='ocrx_word' id='word_1_688' title='bbox 2501 3191 2556 3242; x_wconf 89' lang='lat' dir='ltr'>et</span> <span class='ocrx_word' id='word_1_689' title='bbox 2584 3204 2865 3252; x_wconf 87' lang='lat' dir='ltr'>carceres,</span> <span class='ocrx_word' id='word_1_690' title='bbox 2898 3192 2955 3242; x_wconf 88' lang='lat' dir='ltr'>et</span> <span class='ocrx_word' id='word_1_691' title='bbox 2986 3187 3043 3241; x_wconf 90' lang='lat' dir='ltr'>in</span> <span class='ocrx_word' id='word_1_692' title='bbox 3097 3186 3221 3242; x_wconf 94' lang='lat' dir='ltr'>loco</span> <span class='ocrx_word' id='word_1_693' title='bbox 3279 3188 3564 3262; x_wconf 63' lang='lat' dir='ltr'>angustiae</span> <span class='ocrx_word' id='word_1_694' title='bbox 3597 3187 3720 3260; x_wconf 86' lang='lat' dir='ltr'>pla-</span> 
     </span>
    </p>
   </div>
   <div class='ocr_carea' id='block_1_95' title="bbox 2071 3276 3718 3348">
    <p class='ocr_par' dir='ltr' id='par_1_95' title="bbox 2071 3276 3718 3348">
     <span class='ocr_line' id='line_1_96' title="bbox 2071 3276 3718 3348; baseline -0.001 -16"><span class='ocrx_word' id='word_1_695' title='bbox 2071 3278 2193 3332; x_wconf 90' lang='lat' dir='ltr'>cuit</span> <span class='ocrx_word' id='word_1_696' title='bbox 2228 3282 2357 3332; x_wconf 86' lang='lat' dir='ltr'>Deo.</span> <span class='ocrx_word' id='word_1_697' title='bbox 2395 3277 2458 3330; x_wconf 89' lang='lat' dir='ltr'>Et</span> <span class='ocrx_word' id='word_1_698' title='bbox 2491 3293 2596 3330; x_wconf 90' lang='lat' dir='ltr'>nos</span> <span class='ocrx_word' id='word_1_699' title='bbox 2627 3293 2762 3347; x_wconf 88' lang='lat' dir='ltr'>ergo</span> <span class='ocrx_word' id='word_1_700' title='bbox 2795 3276 3184 3340; x_wconf 86' lang='lat' dir='ltr'>conﬁdamus,</span> <span class='ocrx_word' id='word_1_701' title='bbox 3229 3276 3384 3348; x_wconf 88' lang='lat' dir='ltr'>quod</span> <span class='ocrx_word' id='word_1_702' title='bbox 3423 3278 3570 3331; x_wconf 88' lang='lat' dir='ltr'>Deus</span> <span class='ocrx_word' id='word_1_703' title='bbox 3617 3293 3718 3331; x_wconf 90' lang='lat' dir='ltr'>no-</span> 
     </span>
    </p>
   </div>
   <div class='ocr_carea' id='block_1_96' title="bbox 2072 3365 3727 3436">
    <p class='ocr_par' dir='ltr' id='par_1_96' title="bbox 2072 3365 3727 3436">
     <span class='ocr_line' id='line_1_97' title="bbox 2072 3365 3727 3436; baseline -0.001 -14"><span class='ocrx_word' id='word_1_704' title='bbox 2072 3367 2299 3422; x_wconf 89' lang='lat' dir='ltr'>biscum</span> <span class='ocrx_word' id='word_1_705' title='bbox 2330 3366 2408 3420; x_wconf 89' lang='lat' dir='ltr'>sit</span> <span class='ocrx_word' id='word_1_706' title='bbox 2439 3367 2496 3420; x_wconf 90' lang='lat' dir='ltr'>in</span> <span class='ocrx_word' id='word_1_707' title='bbox 2530 3365 2862 3431; x_wconf 84' lang='lat' dir='ltr'>solitudine,</span> <span class='ocrx_word' id='word_1_708' title='bbox 2897 3371 2954 3419; x_wconf 91' lang='lat' dir='ltr'>et</span> <span class='ocrx_word' id='word_1_709' title='bbox 2986 3365 3310 3420; x_wconf 87' lang='lat' dir='ltr'>recordatio</span> <span class='ocrx_word' id='word_1_710' title='bbox 3334 3366 3461 3435; x_wconf 90' lang='lat' dir='ltr'>ejus</span> <span class='ocrx_word' id='word_1_711' title='bbox 3492 3382 3727 3436; x_wconf 85' lang='lat' dir='ltr'>semper</span> 
     </span>
    </p>
   </div>
   <div class='ocr_carea' id='block_1_97' title="bbox 2072 3454 3719 3524">
    <p class='ocr_par' dir='ltr' id='par_1_97' title="bbox 2072 3454 3719 3524">
     <span class='ocr_line' id='line_1_98' title="bbox 2072 3454 3719 3524; baseline -0.001 -14"><span class='ocrx_word' id='word_1_712' title='bbox 2072 3457 2130 3511; x_wconf 91' lang='lat' dir='ltr'>in</span> <span class='ocrx_word' id='word_1_713' title='bbox 2164 3456 2332 3510; x_wconf 89' lang='lat' dir='ltr'>corde</span> <span class='ocrx_word' id='word_1_714' title='bbox 2363 3457 2438 3508; x_wconf 88' lang='lat' dir='ltr'>sit</span> <span class='ocrx_word' id='word_1_715' title='bbox 2467 3460 2684 3509; x_wconf 89' lang='lat' dir='ltr'>nostro.</span> <span class='ocrx_word' id='word_1_716' title='bbox 2718 3454 3143 3524; x_wconf 86' lang='lat' dir='ltr'>Servemusque</span> <span class='ocrx_word' id='word_1_717' title='bbox 3174 3459 3436 3508; x_wconf 89' lang='lat' dir='ltr'>sanctam</span> <span class='ocrx_word' id='word_1_718' title='bbox 3487 3470 3719 3508; x_wconf 89' lang='lat' dir='ltr'>carnem</span> 
     </span>
    </p>
   </div>
   <div class='ocr_carea' id='block_1_98' title="bbox 2073 3541 3724 3612">
    <p class='ocr_par' dir='ltr' id='par_1_98' title="bbox 2073 3541 3724 3612">
     <span class='ocr_line' id='line_1_99' title="bbox 2073 3541 3724 3612; baseline -0.002 -12"><span class='ocrx_word' id='word_1_719' title='bbox 2073 3548 2128 3600; x_wconf 89' lang='lat' dir='ltr'>et</span> <span class='ocrx_word' id='word_1_720' title='bbox 2159 3544 2414 3598; x_wconf 88' lang='lat' dir='ltr'>animam</span> <span class='ocrx_word' id='word_1_721' title='bbox 2438 3542 2498 3596; x_wconf 91' lang='lat' dir='ltr'>in</span> <span class='ocrx_word' id='word_1_722' title='bbox 2531 3543 2783 3609; x_wconf 85' lang='lat' dir='ltr'>deserto,</span> <span class='ocrx_word' id='word_1_723' title='bbox 2807 3541 2955 3595; x_wconf 86' lang='lat' dir='ltr'>sicut</span> <span class='ocrx_word' id='word_1_724' title='bbox 2975 3547 3030 3594; x_wconf 91' lang='lat' dir='ltr'>et</span> <span class='ocrx_word' id='word_1_725' title='bbox 3060 3541 3274 3612; x_wconf 89' lang='lat' dir='ltr'>Joseph</span> <span class='ocrx_word' id='word_1_726' title='bbox 3310 3542 3366 3595; x_wconf 89' lang='lat' dir='ltr'>in</span> <span class='ocrx_word' id='word_1_727' title='bbox 3391 3543 3724 3612; x_wconf 81' lang='lat' dir='ltr'>captivitate</span> 
     </span>
    </p>
   </div>
   <div class='ocr_carea' id='block_1_99' title="bbox 2073 3629 3721 3698">
    <p class='ocr_par' dir='ltr' id='par_1_99' title="bbox 2073 3629 3721 3698">
     <span class='ocr_line' id='line_1_100' title="bbox 2073 3629 3721 3698; baseline -0.001 -11"><span class='ocrx_word' id='word_1_728' title='bbox 2073 3632 2341 3698; x_wconf 85' lang='lat' dir='ltr'>servavit,</span> <span class='ocrx_word' id='word_1_729' title='bbox 2378 3635 2441 3686; x_wconf 87' lang='lat' dir='ltr'>ut</span> <span class='ocrx_word' id='word_1_730' title='bbox 2473 3629 2802 3685; x_wconf 86' lang='lat' dir='ltr'>meminerit</span> <span class='ocrx_word' id='word_1_731' title='bbox 2824 3629 3004 3684; x_wconf 89' lang='lat' dir='ltr'>nostri</span> <span class='ocrx_word' id='word_1_732' title='bbox 3043 3631 3212 3696; x_wconf 83' lang='lat' dir='ltr'>Deus,</span> <span class='ocrx_word' id='word_1_733' title='bbox 3239 3635 3294 3684; x_wconf 91' lang='lat' dir='ltr'>et</span> <span class='ocrx_word' id='word_1_734' title='bbox 3317 3629 3393 3684; x_wconf 88' lang='lat' dir='ltr'>sit</span> <span class='ocrx_word' id='word_1_735' title='bbox 3415 3629 3721 3685; x_wconf 83' lang='lat' dir='ltr'>nobiscum</span> 
     </span>
    </p>
   </div>
   <div class='ocr_carea' id='block_1_100' title="bbox 2027 3721 2594 3793">
    <p class='ocr_par' dir='ltr' id='par_1_100' title="bbox 2027 3721 2594 3793">
     <span class='ocr_line' id='line_1_101' title="bbox 2027 3721 2594 3793; baseline -0.005 -14"><span class='ocrx_word' id='word_1_736' title='bbox 2027 3773 2032 3779; x_wconf 94' lang='lat'>.</span> <span class='ocrx_word' id='word_1_737' title='bbox 2074 3738 2260 3793; x_wconf 86' lang='lat' dir='ltr'>usque</span> <span class='ocrx_word' id='word_1_738' title='bbox 2292 3721 2361 3775; x_wconf 90' lang='lat' dir='ltr'>ad</span> <span class='ocrx_word' id='word_1_739' title='bbox 2397 3721 2594 3776; x_wconf 80' lang='lat' dir='ltr'>finem.</span> 
     </span>
    </p>
   </div>
   <div class='ocr_carea' id='block_1_101' title="bbox 2197 3854 3594 3911">
    <p class='ocr_par' dir='ltr' id='par_1_101' title="bbox 2197 3854 3594 3911">
     <span class='ocr_line' id='line_1_102' title="bbox 2197 3854 3594 3911; baseline 0.002 -4"><span class='ocrx_word' id='word_1_740' title='bbox 2197 3855 2437 3910; x_wconf 79' lang='lat' dir='ltr'>VERBA</span> <span class='ocrx_word' id='word_1_741' title='bbox 2478 3855 2616 3910; x_wconf 74' lang='lat' dir='ltr'>PER</span> <span class='ocrx_word' id='word_1_742' title='bbox 2656 3854 3006 3909; x_wconf 80' lang='lat' dir='ltr'>LITTERAS</span> <span class='ocrx_word' id='word_1_743' title='bbox 3048 3856 3108 3909; x_wconf 92' lang='lat' dir='ltr'>P.</span> <span class='ocrx_word' id='word_1_744' title='bbox 3152 3855 3219 3910; x_wconf 87' lang='lat' dir='ltr'>N.</span> <span class='ocrx_word' id='word_1_745' title='bbox 3262 3855 3594 3911; x_wconf 79' lang='lat' dir='ltr'>PACHOMH</span> 
     </span>
    </p>
   </div>
   <div class='ocr_carea' id='block_1_102' title="bbox 2200 3942 3596 4015">
    <p class='ocr_par' dir='ltr' id='par_1_102' title="bbox 2200 3942 3596 4015">
     <span class='ocr_line' id='line_1_103' title="bbox 2200 3942 3596 4015; baseline 0.001 -17"><span class='ocrx_word' id='word_1_746' title='bbox 2200 3946 2255 3998; x_wconf 89' lang='lat' dir='ltr'>In</span> <span class='ocrx_word' id='word_1_747' title='bbox 2289 3944 2482 4014; x_wconf 84' lang='lat' dir='ltr'>lingua</span> <span class='ocrx_word' id='word_1_748' title='bbox 2510 3943 2841 4010; x_wconf 81' lang='lat' dir='ltr'>abscondita,</span> <span class='ocrx_word' id='word_1_749' title='bbox 2868 3942 2931 3997; x_wconf 83' lang='lat' dir='ltr'>de</span> <span class='ocrx_word' id='word_1_750' title='bbox 2963 3943 3047 3998; x_wconf 84' lang='lat' dir='ltr'>his</span> <span class='ocrx_word' id='word_1_751' title='bbox 3079 3960 3199 4015; x_wconf 75' lang='lat' dir='ltr'>quae</span> <span class='ocrx_word' id='word_1_752' title='bbox 3229 3946 3422 4012; x_wconf 80' lang='lat' dir='ltr'>futura</span> <span class='ocrx_word' id='word_1_753' title='bbox 3450 3954 3596 4000; x_wconf 81' lang='lat' dir='ltr'>sunt.</span> 
     </span>
    </p>
   </div>
   <div class='ocr_carea' id='block_1_103' title="bbox 2144 4048 3723 4122">
    <p class='ocr_par' dir='ltr' id='par_1_103' title="bbox 2144 4048 3723 4122">
     <span class='ocr_line' id='line_1_104' title="bbox 2144 4048 3723 4122; baseline -0.001 -17"><span class='ocrx_word' id='word_1_754' title='bbox 2144 4051 2238 4116; x_wconf 89' lang='lat' dir='ltr'>IV,</span> <span class='ocrx_word' id='word_1_755' title='bbox 2270 4063 2370 4107; x_wconf 76' lang='grc' dir='ltr'>ΑΩ.</span> <span class='ocrx_word' id='word_1_756' title='bbox 2400 4048 2622 4105; x_wconf 55' lang='lat' dir='ltr'>Sintula</span> <span class='ocrx_word' id='word_1_757' title='bbox 2669 4049 3062 4103; x_wconf 77' lang='lat' dir='ltr'>efferbuerunt</span> <span class='ocrx_word' id='word_1_758' title='bbox 3093 4050 3151 4104; x_wconf 91' lang='lat' dir='ltr'>in</span> <span class='ocrx_word' id='word_1_759' title='bbox 3212 4050 3386 4116; x_wconf 88' lang='lat' dir='ltr'>malo,</span> <span class='ocrx_word' id='word_1_760' title='bbox 3422 4052 3572 4122; x_wconf 85' lang='lat' dir='ltr'>quod</span> <span class='ocrx_word' id='word_1_761' title='bbox 3635 4057 3723 4105; x_wconf 84' lang='lat' dir='ltr'>est</span> 
     </span>
    </p>
   </div>
   <div class='ocr_carea' id='block_1_104' title="bbox 2070 4137 3723 4210">
    <p class='ocr_par' dir='ltr' id='par_1_104' title="bbox 2070 4137 3723 4210">
     <span class='ocr_line' id='line_1_105' title="bbox 2070 4137 3723 4210; baseline -0.001 -16"><span class='ocrx_word' id='word_1_762' title='bbox 2070 4138 2254 4195; x_wconf 90' lang='lat' dir='ltr'>Delta.</span> <span class='ocrx_word' id='word_1_763' title='bbox 2290 4153 2362 4195; x_wconf 87' lang='lat' dir='ltr'>BI‘</span> <span class='ocrx_word' id='word_1_764' title='bbox 2396 4141 2616 4194; x_wconf 85' lang='lat' dir='ltr'>fructus</span> <span class='ocrx_word' id='word_1_765' title='bbox 2648 4137 2970 4208; x_wconf 88' lang='lat' dir='ltr'>completus</span> <span class='ocrx_word' id='word_1_766' title='bbox 3003 4143 3091 4192; x_wconf 86' lang='lat' dir='ltr'>est</span> <span class='ocrx_word' id='word_1_767' title='bbox 3127 4139 3184 4192; x_wconf 90' lang='lat' dir='ltr'>in</span> <span class='ocrx_word' id='word_1_768' title='bbox 3219 4139 3412 4203; x_wconf 89' lang='lat' dir='ltr'>labiis,</span> <span class='ocrx_word' id='word_1_769' title='bbox 3445 4141 3598 4210; x_wconf 89' lang='lat' dir='ltr'>quod</span> <span class='ocrx_word' id='word_1_770' title='bbox 3633 4145 3723 4194; x_wconf 81' lang='lat' dir='ltr'>est</span> 
     </span>
    </p>
   </div>
   <div class='ocr_carea' id='block_1_105' title="bbox 2069 4225 3723 4298">
    <p class='ocr_par' dir='ltr' id='par_1_105' title="bbox 2069 4225 3723 4298">
     <span class='ocr_line' id='line_1_106' title="bbox 2069 4225 3723 4298; baseline 0 -16"><span class='ocrx_word' id='word_1_771' title='bbox 2069 4229 2212 4284; x_wconf 89' lang='lat' dir='ltr'>Tau.</span> <span class='ocrx_word' id='word_1_772' title='bbox 2241 4229 2332 4284; x_wconf 83' lang='lat' dir='ltr'>IX.</span> <span class='ocrx_word' id='word_1_773' title='bbox 2359 4229 2512 4283; x_wconf 89' lang='lat' dir='ltr'>Deus</span> <span class='ocrx_word' id='word_1_774' title='bbox 2532 4225 2795 4282; x_wconf 87' lang='lat' dir='ltr'>oblivisci</span> <span class='ocrx_word' id='word_1_775' title='bbox 2821 4226 2952 4280; x_wconf 86' lang='lat' dir='ltr'>fecit</span> <span class='ocrx_word' id='word_1_776' title='bbox 2976 4243 3066 4282; x_wconf 91' lang='lat' dir='ltr'>me</span> <span class='ocrx_word' id='word_1_777' title='bbox 3093 4228 3452 4298; x_wconf 86' lang='lat' dir='ltr'>paupertatis</span> <span class='ocrx_word' id='word_1_778' title='bbox 3472 4230 3524 4281; x_wconf 88' lang='lat' dir='ltr'>in</span> <span class='ocrx_word' id='word_1_779' title='bbox 3549 4228 3723 4282; x_wconf 90' lang='lat' dir='ltr'>domo</span> 
     </span>
    </p>
   </div>
   <div class='ocr_carea' id='block_1_106' title="bbox 2070 4315 3722 4389">
    <p class='ocr_par' dir='ltr' id='par_1_106' title="bbox 2070 4315 3722 4389">
     <span class='ocr_line' id='line_1_107' title="bbox 2070 4315 3722 4389; baseline -0.002 -16"><span class='ocrx_word' id='word_1_780' title='bbox 2070 4333 2199 4373; x_wconf 89' lang='lat' dir='ltr'>mea</span> <span class='ocrx_word' id='word_1_781' title='bbox 2228 4318 2299 4373; x_wconf 92' lang='lat' dir='ltr'>de</span> <span class='ocrx_word' id='word_1_782' title='bbox 2328 4319 2515 4389; x_wconf 89' lang='lat' dir='ltr'>capite</span> <span class='ocrx_word' id='word_1_783' title='bbox 2547 4315 2844 4370; x_wconf 90' lang='lat' dir='ltr'>montium</span> <span class='ocrx_word' id='word_1_784' title='bbox 2879 4331 3065 4386; x_wconf 87' lang='lat' dir='ltr'>usque</span> <span class='ocrx_word' id='word_1_785' title='bbox 3090 4316 3161 4370; x_wconf 89' lang='lat' dir='ltr'>ad</span> <span class='ocrx_word' id='word_1_786' title='bbox 3195 4317 3464 4371; x_wconf 89' lang='lat' dir='ltr'>verticem</span> <span class='ocrx_word' id='word_1_787' title='bbox 3497 4332 3722 4381; x_wconf 91' lang='lat' dir='ltr'>eorum,</span> 
     </span>
    </p>
   </div>
   <div class='ocr_carea' id='block_1_107' title="bbox 2068 4403 3726 4477">
    <p class='ocr_par' dir='ltr' id='par_1_107' title="bbox 2068 4403 3726 4477">
     <span class='ocr_line' id='line_1_108' title="bbox 2068 4403 3726 4477; baseline -0.001 -16"><span class='ocrx_word' id='word_1_788' title='bbox 2068 4407 2222 4477; x_wconf 87' lang='lat' dir='ltr'>quod</span> <span class='ocrx_word' id='word_1_789' title='bbox 2251 4411 2338 4462; x_wconf 90' lang='lat' dir='ltr'>est</span> <span class='ocrx_word' id='word_1_790' title='bbox 2367 4419 2457 4463; x_wconf 90' lang='lat' dir='ltr'>PO.</span> <span class='ocrx_word' id='word_1_791' title='bbox 2490 4418 2573 4462; x_wconf 82' lang='grc' dir='ltr'>ΛΦ</span> <span class='ocrx_word' id='word_1_792' title='bbox 2607 4409 2843 4477; x_wconf 81' lang='lat' dir='ltr'>propter</span> <span class='ocrx_word' id='word_1_793' title='bbox 2898 4403 3369 4459; x_wconf 88' lang='lat' dir='ltr'>dormitationem</span> <span class='ocrx_word' id='word_1_794' title='bbox 3427 4405 3638 4472; x_wconf 66' lang='lat' dir='ltr'>viduae,</span> <span class='ocrx_word' id='word_1_795' title='bbox 3670 4412 3726 4460; x_wconf 90' lang='lat' dir='ltr'>et</span> 
     </span>
    </p>
   </div>
   <div class='ocr_carea' id='block_1_108' title="bbox 1991 4494 3725 4577">
    <p class='ocr_par' dir='ltr' id='par_1_108' title="bbox 1991 4494 3725 4577">
     <span class='ocr_line' id='line_1_109' title="bbox 1991 4494 3725 4577; baseline 0.001 -28"><span class='ocrx_word' id='word_1_796' title='bbox 1991 4495 2311 4577; x_wconf 81' lang='lat' dir='ltr'>Dgloriam</span> <span class='ocrx_word' id='word_1_797' title='bbox 2371 4495 2666 4567; x_wconf 84' lang='lat' dir='ltr'>pauperis,</span> <span class='ocrx_word' id='word_1_798' title='bbox 2725 4494 2874 4564; x_wconf 82' lang='lat' dir='ltr'>quod</span> <span class='ocrx_word' id='word_1_799' title='bbox 2947 4499 3035 4548; x_wconf 91' lang='lat' dir='ltr'>est</span> <span class='ocrx_word' id='word_1_800' title='bbox 3107 4506 3324 4551; x_wconf 68' lang='lat' dir='ltr'>01‘.E1‘.</span> <span class='ocrx_word' id='word_1_801' title='bbox 3396 4495 3725 4550; x_wconf 88' lang='lat' dir='ltr'>Audierunt</span> 
     </span>
    </p>
   </div>
   <div class='ocr_carea' id='block_1_109' title="bbox 2077 4583 3722 4654">
    <p class='ocr_par' dir='ltr' id='par_1_109' title="bbox 2077 4583 3722 4654">
     <span class='ocr_line' id='line_1_110' title="bbox 2077 4583 3722 4654; baseline 0 -15"><span class='ocrx_word' id='word_1_802' title='bbox 2077 4588 2306 4639; x_wconf 89' lang='lat' dir='ltr'>montes</span> <span class='ocrx_word' id='word_1_803' title='bbox 2337 4583 2597 4638; x_wconf 69' lang='lat' dir='ltr'>laetitiam</span> <span class='ocrx_word' id='word_1_804' title='bbox 2632 4587 2818 4646; x_wconf 67' lang='lat' dir='ltr'>terrae,</span> <span class='ocrx_word' id='word_1_805' title='bbox 2851 4583 3005 4654; x_wconf 89' lang='lat' dir='ltr'>quod</span> <span class='ocrx_word' id='word_1_806' title='bbox 3067 4588 3156 4638; x_wconf 88' lang='lat' dir='ltr'>est</span> <span class='ocrx_word' id='word_1_807' title='bbox 3211 4593 3329 4638; x_wconf 82' lang='grc' dir='ltr'>ΞΞΙ.</span> <span class='ocrx_word' id='word_1_808' title='bbox 3362 4583 3537 4639; x_wconf 87' lang='lat' dir='ltr'>Terra</span> <span class='ocrx_word' id='word_1_809' title='bbox 3591 4585 3722 4640; x_wconf 81' lang='lat' dir='ltr'>abs-</span> 
     </span>
    </p>
   </div>
   <div class='ocr_carea' id='block_1_110' title="bbox 2076 4671 3722 4744">
    <p class='ocr_par' dir='ltr' id='par_1_110' title="bbox 2076 4671 3722 4744">
     <span class='ocr_line' id='line_1_111' title="bbox 2076 4671 3722 4744; baseline 0 -17"><span class='ocrx_word' id='word_1_810' title='bbox 2076 4672 2310 4728; x_wconf 86' lang='lat' dir='ltr'>condita</span> <span class='ocrx_word' id='word_1_811' title='bbox 2339 4677 2426 4727; x_wconf 90' lang='lat' dir='ltr'>est</span> <span class='ocrx_word' id='word_1_812' title='bbox 2468 4674 2689 4742; x_wconf 89' lang='lat' dir='ltr'>absque</span> <span class='ocrx_word' id='word_1_813' title='bbox 2719 4671 2920 4742; x_wconf 85' lang='lat' dir='ltr'>pretio,</span> <span class='ocrx_word' id='word_1_814' title='bbox 2981 4672 3135 4742; x_wconf 89' lang='lat' dir='ltr'>quod</span> <span class='ocrx_word' id='word_1_815' title='bbox 3195 4676 3282 4727; x_wconf 89' lang='lat' dir='ltr'>est</span> <span class='ocrx_word' id='word_1_816' title='bbox 3312 4686 3366 4732; x_wconf 76' lang='grc' dir='ltr'>Ν.</span> <span class='ocrx_word' id='word_1_817' title='bbox 3399 4683 3475 4732; x_wconf 79' lang='lat' dir='ltr'>NC</span> <span class='ocrx_word' id='word_1_818' title='bbox 3536 4672 3722 4744; x_wconf 63' lang='lat' dir='ltr'>plana!</span> 
     </span>
    </p>
   </div>
   <div class='ocr_carea' id='block_1_111' title="bbox 2075 4759 3723 4832">
    <p class='ocr_par' dir='ltr' id='par_1_111' title="bbox 2075 4759 3723 4832">
     <span class='ocr_line' id='line_1_112' title="bbox 2075 4759 3723 4832; baseline 0.001 -17"><span class='ocrx_word' id='word_1_819' title='bbox 2075 4766 2246 4816; x_wconf 89' lang='lat' dir='ltr'>erunt</span> <span class='ocrx_word' id='word_1_820' title='bbox 2263 4777 2438 4832; x_wconf 89' lang='lat' dir='ltr'>super</span> <span class='ocrx_word' id='word_1_821' title='bbox 2457 4760 2642 4815; x_wconf 90' lang='lat' dir='ltr'>oculis</span> <span class='ocrx_word' id='word_1_822' title='bbox 2666 4776 2850 4830; x_wconf 87' lang='lat' dir='ltr'>usque</span> <span class='ocrx_word' id='word_1_823' title='bbox 2874 4759 2944 4813; x_wconf 89' lang='lat' dir='ltr'>ad</span> <span class='ocrx_word' id='word_1_824' title='bbox 2969 4777 3264 4830; x_wconf 89' lang='lat' dir='ltr'>vesperam</span> <span class='ocrx_word' id='word_1_825' title='bbox 3296 4774 3331 4817; x_wconf 90' lang='lat' dir='ltr'>l.</span> <span class='ocrx_word' id='word_1_826' title='bbox 3362 4774 3451 4818; x_wconf 84' lang='grc' dir='ltr'>ΕΡ.</span> <span class='ocrx_word' id='word_1_827' title='bbox 3477 4765 3723 4831; x_wconf 86' lang='lat' dir='ltr'>putasne</span> 
     </span>
    </p>
   </div>
   <div class='ocr_carea' id='block_1_112' title="bbox 2071 4849 3724 4921">
    <p class='ocr_par' dir='ltr' id='par_1_112' title="bbox 2071 4849 3724 4921">
     <span class='ocr_line' id='line_1_113' title="bbox 2071 4849 3724 4921; baseline 0.001 -18"><span class='ocrx_word' id='word_1_828' title='bbox 2071 4849 2386 4921; x_wconf 89' lang='lat' dir='ltr'>respicient</span> <span class='ocrx_word' id='word_1_829' title='bbox 2417 4866 2594 4920; x_wconf 88' lang='lat' dir='ltr'>super</span> <span class='ocrx_word' id='word_1_830' title='bbox 2625 4854 2886 4921; x_wconf 86' lang='lat' dir='ltr'>puteum,</span> <span class='ocrx_word' id='word_1_831' title='bbox 2921 4850 3076 4919; x_wconf 90' lang='lat' dir='ltr'>quod</span> <span class='ocrx_word' id='word_1_832' title='bbox 3121 4853 3208 4904; x_wconf 88' lang='lat' dir='ltr'>est</span> <span class='ocrx_word' id='word_1_833' title='bbox 3243 4858 3299 4900; x_wconf 83' lang='grc' dir='ltr'>Ιι.</span> <span class='ocrx_word' id='word_1_834' title='bbox 3335 4853 3409 4903; x_wconf 78' lang='grc' dir='ltr'>ΙΥ.</span> <span class='ocrx_word' id='word_1_835' title='bbox 3445 4849 3724 4905; x_wconf 86' lang='lat' dir='ltr'>Biberunt</span> 
     </span>
    </p>
   </div>
   <div class='ocr_carea' id='block_1_113' title="bbox 2070 4936 3722 5008">
    <p class='ocr_par' dir='ltr' id='par_1_113' title="bbox 2070 4936 3722 5008">
     <span class='ocr_line' id='line_1_114' title="bbox 2070 4936 3722 5008; baseline 0.001 -16"><span class='ocrx_word' id='word_1_836' title='bbox 2070 4938 2479 4993; x_wconf 84' lang='lat' dir='ltr'>absconditum</span> <span class='ocrx_word' id='word_1_837' title='bbox 2509 4937 2564 4991; x_wconf 93' lang='lat' dir='ltr'>in</span> <span class='ocrx_word' id='word_1_838' title='bbox 2591 4936 2812 5002; x_wconf 70' lang='lat' dir='ltr'>laetitia,</span> <span class='ocrx_word' id='word_1_839' title='bbox 2839 4937 2993 5008; x_wconf 91' lang='lat' dir='ltr'>quod</span> <span class='ocrx_word' id='word_1_840' title='bbox 3015 4941 3103 4991; x_wconf 89' lang='lat' dir='ltr'>est</span> <span class='ocrx_word' id='word_1_841' title='bbox 3133 4937 3269 4991; x_wconf 88' lang='lat' dir='ltr'>Isot.</span> <span class='ocrx_word' id='word_1_842' title='bbox 3296 4940 3369 4984; x_wconf 73' lang='grc' dir='ltr'>ΡΟ</span> <span class='ocrx_word' id='word_1_843' title='bbox 3393 4949 3610 4992; x_wconf 71' lang='lat' dir='ltr'>tactum</span> <span class='ocrx_word' id='word_1_844' title='bbox 3633 4943 3722 4994; x_wconf 85' lang='lat' dir='ltr'>est</span> 
     </span>
    </p>
   </div>
   <div class='ocr_carea' id='block_1_114' title="bbox 2069 5025 3721 5099">
    <p class='ocr_par' dir='ltr' id='par_1_114' title="bbox 2069 5025 3721 5099">
     <span class='ocr_line' id='line_1_115' title="bbox 2069 5025 3721 5099; baseline -0.001 -17"><span class='ocrx_word' id='word_1_845' title='bbox 2069 5027 2258 5098; x_wconf 88' lang='lat' dir='ltr'>spolia</span> <span class='ocrx_word' id='word_1_846' title='bbox 2289 5033 2450 5082; x_wconf 81' lang='lat' dir='ltr'>terrae</span> <span class='ocrx_word' id='word_1_847' title='bbox 2484 5027 2609 5081; x_wconf 91' lang='lat' dir='ltr'>sine</span> <span class='ocrx_word' id='word_1_848' title='bbox 2641 5027 2947 5099; x_wconf 88' lang='lat' dir='ltr'>sanguine.</span> <span class='ocrx_word' id='word_1_849' title='bbox 2968 5027 3087 5072; x_wconf 74' lang='grc' dir='ltr'>ΝΛΞ</span> <span class='ocrx_word' id='word_1_850' title='bbox 3111 5025 3260 5080; x_wconf 84' lang='lat' dir='ltr'>facta</span> <span class='ocrx_word' id='word_1_851' title='bbox 3287 5031 3426 5080; x_wconf 88' lang='lat' dir='ltr'>sunt</span> <span class='ocrx_word' id='word_1_852' title='bbox 3449 5026 3721 5098; x_wconf 88' lang='lat' dir='ltr'>profundi</span> 
     </span>
    </p>
   </div>
   <div class='ocr_carea' id='block_1_115' title="bbox 2067 5115 3722 5188">
    <p class='ocr_par' dir='ltr' id='par_1_115' title="bbox 2067 5115 3722 5188">
     <span class='ocr_line' id='line_1_116' title="bbox 2067 5115 3722 5188; baseline 0.002 -18"><span class='ocrx_word' id='word_1_853' title='bbox 2067 5117 2260 5188; x_wconf 81' lang='lat' dir='ltr'>abyssi</span> <span class='ocrx_word' id='word_1_854' title='bbox 2296 5116 2353 5171; x_wconf 89' lang='lat' dir='ltr'>in</span> <span class='ocrx_word' id='word_1_855' title='bbox 2387 5115 2548 5170; x_wconf 88' lang='lat' dir='ltr'>luctu</span> <span class='ocrx_word' id='word_1_856' title='bbox 2572 5116 2784 5180; x_wconf 87' lang='lat' dir='ltr'>cordis,</span> <span class='ocrx_word' id='word_1_857' title='bbox 2819 5116 2972 5185; x_wconf 90' lang='lat' dir='ltr'>quod</span> <span class='ocrx_word' id='word_1_858' title='bbox 3033 5120 3120 5171; x_wconf 90' lang='lat' dir='ltr'>est</span> <span class='ocrx_word' id='word_1_859' title='bbox 3150 5125 3241 5171; x_wconf 82' lang='grc' dir='ltr'>ΞΕ.</span> <span class='ocrx_word' id='word_1_860' title='bbox 3275 5128 3372 5172; x_wconf 77' lang='lat' dir='ltr'>HN.</span> <span class='ocrx_word' id='word_1_861' title='bbox 3425 5117 3722 5188; x_wconf 85' lang='lat' dir='ltr'>Fugerunt</span> 
     </span>
    </p>
   </div>
   <div class='ocr_carea' id='block_1_116' title="bbox 2067 5205 3719 5270">
    <p class='ocr_par' dir='ltr' id='par_1_116' title="bbox 2067 5205 3719 5270">
     <span class='ocr_line' id='line_1_117' title="bbox 2067 5205 3719 5270; baseline 0.001 -9"><span class='ocrx_word' id='word_1_862' title='bbox 2067 5205 2394 5261; x_wconf 87' lang='lat' dir='ltr'>absconditi</span> <span class='ocrx_word' id='word_1_863' title='bbox 2431 5205 2556 5259; x_wconf 90' lang='lat' dir='ltr'>sine</span> <span class='ocrx_word' id='word_1_864' title='bbox 2587 5205 2810 5270; x_wconf 89' lang='lat' dir='ltr'>timore,</span> <span class='ocrx_word' id='word_1_865' title='bbox 2837 5205 2996 5269; x_wconf 91' lang='lat' dir='ltr'>Quod</span> <span class='ocrx_word' id='word_1_866' title='bbox 3022 5209 3108 5259; x_wconf 87' lang='lat' dir='ltr'>est</span> <span class='ocrx_word' id='word_1_867' title='bbox 3133 5217 3270 5262; x_wconf 75' lang='grc' dir='ltr'><strong>ΟΑΩ.</strong></span> <span class='ocrx_word' id='word_1_868' title='bbox 3300 5207 3587 5262; x_wconf 75' lang='lat'>99-108</span> <span class='ocrx_word' id='word_1_869' title='bbox 3611 5207 3719 5270; x_wconf 90' lang='lat' dir='ltr'>Qui</span> 
     </span>
    </p>
   </div>
   <div class='ocr_carea' id='block_1_117' title="bbox 2067 5293 3718 5364">
    <p class='ocr_par' dir='ltr' id='par_1_117' title="bbox 2067 5293 3718 5364">
     <span class='ocr_line' id='line_1_118' title="bbox 2067 5293 3718 5364; baseline 0.002 -16"><span class='ocrx_word' id='word_1_870' title='bbox 2067 5295 2227 5350; x_wconf 88' lang='lat' dir='ltr'>novit</span> <span class='ocrx_word' id='word_1_871' title='bbox 2257 5294 2303 5350; x_wconf 89' lang='lat' dir='ltr'>si</span> <span class='ocrx_word' id='word_1_872' title='bbox 2339 5299 2658 5349; x_wconf 88' lang='lat' dir='ltr'>revertatur</span> <span class='ocrx_word' id='word_1_873' title='bbox 2687 5297 2743 5347; x_wconf 92' lang='lat' dir='ltr'>et</span> <span class='ocrx_word' id='word_1_874' title='bbox 2774 5297 2908 5364; x_wconf 90' lang='lat' dir='ltr'>agat</span> <span class='ocrx_word' id='word_1_875' title='bbox 2938 5293 3332 5364; x_wconf 67' lang='lat' dir='ltr'>paenitentiam</span> <span class='ocrx_word' id='word_1_876' title='bbox 3368 5299 3536 5351; x_wconf 90' lang='lat' dir='ltr'>Deus.</span> <span class='ocrx_word' id='word_1_877' title='bbox 3570 5307 3718 5353; x_wconf 82' lang='grc' dir='ltr'>ΤΒΨ.</span> 
     </span>
    </p>
   </div>
   <div class='ocr_carea' id='block_1_118' title="bbox 2066 5379 3719 5454">
    <p class='ocr_par' dir='ltr' id='par_1_118' title="bbox 2066 5379 3719 5454">
     <span class='ocr_line' id='line_1_119' title="bbox 2066 5379 3719 5454; baseline 0 -16"><span class='ocrx_word' id='word_1_878' title='bbox 2066 5384 2358 5438; x_wconf 71' lang='lat' dir='ltr'>Laetentur</span> <span class='ocrx_word' id='word_1_879' title='bbox 2389 5379 2602 5452; x_wconf 75' lang='lat' dir='ltr'>cmli,et</span> <span class='ocrx_word' id='word_1_880' title='bbox 2629 5380 2881 5436; x_wconf 81' lang='lat' dir='ltr'>exsultet</span> <span class='ocrx_word' id='word_1_881' title='bbox 2935 5386 3110 5437; x_wconf 88' lang='lat' dir='ltr'>terra.</span> <span class='ocrx_word' id='word_1_882' title='bbox 3142 5395 3259 5439; x_wconf 82' lang='lat' dir='ltr'>elx.</span> <span class='ocrx_word' id='word_1_883' title='bbox 3293 5382 3414 5438; x_wconf 88' lang='lat' dir='ltr'>Dan</span> <span class='ocrx_word' id='word_1_884' title='bbox 3457 5387 3719 5454; x_wconf 75' lang='lat' dir='ltr'>expectat</span> 
     </span>
    </p>
   </div>
   <div class='ocr_carea' id='block_1_119' title="bbox 2065 5469 3712 5542">
    <p class='ocr_par' dir='ltr' id='par_1_119' title="bbox 2065 5469 3712 5542">
     <span class='ocr_line' id='line_1_120' title="bbox 2065 5469 3712 5542; baseline 0.001 -16"><span class='ocrx_word' id='word_1_885' title='bbox 2065 5471 2320 5526; x_wconf 86' lang='lat' dir='ltr'>salutare</span> <span class='ocrx_word' id='word_1_886' title='bbox 2350 5469 2450 5525; x_wconf 91' lang='lat' dir='ltr'>Dei</span> <span class='ocrx_word' id='word_1_887' title='bbox 2483 5482 2630 5528; x_wconf 80' lang='grc' dir='ltr'>ΟΑΦ.</span> <span class='ocrx_word' id='word_1_888' title='bbox 2663 5469 2734 5525; x_wconf 89' lang='lat' dir='ltr'>de</span> <span class='ocrx_word' id='word_1_889' title='bbox 2767 5469 3049 5526; x_wconf 88' lang='lat' dir='ltr'>Nazareth</span> <span class='ocrx_word' id='word_1_890' title='bbox 3084 5473 3275 5542; x_wconf 88' lang='lat' dir='ltr'>potest</span> <span class='ocrx_word' id='word_1_891' title='bbox 3319 5469 3538 5542; x_wconf 88' lang='lat' dir='ltr'>aliquid</span> <span class='ocrx_word' id='word_1_892' title='bbox 3572 5470 3712 5527; x_wconf 89' lang='lat' dir='ltr'>boni</span> 
     </span>
    </p>
   </div>
   <div class='ocr_carea' id='block_1_120' title="bbox 2063 5557 3717 5648">
    <p class='ocr_par' dir='ltr' id='par_1_120' title="bbox 2063 5557 3717 5648">
     <span class='ocr_line' id='line_1_121' title="bbox 2063 5557 3717 5648; baseline 0.001 -30"><span class='ocrx_word' id='word_1_893' title='bbox 2063 5575 2193 5648; x_wconf 82' lang='lat' dir='ltr'>esse</span> <span class='ocrx_word' id='word_1_894' title='bbox 2223 5572 2278 5622; x_wconf 82' lang='lat' dir='ltr'><strong>BI</strong></span> <span class='ocrx_word' id='word_1_895' title='bbox 2308 5572 2397 5622; x_wconf 77' lang='lat' dir='ltr'>El‘.</span> <span class='ocrx_word' id='word_1_896' title='bbox 2433 5559 2781 5620; x_wconf 84' lang='lat' dir='ltr'>Benedictus</span> <span class='ocrx_word' id='word_1_897' title='bbox 2812 5559 2968 5620; x_wconf 88' lang='lat' dir='ltr'>Deus</span> <span class='ocrx_word' id='word_1_898' title='bbox 2997 5575 3190 5621; x_wconf 84' lang='lat' dir='ltr'>escam</span> <span class='ocrx_word' id='word_1_899' title='bbox 3251 5557 3411 5621; x_wconf 82' lang='lat' dir='ltr'>dedit</span> <span class='ocrx_word' id='word_1_900' title='bbox 3456 5557 3717 5620; x_wconf 79' lang='lat' dir='ltr'>timenti~</span> 
     </span>
    </p>
   </div>
  </div>
