4118 6158
457 234 575 304 W3

1705 230 1769 298 S.
1817 230 2129 299 EUSEBII
2172 229 2617 304 HIEBONYMI

3748 227 3865 297 164

454 370 569 429 bus
601 382 664 426 se
693 379 861 426 ΩΚΖΤ.
895 359 1142 423 Fructus
1172 362 1290 423 oris
1319 366 1434 423 mei
1464 367 1653 425 dulcis
1682 368 1870 425 factus
1926 372 2015 426 est
2048 368 2104 425 in
2136 371 2189 437 Α
2220 369 2477 426 salutare
2504 374 2696 425 tuum.
2722 381 2798 432 C8
2827 387 2925 428 cor
2956 367 3191 442 sapiens
3220 367 3493 442 intelligit
3508 365 3864 440 parabolam.

450 456 630 516 labiis
656 456 804 514 meis
834 455 971 512 INC.
1013 455 1301 513 Dominus
1329 456 1431 513 dat
1461 455 1604 533 mihi
1631 456 1896 530 linguam
1930 456 2105 512 disci-

455 545 627 619 plinae
682 558 812 606 AOP.
869 544 995 603 Non
1038 545 1274 612 moriar,
1325 546 1424 602 sed
1475 546 1685 613 vivam,
1744 550 1801 602 et
1856 546 2105 602 narrabo

449 652 628 709 opera
653 634 910 693 Domini.
972 644 1054 692 In.
1106 634 1213 699 Qui
1247 634 1576 706 ingreditur
1604 652 1705 708 per
1736 652 1848 702 me,
1907 635 2104 691 salvus

449 725 582 782 erit.
610 725 754 780 ΤΚΟ
785 722 1379 796 quaeriturjudicium
1436 723 1667 781 Domini
1697 724 1768 779 ad
1818 722 2103 796 populum

446 816 577 885 ejus
607 813 950 870 Damascus.
988 825 1096 870 oaz
1126 813 1267 885 quia
1297 813 1577 869 misertus
1608 817 1699 868 est
1736 812 1891 868 Deus
1917 812 2100 869 Israe-

445 898 544 971 lis,
576 904 635 957 et
663 899 920 957 humiles
952 899 1150 972 populi
1170 900 1265 954 sui
1296 899 1632 956 consolatus
1655 904 1759 956 est.
1788 900 1915 955 MN.
1942 900 2105 956 Sicut

443 1006 601 1062 aqua
629 989 849 1062 frigida
878 989 1086 1045 anima
1120 988 1362 1053 sitienti,
1397 989 1480 1045 sic
1511 988 1755 1045 nuntius
1812 989 2001 1045 bonu‘s
2030 990 2102 1046 de

441 1082 602 1137 terra
627 1078 973 1152 longinqua.
1005 1090 1375 1139 ePNlNZOPm.

441 1221 681 1277 VERBA
721 1220 884 1287 QUAE
924 1220 1248 1277 LOCUTUS
1290 1221 1423 1277 EST
1461 1221 1523 1277 P.
1565 1221 1633 1277 N.
1693 1221 2099 1278 PACHOMIUS

439 1323 507 1374 In
533 1320 745 1392 uisione
774 1319 1032 1375 erudiens
1073 1322 1275 1392 fratres
1333 1321 1392 1374 in
1441 1322 1769 1392 monasterio
1803 1320 2101 1392 iMochansi

510 1390 579 1446 de
608 1389 691 1446 his
721 1407 839 1462 qua
869 1392 947 1447 eis
975 1389 1237 1447 eventura
1294 1396 1490 1458 essent,
1522 1400 1574 1448 et
1631 1391 1728 1447 illo
1779 1391 1992 1447 dicente
2046 1398 2100 1447 et

514 1462 763 1587 loquente
792 1463 851 1516 in
880 1464 1101 1534 spiritu,
1131 1468 1353 1533 excepta
1381 1471 1508 1518 sunt
1557 1480 1591 1518 a
1633 1464 1919 1534 fratribus,
1974 1478 2099 1535 quae

514 1549 573 1587 ve
624 1535 830 1587 facturi
858 1544 1033 1587 essent
1061 1536 1337 1587 principes
1359 1536 1835 1587 monasteriorum.
1866 1534 1951 1587 vel
1976 1552 2097 1587 nas-

508 1534 595 1587 vel
620 1535 830 1617 facturi
858 1544 1033 1589 essent
1056 1536 1337 1606 principes
1359 1536 1835 1601 monasteriorum,
1866 1534 1951 1590 vel
1970 1534 2097 1607 pas-

521 1620 641 1661 suri
650 1648 663 1661 .

700 1696 1417 1743 ΑΝΝΑΜΜΛΛΒΝΙΡΙΖΖΟῘΓῙΘ
1449 1693 1813 1742 ΡΗΟΩΨΥΤΥΧ

768 1774 1741 1823 ΨΛΟΜΝΠΦΧΓΘΙΛΨΒΙΜΞΤΔΖΛΡΕΤ
1750 1813 1760 1822 .

509 1888 578 1943 Χ.
613 1887 1104 1945 Monasteriorum
1157 1888 1451 1961 principes
1511 1889 1731 1961 operati
1786 1894 1926 1945 sunt
1981 1888 2091 1945 ini-

436 1975 720 2048 quitatem
778 1976 838 2033 in
897 1976 1193 2050 sportellis
1250 1976 1420 2033 suis:
1457 1976 1689 2051 gladius
1748 1977 2092 2050 perditionis

435 2066 708 2137 ipsorum
753 2066 863 2122 sub
896 2065 1083 2122 axella
1139 2083 1360 2133 coram,
1393 2068 1492 2138 qui
1550 2072 1639 2122 est
1695 2072 1859 2123 ortus
1893 2085 1906 2122 :
1941 2067 2090 2124 insi-

434 2154 676 2210 diantur
725 2155 881 2228 apud
933 2155 1144 2226 ianuas
1200 2155 1434 2211 inferni.
1494 2156 1873 2212 Abundantia
1923 2162 2090 2212 terrae

440 2247 497 2298 et
527 2243 679 2299 bona
708 2260 838 2316 qua:
894 2243 1143 2317 largitus
1199 2249 1289 2300 est
1346 2244 1502 2300 Deus
1560 2245 1699 2301 ﬁliis
1757 2246 2087 2312 hominum,

432 2332 754 2388 dixerunt:
805 2332 1031 2400 Venite,
1091 2338 1150 2389 et
1205 2338 1539 2389 scrutemur
1567 2333 1690 2391 vias
1748 2340 2001 2401 nostras,
2035 2340 2091 2390 et

432 2420 738 2477 videamus
770 2421 820 2478 si
851 2421 1220 2477 invenianius
1260 2422 1634 2490 fermentum,
1670 2428 1726 2478 et
1783 2423 2090 2480 mittamus

440 2508 585 2565 illud
616 2510 676 2566 in
699 2527 959 2566 massam
994 2511 1215 2577 farinae,
1249 2528 1380 2583 quae
1440 2530 1554 2567 non
1613 2512 1800 2584 possit
1855 2512 2086 2578 elevari,
2184 2504 2190 2513 ’

434 2614 626 2670 neque
653 2599 713 2653 in
747 2598 932 2654 altum
966 2616 1318 2673 consurgere
1345 2619 1357 2667 ;
1384 2601 1484 2657 sed
1517 2602 1749 2658 deﬁciat
1777 2602 1948 2658 fame.
1984 2602 2087 2657 Pa-

429 2691 705 2742 raverunt
737 2687 948 2759 laquos
978 2688 1225 2760 pedibus
1255 2691 1399 2758 suis,
1431 2695 1490 2745 et
1529 2708 1728 2746 arcum
1791 2691 2086 2754 manibus,

430 2780 488 2830 et
509 2775 762 2831 securim
789 2775 1033 2832 humero
1064 2782 1438 2849 portaverunt
1499 2795 1511 2833 :
1573 2784 1974 2852 veneruntque
2014 2781 2085 2835 ad

437 2863 736 2921 hominem
767 2864 867 2937 qui
897 2865 1149 2921 habebat
1176 2872 1485 2929 serram,et
1531 2867 1676 2923 dixit
1730 2869 1815 2924 eis
1848 2886 1860 2923 :
1897 2869 1996 2936 Ite,
2032 2874 2088 2925 et

435 2953 598 3028 ligua
626 2954 940 3027 praecidite.
1001 2955 1070 3010 Et
1099 2955 1373 3012 dixerunt
1404 2957 1453 3012 ei
1480 2975 1497 3011 :
1530 2957 1948 3030 Nequaquam;
1983 2959 2083 3014 sed

435 3049 771 3099 scrutamur
798 3044 920 3099 vias
953 3049 1203 3113 nostras,
1235 3050 1292 3100 et
1339 3045 1672 3101 invenimus
1707 3047 2080 3115 fermentum,

428 3132 505 3187 ud
533 3132 816 3188 mittanus
842 3132 984 3187 illud
1016 3132 1075 3187 in
1110 3151 1390 3204 massam,
1449 3153 1574 3207 quae
1633 3153 1745 3191 non
1796 3135 2075 3203 elevatur,

425 3236 613 3292 neque
643 3220 701 3275 in
724 3220 910 3276 altum
940 3226 1127 3293 potest
1148 3239 1518 3296 consurgere,
1542 3225 1644 3279 sed
1672 3225 1882 3280 defecit
1900 3226 2071 3281 fame.

426 3308 667 3365 Vocavit
696 3326 832 3383 ergo
864 3309 1039 3366 homo
1096 3312 1318 3368 amicos
1349 3330 1507 3379 suos,
1542 3319 1601 3368 et
1638 3315 2077 3370 excoriaverunt

427 3398 600 3469 pedes
649 3414 873 3465 eorum,
930 3399 1419 3473 summitatesqne
1475 3419 1740 3471 manum,
1793 3402 1903 3457 hoc
1961 3409 2071 3472 est,

426 3484 679 3558 digitos:
709 3490 766 3542 et
795 3487 1163 3543 deﬂuxerunt
1193 3488 1247 3543 in
1278 3493 1515 3545 terram.
1550 3490 1849 3547 Venerunt
1878 3497 2074 3548 autem

425 3573 569 3646 pulli
600 3591 925 3638 corvorum.
960 3582 1016 3632 et
1046 3576 1383 3634 detulerunt
1413 3597 1531 3646 eos,
1565 3580 1825 3636 fecerunt
1858 3581 1937 3635 ibi
1986 3581 2075 3636 ni-

425 3663 588 3732 dum,
618 3668 675 3719 et
706 3666 858 3720 corvi
889 3671 1221 3737 genuerunt
1250 3666 1307 3721 in
1334 3666 1476 3723 locis
1496 3684 1721 3731 eorum,
1747 3686 1812 3724 ac
1845 3686 1947 3741 per
1976 3686 2075 3725 eos

424 3750 759 3809 inhabitata
789 3757 878 3808 est
906 3758 1078 3809 terra.

550 3884 790 3940 VERBA
830 3885 966 3940 PER
1009 3886 1356 3943 LITTERAS
1399 3889 1454 3944 P.
1498 3888 1565 3944 N.
1611 3888 1949 3947 PACHOMII

530 3977 601 4030 In
653 3975 846 4045 lingua
876 3974 1211 4043 abscondila,
1245 3976 1311 4032 de
1340 3976 1425 4032 his
1456 3995 1575 4050 qum
1603 3982 1794 4049 futura
1821 3985 1964 4036 sunt.

492 4096 588 4153 XI.
619 4097 805 4154 Verax
862 4103 952 4155 est
982 4099 1040 4155 in
1091 4100 1366 4157 omnibus
1398 4102 1573 4169 Deus,
1637 4103 1736 4175 qui
1769 4103 1910 4159 dicit
1960 4105 2072 4174 PN,

422 4202 627 4244 omnes
658 4191 947 4245 torrentes
993 4189 1217 4245 vadunt
1247 4190 1305 4246 in
1358 4208 1518 4247 mare
1550 4192 1615 4247 K.
1668 4192 1954 4248 Dominus
1986 4210 2073 4250 re-

422 4275 612 4347 spexit
639 4276 711 4333 de
743 4275 906 4333 coelo.
938 4279 1003 4333 A.
1053 4278 1174 4333 Non
1236 4284 1325 4335 est
1356 4278 1506 4335 ultra
1565 4281 1849 4351 sapientia
1905 4281 1965 4336 in
1996 4286 2072 4339 te.

420 4376 621 4421 ΜΑΝΥΤ
653 4364 847 4421 Placet
876 4366 1113 4423 domino
1146 4367 1203 4422 in
1237 4367 1328 4424 his
1368 4369 1468 4440 qui
1498 4368 1709 4424 timent
1740 4370 2069 4427 Dominum.

2124 1741 2171 1805 Β

2217 459 2263 514 Τ
2290 459 2551 514 vidimus
2581 458 2737 531 quod
2768 459 2903 514 Sion
2936 457 3274 531 spoliaverit
3293 473 3356 514 se
3384 455 3654 531 gloriam,
3686 468 3862 528 quam

2215 547 2422 604 habuit
2452 552 2524 604 ab
2583 547 2749 603 initio
2783 565 2796 603 :
2830 548 3045 603 idcirco
3072 565 3188 603 non
3241 546 3548 603 incanduit
3597 551 3655 601 G.
3714 544 3867 600 Inter

2214 635 2440 693 litteras
2471 650 2548 694 NT
2577 654 2690 692 non
2723 636 2995 692 scribitas
3025 637 3087 706 Ζ,
3119 636 3220 692 sed
3255 636 3443 708 magis
3472 651 3541 691 ex
3573 633 3865 706 superﬂuo

2215 728 2450 783 scribite
2479 727 2643 783 AOA.
2677 728 2802 782 AIA
2834 727 2954 781 scio
2985 726 3142 797 quod
3176 726 3403 781 scribas
3432 741 3501 781 ex
3529 722 3860 795 temetipso.

2212 815 2277 871 In
2308 815 2401 870 his
2433 816 2707 871 omnibus
2740 820 3029 870 memento
3059 816 3123 884 A,
3156 814 3369 870 festina
3402 818 3467 869 ut
3492 812 3713 869 scribas
3741 812 3785 867 Ι.
3807 814 3864 868 et

2211 905 2372 961 dicas
2391 905 2544 977 quod
2569 904 2755 976 iqsius
2775 903 2851 960 sit
2870 904 3177 975 hucusque
3199 903 3260 960 E.
3281 904 3568 975 scriptum
3589 906 3679 958 est
3702 913 3860 960 mox.

2210 992 2337 1065 ipse
2366 993 2603 1066 scripsit
2624 996 2683 1059 Ξ,
2716 996 2774 1048 et
2802 992 2851 1048 si
2891 991 3178 1063 scriptum
3238 995 3327 1047 est
3382 988 3657 1049 similiter
3684 994 3742 1049 et
3796 990 3857 1045 Κ.

2210 1099 2449 1138 rursum
2489 1098 2813 1155 expansum
2845 1081 3055 1136 habeto
3080 1081 3147 1136 Ο.
3178 1079 3307 1136 Tibi
3345 1079 3741 1136 necessarium
3772 1081 3861 1134 est

2209 1187 2539 1238 numerare,
2571 1176 2628 1227 et
2656 1171 2742 1227 sic
2772 1171 2984 1226 iterum
3016 1169 3207 1225 scribo
3232 1170 3280 1225 A
3309 1173 3366 1224 et
3417 1168 3560 1225 CIII.
3619 1167 3772 1224 Pone
3818 1170 3859 1215 Ω

2208 1264 2342 1316 ante
2372 1260 2572 1317 oculos
2604 1266 2760 1327 tuos,
2792 1264 2857 1315 ut
2884 1260 3032 1315 bene
3062 1258 3137 1315 sit
3159 1257 3366 1315 animae
3397 1261 3533 1313 tum.
3565 1256 3855 1315 Memento

2207 1348 2266 1404 C.
2292 1350 2447 1421 quod
2482 1365 2778 1405 reversum
2831 1348 2909 1403 sit
2938 1348 2997 1402 in
3049 1347 3361 1411 Kalendas,
3407 1345 3564 1417 quod
3622 1350 3713 1402 est
3739 1355 3858 1405 εθο

2206 1451 2302 1495 01‘.
2336 1439 2626 1494 Memento
2656 1442 2713 1493 et
2742 1437 2931 1493 scribe
2957 1438 3018 1502 Ζ,
3044 1441 3275 1509 prootcr
3314 1435 3377 1501 Κ,
3412 1434 3570 1506 quod
3601 1438 3690 1491 est
3719 1434 3859 1491 scri-

2204 1531 2393 1600 ptum,
2428 1543 2543 1583 non
2575 1544 2690 1600 quo
2721 1542 2826 1599 ego
2852 1525 2957 1581 tibi
2989 1542 3147 1581 nunc
3176 1525 3391 1592 dicam,
3424 1524 3527 1580 sed
3571 1539 3687 1594 quo
3717 1539 3856 1579 con-

2204 1617 2407 1683 ﬁdam,
2438 1617 2592 1688 quod
2624 1615 2776 1672 hanc
2805 1615 2961 1671 diem
2995 1613 3272 1677 audieris.
3332 1613 3374 1669 P
3403 1628 3636 1669 rursum
3666 1611 3857 1669 tendit

2204 1722 2446 1762 manum
2478 1717 2647 1761 suam
2678 1705 2749 1760 ad
2782 1721 2888 1760 nos
2918 1702 2977 1758 in
3009 1702 3216 1759 diebus
3274 1701 3424 1758 istis.
3458 1703 3604 1758 Ante
3654 1700 3857 1758 oculos

2200 1798 2334 1851 tuos
2363 1810 2462 1850 cor
2490 1798 2756 1849 nostrum
2788 1791 2943 1848 dolet
2969 1808 3073 1864 pro
3104 1791 3167 1860 C,
3200 1792 3340 1863 quia
3395 1807 3527 1847 vere
3578 1794 3671 1847 est
3697 1790 3759 1847 C.
3793 1793 3855 1847 et

2202 1888 2343 1940 sunt
2374 1882 2538 1939 obliti
2594 1881 3005 1937 Kalendarum.
3064 1881 3404 1937 101-102
3435 1880 3596 1946 Quod
3655 1883 3853 1937 autem

2202 1971 2523 2042 scripsistis
2553 1975 2600 2024 A
2630 1970 2769 2038 CH1,
2795 1974 2854 2025 et
2883 1968 3035 2025 alius
3066 1974 3199 2025 ante
3226 1986 3333 2025 nos
3363 1969 3499 2025 fecit
3527 1968 3637 2025 hoc
3670 1967 3849 2035 idem,

2199 2065 2257 2116 et
2286 2060 2429 2116 dixit
2459 2077 2475 2116 :
2510 2060 2643 2115 Ecce
2670 2062 2828 2115 mitto
2853 2076 2946 2115 vos
2974 2061 3054 2115 sic
3083 2074 3203 2115 oves
3252 2060 3311 2114 in
3364 2058 3542 2114 medio
3600 2058 3853 2130 luporum

2200 2150 2387 2218 (Matii.
2418 2167 2474 2217 x,
2509 2148 2618 2219 I6).
2653 2148 3006 2204 Audivimus
3054 2164 3291 2204 rursum
3349 2148 3422 2204 de
3473 2159 3633 2215 auso,
3691 2147 3853 2219 quod

2200 2240 2328 2294 duze
2351 2243 2493 2295 sunt
2517 2237 2801 2295 molentes
2818 2237 2996 2293 simul
3021 2256 3035 2307 ;
3067 2255 3186 2294 una
3202 2240 3560 2302 assumatur,
3582 2241 3641 2292 et
3669 2235 3857 2294 altera

2199 2328 2585 2401 relinquatur.

2307 2469 2657 2527 EPISTOLA
2684 2472 2704 2545 »ί
2756 2468 3014 2525 PATRIS
3054 2468 3320 2526 NOSTRI
3372 2467 3737 2525 THEODORI

2519 2558 2599 2614 Ad
2628 2560 2817 2615 omnia
2842 2560 3173 2616 Monasteria
3204 2557 3268 2614 de
3296 2559 3525 2614 Pascha.

2270 2683 2388 2738 XII.
2440 2683 2906 2755 Apropinquavit
2964 2682 3306 2739 solemnitas
3362 2698 3722 2755 azymorum,
3786 2682 3853 2738 in

2198 2790 2315 2845 qua
2346 2774 2567 2829 Pascha
2596 2772 3010 2829 celebrandum
3060 2777 3168 2840 est,
3202 2773 3275 2828 de
3329 2788 3446 2843 quo
3503 2776 3560 2828 et
3615 2772 3857 2842 Moyses

2195 2862 2387 2917 erunti
2419 2861 2632 2935 populo
2663 2862 2733 2917 de
2758 2867 2914 2918 terra
2968 2862 3195 2934 Egypti
3254 2861 3527 2933 praecepit
3582 2861 3791 2918 dicens
3837 2878 3852 2916 :

2198 2950 2468 3007 Comedite
2524 2950 2666 3006 illud
2716 2968 2841 3006 cum
2897 2953 3056 3007 omni
3106 2951 3459 3023 festinatione
3517 2950 3707 3017 (Exod.
3740 2968 3854 3020 χιι,

2193 3040 2300 3111 lt).
2337 3040 2530 3096 Josias
2560 3057 2794 3113 quoque
2826 3057 2924 3096 rex
2969 3044 3173 3111 justus
3219 3038 3669 3112 diligentissime
3695 3039 3858 3096 cele-

2114 3113 2155 3179 C
2194 3131 2381 3186 bravit
2413 3130 2636 3186 Pascha
2666 3131 2725 3185 in
2757 3129 2964 3186 diebus
2997 3130 3142 3197 suis,
3165 3133 3223 3184 et
3252 3129 3516 3186 studium
3547 3130 3675 3199 ejus
3704 3127 3861 3186 huc-

2185 3236 2374 3291 usque
2404 3224 2672 3274 narratur
2700 3219 2789 3286 (IV
2816 3224 2943 3290 Reg.
2977 3218 3060 3288 ιι).
3113 3223 3298 3289 Super
3320 3234 3436 3290 quo
3495 3222 3552 3274 et
3605 3219 3865 3289 Aposto-

2184 3307 2279 3363 lus
2312 3308 2574 3380 loquitur
2605 3324 2618 3361 :
2655 3308 2867 3363 Pascha
2894 3311 3143 3362 nostrum
3189 3307 3507 3362 immolatus
3548 3314 3625 3363 est
3653 3306 3864 3364 Chris-

2181 3405 2294 3453 stus
2327 3398 2371 3469 (Ι
2404 3396 2522 3452 Cor.
2557 3414 2610 3465 v,
2640 3397 2716 3468 7).
2764 3397 2963 3468 Itaque
2996 3397 3054 3450 in
3114 3412 3181 3452 eo
3244 3395 3393 3451 festa
3448 3395 3855 3465 celebremus,

2184 3487 2337 3541 sicut
2394 3489 2749 3557 praeceptum
2781 3491 2870 3541 est
2901 3485 3091 3541 nobis.
3123 3484 3421 3556 Accingite
3450 3482 3683 3539 lumbos
3738 3499 3856 3539 ve-

2185 3578 2358 3641 stros,
2392 3580 2448 3628 et
2478 3573 2727 3629 calceata
2765 3574 2941 3645 pedes
2967 3572 3380 3630 calceamentis
3438 3571 3802 3645 evangeliois
3841 3588 3857 3627 :

2184 3662 2464 3718 habentes
2493 3662 2733 3718 baculos
2762 3663 2818 3716 in
2844 3662 3141 3732 manibus,
3173 3667 3231 3717 et
3251 3662 3520 3718 lucernas
3543 3662 3857 3730 ardentes;

2185 3756 2252 3807 ut
2284 3751 2578 3824 possimus
2610 3752 2911 3808 comedere
2940 3751 3161 3807 Pascha
3190 3767 3327 3806 cum
3359 3750 3757 3818 festinatione,
3787 3754 3861 3806 et

2185 3841 2574 3897 ascendamus
2606 3841 2662 3895 in
2716 3839 3041 3896 Jerusalem
3100 3844 3233 3896 ante
3263 3856 3364 3896 sex
3419 3840 3545 3895 dies
3576 3838 3855 3911 Pascha,

2184 3930 2620 3986 sanctiﬁcantes
2653 3928 3064 4001 nosmetipsos,
3120 3933 3185 3984 ut
3230 3933 3498 3985 sanctum
3557 3927 3715 3983 diem
3781 3928 3858 3987 in

2184 4018 2501 4075 sanctitate
2529 4017 2912 4089 celebremus,
2958 4018 3179 4089 absque
3208 4016 3434 4072 malitia
3462 4020 3519 4072 et
3549 4015 3859 4087 nequitia,

2181 4106 2242 4162 in
2275 4106 2668 4163 sanctimonia
2696 4110 2755 4162 et
2780 4106 3039 4173 veritate,
3075 4123 3194 4178 qua
3224 4105 3498 4178 pracepit
3554 4104 3730 4161 nobis
3792 4109 3866 4164 et

2182 4195 2521 4268 Apostolus,
2554 4200 2612 4252 et
2642 4196 2811 4251 Pater
2838 4199 3056 4263 noster,
3089 4212 3123 4250 a
3153 4211 3270 4267 quo
3291 4193 3683 4251 coenobiorum
3717 4194 3867 4253 vita

2183 4285 2429 4341 fundata
2457 4289 2548 4341 est
2600 4287 2642 4339 ².
2676 4285 2750 4340 Ut
2810 4285 3027 4356 pariter
3079 4298 3503 4356 congregemur
3560 4283 3620 4338 in
3666 4299 3867 4354 pace,

2175 4374 2346 4444 juxta
2371 4374 2656 4429 terminos
2685 4389 2833 4445 quos
2863 4372 3155 4444 praeterire
3186 4372 3349 4428 nefas
3382 4376 3471 4428 est
3503 4389 3515 4427 :
3548 4376 3612 4428 ut
3632 4371 3870 4435 nullus

421 4451 618 4549 CDOM
648 4457 926 4549 Exsurge,
960 4455 1167 4549 utquid
1200 4457 1502 4547 dormitas,
1530 4548 1534 4549 γ
1564 4457 1856 4549 Domine?
1886 4471 1923 4515 Θ
1980 4478 2071 4516 sa-
2105 4483 2150 4549 υ
2183 4466 2454 4519 nostrum
2486 4462 2708 4534 absque
2741 4462 3125 4533 dispositione
3155 4460 3523 4533 majorumin
3545 4466 3871 4519 monaste-

423 4539 688 4612 pientum
719 4542 870 4597 oculi
902 4543 961 4598 in
994 4544 1186 4616 capite
1235 4540 1464 4601 eorum}
1512 4548 1769 4602 Arrabon
1829 4553 1917 4603 est
1968 4567 2069 4621 pa-
2105 4539 2143 4549 ⁷
2181 4553 2284 4608 riis
2317 4568 2621 4608 remanere
2652 4551 2978 4618 desideret;
3007 4555 3075 4606 ut
3131 4550 3560 4618 convenientes,
3609 4550 3873 4623 absque

420 4628 627 4685 tientia
682 4632 977 4703 pauperis.
1040 4645 1202 4691 ΗΘΛΜ
1259 4634 1478 4689 Laetitia
1529 4636 1827 4705 justorum
1886 4638 2072 4695 facere
2183 4644 2469 4713 praecepto
2503 4641 2793 4712 majorum
2827 4657 2943 4695 non
2987 4639 3244 4696 veniant.
3294 4640 3413 4697 Nos
3442 4654 3674 4711 quoque
3740 4641 3875 4712 qui

410 4718 726 4791 judicium.
755 4718 800 4774 N
823 4719 981 4776 ﬁlius
1012 4723 1245 4792 sapiens
1269 4723 1584 4793 judicium.
1616 4729 1702 4771 ΦΓ
1731 4725 1896 4781 dolor
1923 4728 2067 4782 stuti
2180 4730 2446 4785 videmur
2477 4729 2767 4801 prepositi
2798 4745 2928 4785 esse
2959 4729 3260 4799 fratribus,
3295 4734 3353 4785 et
3376 4727 3877 4788 conversationis

419 4812 509 4865 est
528 4808 774 4865 deﬁcere
794 4808 1187 4881 disciplinam.
1214 4812 1256 4866 T
1275 4813 1438 4868 aufer
1457 4813 1872 4870 vestimentum
1900 4818 2028 4887 ejus
2052 4835 2065 4885 ;
2178 4835 2380 4875 eorum
2412 4819 2716 4874 ostendere
2746 4817 2999 4890 regulas,
3034 4819 3256 4890 absque
3296 4818 3641 4875 necessitate
3669 4821 3878 4890 gravi

419 4897 739 4970 praeteribit
767 4896 922 4954 enim
956 4898 1279 4971 injuriosus
1311 4914 1412 4957 ΥΦ.
1446 4907 1503 4957 et
1558 4902 1690 4958 allis
1729 4904 1899 4960 faciet
1925 4922 2067 4960 con-
2178 4925 2293 4963 non
2325 4925 2424 4963 eos
2457 4908 2753 4981 patiamur
2781 4908 3037 4963 residere
3086 4907 3245 4963 domi
3279 4925 3292 4963 :
3326 4924 3432 4964 nec
3471 4924 3576 4980 pro
3631 4912 3878 4968 nostra

419 4984 744 5042 tumeliam.
778 4988 891 5043 CN.
923 4988 1260 5044 Thesaurus
1317 4990 1723 5047 desiderabilis
1755 4994 2070 5065 requiescit
2177 4998 2480 5053 occasione
2512 4996 2807 5053 Paschalis
2857 4996 3184 5068 frequentia
3232 4997 3571 5063 deseratur;
3631 4999 3697 5052 ut
3765 4999 3881 5056 in-

420 5070 482 5126 in
508 5088 606 5128 ore
648 5075 948 5145 sapientis.
983 5077 1087 5133 KM
1146 5095 1453 5151 usquequo
1511 5081 1752 5152 respicis
1808 5089 2066 5139 contem-
2174 5087 2483 5143 vectamur
2511 5103 2790 5142 evacuare
2822 5091 3109 5158 praecepta
3142 5086 3330 5142 Patris
3379 5085 3599 5154 nostri;
3632 5086 3751 5143 sed
3794 5092 3884 5147 ut

421 5164 636 5232 ptores,
659 5167 717 5217 et
744 5165 962 5221 tacebis
984 5167 1011 5220 ‘?
1040 5168 1211 5223 TMA.
1244 5168 1588 5225 Defecerunt
1627 5169 1779 5226 oculi
1833 5172 1949 5227 mei
2007 5172 2064 5228 in
2176 5176 2411 5233 contriti
2440 5192 2507 5231 ea
2537 5192 2664 5247 quas
2688 5174 2908 5246 scripta
2938 5180 3075 5231 sunt
3104 5176 3175 5230 ab
3225 5191 3312 5243 eo,
3366 5191 3633 5232 normam
3684 5179 3884 5234 veri-

2177 5320 2445 5375 meminit
2473 5318 2531 5374 in
2564 5318 2673 5373 hac
2700 5317 2970 5389 epistola,
3027 5317 3522 5390 quemadmodum
3583 5320 3639 5372 et
3680 5317 3881 5379 Gen-

2174 5391 2345 5445 nadic
2380 5397 2642 5445 notatum
2674 5394 2782 5458 est,
2813 5407 2940 5462 cap.
2995 5389 3250 5455 laudato,
3308 5391 3462 5461 quod
3520 5391 3885 5462 [regumter

2174 5464 2485 5533 meminerit
2515 5463 2776 5532 magistri
2821 5458 2901 5517 ct'
2929 5462 3258 5518 institutoris
3316 5458 3406 5518 sui
3461 5458 3771 5522 Pachomii
3810 5473 3883 5533 et

2174 5532 2475 5595 donarium
2497 5534 2615 5608 eius
2642 5550 2707 5595 ac
2734 5534 2862 5593 vita:
2883 5535 3233 5613 proposuerit
3260 5534 3529 5611 suompte.

428 5306 436 5316 ‘
494 5302 743 5384 {Plures
773 5303 1111 5373 hujusmodi
1157 5310 1431 5377 epistolas
1490 5330 1523 5366 a
1578 5312 1877 5370 Theodoro
1936 5331 2067 5371 con-

422 5380 690 5453 scriptas,
718 5392 967 5453 easque__
992 5388 1313 5436 sanctarum
1356 5384 1768 5453 Scripturarum
1822 5402 2068 5444 sermone

421 5448 677 5527 digestas,
710 5447 1045 5527 Gennadius
1078 5459 1360 5527 memorat
1386 5447 1513 5527 cap.
1538 5458 1590 5510 8.

492 5519 513 5557 ²
540 5517 890 5583 Pachomius
922 5536 1152 5599 nempe,
1183 5522 1352 5597 cujus
1376 5517 1544 5584 tertio
1603 5542 1835 5603 quoque
1891 5531 2065 5591 verbo
