4106 6164
368 186 475 251 105
744 186 1381 260 INTERPRETATIO
1410 197 1618 261 LIBRI
1649 197 1930 263 DIDYMI
1963 200 2066 263 DE
2099 200 2413 264 SPIRITU
2445 199 2769 266 SANCTO.
2802 235 2878 248 -—
2907 196 3365 269 ADMONITIO.
3643 200 3757 267 106

360 326 493 381 tatis
516 328 793 396 putemus
821 344 834 394 ;
868 333 924 383 et
951 328 1311 400 glorificetur
1334 333 1608 404 Deus,qui
1634 333 1826 403 posuit
1848 335 1999 389 sicut
2029 341 2077 403 Α
2110 339 2269 390 ctant
2298 334 2617 391 terribilem
2650 338 3057 394 remissionem
3088 343 3481 410 peccatorum,
3529 342 3586 395 et
3614 354 3752 412 gra-

355 430 485 469 oves
512 413 785 470 familias.
808 416 1058 472 Videant
1079 418 1321 486 recti,et
1372 419 1679 483 latentur;
1713 428 1767 476 et
1808 422 2000 477 omnis
2108 425 2251 478 tiam
2284 424 2607 495 spiritualis
2639 426 2921 497 mysterii,
2981 428 3219 482 audiant
3278 445 3379 500 per
3433 446 3554 497 vos,
3597 429 3751 501 quod

355 502 627 574 iniquitas
659 504 888 559 obturet
918 522 1017 560 cor
1046 524 1240 562 suum.
1268 508 1339 563 Ut
1371 525 1573 564 omnes
1604 526 1731 577 nos,
1756 516 1995 567 senatus
2110 513 2244 567 flere
2274 513 2523 567 debeant
2551 518 2609 567 et
2649 514 2849 585 lugere
2881 515 3123 585 antiqua
3152 522 3407 587 peccata,
3442 522 3499 573 et
3523 534 3753 589 praepa-

349 590 600 646 ﬁliorum
637 591 833 661 Israel,
876 599 1095 650 etcum
1129 596 1213 652 eis
1272 599 1511 653 secundi
1570 600 1873 656 veniamus
1923 602 1989 655 ad
2105 618 2232 657 rare
2262 618 2323 657 se
2355 603 2798 657 sanctiﬁcationi
2833 603 3165 660 animarum
3212 609 3267 660 et
3324 623 3655 677 corporum,
3687 610 3753 661 ut

351 680 589 749 Pascha,
622 686 679 736 et
705 680 1167 740 nullusenobis
1198 685 1459 757 reliquus
1486 688 1834 753 inveniatur,
1896 690 1994 761 qui
2104 690 2329 760 possint
2385 690 2674 745 sustinere
2733 693 3080 763 sanguinem
3138 698 3196 747 et
3254 710 3465 765 corpus
3520 694 3750 750 Domini

350 787 466 825 non
500 769 733 842 impleat
762 772 1049 827 terminos
1098 775 1281 829 Patris
1313 775 1497 830 nostri
1531 795 1542 831 :
1604 782 1660 831 et
1688 777 1991 849 dispensa-
2102 778 2414 833 Salvatoris
2450 797 2461 832 :
2497 780 2565 833 de
2596 796 2711 851 quo
2760 782 2935 835 etiam
2995 782 3282 853 cogitasse
3342 783 3578 838 terroris
3643 788 3750 839 est.

349 864 509 914 tores
556 858 1044 915 monasteriorum
1103 865 1160 916 et
1215 862 1523 917 domorum
1586 865 1895 935 praepositi,
1937 869 1992 919 et
2101 868 2317 922 Caetera
2346 872 2539 923 autem
2571 884 2697 939 quae
2731 869 2919 924 facere
2967 870 3247 935 debeatis,
3281 871 3500 942 optime
3547 872 3753 938 nostis,

348 948 543 1003 omnis
571 948 709 1003 ordo
743 948 1408 1022 fratrum,universaque
1431 953 1694 1036 membra
1715 953 1773 1007 iu
1805 970 1988 1008 unum
2100 972 2204 1010 nec
2236 973 2470 1011 necesse
2499 962 2585 1011 est
2616 971 2717 1028 per
2742 957 3047 1029 epistolam
3082 975 3486 1015 commonere:
3522 964 3587 1015 ut
3612 977 3753 1032 prae-

343 1052 557 1108 corpus
588 1042 813 1103 coeant,
843 1041 908 1092 ut
936 1039 1221 1094 suscitent
1252 1040 1535 1112 templum
1568 1041 1702 1097 Deo.
1738 1044 1989 1114 Congre-
2099 1044 2313 1115 paretis
2338 1062 2438 1100 vos
2464 1045 2522 1100 in
2555 1049 2813 1116 tempore
2845 1048 3180 1113 constituto,
3217 1049 3370 1119 quod
3433 1049 3602 1104 Pater
3645 1066 3755 1103 no-

340 1140 552 1195 gemur
581 1127 776 1179 autem
809 1124 866 1178 in
902 1141 1041 1195 pace
1070 1129 1246 1197 atque
1294 1128 1599 1183 concordia
1654 1147 1666 1183 :
1724 1134 1787 1184 ut
1842 1130 1987 1186 fines
2098 1137 2217 1188 ster
2246 1133 2552 1205 disposuit.
2585 1135 2700 1189 Nos
2732 1138 2787 1188 et
2816 1151 3018 1190 omnes
3052 1136 3280 1203 fratres,
3316 1137 3414 1209 qui
3445 1137 3750 1192 nobiscum

338 1216 681 1269 sanctorum
714 1216 772 1268 et
801 1213 989 1268 Patris
1021 1215 1203 1271 nostri
1227 1215 1460 1289 regulas
1491 1216 1985 1289 impleamus.Sed
2097 1226 2254 1289 sunt,
2286 1239 2389 1277 vos
2421 1222 2715 1293 impendio
2748 1223 3168 1293 salutamus,et
3192 1224 3524 1280 universam
3547 1227 3751 1280 frater-

332 1305 384 1357 et
416 1302 784 1357 catecumeui
830 1302 929 1374 qui
970 1307 1110 1358 sunt
1138 1304 1197 1358 in
1249 1306 1641 1372 monasteriis,
1676 1312 1731 1362 et
1784 1324 1983 1380 exspe-
2097 1310 2338 1366 nitatem
2371 1328 2497 1381 quae
2528 1310 2585 1366 in
2616 1311 2825 1367 vestris
2856 1316 2945 1367 est
2976 1310 3370 1367 monasteriis.

1058 1764 1180 1865 ε.
1243 1760 1921 1865 ΕΠΒΕΒῙῙ
1992 1765 2679 1867 HIBBON'

1401 1760 1921 1865 'JSEBII
1992 1765 3022 1867 HIBRONYMI

1474 2017 2044 2078 STRIDONENSIS
2094 2019 2586 2080 PRESBYTEBI

786 2217 1628 2364 INTERPIIETATIO
1726 2220 2011 2365 LIBRI
2109 2221 2407 2366 IIIIIYI

1726 2220 2011 2365 LIBRI
2109 2221 2475 2367 IIIIIYIII
2572 2220 3292 2367 ALEXANDRINI

1023 2509 1276 2632 DE
1370 2507 2178 2636 SPIRITU
2292 2507 3063 2637 SANCTO

1799 2887 2263 2948 ADMONITIO.

375 3071 669 3142 Didymus
717 3064 1168 3129 Alexandrinus,
1204 3064 1303 3133 qui
1336 3061 1686 3117 miraculum
1718 3063 1807 3117 sui
1840 3062 2275 3135 praebuit,quod
2308 3067 2513 3135 captus
2541 3081 2573 3118 a
2604 3080 2779 3135 parva
2808 3066 2971 3119 atate
3002 3063 3205 3131 oculis,
3230 3064 3608 3136 ipsorumque
3630 3062 3743 3120 ele-

304 3164 649 3217 mentorum
684 3152 1115 3227 ignarus,omni
1144 3156 1341 3207 tamen
1373 3150 1748 3206 scientiarum
1780 3150 2207 3224 genere,iisque
2236 3152 2410 3207 etiam
2445 3169 2570 3222 qua)
2605 3151 2857 3206 maxime
2886 3151 3013 3207 visu
3046 3152 3748 3225 indigent,fueritexpoli—

244 3252 253 3258 “
304 3254 426 3315 tus,
450 3248 608 3302 inter
634 3247 843 3299 cetera
873 3258 985 3313 que
1014 3240 1232 3313 ingenii
1269 3240 1357 3295 sui
1393 3239 1628 3311 reliquit
1660 3244 2064 3305 monumenta,
2098 3241 2255 3295 hunc
2314 3241 2378 3296 de
2432 3242 2643 3312 Spiritu
2675 3244 2862 3295 sancto
2906 3240 3118 3295 librum
3151 3240 3439 3313 frequenti
3499 3241 3743 3296 fratrum

309 3333 721 3393 exhortatione
751 3329 1095 3402 compulsus
1126 3333 1215 3385 est
1244 3329 1517 3398 scribere,
1565 3332 1627 3383 ut
1660 3328 2074 3383 nonnullorum
2109 3334 2436 3385 commenta
2468 3329 2755 3384 refelleret
2786 3330 2941 3384 circa
2970 3330 3253 3401 Spiritum
3297 3334 3588 3395 sanctum,
3622 3346 3749 3401 quae

310 3440 505 3497 neque
536 3424 598 3477 in
637 3419 959 3491 Scripturis
990 3417 1159 3485 lecta,
1193 3434 1380 3489 neque
1410 3435 1443 3472 a
1477 3433 1768 3488 quoquam
1801 3418 2329 3473 ecclesiasticorum
2361 3422 2621 3473 veterum
2657 3419 2895 3473 fuerant
2928 3419 3755 3490 usurpata.IIieronymus,qui

312 3513 551 3585 Didymi
583 3509 974 3567 eruditionem
1007 3524 1139 3562 cum
1168 3506 1374 3579 primis
1406 3511 1497 3561 est
1527 3505 2065 3578 admiratus,eoque
2097 3508 2377 3578 magistro
2406 3525 2549 3562 usus
2582 3508 3233 3579 Alexandriae,primum
3261 3508 3498 3579 quidem
3537 3506 3746 3582 impel_

308 3603 479 3659 lente
512 3601 755 3655 Damaso
787 3602 1048 3653 Romano
1080 3597 1380 3662 Pontiﬁce,
1417 3612 1549 3650 cum
1581 3596 1773 3650 Romae
1803 3602 2016 3668 ageret,
2053 3596 2271 3652 Latinis
2304 3596 2469 3652 illum
2501 3597 2695 3652 verbis
2728 3601 2975 3668 cmperat
3006 3597 3311 3667 explicare,
3345 3596 3556 3651 deinde
3588 3600 3747 3653 Jcro-

311 3692 608 3763 solymam
639 3686 999 3761 postliminio
1032 3702 1316 3752 reversus,
1349 3684 1677 3740 Pauliniani
1716 3686 1911 3740 fratris
1944 3685 2199 3754 hortatu,
2229 3704 2294 3741 ex
2330 3686 2553 3758 integro
2585 3686 2757 3741 vertit
2787 3690 2960 3756 atque
2991 3685 3192 3740 edidit.

384 3777 713 3851 Singularis
746 3791 917 3848 porro
940 3774 1224 3842 estliber,
1258 3774 1754 3845 quemadmodum
1783 3779 1839 3830 et
1864 3775 2252 3847 Hieronymus
2310 3776 2433 3848 ipse
2490 3776 2719 3846 quoties
2768 3791 2900 3830 eum
2962 3773 3180 3840 laudat,
3236 3778 3301 3829 ut
3357 3773 3416 3828 in
3471 3772 3746 3845 Catalogo

307 3887 441 3942 cap.
478 3869 600 3933 109,
632 3871 691 3921 et
712 3865 862 3920 libro
894 3879 936 3919 II
965 3863 1024 3918 in
1056 3864 1335 3918 Ruﬁnum
1370 3881 1382 3917 :
1416 3868 1472 3918 et
1500 3880 1642 3919 mss.
1677 3863 1905 3919 codices
1937 3869 2224 3935 quotquot
2253 3863 2984 3935 inspeximus,testimonio
3019 3867 3177 3917 sunt.
3210 3860 3580 3933 Augustinus
3604 3877 3747 3932 quo-

307 3977 421 4030 que
451 3957 557 4011 lib.
586 3970 626 4011 ιι
659 3955 1030 4022 Quaestionum
1060 3955 1117 4008 in
1150 3952 1416 4021 Exortum,
1452 3969 1576 4023 cap.
1610 3954 1700 4019 25,
1735 3953 2099 4025 Nicephorus
2132 3954 2168 4007 l.
2207 3972 2256 4008 η
2289 3970 2414 4025 cap.
2452 3956 2536 4020 17,
2572 3958 2627 4008 et
2661 3954 3034 4018 Ratramnus,
3080 3952 3181 4022 qui
3233 3951 3747 4024 Hieronymianam

308 4048 460 4103 hanc
506 4046 703 4117 ipsam
735 4042 1063 4099 versionem
1093 4041 1258 4113 legit,
1288 4045 1478 4097 contra
1509 4046 1732 4098 ercos
1763 4041 1862 4095 lib.
1900 4060 1937 4095 ιι
1970 4058 2097 4114 cap.
2130 4044 2183 4109 5,
2219 4044 2457 4097 unicum
2492 4042 2707 4096 librum
2768 4045 3018 4107 vocant;
3055 4056 3159 4095 nec
3204 4040 3316 4094 nisi
3375 4040 3750 4095 incommoda

308 4145 564 4208 περιεργίᾳ
595 4134 816 4188 factum
837 4135 1021 4203 est,ut
1041 4136 1245 4186 contra
1266 4131 1521 4186 auctoris
1551 4135 1724 4202 atque
1756 4130 2090 4202 interpretis
2123 4135 2381 4186 mentem
2416 4130 2486 4184 ad
2523 4130 2668 4184 hanc
2701 4146 2888 4200 usque
2921 4129 3073 4183 diem
3136 4128 3205 4181 ab
3268 4128 3590 4183 editoribus
3638 4128 3749 4182 cri-

308 4226 567 4297 ticisque
596 4224 659 4277 in
701 4227 820 4277 tres
850 4222 1031 4277 libros
1060 4220 1231 4292 vulgo
1258 4218 1431 4274 fuerit
1463 4220 1824 4291 dispertitus.
1863 4222 1993 4291 Ipsa
2024 4220 2196 4274 etiam
2229 4218 2514 4273 librorum
2547 4216 2843 4271 distinctio
2868 4217 3106 4270 fortuita
3145 4220 3235 4270 est
3265 4220 3439 4285 atque
3470 4214 3695 4269 inutilis
3730 4230 3743 4278 ;

311 4332 452 4370 nam
484 4310 738 4383 exempli
770 4309 977 4381 gratia,
1010 4309 1216 4365 tertius
1248 4307 1394 4363 liber
1422 4324 1452 4362 e
1483 4308 1677 4363 media
1710 4308 2029 4379 prophetici
2088 4307 2197 4363 loci
2232 4307 2591 4379 expositione
2637 4306 2873 4360 initium
2912 4305 3119 4374 jussus
3147 4308 3234 4359 est
3283 4319 3535 4369 sumere,
3588 4302 3741 4373 quod

306 4403 526 4457 vitium
552 4403 644 4455 est
664 4399 735 4454 ab
782 4397 1025 4453 erruditi
1048 4396 1349 4468 scriptoris
1373 4396 1608 4467 ingenio
1645 4396 2092 4451 alienissimum.
2137 4397 2244 4451 Sed
2273 4396 2329 4450 in
2355 4400 2473 4450 tres
2502 4395 2738 4466 quidem
2787 4398 3004 4464 partes,
3058 4397 3162 4446 aut
3203 4391 3396 4463 capita
3442 4390 3747 4446 commode

314 4491 505 4562 possit
536 4487 813 4543 distribui
840 4504 853 4553 ;
889 4502 1024 4541 nam
1056 4485 1246 4557 primo
1278 4476 1561 4556 Spiritum
1594 4490 1863 4540 sanctum
1897 4485 2135 4540 diversae
2170 4486 2240 4539 ab
2275 4484 2498 4557 angelis
2530 4489 2750 4539 natura)
2785 4500 2912 4537 esse
2944 4481 3145 4536 multis
3176 4480 3536 4553 argumentis
3566 4496 3631 4535 ac
3660 4483 3743 4534 te-

311 4579 619 4638 stimoniis
653 4576 997 4643 constituit;
1032 4575 1241 4631 deinde
1269 4577 1396 4647 ejus
1428 4591 1661 4646 quoque
1695 4574 1951 4630 nominis
1981 4574 2406 4630 invocationem
2442 4574 2499 4627 in
2534 4574 2826 4645 baptismo
2859 4571 3249 4627 necessariam
3282 4570 3505 4641 probat,
3539 4573 3605 4624 ut
3635 4570 3741 4623 im-

312 4668 575 4744 perfecte
605 4664 884 4737 baptizet,
917 4681 1104 4736 neque
1134 4665 1274 4720 adeo
1304 4683 1337 4721 a
1366 4670 1600 4737 peccato
1632 4664 1855 4730 liberet,
1889 4665 1986 4736 qui
2022 4663 2317 4719 reticuerit
2352 4681 2362 4718 :
2392 4662 2559 4718 tertio
2592 4661 3008 4716 indivisibilem
3042 4676 3170 4716 esse
3206 4658 3395 4725 illum,
3429 4662 3604 4729 atque
3636 4656 3745 4711 im-

308 4755 689 4830 passibilem,
718 4754 873 4809 Patri
905 4769 971 4808 ac
1002 4752 1145 4809 Filio
1175 4761 1453 4825 ὁμοούσιον,
1488 4756 1661 4822 atque
1692 4752 1820 4807 aliis
1851 4752 2056 4806 divinae
2089 4752 2431 4806 substantize
2466 4751 2761 4805 attributis
2794 4750 3101 4821 praeditum
3133 4747 3319 4802 docet.

394 4846 632 4901 Graecus
662 4843 893 4915 Didymi
927 4846 1119 4899 textus
1150 4842 1463 4906 intercidit,
1486 4858 1747 4915 eumque
1780 4842 2024 4896 fortasse
2064 4857 2093 4895 e
2125 4840 2423 4894 doctorum
2462 4840 2731 4899 munitus
2762 4838 3017 4893 excussit
3046 4837 3174 4907 ipsa
3206 4832 3535 4904 Hieronymi
3566 4831 3744 4887 inter-

312 4933 574 5005 pretatio
602 4950 615 4999 ;
652 4931 721 4986 de
752 4913 921 5002 cujus
951 4935 1145 4986 tamen
1178 4930 1458 4987 fidelitate
1484 4913 1601 4985 hon
1637 4929 1777 4985 satis
1812 4929 2073 4984 consulte
2104 4928 2373 4983 videntur
2404 4927 2669 4982 nonnulli
2706 4926 3024 4989 detrahere,
3057 4924 3197 4977 dum
3255 4920 3459 4987 multa,
3493 4936 3619 4990 quae
3674 4921 3744 4975 ab

309 5022 715 5078 Alexandrino
746 5025 981 5076 auctore
1009 5020 1166 5077 haud
1198 5021 1610 5092 processerint,
1637 5025 1855 5079 assuta,
1890 5018 2187 5089 multaque
2220 5017 2352 5084 alia,
2386 5022 2444 5072 et
2475 5017 2761 5088 praecipue
2791 5012 3123 5085 Origeniani
3159 5010 3471 5082 dogmatis,
3496 5009 3587 5064 cui
3621 5023 3745 5074 erat

308 5110 598 5166 addictus
629 5110 844 5164 menda
873 5112 1140 5181 purgata,
1178 5110 1249 5163 ab
1278 5110 1591 5180 interprete
1623 5108 2169 5163 comminiscuntur.
2202 5107 2478 5178 Exiguam
2513 5122 2653 5160 sane
2684 5105 2972 5158 rationem
3034 5117 3162 5156 esse
3190 5099 3359 5154 velim
3408 5099 3555 5168 ejus,
3588 5097 3742 5169 quod

306 5206 522 5255 tamen
580 5199 941 5269 praecipuum
1000 5201 1105 5264 est,
1143 5198 1475 5270 argumenti
1538 5216 1603 5253 ex
1634 5206 1911 5268 ὀμοουσίου,

2122 5204 2350 5267 μοουσίου
2384 5194 2641 5259 vocibus,
2678 5210 2709 5246 a
2767 5192 3003 5261 quibus,
3039 5188 3368 5244 Adamantii
3429 5190 3743 5243 sectatores

312 5287 581 5344 multum
610 5286 970 5341 contendunt
1000 5286 1394 5342 abhorruisse.
1428 5286 1573 5340 Nam
1609 5301 1795 5356 neque
1824 5285 1907 5339 ita
1937 5284 2187 5355 singulis
2218 5283 2582 5354 Origenianze
2609 5281 2910 5335 sententia:
2943 5279 3231 5351 capitibus
3263 5278 3544 5349 Didymus
3574 5274 3747 5330 fuerit

308 5376 642 5433 obstrictus
664 5382 728 5429 ut
756 5374 901 5429 nihil
927 5373 1097 5430 licere
1130 5373 1241 5428 sibi
1275 5373 1587 5446 putaverit,
1623 5390 1809 5443 neque
1841 5374 1889 5427 si
1930 5372 2073 5426 nihil
2109 5376 2385 5443 praeterea
2415 5388 2597 5425 ausus
2628 5375 2735 5437 est,
2800 5370 3033 5441 quando
3091 5370 3219 5438 ejus
3248 5371 3508 5422 Graecum
3559 5380 3740 5419 exem.

314 5465 451 5538 plar
522 5462 907 5531 desideratur,
932 5464 1165 5536 probari
1200 5461 1317 5519 ullo
1352 5464 1523 5519 modo
1552 5462 1756 5534 possit.
1788 5463 2003 5519 Caetera
2030 5478 2155 5532 quae
2190 5461 2247 5514 in
2273 5476 2397 5515 eam
2432 5476 2551 5515 rem
2607 5459 2981 5515 adducuntur
3006 5457 3178 5531 longe
3208 5461 3345 5512 sunt
3399 5453 3747 5509 infirmiora.

642 5590 914 5655 PATROL.
960 5590 1185 5655 XXIII.
3387 5583 3427 5639 4
