4106 6164
334 196 444 261 109

1062 199 1556 266 TRANSLATIO
1599 201 1807 266 LIBRI
1850 200 2134 268 DIDYMI
2178 204 2279 267 DE
2324 204 2638 270 SPIRITU
2680 201 3004 271 SANGTO.

3614 200 3732 269 MO

326 348 458 389 vero
488 348 677 400 meus,
708 333 942 390 oculum
973 334 1198 392 habens
1228 353 1456 409 sponsae
1485 338 1555 392 de
1586 338 1819 393 Cantico
1842 356 1972 393 can-
1999 350 2051 414 Α
2083 339 2238 395 furta
2267 345 2609 411 cognoscet;
2645 346 2701 396 et
2720 344 3053 397 contemnet
3072 340 3310 410 rivulos,
3335 356 3467 397 cum
3491 341 3730 413 coeperit

322 422 595 487 ticorum,
617 427 677 477 et
698 422 801 477 illa
819 422 1046 481 lumina
1074 442 1200 498 qua
1223 426 1282 480 in
1304 426 1621 483 candentes
1646 427 1722 498 (α)
1744 434 1970 499 segetes

320 511 627 565 sublimari
657 514 829 568 Jesus
858 513 1131 584 praecepit
1164 516 1204 581 ι,
1228 515 1431 585 procul
1467 514 1644 570 altius
1673 517 1968 571 intuetur:

315 604 371 654 et
388 600 700 671 antiquum
718 600 889 656 nobis
912 618 1133 658 morem
1157 604 1446 670 reddidit;
1480 608 1545 661 ut
1569 604 1784 660 Videns
1810 621 1967 659 voce-

316 692 410 743 tur
457 688 757 760 propheta.
790 689 953 746 Certe
983 693 1084 762 qui
1143 692 1298 747 hunc
1350 693 1573 765 legerit,
1623 694 1962 749 Latinorum

388 870 407 901 ¹
439 868 635 924 Matth.
667 885 793 940 xm,
827 870 895 924 16
921 886 935 937 ;
967 869 1135 926 Joan.
1169 887 1247 936 IV,
1275 872 1364 926 35.

308 1048 384 1126 (α)
418 1045 919 1126 Incongrue_satis
950 1047 1320 1126 candelabra,
1348 1065 1475 1120 qum
1512 1048 1961 1126 plurimislocis

310 1117 569 1173 insertas
617 1117 893 1173 candelas
924 1135 1131 1184 capere
1174 1117 1453 1184 valerent,
1487 1117 1761 1175 Barthius
1790 1121 1961 1176 intel-

308 1186 468 1264 lexit.
503 1188 807 1264 Enimvero
860 1186 1069 1264 alludit
1116 1191 1271 1264 llier.
1304 1191 1550 1264 Joannis
1590 1210 1665 1255 iv,
1697 1194 1748 1257 9,
1785 1210 1957 1264 quem

304 1256 501 1316 locum
532 1258 592 1313 in
620 1261 1055 1334 commentariis
1081 1264 1147 1334 (in
1196 1263 1506 1318 Mattha’um
1557 1281 1680 1334 cap.
1718 1256 1958 1320 laudato

305 1347 622 1406 exponens,
658 1354 683 1379 ‹‹
718 1332 904 1406 Beati,»
930 1332 1143 1402 inquit,
1178 1334 1355 1406 oculi,
1390 1352 1535 1406 quos
1580 1332 1752 1389 levari
1785 1336 1958 1391 Jesus

304 1402 359 1477 in
383 1401 644 1477 sublime
668 1404 957 1477 praecepit,
976 1401 1042 1457 ut
1063 1404 1379 1461 candentes
1401 1401 1624 1477 segetes
1646 1406 1955 1477 aspiciant.

300 1472 430 1528 Vid.
458 1474 633 1545 epist.
664 1472 756 1539 76,
786 1472 1185 1545 ari—Abigaum,
1216 1493 1274 1531 ιι.
1306 1480 1363 1545 2,
1396 1472 1621 1533 ἱιινῐῑιιθ.

2085 428 2319 484 haurire
2352 430 2421 484 de
2455 430 2736 485 fontibus.
2774 431 3082 502 Imperitus
3115 447 3382 486 sermone
3412 418 3522 499 est,
3546 436 3603 486 et
3625 432 3722 502 (at.

2081 519 2203 588 sed]
2238 535 2351 574 non
2384 518 2626 573 scientia
2658 535 2669 573 :
2707 519 3091 590 apostolicum
3122 519 3309 575 virum
3340 537 3408 576 ex
3440 521 3565 592 ipso
3599 537 3723 576 ser-

2079 622 2249 662 mone
2309 608 2405 677 [αι.
2468 608 2636 679 stylo]
2694 608 3050 680 exprimens,
3108 613 3230 663 tam
3296 626 3577 665 sensuum
3637 610 3721 665 lu-

2076 695 2232 751 mine
2264 697 2338 767 (b)
2372 714 2551 770 quam
2584 697 2957 769 simplicitate
2989 698 3318 755 verborum.

2144 1051 2221 1121 (b)
2252 1050 2345 1104 Sic
2377 1066 2445 1103 ex
2473 1050 2599 1125 Vat.
2627 1066 2735 1104 ms.
2764 1066 2827 1103 ac
2858 1050 3034 1125 veteri
3056 1050 3307 1106 editione
3329 1051 3546 1125 Veneta
3578 1051 3720 1125 legi-

2072 1138 2243 1177 mus:
2280 1126 2450 1176 antca
2474 1122 2629 1175 enim
2663 1126 2786 1193 erat
2809 1144 2834 1170 ‹‹
2858 1122 3130 1193 nomine;
3168 1122 3715 1193 »quemadmodum

2071 1198 2127 1248 et
2250 1193 2426 1273 epist...
2450 1195 2541 1258 65,
2568 1209 2733 1273 num.
2766 1192 2853 1258 49,
2878 1192 3078 1273 haberi
3109 1210 3225 1248 non
3250 1194 3591 1273 diffitemur,
3617 1196 3715 1251 ubi

2070 1263 2567 1337 pulchritudinem
2602 1263 2742 1318 dicit
2777 1286 2803 1311 ‹‹
2834 1264 3083 1337 positam
3117 1265 3306 1337 magis
3340 1265 3396 1319 in
3429 1283 3713 1322 sensuum

2070 1335 2325 1403 nomine,
2344 1352 2519 1406 quam
2536 1335 2595 1408 in
2610 1338 2747 1408 tlore
2762 1336 3126 1408 verborum.»
3141 1335 3423 1391 Reautem
3440 1337 3567 1408 ipsa
3581 1354 3717 1392 neu-

2068 1411 2225 1479 trum
2286 1408 2428 1461 satis
2474 1406 2713 1462 arridet.
2753 1406 2871 1479 Ms.
2918 1406 3145 1479 collegii
3197 1408 3362 1463 Rom.
3412 1406 3714 1464 societatis

2065 1478 2224 1545 Jesu,
2254 1501 2281 1527 «
2315 1484 2433 1533 tam
2467 1494 2572 1533 suo
2606 1476 2863 1533 nomine.
2902 1501 2926 1526 ι)

519 1798 672 1854 ιθτ
736 1806 1031 1896 LIBER
1092 1808 1444 1897 DlDYMl
1522 1798 1595 1870 (ι)
1670 1808 2361 1898 ALEXANDRINI
2432 1809 2561 1897 DE
2622 1808 3018 1897 SPIRITU
3086 1809 3494 1918 SANGTO,

1477 2004 1536 2059 S.
1580 2002 2005 2059 HIERONYMO
2045 2002 2525 2059 INTERPRETE.

366 2288 393 2343 Ι
415 2331 428 2342 .
448 2288 992 2359 Omnibusquidem
1015 2306 1141 2361 quas
1166 2288 1359 2345 divina
1376 2294 1533 2355 sunt,
1555 2306 1689 2345 cum
1703 2306 1959 2345 reveren-
1992 2292 2037 2356 B
2068 2288 2372 2360 ignoratur
2418 2290 2518 2361 qui
2569 2293 2728 2345 extra
2760 2306 2986 2345 sacram
3039 2290 3400 2361 Scripturam
3449 2293 3714 2365 philoso-

299 2379 377 2434 tia
394 2384 455 2433 et
470 2377 802 2433 vehementi
824 2394 965 2433 cura
981 2383 1208 2450 Oportet
1225 2379 1525 2434 intendere
1551 2396 1563 2435 :
1591 2379 1840 2434 maxime
1857 2397 1954 2433 au-

299 2472 417 2523 tem
432 2467 528 2522 his
545 2483 675 2538 qua:
687 2466 759 2521 de
770 2466 1022 2539 Spiritus
1037 2468 1135 2539 [αἱ.
1159 2467 1344 2522 sancti
1363 2467 1637 2539 Spiritus]
1653 2468 1952 2523 divinitate

298 2557 600 2625 dicuntur,
635 2556 957 2628 prasertim
990 2572 1125 2611 cum
1165 2556 1532 2627 blasphemia
1563 2558 1621 2609 in
1657 2573 1790 2611 eum
1824 2556 1950 2611 sine

296 2646 465 2701 venia
497 2645 577 2701 sit
607 2646 685 2715 (2)
722 2661 735 2700 :
768 2646 850 2699 ita
879 2650 946 2700 ut
976 2644 1442 2716 blasphemantis
1474 2662 1645 2717 pcena
1678 2645 1951 2699 tendatur

296 2752 409 2790 non
434 2734 637 2790 solum
660 2734 719 2789 in
752 2750 924 2790 omne
947 2751 1202 2807 praesens
1230 2734 1532 2803 saeculum,
1559 2735 1659 2789 sed
1693 2734 1863 2789 etiam
1890 2734 1948 2787 in

297 2824 587 2879 futurum.
620 2822 717 2878 Ait
738 2823 954 2895 quippe
984 2823 1267 2890 Salvator,
1290 2822 1720 2894 blasphemanti
1748 2823 1805 2875 in
1826 2822 1950 2893 Spi-

294 2911 474 2967 ritum
507 2916 785 2967 sanctum
817 2926 932 2966 non
965 2928 1092 2967 esse
1141 2910 1569 2978 remissionem,
1603 2934 1628 2959 ‹‹
1668 2927 1855 2981 neque
1891 2910 1947 2963 in

293 3002 405 3057 isto
453 3001 694 3068 saeculo,
728 3017 917 3071 neque
964 3002 1023 3055 in
1073 3001 1267 3055 futuro
1294 3002 1334 3056 ³.
1369 3023 1395 3049 ››
1430 3000 1593 3055 Unde
1640 3000 1827 3071 magis
1884 3016 1947 3053 ac

294 3091 488 3163 magis
523 3093 753 3164 oportet
782 3090 1101 3156 intendere,
1137 3107 1263 3161 qua:
1313 3089 1749 3161 Scripturarum
1783 3089 1852 3143 de
1882 3106 1947 3143 eo

295 3179 507 3236 relatio
540 3180 619 3234 sit
654 3196 666 3233 ε
701 3196 772 3234 ne
802 3180 864 3234 in
913 3178 1169 3250 aliquem
1202 3178 1408 3234 saltem
1444 3180 1515 3249 (3)
1546 3195 1645 3249 per
1674 3178 1946 3250 ignoran-

296 3268 439 3323 tiam
464 3266 854 3339 blasphemia:
874 3284 1035 3322 error
1055 3266 1313 3337 obrepat.
1345 3267 1688 3338 Expedierat
1709 3267 1947 3337 quidem

296 3356 478 3423 ﬁdeli,
514 3360 572 3411 et
598 3356 828 3423 timido,
858 3355 1185 3411 moderanti
1226 3355 1376 3411 vires
1407 3372 1564 3421 suas,
1593 3355 1947 3427 magnitudi-

298 3463 434 3502 nem
453 3445 764 3518 prazsentis
785 3444 1126 3515 quaestionis
1144 3443 1376 3499 silentio
1399 3443 1690 3514 praeterire
1711 3460 1722 3497 :
1750 3449 1805 3498 et
1825 3460 1946 3498 rem

297 3534 539 3606 plenam
565 3532 822 3605 periculo
849 3549 965 3589 non
998 3533 1057 3587 in
1090 3549 1264 3589 suum
1288 3532 1603 3587 discrimen
1636 3532 1945 3586 attrahere.

294 3624 529 3679 Verum
556 3623 829 3694 quoniam
860 3622 1100 3694 quidam
1134 3622 1229 3691 (al.
1264 3620 1503 3692 quidam
1536 3620 1692 3693 cum]
1722 3619 1951 3676 temeri-

297 3715 427 3766 tate
453 3710 669 3783 potius,
702 3727 881 3784 quam
932 3714 1089 3765 recta
1113 3710 1208 3764 via
1239 3711 1413 3764 etiam
1445 3710 1503 3762 in
1554 3726 1810 3781 superna
1840 3709 1949 3765 eri-

296 3804 551 3873 guntur,
581 3804 639 3854 et
664 3799 787 3855 haec
808 3802 880 3854 de
910 3798 1129 3870 Spiritu
1157 3802 1358 3854 sancto
1376 3797 1670 3869 jactitant,
1695 3816 1819 3869 quae
1852 3814 1950 3853 ne-

295 3905 418 3960 que
448 3887 510 3943 in
541 3888 858 3960 Scripturis
887 3886 1057 3955 lecta,
1091 3903 1280 3959 neque
1303 3905 1336 3942 a
1362 3903 1661 3958 quoquam
1685 3885 1952 3943 ecclesia-

298 3977 589 4033 sticarum
620 3982 878 4032 veterum
919 3982 1205 4049 usurpata
1236 3980 1393 4044 sunt,
1427 3974 1715 4047 compulsi
1745 3992 1952 4031 sumus

296 4065 671 4121 creberrima;
712 4065 1099 4121 exhortationi
1148 4067 1394 4121 fratrum
1427 4065 1628 4120 cedere
1664 4080 1675 4118 :
1710 4080 1953 4135 quaeque

294 4153 376 4207 sit
405 4158 615 4207 nostra
642 4153 713 4208 de
746 4169 812 4207 eo
843 4152 1065 4225 opinio,
1096 4153 1272 4208 etiam
1307 4152 1743 4223 Scripturarum
1789 4152 1950 4207 testi-

295 4242 524 4297 moniis
552 4242 933 4314 comprobare
968 4259 981 4296 :
1018 4258 1090 4297 ne
1121 4241 1416 4313 imperitia
1460 4240 1607 4295 tanti
1638 4241 1951 4312 dogmatis,

293 4329 356 4385 hi
388 4332 498 4403 qui
539 4331 835 4386 contraria
863 4336 1187 4403 opponunt,
1221 4330 1515 4403 decipiant
1544 4346 1641 4385 eos
1672 4330 1794 4401 qui,
1829 4331 1955 4385 sine

291 4419 676 4475 discussione
729 4418 998 4489 sollicita,
1030 4420 1089 4475 in
1116 4419 1580 4476 adversariorum
1606 4421 1953 4475 sententiam

292 4510 508 4563 statim
538 4508 980 4580 pertrahuntur.

287 4599 345 4651 2.
378 4596 722 4670 Appellatio
771 4597 1024 4670 Spiritus
1056 4598 1263 4666 sancti,
1300 4602 1356 4653 et
1402 4615 1468 4654 ea
1501 4615 1625 4669 qum
1659 4600 1954 4652 monstra-

289 4690 394 4742 tur
426 4703 505 4742 ex
532 4686 665 4758 ipsa
712 4686 1101 4759 appellatione
1154 4687 1485 4743 substantia
1505 4686 1737 4758 penitus
1764 4687 1833 4741 ab
1863 4685 1956 4740 his

362 4830 387 4863 ²
420 4828 611 4884 Marc.
646 4846 731 4899 ιιι,
762 4831 851 4885 29.
929 4832 951 4865 ⁸
980 4830 1135 4886 Psal.
1171 4848 1221 4896 L,
1254 4830 1341 4885 43.
1420 4832 1441 4863 ⁴
1472 4830 1614 4885 Dan.
1650 4848 1773 4895 xm,
1807 4831 1894 4885 45.

2073 4845 2151 4883 ιο.
2186 4846 2224 4897 ι,
2262 4830 2345 4883 44.

364 4981 455 5050 (4)
491 4979 806 5054 Inaliquot
829 4980 1230 5054 librislegitur
1260 5005 1287 5032 «
1319 4982 1515 5037 Sancti
1538 4982 1761 5054 Didymi
1784 4981 1961 5036 Graeci
1995 4982 2041 5047 D

284 5052 587 5111 monachi
617 5052 1011 5109 Alexandrini.
1048 5052 1097 5102 »⁷
1123 5054 1267 5108 Vide
1300 5054 1532 5109 Hieron.
1572 5052 1959 5108 ad’Lucz'nium

283 5124 481 5197 epist.
512 5124 606 5188 Ἡ,
640 5141 805 5197 num.
836 5125 891 5179 5.

362 5196 457 5265 (2)
490 5194 745 5267 Consule
766 5201 823 5250 S.
850 5195 1147 5253 Ambrosii
1167 5197 1241 5250 De
1274 5195 1487 5267 Spiritu
1516 5193 1825 5249 sa'nctolib.
1860 5212 1959 5259 vn,

284 5284 348 5339 p.
384 5266 533 5334 6H,
564 5267 663 5322 ubi
689 5268 760 5322 de
790 5267 1217 5325 irremissibilis
1238 5266 1614 5339 blasphemia:
1640 5283 1812 5321 sensu
1848 5266 1965 5338 agi-

282 5343 393 5397 ιω-

284 5481 544 5548 saltem,
579 5504 609 5531 ››
642 5484 753 5537 etc.

2063 2378 2338 2448 phantur.
2373 2378 2751 2433 Solummodo
2774 2379 2930 2433 enim
2964 2378 3022 2432 in
3050 2382 3413 2435 nostratibus
3437 2382 3669 2439 Litteris
3696 2404 3709 2453 ;

2061 2472 2119 2522 et
2151 2469 2306 2522 notio
2340 2468 2467 2537 ejus
2499 2471 2554 2522 et
2584 2466 2934 2522 vocabulum
2967 2468 3236 2535 refertur,
3270 2473 3390 2523 tam
3442 2470 3498 2524 in
3535 2472 3708 2529 Novis

2062 2572 2237 2627 quam
2253 2555 2653 2612 inVeteribus.
2676 2556 2902 2611 Veteris
2925 2556 3139 2628 quippe
3158 2557 3514 2613 Testamenti
3532 2560 3708 2618 homo

2062 2645 2263 2709 David,
2299 2646 2588 2716 particeps
2622 2647 2749 2717 ejus
2780 2646 3042 2712 effectus,
3074 2647 3278 2701 orabat
3304 2646 3449 2701 utin
3484 2663 3545 2703 se
3577 2666 3706 2721 per-

2061 2736 2342 2799 maneret,
2371 2733 2604 2789 dicens:
2641 2756 2667 2784 ‹‹
2688 2734 2971 2805 Spiritum
2989 2738 3155 2788 tuum
3176 2740 3446 2791 sanctum
3462 2753 3532 2792 ne
3546 2738 3705 2794 aufe-

2061 2838 2156 2876 ras
2171 2840 2202 2876 a
2216 2839 2306 2877 me
2329 2824 2367 2877 ³.
2389 2846 2414 2871 ››
2436 2826 2501 2875 Et
2514 2822 2735 2877 Danieli
2751 2822 2821 2876 ad
2837 2822 2950 2877 huc
2965 2838 3143 2894 puero
3163 2824 3482 2880 suscitasse
3496 2825 3708 2881 dicitur

2060 2911 2213 2966 Deus
2263 2911 2547 2982 Spiritum
2599 2916 2868 2966 sanctum
2900 2912 2942 2978 ‘,
2976 2913 3127 2967 108
3160 2912 3328 2983 quasi
3376 2914 3503 2983 jam
3537 2914 3703 2969 habi-

2060 3004 2278 3055 tantem
2312 3000 2369 3053 in
2404 3016 2491 3054 eo.
2526 3000 2641 3055 Nec
2674 3017 2786 3054 non
2822 3000 2997 3055 etiam
3032 3001 3089 3054 in
3141 3001 3296 3056 Novo
3329 3003 3707 3059 Testamento

2058 3089 2117 3142 hi
2151 3088 2256 3142 viri
2289 3088 2388 3159 qui
2414 3092 2522 3143 Deo
2555 3087 2845 3159 placuisse
2871 3088 3221 3157 referuntur,
3254 3089 3471 3161 Spiritu
3505 3096 3707 3147 sancto

2060 3176 2216 3249 pleni
2249 3180 2407 3231 sunt.
2441 3176 2697 3232 Joannes
2729 3176 2944 3248 quippe
2991 3177 3180 3232 adhuc
3214 3178 3270 3232 in
3303 3180 3509 3235 matris
3541 3184 3705 3236 utero

2060 3266 2458 3321 sanctificatus
2476 3266 2777 3333 exsultat“,
2796 3270 2851 3321 et
2869 3266 3041 3322 Jesus
3064 3284 3095 3321 a
3111 3267 3357 3323 mortuis
3372 3284 3706 3341 resurgens,

2059 3372 2193 3410 cum
2210 3356 2568 3410 insutﬂasset
2585 3354 2640 3408 in
2668 3355 2872 3409 faciem
2895 3354 3341 3427 discipulorum,
3361 3356 3442 3412 ait
3466 3375 3478 3412 :
3500 3379 3527 3407 ‹‹
3546 3357 3705 3413 Acci-

2060 3444 2177 3515 pite
2200 3444 2481 3515 Spiritum
2503 3450 2770 3499 sanctum
2789 3445 2828 3497 δ.
2850 3466 2875 3491 ››
2895 3444 3072 3498 Plena
3095 3449 3234 3499 sunt
3250 3445 3544 3501 volumina
3566 3447 3707 3501 divi-

2060 3549 2269 3588 narum
2303 3533 2736 3604 Scripturarum
2769 3532 2861 3587 his
2891 3533 3261 3589 sermonibus
3294 3551 3540 3606 quorum
3576 3552 3708 3591 con-

2063 3623 2280 3693 geriem
2297 3621 2355 3675 in
2370 3621 2640 3692 praesenti
2665 3637 2835 3691 opere
2858 3620 3117 3692 digerere
3132 3623 3431 3693 supersedi
3448 3623 3524 3693 (ἦ)
3541 3638 3553 3675 :
3572 3622 3711 3693 quia

2063 3709 2296 3765 difficile
2328 3726 2443 3764 non
2475 3714 2563 3764 est
2615 3726 2682 3764 ex
2711 3709 2802 3764 his
2833 3726 2960 3780 qua:
3006 3710 3461 3780 assumpsimus,
3494 3726 3706 3764 unum-

2064 3814 2356 3870 quemque
2386 3798 2657 3853 lectorem
2694 3798 2801 3853 sibi
2838 3797 3057 3852 similia
3086 3798 3356 3870 reperire.

2132 3890 2185 3942 3.
2214 3889 2392 3943 Nemo
2434 3892 2630 3942 autem
2663 3886 2996 3958 suspicetur
3024 3886 3203 3942 alium
3255 3886 3537 3959 Spiritum
3572 3904 3707 3943 san-

2063 3982 2221 4033 ctum
2252 3976 2433 4032 fuisse
2464 3976 2522 4029 in
2557 3977 2776 4031 sanctis
2798 3976 2937 4030 viris
2959 3980 3091 4031 ante
3114 3978 3427 4031 adventum
3450 3976 3707 4043 Domini,

2063 4070 2118 4121 et
2140 4064 2319 4120 alium
2344 4063 2401 4118 in
2430 4063 2712 4135 apostolis
2739 4064 3076 4136 casterisque
3100 4060 3430 4135 discipulis,
3465 4070 3519 4119 et
3540 4064 3709 4135 quasi

2064 4156 2485 4225 homonymum
2517 4152 2592 4223 (5)
2621 4153 2680 4207 in
2724 4152 3130 4207 differentibus
3160 4168 3287 4207 esse
3332 4153 3704 4209 substantiis.

2063 4244 2385 4298 Possumus
2414 4240 2648 4313 quidem
2676 4240 3010 4295 testimonia
3033 4240 3103 4295 de
3134 4240 3346 4294 divinis
3375 4240 3598 4296 Litteris
3620 4255 3710 4297 ex-

2064 4331 2265 4386 hibere
2297 4330 2434 4402 quia
2467 4330 2620 4385 idem
2654 4329 2907 4401 Spiritus
2938 4333 2996 4383 et
3025 4328 3081 4382 in
3114 4327 3394 4400 apostolis
3417 4336 3473 4384 et
3502 4330 3559 4383 in
3584 4347 3710 4401 pro-

2065 4419 2257 4490 phetis
2290 4418 2482 4473 fuerit.
2508 4418 2728 4473 Paulus
2761 4418 2820 4472 in
2844 4415 3105 4488 Epistola
3135 4432 3312 4487 quam
3335 4417 3407 4471 ad
3440 4417 3710 4474 Hebraeos

2066 4508 2289 4575 scribit,
2324 4508 2394 4562 de
2425 4506 2790 4562 Psalmorum
2825 4505 3117 4561 volumine
3148 4504 3547 4562 testimonium
3580 4524 3713 4579 pro-

2068 4597 2274 4661 ferens,
2293 4596 2554 4667 aSpiritu
2577 4599 2775 4651 sancto
2798 4595 2853 4649 id
2880 4595 3100 4650 dictum
3120 4611 3248 4651 esse
3265 4602 3712 4652 commemorat:

2074 4705 2095 4733 α
2130 4686 2197 4740 Et
2230 4686 2381 4741 sicut
2413 4685 2556 4740 dicit
2584 4685 2680 4739 hic
2711 4685 2785 4754 (6)
2817 4684 3071 4755 Spiritus
3120 4688 3358 4740 sanctus
3397 4700 3408 4739 :
3453 4685 3635 4740 Hodie
3666 4685 3715 4739 si

2400 4830 2420 4861 δ
2449 4828 2616 4882 Joan.
2652 4844 2743 4893 xv,
2776 4830 2864 4880 2'2.

2144 4980 2220 5051 (4)
2252 4980 2388 5035 Cod.
2425 4978 2813 5045 Tholosanus,
2849 5002 2873 5026 ‹‹

2072 5057 2161 5107 est
2191 5069 2259 5106 ex
2291 5052 2401 5120 his,
2438 5073 2464 5099 ››
2498 5056 2603 5105 etc.

2145 5124 2219 5195 (5)
2253 5124 2332 5177 Ex
2384 5118 2567 5176 Vatic.
2599 5125 2654 5176 et
2705 5118 2944 5195 Romani
2996 5119 3229 5191 Collegii
3280 5136 3422 5176 mss.
3476 5121 3717 5195 fecimus

2074 5189 2566 5266 «homonymum,
2592 5216 2616 5240 ››
2643 5208 2777 5266 cum
2800 5189 3005 5266 vitiose
3023 5189 3192 5266 antea
3207 5196 3361 5248 esset
3377 5214 3403 5266 ᾳ
3421 5194 3717 5266 nomina.»

2146 5267 2221 5337 (6)
2252 5260 2550 5337 Art'iculus
2587 5262 2757 5337 «Mhic
2791 5284 2817 5337 )3
2853 5260 2998 5337 alias
3048 5263 3273 5337 deerat,
3297 5267 3353 5318 et
3383 5263 3439 5317 in
3496 5264 3719 5320 Latinis

2074 5333 2307 5409 quoque
2326 5334 2758 5409 exemplaribus
2781 5333 3185 5403 desideratur;
3220 5334 3383 5390 illum
3410 5339 3603 5391 autem
3630 5353 3717 5391 ur-

2933 4977 3295 5048 superﬂuum
3326 4980 3436 5046 est,
3468 4978 3517 5034 si
3548 4979 3717 5035 facile

360 5381 461 5479 21.3)
492 5408 681 5466 Vatic.
718 5425 851 5466 cum
897 5410 1065 5468 editis
1097 5408 1532 5477 vetustioribus,
1572 5432 1597 5460 ‹‹
1630 5425 1700 5463 ne
1751 5407 1965 5480 aliquis
