4106 6164
300 273 301 276 ‘
375 250 485 317 1H

1626 259 1689 321 S.
1734 256 2044 323 EUSEBII
2089 256 2526 321 HlERONYMl

3659 253 3770 317 ΗΞ

376 407 574 449 vocem
623 391 750 465 ejus
794 393 1095 460 audiertis,
1143 391 1320 449 nolite
1368 392 1654 448 obdurare
1703 394 1876 448 corda
1927 409 2018 447 ve-
2041 392 2104 469 _A
2135 391 2295 446 dabit
2325 392 2475 446 bona
2495 393 2827 464 petentibus
2849 409 2910 449 se
2940 392 3028 448 ‘0?
3057 414 3083 444 »
3108 389 3267 447 Alter
3285 406 3455 446 vero:
3491 369 3768 454 «Quanto

380 487 501 538 stra
527 484 568 550 ⁷,
606 505 631 531 ι›
665 488 770 538 etc.
809 485 868 538 In
901 483 1014 537 fine
1047 499 1279 554 quoque
1311 485 1561 536 Actuum
1596 481 2015 553 apostolorum.

380 589 515 626 cum
545 572 765 628 Judaeis
798 572 1123 642 disputans,
1152 570 1232 625 ait
1266 589 1277 625 :
1311 571 1472 625 Sicut
1502 570 1749 642 Spiritus
1782 574 2017 624 sanctus

378 661 608 716 locutus
627 665 714 716 est
735 677 837 732 per
858 659 1070 714 Isaiam
1094 659 1435 730 prophetam
1459 660 1528 713 ad
1547 663 1742 730 patres
1765 663 2017 726 nostros,

383 750 620 805 dicens:
647 749 1018 803 Auditionem
1045 749 1314 814 audietis,
1342 752 1397 802 et
1428 765 1537 801 non
1561 746 1901 818 intelligetis
1923 747 1963 800 ⁸.
1992 769 2019 794 ››

379 839 577 909 Neque
606 839 761 892 enim
812 837 1028 892 Paulus
1080 836 1257 891 alium
1292 836 1514 891 habens
1569 836 1850 906 Spiritum
1897 853 2024 890 san-

380 927 711 992 ctum,lhmc
757 927 826 981 de
875 943 940 980 eo
989 925 1245 996 scripsit,
1282 926 1382 995 qui
1431 925 1488 978 in
1545 913 1842 996 prophetis
1891 929 2024 978 ante

380 1016 696 1071 adventum
744 1014 974 1069 Domini
1025 1014 1176 1068 alius
1225 1013 1370 1082 fuit;
1407 1013 1506 1068 sed
1554 1013 1624 1068 de
1656 1029 1720 1068 eo
1769 1013 1940 1084 cujus
1970 1018 2025 1068 et

361 1104 506 1175 ipse
540 1103 827 1176 particeps
869 1103 1016 1163 fuit;
1051 1107 1107 1157 et
1137 1119 1338 1156 omnes
1369 1103 1468 1174 qui
1500 1101 1555 1156 in
1609 1103 1720 1157 ﬁde
1751 1113 2024 1157 consum-

381 1199 549 1248 matm
582 1193 811 1246 virtutis
832 1193 1183 1246 ferebantur.
1203 1191 1366 1246 Unde
1389 1195 1444 1245 et
1475 1207 1606 1245 cum
1631 1190 1876 1246 articulo
1898 1191 2025 1261 ejus

381 1280 670 1349 meminit,
705 1279 869 1352 quasi
893 1277 1217 1335 solitarium
1241 1284 1296 1334 et
1319 1295 1501 1334 unum
1524 1295 1651 1334 esse
1672 1283 2024 1345 contestans,

385 1369 482 1424 ubi
538 1369 679 1424 dicit
736 1386 852 1424 non
911 1368 1275 1439 simpliciter,
1339 1379 1536 1438 Πνεῦμα
1567 1377 1720 1437 ἅγιον,
1777 1368 1885 1422 hoc
1942 1371 2030 1422 est

381 1482 406 1507 ‹‹
425 1458 678 1529 Spiritus
691 1461 950 1523 sanctus,
971 1479 996 1504 ››
1020 1457 1118 1511 sed
1133 1472 1267 1511 cum
1290 1457 1691 1511 additamento
1711 1455 1940 1512 articuli
1974 1467 2029 1512 τὸ

383 1557 583 1615 Πνεῦμα
610 1556 665 1600 τὸ
696 1554 850 1615 ἅγιον,
881 1545 958 1614 (7)
993 1563 1003 1608 ;
1040 1544 1147 1598 hoc
1173 1549 1299 1599 estu
1328 1543 1416 1598 hic
1431 1544 1684 1616 Spiritus
1711 1551 1971 1600 sanctus.
2002 1567 2028 1593 ››

385 1633 449 1687 Et
472 1635 622 1688 109
655 1632 865 1687 Isaiam
893 1632 1274 1704 prephetasse
1296 1637 1715 1688 commemorat
1738 1649 1871 1687 cum
1895 1633 2029 1688 arti-

382 1721 572 1777 culata
609 1738 764 1786 voce,
816 1731 892 1778 διὰ
919 1732 973 1777 τὸ
1005 1733 1203 1792 Πνεῦμα
1233 1732 1289 1778 τὸ
1321 1732 1459 1792 ἅγιον
1493 1722 1589 1793 (8),
1623 1721 1678 1776 id
1732 1727 1821 1777 est
1853 1745 1880 1771 «
1933 1739 2034 1794 per

380 1810 537 1866 hunc
559 1810 838 1882 Spiritum
872 1815 1164 1877 sanctum,
1195 1834 1214 1861 ι)
1245 1815 1300 1865 et
1321 1827 1437 1865 non
1464 1808 1810 1882 simpliciter
1831 1821 2029 1881 Πνεῦμα

380 1909 535 1971 ἅγιον.
569 1901 774 1954 Petrus
804 1917 1034 1971 quoque
1066 1901 1121 1954 in
1154 1915 1220 1954 eo
1252 1916 1542 1967 sermone,
1576 1915 1692 1970 quo
1725 1899 2029 1970 praesenti-

380 1989 492 2044 bus
537 1989 926 2060 persuadebat
946 2006 958 2042 :
980 2011 1006 2036 ‹‹
1028 1988 1376 2060 Oportuerat
1395 1987 1492 2060 [αἱ.
1517 1988 1796 2059 Oportet],
1819 1987 2027 2059 inquit,

380 2077 610 2149 impleri
669 2077 1053 2148 Scripturam,
1115 2093 1292 2148 quam
1349 2075 1580 2131 locutus
1639 2082 1728 2131 est
1781 2075 2030 2147 Spiritus

381 2171 620 2223 sanctus
679 2166 758 2237 (id
818 2171 923 2230 est,
956 2177 1012 2222 τὸ
1045 2177 1247 2236 Πνεῦμα
1276 2176 1331 2220 τὸ
1362 2166 1520 2236 ἅγιον)
1572 2182 1673 2237 per
1727 2182 1791 2220 OS
1852 2165 2028 2220 David

382 2255 452 2310 de
473 2255 626 2309 Juda
645 2256 668 2289 θ
700 2271 712 2310 :
740 2277 766 2302 ››
791 2255 1103 2310 ostendens
1125 2259 1182 2308 et
1213 2255 1336 2325 ipse
1354 2255 1623 2308 eumdem
1649 2253 1952 2325 Spiritum,
1975 2258 2032 2310 et

385 2343 441 2398 in
474 2343 796 2414 prOphetis,
829 2347 884 2398 et
916 2344 973 2398 in
1005 2341 1285 2414 apostolis
1318 2348 1641 2414 operatum.

456 2433 503 2486 4.
532 2431 767 2487 Plenius
789 2431 858 2486 de
880 2431 986 2486 hoc
1009 2431 1068 2484 in
1096 2431 1594 2501 consequentibus
1621 2431 2026 2496 tractabimus,

384 2537 516 2576 cum
549 2520 739 2575 dicere
788 2519 1158 2591 cmperimus,
1193 2536 1306 2574 non
1338 2519 1529 2574 solum
1579 2519 1892 2574 Dominum
1928 2519 2024 2592 [αἱ.

384 2609 592 2678 Deum]
628 2609 880 2663 Verbum
934 2609 1151 2662 factum
1197 2625 1325 2663 esse
1357 2608 1428 2662 ad
1479 2608 1794 2679 prophetas
1843 2609 1941 2663 sed
1972 2613 2029 2664 et

383 2697 664 2769 Spiritum
699 2700 966 2751 sanctum
987 2715 1010 2760 ;
1039 2696 1178 2767 quia
1199 2701 1257 2751 et
1282 2696 1751 2768 inseparabiliter
1771 2698 2028 2768 posside-

385 2791 503 2852 tur,
535 2801 671 2840 cum
724 2784 1024 2857 unigenito
1075 2783 1217 2840 Filio
1268 2785 1386 2840 Dei.
1447 2786 1577 2857 Ipsa
1629 2803 1736 2841 vox
1766 2787 1863 2856 [αἱ.
1899 2787 2032 2857 Ipsa

383 2876 566 2947 igitur
598 2876 724 2946 vox]
755 2873 1006 2945 Spiritus
1037 2874 1246 2941 sancti,
1279 2891 1392 2929 non
1425 2879 1513 2929 est
1565 2891 1742 2930 vacua
1773 2875 2027 2947 appella-

383 2955 484 3033 tio,
519 2964 620 3020 sed
653 2963 1012 3035 subjacentis
1037 2963 1299 3019 essentia:
1330 2963 1786 3019 demonstratrix
1820 2981 1832 3017 :
1872 2965 2027 3020 Patri

385 3053 644 3125 Filioque
675 3053 834 3108 socia
885 3054 977 3118 [αἱ.
1011 3053 1270 3119 sociata],
1308 3056 1364 3107 et
1395 3070 1428 3107 a
1462 3052 1743 3108 creaturis
1794 3053 2028 3125 penitus

385 3142 594 3197 aliena.
627 3143 772 3198 Cum
803 3142 958 3197 enim
993 3147 1270 3196 creatura:
1300 3142 1359 3195 in
1391 3140 1668 3206 visibilia,
1699 3147 1755 3197 et
1786 3143 1841 3196 in
1876 3143 2026 3197 invi-
2060 3123 2102 3189 (ἶ

387 3229 600 3296 sibilia,
635 3231 689 3284 id
723 3234 812 3285 est
841 3229 899 3283 in
946 3230 1270 3301 corporalia
1299 3235 1356 3285 et
1385 3231 1444 3284 in
1477 3230 1865 3302 incorporalia
1898 3249 2027 3303 par-

387 3320 627 3386 tiantur,
655 3336 757 3374 nec
780 3319 851 3373 de
871 3317 1271 3389 corporalibus
1299 3319 1645 3374 substantiis
1667 3323 1758 3374 est
1779 3320 2030 3391 Spiritus

383 3412 647 3477 sanctus,
679 3407 887 3462 animae
938 3412 995 3462 et
1043 3424 1252 3462 sensus
1295 3406 1606 3474 habitator,
1641 3409 1926 3464 sermonis
1975 3414 2031 3464 et

382 3497 703 3568 sapientiaz,
736 3501 792 3552 et
818 3496 1077 3573 scientias
1104 3497 1337 3551 effector
1361 3513 1373 3550 :
1400 3513 1504 3551 nec
1533 3497 1604 3550 de
1635 3497 2029 3553 invisibilibus

382 3586 684 3642 creaturis.
720 3585 848 3640 Ηωο
899 3586 1117 3657 quippe
1148 3586 1345 3640 omnia
1394 3585 1692 3656 sapientiw
1719 3591 1775 3641 et
1805 3591 2032 3643 cratera-

382 3692 512 3730 rum
543 3675 850 3741 virtutum,
873 3679 931 3729 et
960 3674 1450 3729 sanctificationis
1472 3674 1710 3745 capacia
1738 3680 1897 3730 sunt.
1919 3677 2032 3733 Ista

380 3780 513 3819 vero
545 3763 900 3826 substantia,
933 3763 1003 3816 de
1035 3779 1151 3833 qua
1189 3780 1343 3817 nunc
1375 3779 1567 3817 sermo
1594 3767 1702 3826 est,
1735 3762 2029 3834 sapientia:

381 3857 439 3908 et
471 3851 748 3918 scientiae,
779 3856 836 3906 et
865 3851 1358 3906 sanctificationis
1389 3849 1644 3906 effectrix
1693 3855 1799 3906 est.
1834 3857 2030 3924 Neque

381 3941 536 3997 enim
567 3939 809 3994 inveniri
844 3943 1033 4012 potest
1064 3939 1261 4010 aliqua
1291 3939 1348 3994 in
1381 3939 1600 4012 Spiritu
1627 3945 1827 3995 sancto
1859 3941 2026 3997 forti-

379 4030 540 4095 tudo,
575 4033 676 4084 aut
706 4031 963 4100 operatio
1019 4028 1497 4084 sanctiﬁcationis
1546 4029 1899 4101 virtutisque
1929 4031 2025 4102 (9),

380 4135 554 4191 quam
587 4119 659 4173 ab
691 4122 962 4174 extraneo
996 4118 1250 4189 quodam
1289 4117 1581 4173 sustineat
1617 4136 1628 4172 :
1662 4117 1800 4189 quia
1830 4119 2026 4174 istius-

379 4208 534 4263 modi
569 4212 780 4262 uatura
803 4206 1107 4263 mutabilis
1139 4212 1245 4262 est.
1273 4206 1448 4261 Porro
1481 4206 1738 4277 Spiritus
1762 4213 2022 4275 sanctus,

359 4296 742 4352 confessione
763 4297 1051 4360 omnium,
1087 4294 1476 4350 immutabilis
1499 4299 1608 4360 est,
1634 4295 2026 4352 sanctiﬁcalor

378 4384 631 4441 scientiae
677 4385 903 4451 divinze,
935 4390 992 4439 et
1041 4384 1447 4438 universorum
1498 4383 1815 4438 attributor
1844 4386 2022 4440 bono-

381 4488 533 4539 rum,
568 4477 644 4536 et,
678 4477 742 4528 ut
788 4472 1020 4527 brevius
1048 4472 1262 4534 dicam,
1300 4471 1426 4542 ipse
1461 4471 1795 4528 subsistens
1827 4474 1884 4528 in
1933 4474 2026 4530 his
2057 4505 2102 4568 Β

379 4561 550 4617 bonis
599 4578 724 4631 quae
775 4577 808 4614 a
862 4561 1106 4615 Domino
1165 4559 1513 4631 largiuntur.
1549 4560 1692 4614 Nam
1753 4564 2022 4618 eumdem

378 4649 669 4722 Evangelii
714 4647 905 4704 locum
959 4649 1268 4704 Matthreus
1319 4654 1617 4719 Lucasque
1665 4649 2023 4723 describens,

378 4739 525 4796 alter
555 4756 622 4795 ex
669 4737 762 4794 his
811 4738 935 4794 ait:
973 4761 999 4787 «
1035 4740 1262 4804 Quanto
1318 4737 1506 4808 magis
1557 4737 1724 4792 Pater
1773 4739 2024 4797 cmlestis

447 4867 466 4899 ⁷
497 4865 667 4919 Hebr.
701 4881 783 4918 III.
817 4865 886 4931 7;
941 4863 1094 4919 Psal.
1155 4880 1302 4925 κων,
1334 4865 1387 4916 8.
1450 4862 1470 4896 ⁸
1499 4864 1625 4917 Act.
1679 4880 1880 4930 xxvm,
1923 4867 1992 4921 25
2039 4885 2065 4923 s

377 4936 416 4971 ¹¹
453 4937 588 4991 Luc.
622 4953 701 5004 x1,
742 4937 824 4990 l3.
887 4936 929 4969 ¹²
959 4935 1127 4991 Aebr.
1162 4953 1214 4999 Χ,
1247 4934 1336 4988 29.
1400 4934 1440 4967 ¹³
1472 4933 1492 4988 Ι
1523 4935 1654 4988 Cor.
1692 4952 1770 5003 γι,
1807 4936 1893 4991 Η.
1955 4939 2048 4994 ¹⁴Ι

449 5060 528 5130 (7)
560 5059 818 5131 Alterum
851 5069 906 5116 τό
938 5078 1006 5114 ex
1054 5059 1267 5131 Gri-co,
1299 5055 1613 5131 exemplari
1663 5059 2020 5131 addidimus,

380 5129 673 5185 contextui
707 5137 762 5184 et
805 5132 1059 5186 auctoris
1093 5130 1273 5185 menti
1307 5129 1558 5184 maxime
1603 5129 2019 5196 necessarium,

451 5204 526 5272 (8)
581 5201 729 5254 Idem
795 5218 934 5256 mss.
995 5203 1052 5256 in
1103 5201 1376 5272 gignendi
1431 5217 1565 5254 casu
1628 5208 1704 5256 διὰ
1751 5214 1835 5258 τοῦ
1885 5213 2022 5273 ἁγίου

381 5280 678 5341 Πνεύματθς,
712 5277 766 5325 et
794 5289 925 5326 mox
955 5280 1029 5327 διὰ
1060 5285 1144 5327 τοῦ
1179 5281 1474 5341 Πνευμάτος.
1511 5273 1762 5331 Rectius.

450 5344 524 5412 (9)
557 5343 926 5397 'l‘holosanus
959 5360 1091 5396 cum
1129 5345 1341 5397 nostris
1374 5360 1515 5398 mss.
1552 5352 1608 5401 et
1648 5348 1894 5400 fortasse
1926 5363 2018 5400 ve-

378 5413 523 5488 rius,
558 5438 583 5461 ‹‹
622 5413 1220 5488 fortitudo,qi_iamab
1241 5419 1510 5471 extranea
1542 5419 1794 5486 quadam
1819 5434 2022 5488 cpera-

375 5486 1059 5560 tioneqsanctilicationis,
1092 5487 1439 5560 virtutisque
1466 5490 1765 5560 suscipiat.
1807 5513 1824 5535 ιι

445 5558 562 5628 (10)
597 5558 666 5631 Et
710 5559 1029 5631 incongrue
1082 5575 1252 5631 sensu
1285 5564 1341 5612 ct
1391 5558 1683 5621 vitioso,'«
1733 5561 2017 5631 scriptum

377 5633 486 5696 est,
517 5629 670 5700 quod
705 5629 1193 5703 spiritui‘gratim,
1228 5631 1286 5685 in
1319 5647 1435 5702 quo
1476 5629 1878 5689 sanctificatus
1910 5638 2018 5702 est,

2129 479 2316 552 magis
2347 481 2515 537 Pater
2562 488 2754 538 vester
2787 482 3036 538 caelestis
3085 481 3248 537 dabit
3278 478 3561 552 Spiritum
3593 496 3765 535 suum

2130 575 2397 624 sanctum
2414 573 2746 641 petentibus
2761 589 2822 626 se
2841 573 2876 606 ¹¹
2898 571 2925 625 ?
2938 595 2964 622 ››
2986 572 3066 626 Ex
3084 571 3298 642 quibus
3316 573 3575 641 apparet,
3596 569 3771 640 Spiri-

2134 663 2258 712 tum
2285 664 2554 714 sanctum
2575 660 2996 731 plenitudinem
3018 676 3146 716 esse
3167 660 3454 714 donorum
3478 657 3582 728 [αι.
3607 657 3776 712 bono-

2132 745 2289 818 rum]
2325 746 2424 801 Dei
2450 765 2462 814 ;
2488 752 2544 802 et
2574 765 2642 803 ea
2667 765 2793 819 quae
2825 747 3105 803 divinitus
3128 747 3640 812 administrantur,
3665 762 3774 800 non

2132 835 2354 906 absque
2386 851 2450 890 eo
2502 837 2820 892 subsistere
2850 855 2862 903 ;
2899 837 3037 908 quia
3083 853 3287 892 omnes
3321 835 3621 902 utilitates,
3653 850 3778 905 quae

2131 941 2200 979 ex
2230 925 2514 979 donorum
2548 925 2646 980 Dei
2679 926 2867 996 gratia
2915 927 3337 997 suscipiuntur,
3371 940 3440 979 ex
3482 924 3593 977 isto
3627 923 3778 978 fonte

2133 1012 2826 1078 dimanant.Quodautem
2841 1013 3061 1068 bonum
3075 1011 3538 1069 substantialiter
3551 1016 3776 1080 est,non

2134 1105 2324 1173 potest
2367 1107 2654 1158 extranea:
2705 1119 2886 1174 capax
2933 1118 3061 1157 esse
3102 1099 3399 1167 bonitatis,
3445 1101 3599 1155 IIO
3645 1116 3776 1154 cum

2134 1190 2330 1262 ipsum
2353 1190 2572 1245 tribuat
2593 1191 2813 1246 caeteris
2833 1191 3173 1246 bonitatem.
3195 1189 3377 1261 Igitur
3401 1189 3774 1244 manifestum

2135 1282 2246 1342 est,
2280 1295 2395 1334 non
2429 1296 2461 1334 a
2491 1279 2890 1351 corporalibus
2919 1283 3170 1345 tantum,
3197 1279 3296 1334 sed
3331 1281 3387 1333 et
3417 1278 3487 1333 ab
3519 1277 3779 1350 incorpo-

2139 1367 2362 1422 ralibus
2383 1368 2665 1423 creaturis
2682 1372 3020 1424 extraneum
3040 1384 3169 1424 esse
3181 1366 3460 1439 Spiritum
3477 1370 3744 1422 sanctum
3765 1384 3777 1433 ;

2139 1455 2278 1527 quia
2307 1464 2519 1511 czeterze
2566 1457 2908 1512 substantiae
2941 1456 3091 1511 hanc
3143 1455 3536 1512 substantiam
3569 1455 3780 1510 sancti-

2141 1544 2452 1600 ficiationis
2479 1545 2812 1617 accipiunt;
2847 1545 2959 1600 iste
2985 1561 3118 1600 vero
3150 1561 3266 1600 non
3292 1546 3522 1599 tantum
3555 1559 3668 1598 non
3701 1547 3785 1598 est

2140 1650 2319 1705 capax
2335 1634 2516 1689 sancti
2529 1634 2816 1689 ficationis
2830 1632 3049 1700 alienas,
3066 1633 3167 1688 sed
3185 1633 3430 1704 insuper
3469 1631 3777 1686 attributor

2140 1727 2229 1777 est
2250 1726 2306 1777 et
2327 1727 2570 1777 creator.
2594 1722 2856 1793 Denique
2879 1722 2978 1794 qui
2999 1720 3412 1776 communione
3437 1721 3564 1791 ejus
3587 1720 3784 1774 fruun-

2140 1814 2256 1878 tur,
2282 1811 2594 1882 participes
2624 1810 2902 1865 dicuntur
2921 1810 3174 1882 Spiritus
3197 1809 3405 1876 sancti,
3437 1809 3781 1865 sanctiﬁcati

2139 1900 2344 1971 utique
2392 1900 2464 1955 ab
2509 1916 2599 1957 eo.
2629 1899 2939 1972 Perspicue
2985 1899 3139 1954 enim
3191 1898 3473 1970 scriptum
3523 1902 3609 1954 est
3651 1898 3780 1969 (40),

2141 2012 2167 2038 ‹‹
2203 1990 2268 2044 Et
2300 1988 2542 2060 Spiritui
2574 1988 2775 2061 gratiae
2796 1987 3213 2044 contumeliam
3245 1987 3463 2043 faciens
3486 1988 3549 2055 ’³,
3574 2010 3601 2036 ››
3630 1987 3781 2044 haud

2142 2077 2388 2133 dubium
2420 2078 2564 2149 quin
2615 2077 2664 2132 is
2695 2078 2794 2149 qui
2845 2082 2978 2149 post
3008 2076 3442 2149 susceptionem
3495 2078 3623 2147 eius
3655 2093 3781 2148 pec-

2141 2167 2372 2222 caverit.
2407 2167 2464 2222 Si
2497 2171 2692 2223 autem
2724 2167 3124 2223 sanctificatus
3154 2171 3244 2222 est
3292 2183 3394 2238 per
3422 2166 3783 2222 communic-

2140 2273 2272 2311 nem
2307 2255 2560 2327 Spiritus
2586 2256 2795 2320 sancti,
2819 2255 3147 2311 ostenditur
3172 2255 3328 2328 quod
3349 2255 3477 2326 ipse
3498 2256 3785 2328 particeps

2140 2347 2269 2416 ejus
2305 2345 2496 2412 fuerit,
2522 2349 2578 2399 et
2607 2344 2851 2417 largitor
2871 2346 2998 2416 ejus
3029 2343 3514 2400 sanctificationis
3537 2345 3788 2404 Spiritus

2139 2437 2398 2490 sanctus.
2433 2433 2746 2505 Apostolus
2773 2450 3008 2505 quoque
3030 2433 3099 2488 ad
3133 2432 3466 2489 Corinthios
3498 2433 3784 2502 scribens,

2137 2518 2193 2578 et
2223 2539 2576 2578 enumerans
2611 2539 2708 2578 eos
2742 2523 2840 2594 qui
2873 2539 3120 2594 regnum
3152 2520 3433 2578 caelorum
3483 2525 3623 2577 sunt
3650 2539 3786 2578 con-

2140 2612 2420 2678 secuturi,
2455 2612 2621 2666 addit
2669 2613 2869 2666 dicens
2899 2628 2910 2666 :
2947 2635 2973 2662 ‹‹
3007 2613 3076 2667 Et
3105 2611 3227 2666 haec
3259 2611 3497 2682 quidem
3548 2611 3780 2679 fuistis;

2138 2702 2237 2756 sed
2269 2699 2455 2756 abluti
2479 2700 2642 2770 estis,
2671 2701 2772 2755 sed
2799 2699 3146 2756 sanctificati
3170 2700 3334 2768 estis,
3359 2701 3459 2756 sed
3475 2701 3783 2771 justificati

2137 2790 2302 2856 estis,
2356 2789 2413 2843 in
2461 2789 2696 2845 nomine
2743 2789 2883 2846 Jesu
2931 2789 3147 2846 Christi
3198 2794 3255 2844 et
3301 2789 3360 2844 in
3419 2789 3639 2861 Spiritu
3685 2790 3782 2846 Dei

2139 2879 2323 2934 nostri
2348 2879 2390 2912 13
2423 2895 2435 2933 :
2477 2902 2496 2926 ν
2531 2879 2811 2950 Spiritum
2843 2878 2967 2944 Dei,
3001 2895 3115 2934 non
3145 2877 3327 2934 alium
3349 2894 3618 2934 asserens
3651 2894 3778 2935 esse

2138 2984 2315 3039 quam
2338 2967 2620 3038 Spiritum
2643 2971 2935 3032 sanctum,
2952 2968 3180 3022 Etenim
3205 2967 3263 3022 in
3286 2968 3780 3039 consequentibus

2139 3056 2293 3112 idem
2325 3056 2627 3128 approbat,
2662 3055 2860 3112 dicens
2896 3073 2908 3110 :
2944 3079 2965 3106 ε
2996 3057 3176 3112 Nemo
3224 3056 3282 3111 in
3314 3057 3530 3129 Spiritu
3563 3057 3661 3113 Dei
3694 3057 3782 3113 lo-

2141 3161 2348 3217 quens,
2383 3144 2524 3200 dicit
2561 3145 2874 3202 anathema
2902 3146 3043 3202 Jesu
3079 3164 3091 3202 :
3126 3150 3184 3201 et
3214 3163 3387 3202 nemo
3419 3145 3559 3202 dicit
3586 3146 3781 3203 Domi-

2140 3252 2282 3289 num
2329 3234 2556 3302 Jesum,
2590 3235 2702 3290 nisi
2753 3235 2810 3289 in
2842 3223 3063 3306 Spiritu
3113 3240 3316 3291 sancto
3348 3237 3412 3301 ¹⁴,
3447 3258 3466 3284 n
3499 3236 3782 3308 Spiritum

2139 3323 2263 3390 Dei,
2295 3323 2574 3396 Spiritum
2611 3327 2876 3386 sanctum
2911 3339 3038 3380 esse
3069 3325 3447 3380 confirmans.

2205 3414 2260 3466 5.
2295 3411 2353 3466 Si
2407 3411 2586 3483 igitur
2635 3411 3028 3467 sanctificator
3081 3413 3179 3484 [aL
3215 3413 3623 3484 sanctificatio]
3671 3418 3781 3481 est,

2141 3519 2253 3557 non
2288 3500 2612 3566 mutabilis,
2643 3502 2742 3556 sed
2775 3501 3166 3558 immutabilis
3213 3502 3558 3558 substantia
3588 3506 3782 3559 osten-

2139 3590 2316 3645 ditur.
2334 3589 2767 3646 Immutabilem
2790 3596 2986 3646 autem
3005 3590 3392 3647 substantiam
3410 3591 3511 3647 Dei
3532 3596 3791 3658 tantum,

2138 3682 2196 3734 et
2217 3679 2498 3751 unigeniti
2519 3678 2644 3733 Filii
2668 3680 2716 3750 ej
2729 3679 3305 3748 us,manifestissime
3322 3681 3564 3736 tradunt
3587 3681 3784 3737 divina

2137 3767 2368 3839 eloquia
2403 3786 2414 3823 :
2445 3768 2881 3824 convertibilem
2904 3772 2962 3824 et
2991 3768 3333 3824 mutabilem
3357 3785 3591 3826 omnem
3622 3787 3784 3826 crea-

2137 3860 2406 3912 turarum
2458 3857 2852 3916 substantiam
2885 3857 3280 3928 praedicantia.
3316 3862 3461 3930 Ergo
3501 3858 3782 3929 quoniam

2137 3945 2468 4001 substantia
2514 3945 2768 4016 Spiritus
2820 3945 3006 4001 sancti
3061 3963 3175 4002 non
3222 3947 3636 4014 convertibilis,
3678 3949 3781 4003 sed

2137 4032 2599 4089 inconvertibilis
2632 4035 3030 4091 demonstrata
3060 4040 3186 4091 est:
3222 4053 3335 4092 non
3366 4036 3474 4092 erit
3504 4040 3783 4092 creatura;

2135 4130 2364 4192 ὁμούσιον
2414 4123 2541 4193 [ιδῃ.
2573 4125 2846 4195 ὁμούσιος].
2906 4124 3072 4180 Esset
3129 4125 3344 4197 quippe
3401 4129 3457 4182 et
3516 4129 3785 4182 creatura

2136 4211 2542 4276 immutabilis,
2575 4213 2623 4267 si
2657 4229 2789 4266 cum
2817 4217 2983 4268 Patre
3014 4218 3327 4284 poneretur
3346 4218 3403 4270 et
3436 4213 3598 4280 Filio,
3623 4231 3783 4270 eam-

2134 4299 2266 4354 dem
2299 4299 2520 4355 habens
2552 4301 3185 4359 inconvertibilitatem.
3221 4304 3407 4359 Omne
3436 4303 3590 4358 enim
3625 4304 3781 4375 quod

2135 4386 2309 4443 alieni
2341 4389 2477 4443 boni
2510 4406 2690 4461 capax
2722 4395 2831 4457 est,
2853 4391 2925 4445 ab
2960 4390 3068 4446 hac
3100 4391 3431 4448 substantia
3454 4396 3782 4464 separatur.

2135 4476 2306 4533 Tales
2337 4482 2529 4534 autem
2555 4483 2696 4533 sunt
2715 4485 2936 4534 cunctae
2958 4485 3237 4536 creature
3264 4499 3276 4549 ;
3312 4481 3464 4536 Deus
3485 4497 3618 4538 vero
3643 4498 3783 4537 cum

2136 4566 2326 4621 bonus
2376 4568 2472 4632 sit,
2510 4567 2637 4622 fons
2669 4571 2726 4622 et
2769 4568 3124 4640 principium
3159 4569 3441 4626 bonorum
3475 4575 3565 4626 est
3597 4589 3609 4625 :
3645 4571 3787 4626 facit

2135 4655 2314 4727 igitur
2357 4672 2456 4710 eos
2504 4657 2708 4722 bonos,
2742 4658 2958 4728 quibus
3005 4675 3065 4714 se
3108 4658 3388 4730 impertit,
3421 4659 3612 4715 bonus
3655 4659 3784 4732 ipse

2136 4761 2252 4799 non
2267 4745 2451 4800 factus
2469 4745 2540 4800 ab
2557 4744 2689 4812 alio,
2707 4747 2808 4802 sed
2823 4747 3153 4803 subsistens
3170 4764 3180 4803 :
3197 4747 3325 4803 ideo
3344 4747 3625 4821 capabilis
3643 4748 3689 4819 (Ι
3705 4749 3781 4819 1),

2111 4885 2204 4961 q;
2257 4872 2484 4995 Isa.3v1,
2531 4872 2584 4937 9,
2622 4869 2706 4925 lO.
2769 4871 3135 4940 9Act.1,46.
3199 4873 3240 4907 ¹⁰
3280 4871 3486 4938 Matth,
3534 4889 3636 4940 v11,
3686 4872 3779 4929 H.

2111 4957 2202 4995 .or.
2238 4958 2340 4995 xu.
2413 4983 2424 4995 .

2122 4957 2202 4996 or.
2238 4958 2340 5008 xu,
2371 4957 2424 4995 δ.

2133 5064 2548 5150 contumeliam
2575 5065 2812 5132 faciens,
2835 5068 3295 5150 gravipunietur
3317 5072 3574 5150 peccato,
3597 5090 3623 5116 ››
3650 5085 3783 5150 qua;

2133 5153 2198 5191 ex
2248 5136 2501 5211 laudatis
2559 5136 3175 5211 mss._castigaviinus.
3217 5136 3498 5211 Congruit
3545 5136 3782 5211 lectioni

2134 5206 2544 5281 nostrwei‘iam
2576 5207 2810 5263 Tholos.
2846 5206 2980 5275 ms,
3015 5210 3249 5265 tametsi
3282 5206 3661 5281 in'superiori
3693 5217 3785 5266 at-

2133 5295 2244 5350 que
2274 5278 2531 5350 inferiori
2569 5283 2835 5334 contextu
2869 5282 3165 5337 erroribus
3196 5285 3433 5336 scateat.

2206 5349 2313 5421 (ll)
2361 5349 2505 5404 Hinc
2554 5352 2732 5421 probe
2781 5351 3078 5425 intelligis,
3113 5369 3229 5425 quo
3279 5369 3455 5407 sensu
3485 5374 3511 5400 «
3545 5353 3785 5422 capabi-

2133 5419 2269 5496 lem,
2299 5419 2333 5468 ’››
2368 5419 2576 5496 etnon
2602 5444 2645 5496 _«_
2672 5419 3030 5496 capacemf»
3061 5419 3343 5496 Spiritum
3377 5419 3649 5496 sanctum,
3682 5425 3786 5479 Di-

2132 5492 2343 5574 d‘ymus
2391 5491 2566 5574 dicat.
2601 5491 2818 5574 Nempe
2867 5495 2915 5549 si
2941 5517 2977 5574 _«
3022 5491 3302 5574 capacem
3347 5518 3373 5544 η
3405 5495 3590 5574 Deum
3621 5495 3787 5574 “boni

2131 5562 2402 5640 alicujus,
2437 5570 2536 5619 aut
2566 5562 2823 5640 virtutis,
2852 5571 2994 5640 puta
3014 5562 3352 5640 sapientiae,
3385 5569 3488 5622 aut
3517 5566 3788 5640 veritatis

2131 5634 2365 5704 diceret,
2391 5639 2615 5708 poterat
2645 5653 2742 5694 eas
2772 5634 2954 5694 videri
2977 5634 3214 5696 aliunde
3239 5637 3654 5711 assumpsisse,
3681 5656 3788 5698 ne-
