4118 6158
353 269 467 334 115
1589 279 1654 340 S.
1698 279 2007 342 EUSEBII
2053 279 2343 344 HIERON
2361 280 2521 344 YMl.
3646 278 3761 344 116

347 401 506 470 tatis,
540 400 656 457 alia
683 401 1022 474 angelorum
1055 406 1384 462 ostenditur
1443 425 1476 462 a
1538 410 1828 467 Trinitate
1872 428 2001 468 esse
2031 413 2085 478 Α
2115 412 2390 484 sciplinae,
2418 431 2531 469 non
2563 413 2622 469 in
2646 414 2828 470 cassis
2859 413 3198 470 nominibus
3219 411 3472 469 scientiae
3494 412 3765 468 substan-

350 489 699 546 substantia.
731 488 805 546 Ut
835 492 989 547 enim
1021 494 1183 549 Pater
1215 496 1610 569 sanctiﬁcans,
1633 498 1784 555 alius
1807 504 1894 555 est
1924 501 1996 555 ab
2106 501 2249 556 tiam
2281 503 2580 573 possidet;
2615 503 2716 558 sed
2777 519 2879 576 per
2935 507 3208 559 naturam
3266 501 3761 568 sanctiﬁcantem,

350 578 443 634 his
491 578 592 650 qui
650 581 1126 651 sanctiﬁcantur;
1159 588 1216 639 et
1244 585 1422 641 Filius
1454 591 1544 642 est
1575 587 1726 643 alius
1775 589 1846 644 ah
1902 589 1996 644 his
2107 594 2163 644 et
2196 589 2538 662 implentem
2571 591 2744 647 bonis
2774 591 3064 660 universa,
3088 591 3278 648 bonus
3310 590 3436 662 ipse
3465 587 3761 655 subsistit,

348 685 496 740 quos
529 667 706 724 efﬁcit
727 674 960 727 sanctos
985 688 998 726 ε
1025 672 1105 728 ita
1129 678 1185 728 et
1215 674 1468 745 Spiritus
1491 681 1731 731 sanctus
1756 677 1998 734 alterius
2099 679 2269 748 juxta
2298 695 2475 750 quam
2504 683 2560 734 et
2589 679 2795 751 repleti
2853 679 3096 752 quidam
3149 679 3373 751 Spiritu
3406 682 3606 734 sancto
3636 693 3764 733 esse

349 760 439 811 est
467 757 811 814 substantiae
841 759 912 814 ab
942 759 1038 816 his
1067 777 1214 832 quos
1245 763 1334 817 sui
1388 762 1692 835 largitione
1743 765 1997 824 sanctiﬁ-

350 849 462 902 cat.
497 847 555 902 Si
587 863 719 902 vero
750 847 1004 904 hzeretici
1036 851 1468 922 proposuerint,
1522 869 1589 907 ex
1620 857 1829 909 natura
1863 871 1998 910 con-

350 935 588 990 ditionis
621 953 737 991 suze
769 935 1008 1009 angelos
1043 943 1279 995 sanctos
1309 956 1437 996 esse
1499 958 1512 995 :
1577 949 2002 1014 consequenter

348 1029 639 1098 coguntur
668 1025 860 1082 dicere
890 1034 1148 1097 ὁμουσίους
1181 1045 1308 1084 esse
1358 1029 1650 1096 Trinitati,
1700 1036 1756 1086 et
1807 1033 2002 1087 incon-

348 1114 691 1170 vertibiliter
722 1115 1011 1185 eosjuxta
1039 1117 1440 1173 substantiam
1472 1123 1708 1175 sanctos
1739 1137 1888 1177 esse.
1941 1120 2000 1176 Si

349 1206 543 1259 autem
574 1202 682 1258 hoc
708 1203 1084 1275 refugientes,
1117 1205 1390 1275 dixerint,
1429 1207 1605 1264 unius
1637 1209 1875 1279 quidem
1899 1226 2001 1264 na-

346 1297 490 1348 turae
520 1307 648 1348 esse
679 1307 814 1347 cum
845 1293 1066 1348 caeteris
1097 1295 1405 1363 creaturis,
1442 1313 1558 1351 non
1593 1301 1813 1352 tamem
1844 1313 2000 1352 eam-

345 1380 474 1436 dem
500 1379 712 1436 habere
733 1381 1313 1454 sanctitatem,quam
1331 1383 1603 1440 homines
1631 1385 1848 1440 habent
1878 1401 2005 1441 :ne-

344 1469 594 1525 cessarit:
616 1469 936 1524 deducetur
956 1471 1162 1542 (17),ut
1184 1471 1380 1527 dicant
1412 1473 1597 1528 multo
1625 1474 1881 1529 melioris
1904 1473 2004 1529 hc-

343 1557 532 1613 mines
553 1574 681 1614 esse
702 1558 1042 1614 substantiae
1067 1576 1080 1614 :
1114 1576 1247 1615 cum
1270 1561 1363 1616 hic
1390 1578 1492 1633 per
1526 1563 2000 1619 communionem

341 1646 645 1702 Trinitatis
666 1645 920 1703 habeant
941 1649 1404 1716 sanctitatem,et
1425 1649 1885 1724 angeli,propria
1908 1669 2004 1708 na.

341 1740 472 1790 tura
489 1736 776 1802 sancti,ab
797 1752 864 1792 ea
893 1736 1011 1791 sint
1031 1736 1222 1793 alieni.
1240 1739 1352 1794 Sed
1377 1744 1510 1795 vota
1535 1745 1673 1796 sunt
1696 1740 2001 1796 hominum
2033 1777 2079 1840 B

341 1824 750 1896 perfectorum,
802 1830 859 1880 et
915 1827 986 1880 ad
1046 1828 1614 1884 consummationem
1667 1829 1992 1885 sanctitatis

339 1913 697 1980 venientum,
757 1912 1011 1984 aequales
1086 1915 1311 1988 angelis
1386 1917 1511 1972 ﬁeri
1598 1919 1731 1986 (18).
1785 1917 1990 1990 Angeli

341 2001 556 2075 quippe
586 2001 942 2068 hominibus,
979 2008 1035 2058 et
1088 2020 1201 2058 non
1234 2004 1502 2060 homines
1560 2004 1780 2075 angelis
1830 2006 1991 2060 auxi-

341 2090 487 2145 lium
518 2090 1225 2156 tribuunt,ministrantes
1275 2094 1358 2149 eis
1378 2093 1651 2160 salutem,
1683 2098 1740 2149 et
1762 2111 1995 2149 annun-

339 2180 554 2235 tiantes
586 2180 669 2235 eis
701 2179 975 2252 largioria
1005 2181 1103 2235 Dei
1135 2181 1418 2238 beneﬁcia
1449 2182 1582 2254 (19).
1617 2183 1698 2236 Ex
1751 2199 1865 2254 quo
1927 2183 1992 2238 li-

341 2268 519 2340 quido
540 2269 869 2324 ostenditur
890 2268 1356 2325 honorabiliores
1391 2275 1447 2326 et
1476 2271 1662 2326 multo
1722 2271 1993 2327 meliores

339 2373 468 2413 esse
497 2356 734 2430 angelos
765 2357 1125 2426 hominibus,
1177 2375 1279 2430 per
1317 2359 1766 2432 germaniorem,
1799 2365 1864 2414 ut
1913 2361 1994 2416 ita

343 2446 556 2513 dicam,
581 2450 639 2502 et
657 2445 974 2519 pleniorem
1007 2447 1309 2503 Trinitatis
1341 2449 1829 2520 assumptionem.

412 2537 465 2590 8.
499 2537 862 2608 Quapropter
895 2552 1027 2591 cum
1060 2535 1210 2592 alius
1244 2537 1321 2592 sit
1350 2538 1604 2609 Spiritus
1648 2541 1889 2594 sanctus
1921 2536 1992 2591 ab

341 2623 436 2679 his
465 2640 593 2694 quae
625 2624 749 2694 ipse
771 2625 1115 2692 sanctiﬁcat,
1153 2643 1268 2680 non
1291 2631 1380 2681 est
1411 2627 1587 2682 unius
1607 2632 1825 2681 naturae
1858 2642 1991 2681 cum

343 2711 564 2766 caeteris
596 2711 876 2767 creaturis
906 2727 1033 2782 quae
1065 2728 1199 2768 eum
1233 2713 1540 2786 recipiunt.
1577 2714 1636 2770 Si
1684 2723 1876 2770 autem
1910 2713 1992 2769 al-

341 2799 523 2855 terius
555 2803 643 2855 est
673 2803 892 2855 naturae
925 2817 958 2854 a
987 2801 1358 2867 creaturis,et
1383 2803 1439 2857 in
1466 2803 1700 2875 propria
1723 2803 1994 2857 subsistit

342 2888 618 2956 essentia;
652 2887 944 2944 increatus
976 2891 1030 2944 et
1061 2888 1364 2946 ineffectus
1419 2892 1765 2947 ostenditur.
1802 2891 1992 2946 Multae

341 2977 651 3050 Scripturae
683 2981 840 3045 sunt,
877 2993 1005 3049 quae
1053 2978 1180 3034 sine
1209 2979 1590 3052 ambiguitate
1649 2980 1993 3035 convincant

341 3065 583 3122 alterius
611 3083 743 3121 eum
773 3083 804 3120 a
836 3067 1064 3122 cunctis
1096 3068 1530 3124 conditionibus
1571 3086 1698 3125 esse
1747 3074 1988 3123 naturae.

2108 767 2402 833 dicuntur,
2436 772 2499 823 ut
2531 768 2588 822 in
2621 769 2861 824 Actibus
2891 767 3290 840 apostolorum
3334 766 3619 839 scriptum
3650 769 3760 835 est,

2115 878 2134 904 α
2171 856 2240 910 Et
2270 856 2472 928 repleti
2504 861 2643 912 sunt
2664 870 2866 913 omnes
2891 857 3109 929 Spiritu
3129 860 3350 924 sancto,
3371 859 3427 912 et
3447 854 3764 926 loqueban-

2109 945 2457 1000 turverbum
2476 945 2576 1001 Dei
2601 962 2732 1000 cum
2756 945 2970 1000 ﬁducia
2989 946 3052 1000 ’9.
3071 967 3098 993 »
3117 947 3238 1010 Quo
3276 944 3448 1000 modo
3488 942 3644 999 enim
3663 943 3763 1014 qui

2110 1032 2631 1106 aliquadisciplina
2655 1033 2860 1106 plenus
2890 1032 3116 1104 est,qui
3134 1031 3383 1105 perfecte
3407 1047 3535 1088 eam
3566 1030 3762 1098 habet,

2111 1121 2334 1177 erudite
2351 1126 2408 1178 et
2425 1122 2718 1178 subtiliter
2738 1126 2928 1194 potest
2951 1123 3022 1176 de
3042 1138 3110 1176 ea
3126 1120 3382 1193 proferre
3403 1135 3757 1176 sermonem:

2110 1210 2194 1266 sic
2216 1211 2315 1282 qui
2348 1210 2628 1283 Spiritum
2661 1214 2931 1266 sanctum
2969 1213 3375 1265 consummate
3409 1205 3760 1280 acceperint,

2112 1298 2194 1353 ita
2210 1303 2272 1353 ut
2288 1298 2644 1371 impleantur
2658 1315 2886 1364 eo,cum
2909 1297 3124 1354 ﬁducia
3138 1297 3380 1354 verbum
3401 1295 3496 1351 Dei
3516 1296 3764 1368 loquun-

2112 1392 2172 1442 tu
2181 1387 2373 1458 r,quia
2389 1405 2644 1460 prasens
2658 1385 2912 1459 Spiritus
2927 1390 3167 1443 sanctus
3180 1386 3418 1458 dignam
3433 1385 3548 1441 Deo
3560 1399 3760 1441 vocem

2113 1475 2430 1530 ministrat.
2465 1476 2608 1531 Hinc
2641 1476 2882 1548 quidam
2915 1475 3013 1546 [αι.
3047 1475 3211 1530 Unde
3241 1478 3299 1530 et
3329 1473 3592 1546 quidam]
3624 1489 3760 1529 cum

2112 1563 2424 1636 supercilio
2452 1564 2532 1620 ait
2565 1581 2577 1620 :
2615 1587 2640 1614 ‹‹
2676 1566 2800 1621 Haec
2859 1563 2999 1620 dicit
3037 1562 3287 1635 Spiritus
3345 1566 3587 1618 sanctus
3612 1562 3697 1623 3°;
3732 1583 3758 1610 υ

2111 1657 2167 1708 et
2225 1652 2583 1725 Apostolus:
2620 1676 2647 1703 «
2697 1653 2807 1709 Sed
2863 1651 3212 1726 implemini,
3264 1651 3477 1723 inquit,
3535 1650 3758 1723 Spiritu

2112 1747 2313 1798 sancto
2333 1743 2374 1776 ³¹
2399 1761 2411 1808 ;
2448 1765 2474 1790 »
2502 1746 2558 1798 et
2582 1742 2639 1796 in
2659 1741 2862 1797 multis
2891 1741 3036 1797 locis
3059 1745 3312 1796 Actuum
3335 1737 3761 1812 apostolorum,

2111 1829 2263 1901 pleni
2295 1831 2474 1886 fuisse
2504 1830 2722 1901 Spiritu
2755 1834 2955 1886 sancto
2999 1829 3273 1901 discipuli
3331 1828 3558 1884 Domini
3615 1828 3760 1884 scri-

2111 1921 2328 1974 buntur
2359 1935 2370 1973 :
2410 1942 2438 1969 ‹‹
2468 1919 2842 1975 Considerate
2884 1919 3279 1992 ergo,fratres,
3309 1917 3462 1973 viros
3493 1934 3562 1972 ex
3590 1915 3755 1972 vobis

2107 2009 2508 2064 testimonium
2541 2008 2826 2064 habentes
2857 2013 3101 2080 septem,
3138 2006 3340 2080 plenos
3369 2005 3584 2078 Spiritu
3625 2023 3757 2061 san-

2104 2100 2194 2150 cto
2224 2100 2282 2151 et
2309 2095 2596 2167 sapientia
2624 2097 2669 2130 ³³
2700 2114 2714 2164 ;
2781 2119 2808 2145 ››
2839 2100 2899 2150 et
2922 2095 2995 2151 de
3024 2094 3321 2166 Stephano
3354 2109 3367 2147 :
3404 2116 3433 2143 ‹‹
3464 2097 3607 2148 Cum
3648 2109 3752 2148 au-

2104 2189 2219 2239 tem
2254 2183 2462 2256 plenus
2492 2189 2647 2240 esset
2674 2184 2896 2256 Spiritu
2953 2189 3176 2249 sancto,
3237 2182 3474 2238 intuens
3533 2181 3593 2236 in
3645 2198 3757 2236 coe-

2103 2272 2248 2338 lum,
2275 2272 2422 2326 vidit
2447 2272 2694 2344 gloriam
2719 2273 2839 2340 Dei,
2873 2276 2928 2327 et
2957 2273 3160 2328 Jesum
3188 2275 3441 2328 stantem
3475 2288 3509 2326 a
3539 2270 3757 2325 dextris

2108 2360 2202 2416 Dei
2223 2361 2296 2428 33;
2327 2383 2352 2409 ››
2371 2366 2424 2415 et
2446 2362 2516 2416 de
2529 2360 2828 2416 electionis
2844 2377 2979 2416 vase
2997 2360 3211 2416 dicitur
3228 2378 3240 2416 :
3265 2382 3293 2411 «
3309 2358 3521 2415 Saulus
3536 2362 3756 2424 autem,

2105 2449 2203 2520 qui
2235 2454 2291 2504 et
2319 2448 2773 2521 Paulus,plenus
2795 2449 3015 2522 Spiritu
3040 2448 3509 2516 sancto,intuens
3528 2447 3587 2502 in
3618 2461 3754 2502 eum

2101 2538 2183 2592 ait
2206 2539 2287 2606 3l';
2322 2561 2348 2587 »
2384 2543 2440 2593 et
2470 2539 2528 2593 in
2559 2555 2872 2594 commune
2905 2539 2974 2594 de
3033 2537 3320 2593 universis
3376 2535 3755 2592 credentibus

2102 2632 2417 2682 annotatur
2435 2644 2447 2682 :
2468 2650 2488 2675 α
2519 2626 2800 2698 Discipuli
2819 2643 3052 2699 quoque
3069 2625 3444 2698 replebantur
3463 2624 3678 2697 gaudio
3696 2627 3762 2679 et

2102 2715 2318 2786 Spiritu
2353 2720 2553 2770 sancto
2583 2716 2647 2770 ³⁵.
2685 2737 2710 2764 ››
2768 2713 2968 2787 Angeli
3017 2719 3218 2771 autem
3269 2714 3599 2787 praesentia,
3633 2712 3757 2767 sive

2102 2803 2352 2874 alicujus
2383 2804 2532 2859 "5
2567 2803 2809 2859 alterius
2838 2801 3170 2858 excellentis
3200 2806 3575 2874 naturaequae
3599 2801 3760 2856 facta

2100 2897 2330 2962 est,non
2361 2892 2569 2964 implet
2593 2897 2849 2948 mentem
2869 2897 3044 2964 atque
3074 2908 3314 2947 sensum
3339 2909 3352 2957 ;
3389 2891 3529 2962 quia
3549 2893 3605 2945 et
3626 2890 3760 2961 ipsa

2101 2980 2333 3036 aliunde
2364 2981 2709 3054 completur.
2741 2981 2863 3045 Quo
2897 2980 3069 3036 modo
3103 2980 3258 3036 enim
3290 2997 3357 3035 ex
3390 2977 3756 3052 plenitudine

2099 3069 2233 3142 quis
2281 3070 2570 3142 accipiens
2603 3069 2943 3135 Salvatoris,
2977 3068 3185 3142 plenus
3212 3068 3463 3124 efﬁcitur
3521 3066 3758 3139 sapien-

341 3155 587 3220 Quidam
611 3154 786 3209 etiam
818 3155 1036 3228 Spiritu
1069 3160 1269 3212 sancto
1301 3157 1454 3229 pleni
1504 3175 1632 3213 esse
1663 3158 1940 3213 dicuntur
1973 3175 1986 3225 ;
2019 3145 2060 3211 C
2098 3159 2198 3228 tia,
2227 3163 2282 3213 et
2302 3160 2514 3214 virtute
2540 3159 2672 3229 (20).
2706 3163 2763 3214 et
2785 3157 3036 3230 justitia,
3068 3164 3126 3214 et
3179 3172 3448 3213 sermone
3493 3155 3632 3211 Dei:
3667 3154 3756 3212 sic

341 3259 512 3298 nemo
533 3246 726 3298 autem
751 3243 868 3298 sive
891 3245 949 3298 in
971 3245 1436 3317 Scripturis,sive
1459 3247 1517 3302 in
1541 3247 1987 3312 consuetudine,

342 3331 551 3404 plenus
600 3335 870 3387 creatura
919 3333 1151 3388 dicitur.
1216 3337 1369 3390 114
1426 3336 1624 3406 Neque
1678 3334 1832 3390 enim
1892 3339 1991 3390 aut

338 3420 642 3493 Scriptura
671 3421 782 3475 sibi
815 3419 922 3476 hoc
952 3421 1227 3490 vindicat,
1261 3428 1362 3478 aut
1394 3439 1585 3479 sermo
1633 3423 1985 3489 communis,

341 3513 404 3564 ut
432 3509 593 3565 dicas
619 3508 858 3582 plenum
891 3526 1020 3566 esse
1051 3511 1386 3583 quempiam
1419 3512 1986 3583 angelo,throno,do-

338 3598 694 3667 minutione;
725 3598 834 3655 soli
857 3599 1072 3672 quippe
1102 3600 1306 3654 divinae
1339 3606 1556 3656 natura:
1596 3602 1689 3656 hic
1721 3601 1988 3656 convenit

337 3704 551 3744 sermo.
585 3688 849 3744 Dicimus
878 3692 1072 3744 autem
1097 3689 1332 3745 virtutis
1365 3695 1422 3745 et
1453 3689 1776 3762 disciplinae
1809 3707 1984 3762 quos-

337 3777 473 3833 dam
504 3793 632 3833 esse
661 3776 863 3849 plenos
897 3795 910 3833 :
943 3781 1008 3833 ut
1055 3776 1201 3832 illud
1251 3801 1277 3828 ‹‹
1314 3779 1587 3852 Repletus
1621 3785 1707 3835 est
1764 3779 1984 3851 Spiritu

335 3871 538 3922 sancto
555 3867 626 3933 ²³;
647 3888 676 3915 ››
695 3883 810 3922 non
833 3865 994 3922 aliud
1013 3867 1411 3939 signiﬁcantes
1430 3885 1607 3940 quam
1632 3867 1835 3941 plenos
1855 3885 1983 3924 esse

331 3959 752 4013 consummatae
785 3959 960 4026 atque
989 3956 1254 4028 perfectae
1285 3956 1537 4013 virtutis.
1571 3957 1864 4029 Scriptum
1895 3962 1984 4013 est

333 4043 404 4100 de
431 4043 692 4100 Joanne:
729 4066 756 4092 ››
784 4047 850 4098 Et
877 4043 1097 4116 Spiritu
1141 4050 1341 4101 sancto
1398 4045 1738 4118 implebitur
1791 4046 1983 4102 adhuc

332 4149 400 4192 ex
435 4137 596 4189 utero
623 4133 829 4188 matris
861 4150 979 4188 suze
1010 4134 1073 4201 εδ,
1112 4157 1138 4182 ››
1170 4139 1226 4190 et
1257 4136 1468 4190 iterum
1505 4152 1516 4190 :
1559 4155 1579 4183 «
1624 4135 1863 4206 Repleta
1893 4139 1984 4189 est

329 4222 547 4295 Spiritu
583 4227 782 4278 sancto
826 4223 1119 4278 Elisabeth
1143 4225 1186 4257 ’⁸
1212 4242 1224 4290 ;
1250 4247 1276 4274 ››
1299 4228 1354 4279 et
1376 4229 1506 4296 post
1529 4223 1644 4279 alia
1668 4241 1679 4276 :
1706 4247 1732 4272 ‹‹
1759 4224 1826 4277 Et
1858 4223 1982 4295 Spi-

331 4312 444 4367 ritu
471 4315 672 4367 sancto
703 4311 961 4384 repletus
991 4317 1080 4366 est
1105 4313 1411 4367 Zacharias
1442 4317 1604 4382 pater
1658 4312 1784 4381 ejus
1824 4313 1888 4364 ²⁷.
1951 4333 1976 4360 ››

331 4401 496 4456 Haud
543 4400 814 4464 dubium,
851 4400 990 4471 quin
1025 4405 1082 4455 et
1132 4402 1384 4455 Joannes
1416 4400 1800 4472 prophetavit.
1836 4401 1981 4455 Nec-

333 4503 447 4542 non
482 4488 536 4541 in
568 4488 808 4542 Actibus
841 4488 1236 4560 apostolorum
1271 4489 1340 4542 de
1372 4487 1574 4543 multis
1606 4489 1980 4544 credentibus

331 4576 431 4649 qui
463 4575 522 4632 in
554 4593 736 4630 unum
769 4582 1179 4644 convenerant,
1206 4578 1450 4632 refertur
1480 4594 1491 4632 :
1518 4601 1543 4626 ‹‹
1582 4577 1807 4649 Repleti
1838 4582 1979 4633 sunt

330 4666 550 4740 Spiritu
583 4669 782 4721 sancto
815 4667 875 4719 ’3.
911 4689 938 4715 «
969 4668 1114 4721 Cum
1173 4670 1366 4721 autem
1419 4666 1842 4738 participabilis
1902 4667 1979 4722 sit

333 4757 584 4829 Spiritus
616 4759 874 4822 sanctus,
898 4754 969 4808 ad
998 4753 1446 4810 similitudinem
1470 4755 1768 4826 sapientiae
1800 4771 1864 4810 ac
1897 4755 1981 4809 di-

2102 3248 2200 3318 qui
2234 3247 2451 3318 Spiritu
2486 3252 2688 3303 sancto
2721 3246 2929 3318 plenus
2960 3250 3068 3312 est,
3103 3245 3303 3301 statim
3335 3244 3624 3300 universis
3653 3243 3759 3299 do-

2101 3336 2438 3391 nationibus
2475 3335 2572 3390 Dei
2604 3335 2880 3406 repletur,
2905 3333 3466 3406 sapientia,scientia
3486 3333 3622 3400 ﬁde,
3649 3349 3756 3388 ca:-

2096 3423 2352 3495 terisque
2373 3421 2708 3477 virtutibus.
2725 3422 2830 3487 Qui
2850 3421 3027 3493 igitur
3049 3420 3252 3492 implet
3275 3419 3577 3475 universas
3595 3432 3756 3474 crea-

2098 3517 2284 3580 turas,
2313 3529 2438 3583 quae
2470 3517 2665 3566 tamen
2699 3515 2947 3582 possunt
2967 3511 3081 3580 (21)
3110 3509 3410 3576 virtutem,
3434 3512 3492 3564 et
3521 3508 3759 3580 sapien-

2096 3601 2236 3656 tiam
2269 3617 2492 3672 capere,
2528 3617 2643 3656 non
2675 3604 2762 3656 est
2792 3617 2861 3655 ex
2891 3599 2982 3654 his
3007 3615 3134 3670 quae
3167 3598 3291 3670 ipse
3347 3595 3621 3669 complet.
3666 3596 3756 3651 Ex

2095 3707 2210 3762 quo
2241 3689 2532 3762 colligitur
2565 3688 2805 3744 alterius
2836 3704 2969 3744 eum
3022 3703 3150 3742 esse
3175 3685 3537 3752 substantiae,
3570 3701 3754 3756 quam

2095 3783 2232 3834 sunt
2261 3795 2465 3833 omnes
2497 3781 2796 3833 creaturae.
2825 3776 3092 3832 Diximus
3121 3780 3178 3830 et
3207 3773 3518 3847 alibi,quia
3542 3789 3756 3846 super-

2093 3867 2452 3939 intelligatur
2481 3867 2538 3921 in
2572 3865 2758 3922 sancti
2789 3865 3040 3938 Spiritus
3071 3863 3404 3921 substantia
3428 3863 3602 3919 etiam
3630 3861 3756 3936 ple-

2092 3957 2295 4011 nitudo
2328 3972 2638 4010 munerum
2670 3955 3023 4010 divinorum.

2161 4049 2213 4100 9.
2249 4045 2509 4116 Denique
2543 4043 2909 4117 impossibile
2956 4047 3046 4100 est
3098 4043 3348 4116 gratiam
3407 4043 3504 4098 Dei
3545 4041 3754 4099 sortiri

2091 4131 2450 4203 quempiam,
2485 4131 2538 4186 si
2585 4148 2700 4186 non
2731 4131 2944 4186 habeat
2974 4130 3258 4203 Spiritum
3311 4134 3580 4186 sanctum
3617 4145 3630 4184 :
3676 4130 3747 4186 in

2089 4237 2204 4291 quo
2237 4220 2629 4292 approbamus
2662 4220 2775 4291 (22)
2805 4225 3015 4274 cuncta
3054 4219 3154 4274 Dei
3211 4218 3365 4274 dona
3393 4214 3752 4275 consistere.

2090 4311 2250 4375 Quod
2284 4325 2414 4364 vero
2443 4309 2493 4363 is
2525 4309 2624 4380 qui
2670 4308 2884 4363 habeat
2912 4324 3068 4375 eum,
3125 4323 3453 4364 sermonem
3510 4323 3757 4381 quoque

2090 4397 2472 4470 sapientize,et
2495 4397 2722 4468 reliqua
2743 4397 2891 4452 bona
2915 4396 3163 4468 perfecte
3184 4400 3533 4453 consecutus
3549 4397 3626 4452 sit
3649 4413 3662 4452 :
3690 4403 3762 4454 et

2089 4503 2245 4542 nunc
2277 4486 2582 4542 manifeste
2636 4502 2827 4542 sermo
2859 4486 3241 4552 demonstrat,
3291 4491 3351 4542 et
3405 4484 3579 4558 paulo
3610 4491 3762 4544 ante

2088 4576 2362 4641 diximus,
2389 4575 2782 4631 substantiam
2815 4575 3104 4632 bonorum
3134 4575 3234 4630 Dei
3261 4575 3544 4647 Spiritum
3573 4591 3760 4633 sanc-

2088 4670 2244 4730 tum;
2274 4681 2405 4719 cum
2446 4663 2755 4736 posuimus
2791 4663 3190 4736 exemplum,«
3217 4663 3389 4719 Dabit
3411 4667 3580 4719 Pater
3613 4664 3761 4736 Spi-

2091 4755 2269 4809 ritum
2304 4758 2577 4808 sanctum
2603 4752 2936 4824 petentibus
2963 4771 3026 4808 se
3049 4754 3114 4806 3°.
3151 4777 3172 4803 ι
3211 4757 3267 4808 et
3295 4770 3307 4808 :
3331 4775 3357 4801 ››
3383 4751 3556 4808 Dabit
3575 4755 3765 4809 Pater

404 4873 448 4907 "
477 4872 654 4928 Exod.
687 4889 836 4940 XXXI,
888 4872 940 4925 3.
1001 4871 1044 4904 ’5
1103 4870 1220 4925 Luc
1261 4889 1298 4936 Ι,
1361 4870 1448 4926 15.
1507 4872 1551 4904 ²⁶
1601 4870 1742 4926 ibid.
1803 4871 1888 4926 41.
1947 4873 1988 4905 ²τ

2107 4870 2180 4924 id.
2233 4871 2337 4940 67.,
2381 4869 2424 4940 ξε
2483 4873 2606 4924 Act.
2668 4887 2727 4923 ιι.
2789 4871 2843 4934 4,
2898 4869 2942 4903 ιο
2997 4868 3139 4924 ibid.
3197 4869 3242 4904 ³ο
3293 4873 3420 4924 Act.
3484 4884 3598 4938 xxr,
3650 4869 3755 4925 η.

331 4943 370 4976 ³¹
405 4943 612 5014 Ephes.
646 4961 700 5012 ν,
738 4939 828 4999 18.
853 4943 899 4977 ³²
928 4946 1054 4999 Act.
1089 4959 1164 5011 γι,
1198 4942 1251 4996 3.
1283 4942 1328 4976 ⁸³
1360 4945 1484 4997 Act.
1517 4959 1618 5009 v11,
1650 4944 1740 4997 55.
1772 4943 1817 4976 ³⁴
1846 4947 1973 4997 Act.

2119 4983 2132 5006 ,
2167 4946 2217 4996 9.
2253 4940 2296 4974 ³⁵
2327 4939 2465 4995 ibid.
2494 4942 2586 4996 52.
2618 4940 2662 4973 ³⁸
2693 4943 2830 4995 Luc.
2870 4958 2947 5007 x1,
2984 4941 3069 4996 13.

403 5057 516 5128 (17)
544 5058 762 5125 Scribe,
793 5059 986 5130 inquit
1009 5059 1297 5125 Barthius,
1337 5081 1363 5106 ι›
1423 5059 1748 5114 necessario
1787 5076 1854 5115 eo
1885 5059 1978 5113 de-

334 5129 366 5183 d
380 5134 643 5183 ucentur.
680 5153 701 5180 ι
739 5134 846 5186 etc.

404 5199 740 5274 (18_)C.ontra
771 5201 1056 5272 Orcgenes
1079 5202 1302 5274 angelis
1333 5207 1388 5256 et
1420 5201 1757 5274 hominibus
1799 5217 1975 5274 unam

333 5271 719 5343 eamdemque
747 5271 1015 5326 naturam
1039 5271 1259 5338 tribuit,
1296 5275 1367 5327 iis
1395 5273 1602 5329 saltem
1635 5273 1732 5343 qui
1767 5273 1976 5326 sancti-

334 5346 472 5417 tatis
496 5341 719 5417 apicem
747 5347 946 5398 essent
966 5345 1235 5417 assecuti.
1273 5341 1679 5417 Didymus,qui
1696 5343 1977 5417 Origine-

336 5415 519 5488 niana
543 5414 816 5486 dogmata
845 5414 1063 5488 passim
1085 5414 1310 5488 dicitur
1337 5414 1782 5488 recepissc,vidc
1813 5414 1884 5470 ab
1911 5431 1979 5470 ea

337 5484 948 5559 doctrina'quantum
1002 5484 1346 5559 abhorreat.
1387 5484 1594 5559 Confer
1623 5488 1806 5559 etiam
1849 5504 1976 5559 qum

337 5563 479 5627 tom.
518 5559 536 5615 Ι
565 5555 731 5635 (Opp.
759 5555 1017 5628 Hicron.]
1038 5555 1110 5613 ad
1139 5555 1482 5631 Synodicam
1504 5555 1896 5632 Theophili,et
1917 5559 1974 5615 in

2086 5058 2266 5130 Epist.
2301 5058 2372 5130 ad
2405 5057 2638 5130 Avitum
2670 5056 3099 5130 annotavimus.

2158 5129 2270 5200 (19)
2304 5129 2482 5200 Vatic.
2509 5146 2618 5183 ms.
2643 5145 2777 5183 cum
2803 5129 3040 5199 antiqua
3064 5127 3225 5197 edit.,
3277 5145 3298 5175 α
3321 5126 3764 5186 annuntiantes

2088 5199 2172 5256 eis
2205 5199 2536 5270 largitorem
2569 5201 2715 5270 ejus.
2752 5201 2832 5253 Ex
2861 5216 2998 5268 quo,
3036 5222 3063 5248 »
3095 5202 3201 5254 etc.

2161 5219 2172 5256 ς
2205 5217 2290 5254 lar
2332 5217 2536 5255 iterem
2569 5217 2715 5270 ejus.
2754 5217 2832 5253 nx
2861 5217 2998 5268 quo,
3036 5222 3063 5248 »
3095 5217 3201 5254 etc.

2161 5275 2270 5338 (2.0)
2293 5217 2425 5326 ἵ)υο
2457 5287 2598 5326 mss.
2634 5287 2768 5324 cum
2797 5271 2973 5325 veteri
3007 5269 3407 5337 editione,«.et
3433 5269 3672 5324 virtute.
3717 5294 3756 5322 ››

2157 5343 2270 5413 (2-1)
2301 5341 2479 5396 Vetus
2530 5343 2731 5397 eadem
2775 5343 2975 5409 editio,
3011 5364 3036 5389 ‹‹
3071 5346 3387 5408 creaturas,
3442 5345 3759 5413 quantum

2089 5417 2356 5484 possunt,
2395 5436 2420 5461 »
2452 5417 2561 5468 etc.

2159 5485 2269 5556 (22)
2304 5484 2388 5538 Al.
2424 5507 2451 5533 «
2481 5483 2901 5560 approbantur,
2940 5507 2966 5532 »
2999 5488 3056 5540 et
3119 5499 3253 5540 mox
3281 5481 3520 5541 Tbolos.
3575 5484 3754 5560 cod.,

2088 5580 2114 5608 α
2149 5554 2653 5630 οοηέιιιιεθι-θίρτο
2681 5554 3053 5612 «consistere.
3103 5578 3122 5605 ι
