4118 6158
294 204 409 264 H7

1027 200 1518 265 TRANSLATIO
1560 200 1767 264 LIBRI
1810 200 2091 265 Dl’DYMI
2136 202 2238 265 DE
2276 202 2594 268 SPIRITU
2639 205 2969 269 SANCTO.

3584 204 3701 271 HS

295 338 448 392 bona
477 334 814 407 petentibus
860 350 924 391 se
950 337 1015 390 ³⁷.
1054 358 1082 385 ››
1115 336 1228 391 Nec
1260 335 1589 392 existimare
1637 336 1939 402 debemus,
1978 339 2025 403 Α
2059 339 2421 408 spondere“.
2444 360 2471 387 »
2497 338 2713 409 Spiritu
2732 354 2863 393 vero
2885 341 3084 393 sancto
3106 340 3398 395 tribuente
3421 341 3699 412 apostolis

294 425 585 497 Spiritum
627 428 892 481 sanctum
923 426 1247 480 secundum
1280 424 1642 481 substantias
1672 425 1769 495 [ιιι.
1804 426 1943 480 sub-

294 512 598 584 stantiam]
630 529 756 568 esse
801 513 1077 581 divisum,
1105 514 1245 585 quia
1293 513 1607 570 multitudo
1655 514 1941 569 bonorum

294 604 525 661 dicatur
581 620 595 657 :
648 602 1034 675 impassibilis
1093 603 1270 670 enim,
1317 607 1374 659 et
1426 602 1799 659 indivisibilis
1854 608 1943 658 at-

296 704 411 764 que
456 690 845 747 immutabilis
891 696 1030 760 est;
1077 693 1177 748 sed
1220 693 1389 762 juxta
1439 691 1770 747 differentes
1819 694 1941 747 efﬁ-

297 780 565 846 cientias,
626 783 683 834 et
738 779 1107 845 intellectus,
1163 780 1366 835 multis
1423 781 1712 836 bonorum
1770 798 1942 836 voca-

294 870 448 925 bulis
523 873 965 940 nuncupatur;
1042 869 1182 941 quia
1239 868 1555 941 participes
1634 886 1773 925 suos
1824 886 1941 925 non

283 962 450 1031 juxta
482 972 663 1015 unam
694 959 1081 1028 eamdemque
1110 958 1385 1015 virtutem
1407 959 1819 1014 communione
1848 960 1941 1015 sui

289 1050 486 1113 donet,
534 1048 756 1120 quippe
804 1064 939 1102 cum
989 1048 1061 1103 ad
1115 1046 1429 1103 utilitatem
1480 1048 1944 1119 uniuscujusque

289 1142 463 1209 aptus
492 1136 592 1204 sit,
628 1140 685 1191 et
735 1135 955 1208 repleat
994 1135 1159 1191 bonis
1211 1152 1330 1201 eos,
1365 1137 1579 1207 quibus
1623 1136 1853 1207 judicat
1882 1153 1945 1192 se

295 1227 500 1282 adesse
551 1225 782 1280 debere.
834 1225 1095 1296 Denique
1164 1224 1498 1296 Stephanus
1564 1226 1793 1297 primus
1846 1224 1944 1280 ille

300 1314 462 1371 testis
493 1313 771 1380 veritatis,
808 1316 866 1368 et
894 1312 1110 1385 dignus
1141 1330 1248 1368 suo
1300 1314 1539 1369 nomine
1568 1313 1704 1385 (23),
1736 1313 1943 1384 plenus

292 1404 597 1476 sapientia,
631 1407 688 1458 et
734 1402 957 1474 Spiritu
986 1406 1189 1459 saneto
1239 1403 1435 1458 dictus
1480 1406 1613 1457 est:
1656 1402 1945 1474 sapientia

283 1496 718 1564 consequenter
763 1498 939 1562 super
984 1490 1299 1558 intellecta,
1332 1495 1730 1547 commorante
1775 1491 1836 1545 in
1876 1508 1941 1547 eo

282 1582 511 1653 Spiritu
543 1584 773 1647 sancto,
802 1580 960 1636 sicut
988 1579 1249 1651 loquitur
1292 1580 1593 1652 Scriptura
1626 1597 1639 1634 :
1678 1602 1698 1629 α
1734 1580 1803 1635 Et
1832 1579 1942 1635 ele-

2053 429 2229 482 verba
2261 429 2540 482 adversus
2562 443 2659 481 eos
2691 426 2790 497 qui
2816 426 3124 499 Evangelio
3146 429 3529 497 contraibant,
3554 430 3702 485 dilu‘-

2054 517 2178 570 cide
2208 516 2535 571 ostenditur
2557 516 2615 569 in
2648 515 2978 570 substantia
2999 516 3128 585 ejus
3158 517 3582 590 superintelligi
3606 534 3700 575 sa-

2057 605 2284 675 pientiae
2344 609 2399 659 et
2453 604 2705 659 scientia:
2754 620 3101 659 sermonem.
3160 604 3456 667 Quomodo
3505 611 3699 663 autem

2058 693 2319 749 Salvator
2365 693 2425 747 in
2474 691 2574 747 illa
2622 692 2763 747 hora
2793 709 2857 748 os
2896 697 2951 747 et
2999 692 3345 764 sapientiam
3397 694 3702 767 discipulis

2057 782 2359 854 largiatur,
2412 782 2625 853 quibus
2672 781 3066 838 contradicere
3098 799 3212 837 non
3263 787 3499 851 queant,
3542 800 3612 838 ne
3639 784 3701 839 hi

2060 872 2295 942 quidem
2320 870 2418 942 qui
2449 870 2601 941 apud
2624 870 2888 925 homines
2912 869 3379 942 eloquentissimi
3402 876 3701 943 putantur,

2061 976 2177 1015 non
2196 964 2281 1015 est
2317 959 2494 1030 hujus
2520 960 2797 1030 temporis
2830 958 3135 1026 disserere,
3162 959 3299 1031 quia
3325 977 3479 1016 nunc
3500 976 3704 1033 propo-

2062 1050 2289 1105 suimus
2319 1049 2624 1104 ostendere
2660 1048 3083 1119 superintelligi
3118 1065 3350 1121 semper
3390 1050 3450 1104 in
3482 1050 3703 1121 Spiritu

2055 1142 2255 1193 sancto
2288 1138 2438 1191 dona
2466 1137 2783 1203 virtutum;
2818 1135 2901 1191 ita
2929 1140 2995 1190 ut
3016 1136 3066 1191 is
3097 1137 3197 1207 qui
3220 1154 3353 1192 eum
3384 1138 3577 1207 habet,
3606 1141 3704 1195 do-

2056 1226 2393 1281 nationibus
2424 1226 2525 1280 Dei
2573 1225 2781 1297 plenus
2809 1225 3111 1280 habeatur.
3150 1226 3304 1282 Unde
3355 1226 3495 1281 etin
3528 1228 3701 1296 Isaia,

2056 1316 2180 1387 ipse
2197 1315 2350 1370 Deus
2369 1315 2603 1369 cuidam
2616 1314 2790 1369 dicit:
2811 1314 3072 1369 «Ponam
3089 1314 3371 1386 Spiritum
3385 1330 3583 1371 meum
3606 1306 3701 1372 su-

2058 1420 2161 1477 per
2182 1420 2380 1459 semen
2412 1408 2602 1468 tuum,
2632 1406 2687 1457 et
2713 1402 3147 1458 benedictiones
3167 1418 3328 1459 meas
3351 1419 3527 1476 super
3548 1404 3701 1461 ﬁlios

2056 1498 2189 1548 tuos
2210 1494 2271 1547 ‘5.
2294 1514 2321 1542 »
2344 1493 2656 1564 Nunquam
2680 1490 2837 1545 enim
2864 1490 3070 1562 accipit
3094 1491 3406 1563 quisquam
3429 1493 3702 1564 spiritua-

2056 1582 2140 1637 les
2169 1580 2601 1636 benedictiones
2642 1579 2763 1645 Dei,
2808 1581 2947 1634 “7
2985 1579 3097 1635 nisi
3128 1581 3489 1651 praecesserit
3517 1582 3704 1655 Spiri-

279 1675 501 1743 gerunt
530 1670 900 1741 Stephanum
949 1668 1188 1740 plenum
1221 1669 1334 1724 ﬁde
1386 1672 1444 1724 et
1489 1669 1708 1741 Spiritu
1740 1672 1940 1725 sancto
1975 1710 2023 1776 Β
2052 1675 2150 1725 tus
2182 1674 2444 1725 sanctus.
2471 1669 2577 1735 Qui
2609 1668 2767 1723 enim
2787 1668 3074 1739 acceperit
3098 1668 3382 1740 Spiritum
3410 1675 3702 1740 sanctum,

278 1758 537 1832 apostoli
557 1760 643 1825 δεῖ
671 1763 727 1815 et
750 1777 763 1814 :
787 1780 816 1807 ‹‹
839 1757 1169 1829 Stephanus
1202 1761 1420 1825 autem,
1442 1758 1652 1829 plenus
1682 1757 1870 1830 gratia
1890 1762 1947 1813 et

280 1846 787 1912 vlrtuteJaciebat
807 1845 1266 1917 prodigia(2/i)et
1285 1846 1455 1919 signa
1466 1844 1751 1918 magnajin
1768 1862 1947 1918 popu-

281 1936 333 1992 lo
352 1937 421 1990 39.
442 1959 473 1985 η
496 1934 778 1991 Etadhuc
789 1934 862 1989 de
882 1934 1085 1990 eodem
1102 1951 1115 1987 :
1132 1957 1159 1984 ‹‹
1185 1934 1381 1990 Etnon
1395 1934 1946 1990 valebantresistere

288 2026 618 2098 sapientiae,
651 2029 709 2079 et
761 2023 1024 2096 Spiritui,
1054 2022 1155 2094 qui
1203 2022 1554 2095 loquebatur
1582 2023 1641 2077 in
1684 2022 1784 2078 illo
1816 2024 1879 2077 ‘°.
1914 2030 1943 2073 »'

284 2113 503 2170 Plenus
536 2113 695 2168 enim
714 2112 937 2184 Spiritu
970 2116 1171 2167 sancto
1196 2112 1286 2167 vir
1313 2112 1543 2179 beatus,
1575 2115 1634 2167 et
1663 2111 1793 2167 fidei
1817 2112 1947 2168 eﬂ'e-

282 2209 411 2263 etas
462 2207 559 2259 est
611 2202 922 2273 particeps,
958 2218 1085 2273 qua:
1133 2217 1202 2257 ex
1251 2200 1469 2272 Spiritu
1519 2205 1719 2256 sancto
1767 2202 1945 2267 venit,

286 2292 437 2349 llB
459 2292 645 2361 juxta
673 2289 841 2357 illud,
880 2313 901 2338 ι
935 2289 1044 2344 Alii
1071 2294 1266 2344 autem
1297 2290 1463 2353 fides,
1494 2289 1552 2344 in
1575 2290 1777 2345 eodem
1810 2289 1944 2362 Spi-

277 2380 393 2435 ritu
430 2382 503 2433 ⁴¹.
540 2401 571 2428 ››
603 2379 672 2434 Et
699 2379 949 2450 gratiam
982 2381 1155 2449 atque
1180 2378 1453 2433 virtutem
1472 2378 1645 2447 juxta
1673 2380 1945 2434 eumdem

280 2470 579 2542 Spiritum
605 2467 853 2537 habens,
877 2468 1049 2538 signa
1078 2471 1134 2521 et
1158 2466 1420 2539 prodigia
1443 2484 1654 2538 magna
1681 2467 1943 2523 faciebat.

280 2559 335 2614 in
367 2556 623 2631 populo.
659 2556 894 2612 Necnon
929 2560 985 2611 et
1007 2555 1124 2610 illis
1157 2555 1572 2611 donationibus
1622 2557 1945 2611 secundum

277 2649 563 2704 eumdem
594 2645 881 2717 Spiritum
913 2645 1207 2711 afﬂuebat,
1234 2662 1361 2716 quze
1393 2650 1676 2700 vocantur
1705 2645 1948 2701 curatio-

278 2754 422 2793 num
456 2735 669 2809 gratiae
700 2738 876 2806 atque
904 2735 1168 2789 virtutes.
1194 2737 1260 2787 Et
1292 2737 1411 2789 haec
1432 2736 1587 2789 enim
1616 2734 1674 2788 in
1709 2750 1947 2789 enume-

2055 1762 2479 1830 consequenter
2509 1756 2748 1813 habebit
2776 1756 3228 1823 benedictiones,
3254 1758 3313 1813 id
3345 1762 3450 1827 est,
3478 1761 3703 1832 sapien-

2053 1848 2217 1915 tiam,
2244 1852 2300 1902 et
2332 1846 2710 1914 intellectum,
2736 1850 2791 1901 et
2821 1850 3045 1916 caetera,
3068 1847 3139 1902 de
3165 1847 3380 1918 quibus
3406 1848 3486 1904 ita
3506 1849 3706 1905 scribit

2054 1935 2367 2009 Apostolus
2402 1951 2415 1989 :
2450 1936 2752 2007 (“Propter
2782 1934 2889 1990 hoc
2920 1939 2977 1990 et
3005 1952 3132 2005 nos,
3166 1953 3232 1991 ex
3266 1952 3380 2009 quo
3412 1938 3506 1993 die
3536 1938 3702 1994 audi-

2058 2026 2266 2092 vimus,
2302 2041 2414 2080 non
2449 2040 2750 2079 cessamus
2798 2028 3032 2079 orantes
3061 2041 3165 2095 pro
3196 2025 3381 2092 vobis,
3414 2030 3472 2082 et
3500 2028 3703 2099 depre-

2056 2118 2277 2181 cantes,
2311 2118 2376 2168 ut
2424 2111 2787 2184 impleamini
2837 2111 3164 2183 cognitione
3210 2113 3541 2170 voluntatis.
3575 2117 3702 2187 ejus

2058 2203 2115 2258 in
2150 2203 2308 2258 omni
2356 2202 2657 2273 sapientia,
2690 2205 2745 2255 et
2775 2200 3157 2273 intelligentia
3205 2203 3493 2274 spirituali
3530 2221 3542 2259 :
3578 2221 3701 2262 am-

2061 2291 2328 2347 bulantes
2388 2290 2559 2363 digne
2614 2290 2727 2344 Deo
2782 2290 2846 2341 ‘6.
2912 2311 2940 2337 »
2994 2290 3105 2344 Eos
3154 2291 3310 2345 enim
3370 2292 3471 2362 qui
3529 2292 3704 2364 digne

2057 2380 2166 2437 sibi
2201 2382 2296 2447 [αι.
2329 2378 2521 2449 bonis]
2556 2395 2657 2449 per
2686 2394 2880 2450 opera,
2911 2382 2968 2431 et
2998 2394 3318 2446 sermones,
3353 2383 3409 2434 et
3438 2382 3702 2451 pruden-

2060 2468 2200 2524 tiam
2237 2468 2533 2533 incedunt,
2568 2465 2797 2539 impleri
2830 2465 2910 2520 ait
2952 2465 3249 2523 voluntate
3278 2467 3400 2535 Dei,
3433 2469 3701 2540 ponentis

2058 2574 2234 2629 super
2254 2573 2352 2612 eos
2373 2555 2655 2627 Spiritum
2680 2559 2971 2624 sanetum,
2989 2558 3054 2608 ut
3099 2555 3455 2627 impleantur
3481 2558 3704 2630 sapien-

2057 2648 2139 2702 tia
2187 2650 2243 2701 et
2292 2644 2610 2712 intellectu,
2652 2648 2709 2699 et
2760 2642 2999 2713 reliquis
3042 2643 3446 2715 spiritualibus
3492 2647 3700 2717 bonis;

2060 2735 2347 2807 sapientia
2405 2738 2620 2799 autem,
2672 2735 2728 2787 et
2783 2730 3136 2798 intellectus,
3192 2748 3318 2803 quas
3372 2734 3431 2789 in
3482 2735 3702 2807 Spiritu

280 2826 517 2882 ratione
567 2824 864 2880 donorum
911 2822 1033 2887 Dei,
1079 2821 1181 2893 qui
1227 2822 1470 2894 Spiritu,
1519 2826 1576 2878 et
1623 2822 1948 2878 secundum
2060 2829 2260 2879 sancto
2287 2820 3021 2891 sunt,aDeodantur(25).
3052 2820 3409 2890 «Dominus,
3435 2813 3702 2895 ninquit,

272 2915 607 2987 Spiritum,
644 2912 704 2968 in
736 2911 929 2984 prima
973 2911 1219 2983 apostoli
1250 2910 1413 2966 Pauli
1446 2911 1707 2983 Epistola
1736 2912 1804 2966 ad
1839 2911 1949 2967 Co-
2060 2937 2087 2963 ‹‹
2112 2911 2275 2967 dabit
2299 2909 2674 2982 sapientiam;
2701 2914 2809 2963 eta
2830 2909 2971 2964 facie
2988 2910 3115 2979 ejus
3139 2909 3705 2980 sapientia,etintel-

278 3004 543 3059 rinthios
577 3001 944 3057 collocantur
972 3001 1035 3055 ⁴².
1066 3000 1363 3055 Intantum
1392 3004 1586 3056 autem
1616 3000 1949 3072 Stephanus
2058 3002 2244 3058 lectus
2284 2999 2546 3072 procedit
2570 2999 2610 3032 ‘7
2636 3015 2649 3065 ;
2683 3019 2710 3048 »
2746 3012 2876 3052 cum
2909 3014 2977 3053 ea
3023 2997 3308 3069 sapientia
3338 3016 3463 3071 qua:
3495 3002 3566 3056 ab
3598 3001 3703 3058 ho-

274 3092 485 3148 divina
506 3090 703 3163 gratia
733 3089 1090 3156 abundabat,
1114 3093 1181 3143 ut
1202 3104 1371 3143 nemo
1394 3089 1940 3156 contradicentium,
1975 3075 2017 3141 C
2058 3090 2319 3145 minibus
2363 3088 2538 3153 venit,
2590 3103 2705 3141 non
2754 3086 2831 3140 sit
2878 3085 3221 3156 spiritualis,
3257 3087 3356 3143 sed
3408 3105 3617 3146 carnea
3648 3095 3704 3146 et

275 3189 339 3237 et
367 3196 580 3237 eorum
618 3179 719 3250 qui
764 3179 1044 3233 adversus
1090 3194 1225 3232 eum
1258 3177 1657 3248 disputabant,
1690 3177 1949 3233 valerent
2056 3180 2337 3234 humana.
2373 3177 2451 3232 Dc
2490 3176 2597 3231 hac
2628 3174 2825 3247 itaque
2872 3174 3185 3247 Apostolus
3234 3176 3435 3232 scribit
3471 3196 3483 3233 :
3519 3202 3546 3227 «
3578 3179 3701 3235 Non

277 3271 566 3327 resistere
618 3267 943 3339 sapientiae,
976 3270 1032 3321 et
1080 3265 1322 3338 Spiritui
1371 3265 1472 3338 qui
1502 3265 1850 3338 loquebatur
1888 3268 1947 3321 in
2058 3269 2117 3323 in
2167 3266 2455 3339 sapientia
2503 3261 2741 3330 carnali,
2776 3264 2874 3318 sed
2922 3262 2983 3317 in
3015 3264 3204 3335 gratia
3234 3264 3335 3319 Dei
3383 3256 3704 3324 conversati

276 3358 409 3413 illo.
466 3358 605 3412 Erat
651 3355 869 3428 quippe
925 3370 956 3409 e
1012 3354 1227 3426 Spiritu
1278 3358 1476 3410 sancto
1529 3355 1762 3426 sapiens
1810 3356 1944 3424 (25).

282 3445 461 3501 Unde
492 3450 552 3499 et
594 3445 664 3499 ad
718 3442 1040 3514 discipulos
1088 3459 1226 3498 suos
1255 3442 1428 3498 Jesus
1480 3443 1786 3514 perspicue
1816 3461 1946 3515 pro-

289 3533 527 3589 clamat
557 3551 573 3587 :
605 3536 741 3588 Cum
772 3531 1089 3588 introducti
1122 3531 1349 3587 fueritis
1382 3532 1453 3587 ad
1487 3532 1869 3604 principatus,
1894 3537 1951 3589 et

295 3626 643 3693 potestates,
694 3625 747 3677 et
793 3619 1064 3685 concilia,
1097 3624 1153 3675 et
1198 3636 1547 3692 synagogas,
1596 3619 1772 3676 nolite
1826 3638 1950 3677 esse

284 3709 533 3767 solliciti
564 3710 703 3780 quid
736 3725 835 3765 vos
884 3712 1149 3781 oporteat
1187 3708 1396 3769 dicere.
1428 3714 1529 3765 aut
1576 3710 1714 3780 quid
1746 3708 1949 3780 loqua-

283 3800 447 3855 mini
481 3799 535 3853 in
564 3798 662 3853 illo
705 3802 988 3870 tempore.
1020 3797 1329 3853 Dabuntur
1359 3799 1514 3852 enim
1562 3797 1726 3852 vobis
1758 3814 1791 3851 a
1819 3797 1949 3870 Spi-

278 3890 414 3944 ritu
444 3892 652 3943 sancto
679 3900 978 3942 sermones
1002 3886 1317 3958 sapientiae,
1343 3886 1558 3957 quibus
1589 3902 1705 3940 non
1737 3889 1954 3957 queant

278 3976 724 4043 contradicere,
744 3992 814 4031 ne
831 3975 891 4030 hi
908 3974 1145 4049 quidem
1169 3974 1269 4045 qui
1289 3974 1660 4030 vehementer
1680 3974 1737 4029 in
1757 3975 1954 4046 dispu-

275 4066 623 4123 tationibus
651 4062 886 4121 callent.

354 4158 449 4211 10.
489 4155 607 4211 Sed
659 4169 951 4226 ponamus
980 4152 1177 4225 ipsum
1228 4151 1654 4219 testimonium,
1688 4153 1843 4224 quod
1874 4152 1956 4209 ita

278 4246 687 4301 contexitur:
742 4266 769 4293 ‹‹
802 4247 945 4297 Cum
996 4246 1192 4297 autem
1252 4241 1679 4297 introduxerint
1734 4258 1836 4297 vos
1893 4242 1955 4297 in
2062 4241 2311 4313 Spiritus
2341 4239 2527 4294 sancti
2558 4239 2619 4292 ‘9.
2653 4260 2679 4287 η

276 4344 631 4407 synagogas
654 4332 725 4388 ad
755 4331 1120 4404 principatus
1141 4334 1198 4385 et
1227 4334 1566 4402 potestates,
1588 4329 1767 4385 nolite
1805 4329 1957 4386 solli-
2138 4332 2225 4385 11.
2259 4330 2413 4385 Deus
2462 4331 2658 4383 autem
2711 4326 2952 4399 largitor
3001 4326 3308 4393 bonorum,
3343 4344 3508 4399 spem
3540 4345 3717 4401 quam

270 4424 387 4479 citi
426 4439 564 4477 esse
597 4421 892 4493 quomodo
924 4423 1026 4475 aut
1075 4418 1213 4492 quid
1247 4418 1669 4491 respondeatis,
1705 4419 1956 4491 Spiritus
1988 4443 2035 4506 D
2070 4419 2362 4492 promisit,
2414 4418 2615 4473 reddet
2663 4415 2764 4488 [αι.
2826 4415 3039 4506 reddit]
3098 4415 3158 4470 in
3207 4417 3421 4472 virtute
3466 4419 3718 4491 Spiritus

263 4514 448 4569 enim
466 4509 955 4566 sanctusdocebit
991 4508 1162 4564 vosiu
1177 4508 1378 4564 eadem
1395 4508 1536 4563 hora
1551 4524 1677 4579 quae
1696 4512 1959 4579 oporteat
1991 4505 2016 4506 ί
2068 4510 2275 4575 sancti,
2308 4508 2401 4562 his
2434 4507 2533 4578 qui
2574 4506 2791 4561 habent
2821 4505 2986 4560 illum
3015 4524 3026 4573 ;
3060 4507 3270 4577 gaudio
3303 4512 3359 4561 et
3390 4524 3528 4579 pace
3560 4526 3717 4565 com-

262 4603 489 4657 dicere
526 4600 590 4655 ⁸³.
641 4620 670 4648 »
721 4599 791 4653 Et
841 4599 901 4653 in
952 4597 1063 4653 alio
1117 4596 1427 4669 Evangelio
1461 4613 1473 4651 :
1510 4618 1537 4647 ‹‹
1573 4595 1773 4652 Ponite
1822 4612 1956 4668 ergo
2068 4597 2187 4669 plet
2235 4613 2333 4651 eos
2364 4595 2464 4666 qui
2487 4595 2969 4667 imperturbatam
3003 4599 3059 4648 et
3103 4597 3362 4651 sedatam
3406 4597 3718 4668 cogitatio-

258 4694 330 4747 in
376 4689 678 4746 cordibus
732 4687 938 4743 vestris
973 4703 1087 4742 non
1138 4685 1549 4757 praemeditari,
1579 4686 1958 4756 quemadmo~
2069 4702 2201 4741 nem
2235 4684 2622 4756 possidentes,
2655 4683 2816 4738 laetas
2849 4683 3066 4738 habent
3094 4689 3342 4752 mentes,
3376 4689 3432 4739 et
3460 4685 3531 4739 ab
3558 4686 3718 4740 omni

262 4782 433 4835 dum
493 4776 904 4849 respondeatis
938 4792 951 4830 :
988 4776 1103 4848 Ego
1156 4774 1373 4846 quippe
1402 4774 1552 4828 dabo
1592 4774 1755 4828 vobis
1785 4790 1871 4838 os,
1904 4777 1961 4828 et
2070 4767 2576 4846 perturbationum
2602 4776 2950 4843 tempestate
2983 4771 3349 4842 tranquillas.
3383 4772 3491 4834 Qui
3523 4778 3719 4829 autem

256 4867 651 4941 sapientiam
702 4865 797 4920 cui
846 4882 963 4921 non
1012 4863 1242 4919 valeant
1289 4862 1707 4930 contradicere,
1740 4866 1841 4917 aut
1872 4878 1957 4917 re-
2070 4863 2127 4917 in
2160 4863 2371 4917 virtute
2392 4861 2646 4933 Spiritus
2670 4860 2854 4915 sancti
2880 4858 3152 4930 praedicta
3178 4860 3331 4913 bona
3356 4859 3573 4915 fuerint
3593 4878 3726 4917 con.

340 4995 396 5030 ³⁷
442 4989 657 5048 Matth.
680 5007 785 5055 vn,
818 4988 907 5045 Η.
984 4990 1027 5023 ³⁸
1059 4992 1182 5043 Act.
1210 5005 1285 5052 v1,
1318 4988 1371 5042 5.
1449 4986 1656 5041 39ibid.
1681 4988 1735 5041 8.
1815 4986 1859 5020 ιο
1889 4985 2031 5041 ibid.
2066 4987 2153 5041 ll.
2232 4988 2271 5021 ⁴¹
2303 4990 2312 5039 l
2346 4988 2472 5041 Cor.
2498 5003 2597 5052 x11,
2621 4984 2673 5038 9.
2752 4984 2796 5017 δ’
2820 4982 2958 5055 ibid.
2994 4982 3079 5037 lO.
3159 4984 3201 5015 ‘3
3228 4984 3363 5038 Luc.
3390 5001 3488 5052 xu,
3514 4984 3605 5055 Η,
3638 4990 3718 5045 l2.

247 5068 303 5103 “
346 5071 514 5121 Luc.
547 5079 668 5129 xxi,
702 5054 794 5129 lt,
828 5059 915 5116 l5.
995 5061 1037 5093 ‘5
1070 5060 1176 5115 Isa.
1210 5075 1358 5125 XLIV,
1391 5059 1444 5111 3.
1522 5060 1565 5092 ⁴δ
1590 5057 1813 5113 Coloss.
1848 5074 1865 5111 1
1896 5057 1943 5111 9.

2058 5059 2069 5091 ῖ
2102 5057 2273 5113 Eccli.
2306 5076 2347 5127 1,
2379 5059 2430 5111 4.
2508 5058 2549 5090 ⁴⁸
2582 5057 2629 5109 ΙΙ
2663 5056 2789 5110 Cor.
2826 5072 2862 5122 ι,
2896 5054 2983 5108 42.
3062 5056 3105 5089 ‘9
3138 5055 3303 5110 Rom.
3338 5073 3428 5120 xv,
3464 5058 3550 5111 43.

2140 5194 2250 5265 (26)
2301 5193 2560 5265 Tholos.,
2595 5214 2621 5265 «_«

2060 3373 2268 3413 sumus
2301 3356 2357 3409 in
2385 3354 2482 3425 [ιιι.
2514 3352 2572 3407 in
2596 3352 2724 3422 hoc]
2749 3352 2968 3406 mundo
2999 3353 3041 3386 ‘3
3066 3370 3080 3419 ;
3116 3376 3142 3401 ››
3170 3352 3459 3409 carnalem
3485 3357 3709 3427 sapien-

2058 3445 2199 3499 tiam
2250 3442 2471 3505 dicens,
2506 3457 2632 3512 qua:
2685 3439 2745 3493 in
2778 3440 2951 3494 rebus
3001 3441 3289 3512 corporeis
3337 3458 3404 3497 ex
3448 3443 3707 3502 humano

2060 3531 2333 3587 subsistit
2355 3530 2606 3602 cogitatu
2634 3528 2767 3600 ('27).
2798 3528 2972 3583 Porro
2998 3528 3321 3599 spiritualis
3342 3532 3629 3602 sapientia
3648 3538 3707 3590 et

2058 3619 2491 3687 intellectualis,
2527 3618 2681 3673 circa
2728 3616 3047 3673 invisibilia
3073 3621 3130 3671 et
3177 3617 3596 3676 intellectualis
3642 3638 3707 3678 se

2060 3714 2286 3774 tenens,
2310 3724 2413 3780 per
2442 3706 2836 3778 Operationem
2861 3704 3110 3776 Spiritus
3128 3708 3313 3761 sancti
3339 3708 3706 3779 capientibus

2061 3814 2122 3853 se
2153 3797 2243 3853 sui
2299 3794 2664 3868 praesentiam
2696 3792 2923 3848 tribuit.
2957 3793 3018 3847 In
3052 3792 3253 3849 multis
3298 3812 3530 3868 quoque
3573 3797 3704 3854 aliis

2063 3885 2204 3940 locis
2226 3882 2543 3955 Apostolus
2563 3887 2847 3938 memorat
2880 3883 2935 3937 in
2959 3882 3209 3954 Spiritus
3233 3886 3415 3940 sancti
3440 3887 3710 3943 substan-

2065 3976 2142 4030 tia
2159 3974 2257 4029 Dei
2283 3988 2530 4027 munera
2545 3971 3005 4041 commorari[al.
3028 3975 3496 4046 commemorari]
3522 3994 3534 4043 ;
3561 3975 3714 4032 sicut

2065 4064 2124 4118 in
2154 4062 2252 4117 illo
2283 4080 2294 4117 :
2329 4082 2357 4110 ‹‹
2381 4061 2533 4116 Deus
2557 4064 2750 4115 autem
2773 4059 2896 4131 spei
2919 4059 3140 4130 repleat
3162 4078 3264 4117 vos
3287 4062 3446 4116 omni
3468 4065 3703 4132 gaudio,

2063 4157 2121 4209 et
2150 4151 2369 4224 pacein
2402 4149 2708 4213 credendo,
2738 4152 2803 4203 ut
2832 4148 3145 4204 abundetis
3174 4150 3232 4203 in
3266 4165 3387 4221 spe,
3418 4155 3475 4205 et
3495 4152 3705 4208 virtute

336 5200 493 5271 (23),
515 5200 731 5271 Notum
756 5217 777 5245 α
800 5194 1185 5271 Stephanum,
1212 5216 1240 5243 ››
1258 5192 1450 5249 Grece
1465 5200 1735 5263 Στέφανον,
1760 5192 1943 5247 Latini

2068 5263 2081 5271 _
2140 5194 2250 5265 (26)
2301 5193 2560 5271 Tholos._,
2595 5214 2621 5271 «f
2657 5195 2737 5271 .ut
2786 5190 3098 5271 impleant“
3122 5190 3415 5271 sapientia
3454 5196 3510 5246 et
3553 5193 3721 5248 intel-

246 5262 557 5333 coronam
586 5262 990 5339 interpretari.
1525 5338 1529 5339 ί
1572 5262 1577 5263 ί
2068 5262 2239 5339 lectu,
2274 5281 2399 5339 qua}
2432 5264 2489 5317 in
2521 5262 2739 5339 Spiritu
2771 5268 2969 5318 saneto
3001 5281 3033 5319 a
3063 5262 3516 5339 Deodonantur.
3551 5284 3579 5311 ››

340 5344 486 5416 (24)
516 5333 868 5416 gonstanter
896 5337 1118 5416 habent
1146 5351 1315 5416 mss,
1350 5338 1701 5416 «portenta.
1731 5357 1759 5384 ››
1825 5406 1835 5416 .
2138 5338 2247 5416 (2η
2271 5333 2459 5416 idem,
2495 5333 2680 5416 ‹‹
2712 5334 2921 5416 horum
2969 5333 3333 5410 corporibus,
3366 5339 3423 5391 et
3452 5334 3721 5396 humano

340 5344 463 5414 (24
516 5344 868 5421 Constanter
899 5344 1118 5392 habent
1146 5351 1315 5402 mss.,
1350 5358 1377 5385 ‹‹
1411 5344 1697 5416 portenta.
1731 5357 1759 5384 ››
1825 5406 1835 5416 .
2138 5344 2247 5463 fit)
2282 5344 2459 5401 Idem,
2495 5352 2680 5417 «.qua:
2714 5344 2907 5391 horun

338 5344 486 5487 (25)
530 5411 721 5466 Vatic.
766 5408 1004 5487 Tholos.
1037 5412 1095 5463 et
1141 5412 1306 5487 vetus
1335 5407 1498 5473 ed1t,,
1525 5430 1550 5487 ις
1587 5410 1710 5462 erat
1739 5423 1957 5487 quippe
2066 5423 2133 5463 su
2181 5410 2399 5465 snstunt
2429 5411 2703 5483 cogitatu,
2738 5428 2765 5459 »
2798 5412 2907 5467 etc.

241 5477 489 5569 juxta,
510 5487 697 5544 Deum
726 5485 785 5540 et
814 5479 1099 5557 Spiritum
1123 5482 1395 5539 sanctum
1426 5477 1680 5554 sapiens,
1705 5500 1734 5531 »
1756 5477 1880 5539 ‘etc.
