4118 6158
248 109 345 168 {Si

969 102 1465 169 TRANSLATIO
1506 110 1712 172 LIBRI
1758 108 2039 173 DIDYMI
2083 110 2185 172 DE
2230 110 2544 175 SPIRITU
2589 110 2915 175 SANGTO.

3536 113 3653 178 122

241 240 1283 313 pnopterquodnequesempiternum
1301 246 1407 296 est.
1434 242 1555 298 Non
1572 241 1888 317 solumigi-
1918 248 1973 314 Α
2007 260 2218 299 nomen
2232 244 3647 316 signiﬁcansomniumsubstantiaminvisilibium

240 336 331 384 tur
355 329 515 401 quod
551 330 611 383 in
647 329 989 385 hominibus
1011 333 1101 384 est
1131 328 1429 398 rationale,
1454 333 1896 398 convertitur,et

240 424 493 485 creatur,
543 434 750 473 verum
799 419 1071 473 etiamin
1118 419 1392 474 omnibus
1441 421 1724 477 creaturis
1772 423 1895 479 haec

237 507 445 562 eadem
472 507 771 563 conversio
804 508 1111 579 reperitur.
1147 508 1292 562 Nam
1314 513 1370 563 et
1391 508 1735 581 angelorum
1758 527 1889 566 con-

233 597 536 652 versiones
576 602 633 651 et
684 595 886 651 ruinas
934 596 1132 652 divina
1192 596 1423 669 eloquia
1464 598 1889 655 demonstrant.

238 686 405 741 Licet
435 685 586 741 enim
617 684 935 740 multitudo
967 685 1332 758 angelorum,
1355 690 1413 741 et
1434 686 1682 742 aliarum
1710 688 1894 744 excel-

237 774 488 829 lentium
502 774 807 840 virtutum,
834 774 891 828 in
916 773 1275 830 beatitudine
1293 779 1350 830 et
1366 776 1751 832 sanctimonia
1766 794 1893 848 per-

236 867 520 931 sever-ent,
557 866 752 918 tamen
792 879 926 917 cum
977 863 1034 918 in
1077 880 1143 917 ea
1194 880 1321 935 qua:
1374 864 1629 920 similem
1678 866 1895 921 habent

234 958 509 1007 naturam
524 966 809 1006 conversa
827 951 1239 1017 sint,dilucide
1270 951 1672 1007 ostenditurin
1705 954 1892 1024 primo

234 1058 330 1097 eos
352 1044 514 1096 statu
548 1056 665 1094 non
692 1038 1352 1111 perimmutabilitatem
1385 1058 1502 1095 suae
1525 1042 1889 1109 substantiae,

236 1131 341 1185 sed
372 1144 479 1202 per
506 1128 816 1184 sollicitius
846 1129 904 1183 in
929 1129 1172 1185 Domino
1190 1129 1492 1185 servitium
1528 1147 1889 1202 permanere.

235 1218 445 1290 Neque
474 1218 624 1273 enim
658 1221 852 1289 potest
883 1217 1264 1289 coaequalium
1278 1217 1505 1273 diversa
1518 1236 1645 1275 esse
1661 1225 1890 1276 natura.

235 1308 382 1362 Nam
416 1307 554 1378 quia
599 1322 777 1361 omne
823 1322 1011 1377 genus
1064 1306 1370 1362 hominum
1422 1307 1665 1364 mortale
1695 1314 1805 1375 est,
1837 1314 1893 1365 et

232 1395 452 1467 singuli
475 1395 753 1450 homines
785 1394 1066 1450 mortales
1087 1398 1244 1461 sunt,
1270 1400 1336 1450 ut
1358 1413 1388 1451 e
1409 1396 1637 1451 diverso
1661 1414 1892 1469 quoque

231 1486 273 1541 si
304 1501 426 1556 qua
455 1484 532 1539 de
562 1483 972 1555 superioribus
1018 1482 1375 1539 immortalia
1403 1489 1564 1553 sunt,
1593 1486 1749 1541 haud
1784 1487 1892 1541 du-

230 1574 418 1641 bium,
449 1572 601 1644 quin
634 1572 834 1627 omnia
864 1572 923 1627 in
955 1572 1158 1628 eodem
1208 1589 1417 1645 genere
1449 1579 1505 1629 et
1535 1574 1725 1646 specie
1756 1592 1890 1631 con-

230 1661 460 1725 stituta,
494 1661 620 1717 sint
651 1660 1035 1716 immortalia.
1536 1722 1537 1725 η

296 1752 383 1804 13.
418 1752 573 1806 Cum
593 1754 794 1805 autem
818 1749 942 1804 haec
975 1766 1038 1806 se
1060 1750 1141 1805 ita
1162 1750 1440 1818 habeant,
1464 1753 1641 1808 etiam
1670 1754 1717 1809 si
1741 1771 1895 1811 unus

232 1838 483 1911 angelus
496 1837 902 1893 convertibilis
929 1839 1285 1910 apparuerit,
1308 1856 1514 1896 omnes
1549 1843 1893 1897 convertibi-

230 1926 318 1983 les
339 1932 535 1993 erunt,
550 1927 689 1982 licet
709 1943 825 1981 non
841 1927 1234 1983 sintconversi
1249 1928 1306 1983 in
1324 1930 1685 1987 beatitudine
1699 1948 1892 2004 perse-

232 2022 503 2071 verentes
529 2016 1148 2087 ;quomodoetcuncta
1162 2016 1467 2073 hominum
1482 2035 1725 2091 corpora
1747 2019 1892 2075 divi-

231 2104 428 2160 sibilia
446 2109 612 2170 sunt,
639 2120 979 2176 quanquam
1003 2122 1118 2160 non
1141 2106 1339 2160 omnia
1358 2106 1711 2164 dividantur.
1737 2110 1893 2174 Qua:-

231 2195 364 2249 dam
398 2194 563 2249 enim
595 2209 803 2248 eorum
830 2209 1005 2265 passa
1043 2193 1407 2262 divisionem,
1435 2200 1491 2251 et
1533 2196 1889 2268 reliquorum

230 2282 522 2338 similium
546 2282 669 2348 sui,
702 2287 974 2337 naturam
1007 2282 1486 2355 interpretantur.
1521 2286 1624 2340 His
1649 2286 1730 2341 ita
1747 2287 1895 2342 edis-

231 2372 422 2437 sertis,
458 2371 705 2426 alterius
734 2371 1075 2426 substantiae
1110 2373 1494 2430 avisibilibus
1516 2375 1574 2429 in
1594 2375 1895 2431 invisibili-

231 2462 339 2516 bus
372 2460 672 2516 creaturis
702 2460 956 2531 Spiritus
978 2466 1218 2518 sanctus
1243 2463 1590 2517 ostenditur.
1615 2464 1676 2518 Si
1698 2468 1893 2519 autem

235 2549 345 2605 hoc
364 2566 575 2605 verum
594 2552 707 2615 est,
731 2548 1083 2620 impiissime
1104 2550 1345 2620 quidam
1367 2550 1519 2606 inter
1539 2552 1737 2607 omnia
1757 2568 1893 2607 con-

237 2642 563 2693 numerant
583 2636 872 2708 Spiritum
906 2643 1199 2707 sanctum,
1247 2640 1507 2695 dicentes
1553 2641 1610 2695 in
1641 2657 1708 2695 eo
1736 2640 1892 2711 quod

228 2727 434 2782 omnia
468 2744 575 2799 per
606 2727 868 2781 Verbum
900 2744 935 2782 a
966 2726 1082 2782 Deo
1113 2728 1264 2783 facta
1293 2734 1450 2796 sunt,
1474 2729 1648 2784 etiam
1672 2729 1893 2801 signiﬁ-

228 2817 351 2870 cari
384 2814 649 2886 Spiritus
680 2816 870 2870 sancti
903 2816 1210 2872 facturam.
1236 2818 1433 2889 Neque
1449 2817 1603 2872 enim
1624 2835 1806 2873 unum
1827 2835 1896 2874 ex

230 2905 542 2969 omnibus,
576 2905 679 2960 sed
703 2904 866 2960 aliud
889 2910 1051 2961 extra
1075 2907 1273 2961 omnia
1294 2922 1397 2977 per
1418 2907 1809 2963 substantiam
1829 2925 1897 2964 ex

2005 336 2425 387 creaturarum.
2452 333 2649 405 Neque
2671 334 2826 389 enim
2841 333 2945 388 ulli
2959 334 3196 405 quidem
3214 334 3578 406 angelorum,
3595 341 3653 391 et

2005 420 2129 475 aliae
2160 420 2394 475 cuidam
2419 420 2749 476 rationabili
2773 425 3048 477 creatura?
3074 421 3215 476 dixit
3238 427 3388 478 Deus
3411 440 3424 477 :
3458 443 3476 471 ι
3502 424 3651 479 Sede

2004 526 2037 563 a
2067 508 2283 564 dextris
2315 510 2521 564 meis.»
2544 512 2604 565 In
2630 526 2940 565 commune
2960 511 3157 581 itaque
3179 527 3368 566 sermo
3391 529 3648 583 pronun-

2005 596 2130 665 tiat,
2166 612 2279 650 non
2313 613 2441 650 esse
2471 596 2692 651 dictum
2735 598 3009 669 cuiquam
3041 602 3342 667 creaturae,
3376 622 3403 648 ‹‹
3438 600 3584 655 Sede
3617 617 3650 655 a

2004 684 2222 739 dextris
2254 685 2419 739 meis.
2455 709 2481 732 ››
2514 689 2578 739 Et
2610 687 2717 741 hoc
2753 690 2806 741 in
2841 704 3151 742 commune
3173 687 3242 741 de
3273 692 3556 742 creatura.
3584 688 3651 742 Et

2003 773 2391 845 pronuntians
2422 776 2491 828 de
2513 775 2786 831 omnibus
2823 775 3214 831 invisibilibus
3244 777 3652 842 creaturis,ait

2003 880 2101 917 eas
2122 878 2251 918 esse
2272 863 2777 919 administratores
2796 866 3059 936 spiritus.
3085 866 3323 936 Propter
3337 866 3491 936 quod
3516 865 3651 922 sub-

1995 952 2137 1022 jecit
2163 967 2175 1005 :
2201 974 2226 999 ‹‹
2264 951 2466 1006 Nonne
2497 969 2700 1007 omnes
2737 957 2875 1007 sunt
2918 952 3426 1009 administratores
3476 954 3649 1026 spiri-

2001 1045 2119 1107 tus,
2152 1040 2211 1095 in
2245 1039 2635 1095 ministerium
2665 1041 2831 1097 missi
2858 1044 2879 1095 Ρ
2902 1064 2928 1089 ››
2958 1042 3106 1096 Licet
3126 1042 3280 1096 enim
3306 1060 3420 1097 non
3443 1059 3649 1099 omnes

2003 1127 2346 1199 singillatim
2375 1129 2697 1185 invisibiles
2714 1135 2987 1185 creaturae
3011 1129 3201 1185 missae
3224 1135 3360 1185 sunt
3382 1132 3460 1202 [al
3483 1132 3646 1201 sint],

2004 1223 2199 1272 tamen
2229 1217 2368 1288 quia
2392 1218 2657 1288 ejusdem
2689 1219 2918 1290 generis
2951 1222 3007 1274 et
3038 1218 3276 1275 honoris
3302 1218 3425 1274 aliae
3453 1220 3646 1275 missae

2002 1310 2160 1370 sunt,
2184 1305 2617 1376 quodammodo
2640 1307 2847 1379 etipsae
2866 1307 3251 1379 possibilitate
3264 1312 3403 1363 sunt
3419 1308 3641 1363 missaa:

2004 1394 2319 1449 missarum
2359 1399 2654 1451 consortes
2701 1396 3060 1468 aequalisque
3109 1396 3472 1452 substantiae.
3524 1396 3645 1460 Quo

2004 1484 2177 1538 modo
2194 1482 2370 1555 igitur
2389 1484 2538 1539 alius
2552 1488 2639 1539 est
2653 1485 2724 1539 ab
2742 1484 3029 1541 universis
3043 1485 3325 1541 creaturis
3338 1486 3645 1554 Dominus,

2003 1589 2106 1643 per
2128 1588 2302 1642 quem
2336 1572 2689 1645 principium
2722 1574 2793 1628 ad
2826 1573 3185 1645 loquendum
3217 1580 3516 1646 acceperat
3547 1575 3648 1633 illa

2006 1676 2218 1731 magna
2243 1660 2427 1727 salus,
2459 1662 2629 1733 cujus
2663 1661 3025 1735 negligentes
3084 1662 3400 1735 Apostolus
3443 1664 3648 1721 nolens

2004 1765 2110 1803 nos
2142 1765 2290 1816 esse,
2326 1749 2441 1803 ait:
2477 1773 2503 1799 ‹‹
2539 1750 2838 1814 Quomodo
2873 1767 2978 1806 nos
3029 1752 3375 1824 effugiemus
3420 1756 3647 1809 tantam

2006 1837 2362 1910 negligentes
2395 1838 2662 1900 salutem.
2699 1856 2823 1910 qua:
2857 1839 3207 1912 principium
3248 1842 3538 1913 accipiens
3571 1843 3643 1897 ad

2003 1925 2360 1997 loquendum
2385 1944 2485 1998 per
2516 1927 2849 1995 Dominum,
2876 1929 2946 1984 ab
2980 1929 3073 1984 his
3104 1929 3203 2001 qui
3243 1932 3557 1986 audierunt
3588 1931 3647 1987 in

2003 2031 2106 2069 nos
2140 2015 2484 2070 conﬁrmata
2512 2016 2647 2071 est?
2682 2038 2708 2065 »
2741 2017 2841 2071 sed
2865 2022 2922 2072 et
2942 2017 3097 2073 Deus
3120 2018 3220 2089 qui
3244 2019 3648 2075 testimonium

2003 2103 2269 2175 perhibet
2298 2104 2485 2175 signis
2516 2110 2573 2159 et
2604 2105 2889 2176 portentis
2923 2106 3017 2161 isti
3051 2106 3248 2172 saluti,
3281 2107 3433 2163 alius
3463 2113 3553 2164 est
3575 2110 3646 2164 ab

2002 2191 2279 2247 omnibus
2304 2191 2817 2247 administrateriis
2834 2193 3149 2265 spiritibus
3174 2213 3185 2259 ;
3212 2196 3295 2249 sic
3315 2201 3371 2251 et
3391 2197 3645 2266 Spiritus

2003 2284 2265 2347 sanctus,
2294 2282 2463 2350 cujus
2490 2280 2875 2335 divisionibus
2906 2283 3079 2351 juxta
3113 2283 3473 2339 voluntatem
3519 2285 3648 2355 ejus

2004 2369 2402 2424 testimonium
2440 2368 2704 2441 perhibet
2737 2369 2911 2437 Deus,
2946 2370 3305 2426 distribuens
3335 2389 3492 2441 eum,
3531 2390 3646 2429 non

2003 2473 2105 2529 per
2133 2457 2482 2513 concisionis
2517 2462 2734 2529 partes,
2766 2460 2867 2513 sed
2890 2476 2992 2530 per
3016 2461 3489 2516 communionem
3515 2463 3645 2534 qui-

2004 2548 2115 2601 bus
2142 2563 2277 2600 eum
2310 2551 2580 2618 praestare
2627 2547 2979 2603 decreverit:
3032 2548 3271 2605 alterius
3301 2554 3388 2605 est
3425 2556 3483 2606 et
3525 2552 3648 2623 ipse

2004 2634 2348 2690 substantiae
2380 2636 2452 2689 ab
2487 2634 2580 2690 his
2610 2635 2667 2689 in
2702 2653 2833 2707 quae
2864 2637 3211 2709 dispertitur
3239 2640 3481 2695 effusus.

2076 2726 2117 2778 1
2130 2724 2229 2780 22
2248 2725 2521 2796 H.1gitur
2536 2725 2813 2795 quoniam
2830 2728 3452 2799 approbavimusjuxta
3464 2730 3653 2802 Scrip-

2006 2818 2273 2868 turarum
2290 2813 2740 2881 sensum,alium
2756 2819 2918 2869 extra
2933 2832 3167 2871 omnem
3183 2822 3507 2873 creaturam
3522 2834 3650 2873 esse

2006 2902 2286 2974 Spiritum
2331 2906 2626 2968 sanctum,
2667 2903 2988 2970 incassum,
3023 2904 3138 2959 imo
3191 2904 3368 2977 impie
3407 2906 3649 2977 quidam

234 2999 493 3065 utroque
522 2994 968 3049 demonstratus
999 3000 1087 3051 est
1114 2994 1369 3067 Spiritus
1396 3000 1652 3051 sanctus.
1676 2995 1821 3051 Nam
1844 2996 1893 3052 si
1925 2982 1968 3049 C
2008 2996 2267 3046 creatum
2308 3007 2441 3046 eum
2487 3007 2613 3047 esse
2656 2993 2961 3049 ostendere
3002 2992 3281 3060 volentes,
3314 2994 3647 3051 testimonio

230 3087 528 3149 creatura,
565 3088 632 3137 ut
662 3082 938 3154 superius
968 3084 1354 3149 ostendimus,
1390 3084 1668 3140 dividitur
1692 3085 1750 3142 in
1775 3102 1894 3141 cor-

229 3171 483 3243 poralia,
515 3176 573 3227 et
616 3172 1041 3243 incorporalia:
1083 3177 1141 3228 et
1188 3172 1458 3228 conditus
1507 3178 1595 3229 est
1642 3174 1894 3246 Spiritus

230 3266 489 3315 sanctus
509 3260 712 3332 utique
744 3265 846 3315 aut
875 3260 1144 3328 visibilis,
1168 3266 1271 3317 aut
1296 3261 1608 3318 invisibilis
1629 3268 1895 3319 creatura

232 3349 382 3413 erit,
416 3349 477 3402 id
500 3354 610 3415 est,
630 3348 963 3421 corporalis,
988 3353 1089 3405 aut
1110 3350 1513 3422 incorporalis.
1540 3352 1750 3408 Verum
1775 3369 1893 3408 cor-

231 3453 366 3509 pus
396 3451 760 3507 nequaquam
788 3438 917 3500 erit,
949 3438 1101 3493 sicut
1132 3439 1296 3511 prius
1328 3439 1603 3506 diximus,
1633 3458 1766 3496 cum
1786 3443 1891 3498 do-

232 3529 399 3589 ceat,
431 3529 487 3578 et
517 3525 803 3581 scientiam
833 3531 1159 3599 praestet,et
1179 3545 1212 3583 a
1233 3545 1409 3585 sensu
1442 3530 1587 3586 l2]
1618 3533 1673 3585 et
1694 3530 1889 3585 anima

224 3613 530 3686 capiatur.
597 3614 703 3669 Sed
752 3632 942 3688 neque
990 3617 1302 3673 invisibilis
1353 3622 1621 3674 creatura
1650 3620 1777 3683 erit,
1825 3623 1889 3674 ut

223 3702 411 3774 paulo
446 3707 580 3758 ante
604 3704 676 3759 de
705 3720 771 3759 eo
796 3706 1259 3776 disputavimus.
1298 3706 1458 3763 Unde
1489 3712 1545 3763 et
1574 3707 1887 3778 Apostolus

221 3792 281 3845 in
318 3790 582 3862 Epistula
614 3809 792 3863 quam
825 3794 895 3847 ad
931 3793 1203 3850 Hebraeos
1247 3796 1506 3867 scripsit,
1540 3795 1718 3852 alium
1750 3812 1885 3851 eum

222 3895 357 3934 esse
388 3880 459 3934 ab
494 3881 774 3936 omnibus
807 3880 1031 3953 angelis
1054 3883 1443 3951 demonstrat,
1467 3884 1705 3940 dicens:
1736 3885 1881 3940 «Cui

224 3968 383 4023 enim
418 3968 767 4041 angelorum
820 3970 964 4024 dixit
1013 3970 1370 4042 aliquando:
1406 3972 1553 4029 Sede
1585 3990 1619 4028 a
1667 3974 1884 4030 dextris

224 4058 392 4123 meis,
412 4059 603 4113 donec
626 4074 842 4131 ponam
866 4059 1134 4115 inimicos
1158 4065 1291 4116 tuos
1322 4060 1644 4117 seabellum
1668 4064 1882 4134 pedum

226 4147 509 4203 tuorum?
541 4146 749 4203 Nonne
778 4164 982 4203 omnes
1014 4153 1150 4203 sunt
1172 4149 1681 4207 administratores
1714 4151 1883 4223 Spiri-

226 4242 343 4305 tus,
375 4237 433 4291 in
484 4235 889 4291 ministerium
932 4236 1117 4303 missi,
1171 4242 1406 4309 propter
1434 4256 1533 4295 eos
1566 4240 1665 4312 qui
1716 4257 1880 4297 acce-

226 4326 377 4395 pturi
428 4330 604 4380 erant
643 4324 892 4381 salutem
925 4324 1015 4380 5‘?
1046 4348 1073 4374 »
1096 4326 1162 4380 Et
1182 4330 1313 4397 post
1334 4326 1484 4381 alia:
1520 4349 1547 4377 «
1582 4330 1882 4393 Quomodo
1916 4347 1961 4412 Ι)

224 4431 327 4469 nos
356 4414 721 4486 effugiemus
751 4418 972 4469 tantam
1023 4414 1385 4487 negligentes
1424 4415 1719 4471 salutem?
1747 4418 1880 4481 Quae

222 4504 593 4575 principium
617 4503 908 4575 accipiens
939 4504 1009 4559 ad
1034 4502 1395 4576 loquendum
1420 4521 1522 4576 per
1543 4504 1877 4572 Dominum,

220 4592 291 4645 ab
326 4592 421 4646 his
454 4592 558 4663 qui
582 4592 899 4647 audierunt
922 4592 978 4646 in
1005 4609 1107 4647 nos
1132 4593 1475 4649 conﬁrmata
1494 4598 1599 4661 est,
1624 4595 1881 4651 testimo-

218 4680 383 4734 nium
415 4680 599 4735 dante
634 4685 745 4756 D_eo
776 4680 982 4751 signis,
1016 4684 1073 4735 et
1105 4681 1385 4752 prodigiis
1417 4686 1475 4737 et
1506 4683 1681 4738 variis
1704 4683 1880 4739 virtu-

214 4767 398 4835 tibus,
433 4772 491 4822 et
512 4770 770 4839 Spiritus
790 4769 976 4824 sancti
1003 4768 1574 4840 divisionibusjuxta
1598 4788 1763 4827 suam
1786 4789 1880 4828 vo-

212 4854 507 4912 luntatem
531 4858 598 4912 ‘5.
624 4880 650 4905 n
675 4857 792 4914 Hoc
815 4858 971 4914 enim
996 4859 1148 4929 quod
1174 4858 1271 4926 ait,
1299 4882 1325 4908 «
1347 4858 1438 4914 cui
1462 4860 1825 4932 angelorum,
1847 4882 1875 4909 »

210 4960 379 5016 eque
410 4945 718 5019 accipitur,
751 4962 816 5003 ac
849 4947 899 5002 si
931 4946 1165 5018 diceret,
1198 4946 1344 5003 nulli
1374 4966 1387 5003 :
1412 4964 1515 5019 per
1547 4949 1875 5022 angelicum

280 5097 331 5129 “
387 5096 566 5153 Hehr.
600 5115 642 5165 ι,
675 5098 761 5154 13.
800 5098 863 5153 14
896 5114 908 5152 :
943 5097 1096 5154 Psal.
1132 5115 1243 5155 uix.
1279 5100 1325 5154 1.
1382 5100 1426 5133 ⁸⁵
1456 5098 1626 5155 Hebr.
1661 5117 1722 5168 II,
1749 5101 1806 5170 3,
1838 5102 1890 5168 4,

286 5248 401 5317 :32)
434 5248 679 5316 Vitiose,
729 5253 785 5305 et
827 5253 1030 5306 contra
1076 5249 1377 5319 scriptoris
1420 5256 1698 5319 mentem,
1749 5258 1873 5308 erat

211 5325 384 5375 antea
418 5343 448 5369 ‹‹
479 5321 817 5393 concedere,
856 5344 884 5371 ››
918 5322 1071 5393 quod
1105 5338 1173 5377 ex
1199 5321 1385 5379 Vatic.
1431 5340 1542 5379 ms.
1594 5327 1869 5380 emenda-

212 5408 372 5462 mus,
403 5392 508 5467 qui
542 5392 688 5452 item
718 5410 823 5471 pro
852 5392 1046 5457 verbis
1077 5415 1105 5450 «
1138 5396 1197 5455 et
1227 5394 1415 5461 facere
1463 5418 1492 5450 n
1541 5394 1717 5462 habet
1754 5397 1872 5459 fere

2005 3084 2271 3150 utuntur,
2304 3097 2417 3152 quo
2440 3080 2637 3136 omnia
2667 3097 2768 3151 per
2798 3080 3053 3137 Verbum
3086 3082 3237 3137 facta
3276 3082 3646 3152 referuntur;

2005 3174 2070 3224 ut
2100 3169 2322 3224 scilicet
2351 3169 2410 3223 in
2433 3169 2710 3224 omnibus
2732 3170 2905 3225 etiam
2930 3175 3142 3226 aeterna
3165 3171 3497 3228 substantia
3517 3189 3649 3229 con-

2003 3257 2274 3313 tineatur.
2298 3259 2367 3313 Et
2388 3259 2527 3329 quia
2547 3259 2616 3313 ad
2637 3259 3029 3315 conditionem
3054 3262 3182 3330 ejus
3204 3262 3645 3333 approbandam
3732 3332 3739 3337 .

2001 3347 2175 3401 etiam
2222 3346 2627 3418 propheticum
2673 3364 3000 3403 sermonem
3065 3356 3374 3421 usurpant,
3421 3350 3647 3406 dicente

2001 3435 2139 3503 Deo,
2175 3458 2200 3485 ‹‹
2233 3438 2371 3491 Creo
2402 3435 2685 3507 Spiritum
2712 3454 2723 3491 :
2751 3457 2776 3487 ιι
2802 3437 2977 3491 etiam
3000 3437 3056 3490 in
3078 3437 3185 3492 hoc
3202 3454 3301 3493 eos
3320 3444 3645 3495 monstrare

2000 3524 2281 3580 debemus
2313 3542 2553 3597 prorsus
2576 3526 2648 3580 ab
2672 3524 2968 3581 intellectu
2990 3526 3250 3581 veritatis
3272 3525 3513 3583 alienos.
3535 3529 3642 3583 Ne-

1998 3628 2111 3684 que
2143 3614 2309 3669 enim
2337 3615 2409 3669 de
2439 3613 2656 3685 Spiritu
2692 3619 2893 3669 sancto
2924 3615 3259 3687 propositus
3290 3632 3480 3670 sermo
3514 3633 3645 3687 pro-

1998 3702 2183 3772 pheta:
2216 3702 2343 3767 fuit,
2377 3708 2441 3757 ut
2471 3719 2539 3758 ex
2568 3702 2699 3774 ipsa
2727 3705 2875 3759 serie
2906 3708 2963 3758 et
2991 3708 3260 3759 contextu
3311 3704 3526 3775 eloquii
3556 3706 3643 3760 in-

1996 3790 2293 3861 telligitur.
2330 3792 2633 3862 Siquidem
2665 3794 2843 3847 Amos
2866 3792 3147 3865 propheta
3162 3809 3231 3848 ex
3250 3810 3499 3866 persona
3520 3794 3643 3861 Dei,

1998 3900 2026 3929 ‹‹
2045 3880 2397 3949 Praeparare,
2423 3902 2448 3927 ››
2465 3879 2678 3951 inquit,
2701 3904 2720 3929 α
2740 3883 2809 3935 ad
2831 3882 3218 3937 invocandum
3242 3884 3424 3939 Deum
3449 3888 3638 3952 tuum,

1994 3985 2027 4025 0
2056 3966 2233 4023 Israel
2262 3986 2273 4022 :
2308 3968 2587 4038 quoniam
2623 3984 2728 4039 ego
2759 3985 2889 4024 sum
2924 3970 3167 4025 ﬁrmans
3206 3970 3554 4040 tonitruum,
3585 3978 3642 4027 et

1994 4073 2196 4113 creans
2220 4056 2581 4128 spiritum,et
2602 4058 2960 4113 annuntians
2980 4058 3037 4112 in
3058 4058 3325 4115 homines
3344 4059 3638 4115 Christum

1993 4163 2165 4202 suum
2190 4162 2203 4202 :
2239 4146 2456 4201 faciens
2489 4144 2815 4201 diluculum
2839 4150 2895 4201 et
2917 4145 3212 4213 nebulam,
3238 4152 3294 4202 et
3315 4149 3639 4204 ascendens

1993 4252 2167 4308 super
2188 4234 2413 4291 excelsa
2433 4239 2597 4292 terrae
2621 4253 2633 4290 :
2659 4235 2944 4291 Dominus
2966 4235 3119 4291 Deus
3141 4236 3511 4309 omnipotens
3536 4254 3637 4293 no-

1994 4341 2126 4379 men
2158 4325 2287 4395 ejus
2315 4326 2379 4379 θδ.
2416 4346 2444 4373 ››
2477 4325 2631 4379 Deus
2666 4326 2821 4380 enim
2845 4325 2943 4397 qui
2969 4341 3031 4380 se
3066 4325 3339 4397 spiritum
3366 4327 3478 4399 (32)
3502 4344 3642 4383 con-

1992 4414 2126 4468 dere
2160 4415 2347 4469 fuerat
2369 4413 2737 4486 prmlocutus,
2756 4418 2812 4470 et
2832 4415 3016 4471 facere
3041 4431 3053 4468 :
3074 4418 3131 4469 et
3147 4416 3473 4471 tonitruum
3492 4416 3639 4473 dixit

1992 4503 2223 4558 ﬁrmare
2253 4506 2311 4558 et
2335 4502 2660 4558 diluculum
2692 4508 2747 4559 et
2783 4504 3026 4560 nebulas
3061 4505 3263 4561 facere.
3290 4506 3350 4561 Si
3376 4506 3557 4578 igitur
3579 4506 3637 4560 in

1991 4592 2267 4663 prmdicta
2300 4592 2630 4647 narratione
2668 4609 3127 4664 perseveramus,
3163 4594 3219 4648 id
3251 4599 3358 4661 est,
3398 4595 3454 4647 in
3488 4595 3641 4649 toni-

1988 4686 2119 4735 truo
2150 4684 2207 4734 et
2238 4679 2497 4735 diluculo
2536 4684 2593 4735 et
2622 4681 2902 4744 nubibus,
2935 4683 3247 4737 eumdeum
3282 4682 3641 4737 narrationis

1988 4768 2252 4824 ordinem
2276 4767 2451 4823 etiam
2474 4769 2531 4823 in
2553 4770 2764 4840 spiritu
2791 4775 2983 4825 tenere
3006 4771 3305 4836 debemus,
3331 4769 3461 4824 utid
3484 4772 3638 4842 quod

1989 4858 2202 4914 dicitur
2222 4875 2255 4912 a
2277 4857 2393 4912 Deo
2415 4856 2528 4912 tale
2556 4858 2632 4913 sit
2658 4875 2670 4913 :
2698 4858 2770 4913 Ut
2790 4857 3023 4915 invoces
3045 4874 3157 4926 me,
3183 4857 3283 4929 qui
3302 4857 3454 4913 Deus
3476 4876 3634 4929 sum,

1987 4948 2084 5020 qui
2120 4948 2391 5003 universa
2422 4962 2689 5018 procuro,
2719 4946 2820 5018 qui
2852 4951 2909 5002 et
2939 4950 3165 5003 creator
3196 4964 3327 5002 sum
3370 4948 3636 5006 omnium

1964 5101 2008 5135 ⁸⁸
2042 5105 2218 5155 Amos
2254 5115 2324 5167 1v,
2362 5098 2447 5166 12,
2486 5098 2574 5152 13.

1981 5250 2417 5320 concinnius,“
2454 5248 2670 5320 pariter
2715 5249 2943 5316 elfatus,
2989 5274 3015 5299 »
3066 5256 3174 5308 etc.
3220 5256 3347 5308 Mox
3394 5252 3631 5313 Tholos.

1982 5346 2009 5399 tt
2042 5324 2294 5399 formare
2318 5343 2359 5399 ξ)⁸
2379 5319 2522 5393 legit
2552 5337 2654 5393 pro
2690 5342 2718 5371 ί(
2751 5322 2984 5399 ﬁrmare
3020 5347 3040 5373 ιι
3091 5325 3246 5397 quod
3296 5324 3633 5399 promiscue

1980 5395 2132 5454 infra
2161 5392 2260 5452 alii
2286 5391 2463 5453 etiam
2496 5391 2642 5453 mss.
2676 5392 3012 5470 praeterunt.
