4118 6158
447 249 565 312 193

1702 249 1765 311 S.
1812 246 2124 313 EUSEBI—l
2163 246 2607 314 HIERONYMI
2621 293 2634 308 .

3721 244 3850 309 ’134

451 383 552 454 qui
583 382 752 437 firmo
783 380 1128 448 tonitruum,
1161 385 1216 436 et
1259 379 1443 436 condo
1475 381 1767 453 spiritum.
1794 382 1893 454 qui
1938 381 2095 437 dilu-
2121 383 2179 449 Α
2211 382 2433 438 dictum
2464 386 2607 450 est,«
2642 381 2742 452 qui
2773 395 2960 451 creo,»
2994 377 3132 451 quia
3165 393 3280 434 non
3312 377 3497 436 semel
3525 378 3679 452 venti
3711 378 3849 436 facti

449 472 648 527 culum
671 474 727 526 et
749 468 1022 526 nebulam
1043 471 1112 525 ad
1139 469 1425 541 quasdam
1448 469 1731 527 utilitates
1745 470 1889 528 facio
1911 471 2096 526 homi-

451 577 593 614 num
621 574 1003 632 ;pra3parare,
1029 561 1093 613 ut
1121 557 1374 629 invoces,
1409 575 1440 614 ο
1473 558 1649 615 Israel
1673 577 1687 628 ;
1713 563 1777 615 ut
1798 565 1931 614 cum
1955 576 2094 630 prai-

450 653 687 720 paratus
720 647 900 702 fueris
933 647 1003 702 ad
1032 646 1442 713 invocandum,
1474 651 1530 702 ct
1559 665 1649 704 me
1682 647 1954 715 oraveris,
1990 646 2091 719 qui

447 737 783 810 supradicta
811 735 1126 800 constituo,
1160 735 1430 791 felicitate
1470 741 1826 808 temporum,
1858 741 1915 792 et
1943 735 2090 792 alio-

445 831 576 882 rum
608 826 894 881 bonorum
927 824 1339 896 largitionibus
1368 825 1706 896 perfruaris,
1741 841 1834 880 me
1863 825 1968 880 tibi
1983 829 2090 897 per

444 913 707 987 singulos
735 930 919 969 annos
946 913 1145 969 omnia
1158 915 1330 984 juxta
1365 917 1585 968 natura:
1617 913 1882 969 ordinem
1914 912 2086 968 mini-

445 1007 688 1070 s'trante,
724 1007 789 1058 ut
821 1001 1065 1057 fecundo
1093 1019 1286 1056 annus
1318 1001 1478 1068 ﬂuat,
1513 1005 1578 1056 ut
1599 1001 1724 1057 suis
1747 1000 1952 1074 spatiis
1983 1001 2086 1056 ho-

444 1109 642 1148 rarum
665 1095 965 1147 momenta
981 1091 1313 1159 decurrant,
1339 1094 1404 1145 ut
1423 1107 1530 1146 suo
1549 1094 1812 1163 tempore
1829 1090 2088 1146 tonitrua

441 1181 730 1254 mugiant,
765 1184 830 1235 ut
858 1177 1144 1234 salutaris
1171 1183 1314 1234 aura
1343 1179 1689 1251 opportunis
1731 1178 1965 1235 ﬂatibus
1997 1178 2085 1233 in-

443 1270 644 1343 spiret.
675 1269 733 1324 Si
765 1284 900 1324 vero
931 1284 1035 1340 per
1063 1266 1422 1340 allegoriam,
1473 1267 1799 1323 tonitruum
1830 1271 1888 1324 et
1933 1267 2084 1322 dilu-

445 1357 668 1422 culum,
701 1361 760 1412 et
788 1356 1023 1421 nebula,
1055 1361 1114 1412 et
1141 1355 1356 1412 creatio
1386 1356 1630 1428 spiritus
1661 1356 2082 1430 intelligantur,

443 1463 560 1501 non
592 1445 980 1502 substantiam
1009 1445 1113 1514 rei,
1144 1445 1246 1500 sed
1298 1445 1607 1517 figuratam
1656 1445 2083 1518 interpretatio-

442 1549 574 1592 nem
599 1534 1030 1606 significabunt.

514 1625 600 1679 15.
631 1623 793 1686 Quod
846 1622 897 1678 si
925 1638 957 1678 e
1002 1622 1228 1678 diverso
1273 1623 1612 1696 opposuerit
1657 1623 1965 1680 manifeste
2013 1625 2084 1679 de

439 1712 657 1785 Spiritu
689 1715 890 1768 sancto
919 1711 1040 1766 hinc
1072 1710 1210 1779 dici,
1251 1711 1350 1784 qui
1401 1712 1684 1768 inferatur
1715 1713 1787 1768 ad
1835 1713 2086 1768 creatio-
2112 1753 2160 1818 B

441 1804 577 1857 nem
609 1801 882 1874 Spiritus,
909 1800 1052 1855 illud
1077 1800 1234 1872 quod
1259 1800 1560 1872 sequitur:
1589 1823 1616 1850 ‹‹
1639 1802 1708 1856 Et
1728 1801 2084 1858 annuntians

446 1891 596 1948 I28
628 1891 686 1945 in
714 1906 918 1946 omnes
945 1889 1057 1961 (33)
1089 1888 1357 1944 homines
1395 1889 1688 1944 Christum
1721 1907 1894 1946 suum
1921 1910 1934 1956 ;
1958 1914 1984 1941 »
2026 1891 2086 1946 in

447 1979 686 2035 Hebraeo
716 1978 1016 2045 habetur,«
1048 1977 1359 2033 annuntiat
1378 1977 1436 2033 in
1465 1977 1762 2034 hominem
1796 1978 2086 2052 loquelam

442 2071 611 2124 suam
637 2085 652 2134 ;
688 2090 716 2117 »
745 2067 901 2138 quod
925 2065 1148 2122 scilicet
1171 2065 1271 2137 qui
1294 2069 1519 2122 creator
1541 2071 1632 2122 est
1651 2068 1936 2137 omnium,
1960 2069 2086 2141 ipse

443 2156 620 2213 etiam
655 2155 956 2228 prophetis
1005 2155 1102 2226 [aL
1154 2155 1489 2227 prophetas]
1532 2155 1794 2228 inspiret,
1829 2162 1886 2213 et
1915 2174 2085 2214 suam

443 2249 550 2317 per
575 2261 674 2299 eos
705 2243 1044 2299 hominibus
1086 2243 1303 2299 indicet
1342 2243 1723 2299 voluntatem.
1759 2247 1825 2299 Et
1854 2245 1924 2299 ad
1976 2244 2086 2300 hoc

443 2331 915 2404 respondendum
938 2331 1192 2403 est,quia
1220 2331 1462 2402 quidam
1492 2331 1745 2387 haeretici
1776 2333 1959 2388 alium
1989 2350 2085 2388 ex-

441 2429 532 2479 tra
562 2426 881 2477 creatorem
927 2420 1237 2476 Dominum
1286 2419 1513 2475 Patrem
1565 2421 1882 2477 Salvatoris
1923 2439 2084 2478 men-

441 2513 689 2578 tiuntur,
712 2510 820 2566 hoc
850 2508 1201 2581 impiissime
1232 2509 1612 2581 praedicantes
1633 2527 1651 2576 ,ε
1695 2526 1810 2566 non
1843 2511 2086 2568 scelera-

441 2607 562 2656 tam
592 2607 792 2656 eorum
823 2596 1217 2669 suspicionem
1246 2598 1615 2668 providentes
1636 2615 1670 2654 a
1691 2599 1806 2654 Deo
1839 2601 2085 2672 percuti,

441 2689 703 2758 dicente:
733 2687 850 2759 Ego
883 2686 1143 2741 formans
1175 2687 1368 2756 [Vatia
1419 2687 1682 2757 firmans]
1735 2689 2083 2758 tonitruum,

443 2781 498 2831 et
528 2792 733 2832 creans
762 2774 1036 2846 Spiritum
1067 2777 1124 2828 et
1152 2773 1296 2828 alias
1323 2775 1526 2829 mundi
1553 2781 1747 2846 partes
1785 2776 2001 2834 faciens
2031 2783 2089 2834 et

443 2865 822 2938 gubermans,
856 2863 1140 2917 annuntio
1164 2862 1222 2916 in
1246 2862 1516 2919 homines
1545 2863 1841 2920 Christum
1863 2882 2082 2922 meum.

442 2957 510 3008 Et
539 2952 648 3008 hoc
672 2951 830 3008 enim
863 2950 1237 3022 providentia
1287 2967 1426 3005 meae
1467 2967 1613 3022 opus
1662 2969 1840 3025 super
1887 2955 2086 3011 omnia

439 3057 615 3115 opera
644 3056 776 3096 mea
805 3043 910 3108 est,
941 3043 1003 3094 ut
1029 3055 1144 3096 non
1167 3037 1358 3095 solum
1381 3055 1582 3095 eorum
1610 3057 1737 3112 quas
1761 3042 1900 3098 foris
1921 3048 2081 3112 sunt,

2202 474 2361 539 sunt,
2394 472 2497 526 sed
2525 471 2583 525 in
2608 485 2676 526 eo
2699 469 2848 542 quod
2883 469 3236 534 subsistunt,
3264 466 3526 540 quotidie
3554 467 3850 524 'fiunt.Ne-

2201 575 2314 631 que
2344 559 2501 616 enim
2542 559 2760 614 frustra
2790 558 2914 613 sine
2946 556 3213 624 articulo,
3247 555 3348 628 qui
3375 555 3433 610 in
3479 555 3678 612 Graeco
3728 573 3848 613 ser-

2203 665 2374 704 mone
2406 647 2835 719 singularitatis
2867 646 3232 719 significator
3261 649 3369 708 est.
3405 661 3566 700 nunc
3603 645 3848 718 spiritus

2198 741 2428 792 creatus
2457 735 2972 808 dicitur.quoniam
3005 742 3122 791 non
3162 739 3250 791 est
3267 738 3670 803 sanctus,cum
3701 749 3846 807 pene

2197 841 2429 898 semper
2459 824 2712 897 Spiritus
2740 828 2979 880 sanctus
3011 839 3147 880 cum
3177 822 3425 879 articulo
3483 822 3846 890 neminetur,

2197 918 2264 969 ut
2292 913 2349 968 in
2383 913 2481 968 illo
2512 921 2633 969 αὐτὸ
2654 923 2710 968 τὸ
2733 923 2958 982 Πνεῦμα,
2987 913 3045 968 id
3079 917 3168 968 est
3195 934 3223 961 «
3256 911 3381 984 ipse
3439 910 3712 984 Spiritus,
3751 914 3837 968 te-

2196 1002 2538 1058 stiinonium
2562 1001 2829 1073 perbibet
2857 1000 3092 1072 spiritui
3140 1005 3340 1057 nostro
3389 1001 3432 1035 ⁶⁸
3467 1019 3480 1069 ;
3517 1022 3544 1049 ››
3593 1006 3650 1056 et
3679 1000 3839 1069 alibi,

2196 1099 2346 1158 Αὐτός
2377 1099 2504 1148 ἐστιν
2530 1100 2586 1147 τὸ
2615 1099 2897 1158 ζωοποιοῦν,
2931 1089 3064 1161 (34),
3093 1089 3150 1144 id
3184 1094 3333 1155 est,«
3357 1089 3482 1161 ipse
3511 1093 3602 1145 est
3631 1089 3732 1161 qui
3762 1089 3842 1145 vi-

2193 1179 2386 1236 vificat
2413 1181 2511 1234 5°.»
2545 1181 2614 1235 Et
2643 1195 2880 1235 rursum
2907 1197 2918 1234 :
2953 1201 2981 1226 «
3016 1178 3111 1234 Sic
3141 1183 3198 1233 et
3228 1186 3356 1250 quae
3387 1177 3487 1234 Dei
3503 1182 3840 1245 sunt,nemo

2194 1269 2461 1341 cognovit
2490 1269 2604 1324 nisi
2633 1278 2688 1325 τὸ
2717 1278 2934 1339 Πνεῦμα,
2972 1289 2998 1316 ››
3031 1265 3090 1321 id
3110 1270 3199 1322 est
3222 1288 3248 1317 ‹‹
3272 1266 3528 1338 Spiritus
3553 1265 3654 1322 Dei
3678 1282 3692 1340 _:
3721 1287 3748 1314 ››
3785 1275 3841 1323 τὸ

2193 1368 2287 1430 γὰρ
2318 1368 2538 1428 Πνεῦμα,
2568 1359 2724 1414 124
2754 1357 2861 1413 hoc
2894 1359 3001 1424 est,
3029 1379 3057 1406 ‹‹
3081 1355 3331 1427 Spiritus
3357 1355 3515 1410 enim
3547 1359 3843 1431 scrutatur

2193 1446 2411 1517 omnia,
2443 1446 2619 1502 etiam
2649 1446 2768 1501 alta
2799 1445 2894 1501 Dei
2925 1446 2988 1499 το.
3026 1466 3053 1493 ››
3086 1445 3152 1500 Et
3182 1442 3372 1500 multa
3411 1459 3537 1515 quae
3569 1445 3640 1500 de
3689 1444 3840 1500 Scri-

2193 1535 2384 1606 pturis
2410 1535 2592 1590 sacris
2623 1549 2928 1606 excerpam
2958 1531 3238 1606 possibile
3283 1536 3390 1588 est.
3442 1532 3604 1595 Quod
3653 1531 3839 1588 sicubi

2194 1640 2323 1679 raro
2387 1624 2514 1679 sine
2571 1622 2816 1679 articulo
2879 1621 3218 1677 nominatur
3273 1619 3526 1692 Spiritus
3577 1625 3838 1687 sanctus,

2194 1713 2497 1768 sciendum
2509 1716 2600 1768 est
2619 1729 2755 1767 cum
2773 1712 3172 1767 additamento
3188 1719 3323 1765 eum
3349 1709 3640 1768 nominari
3663 1709 3840 1781 signi-

2197 1801 2407 1857 ficante
2439 1800 2938 1873 magnificentiam
2973 1800 3124 1870 ejus.
3157 1798 3461 1870 Siquidem
3493 1798 3709 1854 dicitur
3737 1797 3838 1854 ali-

2197 1890 2432 1961 quando
2461 1894 2518 1946 et
2545 1890 2672 1945 sine
2701 1888 2968 1957 articulo,
3002 1905 3136 1943 cum
3167 1904 3285 1943 non
3314 1887 3437 1958 ipse
3467 1903 3569 1958 per
3617 1900 3699 1953 se,
3735 1887 3838 1942 sed

2196 1978 2564 2050 participatio
2595 1978 2724 2050 ejus
2754 1977 3135 2034 osdenditur:
3165 1981 3231 2032 ut
3252 1981 3415 2048 puta,
3439 1997 3467 2026 ‹‹
3493 1980 3549 2031 et
3570 1989 3841 2048 quiscun-

2196 2083 2308 2139 que
2338 2067 2431 2124 his
2460 2066 2679 2123 similia
2705 2071 2861 2123 sunt.
3757 2056 3767 2066 ’

2269 2246 2354 2301 16.
2386 2245 2671 2308 Quoniam
2701 2245 2882 2316 igitur
2911 2244 3105 2310 exhis,
3140 2261 3268 2316 quis
3293 2244 3624 2316 memoravi,
3669 2248 3728 2299 et
3772 2251 3839 2300 ex

2196 2333 2400 2390 multis
2432 2333 2583 2400 aliis,
2632 2350 2747 2388 non
2797 2349 2926 2389 esse
2979 2337 3308 2388 creaturam
3370 2332 3652 2404 Spiritum
3710 2350 3841 2389 san-

2196 2427 2353 2478 ctum
2392 2423 2859 2478 demonstratum
2893 2427 3009 2494 est,
3059 2432 3357 2493 nusquam
3405 2421 3837 2478 conditionibus

2195 2514 2651 2567 connumeratus
2671 2515 2778 2578 est,
2812 2510 2913 2566 sed
2945 2525 3176 2582 semper
3204 2523 3336 2564 cum
3383 2508 3550 2564 Patre
3606 2513 3662 2565 et
3689 2509 3836 2566 Filio

2197 2601 2424 2672 positus
2447 2615 2460 2654 :
2495 2617 2651 2655 nunc
2672 2599 2973 2656 videamus
2990 2615 3168 2670 quam
3191 2605 3325 2654 cum
3348 2601 3597 2670 utroque
3627 2598 3838 2655 habeat

2196 2689 2648 2744 indifl‘erentiam
2681 2689 2777 2759 (at.
2811 2686 3251 2757 differentiam).
3286 2687 3350 2741 In
3400 2687 3514 2741 fine
3565 2687 3835 2759 Epistolas

2195 2778 2484 2842 secundm,
2517 2793 2695 2847 quam
2729 2777 2799 2831 ad
2833 2774 3164 2830 Corinthios
3197 2775 3404 2830 scribit
3430 2775 3672 2842 Paulus,
3707 2776 3829 2831 ait:

2194 2890 2222 2917 ‹‹
2255 2866 2454 2922 Gratia
2481 2865 2713 2921 Domini
2740 2864 2922 2920 nostri
2971 2863 3113 2920 Jesu
3171 2863 3408 2929 Christi,
3466 2869 3523 2919 et
3578 2863 3836 2920 cbaritas

2195 2955 2316 3021 Dei,
2349 2959 2405 3011 et
2435 2953 2886 3009 communicatio
2908 2952 3094 3008 sancti
3138 2951 3413 3024 Spiritus,
3467 2952 3548 3008 sit
3605 2965 3837 3025 semper

2193 3059 2328 3099 cum
2361 3041 2636 3098 omnibus
2665 3039 2829 3097 vobis
2856 3041 2918 3095 ⁷³.
2945 3062 2973 3089 ››
3007 3039 3349 3096 Ostenditur
3378 3040 3594 3112 quippe
3624 3050 3693 3096 ex
3722 3057 3838 3097 ser-

439 3131 540 3185 sed
574 3133 630 3184 et
660 3145 787 3200 qua:
819 3128 890 3183 ad
923 3125 1386 3182 emolumentum
1416 3129 1625 3183 anima:
1656 3136 1712 3185 et
1743 3132 1954 3186 mentis
1976 3133 2084 3187 uti-
2115 3125 2158 3191 C
2199 3148 2367 3188 mone
2397 3129 2669 3203 praesenti
2699 3147 2816 3185 una
2847 3127 3151 3186 Trinitatis
3196 3127 3559 3200 assumptio:
3591 3146 3726 3185 cum
3784 3131 3834 3186 is

441 3218 663 3272 litatem
697 3217 799 3287 [αι.
833 3215 1250 3288 humilitatem]
1302 3217 1614 3289 pertinent,
1667 3234 1840 3274 causa
1887 3223 2083 3276 subsi-

441 3311 614 3362 stam.
653 3305 772 3377 Ego
811 3303 919 3360 hoc
965 3304 1120 3375 quod
1157 3305 1390 3371 dicitur,
1436 3329 1464 3355 «
1513 3306 1654 3362 Creo
1705 3308 2000 3379 spiritum,
2050 3333 2079 3362 ››

439 3410 603 3466 isque
628 3392 880 3448 arbitror
905 3393 1182 3465 positum,
1217 3409 1282 3448 ac
1313 3394 1360 3448 si
1410 3395 1645 3461 dicitur,
1697 3413 1900 3454 creans
1943 3417 2082 3456 ven-

438 3488 584 3539 tum.
620 3481 774 3537 Deus
804 3481 1020 3553 quippe
1051 3482 1225 3537 ﬂatus
1256 3481 1386 3550 hos,
1418 3485 1517 3554 qui
1551 3501 1654 3556 per
1674 3485 1824 3542 aeris
1855 3494 2081 3545 motuin

439 3571 794 3638 efﬁciuntur,
830 3569 1213 3642 dispositione
1243 3587 1351 3626 sua
1375 3571 1556 3638 ducit,
1589 3576 1911 3631 secundum
1937 3577 2077 3632 illud

439 3661 598 3734 quod
629 3658 768 3716 alibi
799 3658 1050 3732 legimus
1076 3677 1088 3714 :
1127 3682 1155 3710 ‹‹
1182 3659 1288 3724 Qui
1322 3661 1592 3732 producit
1622 3669 1824 3719 ventos
1855 3666 1925 3720 de
1954 3665 2078 3721 the-

439 3751 632 3807 sauris
663 3749 788 3806 suis
809 3750 908 3804 ‘7.»
948 3749 1097 3804 Bene
1126 3753 1324 3804 autem
1358 3751 1510 3820 quod
1545 3750 1602 3805 in
1635 3751 1764 3823 ipsa
1793 3755 2081 3811 sententia

440 3856 554 3896 non
586 3839 687 3904 ait,
721 3837 821 3910 qui
853 3837 1081 3892 creavi:
1114 3838 1215 3892 sed
1252 3856 1273 3884 ι
1309 3837 1410 3908 qui
1440 3855 1568 3894 creo
1618 3840 1912 3910 spiritum.
1960 3865 1986 3891 ››
2018 3844 2079 3898 Si

435 3927 587 3983 enim
615 3927 684 3980 de
701 3923 1194 3982 substantialitate
1207 3925 1462 3997 Spiritus
1481 3927 1667 3982 sancti
1689 3944 1882 3985 sermo
1903 3937 2076 4000 esset,

437 4014 682 4071 dixisset
721 4013 942 4085 utique,
997 4014 1096 4084 qui
1143 4014 1352 4070 creavi.
1398 4014 1596 4087 Neque
1645 4017 1803 4071 enim
1850 4035 2083 4092 semper

438 4103 712 4159 eumdem
745 4105 919 4157 creat.
951 4100 1110 4157 Nanc
1147 4107 1342 4158 autem
1393 4109 1774 4175 conseqenter
1815 4107 1886 4162 de
1940 4108 2080 4162 ﬂatu

2193 3221 2291 3294 qui
2325 3219 2573 3292 gratiam
2606 3218 2821 3274 Christi
2853 3218 3093 3290 accepit,
3127 3217 3339 3274 habeat
3362 3233 3491 3274 eam
3539 3221 3660 3273 tam
3728 3235 3832 3290 per

2191 3307 2759 3366 administrationem
2781 3307 3174 3377 Patris,quam
3197 3322 3302 3378 per
3322 3305 3688 3376 largitionem
3710 3307 3835 3378 Spi-

2190 3399 2340 3454 ritus
2381 3396 2591 3452 sancti.
2634 3395 2816 3450 Datur
2844 3395 2999 3450 enim
3041 3411 3074 3450 a
3104 3394 3219 3450 Deo
3251 3395 3418 3450 Patre
3446 3399 3502 3450 et
3531 3395 3629 3466 (at.
3665 3412 3699 3450 a
3727 3395 3838 3450 Do-

2191 3487 2370 3555 mino)
2401 3485 2541 3540 Jesu
2573 3483 2996 3553 Christo,juxta
3024 3482 3201 3538 illud:
3235 3506 3255 3533 α
3283 3483 3481 3539 Gratia
3500 3483 3825 3550 vobiscum,

2190 3579 2247 3632 et
2289 3592 2399 3647 pax
2428 3591 2462 3628 a
2490 3574 2607 3628 Deo
2640 3577 2829 3637 Patre,
2862 3577 2919 3627 et
2946 3571 3191 3628 Domino
3228 3572 3370 3628 Jesu
3426 3571 3651 3628 Christo
3706 3573 3776 3642 7‘,
3805 3594 3836 3622 ιο

2189 3681 2303 3719 non
2335 3662 2512 3718 aliam
2539 3662 2717 3716 dante
2737 3659 2984 3732 gratiam
3018 3664 3187 3716 Patre
3217 3664 3273 3716 et
3297 3659 3472 3716 aliam
3501 3660 3817 3717 Salvatore.

2190 3751 2492 3825 Siquidem
2515 3754 2572 3805 et
2601 3766 2634 3804 a
2663 3753 2832 3804 Patre
2862 3753 2920 3804 et
2947 3748 3194 3804 Domino
3223 3749 3362 3804 Jesu
3415 3749 3644 3805 Christo
3701 3766 3832 3805 eam

2189 3842 2315 3898 dari
2347 3838 2626 3896 describit
2653 3840 2853 3908 (Vatia.
2890 3837 3136 3909 scribit),
3167 3837 3422 3910 Spiritus
3447 3837 3634 3894 sancti
3673 3854 3834 3894 eom-

2189 3927 2585 3986 municatione
2613 3925 3137 3998 oompletam.Nam
3158 3931 3214 3982 et
3229 3925 3353 3998 ipse
3369 3925 3622 3999 Spiritus
3639 3927 3833 3984 dictus

2189 4023 2278 4075 est
2306 4017 2510 4090 gratia,
2535 4015 2861 4071 secundum
2889 4014 3034 4070 illud
3060 4031 3072 4069 :
3111 4015 3230 4070 «Et
3257 4014 3502 4087 spiritus
3522 4015 3724 4087 gratiae
3745 4015 3835 4070 in-

2183 4106 2403 4178 juriam
2436 4104 2672 4170 faciens,
2707 4103 2767 4158 in
2797 4119 2912 4174 quo
2939 4102 3338 4158 sanctificatus
3367 4107 3457 4158 est
3484 4103 3548 4157 7'.
3582 4123 3609 4152 »
3643 4101 3703 4158 in
3733 4103 3838 4158 Za-

507 4211 549 4244 °7
583 4200 989 4282 Psaltcxxxw.
1022 4212 1074 4263 7.
1106 4281 1115 4282 ί
1143 4209 1186 4244 ⁸⁸
1242 4209 1388 4265 Rom
1446 4225 1569 4278 VIII,
1604 4212 1689 4266 16.
1749 4213 1792 4246 ⁸⁸
1823 4212 1969 4268 Joan
2000 4229 2077 4277 Vi,

2193 4256 2196 4266 .
2284 4213 2328 4248 το
2359 4211 2380 4267 l
2412 4210 2536 4266 Cor.
2573 4226 2638 4282 ii,
2666 4207 2755 4263 10.
2840 4210 2880 4245 τι
2916 4210 2989 4282 lV
3022 4210 3161 4282 Reg.
3222 4225 3286 4278 ii,
3318 4209 3403 4264 15.
3466 4211 3510 4244 ⁷³
3545 4204 3736 4266 Galat.
3775 4221 3837 4275 ν,

435 4282 523 4337 46.
585 4280 628 4314 ⁷³
662 4279 708 4335 ll
733 4279 860 4335 Cor.
892 4296 1017 4350 xiii,
1061 4281 1147 4336 13.
1207 4282 1251 4314 π
1275 4285 1439 4338 Rom.
1477 4299 1516 4345 ι,
1559 4283 1628 4349 7;
1665 4283 1683 4336 Ι
1715 4287 1840 4337 Cor.
1878 4301 1914 4351 i,
1951 4284 2021 4350 3;
2055 4287 2082 4338 C

2193 4294 2274 4340 ss.
2309 4300 2348 4349 ι,
2381 4284 2438 4338 3.
2523 4281 2566 4315 ⁷⁸
2595 4280 2768 4335 Hebr.
2802 4297 2856 4348 ιι,
2891 4281 2980 4335 29.

502 4387 854 4472 (33iYocem
877 4408 917 4472 “‹‹
945 4403 1150 4472 omnes
1183 4410 1208 4435 »
1243 4401 1430 4458 neque
1457 4403 1599 4442 mss.
1625 4388 1831 4472 nostri,
1883 4403 2071 4472 neque
2101 4393 2146 4457 Ι)

430 4457 630 4512 Amosi
654 4461 844 4533 textus
877 4458 1114 4524 habent,
1141 4457 1388 4533 eamque
1414 4473 1555 4513 sane
1572 4458 1773 4512 malim
1793 4457 2067 4533 expungi.

436 4527 884 4586 Annotationem
928 4545 1097 4588 porro
1151 4545 1219 4584 ex
1251 4527 1484 4584 Hebraeo
1546 4545 1659 4584 non
1717 4547 1785 4585 ex
1841 4527 2071 4588 15ίάγῆιί

430 4598 686 4726 ingenio,
717 4599 816 4672 qui
845 4597 1154 4654 Hebraicas
1195 4597 1415 4654 litteras
1452 4599 1687 4670 penitus
1745 4597 2072 4683 ignorabat,

431 4685 492 4726 se
568 4669 771 4726 utiaue
795 4687 864 4726 ex
889 4669 1237 4726 llieronvmo
1271 4671 1607 4726 profecisse.
1640 4673 1784 4726 mihi
1836 4690 2072 4726 persua-

431 4669 531 4740 sed
568 4669 771 4742 utique
795 4687 864 4726 ex
889 4669 1237 4742 Hieronymo
1271 4669 1607 4742 profecisse.
1640 4669 1794 4728 mihi
1836 4669 2074 4742 persua-l

431 4690 531 4740 5.80
568 4690 771 4742 υιιῳιθ
795 4690 864 4726 ΘΧ
889 4690 1237 4742 Hieronymo
1271 4690 1607 4742 pl‘OlBClSSB.
1640 4690 1784 4728 [nim
1876 4691 2073 4730 ersua-

430 4745 558 4824 deo.
592 4742 737 4824 Nam
851 4757 1084 4824 quoque
1111 4743 1457 4824 Ambrosius
1488 4741 1718 4824 quilib:
1755 4762 1794 4799 ιι
1824 4690 1898 4800 Bc
1952 4747 2073 4824 Spi-

428 4817 543 4889 ritu
573 4823 762 4889 sancto
790 4813 925 4889 huic
955 4829 1024 4868 ex
1037 4813 1233 4889 Amosi
1261 4813 1384 4889 loco
1405 4813 1713 4889 objectioni
1738 4813 2073 4889 respondet,

431 4887 581 4941 hanc
610 4884 1469 4957 apiieridymumsolutionem
1495 4902 1562 4939 ex
1587 4886 1820 4942 Hebraeo
1836 4884 1905 4943 se
1930 4889 2078 4944 indi-

431 4961 523 5032 cat
541 4954 1044 5032 non'legisse,'cum
1060 4955 1221 5032 illam
1236 4957 1474 5032 omnino
1488 4957 1837 5032 dissimulet.
1863 4961 2078 5032 Argue-

431 5029 573 5082 bant
599 5027 793 5082 autem
826 5027 1082 5101 hmretici
1112 5043 1180 5083 ex
1221 5046 1286 5084 eo
1345 5027 1488 5101 loco,
1550 5030 1729 5084 creari
1789 5027 2073 5101 Spiritum

431 5101 723 5164 sanctum,
755 5105 821 5154 ut
845 5100 1182 5155 hominibus
1205 5100 1582 5155 annuntiaret
1600 5100 1917 5156 Christum.
1943 5103 2076 5167 Qui;

431 5172 543 5241 bus
572 5172 638 5223 ut
659 5176 902 5239 reponat
924 5171 1454 5241 Hieronymus,non
1478 5173 1558 5226 ita
1577 5171 1635 5226 in
1660 5171 1896 5228 Hebreo
1919 5173 2075 5229 fonte

430 5240 542 5313 legi
576 5241 805 5313 asserit,
839 5257 904 5313 ac
937 5243 1089 5312 apud
1124 5240 1282 5310 LXX,
1315 5240 1416 5298 Sed
1449 5242 1676 5298 haberit
1701 5267 1728 5292 ‹‹
1764 5245 2076 5300 annuntiat

431 5309 1141 5397 in'hom‘inemgloquelam
1175 5330 1427 5397 suam...»
1464 5316 1670 5397 Atque“
1700 5315 1780 5370 ita
1832 5316 2071 5397 quidem

429 5381 1006 5466 ipse'iti-t‘erpretatus
1026 5385 1526 5466 est,eiiposuitque
1545 5381 1607 5466 in
1633 5381 2072 5466 Commentariis.

432 5451 532 5513 ubi
565 5451 899 5531 LXXjerbi
917 5451 1304 5531 similitudine
1325 5461 1383 5511 et
1403 5451 1787 5531 ambiguitate
1805 5458 2075 5531 deceptos

430 5529 610 5588 notat.
649 5546 671 5579 ι
708 5522 772 5583 Si
801 5524 979 5599 enim,
1019 5549 1038 5578 ιι
1102 5526 1316 5602 inquit,
1376 5551 1404 5584 ‹‹
1437 5522 1728 5604 legamus,
1787 5522 2075 5591 Christum

2175 4403 2339 4445 suum
2395 4389 2550 4460 quod
2629 4386 2908 4443 Hebraice
2986 4387 3205 4443 dicitur
3279 4381 3499 4453 Messio,
3559 4381 3838 4442 scribitut

2184 4477 2287 4534 per
2341 4459 2761 4534 has__litteras:
2796 4476 3115 4534 MEMLSIN,
3167 4475 3290 4526 ποι),
3358 4474 3525 4534 atrii,
3573 4462 3836 4534 _et_.vau,

2183 4527 2339 4605 quod
2365 4531 2515 4606 LXX
2532 4533 2905 4606 putaverunt.
2939 4531 3042 4606 Sin
3083 4536 3302 4606 autem_
3334 4530 3538 4606 u_t_rin_
3572 4527 3832 4606 Hebraeo,

2181 4599 2232 4660 ἐι
2263 4603 2406 4676 apud
2436 4599 2671 4675 reti—quos
2704 4600 3020 4676 interpretes
3077 4607 3182 4669 est,
3212 4669 3224 4676 Δ
3243 4600 3336 4657 his
3365 4600 3574 4656 litteris
3617 4599 3834 4676 scribi:-

2183 4663 2478 4741 ωιιξικιειιί.
2533 4663 2627 4738 iis,
2688 4663 2857 4744 quod.
2902 4678 2992 4730 est
3049 4663 3179 4741 ΜΑ,’
3212 4669 3320 4728 hoc
3376 4677 3464 4744 est
3502 4669 3681 4744 quod,
3739 4663 3831 4744 vel

2184 4747 2333 4829 quid.
2393 4745 2611 4828 Deinde
2643 4741 2755 4810 sm,
2787 4761 2910 4828 ron,
2957 4757 3126 4808 ιιιςτιι,
3188 4744 3374 4826 quod.
3402 4741 3654 4816 legimus
3713 4741 3828 4809 sui,

2185 4819 2240 4869 id
2275 4821 2364 4869 est
2393 4818 2695 4869 eloauzum.
2731 4816 2774 4869 Ο
2805 4823 2986 4869 igitur
3016 4816 3172 4869 auod
3203 4816 3480 4869 sci-ibitur
3509 4831 3614 4869 per
3641 4812 3828 4869 solam

2185 4816 2241 4873 id
2275 4821 2364 4874 est
2393 4818 2695 4889 eloquium.
2731 4816 2774 4872 Ο
2805 4817 2986 4899 igitur
3016 4816 3172 4898 quod
3203 4816 3480 4897 scribitur
3509 4831 3614 4886 per
3641 4816 3834 4897 solam

2181 4889 2436 4944 litteram
2469 4905 2598 4970 iniu,
2632 4897 2804 4970 αὑτοῦ,
2838 4889 2894 4970 id
2927 4892 3016 4944 est
3070 4903 3187 4970 elus
3243 4887 3557 4970 significat,
3617 4884 3834 4970 Simul:

2185 4977 2298 5033 que
2328 4955 3159 5036 commistum_legitum‘qsio.
3224 4981 3252 5007 ››
3293 4955 3473 5036 _Unde_
3531 4955 3834 5012 concludit

2183 5027 2365 5088 Deum
2405 5047 2507 5103 per
2561 5027 2874 5104 prophetas
2929 5027 3576 5104 indicarevoluntatem
3603 5041 3832 5104 _suam,‘

2183 5098 2685 5176 eosque—turpiter
2719 5102 3096 5176 errare,_qui_
3144 5101 3324 5156 alium
3381 5104 3542 5176 extra
3595 5098 3832 5176 Creato-

2182 5169 2327 5248 rem'.
2361 5169 2597 5248 Patrem
2625 5172 2837 5248 Christi
2869 5169 3384 5248 inducebantZCum
3416 5175 3594 5248 Amos
3618 5169 3830 5248 _non_do_

2182 5246 2400 5318 Spiritu
2433 5244 2532 5318 sed
2565 5244 2837 5318 devento,
2872 5243 3059 5316 neque
3089 5245 3160 5300 de
3189 5242 3436 5311 Christo,
3469 5242 3572 5299 sed
3602 5240 3673 5298 de
3729 5239 3834 5296 Dei

2185 5315 2562 5373 meditatione
2595 5315 2891 5373 loquatur.

2254 5390 2367 5459 (3i)
2398 5387 2489 5442 Sic
2511 5385 2781 5459 equidem
2815 5386 2954 5459 editi
2987 5386 3211 5459 habent
3228 5391 3284 5442 et
3309 5385 3586 5451 mss.,sed
3619 5395 3832 5457 perpe-

2183 5457 2357 5542 ram.:
2389 5457 2650 5542 timenda
2705 5458 2949 5542 exnipso
3004 5457 3248 5542 Joannis
3284 5461 3482 5542 testu“,
3539 5466 3595 5542 go
3629 5465 3836 5530 Πνεῦμα

2185 5539 2367 5594 tum
2397 5539 2680 5602 ζωοποιοῦν,
2719 5552 2748 5583 ι(
2773 5528 3026 5607 Spiritus
3055 5534 3166 5599 est,
3197 5528 3306 5606 qui
3328 5528 3594 5588 vivitlcat.
3630 5551 3658 5580 »
