4106 6164
282 232 402 295 (95

1008 229 1505 296 TRANSLATIO
1548 226 1760 295 LIBRI
1804 218 2085 296 DlDYMl
2132 228 2235 296 DE
2280 226 2594 295 SPIRITU
2640 232 2962 297 SANCTO.

3582 218 3698 299 {es

276 365 483 422 charis
502 380 737 438 quoque
757 366 1105 439 repromitiit
1125 366 1279 422 Deus
1309 365 1796 433 eli'usurumse,id
1821 372 1933 437 est,
1962 370 2016 436 Α
2048 384 2175 439 qua:
2204 366 2395 423 eidem
2450 365 2560 437 (37)
2616 366 2959 422 substantia)
3007 375 3209 438 ὁμούσια
3241 374 3399 434 sunt,
3457 371 3692 425 easdem

275 454 793 511 abundantissime
809 455 1163 511 tributurum
1181 455 1505 511 Jerusalem
1521 456 1791 527 spiritum
1810 473 1937 529 gra-

274 545 369 600 tiae
393 550 451 601 et
472 544 871 601 miserationis
890 546 954 600 τε,
979 549 1120 599 Cum
1143 545 1300 602 enim
1323 545 1456 616 quis
1475 544 1726 616 Spiritus
1750 546 1933 600 sancti

272 634 567 705 acceperit
594 634 869 707 gratiam,
902 631 1140 689 habebit
1161 648 1288 689 eam
1309 634 1505 689 datam
1539 651 1571 689 a
1602 633 1716 689 Deo
1740 638 1933 701 Patre,

272 728 329 778 et
365 724 559 779 aJesu
587 720 817 778 Christo
854 721 1096 778 Domino
1129 727 1347 778 nostro.
1374 721 1696 794 Unaigitur
1724 722 1934 795 gratia,

270 811 475 866 Patris
504 807 649 867 125
668 814 725 866 et
742 806 1218 883 Filii,etSpiritus
1233 812 1418 867 sancti
1433 811 1763 882 operatione
1778 828 1933 867 com-

270 898 458 969 pleta,
491 898 740 953 Trinitas
775 898 951 953 unius
1000 898 1341 954 substantiae
1372 899 1827 955 demonstratur.
1870 900 1933 954 In

272 986 394 1042 alio
417 1003 652 1058 quoque
679 985 845 1043 loco:
874 1008 900 1035 ‹‹
939 985 1271 1053 Charitas,»
1294 986 1487 1059 inquit
1514 988 1574 1043 ⁷⁷.
1607 1011 1635 1037 ‹‹
1668 987 1769 1043 Dei
1798 1004 1935 1044 cum

270 1076 557 1131 omnibus
585 1074 775 1140 vobis,
804 1097 831 1123 ››
885 1091 1011 1146 quae
1042 1092 1076 1131 a
1104 1075 1387 1131 Trinitate
1436 1080 1492 1132 et
1524 1075 1819 1146 tribuitur,
1882 1081 1938 1132 et

274 1165 572 1219 ﬁrmatur.
606 1163 705 1218 Ait
736 1162 951 1235 quippe
981 1160 1244 1219 Salvator
1276 1182 1288 1219 :
1322 1187 1350 1213 «
1384 1164 1491 1228 Qui
1542 1165 1706 1220 audit
1761 1165 1939 1221 verba

274 1269 428 1321 mea,
461 1257 522 1308 et
552 1257 747 1308 servat
774 1269 843 1308 ea
871 1252 1005 1323 (35),
1037 1252 1132 1307 hic
1162 1257 1251 1308 est
1299 1252 1397 1325 qui
1432 1252 1622 1326 diligit
1682 1269 1794 1309 me.
1828 1255 1935 1319 Qui

274 1348 473 1397 autem
508 1341 705 1413 diligit
734 1357 849 1405 me,
884 1339 1159 1413 diligetur
1188 1358 1221 1395 a
1251 1340 1418 1397 Patre
1449 1358 1600 1407 meo,
1633 1347 1690 1397 et
1719 1358 1823 1414 ego
1854 1343 1938 1397 di-

274 1431 455 1501 ligam
490 1445 634 1484 eum
664 1429 727 1484 ⁷⁸.
768 1451 793 1477 ››
826 1429 1025 1500 Neque
1045 1428 1200 1484 enim
1234 1429 1349 1485 alia
1378 1429 1601 1485 dilictio
1629 1437 1717 1487 est
1745 1432 1939 1486 Salva-

275 1519 418 1574 toris
452 1535 639 1591 super
660 1516 757 1573 his
788 1518 887 1589 qui
920 1521 1213 1583 amantur,
1237 1522 1294 1573 et
1325 1517 1439 1574 alia
1468 1519 1701 1575 dilectio
1730 1520 1934 1587 Patris,

275 1609 427 1663 Deus
449 1604 617 1662 enim
652 1605 841 1679 diligit
864 1607 921 1661 in
942 1605 1362 1679 salutem,quia
1394 1630 1422 1658 «
1455 1608 1539 1663 sic
1563 1608 1765 1665 dilexit
1785 1609 1939 1665 Deus

270 1696 669 1763 mundum,ut
688 1695 900 1750 Filium
925 1712 1098 1751 suum
1123 1696 1493 1768 unigenitum
1516 1696 1709 1753 daret:
1735 1703 1800 1753 ut
1820 1715 1939 1754 om-

269 1785 365 1839 nis
397 1782 506 1857 qui
538 1784 724 1843 credit
754 1784 813 1839 in
847 1784 1043 1856 ipsum
1075 1782 1179 1857 [αι.
1233 1784 1488 1857 Filium),
1552 1802 1669 1841 non
1720 1790 1937 1859 pereat,

268 1872 372 1929 sed
406 1872 631 1928 habeat
662 1872 842 1926 vitam
875 1872 1239 1939 mternamf”.
1276 1895 1304 1921 ››
1334 1871 1615 1929 Similiter
1644 1879 1701 1929 et
1732 1874 1934 1943 Filius,

267 1962 373 2033 qui
402 1962 532 2017 vita
560 1966 671 2028 est,
703 1965 768 2016 ut
796 1961 1021 2016 tribuat
1049 1962 1228 2017 vitam
1260 1966 1316 2017 et
1340 1962 1811 2037 salutem,diligit
1840 1981 1939 2020 eos

269 2067 435 2121 quos
468 2049 591 2104 vult
622 2049 742 2105 ﬁeri
774 2048 1068 2105 meliores.
1102 2048 1263 2106 Unde
1295 2067 1491 2107 amare
1516 2068 1582 2107 se
1613 2052 1753 2107 dicit
1802 2069 1937 2108 eum

268 2137 379 2210 qui
413 2141 650 2193 amatur
672 2155 707 2193 a
740 2137 928 2194 Patre.
964 2138 1033 2192 Et
1061 2138 1130 2193 de
1162 2154 1227 2195 eo
1261 2139 1497 2211 ponitur
1524 2140 1579 2195 in
1615 2139 1934 2213 propheta:

272 2250 300 2275 κ
336 2226 409 2282 Et
440 2226 572 2298 ipse
599 2225 848 2282 salvabit
878 2224 1031 2295 illos,
1065 2226 1203 2298 quia
1233 2227 1433 2282 dilexit
1458 2226 1588 2285 illos
1618 2230 1681 2283 ⁸ο.
1718 2252 1744 2277 ››

346 2317 436 2371 17.
455 2314 623 2371 Hanc
641 2314 1296 2383 dilectionem,fructum
1315 2334 1443 2372 esse
1458 2318 1712 2388 Spiritus
1730 2319 1936 2385 sancti,

270 2408 646 2460 contestatur
675 2402 1014 2475 Apostolus,
1038 2403 1189 2459 sicut
1219 2410 1276 2459 et
1304 2405 1682 2477 gaudium,et
1711 2424 1935 2480 pacem,

271 2510 401 2565 qua:
436 2510 472 2548 a
504 2498 671 2565 patre
692 2490 1065 2547 ministratur
1084 2496 1140 2547 et
1163 2490 1545 2559 Filio,dicens
1580 2513 1593 2551 :
1630 2517 1658 2545 «
1692 2497 1939 2553 Fructus

271 2588 474 2638 autem
508 2581 777 2655 spiritus,
809 2580 1114 2653 gaudium,
1144 2599 1277 2654 pax,
1312 2582 1567 2639 charitas
1614 2586 1679 2641 δι.
1735 2608 1761 2633 ››
1802 2588 1935 2650 Quae

270 2670 539 2727 charitas
598 2670 786 2726 effusa
833 2674 923 2726 est
974 2670 1033 2725 in
1091 2671 1366 2726 cordibus
1424 2673 1786 2729 credentium
1836 2692 1939 2747 per

271 2760 567 2831 Spiritum
623 2761 913 2813 sanctum.
970 2781 997 2808 «
1054 2756 1323 2815 Charitas
1379 2760 1612 2833 quippe,
1675 2761 1773 2829 ait,
1835 2763 1934 2818 Dei

272 2848 501 2904 diffusa
549 2848 647 2903 est
697 2848 754 2901 in
809 2848 1084 2903 cordibus
1114 2848 1324 2904 vestris
1360 2848 1525 2915 [ThoL
1579 2852 1816 2922 nostris]
1876 2852 1933 2906 in

268 2937 500 3010 Spiritu
534 2941 743 2992 sancto
772 2935 837 2991 3’.
874 2960 901 2985 ››
929 2935 1130 2993 Omnis
1160 2937 1378 3010 quippe
1408 2938 1507 3010 qui
1538 2939 1934 2996 communicat

271 3025 525 3098 Spiritui
557 3029 893 3097 sancto,per
926 3025 1432 3097 participationem
1457 3028 1582 3097 ejus
1613 3028 1937 3083 communi-

2044 456 2219 511 habet
2247 448 2644 526 operationes;
2677 458 2736 509 et
2763 472 2890 527 quae
2942 454 3181 510 alterius
3213 456 3573 525 substantiae,
3632 448 3693 515 et

2041 554 2327 616 ἀνομοόσια,
2363 544 2600 600 dissona
2627 548 2801 615 atque
2830 543 3059 599 diversa
3090 548 3248 599 sunt.

2114 635 2202 689 48.
2236 634 2434 705 Neque
2464 634 2619 689 enim
2652 650 2720 688 ex
2753 632 2846 688 his
2879 636 3106 687 tantum
3132 650 3255 704 quae
3282 635 3693 705 praemisimus.

2045 722 2348 779 Trinitatis
2380 723 2575 777 unitas
2605 722 2848 778 docetur
2880 738 2891 776 :
2929 722 3029 777 scd
3068 739 3135 777 ex
3164 722 3699 780 inuumerabilibds

2045 811 2197 878 aliis,
2230 812 2301 866 de
2334 811 2549 881 quibus
2582 828 2819 866 rursum
2865 811 3189 867 secundum
3223 828 3397 866 suum
3432 813 3695 867 ordinem

2044 917 2231 972 pauca
2261 916 2568 972 ponemus.
2620 904 2884 971 Arguens
2938 903 3145 954 Petrus
3179 900 3485 965 Ananiam,
3542 901 3597 955 in
3631 917 3699 957 eo

2045 989 2200 1060 quod
2246 988 2304 1043 in
2354 989 2684 1043 venditionc
2717 990 2863 1060 agri,
2895 990 3062 1059 cujus
3113 1005 3175 1043 sc
3206 992 3392 1044 totum
3440 990 3697 1060 pretium

2046 1078 2331 1134 obtulisse
2358 1077 2608 1141 dicebat,
2644 1078 2908 1132 fraudem
2941 1077 3174 1132 fecisset
3204 1092 3234 1132 e
3267 1078 3457 1133 medio
3516 1080 3627 1149 (38)
3684 1096 3697 1147 ;

2046 1166 2233 1222 sancti
2264 1166 2517 1238 Spiritus
2549 1165 2830 1220 unitatem
2860 1165 2932 1220 ad
2967 1165 3174 1232 Deum,
3206 1182 3321 1220 non
3373 1167 3698 1221 secundum

2048 1270 2382 1321 numerum,
2416 1254 2517 1309 sed
2539 1255 2710 1323 juxta
2739 1254 3134 1309 substantiam
3166 1255 3588 1326 comprobavit,
3615 1254 3701 1309 di-

2047 1360 2183 1399 cens
2218 1358 2230 1396 :
2265 1364 2293 1393 ‹‹
2328 1342 2762 1413 Anania,quare
2792 1340 3102 1413 complevit
3125 1343 3372 1397 Satanas
3402 1359 3500 1397 cor
3529 1347 3696 1398 tuum

2048 1437 2112 1487 ut
2144 1431 2470 1487 mentireris
2505 1431 2749 1503 Spiritui
2794 1435 3015 1497 sancto,
3076 1436 3135 1486 et
3182 1432 3568 1487 absconderes
3625 1433 3697 1486 de

2049 1520 2232 1591 pretio
2265 1519 2437 1592 agri?
2468 1520 2669 1574 Nonne
2723 1535 2971 1574 manens
3004 1518 3107 1572 tibi
3143 1520 3435 1586 manebat,
3467 1524 3524 1575 et
3552 1536 3698 1575 ven-

2048 1609 2235 1663 ditum
2260 1609 2317 1662 in
2339 1612 2441 1690 tua
2462 1612 2587 1662 erat
2609 1612 2893 1679 potestate
2910 1606 2937 1660 ?
2960 1609 3146 1673 Quare
3172 1608 3417 1678 posuisti
3446 1609 3503 1663 in
3526 1609 3699 1664 corde

2046 1701 2146 1752 tuo
2178 1696 2325 1752 hanc
2354 1714 2475 1751 rem
2500 1697 2527 1750 ?
2560 1697 2683 1751 Non
2744 1696 3087 1751 hominibus
3141 1696 3424 1752 mentitus
3453 1713 3540 1765 es,
3598 1698 3698 1753 sed

2049 1786 2164 1841 Deo
2196 1787 2259 1841 ⁸⁸.
2296 1808 2322 1835 ›ι
2356 1786 2414 1841 Si
2448 1786 2604 1840 enim
2655 1786 2756 1857 qui
2790 1785 3029 1840 Domino
3064 1786 3363 1852 mentitur,
3418 1787 3703 1841 mentitur

2047 1875 2285 1947 Spiritui
2317 1879 2558 1941 sancto;
2592 1878 2650 1929 et
2681 1873 2779 1945 qui
2834 1874 3075 1945 Spiritui
3134 1879 3337 1931 sancto
3395 1875 3697 1943 mentitur,

2048 1964 2330 2019 mentitur
2358 1963 2473 2019 Deo
2508 1980 2521 2017 :
2558 1961 2702 2017 nulli
2736 1962 2981 2017 dubium
3015 1963 3493 2029 est,consortium
3525 1954 3703 2035 Spiri-

2046 2056 2141 2108 tus
2173 2053 2359 2107 sancti
2418 2068 2546 2107 esse
2594 2068 2725 2107 cum
2759 2051 2895 2107 Deo.
2934 2052 3002 2107 Et
3030 2068 3146 2123 quo
3188 2053 3361 2107 modo
3421 2052 3702 2109 sanctitas

2047 2140 2318 2197 subsistit
2348 2144 2406 2196 in
2439 2142 2573 2209 Deo,
2610 2141 2813 2195 eodem
2848 2141 3019 2195 modo
3050 2145 3106 2196 et
3136 2141 3321 2195 deitas
3352 2142 3449 2213 [aL
3483 2141 3700 2195 divini-

2050 2231 2159 2299 tas]
2194 2230 2541 2302 intelligitur
2573 2230 2631 2284 in
2664 2229 2883 2301 Spiritu
2915 2235 3138 2285 sancto.
3174 2229 3285 2284 Iste
3341 2234 3538 2285 autem
3569 2230 3699 2301 Spi-

2047 2318 2195 2373 ritus
2216 2322 2478 2387 sanctus,
2512 2334 2687 2389 quem
2720 2317 2976 2372 diximus
3009 2318 3275 2389 ejusdem
3308 2322 3526 2371 natura:
3569 2334 3698 2374 esse

2047 2424 2182 2463 cum
2210 2412 2397 2473 Patre,
2427 2406 2602 2461 etiam
2635 2421 2667 2460 a
2700 2403 2825 2459 Filii
2856 2404 3156 2460 divinitate
3188 2422 3300 2459 non
3332 2406 3544 2469 differt,
3578 2406 3697 2461 Sal-

2046 2502 2241 2553 vatore
2273 2495 2501 2551 dicente
2523 2492 2833 2566 discipulis
2864 2510 2876 2548 :
2912 2498 3105 2548 «Cum
3138 2494 3195 2548 in
3228 2494 3593 2567 Synagogam
3620 2495 3691 2550 ad

2048 2585 2407 2659 principatus
2436 2588 2493 2639 et
2520 2586 2838 2655 potestates
2886 2582 3318 2638 introduxerint
3364 2599 3486 2649 vos,
3520 2583 3699 2639 nolite

2044 2674 2279 2730 solliciti
2312 2689 2460 2741 esse,
2495 2672 2917 2744 quomodo,aut
2946 2672 3084 2743 quid
3118 2672 3536 2744 respondeatis.
3570 2672 3696 2741 Spi-

2043 2764 2190 2819 ritus
2238 2762 2394 2818 enim
2427 2766 2665 2817 sanctus
2696 2761 2928 2817 docebit
2956 2778 3057 2816 vos
3111 2761 3170 2815 in
3203 2761 3303 2816 illa
3354 2760 3498 2816 hora
3549 2760 3692 2833 quid

2046 2852 2303 2908 debeatis
2334 2852 2526 2907 dicere
2555 2851 2618 2904 “9.
2656 2852 2853 2905 Ponite
2881 2851 2938 2903 in
2998 2850 3272 2906 cordibus
3330 2851 3539 2906 vestris
3580 2867 3695 2905 non

2046 2938 2438 3013 praameditari
2470 2938 2540 2994 ad
2575 2938 3068 3010 respondendum.
3092 2942 3207 3010 Ego
3237 2938 3394 2993 enim
3417 2939 3566 2994 dabo
3597 2956 3695 2994 vo-

2045 3030 2134 3085 bis
2183 3046 2247 3085 os
2278 3033 2334 3083 et
2384 3026 2731 3099 sapientiam
2761 3028 2896 3098 (39),
2931 3027 3169 3083 cuinon
3220 3031 3492 3098 poterunt
3551 3027 3695 3083 resi-

272 3117 585 3186 cat,juxta
614 3113 759 3169 illud
792 3132 805 3168 :
835 3138 863 3163 »
894 3114 964 3170 Et
994 3115 1445 3171 communicotio
1469 3116 1655 3171 sancti
1679 3116 1931 3190 Spiritus
1961 3103 2004 3169 C
2043 3124 2215 3183 stcre,
2250 3120 2352 3171 aut
2379 3116 2773 3172 contradicere
2802 3117 2845 3150 9°
2881 3139 2900 3165 ν
2940 3116 3005 3170 Et
3026 3117 3082 3170 in
3109 3116 3200 3171 his
3224 3116 3438 3188 quippe
3474 3116 3695 3185 dicens,

273 3205 351 3259 sit
380 3219 623 3275 semper
644 3218 780 3258 cum
806 3203 1085 3258 omnibus
1103 3202 1270 3259 vobis
1290 3202 1355 3259 ³³.
1383 3227 1409 3253 ››
1441 3204 1507 3259 Et
1536 3203 1596 3259 in
1629 3204 1741 3260 alio
1770 3205 1896 3261 loco
1920 3224 1932 3261 :

280 3313 302 3339 ι
336 3292 427 3347 Sit
456 3308 580 3363 qua
612 3290 1066 3347 communicatio
1097 3292 1351 3363 Spiritus
1380 3292 1445 3349 ⁸⁵.
1483 3316 1503 3342 ι
1540 3293 1682 3348 Cum
1716 3293 1935 3350 habue-

276 3380 354 3435 rit
382 3380 744 3452 sapientiam
776 3381 876 3436 Dei
909 3383 965 3435 et
995 3397 1344 3448 sermonem,
1379 3381 1514 3437 etin
1550 3382 1826 3438 omnibus
1847 3400 1938 3439 ve-

278 3470 515 3524 ritatem
552 3488 565 3523 :
602 3468 839 3525 habebit
869 3485 1103 3540 quoque
1134 3471 1496 3526 consortium
1522 3471 1854 3529 sanctitatis
1879 3472 1935 3528 in

276 3562 480 3624 Patre,
513 3564 571 3612 et
596 3557 759 3625 Filio,
796 3562 852 3613 et
882 3557 1105 3631 Spiritu
1137 3563 1359 3615 sancto.
1408 3583 1435 3609 ‹‹
1469 3560 1681 3616 Fidelis
1739 3566 1935 3617 autem

274 3646 468 3711 Deus,
500 3663 773 3718 perquem
805 3647 991 3702 vocati
1022 3648 1164 3702 estis
1197 3649 1253 3702 in
1302 3648 1421 3719 (36)
1450 3650 1937 3706 communicatio-

278 3748 415 3790 nem
448 3733 580 3789 Filii
612 3737 737 3806 ejus
761 3735 825 3790 ⁸⁵.
862 3757 888 3785 ››
923 3735 1138 3790 Scribit
1196 3740 1250 3791 et
1278 3736 1533 3792 Joannes
1591 3737 1661 3793 de
1718 3737 1887 3795 Patre
1921 3757 1931 3794 :

279 3844 306 3871 ιι
341 3823 401 3879 Si
427 3824 490 3877 in
516 3823 738 3879 lumine
755 3822 1311 3891 ambulamus,sicut
1335 3825 1457 3897 ipse
1488 3830 1577 3881 est
1605 3826 1663 3881 in
1687 3826 1933 3897 lumine,

278 3913 875 3969 communicationem
898 3912 1187 3969 habemus
1207 3930 1340 3969 cum
1364 3912 1461 3969 illo
1483 3912 1546 3968 3°.
1572 3938 1592 3963 ι
1622 3914 1689 3971 Et
1709 3916 1900 3971 adhuc
1922 3934 1934 3972 :

276 4028 301 4048 ιι
334 3999 810 4057 Communicatio
841 4006 1035 4057 autem
1070 4005 1269 4058 nostra
1299 4020 1432 4059 cum
1466 4003 1633 4059 Patre
1689 4008 1745 4061 et
1792 4004 1936 4061 Filio

276 4092 401 4160 ejus
426 4091 576 4146 Jesu
611 4088 840 4145 Christo
869 4088 933 4147 ⁸⁷.
972 4114 998 4139 ››
1032 4090 1218 4163 Igitur
1248 4093 1585 4166 quicunque
1614 4094 1939 4151 communi-

278 4184 367 4235 cat
396 4179 644 4252 Spiritui
681 4183 905 4243 sancto,
952 4178 1150 4234 statim
1210 4182 1607 4238 communicat
1664 4183 1818 4240 Patri
1882 4186 1939 4239 et

280 4266 442 4324 Filio.
475 4267 545 4323 Et
577 4268 679 4339 qui
724 4267 1067 4324 charitatem
1126 4269 1302 4325 habet
1358 4271 1568 4338 Patris,
1600 4270 1777 4329 habet
1806 4288 1935 4329 eam

280 4376 309 4412 a
341 4356 509 4423 Filio,
547 4356 945 4413 contributam
972 4374 1075 4430 per
1104 4358 1390 4431 Spiritum
1423 4367 1713 4417 sanctum.
1740 4363 1850 4418 Sed
1880 4364 1938 4418 et

278 4447 375 4517 qui
406 4446 712 4518 particeps
742 4449 830 4501 est
858 4446 1057 4518 gratiae
1086 4446 1224 4504 Jesu
1256 4449 1490 4517 Christi,
1517 4452 1781 4507 eamdem
1809 4468 1936 4524 gra-

278 4537 417 4590 tiam
444 4535 856 4601 habet,datam
882 4552 914 4590 a
938 4535 1102 4592 Patre
1125 4554 1227 4609 per
1248 4538 1530 4610 Spiritum
1556 4543 1849 4595 sanctum.
1875 4539 1935 4595 In

278 4623 557 4680 omnibus
576 4625 734 4680 enim
753 4625 1386 4697 approbatureamdem
1400 4628 1795 4700 operationem
1812 4646 1939 4686 esse

278 4715 491 4781 Patris,
527 4719 588 4768 et
616 4712 769 4781 Filii,
804 4719 859 4769 et
888 4714 1144 4787 Spiritus
1200 4716 1406 4772 sancti.
1440 4717 1697 4781 Quorum
1741 4724 1940 4776 autem

280 4803 441 4859 128
471 4820 593 4857 una
623 4808 712 4857 est
741 4803 1026 4875 operatio,
1059 4821 1177 4860 una
1206 4809 1293 4860 est
1322 4810 1381 4861 et
1407 4804 1736 4862 substantia
1764 4825 1776 4863 :
1803 4809 1942 4880 quia

344 4900 393 4934 τί
423 4899 668 4973 Zachar.
699 4918 801 4968 χιι,
837 4902 922 4957 40.
958 4902 1001 4936 ⁷⁷
1031 4903 1077 4957 ΙΙ
1108 4907 1232 4958 Cor.
1268 4921 1388 4968 xm,
1440 4903 1527 4959 43.
1560 4904 1603 4938 ⁷⁸
1650 4905 1816 4971 Joan,
1850 4923 1936 4962 xw

2067 4906 2151 4961 .79
2202 4904 2370 4960 Joan.
2420 4906 2617 4972 111,46.
2658 4906 2703 4939 ⁸ο
2761 4904 2892 4960 Isai.
2952 4921 3149 4959 xxxm.
3209 4902 3280 4956 22
3327 4919 3339 4973 ς

270 4973 314 5048 ff
350 4970 761 5048 Calatinum.
819 4974 865 5007 ⁸³
896 4973 1062 5048 Rom.
1095 4991 1170 5048 v,_
1197 4976 1256 5048 5Σ
1286 4975 1331 5009 ⁸³
1360 4975 1408 5030 II
1458 4975 1603 5048 Cor._
1638 4993 1760 5048 xli],
1794 4970 1883 5048 A437
1925 4978 1936 5012 ε

2051 4974 2278 5048 ’hilipp.
2341 4994 2402 5043 ιι,

2048 3223 2161 3262 non
2210 3206 2416 3262 debere
2473 3220 2571 3260 eos
2604 3220 2731 3261 esse
2789 3203 3090 3272 sollicitos,
3125 3206 3265 3277 quid
3310 3208 3700 3277 respondeant

2046 3293 2599 3359 contradicentibus,
2633 3293 2774 3365 quia
2802 3293 2861 3348 in
2910 3295 3113 3349 eadem
3146 3294 3288 3349 hora
3318 3294 3635 3350 doceantur
3666 3311 3700 3351 ει

2047 3382 2263 3455 Spiritu
2298 3386 2498 3438 sancto
2530 3382 2671 3454 quid
2700 3383 2950 3437 debeant
2974 3383 3324 3455 respoiidere
3350 3401 3362 3438 :
3389 3383 3591 3439 statim
3612 3384 3699 3439 iu-

2046 3472 2179 3527 tulit
2208 3488 2335 3543 quae
2368 3471 2446 3527 sit
2475 3486 2652 3527 causa
2678 3469 2927 3525 ﬁducia).
2953 3495 2981 3520 «
3016 3471 3237 3540 Ponite,
3266 3494 3291 3520 »
3326 3471 3547 3538 dicens,
3579 3493 3600 3522 ι
3639 3472 3697 3526 in

2047 3560 2322 3616 cordibus
2340 3560 2548 3616 vestris
2563 3577 2675 3615 non
2694 3559 3083 3631 praemeditari
3100 3560 3172 3614 ad
3191 3560 3696 3632 respondendum:

2046 3666 2151 3721 ego
2185 3649 2342 3704 enim
2374 3649 2523 3703 dabo
2558 3648 2720 3704 vobis
2754 3666 2817 3703 os
2848 3654 2904 3704 et
2930 3648 3300 3719 sapientiam,
3333 3648 3426 3702 cui
3458 3665 3571 3703 non
3606 3664 3700 3719 po-

2048 3742 2244 3793 terunt
2274 3738 2565 3803 resistere,
2597 3742 2696 3791 aut
2727 3736 3141 3792 contradicere.
3180 3758 3206 3783 »
3241 3736 3386 3790 Cum
3417 3736 3573 3790 enim
3608 3733 3696 3790 di-

2046 3828 2210 3887 xerit.
2246 3827 2303 3881 in
2338 3833 2596 3898 tempore
2628 3825 3017 3899 respondendi
3060 3825 3253 3881 doceri
3284 3842 3382 3881 eos
3415 3842 3448 3881 a
3477 3824 3696 3897 Spiritu

2047 3920 2247 3971 sancto
2269 3915 2408 3988 quid
2443 3916 2691 3971 debeant
2713 3914 3147 3987 respondere,in
3170 3915 3553 3987 sequentibus
3584 3914 3693 3970 ait:

2051 4028 2070 4055 ι
2112 4005 2223 4077 Ego
2255 4003 2411 4059 enim
2444 4004 2592 4059 dabo
2623 3997 2786 4059 vobis
2818 4021 2881 4059 os
2911 4008 2967 4058 et
2995 4004 3364 4075 sapientiam,
3404 4026 3430 4054 »
3462 4009 3571 4059 etc.

2116 4095 2154 4148 1
2172 4094 2266 4150 27
2297 4092 2380 4148 l9.
2404 4093 2484 4147 Ex
2496 4093 2712 4163 quibus
2731 4092 3057 4148 ostenditur
3070 4091 3416 4163 sapientiam
3436 4110 3562 4164 qua:
3584 4093 3700 4148 dis-

2046 4182 2259 4255 cipulis
2276 4183 2450 4239 datur
2473 4180 2669 4253 aFilio
2690 4181 2943 4253 Spiritus
2960 4181 3145 4236 sancti
3162 4197 3289 4237 esse
3306 4180 3656 4253 sapientiam
3680 4196 3693 4234 :

2046 4276 2102 4327 et
2132 4269 2457 4327 doctrinam
2491 4268 2743 4342 Spiritus
2774 4271 2982 4338 sancti,
3016 4269 3244 4324 Domini
3295 4285 3423 4324 esse
3479 4266 3696 4323 doctri-

2046 4378 2181 4416 nam
2215 4377 2555 4433 :unumque
2601 4364 2818 4415 natura:
2868 4364 2924 4415 et
2961 4357 3280 4414 voluntatis
3304 4374 3432 4414 esse
3468 4373 3698 4414 consor-

1970 4474 2014 4538 Ι)
2047 4451 2196 4506 tium
2230 4450 2485 4522 Spiritus
2515 4450 2700 4505 sancti
2746 4465 2879 4505 cum
2935 4448 3098 4503 Filio.
3130 4449 3199 4503 Et
3230 4448 3367 4520 quia
3424 4448 3699 4538 superius

2050 4541 2517 4596 demonstratum
2549 4543 2637 4595 est
2667 4537 2891 4595 socium
2922 4554 3051 4594 esse
3082 4555 3184 4610 per
3211 4541 3479 4592 naturam
3511 4535 3702 4609 Spiri-

2051 4632 2177 4684 tum
2211 4628 2517 4701 Unigenito
2548 4628 2672 4696 Dei,
2704 4632 2761 4684 et
2808 4627 2921 4683 Deo
2954 4627 3111 4683 Patri
3161 4645 3175 4683 :
3238 4626 3416 4681 Filius
3464 4642 3596 4681 vero
3645 4629 3702 4680 et

2052 4721 2219 4773 Pater
2250 4733 2432 4771 unum
2467 4718 2796 4788 sunt,juxta
2822 4716 2998 4771 illud:
3034 4740 3060 4765 «
3095 4717 3212 4788 Ego
3233 4720 3289 4771 et
3320 4718 3489 4770 Pater
3515 4730 3699 4768 unum

2052 4822 2260 4863 sumus
2289 4806 2351 4861 θί.
2389 4829 2416 4855 ››
2449 4824 2562 4862 non
2592 4807 2781 4861 divisa
2811 4807 2909 4877 [aL
2970 4804 3245 4877 indivisa]
3285 4806 3342 4859 et
3392 4803 3700 4873 insepara-

3414 4916 3580 4966 xxxv,
3640 4900 3695 4957 4.

2569 4977 2614 5011 ει
2668 4977 2687 5030 Ῑ
2747 4975 2872 5053 ger.
2931 4992 2971 5042 ι,
3028 4976 3080 5028 9.
3139 4974 3183 5007 ⁸⁸
3238 4973 3255 5026 Ι
3320 4972 3489 5039 Joau,
3543 4988 3578 5039 ι,
3638 4973 3705 5053 7ρι

269 5044 315 5078 ’τ
355 5044 513 5109 ibid,
543 5044 598 5097 3.
630 5042 677 5078 ⁸⁸
704 5048 834 5099 Act.
866 5061 920 5113 v,
955 5046 1008 5111 3,
1035 5046 1092 5101 4.
1133 5046 1178 5080 ⁸⁹
1236 5046 1374 5101 Luc.
1408 5061 1511 5113 xu,
1543 5046 1635 5113 4t,
1667 5042 1755 5102 42.
1787 5046 1832 5082 ⁹⁰
1864 5047 1936 5104 Lu

2051 5066 2122 5116 ιι,
2154 5042 2245 5115 Μζ
2276 5048 2362 5103 45.
2390 5042 2435 5082 ί⁹¹
2467 5046 2635 5103 Joan.
2668 5064 2723 5115 x,
2757 5047 2845 5101 30.

346 5160 467 5231 (35)
499 5157 735 5215 Tholos.
768 5176 881 5216 ms.
917 5183 945 5209 ‹‹
974 5160 1082 5225 Qui
1138 5160 1315 5217 habet
1372 5161 1652 5218 mandata
1698 5178 1847 5229 mea,
1882 5167 1940 5218 et

271 5235 497 5296 servat,
541 5254 565 5277 ν
598 5235 706 5286 etc.

346 5302 466 5372 (36)
498 5301 686 5357 Vatic.
720 5300 813 5356 hic
844 5304 1019 5374 atque
1052 5301 1204 5358 infra
1233 5307 1569 5359 constanter
1598 5327 1625 5354 «
1674 5320 1939 5360 commu-

270 5377 521 5430 nionem
550 5390 701 5448 »_pro
720 5396 747 5423 ‹‹
769 5374 1360 5430 communicationem
1381 5398 1410 5425 ››
1427 5374 1584 5448 legit.
1608 5376 1733 5431 Mox
1755 5399 1782 5426 «
1804 5377 1942 5448 quia

270 5449 466 5520 igitur
494 5445 854 5518 quicunque,
889 5467 919 5496 ››
949 5450 1057 5520 etc.

346 5517 462 5595 {37)
494 5521 686 5578 Antea
707 5520 834 5576 erat
857 5538 888 5570 κ
917 5518 1204 5593 ejusdem,
1238 5540 1267 5570 ιι
1321 5518 1701 5580 dissentiente
1749 5518 1935 5579 Vatic.

2052 5164 2150 5251 qui
2180 5168 2372 5218 tamen
2406 5162 2560 5217 haud
2590 5164 2743 5216 recte
2775 5176 2909 5215 mox
2956 5158 3132 5214 habet
3186 5166 3392 5219 ἀνούσιαι
3424 5174 3526 5231 pro
3580 5166 3698 5214 ἀνο-

2051 5251 2247 5295 μουσια.

2144 5305 2232 5366 38)
2264 5305 2442 5359 Vetus
2473 5302 2647 5358 editio
2681 5325 2708 5351 «
2743 5318 2811 5357 ex
2841 5301 3107 5366 dimidio,
3140 5323 3167 5351 ››
3203 5301 3567 5357 concinnius.

2144 5306 2211 5358 38
2264 5306 2442 5359 Vetus
2473 5306 2647 5358 editio
2681 5325 2708 5351 «
2743 5318 2811 5357 ex
2841 5306 3107 5366 dimidio,
3140 5323 3167 5351 ››
3203 5306 3567 5357 concinnius.

2121 5306 2233 5447 E39;
2268 5375 2443 5430 Addit
2473 5374 2655 5431 Vatic.
2690 5389 2824 5429 cum
2854 5374 3032 5432 veteri
3058 5374 3218 5439 edit,
3257 5396 3283 5423 «
3313 5372 3372 5429 id
3424 5376 3530 5444 est,
3574 5380 3696 5428 ser-

2050 5462 2289 5504 monem
2312 5490 2323 5504 .
2343 5470 2363 5497 Ι
