4118 6158
404 179 519 243 127

1637 168 1701 230 S.
1751 163 2065 232 EUSEBII
2110 160 2578 232 HIERONYMI.

3698 161 3816 233 128

399 279 554 378 bilis,
589 306 914 365 secundum
947 304 1242 378 naturam,
1273 304 1510 357 ostensa
1537 303 1625 356 est
1672 274 1948 356 Trinitas.
1984 300 2045 355 In
2075 302 2129 367 Α
2159 301 2231 355 ab
2262 276 2375 356 alio
2403 301 2750 374 sapentiam,
2805 316 2992 374 neque
3047 317 3151 375 per
3200 299 3509 374 cujusdam
3569 301 3815 359 alterius

399 399 512 456 alio
544 413 777 471 quoque
809 392 1118 466 Evangelio
1143 389 1386 446 dicitur:
1415 411 1443 440 ‹‹
1467 389 1592 446 Non
1614 389 1770 444 enim
1787 406 1890 444 vos
1907 388 2047 444 estis

400 487 500 560 qui
532 483 864 558 loquimini,
894 481 994 537 sed
1017 476 1272 550 Spiritus
1293 476 1483 533 Patris
1514 476 1688 532 vestri
1721 475 1823 546 qui
1856 475 2047 546 loqui-

395 581 494 630 tur
524 576 582 630 in
605 573 768 630 vobis
789 573 851 625 θ’,
877 592 905 619 ››
940 569 998 625 Si
1031 585 1166 641 ergo
1184 566 1434 639 Spiritus
1466 564 1654 620 Patris
1676 565 1734 619 in
1767 563 2047 636 apostolis

396 664 676 736 loquitur,
710 663 923 717 docens
952 675 1050 714 eos
1109 674 1237 728 qua
1270 656 1518 712 debeant
1577 653 1949 724 respondere,
1991 657 2048 708 et

397 771 522 826 qua
554 753 835 808 docentur
868 767 900 803 a
959 747 1180 820 Spiritu
1231 743 1520 816 sapientia
1551 748 1658 809 est,
1693 759 1870 813 quam
1928 757 2044 796 non

397 858 716 915 possumus
748 839 926 895 aliam
958 841 1161 909 prater
1193 834 1404 889 Filium
1446 830 1790 902 intelligere,
1821 829 2044 901 liquido

395 935 636 1002 apparet
660 927 920 999 ejusdem
954 928 1174 980 natura
1223 921 1505 994 Spiritum
1551 935 1681 974 esse
1713 935 1846 973 cum
1878 917 2043 983 Filio,

393 1024 451 1074 et
480 1035 612 1074 cum
647 1021 833 1085 Patre,
867 1015 1038 1084 cujus
1071 1010 1323 1084 Spiritus
1359 1013 1468 1075 est,
1521 1008 1692 1063 Porro
1748 1010 1916 1062 Pater
1989 1010 2046 1061 et

397 1101 577 1163 Filius
607 1121 790 1160 unum
824 1106 982 1158 sunt.
1019 1101 1201 1171 Igitur
1232 1097 1491 1153 Trinitas
1536 1095 1878 1152 substantiae
1911 1095 2044 1151 uni-

394 1198 510 1251 tate
542 1194 820 1250 sociatur.

461 1284 552 1338 20.
586 1286 694 1336 Per
723 1279 881 1335 aliud
914 1291 1146 1350 quoque
1201 1276 1636 1347 Scripturarum
1688 1273 2042 1345 exemplum,

395 1370 700 1426 Trinitatis
733 1369 928 1424 unitas
959 1372 1014 1422 et
1045 1371 1252 1422 natura
1283 1365 1421 1436 (40),
1455 1368 1513 1419 et
1567 1363 1757 1419 virtus
1787 1361 2044 1418 ostendi-

393 1465 509 1516 tur.
544 1458 723 1514 Filius
754 1462 809 1513 et
841 1473 1072 1522 manus,
1104 1461 1160 1511 et
1218 1455 1474 1517 dextera,
1506 1458 1563 1509 et
1599 1451 1906 1508 brachium
1939 1456 2045 1507 Pa-

393 1550 501 1604 tris
559 1549 792 1604 dicitur.
822 1547 986 1602 Sicut
1016 1545 1216 1600 crebro
1276 1544 1605 1611 docuimus,
1639 1559 1707 1598 ex
1752 1541 1846 1597 his
1877 1558 2042 1596 voca~

392 1637 568 1704 bulis,
603 1637 781 1692 unius
809 1640 1030 1693 natura
1055 1632 1446 1689 indifferentia
1475 1632 1912 1687 demonstratur
1944 1631 2042 1702 [αἱ.

393 1726 846 1781 inditl‘erentiam
961 1722 1397 1790 demonstrari].
1503 1720 1758 1794 Spiritus
1906 1736 2041 1775 san-

397 1819 548 1882 ctus,
581 1815 803 1888 digitus
839 1812 1288 1881 Dei,secundum
1322 1810 1795 1882 conjunctionem
1820 1812 2042 1864 natura

393 1904 581 1960 Patris
619 1909 677 1959 et
733 1901 862 1958 Filii
920 1902 1274 1958 nominatur.
1331 1899 1632 1971 Siquidem
1691 1897 1748 1952 in
1805 1914 1924 1952 uno
1973 1897 2044 1952 de

392 1991 716 2064 Evangeliis
736 1992 1017 2047 adversus
1040 2006 1137 2046 eos
1168 1989 1268 2060 qui
1301 1988 1485 2062 signis
1509 1986 1741 2043 Domini
1776 1985 2041 2041 detrahe-

392 2082 554 2148 bant,
586 2081 846 2136 dicentes
880 2097 893 2134 :
923 2103 950 2129 «
987 2080 1049 2134 In
1081 2078 1397 2134 Beelzebub
1430 2076 1689 2150 principe
1728 2074 2042 2130 daemonio-

401 2187 531 2224 rum
557 2168 715 2241 ejicit
745 2169 1034 2223 daemonia
1061 2169 1124 2234 93,
1160 2190 1186 2217 ››
1224 2167 1536 2222 sciscitans
1593 2163 1857 2220 Salvator
1911 2163 1992 2218 ait
2026 2179 2038 2217 :

393 2281 420 2308 ‹‹
452 2259 510 2312 Si
542 2274 646 2330 ego
677 2259 733 2312 in
768 2256 1087 2313 Beelzebub
1116 2255 1286 2326 ejicio
1320 2255 1628 2322 damonia,
1649 2252 1752 2308 ﬁlii
1781 2251 1956 2307 vestri
1981 2252 2039 2306 in

392 2343 507 2420 quo
538 2346 825 2418 ejiciunt?
855 2346 914 2401 Si
947 2351 1142 2401 autem
1175 2361 1278 2417 ego
1311 2344 1369 2398 in
1392 2344 1574 2416 digito
1606 2341 1706 2398 Dei
1737 2341 1900 2411 ejicio
1933 2340 2042 2396 da-

391 2435 590 2490 monia
621 2452 634 2489 :
668 2451 803 2508 ergo
835 2433 1173 2506 supervenit
1201 2434 1257 2488 in
1320 2450 1420 2488 vos
1480 2448 1727 2504 regnum
1760 2431 1859 2486 Dei
1910 2431 1974 2483 9‘.
2014 2452 2040 2477 ››

390 2526 552 2579 Hunc
582 2525 854 2580 eumdem
912 2523 1128 2592 locum,
1188 2522 1340 2578 alius
1399 2521 1753 2592 evangelista
1816 2517 2040 2575 descri-

393 2614 556 2680 bens,
579 2613 915 2684 loquentem
946 2611 1146 2666 intulit
1177 2610 1384 2665 Filium
1421 2627 1432 2665 ε
1474 2635 1494 2659 α
1529 2610 1582 2663 Si
1616 2614 1812 2664 autem
1843 2624 1948 2680 ego
1981 2607 2038 2661 in

397 2701 616 2773 Spiritu
651 2701 747 2756 Dei
779 2700 945 2771 ejicio
977 2700 1263 2754 damonia
1293 2701 1354 2753 95.
1406 2722 1433 2748 ››
1467 2699 1544 2753 Ex
1600 2699 1815 2769 quibus
1845 2702 2038 2751 osten-

393 2791 552 2844 ditur
598 2789 849 2860 digitum
884 2788 983 2844 Dei
1015 2805 1143 2844 esse
1173 2789 1454 2860 Spiritum
1489 2792 1777 2843 sanctum.
1811 2784 1869 2842 Si
1903 2801 2039 2859 ergo

391 2880 740 2948 conjunctus
769 2881 859 2934 est
888 2877 1110 2950 digitus
1143 2877 1365 2947 manui,
1395 2881 1451 2932 ct
1510 2893 1718 2932 manus
1757 2876 1808 2932 ei
1870 2880 2038 2949 cujus

396 2983 606 3022 manus
637 2971 761 3034 est;
793 2971 849 3022 et
875 2965 1094 3039 digitus
1125 2966 1249 3021 sine
1278 2966 1455 3022 dubio
1502 2966 1573 3021 ad
1609 2967 1734 3035 ejus
1766 2966 2037 3022 substan-

394 3057 536 3112 tiam
567 3055 834 3122 refertur,
868 3057 1037 3127 cujus
1069 3055 1290 3127 digitus
1320 3061 1425 3112 est.

463 3144 551 3199 2i.
585 3144 799 3214 Verum
834 3160 968 3198 cave
1002 3160 1074 3199 ne
1110 3145 1181 3199 ad
1213 3144 1457 3200 humilia
1514 3147 1774 3218 dejectus
1803 3152 1858 3202 et
1889 3147 2032 3203 obli-

393 3237 490 3289 tus
520 3231 830 3298 sermonis,
863 3233 934 3287 de
993 3249 1106 3304 quo
1165 3250 1320 3288 nunc
1369 3234 1723 3307 disputatur,
1755 3237 2037 3309 depingas

393 3321 453 3376 in
487 3321 682 3376 animo
715 3325 816 3376 tuo
847 3319 1237 3393 corporalium
1280 3328 1513 3378 artuum
1545 3325 1947 3395 diversitates;
1981 3330 2039 3382 et

394 3409 641 3481 incipias
696 3408 802 3464 tibi
859 3410 1317 3482 magnitudines,
1373 3417 1429 3467 et
1480 3412 1924 3485 inaequalitates,
1983 3421 2039 3470 et

392 3503 602 3554 catera
632 3514 941 3571 corporum
966 3501 1190 3569 majora
1219 3500 1308 3556 vel
1340 3501 1563 3556 minora
1617 3503 1877 3558 membra
1909 3520 2042 3559 con-

393 3587 633 3659 tingere;
668 3587 868 3644 dicens
900 3587 1152 3661 digitum
1187 3605 1221 3644 a
1249 3606 1448 3658 manu,
1494 3595 1549 3645 et
1581 3607 1818 3646 manum
1853 3593 1924 3647 ab
1975 3610 2040 3647 eo

390 3677 561 3748 cujus
578 3681 667 3732 est
687 3678 726 3731 I
740 3676 838 3732 28
863 3677 1305 3744 manus,multis
1321 3677 1813 3751 inaqualitatibus
1831 3680 2042 3738 discre-

394 3781 552 3837 pare,
602 3766 741 3838 quia
771 3766 841 3820 de
896 3766 1358 3838 incorporalibus
1409 3785 1563 3823 nunc
1617 3769 1918 3840 Scriptura
1958 3770 2040 3824 lo-

395 3857 612 3925 quitur,
647 3853 933 3910 unitatem
964 3859 1192 3910 tantum
1222 3856 1441 3928 volens,
1476 3874 1590 3911 non
1649 3858 1824 3912 etiam
1877 3875 2042 3914 men-

395 3935 595 3998 suram
620 3942 964 3998 substantia
995 3943 1396 4000 demonstrare
1422 3963 1434 4000 :
1469 3945 1621 4002 sicut
1649 3948 1805 4003 enim
1835 3964 2042 4002 manus

395 4047 510 4086 non
543 4030 822 4086 dividitur
851 4048 882 4086 a
913 4048 1172 4104 corpore,
1207 4049 1310 4106 per
1338 4051 1515 4106 quam
1568 4019 1783 4091 cuncta
1821 4035 2044 4107 perlicit

395 4124 453 4176 et
478 4124 768 4192 operatur,
801 4124 857 4175 et
880 4121 938 4176 in
973 4137 1037 4177 eo
1068 4127 1175 4192 est,
1209 4124 1378 4194 cujus
1410 4129 1498 4180 est
1554 4141 1764 4180 manus
1814 4142 1826 4179 :
1875 4125 1958 4180 sic
1989 4130 2045 4180 et

395 4200 617 4282 digitus
649 4225 765 4264 non
797 4214 1102 4282 separatur
1131 4228 1166 4267 a
1223 4228 1424 4280 manu,
1457 4215 1625 4284 cujus
1657 4217 1745 4268 est
1801 4213 2039 4286 digitus.

396 4297 598 4368 Itaque
632 4297 1258 4371 rejiceinaqualitates
1315 4306 1372 4356 et
1420 4317 1748 4368 mensuras,
1782 4318 1915 4356 cum
1975 4303 2044 4358 de

2157 390 2453 461 sapientia
2485 390 3014 463 participationem,
3047 391 3281 463 sapiens
3331 389 3685 446 nominatur.
3723 389 3811 446 Si-

2156 479 2392 550 quidem
2425 478 2594 534 multi
2625 480 2918 551 sapientes
2977 479 3274 548 dicuntur,
3305 496 3419 534 non
3470 495 3538 534 ex
3569 495 3678 535 sua
3707 496 3810 534 na-

2155 571 2305 635 tura,
2369 569 2469 623 sed
2523 585 2592 623 ex
2649 568 3179 624 communicatione
3257 566 3573 640 sapientia.
3660 572 3812 624 Deus

2153 673 2286 712 vero
2345 674 2462 712 non
2525 656 2767 712 alterius
2825 657 3123 729 sapientiae
3184 656 3627 730 participatione
3709 673 3810 713 ne-

2156 761 2270 816 que
2328 744 2559 800 aliunde
2620 746 2856 817 sapiens
2934 746 3194 812 effectus,
3256 745 3447 801 dictus
3504 749 3594 801 est
3652 743 3812 801 solus

2154 834 2408 906 sapiens,
2498 838 2554 888 et
2614 851 2901 906 generans
2988 834 3362 906 sapientiam,
3421 839 3476 889 et
3534 833 3679 888 alios
3724 834 3809 888 fa-

2152 922 2313 978 ciens
2345 922 2656 993 sapientes.
2719 925 2852 988 Qua
2907 923 3196 994 sapientia
3229 923 3509 978 Dominus
3559 925 3647 978 est
3706 939 3806 977 no-

2155 1013 2274 1066 ster
2299 1011 2473 1066 Jesus
2526 1011 2792 1067 Christus
2848 1010 2948 1082 qui
2985 1011 3197 1066 dicitur
3226 1011 3325 1066 Dei
3364 1011 3570 1078 virtus,
3604 1015 3661 1066 et
3710 1012 3810 1067 Dei

2155 1099 2442 1171 sapientia
2467 1100 2529 1153 9⁸.
2562 1099 2815 1170 Spiritus
2873 1116 3105 1172 quoque
3161 1105 3402 1155 sanctus
3443 1100 3657 1156 dicitur
3715 1117 3808 1156 sa-

2156 1187 2373 1260 pientia
2404 1188 2540 1260 (42).
2577 1188 2880 1260 Siquidem
2912 1192 2968 1243 et
3000 1189 3057 1242 in
3091 1188 3382 1244 veteribus
3420 1187 3586 1244 libris
3634 1189 3809 1245 refer-

2156 1282 2274 1344 tur,
2309 1278 2598 1352 repletum
2654 1295 2782 1334 esse
2812 1279 3012 1334 Jesum
3047 1278 3199 1335 Nave
3232 1297 3265 1334 a
3318 1279 3566 1335 Domino
3597 1279 3805 1351 spiritu

2155 1367 2475 1439 sapientia.
2509 1366 2670 1422 Sicut
2702 1382 2840 1438 ergo
2873 1365 3036 1421 solus
3069 1365 3304 1436 sapiens
3353 1365 3532 1434 Deus,
3564 1383 3680 1421 non
3713 1382 3804 1421 ac-

2158 1456 2380 1528 cipiens
2410 1455 2644 1512 aliunde
2676 1454 3154 1527 sapientiam,sed
3186 1455 3479 1527 sapientes
3510 1454 3728 1510 faciens
3751 1459 3808 1510 et

2157 1561 2442 1618 generans
2473 1544 2820 1617 sapientiam
2848 1561 2860 1598 :
2898 1544 3059 1600 solus
3091 1547 3179 1600 est
3210 1544 3466 1616 sapiens,
3500 1547 3661 1599 extra
3690 1561 3810 1600 om-

2157 1651 2259 1690 nes
2292 1633 2391 1705 qui
2445 1650 2548 1705 per
2579 1633 3076 1705 nuncupationem
3109 1633 3236 1703 ejus
3281 1633 3576 1705 sapientes
3605 1632 3807 1688 dicun-

2156 1728 2277 1778 tur:
2294 1746 2320 1772 «
2341 1721 2652 1777 Multitudo
2673 1722 2889 1793 quippe
2907 1721 3263 1793 sapientium
3278 1720 3439 1776 salus
3455 1721 3658 1776 mundi
3674 1723 3747 1787 97;
3778 1744 3806 1769 »

2152 1816 2227 1878 et,
2261 1834 2288 1861 «
2324 1812 2428 1877 Qui
2460 1810 2806 1882 semetipsos
2837 1814 3215 1883 cognoscunt,
3269 1810 3327 1865 hi
3389 1814 3527 1866 sunt
3579 1809 3808 1882 sapien-

2149 1904 2237 1956 tes
2266 1901 2308 1935 93
2333 1917 2346 1969 ;
2380 1923 2406 1948 ››
2438 1904 2496 1955 et
2516 1915 2750 1954 rursum
2785 1914 2797 1952 :
2835 1920 2863 1948 «
2893 1899 3038 1954 Cum
3060 1897 3239 1954 fueris
3257 1915 3390 1954 cum
3413 1899 3810 1971 sapientibus,

2153 1989 2386 2061 sapiens
2413 1989 2528 2043 eris
2560 1989 2640 2041 9°:
2678 2009 2704 2038 ››
2742 1987 2825 2043 sic
2856 1992 2912 2042 et
2944 1987 3199 2059 Spiritus
3230 1992 3468 2044 sanctus
3516 2004 3630 2042 non
3663 1987 3806 2042 acci-

2154 2077 2319 2150 piens
2350 2076 2588 2133 aliunde
2637 2076 3011 2149 sapientiam,
3043 2076 3236 2132 dictus
3292 2082 3380 2132 est
3410 2075 3652 2149 spiritus
3708 2091 3806 2132 sa-

2154 2155 2379 2239 pientia
2408 2185 2420 2234 ;
2456 2166 2566 2221 hoc
2598 2165 2751 2222 enim
2785 2165 2980 2236 ipsum
3024 2165 3180 2236 quod
3241 2164 3529 2232 subsistit,
3564 2164 3806 2236 spiritus

2152 2255 2450 2328 sapientia
2483 2259 2573 2310 est
2607 2271 2619 2309 :
2653 2257 2710 2310 et
2739 2259 2950 2309 natura
2983 2255 3134 2325 eius,
3195 2252 3339 2308 nihil
3366 2258 3454 2309 est
3502 2252 3660 2308 aliud
3694 2252 3805 2309 nisi

2151 2345 2403 2417 Spiritus
2434 2344 2694 2399 veritatis
2724 2347 2779 2399 et
2807 2342 3063 2415 Spiritus
3114 2342 3238 2408 Dei,
3283 2343 3353 2398 de
3415 2341 3628 2413 quibus
3676 2343 3819 2415 jam;

2151 2435 2518 2490 abundanter
2548 2433 2607 2487 in
2657 2433 2937 2488 Sectarum
2990 2430 3284 2487 volumine
3345 2431 3800 2504 disputavimus.

2151 2523 2313 2578 Unde
2344 2540 2415 2578 ne
2445 2523 2647 2578 eadem
2678 2521 2969 2593 superﬂue
3018 2519 3403 2592 replecemus,
3427 2521 3684 2576 contenti
3718 2521 3804 2576 si-

2150 2629 2282 2667 mus
2315 2611 2709 2683 disputatione
2739 2610 3050 2682 praterita.

2218 2705 2306 2756 22.
2342 2701 2454 2773 (44)
2479 2700 2621 2763 Quia
2650 2699 2828 2772 igitur
2857 2699 3110 2770 Spiritus
3131 2698 3432 2770 sapientia
3456 2702 3513 2754 et
3545 2699 3803 2754 veritatis

2149 2789 2625 2862 inseparabiliter
2656 2805 2789 2844 cum
2821 2787 2962 2842 Filio
3012 2791 3119 2854 est,
3154 2787 3277 2858 ipse
3308 2803 3540 2860 quoque
3572 2790 3802 2862 sapien-

2148 2881 2229 2936 tia
2259 2879 2530 2935 subsistit
2562 2883 2619 2933 et
2648 2879 2879 2933 veritas.
2905 2877 2965 2931 Si
2998 2877 3157 2932 enim
3190 2893 3372 2949 capax
3401 2882 3554 2934 esset
3579 2879 3805 2950 sapien-

2147 2970 2237 3024 tia
2260 2973 2316 3025 et
2345 2967 2626 3034 veritatis,
2658 2967 2717 3020 in
2749 2966 2806 3020 id
2826 2965 3139 3034 aliquando
3166 2966 3543 3022 descenderet
3565 2967 3717 3022 I29
3742 2971 3806 3021 ut

2069 3036 2110 3102 (ἶ
2150 3059 2441 3114 desineret
2471 3057 2683 3111 habere
2709 3057 2862 3127 quod
2891 3054 3133 3110 aliunde
3157 3055 3579 3127 susceperat,id
3608 3061 3698 3112 est
3717 3073 3808 3112 sa-

2147 3147 2428 3221 pientiam
2461 3153 2512 3201 et
2544 3145 2865 3200 veritatem.
2898 3144 2966 3198 Et
3020 3143 3180 3199 {ilius
3237 3143 3528 3216 sapientia
3583 3152 3639 3201 et
3665 3145 3808 3202 veri-

2147 3242 2238 3293 tas
2270 3238 2394 3309 ipse
2426 3235 2784 3300 subsistens,
2820 3250 2935 3289 non
2957 3236 3264 3305 separatur
3294 3251 3326 3288 a
3355 3238 3544 3303 Patre,
3585 3237 3685 3307 qui
3717 3254 3808 3293 so-

2148 3325 2241 3381 lus
2273 3326 2508 3397 sapiens
2538 3328 2595 3379 et
2625 3324 2859 3388 veritas,
2893 3321 3331 3394 Scripturarum
3386 3325 3624 3380 vocibus
3663 3343 3807 3397 pra-

2149 3416 2395 3470 dicatur.
2431 3413 2713 3468 Eumdem
2747 3411 3033 3466 circulum
3060 3411 3304 3468 unitatis
3330 3417 3502 3484 atque
3534 3415 3806 3470 substan-

2150 3505 2241 3559 tia
2265 3503 2518 3574 Spiritus
2547 3501 2734 3556 sancti
2766 3501 2891 3572 [leg.
2914 3499 3197 3572 Spiritum
3230 3501 3545 3575 sanctum],
3596 3519 3805 3559 secun-

2151 3595 2291 3649 dum
2347 3592 2402 3646 id
2438 3591 2588 3663 quod
2625 3590 2921 3661 sapientia
2944 3593 3000 3644 et
3031 3589 3288 3646 veritatis
3317 3594 3405 3646 est
3461 3591 3813 3662 spiritus,vi-

2153 3683 2361 3738 demus
2395 3681 2608 3736 habere
2641 3695 2776 3734 cum
2810 3677 2953 3734 Filio
2987 3679 3120 3751 (45),
3152 3683 3209 3734 et
3239 3696 3475 3735 rursum
3509 3679 3720 3736 Filium
3779 3698 3817 3738 a

2153 3770 2342 3825 Patris
2367 3786 2480 3824 non
2505 3769 2838 3839 discrepare
2865 3767 3217 3823 substantia.
3241 3767 3383 3822 Cum
3414 3772 3608 3823 autem
3633 3768 3816 3825 Filius

2151 3859 2346 3930 imago
2378 3858 2456 3913 sit
2487 3856 2585 3911 Dei
2613 3853 2945 3923 invisibilis,
2981 3859 3037 3910 et
3067 3856 3254 3911 forma
3286 3855 3626 3912 substantia
3658 3857 3814 3927 ejus,

2153 3948 2488 4019 quicunque
2519 3946 2590 4000 ad
2622 3945 2774 4000 hanc
2806 3944 3148 4016 imaginem.
3179 3944 3270 4000 vel
3302 3945 3548 4000 formam
3600 3945 3812 4017 imagi-

2153 4040 2388 4099 nantur,
2422 4038 2596 4106 atque
2627 4033 3357 4104 formantur,adducuntur
3385 4035 3444 4088 in
3476 4033 3814 4089 similitudi-

2153 4142 2285 4181 nem
2317 4124 2415 4180 Dei
2445 4141 2456 4180 :
2485 4124 2655 4195 juxta
2684 4123 2832 4178 vires
2863 4125 3060 4178 tamen
3093 4121 3338 4177 humani
3371 4123 3685 4194 profectus,
3730 4123 3815 4179 is-

2152 4213 2432 4269 tiusmodi
2460 4213 2710 4267 formam
2738 4216 2794 4266 et
2823 4210 3142 4284 imaginem
3173 4216 3618 4284 consequentes.
3637 4212 3816 4268 Simi-

2152 4304 2284 4359 liter
2314 4307 2370 4358 et
2397 4302 2654 4373 Spiritus
2685 4305 2924 4356 sanctus
2981 4317 3115 4356 cum
3149 4300 3225 4356 sit
3255 4300 3624 4374 signaculum
3682 4302 3810 4372 Dei,

397 4386 513 4441 Deo
544 4387 788 4457 cogitas,
819 4391 876 4442 et
906 4387 1162 4460 intellige
1211 4388 1379 4460 digiti
1411 4393 1467 4444 et
1497 4406 1727 4455 manus,
1779 4393 1836 4446 et
1866 4391 2044 4448 totius
2075 4405 2120 4470 D
2151 4392 2209 4446 hi
2242 4392 2342 4464 qui
2377 4391 2625 4446 formam
2648 4393 2705 4444 et
2725 4388 3042 4462 imaginem
3065 4390 3165 4445 Dei
3199 4389 3676 4462 capiunt,signati
3707 4407 3818 4462 per

398 4475 738 4530 substantia
770 4475 1056 4530 unitatem
1096 4493 1107 4530 :
1143 4493 1259 4548 quo
1290 4477 1470 4549 digito
1521 4477 1610 4533 lex
1641 4479 1752 4551 (41)
1785 4480 1844 4534 in
1876 4480 2042 4535 tabu-

399 4561 474 4618 lis
504 4561 782 4634 lapeideis
811 4562 1029 4636 scripta
1054 4571 1160 4620 est.
1196 4569 1302 4620 Per
1323 4566 1496 4622 aliam
1531 4584 1762 4639 quoque
1795 4569 2048 4642 Scriptu-

399 4667 549 4718 ram,
584 4650 717 4706 fidei
750 4657 958 4706 nostra
983 4653 1382 4724 probationem
1415 4663 1740 4712 monstrare
1782 4658 2049 4730 perfacile

401 4745 509 4796 est.
541 4739 708 4796 Solus
736 4741 969 4813 sapiens
1003 4742 1195 4798 dictus
1227 4749 1315 4798 est
1345 4744 1500 4800 Deus
1536 4763 1548 4800 :
1583 4762 1698 4801 non
1759 4748 2051 4820 accipiens

2155 4498 2312 4548 eum,
2345 4481 2405 4534 in
2435 4495 2501 4535 eo
2531 4479 2831 4534 ducuntur
2851 4480 2920 4534 ad
2951 4480 3324 4551 signaculum
3346 4479 3560 4536 Christi
3581 4481 3820 4552 sapien-

2158 4573 2247 4626 tia
2278 4576 2336 4626 ct
2365 4568 2892 4640 scientia,insuper
2923 4569 3034 4622 lide
3057 4567 3232 4641 pleni.
3261 4592 3287 4618 ‹‹
3313 4569 3460 4624 Nam
3492 4569 3819 4626 divisiones

2159 4659 2563 4732 operationum
2610 4661 2770 4724 sunt,
2805 4657 2961 4712 idem
2995 4661 3188 4712 autem
3248 4658 3372 4729 ipse
3403 4657 3657 4730 Spiritus
3711 4659 3823 4730 qui

2161 4753 2434 4820 operatur
2463 4749 2663 4803 omnia
2692 4746 2752 4802 in
2783 4747 3060 4802 omnibus
3093 4748 3107 4780 ¹
3141 4748 3277 4818 (46).
3314 4771 3341 4798 ‹‹
3375 4748 3662 4820 Operante
3679 4764 3824 4819 ergo

406 4841 471 4918 ξ’.
510 4838 714 4918 Matth.
776 4856 832 4908 x,
1129 4841 1266 4897 Luc.
1329 4859 1408 4907 x1,
1451 4843 1656 4918 _45.79‘
1712 4844 1852 4899 ibid.
1905 4845 1991 4914 49,
2050 4847 2139 4901 20.
2197 4847 2240 4881 9⁵
2318 4845 2524 4902 Matth.
2586 4863 2684 4915 x11,
2743 4846 2812 4899 28
2861 4845 2903 4878 9°
2962 4845 2984 4899 1
3049 4845 3176 4900 Cor.
3237 4863 3276 4900 1.
3307 4847 3394 4901 25.
3448 4847 3489 4880 9"
3548 4846 3682 4918 Sap.
3737 4864 3824 4914 vr,

403 4913 494 4966 26.
528 4912 570 4946 9⁸
595 4915 728 4983 Sap.
763 4928 855 4978 xv,
886 4913 938 4967 3.
975 4913 1018 4946 99
1046 4917 1213 4968 Prov.
1246 4931 1368 4980 xm,
1402 4916 1493 4970 20.
1528 4917 1543 4949 ¹
1581 4917 1597 4969 l
1631 4918 1758 4971 Cor.
1796 4934 1892 4983 χιι,
1927 4919 1981 4971 6.

477 5009 592 5079 (1:0)
623 5008 803 5064 Vetus
833 5011 971 5066 edit.
1005 5027 1139 5066 cum
1197 5012 1431 5070 Tholos.
1469 5031 1605 5083 ms.,
1641 5039 1666 5064 ‹‹
1704 5031 1818 5071 una
1848 5019 1904 5070 et
1952 5031 2054 5070 na-

409 5083 562 5147 tura,
599 5099 627 5127 »
657 5083 765 5134 etc.

479 5168 595 5239 (41)
624 5167 838 5247 Eadem
895 5187 1028 5247 cum
1057 5176 1210 5239 Vat.,
1243 5197 1273 5224 «
1318 5175 1497 5231 totius
1547 5176 1806 5247 corporis
1865 5174 2057 5230 unita-

407 5243 526 5295 tem
552 5254 668 5309 quo
699 5239 879 5310 digito
902 5246 956 5295 et
983 5241 1094 5310 lex,
1126 5267 1152 5295 ››
1189 5250 1297 5302 etc.

449 5335 594 5408 (42)
626 5335 732 5390 Ms.
763 5335 1028 5422 Tholos.,
1062 5362 1089 5389 «
1123 5342 1376 5414 Spiritus
1407 5344 1622 5401 dicitur
1651 5345 1956 5418 sapientia.
1994 5368 2021 5394 ››

485 5433 695 5517 (63-ζιέ)
717 5433 859 5517 Hinc
880 5439 1203 5517 secundum
1224 5440 1441 5517 librum
1461 5444 2061 5517 auspicanturhucus-

415 5506 530 5584 que
559 5506 698 5564 editi
727 5511 930 5567 contra
959 5525 1070 5569 ms.
1107 5511 1283 5572 ﬁdem
1313 5506 1620 5591 ipsiusque
1675 5517 1948 5589 auctoris,
1982 5522 2063 5576 at-

2167 5031 2278 5090 que
2306 5015 2638 5090 interpretis
2670 5018 2945 5071 mentem.
2975 5015 3104 5072 Vid.
3130 5017 3425 5090 prafixam
3468 5015 3606 5071 huic
3657 5019 3825 5087 oper1

2166 5087 2662 5143 Admonitionem.

2239 5160 2353 5232 (45)
2385 5158 2538 5232 Olim
2567 5163 2709 5232 erat,
2743 5181 2772 5232 «_
2798 5157 3068 5232 videmus
3099 5159 3334 5232 habere,
3363 5158 3650 5214 habemus
3679 5172 3826 5232 eum

2169 5229 2342 5303 Filio.
2371 5254 2391 5303 9
2427 5230 2588 5293 Quod
2622 5229 3223 5303 Barthius,expuncta
3244 5231 3503 5303 primum
3528 5245 3664 5285 voce
3692 5229 3825 5300 8ρὶ-

2171 5301 2340 5368 ritus,
2372 5301 2454 5355 ita
2481 5299 2780 5356 contendit
2831 5299 3287 5358 emendandum.
3324 5325 3352 5353 ‹‹
3386 5301 3640 5358 vidimus
3679 5299 3822 5356 eum

2170 5373 2384 5428 habere
2414 5373 2698 5428 hactenus
2719 5388 2854 5426 cum
2892 5374 3047 5429 Filio.
3082 5397 3109 5424 ››

2242 5445 2355 5517 (46)
2398 5443 2642 5517 Plenius
2673 5443 2758 5517 Ain
2810 5443 2993 5517 V_atic.
3055 5462 3164 5502 ms.
3213 5462 3279 5502 ac
3319 5444 3497 5502 veteri
3543 5443 3828 5512 editione,

2172 5537 2201 5568 ‹‹
2233 5513 2557 5574 Divisiones
2587 5513 2800 5593 quippe
2832 5515 3214 5582 donatiouum
3246 5522 3409 5590 sunt,
3432 5517 3587 5576 idem
3621 5520 3826 5581 autem
