4118 6158
263 192 427 291 129.

258 419 485 490 tiplicat
515 435 647 474 eam
684 419 867 475 Filius
899 420 1319 476 subsistentem
1345 438 1447 493 per
1468 420 1749 492 Spiritum
1783 438 1915 476 san-

254 511 438 560 ctum.
473 530 500 553 ‹‹
536 505 649 560 Alii
685 506 840 561 enim
874 523 977 578 per
1008 506 1290 578 Spiritum
1350 509 1524 563 datur
1575 525 1766 564 sermo
1819 526 1917 564 sa-

252 594 510 665 pientiae.
566 594 679 649 Alii
725 612 859 651 vero
918 596 1194 665 scientiae,
1258 598 1582 668 secundum
1643 600 1915 653 eumdem

255 682 567 755 spiritum.
598 683 715 738 Alii
750 684 900 740 ﬁdes
932 686 989 739 in
1022 688 1244 753 eodem,
1278 687 1533 758 spiritu’,
1568 710 1595 737 ››
1628 691 1684 742 et
1713 691 1918 743 caetera

251 789 388 843 quae
423 772 494 827 ah
523 773 793 844 Apostolo
815 780 1160 830 enumerata
1191 779 1334 830 sunt
1364 776 1536 841 dona,
1563 776 1779 847 quibus
1813 777 1912 831 ad-

252 860 423 916 ditur
452 880 465 915 :
499 886 525 911 ‹‹
556 862 684 917 Hac
713 867 911 917 autem
943 864 1140 919 omnia
1194 868 1470 937 operatur
1526 882 1681 920 unus
1740 868 1917 937 atque

249 950 407 1006 idem
438 946 697 1022 Spiritus
726 968 740 1005 2
775 951 1046 1008 dividens
1081 952 1335 1025 singulis
1359 957 1531 1025 prout
1558 954 1685 1008 vult
1714 954 1753 1007 ³.
1790 976 1818 1003 ››

317 1042 414 1094 23.
446 1040 611 1095 Unde
642 1041 907 1096 dicentes
938 1043 1344 1114 cperatricem,
1379 1047 1435 1098 et
1462 1044 1573 1114 (47)
1606 1046 1671 1097 ut
1702 1044 1781 1097 ita
1829 1043 1916 1097 di-

246 1145 402 1195 cam,
436 1128 900 1185 distributricem
923 1135 1191 1186 naturam
1258 1131 1510 1203 Spiritus
1542 1132 1750 1200 sancti,
1802 1148 1915 1186 non

254 1218 624 1273 abducamur
651 1220 725 1273 ab
757 1218 852 1275 his
885 1220 985 1291 qui
1019 1220 1226 1275 dicunt
1246 1221 1662 1291 operationem,
1695 1226 1753 1276 et
1802 1239 1915 1276 non

252 1307 651 1363 substantiam
676 1307 773 1362 Dei
806 1324 933 1363 esse
959 1308 1244 1381 Spiritum
1276 1314 1568 1365 sanctum.
1598 1311 1667 1365 Et
1688 1326 1757 1366 ex
1787 1310 1916 1365 aliis

248 1412 493 1468 quoque
520 1397 797 1467 plurimis
827 1396 979 1453 locis
1036 1398 1371 1454 subsistens
1404 1403 1617 1455 natura
1673 1390 1915 1455 demon-

244 1490 474 1540 stratur
524 1485 785 1557 Spiritus
811 1487 997 1542 sancti
1054 1505 1067 1541 :
1124 1492 1188 1541 ut
1234 1488 1291 1542 in
1324 1486 1424 1542 illo
1456 1488 1611 1559 quod
1667 1487 1915 1560 apostoli

243 1574 520 1631 scribunt
554 1590 567 1627 :
606 1599 630 1623 ‹‹
667 1574 873 1630 Visum
904 1581 994 1631 est
1020 1576 1176 1631 enim
1209 1575 1452 1647 Spiritui
1484 1581 1687 1632 sancto
1722 1582 1779 1633 et
1815 1594 1914 1633 no-

243 1662 380 1727 bis‘,
410 1685 438 1709 ››
472 1664 619 1735 quia
640 1662 751 1718 hoc
773 1665 929 1736 quod
953 1664 1221 1731 dicitur,-
1251 1664 1440 1719 visum
1470 1669 1616 1730 est,»
1641 1683 1755 1721 non
1780 1652 1914 1738 ope-
1947 1701 1994 1765 Β

242 1752 539 1807 rationem
564 1753 881 1825 signiﬁcat,
942 1754 1044 1810 sed
1102 1758 1421 1809 naturam:
1470 1745 1722 1810 maxime
1778 1772 1912 1810 cum

243 1848 299 1896 et
326 1841 399 1897 de
426 1840 686 1897 Domino
735 1841 927 1897 simile
961 1841 1100 1914 quid
1135 1843 1481 1915 reperiatur,
1543 1846 1606 1898 ut
1642 1860 1653 1898 ε
1697 1866 1724 1893 ‹‹
1756 1843 1918 1900 Sicut

243 1930 496 1986 Domino
529 1932 723 1985 visum
758 1934 865 1996 est,
901 1931 982 1986 ita
1015 1931 1234 1987 factum
1266 1937 1357 1987 est
1388 1932 1427 1986 ⁵.
1464 1956 1490 1981 ››
1550 1931 1805 2003 Denique
1862 1938 1918 1988 et

246 2036 555 2076 sermones
584 2021 717 2091 ejus
758 2019 1084 2092 saepissime
1134 2019 1488 2089 lectitantur,
1552 2026 1617 2077 ut
1646 2021 1706 2076 in
1766 2020 1866 2076 illo
1901 2040 1912 2077 :

247 2134 275 2159 η
305 2109 730 2181 Jejunantibus
761 2109 846 2164 eis
876 2112 933 2164 et
965 2109 1460 2178 ministrantibus,
1491 2134 1516 2157 ››
1544 2110 1604 2165 id
1626 2114 1732 2177 est,
1759 2112 1915 2167 130

240 2198 559 2270 discipulis
591 2197 829 2264 Christi,
867 2221 894 2247 ‹‹
927 2198 1074 2253 dixit
1099 2198 1351 2271 Spiritus
1410 2204 1653 2256 sanctus
1687 2216 1700 2254 :
1736 2201 1915 2272 Sepa-

239 2292 359 2343 rate
384 2286 539 2341 mihi
574 2287 904 2342 Barnabam
940 2291 997 2342 et
1028 2286 1293 2353 Saulum,
1328 2288 1387 2342 in
1447 2306 1596 2360 opus
1628 2289 1698 2343 ad
1758 2290 1914 2361 quod

236 2377 425 2432 vocavi
455 2391 564 2430 eos
584 2376 626 2427 δ.
669 2397 689 2422 ι
728 2375 864 2437 Quae
898 2391 1002 2429 vox
1051 2374 1382 2431 divinitatis
1435 2380 1492 2431 et
1549 2376 1917 2432 auctoritatis

244 2465 436 2531 index,
505 2481 626 2518 non
689 2468 973 2531 creatam,
1006 2465 1103 2520 sed
1138 2464 1459 2520 increatam
1518 2466 1912 2521 substantiam

247 2556 560 2610 monstrat.
596 2553 803 2624 Neque
856 2552 1010 2608 enim
1041 2553 1291 2625 Spiritus
1348 2558 1589 2610 sanctus
1640 2554 1697 2609 in
1758 2554 1916 2610 aliud

246 2644 547 2716 quoddam
578 2658 734 2714 opus
763 2641 988 2697 vocavit
1018 2642 1346 2698 Barnabam
1379 2647 1436 2698 et
1456 2642 1729 2710 Paulum,
1760 2645 1916 2716 quod

248 2750 359 2789 non
392 2732 473 2787 sit
507 2730 703 2787 Patris
734 2735 793 2786 et
822 2730 973 2799 Filii,
1023 2748 1155 2787 cum
1190 2730 1608 2801 ministerium,
1642 2734 1801 2804 quod
1835 2733 1920 2788 eis

257 2821 559 2878 commisit
588 2825 652 2876 et
682 2820 929 2875 tradidit
959 2820 1231 2891 Spiritus,
1268 2821 1477 2887 Patris,
1538 2826 1596 2878 et
1659 2822 1787 2877 Filii
1846 2822 1922 2878 sit

258 2910 685 2966 ministerium.
718 2910 807 2964 Ad
839 2908 1076 2965 Galatas
1137 2910 1354 2967 Paulus
1413 2910 1670 2982 loquitur
1704 2929 1717 2967 :
1754 2933 1780 2959 »
1815 2914 1923 2977 Qui

257 2999 417 3054 nime
432 3004 720 3071 operatus
740 3001 831 3052 est
857 3001 1020 3053 Petro
1042 2997 1102 3052 in
1123 2998 1512 3070 apostolatum
1533 2998 1925 3054 circumcisio-

1006 166 1511 260 TRANSLATIO
1554 195 1764 260 LIBRI
1809 190 2093 261 DIDYMI
2136 192 2238 258 DE
2281 192 2591 263 SPIRITU
2635 198 2962 264 SANCTO.

262 328 429 384 Patre
450 328 841 401 multiplicem
860 329 1282 387 charismatum
1305 330 1913 402 plenitudinem,mul-
1945 331 1999 397 Α

3554 199 3670 270 130

2098 332 2186 385 24.
2223 332 2345 386 Non
2377 332 2629 389 arbitror
2649 350 3009 405 quemquam
3026 338 3145 390 tam
3167 335 3468 392 vecordem
3490 340 3667 408 atque

2024 419 2301 476 insanum
2334 422 2620 489 futurum,
2658 426 2723 477 ut
2751 424 3071 495 perfectum
3102 424 3395 495 baptisma
3425 426 3664 496 putetid

2024 508 2177 580 quod
2212 510 2383 563 datur
2411 509 2469 563 in
2503 511 2737 566 nomine
2769 510 2956 567 Patris
2988 516 3044 565 et
3076 510 3223 576 Filii,
3255 512 3383 569 sine
3429 531 3662 569 assum-

2023 597 2219 669 ptione
2252 598 2507 669 Spiritus
2538 600 2723 655 sancti
2748 621 2762 670 ς
2789 605 2889 655 aut
2910 617 3115 656 rursus
3138 599 3197 654 in
3220 602 3453 657 nomine
3474 601 3663 657 Patris

2025 690 2081 740 et
2111 686 2365 757 Spiritus
2398 690 2604 756 sancti,
2632 690 2761 744 Filii
2794 688 3070 745 vocabulo
3102 690 3491 761 praetermisso
3518 709 3529 745 :
3564 697 3666 747 aut

2025 780 2177 830 certe
2209 775 2267 829 in
2304 776 2539 832 nomine
2570 777 2693 832 Filii
2718 782 2773 834 et
2793 778 3044 850 Spiritus
3068 777 3275 847 sancti,
3303 796 3417 833 non
3446 796 3664 852 praepo-

2024 865 2135 918 sito
2165 864 2444 920 vocabulo
2477 866 2681 922 Patris.
2720 867 2877 923 Licet
2899 867 3053 923 enim
3098 868 3233 939 quis
3282 866 3467 939 possit
3517 869 3665 923 exsi-

2025 958 2176 1008 stere
2216 952 2370 1007 saxei
2406 954 2492 1024 (ut
2522 954 2602 1009 ita
2631 956 2842 1027 dicam)
2869 955 3082 1022 cordis,
3118 960 3173 1011 et
3195 956 3429 1028 penitus
3453 957 3668 1013 mentis

2025 1038 2247 1108 alienae,
2282 1041 2383 1112 qui
2432 1042 2512 1096 ita
2533 1043 2828 1114 baptizare
2844 1049 3108 1112 conetur,
3132 1049 3197 1098 ut
3217 1061 3399 1100 unum
3432 1046 3502 1101 de
3524 1064 3669 1117 prae-

2027 1129 2208 1201 ceptis
2244 1130 2581 1186 nominibus
2599 1132 3023 1203 praetermittat,
3048 1132 3316 1189 videlicet
3339 1134 3669 1190 contrarius

2025 1218 2323 1291 legislator
2344 1220 2553 1276 Christi
2581 1240 2593 1290 ;
2617 1226 2812 1279 tamen
2837 1223 2960 1278 sine
2983 1223 3461 1295 perfectione(50)
3485 1223 3672 1297 bapti-

2024 1308 2324 1378 zabit,imo
2356 1308 2587 1381 penitus
2612 1328 2644 1365 a
2664 1311 2915 1381 peccatis
2939 1311 3185 1367 liberare
3206 1311 3351 1368 131
3378 1329 3493 1367 non
3514 1316 3672 1383 pote-

2025 1395 2120 1463 rit,
2154 1414 2303 1469 quos
2335 1414 2368 1453 a
2399 1415 2459 1453 se
2491 1399 2812 1471 baptizatos
2835 1400 3268 1456 existimaverit.
3304 1401 3381 1456 Ex
3413 1400 3503 1456 his
3551 1400 3668 1456 col-

2024 1483 2243 1556 ligitur,
2278 1504 2453 1557 quam
2492 1488 2743 1544 indivisa
2775 1489 2852 1544 sit
2874 1489 3207 1545 substantia
3235 1490 3560 1557 Trinitatis,
3612 1494 3671 1545 et

2024 1574 2254 1629 Patrem
2307 1593 2436 1631 vere
2486 1577 2611 1631 Filii
2687 1594 2814 1634 esse
2884 1579 3134 1647 Patrem,
3184 1582 3241 1634 et
3281 1577 3491 1634 Filium
3540 1595 3671 1634 vere

2026 1664 2215 1719 Patris
2248 1663 2484 1731 Filium,
2507 1666 2863 1738 etSpiritum
2896 1671 3166 1723 sanctum
3198 1685 3327 1723 vere
3378 1667 3567 1723 Patris
3617 1672 3673 1723 et

2024 1750 2124 1807 Dei
2158 1769 2287 1808 esse
2316 1753 2598 1826 Spiritum
2658 1755 2768 1826 (51)
2803 1774 2815 1824 ;
2852 1760 2907 1811 et
2964 1756 3208 1828 insuper
3264 1756 3561 1828 sapientia:
3619 1760 3675 1812 et

2024 1841 2308 1911 veritatis,
2364 1843 2420 1897 id
2479 1846 2587 1909 est,
2642 1844 2765 1898 Filii
2833 1845 2950 1901 Dei.
3006 1845 3135 1900 Haec
3197 1850 3285 1902 est
3328 1846 3487 1901 salus
3535 1862 3671 1919 ergo

2027 1930 2414 1999 credentium,
2446 1936 2503 2013 et
2538 1932 2896 2005 dispensatio
2930 1934 3330 1991 ecclesiastica
3348 1934 3673 2007 disciplinae

2028 2018 2087 2074 in
2120 2019 2225 2074 hac
2257 2020 2541 2077 Trinitate
2571 2022 2889 2093 perficitur.
2924 2024 3071 2079 Nam
3106 2041 3238 2079 cum
3282 2023 3557 2087 Salvator
3586 2024 3674 2079 di-

2026 2108 2283 2180 scipulos
2315 2127 2456 2166 suos
2488 2112 2561 2165 ad
2586 2111 3029 2183 prmdicandum
3050 2112 3427 2186 Evangelium
3450 2113 3677 2170 miserit

2026 2201 2082 2253 et
2112 2198 2184 2252 ad
2218 2198 2494 2270 dogmata
2524 2200 2784 2256 veritatis
2816 2201 3071 2257 docenda
3103 2202 3269 2257 Pater
3299 2203 3412 2273 (52)
3460 2202 3518 2257 in
3570 2203 3677 2257 Ec-

2029 2285 2205 2341 clesia
2236 2287 2615 2343 constituisse
2662 2288 2907 2357 dicatur,
2962 2290 3149 2361 primo
3200 2290 3520 2362 apostolos,
3581 2308 3674 2346 se-

2031 2375 2222 2429 cundo
2263 2376 2600 2447 prophetas,
2633 2377 2805 2432 tertio
2845 2377 3180 2450 magistros,
3235 2395 3411 2450 super
3458 2378 3568 2433 hac
3616 2394 3675 2433 re

2028 2463 2205 2518 etiam
2244 2464 2505 2535 Apostoli
2560 2470 2917 2538 congruente
2965 2468 3253 2522 sententia
3287 2484 3299 2522 :
3336 2490 3363 2517 ‹‹
3411 2468 3482 2522 Et
3522 2467 3676 2523 sicut

2031 2553 2259 2624 probati
2294 2570 2502 2610 sumus
2535 2573 2569 2610 a
2607 2560 2718 2611 Deo
2763 2556 2835 2610 ad
2868 2556 3223 2612 credendum
3273 2558 3672 2630 Evangelium,

2031 2642 2113 2698 sic
2144 2642 2442 2714 loquimur
2469 2660 2481 2697 :
2516 2661 2631 2700 non
2661 2649 2723 2699 ut
2745 2644 3084 2703 hominibus
3106 2646 3534 2718 placentes,sed
3562 2652 3674 2704 Deo

2031 2732 2130 2804 qui
2162 2733 2427 2805 probavit
2457 2735 2632 2790 corda
2663 2738 2865 2791 nostra
2908 2736 2949 2769 ¹⁰
2996 2753 3007 2790 :
3062 2757 3089 2783 ››
3122 2735 3229 2792 hos
3259 2736 3495 2792 eosdem
3528 2753 3677 2809 quos

2032 2820 2302 2876 Christus
2334 2823 2648 2895 magistros
2677 2839 2805 2879 esse
2836 2823 3126 2896 praecepit,
3161 2827 3218 2879 et
3250 2825 3415 2881 Pater
3466 2825 3675 2897 proba-

2031 2909 2132 2978 vit,
2168 2915 2221 2965 et
2254 2910 2506 2983 Spiritus
2537 2916 2779 2968 sanctus
2801 2913 3234 2984 dispensatores
3255 2918 3313 2968 et
3335 2913 3675 2985 praepositos

2031 2997 2092 3053 in
2123 2998 2382 3054 Ecclesia
2430 3000 2807 3057 constituisse
2857 3001 3195 3073 perhibetur
3232 3000 3335 3073 [αι.
3395 2990 3693 3058 veraciter

258 3089 369 3154 nis,
397 3092 681 3160 operatus
713 3090 803 3142 est
832 3090 889 3141 et
918 3086 1062 3141 mihi
1106 3087 1163 3141 in
1197 3091 1399 3159 gentes
1434 3088 1566 3159 (48),
1621 3092 1678 3143 et
1708 3088 1921 3143 Barna-
1954 3076 1997 3143 C
2040 3087 2422 3161 prohibetur].
2450 3090 2750 3161 Siquidem
2772 3106 2904 3146 cum
2928 3090 3191 3147 Miletum
3214 3089 3430 3147 Paulus
3450 3095 3676 3162 aposto-

255 3179 338 3233 δε
368 3179 409 3231 ⁷.
453 3200 477 3223 η
512 3176 743 3232 Pariter
764 3175 920 3231 enim
940 3176 1013 3231 ad
1045 3177 1310 3232 nationes
1330 3177 1581 3249 Spiritus
1602 3177 1791 3232 sanctl
1817 3194 1917 3232 au-

256 3266 530 3322 ctoritate
560 3264 770 3321 directi
803 3269 962 3320 sunt.
998 3265 1230 3321 Christo
1262 3282 1495 3338 quoque
1527 3271 1803 3338 operante
1860 3266 1917 3320 in

258 3354 568 3428 apostolis,
602 3354 857 3426 Spiritus
888 3354 1251 3425 completum
1285 3360 1372 3411 est
1403 3355 1799 3411 ministerium
1857 3359 1923 3411 ut

256 3445 375 3516 ipsi
408 3444 660 3516 apostoli
690 3444 1045 3499 confitentur
1077 3461 1138 3499 se
1170 3444 1230 3498 in
1260 3445 1489 3500 Christo
1520 3444 1704 3517 loqui,
1748 3449 1805 3500 et
1861 3446 1918 3501 id

266 3533 433 3606 quod
466 3533 593 3586 suis
623 3531 793 3588 oculis
816 3533 1173 3599 viderunt,et
1199 3533 1450 3589 ministri
1476 3534 1607 3589 facti
1638 3539 1777 3589 sunt
1808 3534 1919 3605 (49)

266 3620 592 3683 sermonis,
623 3619 677 3674 id
708 3626 804 3688 est,
838 3620 1054 3677 Christi
1082 3640 1095 3688 ;
1129 3625 1183 3676 et
1213 3622 1650 3693 dispensatores
1702 3626 1921 3694 myste-

260 3711 491 3767 riorum
514 3709 630 3765 Dei.
663 3708 920 3782 Denique
944 3711 1111 3781 quasi
1146 3710 1541 3782 principatum
1570 3711 1628 3766 in
1652 3712 1921 3767 sacerdo-

256 3802 339 3857 tio
372 3799 768 3872 possidentes,
800 3802 858 3854 et
886 3799 1215 3855 initiatores
1250 3800 1384 3856 fidei
1443 3818 1477 3856 a
1524 3800 1751 3856 Christo
1784 3804 1923 3856 sunt

257 3887 675 3955 domonstrati,
702 3888 931 3944 dicente
966 3905 1013 3943 ;‹‹
1043 3889 1261 3945 Euntes
1293 3889 1454 3955 ite,ct
1475 3890 1679 3945 docete
1710 3906 1915 3945 omnes

256 3985 487 4053 gentes,
542 3977 910 4050 haptizantes
941 3994 1038 4034 eos
1069 3977 1129 4032 in
1154 3978 1393 4033 nomine
1438 3978 1646 4044 Patris,
1680 3982 1737 4033 et
1768 3977 1917 4045 Filii,

256 4072 311 4122 et
335 4065 599 4138 Spiritus
630 4065 819 4120 sancti
841 4066 881 4120 ⁸.
911 4088 937 4113 ››
971 4069 1037 4121 Et
1065 4066 1217 4122 sicut
1246 4066 1565 4138 Apostolus
1598 4066 1802 4122 scribit
1831 4084 1917 4122 re-

256 4157 549 4213 ctissime:
579 4178 607 4202 ‹‹
632 4153 796 4209 Unus
812 4158 901 4210 est
914 4155 1713 4223 Dominus,unatides,unum
1734 4156 1920 4227 bapti-

258 4262 384 4301 sma
401 4246 443 4299 ’.
475 4268 506 4292 ›ι
538 4243 685 4307 Quis
709 4258 825 4297 non
856 4259 926 4298 ex
948 4243 1076 4314 ipsa
1098 4249 1338 4317 cogetur
1356 4245 1597 4300 veritate
1621 4245 1920 4317 suscipere

256 4332 719 4390 indiﬂerentiam
750 4336 961 4388 sanctze
992 4332 1319 4401 Trinitatis,
1346 4334 1487 4389 dum
1523 4352 1640 4390 una
1670 4334 1745 4390 sit
1776 4335 1919 4389 fides

256 4425 310 4478 in
340 4424 542 4486 Patre,
576 4425 638 4476 et
665 4420 810 4477 Filio
840 4426 897 4477 et
949 4421 1169 4494 Spiritu
1229 4428 1430 4479 sancto
1458 4441 1471 4491 ;
1505 4428 1562 4479 et
1619 4423 1916 4478 favacrum

254 4514 422 4569 detur
456 4515 641 4583 atque
674 4510 938 4565 firmetur
963 4510 1024 4565 in
1058 4511 1296 4567 nomine
1324 4511 1533 4580 Patris,
1567 4516 1624 4567 et
1674 4511 1800 4566 Filii
1861 4515 1918 4566 et

255 4602 516 4674 Spiritus
539 4598 781 4655 sancti?

2033 3176 2126 3232 lus
2156 3179 2524 3250 presbyteros
2554 3179 2626 3234 de
2675 3179 2919 3235 diversis
2968 3179 3114 3236 locis
3154 3183 3210 3236 et
3256 3179 3526 3252 plurimis
3574 3181 3675 3235 Ec-

2033 3264 2227 3321 clesiis
2258 3271 2671 3339 congregasset
2704 3287 2717 3324 :
2754 3290 2778 3317 τι
2813 3267 3126 3337 Attendite,
3164 3292 3191 3317 »
3222 3268 3437 3341 inquit,
3466 3292 3485 3317 α
3510 3270 3675 3325 vobis

2032 3358 2088 3409 et
2118 3355 2387 3410 universo
2418 3356 2601 3428 gregi,
2636 3374 2812 3429 super
2841 3375 2990 3430 quos
3021 3359 3276 3429 Spiritus
3305 3362 3546 3414 sanctus
3576 3375 3677 3430 po-

2034 3443 2154 3498 suit
2182 3461 2283 3499 vos
2316 3445 2623 3517 episcopos
2654 3448 2725 3501 ad
2756 3448 3070 3519 regendam
3104 3446 3422 3503 Ecclesiam
3446 3446 3677 3502 Domini

2032 3528 2211 3604 quam
2242 3534 2550 3605 acquisivit
2580 3552 2682 3607 per
2711 3536 3059 3609 sanguinem
3090 3553 3265 3591 suum
3299 3536 3398 3589 ¹¹.››
3432 3536 3489 3591 Si
3520 3535 3674 3607 enim

2033 3639 2179 3695 quos
2210 3622 2477 3679 Christus
2508 3624 2594 3685 ad_
2621 3624 3136 3696 evangelizandum
3190 3628 3247 3680 et
3293 3622 3675 3696 baptizandas

2034 3711 2296 3767 nationes
2329 3711 2509 3779 misit,
2541 3713 2793 3784 Spiritus
2852 3717 3093 3768 sanctus
3132 3711 3395 3771 Ecclesiae
3446 3728 3675 3783 praepo-

2032 3799 2171 3868 suit,
2207 3800 2392 3857 Patris
2416 3802 2707 3858 sententia
2727 3801 3050 3858 destinatos
3077 3826 3090 3869 ;
3124 3800 3269 3857 nulli
3292 3800 3537 3856 dubium
3561 3803 3671 3868 est,

2032 3906 2209 3945 unam
2235 3890 2445 3956 Patris,
2472 3893 2528 3945 et
2550 3889 2699 3958 Filii,
2725 3895 2782 3946 et
2800 3890 3051 3962 Spiritus
3068 3890 3255 3946 sancti
3276 3890 3673 3962 operationem

2031 3981 2087 4033 et
2146 3978 2547 4050 probationem
2608 3980 2757 4050 (53),
2819 3984 2877 4034 et
2932 3984 3353 4050 consequenter
3408 3978 3673 4034 eamdem

2030 4066 2333 4122 Trinitatis
2364 4083 2492 4122 esse
2513 4067 2930 4123 substantiam.
2983 4069 3217 4124 Necnon
3266 4066 3488 4123 etillud
3536 4084 3675 4122 con-

2030 4157 2431 4225 siderandum,
2463 4157 2618 4227 quod
2651 4157 2707 4211 in
2740 4157 2912 4212 corde
2943 4160 3000 4211 et
3032 4174 3206 4212 sensu
3260 4155 3521 4210 habitare
3552 4171 3668 4210 non
3708 4156 3711 4157 ⁷

2030 4250 2219 4317 potest
2249 4250 2535 4313 creatura,
2569 4244 2683 4300 nisi
2718 4245 2871 4301 Deus
2912 4249 2969 4299 et
3016 4261 3204 4299 sermo
3252 4244 3378 4314 ejus
3431 4242 3490 4297 in
3535 4242 3672 4314 Spi-
3761 4244 3774 4257 '

2029 4334 2144 4389 ritu
2175 4338 2396 4401 sancto,
2431 4333 2586 4390 sicut
2611 4334 2681 4389 ad
2706 4332 3268 4406 quosdamloquitur
3289 4333 3491 4388 Pater:
3528 4355 3554 4382 ‹‹
3577 4333 3669 4388 In-

2028 4422 2307 4479 habitaho
2341 4424 2398 4478 in
2429 4422 2536 4489 eis,
2568 4427 2625 4478 et
2651 4422 3028 4479 inambulabo
3062 4424 3122 4477 ¹².
3175 4445 3201 4473 n
3253 4422 3322 4477 Et
3351 4421 3423 4476 ad
3470 4420 3669 4494 ipsum

2027 4511 2265 4583 quidam
2296 4512 2494 4585 dirigit
2512 4529 2731 4568 vocem.
2766 4536 2791 4562 «
2828 4513 2916 4567 Tu
2949 4517 3143 4568 autem
3180 4514 3236 4568 in
3268 4515 3470 4567 sancto
3516 4510 3672 4566 habi-

2025 4604 2136 4668 tas,
2170 4600 2300 4655 laus
2334 4601 2510 4657 Israel
2538 4603 2599 4657 ‘3.
2634 4624 2660 4653 ››
2697 4602 2861 4658 Altus
2901 4602 3116 4674 quippe
3164 4601 3223 4656 in
3271 4600 3404 4656 altis
3442 4599 3669 4655 habitat

320 4701 343 4733 ³
376 4700 395 4753 l
429 4702 564 4753 Cor.
614 4713 720 4759 χιι,
768 4697 821 4767 8,
869 4698 924 4751 9.
977 4696 1172 4751 3ibid.
1224 4696 1313 4752 H.
1379 4698 1555 4753 ‘Act.
1608 4714 1700 4765 xv,
1754 4698 1845 4753 28.
1905 4697 2063 4753 5Job
2112 4716 2149 4762 ι,
2209 4700 2298 4752 21.
2359 4700 2530 4753 6Act.
2582 4716 2706 4767 x111,
2738 4703 2792 4755 2.
2854 4700 2873 4734 ⁷
2930 4698 3115 4754 Galat.
3164 4716 3223 4764 ιι,
3286 4701 3339 4753 8.
3398 4696 3417 4729 ⁸
3458 4695 3668 4755 Matth.

254 4788 458 4836 xxvm,
503 4770 588 4822 19.
649 4769 670 4803 9
702 4766 915 4840 Ephes.
939 4785 1015 4833 IV,
1039 4770 1093 4823 5.
1146 4770 1188 4804 ¹⁰
1246 4770 1267 4823 Ι
1300 4768 1511 4824 Thess.
1546 4786 1608 4837 ιι,
1643 4771 1697 4823 4.
1759 4770 1796 4803 “
1828 4771 1906 4824 Ac

2033 4787 2078 4835 κ,
2110 4770 2199 4823 28.
2265 4770 2306 4803 ¹²
2340 4769 2381 4824 Il
2413 4770 2539 4825 Cor.
2573 4788 2648 4837 v1,
2685 4772 2770 4825 16.
2806 4772 2846 4804 ¹³
2872 4770 3022 4826 Psal.
3057 4787 3171 4834 xx1,
3203 4771 3253 4823 4.

255 4868 537 4940 Spiritus,
570 4870 631 4921 et
658 4864 973 4940 divisiones
1003 4866 1463 4940 ministeriorum
1496 4871 1655 4933 sunt,
1680 4870 1759 4940 et,
1783 4866 1909 4940 ipse
2016 4866 2517 4940 nesinischedulis
2534 4873 2782 4938 exceptae
2804 4884 2949 4938 quas
2972 4867 3190 4937 passim
3209 4865 3366 4940 intra
3385 4862 3663 4940 laudabo,

254 4934 573 5010 Dbminus,
606 4941 664 4992 et
695 4936 1013 5010 divisiones
1035 4938 1439 5010 operationum
1472 4943 1630 5004 sunt,
1665 4943 1721 4992 et
1749 4934 1902 4994 idem
2014 4938 2108 4994 hic
2128 4934 2888 5004 habetusermonisChrisi,n
2910 4934 3188 5010 ab_sque,«
3208 4936 3262 4990 id
3279 4940 3368 4991 est
3391 4958 3420 5010 »_
3436 4934 3661 5004 vocula;

252 5013 379 5086 ipse
405 5008 697 5086 Dominus
729 5008 1120 5080 quioperatur
1145 5009 1345 5086 omnia
1374 5010 1433 5063 in
1463 5010 1760 5086 omnibus.
1794 5031 1821 5058 η

324 5084 445 5153 (47)
461 5080 749 5153 Voculam
775 5101 804 5127 «
834 5086 899 5135 ut
931 5103 958 5129 ››
990 5080 1394 5152 supplevimus
1424 5098 1455 5136 e
1482 5081 1671 5153 Vatic.

324 5150 442 5223 {58)
477 5150 718 5224 Tholos.
751 5168 890 5213 ms.,
922 5174 950 5199 ‹‹
984 5150 1257 5224 operatus
1287 5157 1375 5208 est
1397 5152 1611 5207 mihiet
1628 5153 1902 5224 Barnabas

252 5230 307 5283 in
332 5222 656 5298 gentibus;
694 5246 720 5269 ››
744 5227 802 5279 et
845 5222 1071 5298 more}:
1109 5224 1309 5298 directi
1369 5228 1510 5298 sunt
1565 5240 1597 5277 a
1655 5222 1901 5290 Christo,

250 5293 602 5369 cooperante
631 5295 690 5349 in
724 5293 1007 5367 apostolis
1038 5295 1279 5367 Spiritu,
1313 5294 1667 5367 completum
1685 5300 1774 5350 est
1804 5297 1907 5351 mi-

252 5367 567 5427 nisterium
579 5408 591 5421 .
632 5390 658 5414 ››

322 5442 434 5523 ς49)
463 5437 698 5523 Reginae
721 5439 1040 5493 Suecorum
1075 5456 1372 5523 ms._nu.m_.
1393 5439 1504 5519 497¹
1529 5442 1902 5523 praenotatus,

250 5508 421 5586 cujus
444 5508 603 5567 nunc
623 5511 867 5566 demum
892 5515 1205 5568 occurrunt
1224 5511 1367 5567 mihi
1387 5508 1679 5567 variantes
1700 5508 1904 5567 lectio-

2014 5015 2071 5065 et
2103 5010 2272 5081 paulo
2306 5016 2436 5080 post
2467 5033 2493 5058 ‹‹
2529 5011 2745 5081 Euntes
2777 5011 2999 5074 docete,
3032 5005 3058 5058 ὖ
3094 5010 3316 5080 absque
3351 5030 3378 5081 ις
3408 5005 3505 5081 ite.
3544 5030 3571 5055 ››

2085 5078 2196 5153 (50)
2220 5078 2525 5153 Perperam
2545 5080 2837 5147 Tholos.,u
2866 5087 3093 5153 tantum
3109 5078 3659 5153 sinepert‘ectione.»

2086 5150 2195 5223 (5|)
2231 5150 2438 5207 Mando
2470 5152 2743 5207 laudatus
2776 5152 3007 5223 Regina:
3036 5153 3187 5219 cod.,
3224 5150 3443 5207 «(Veret
3468 5150 3655 5206 Patris

2012 5226 2070 5280 et
2098 5224 2227 5280 Filii
2254 5240 2380 5280 esse
2407 5224 2711 5295 Spiritum.
2743 5245 2766 5273 ι»

2106 5299 2195 5361 52)
2229 5296 2448 5368 Nomen
2481 5318 2507 5344 ‹‹
2544 5297 2733 5360 Pater,
2770 5317 2797 5343 ››
2830 5296 3110 5368 expungit
3140 5296 3372 5367 Reginae
3404 5310 3513 5348 ms.

2105 5370 2195 5439 53)
2218 5366 2475 5441 Tholos.,
2523 5391 2547 5415 ‹‹
2606 5368 2689 5421 sic
2741 5366 2919 5425 unam
2970 5366 3095 5427 esse
3148 5366 3546 5441 operationem
3600 5366 3659 5417 et

2015 5438 2440 5512 prebationcm,
2481 5462 2506 5485 ››
2539 5444 2647 5496 etc.
