4106 6164
250 158 379 225 ω

991 157 1490 225 TRANSLATIO
1531 154 1742 222 LIBRI
1783 152 2067 220 DlDYMI
2108 152 2212 219 DE
2250 152 2562 219 SPIRITU
2604 154 2929 220 SANCTO.
2964 144 2972 151 ’

3548 155 3675 221 tat;

247 296 520 353 ven'tatis
549 312 583 351 a
604 295 775 351 Patre
804 295 1021 369 egredi,
1055 295 1327 366 loquente
1358 293 1580 366 Spiritu
1613 293 1713 363 qui
1743 309 1777 346 a
1816 308 1909 346 me
1938 296 1990 357 Α
2021 289 2343 355 secundum
2378 289 2518 345 illud
2548 307 2594 344 ει
2628 291 2772 346 Cum
2799 294 2993 346 autem
3023 290 3245 349 venerit
3272 290 3370 349 ille
3398 293 3661 351 Paracle-

250 386 557 459 egreditur
586 386 650 439 “.
684 388 831 440 Cum
852 385 1007 440 enim
1039 384 1229 439 dicere
1254 386 1453 454 posset
1480 383 1551 437 de
1598 382 1738 448 Deo,
1790 381 1911 437 sive

251 476 323 532 de
353 474 632 539 Domino,
664 475 789 530 sive
817 475 888 529 de
916 473 1344 545 Omnipotente,
1378 472 1522 527 nihil
1553 472 1762 527 horum
1788 470 1910 525 teti-

251 565 341 637 git
373 582 389 619 :
423 564 526 619 sed
558 563 662 629 ait,
695 563 767 618 de
800 562 985 629 Patre,
1020 580 1135 618 non
1157 562 1313 633 quod
1336 561 1504 617 Pater
1524 578 1557 616 a
1578 560 1695 616 Deo
1721 559 1909 615 omni-

252 656 495 726 potente
525 654 604 708 sit
628 651 820 707 alius:
853 652 991 723 quia
1014 651 1122 707 hoc
1144 650 1336 708 scelus
1364 655 1456 706 est
1482 650 1657 705 etiam
1689 648 1912 721 cogita-

249 758 316 798 re
334 742 467 808 :sed
486 741 808 796 secundum
823 741 1237 813 proprietatem
1252 744 1307 795 et
1326 738 1685 795 intellectum
1705 739 1914 793 Paren-

249 831 335 887 tis
363 832 485 901 (62)
517 829 703 902 egredi
726 828 801 884 ab
832 845 898 884 eo
929 828 1146 884 dicitur
1162 829 1417 900 Spiritus
1442 828 1720 884 veritatis.
1756 825 1915 881 Licet

250 918 421 975 enim
453 931 522 973 ex
548 918 660 973 Deo
684 918 1018 989 frequenter
1039 933 1100 972 se
1117 917 1274 972 dicat
1291 917 1481 972 exisse
1500 914 1915 986 Salvator,pro-

252 1008 571 1081 prietatem
602 1010 825 1077 tamen,
858 1010 916 1059 et
946 1010 1012 1059 ut
1040 1004 1122 1060 ita
1161 1005 1374 1071 dicam,
1430 1003 1910 1069 familiaritatem,

250 1098 323 1151 de
344 1113 466 1167 qua
469 1096 601 1166 jam
615 1092 1545 1167 sepetractavimus,exvocabulo
1564 1092 1753 1164 magis
1802 1092 1912 1147 sibi

254 1184 447 1251 Patris
479 1183 759 1250 assumit,
787 1183 985 1238 dicens
1010 1198 1022 1237 :
1065 1202 1087 1230 ι
1123 1184 1238 1254 Ego
1268 1182 1328 1237 in
1360 1183 1551 1248 Patre,
1581 1185 1636 1236 et
1659 1180 1826 1236 Pater
1853 1180 1913 1235 in

253 1290 345 1335 me
376 1274 460 1339 “.;
497 1294 525 1321 ι»
548 1276 609 1328 et
634 1270 808 1329 alibi:
842 1293 870 1321 ι(
902 1272 1016 1343 Ego
1048 1276 1104 1327 et
1127 1272 1299 1326 Pater
1328 1286 1513 1326 unum
1535 1285 1745 1325 sumus
1774 1270 1819 1304 ²⁶
1845 1287 1857 1323 :
1886 1290 1913 1317 ››

250 1368 307 1419 et
336 1360 537 1417 multa
566 1359 1168 1432 aliabissimilia,quse
1182 1360 1243 1415 in
1268 1359 1581 1431 Evangelio
1599 1358 1917 1413 observans

254 1454 436 1509 lector
465 1450 750 1507 inveniet.
784 1450 898 1506 Iste
927 1466 1063 1521 ergo
1115 1450 1369 1522 Spiritus
1400 1456 1641 1507 sanctus
1693 1448 1793 1520 qui
1845 1448 1917 1502 de

252 1542 421 1596 Patre
476 1538 808 1611 egreditur,
866 1538 1299 1605 testiﬁcabitur,
1355 1538 1548 1608 inquit
1604 1537 1912 1603 Dominus,

254 1629 329 1684 de
373 1644 474 1683 me
523 1627 592 1694 ³⁷,
652 1626 1059 1682 testimonium
1118 1626 1312 1682 simile
1358 1626 1552 1682 ferens
1609 1627 1661 1682 ei
1726 1625 1916 1681 Patris
1946 1656 1994 1722 B

252 1717 625 1787 testimonio,
649 1715 719 1771 de
753 1732 867 1787 quo
889 1716 1008 1770 ait:
1043 1738 1070 1765 ‹‹
1096 1715 1519 1771 Testimonium
1545 1714 1691 1771 dicit
1712 1714 1783 1770 de
1801 1730 1913 1781 me,

253 1807 353 1879 qui
387 1804 561 1862 misit
588 1821 683 1861 me
712 1805 885 1860 Pater
911 1805 975 1861 ’9.
1013 1826 1040 1853 ››
1063 1804 1325 1860 Mittente
1354 1808 1551 1860 autem
1591 1803 1736 1860 Filio
1785 1803 1914 1875 Spi-

252 1895 375 1961 ritu
422 1893 715 1960 veritatis,
757 1909 937 1964 quem
974 1891 1406 1948 Consolatorem
1447 1892 1688 1962 vocavit,
1738 1891 1916 1948 simul

254 1983 444 2041 mittit
471 1988 535 2039 et
560 1986 751 2038 Pater.
782 1981 981 2054 Neque
1010 1982 1169 2037 enim
1225 1982 1394 2038 Pater
1449 1982 1717 2038 mittente
1775 1980 1916 2037 Filio

254 2089 379 2129 non
415 2072 618 2139 mittit,
648 2088 785 2127 cum
815 2072 1020 2131 eadem
1044 2070 1343 2127 voluntate
1365 2072 1551 2127 Patris
1572 2076 1630 2127 et
1652 2070 1778 2127 Filii
1794 2071 1917 2143 Spi-

255 2161 413 2217 ritus
445 2161 661 2226 veniat,
693 2160 993 2216 Salvatore
1035 2176 1269 2232 quoque
1306 2176 1410 2232 per
1456 2161 1799 2233 prophetam
1831 2159 1918 2215 lo-

260 2256 480 2322 queute
506 2267 522 2304 :
553 2250 709 2306 sicut
729 2248 1107 2306 manifestum
1129 2266 1259 2307 esse
1282 2249 1577 2321 poteritei,
1602 2250 1702 2321 qui
1729 2254 1917 2305 totum

262 2339 583 2411 perlegerit
613 2338 810 2394 locum
846 2339 979 2409 (63).
1016 2361 1042 2387 «
1072 2338 1149 2393 Et
1178 2338 1459 2393 Dominus
1490 2338 1652 2394 misit
1698 2355 1812 2405 me,
1863 2341 1921 2393 et

262 2427 553 2498 Spiritum
598 2442 816 2481 suum:
853 2448 880 2474 ››
914 2426 1204 2497 siquidem
1265 2442 1381 2481 non
1440 2426 1633 2481 solum
1684 2426 1915 2491 Filium,

263 2517 361 2571 sed
392 2521 455 2570 et.
480 2516 775 2587 Spiritum
808 2515 987 2571 mittit
1012 2520 1183 2571 Deus.
1206 2516 1315 2570 Sed
1339 2520 1399 2569 et
1414 2514 1715 2587 apostolus
1736 2515 1919 2587 loqui-

262 2611 356 2659 tur
380 2622 393 2658 :
429 2628 456 2653 ι(
497 2605 639 2667 Qua:
672 2621 828 2659 nunc
859 2604 1208 2660 annuntiata
1226 2607 1370 2659 sunt
1390 2604 1553 2659 vobis
1577 2621 1679 2676 per
1698 2621 1795 2660 eos
1817 2606 1917 2676 qui

261 2693 815 2766 euangelizaverunt
840 2692 1023 2759 vobis,
1046 2693 1265 2765 Spiritu
1288 2697 1491 2749 sancto
1509 2693 1689 2749 misso
1720 2694 1791 2750 de
1812 2711 1921 2750 cce-

260 2782 331 2837 lis
361 2784 427 2837 ³³.
461 2805 492 2831 υ
531 2787 603 2837 tut.
630 2783 691 2836 in
723 2781 872 2841 libro
903 2782 1005 2854 qui
1028 2781 1707 2854 Sapientiainscribitur,
1731 2784 1804 2838 ab
1826 2782 1918 2838 his

261 2872 367 2942 qui.
391 2870 597 2925 divina
630 2866 988 2926 charismata
1017 2868 1310 2926 conSecuti
1342 2875 1498 2938 sunt,
1552 2888 1657 2927 vox
1700 2874 1922 2944 gratias

257 2965 373 3016 Deo
402 2959 725 3031 perferens.
762 2960 1110 3015 destinatur.
1169 2981 1197 3008 «
1250 2960 1385 3025 Quae
1414 2964 1609 3015 autem
1641 2962 1698 3015 in
1758 2961 1918 3016 caelis

2021 382 2140 443 tus,
2168 395 2340 450 quem
2368 379 2598 434 mittam
2630 380 2795 436 vobis
2821 396 2855 434 a
2880 379 3067 445 Patre,
3119 380 3402 451 Spiritum
3451 384 3660 439 verita-

2020 466 2098 523 tis
2127 469 2215 521 ³²·.
2254 491 2280 517 ››
2314 470 2496 533 Quem
2528 468 2709 523 alium
2752 468 3108 540 paracletum
3155 471 3496 541 nominavit,
3544 490 3660 528 non

2013 557 2185 627 juxta
2218 561 2438 613 naturas
2467 558 2853 613 ditl'erentiam
2888 558 2988 615 sed
3021 558 3371 630 operationis
3419 561 3659 618 diversi-

2022 650 2222 703 tatem.
2256 646 2399 702 Cum
2441 647 2598 701 enim
2658 646 2922 704 Salvator
2980 646 3319 705 mediatoris
3376 654 3433 704 et
3487 650 3663 723 legati

2022 751 2332 807 personam
2365 735 2597 801 habeat,
2630 740 2686 791 et
2714 753 2829 807 qua
2860 736 2971 807 (64)
3017 736 3272 808 pontifex
3327 738 3667 810 deprecetur

2022 840 2125 895 pro
2153 824 2403 896 peccatis
2434 824 2672 890 nostris,
2728 824 2965 881 salvans
2994 824 3053 883 in
3087 825 3509 897 sempiternum
3543 845 3664 895 eos,

2024 912 2123 982 qui
2154 929 2255 984 per
2286 912 2482 984 ipsum
2513 918 2889 970 accesserunt
2915 914 2985 969 ad
3015 914 3220 979 Deum,
3254 916 3395 987 quia
3437 933 3671 989 semper

2020 1002 2219 1056 vivens
2250 1000 2577 1072 interpellat
2607 1019 2709 1073 pro
2732 1003 2818 1058 eis
2848 1002 2973 1075 [m:.
3019 1003 3210 1074 nobis]
3234 1008 3463 1059 Patrem
3492 1023 3504 1071 ;
3536 1005 3669 1077 Spi-

2023 1090 2174 1144 ritus
2206 1095 2444 1145 sanctus
2476 1091 2799 1146 secundum
2829 1090 3005 1145 aliam
3030 1091 3483 1163 significantiam
3507 1110 3672 1166 para-

2024 1177 2230 1244 cletus,
2264 1179 2335 1233 ab
2368 1194 2433 1235 eo
2465 1180 2619 1249 quod
2652 1178 2988 1235 consolatur
3016 1180 3076 1234 in
3130 1179 3373 1236 tristitia
3427 1182 3667 1253 positos,

2026 1271 2399 1339 nuncupatus
2427 1273 2533 1322 cst.
2566 1267 2782 1323 Verum
2813 1267 2927 1324 noli
2978 1286 3046 1325 ex
3107 1268 3254 1323 Fillii
3311 1275 3369 1325 et
3415 1270 3671 1342 Spiritus

2027 1356 2212 1413 sancti
2244 1355 2575 1427 operatione
2605 1356 2854 1424 diversa,
2878 1358 3066 1413 varias
3098 1357 3385 1414 aestimare
3408 1364 3667 1428 naturas,

2026 1444 2326 1517 Siquidem
2360 1445 2415 1501 in
2448 1445 2560 1501 alio
2580 1444 2711 1501 loco
2740 1447 3026 1517 reperitur
3046 1446 3373 1518 paracletus
3394 1448 3668 1520 Spiritus,

2026 1534 2201 1607 legati
2232 1534 2303 1590 ad
2337 1534 2565 1591 Patrem
2597 1552 2847 1605 persona
2875 1536 3065 1607 fungi,
3095 1540 3159 1591 ut
3182 1536 3239 1591 in
3272 1534 3370 1599 illo
3404 1555 3417 1592 :
3453 1560 3481 1587 ‹‹
3522 1538 3669 1601 Quid

2025 1623 2181 1680 enim
2216 1640 2451 1680 oremus
2474 1625 2649 1695 juxta
2665 1624 2727 1679 id
2757 1626 2913 1697 quod
2941 1630 3186 1697 oportet,
3220 1625 3539 1693 nescimus,
3571 1627 3671 1683 sed

2026 1711 2152 1785 ipse
2173 1712 2427 1786 Spiritus
2443 1713 2777 1786 interpellat
2796 1731 2899 1786 pro
2916 1713 3084 1781 nobis
3106 1713 3422 1786 gemitibus
3435 1715 3669 1772 inenar-

2025 1801 2329 1859 rabilibus.
2363 1802 2472 1868 Qui
2491 1807 2690 1859 autem
2725 1807 3023 1859 scrutatur
3048 1804 3241 1873 corda,
3268 1803 3381 1860 scit
3402 1806 3544 1877 quid
3571 1806 3671 1861 de-

2026 1891 2244 1948 sideret
2285 1892 2559 1964 Spiritus,
2610 1893 2904 1964 quomodo
2960 1893 3067 1965 [αι.
3123 1893 3279 1967 cum]
3338 1895 3668 1951 secundum

2032 1981 2213 2036 Deum
2239 1981 2494 2053 postulat
2524 1999 2629 2054 pro
2658 1982 2883 2039 sanctis
2910 1983 2973 2037 ³³.
3009 2005 3037 2033 ››

2098 2072 2187 2126 28.
2222 2070 2485 2127 Salvator
2514 2087 2746 2143 quoque
2773 2069 3229 2128 consolationem
3264 2089 3295 2128 a
3327 2089 3444 2145 qua
3492 2072 3675 2146 Spiri-

2028 2165 2127 2217 tus
2155 2164 2399 2216 sanctus
2428 2159 2755 2232 paracletus
2779 2165 3158 2233 nuncupatus
3181 2165 3289 2228 est,
3323 2166 3597 2233 operatur
3616 2163 3676 2218 in

2029 2250 2305 2306 cordibus
2326 2265 2526 2304 eorum
2546 2249 2642 2319 qui
2672 2265 2741 2304 ea
2759 2248 3043 2321 indigent.
3071 2250 3364 2321 Scriptum
3387 2256 3477 2307 est
3495 2252 3675 2307 enim:

2032 2360 2059 2388 α
2090 2340 2159 2393 Et
2188 2337 2440 2392 humiles
2463 2336 2660 2408 populi
2691 2336 3031 2393 consolatus
3050 2344 3138 2393 est
3158 2339 3221 2395 3‘.
3257 2360 3284 2387 »
3320 2339 3479 2393 Unde
3504 2344 3561 2394 et
3582 2339 3678 2395 his

2029 2426 2129 2497 qui
2150 2426 2258 2481 hoc
2280 2425 2626 2480 beneﬁcium
2665 2425 2856 2480 fuerat
2887 2430 3259 2493 consecutus,
3299 2443 3441 2482 eum
3465 2428 3675 2499 praedi-

2028 2520 2187 2583 cans,
2222 2514 2596 2586 loquebatur:
2634 2536 2661 2562 ι(
2692 2514 2956 2581 Domine,
2990 2517 3315 2571 secundum
3339 2515 3669 2573 multitudi-

2029 2622 2161 2660 nem
2194 2603 2464 2659 dolorum
2496 2620 2760 2669 meorum
2793 2603 2851 2658 in
2874 2605 3047 2660 corde
3070 2621 3219 2675 meo,
3244 2605 3673 2662 consolationes

2028 2699 2140 2749 tua:
2162 2693 2715 2749 latiticaveruntcor
2739 2710 2933 2749 meum
2957 2695 3002 2729 ⁸⁸
3030 2712 3043 2761 ;
3079 2717 3106 2743 ››
3132 2694 3272 2760 sive,
3299 2718 3328 2744 «
3352 2694 3679 2751 dilexerunt

2030 2783 2286 2839 animam
2319 2798 2511 2837 meam
2543 2782 2655 2853 (65)
2689 2798 2701 2836 :
2741 2804 2761 2829 ι
2799 2785 3047 2854 utroque
3066 2781 3222 2837 enim
3245 2782 3528 2853 scriptum
3551 2798 3679 2839 esse

2031 2875 2204 2929 modo
2236 2873 2294 2927 in
2336 2872 2583 2928 diversis
2633 2871 3065 2943 exemplaribus
3108 2872 3418 2927 invenitur.
3469 2873 3575 2928 Sed
3624 2877 3681 2928 et

2028 2964 2217 3029 Pater,
2268 2962 2421 3017 Deus
2465 2961 2657 3016 omnis
2706 2959 3123 3015 consolationis
3174 2960 3387 3016 dicitur
3426 2961 3507 3015 ³⁶ε
3541 2978 3677 3016 cou-

261 3026 424 3115 sunt,
459 3048 597 3121 quis
643 3048 1059 3120 investigavit?
1088 3047 1445 3105 voluntatem
1499 3062 1697 3106 autem
1754 3055 1914 3106 tuam
1950 3026 1992 3092 C
2032 3026 2232 3108 solans
2252 3067 2352 3105 eos
2376 3050 2547 3123 quiin
2574 3048 2943 3105 tribulatione
2967 3053 3124 3116 sunt,
3143 3049 3447 3122 utoxipsis
3464 3066 3678 3122 angus-

261 3139 397 3210 quis
428 3140 742 3209 cognovit:
776 3137 889 3193 nisi
919 3138 1073 3208 quod
1097 3142 1160 3192 tu
1194 3138 1409 3194 dedisti
1442 3139 1817 3211 sapientiam,
1864 3145 1921 3195 et

262 3224 553 3296 Spiritum
580 3229 854 3280 sanctum
882 3226 1052 3281 tuum
1082 3226 1296 3282 misisti
1327 3227 1398 3283 de
1418 3227 1661 3284 excelsis
1690 3228 1717 3283 ‘?
1740 3234 1805 3283 Et
1836 3228 1919 3283 sic

261 3319 539 3370 correcta
550 3330 622 3369 su
633 3315 929 3371 ntsemita:
949 3331 1173 3383 eorum,
1191 3316 1291 3387 qui
1310 3333 1489 3389 super
1502 3321 1715 3374 terram
1727 3324 1915 3374 erant:

262 3408 320 3458 et
350 3402 568 3473 placita
599 3403 707 3458 tibi
740 3402 927 3459 edocti
958 3408 1097 3459 sunt
1125 3404 1398 3467 homines
1428 3408 1493 3463 ³ο.
1531 3429 1558 3456 ››
1590 3408 1661 3462 Et
1689 3408 1747 3463 in
1782 3426 1920 3479 prae-

261 3492 419 3547 senti
449 3490 744 3562 siquidem
782 3490 1047 3558 lectione,
1080 3509 1195 3549 non
1231 3493 1355 3550 sola
1383 3494 1672 3566 sapientia
1710 3497 1829 3564 Dei,
1860 3499 1917 3552 id

260 3584 385 3647 est,
416 3579 751 3650 unigenitus
779 3579 963 3637 Filius
992 3582 1119 3653 ejus
1140 3583 1316 3637 datur
1334 3601 1367 3639 a
1390 3584 1575 3650 Patre,
1601 3585 1701 3641 sed
1719 3589 1777 3641 et
1794 3586 1921 3658 Spi-

260 3670 427 3723 ritus
456 3672 694 3723 sanctus
722 3669 996 3724 mittitur.

336 3758 497 3813 186
517 3758 609 3811 27..
633 3756 825 3829 Inipso
846 3774 1078 3830 quoque
1100 3758 1405 3831 Evangelio
1423 3759 1548 3815 dari
1571 3762 1921 3834 praedicatur

261 3864 301 3901 a
313 3850 516 3911 Ihtre,
540 3850 599 3901 et
619 3846 775 3901 mitti
789 3846 1047 3918 Spiritus
1067 3851 1327 3903 sanctus.
1351 3848 1647 3905 Salvatore
1662 3852 1913 3909 dicente:

264 3957 293 3984 α
314 3936 387 3991 Et
404 3951 516 4007 ego
539 3936 761 4007 rogabo
780 3936 1009 3993 Patrem
1033 3952 1251 4005 meum,
1274 3942 1331 3993 et
1352 3937 1531 3993 alium
1555 3939 1917 3998 Paracletum

262 4024 423 4079 dabit
451 4024 642 4091 vobis,
681 4030 747 4079 ut
774 4025 855 4079 sit
878 4024 1183 4080 vobiscum
1218 4026 1278 4080 in
1310 4031 1614 4096 aeternum,
1635 4031 1917 4102 Spiritum

259 4113 525 4168 veritatis
555 4114 599 4147 ⁸¹
626 4132 641 4174 ς
672 4135 695 4161 ι
731 4117 789 4168 et
815 4112 1069 4168 iterum:
1106 4136 1134 4163 ‹‹
1170 4114 1504 4171 Paracletus
1546 4122 1741 4181 autem
1788 4121 1915 4192 Spi-

262 4202 714 4269 ritussanctus,
747 4217 921 4274 quem
952 4202 1153 4259 mittet
1176 4206 1349 4259 Pater
1377 4204 1437 4259 in
1470 4208 1710 4263 nomine
1761 4226 1913 4278 meo,

262 4290 353 4347 ille
384 4308 490 4347 vos
520 4291 765 4347 docebit
786 4292 987 4347 omnia
1013 4292 1079 4345 38.
1106 4314 1134 4341 »
1167 4292 1313 4348 Nam
1342 4298 1397 4349 et
1419 4294 1477 4349 in
1513 4295 1607 4352 his
1630 4301 1915 4356 sermoni-

2028 3142 2127 3197 tiis
2160 3142 2309 3197 186
2343 3157 2444 3212 per
2472 3137 2812 3211 patientiam
2844 3138 3094 3194 salutem
3134 3138 3413 3210 primum,
3464 3137 3675 3194 dehinc

2029 3245 2301 3285 coronam
2332 3227 2528 3301 gloriae
2559 3231 3011 3298 consequantur.
3044 3226 3299 3299 Spiritus
3330 3226 3509 3300 igitur
3532 3244 3671 3283 con—

2029 3318 2246 3373 solator
2294 3320 2350 3372 ct
2406 3319 2671 3381 sanctus,
2725 3320 2782 3370 et
2856 3316 3113 3388 Spiritus
3185 3315 3445 3372 veritatis
3505 3317 3679 3372 datur

2029 3424 2062 3462 a
2095 3406 2277 3471 Patre,
2304 3409 2368 3459 ut
2384 3419 2614 3476 semper
2635 3420 2771 3459 cum
2792 3404 3005 3461 Christi
3030 3403 3334 3476 discipulis
3358 3421 3684 3461 commore-

2030 3500 2145 3564 tur,
2177 3511 2310 3550 cum
2336 3494 2552 3566 quibus
2575 3498 2632 3548 et
2651 3493 2776 3565 ipse
2796 3493 3063 3549 Salvator
3088 3498 3195 3561 est,
3223 3493 3424 3549 dicens
3448 3511 3461 3548 :
3483 3516 3509 3543 ‹‹
3537 3494 3682 3551 Ecce

2028 3584 2183 3641 enim
2206 3583 2506 3639 vobiscum
2532 3599 2663 3637 sum
2679 3599 2865 3654 usque
2887 3584 2959 3638 ad
2980 3582 3549 3639 consummationem
3573 3599 3681 3637 saa-

2028 3673 2145 3729 culi
2174 3675 2237 3728 37.
2276 3696 2304 3722 ››
2334 3677 2475 3727 Cum
2510 3676 2706 3728 autem
2739 3688 2972 3744 semper
3002 3670 3281 3744 apostolis
3321 3676 3378 3726 et
3424 3670 3678 3743 Spiritus

2028 3768 2268 3820 sanctus
2298 3763 2452 3818 adsit
2481 3762 2579 3833 [αἱ.
2615 3761 2875 3833 assistat]
2906 3765 2963 3817 et
2986 3760 3187 3828 Filius,
3218 3760 3502 3832 sequitur,
3531 3763 3594 3814 ut
3623 3763 3684 3814 et

2027 3853 2197 3908 Pater
2226 3867 2359 3906 cum
2390 3851 2538 3923 ipsis
2566 3851 2663 3920 sit,
2694 3849 2834 3922 quia
2855 3849 2956 3921 qui
2977 3848 3185 3922 recipit
3206 3848 3449 3916 Filium,
3475 3847 3681 3920 recipit

2026 3946 2084 3998 et
2114 3944 2376 3997 Patrem:
2411 3944 2469 3995 et
2500 3939 2869 3995 mansionem
2899 3938 3080 3994 Filius
3126 3954 3261 3994 cum
3323 3938 3490 3993 Patre
3540 3938 3683 3994 facit

2027 4031 2181 4103 apud
2208 4046 2328 4094 eos,
2358 4028 2456 4099 qui
2489 4027 2649 4098 digni
2683 4028 2934 4082 adventu
2957 4028 3085 4097 ejus
3107 4028 3461 4085 exstiterint.
3486 4027 3595 4082 Sed
3623 4031 3681 4082 et

2026 4119 2125 4174 ubi
2159 4118 2414 4191 Spiritus
2443 4121 2685 4171 sanctus
2716 4114 2912 4181 fuerit,
2942 4116 3138 4171 statim
3174 4116 3478 4170 invenitur
3506 4119 3563 4169 et
3586 4115 3675 4169 Fi-

2025 4209 2160 4265 lius.
2196 4206 2499 4279 Siquidem
2529 4221 2663 4260 cum
2696 4204 2755 4259 in
2788 4203 3089 4277 prophetis
3119 4203 3377 4275 Spiritus
3426 4206 3671 4257 sanctus

2027 4298 2123 4363 sit,
2157 4296 2374 4353 faciens
2405 4310 2503 4350 eos
2536 4296 2734 4349 futura
2766 4288 3100 4365 pracinero,
3131 4296 3189 4347 et
3209 4290 3327 4347 alia
3364 4308 3495 4363 quas
3544 4307 3677 4361 pro-

262 4380 389 4445 bus,
421 4380 612 4435 alium
640 4379 1001 4452 paracletum
1031 4381 1171 4437 dare
1202 4381 1418 4438 dicitur
1448 4384 1639 4455 Pater,
1672 4404 1787 4444 non
1807 4406 1911 4445 au-
1942 4384 2275 4463 D.phetalis
2306 4382 2662 4457 operationis
2694 4385 2852 4449 sunt,
2886 4394 3079 4437 sermo
3111 4380 3210 4436 Dei
3245 4381 3317 4436 ad
3340 4397 3441 4436 eos
3461 4378 3679 4439 dicitur

262 4474 375 4545 tem
400 4470 592 4543 alium
624 4470 698 4543 ab
728 4475 874 4541 (mss,
908 4469 1151 4542 absque]
1170 4487 1271 4543 :eo,
1296 4472 1397 4543 qui
1420 4489 1454 4528 a
1474 4474 1616 4530 Filio
1637 4477 1916 4547 mittitur,

324 4570 369 4617 ιθ
426 4568 605 4623 Joan.
668 4584 760 4636 xv,
817 4568 910 4622 26.
967 4569 1012 4601 ’⁸
1066 4567 1236 4623 Joan.
1295 4586 1413 4638 XIV,
1472 4571 1556 4625 10.
1615 4575 1658 4613 ²⁶
1714 4576 1882 4632 Joan.
1932 4597 1966 4633 x

261 4656 298 4703 ι,
358 4643 449 4705 12,
513 4640 560 4673 ⁸ο
619 4639 753 4709 Sap.
815 4656 890 4706 Ix,
953 4639 1039 4694 l7.
1090 4640 1131 4673 ³³
1188 4639 1355 4694 Joan.
1414 4659 1528 4707 xw,
1589 4645 1673 4700 16.
1726 4648 1771 4681 δ’

2030 4480 2241 4549 factus.
2255 4478 2319 4529 ut
2332 4472 2402 4529 ad
2419 4472 2476 4527 id
2492 4472 2644 4544 quod
2660 4472 2732 4526 ad
2747 4469 3235 4539 consuetudinem
3253 4469 3671 4542 prophetarum

1976 4622 1989 4643 ,
2043 4576 2133 4631 30.
2185 4573 2227 4617 ⁸7
2284 4572 2451 4626 Joan.
2513 4588 2605 4637 xv,
2637 4571 2726 4643 26.
2783 4570 2837 4643 ²ἕ
2872 4570 3039 4643 Joan.
3092 4586 3193 4635 xn,
3254 4568 3446 4643 49g”
3484 4567 3679 4643 hPetr.

1853 4638 1993 4705 ibid'.
2054 4648 2146 4708 26.
2195 4645 2239 4677 ³⁸
2286 4642 2453 4697 Joan.
2512 4658 2604 4706 xv,
2660 4642 2731 4695 26
2802 4642 2846 4676 ³³
2905 4641 3070 4696 Rom.
3129 4656 3252 4705 VIII,
3333 4641 3421 4693 26.
3480 4638 3527 4673 ³⁸
3579 4642 3679 4693 Ps.

260 4728 394 4787 xm,
426 4714 537 4763 28:
600 4726 798 4780 xxxiii,
858 4711 942 4779 19,
1003 4712 1047 4746 ⁸⁵
1107 4710 1449 4781 Psal.xcm,
1485 4714 1572 4781 19,
1630 4717 1675 4751 ⁸⁸
1734 4720 1781 4774 II
1814 4720 1909 4776 Cc,

2028 4720 2101 4775 34.
2161 4716 2203 4749 ³⁷
2227 4712 2432 4769 Matth.
2466 4729 2664 4778 xxvm,
2696 4713 2787 4766 20.

670 4825 813 4890 cum
836 4809 1012 4890 veteri
1043 4809 1207 4890 edit.,
1240 4831 1267 4859 «
1291 4811 1707 4883 proprietatem
1727 4817 1917 4875 Patris

257 4886 323 4937 et
342 4879 722 4943 intellectum
750 4880 1035 4947 Parentis,
1072 4904 1101 4929 ››
1130 4885 1239 4936 etc.

326 4952 444 5022 (63)
480 4950 707 5032 Istunc,
724 4952 928 5032 «sicut
949 4952 1324 5032 manifestgm
1347 4968 1475 5009 esse
1502 4958 1917 5032 poteritei.qui

256 5021 463 5095 totum,
488 5021 796 5095 perlegerit
820 5022 1035 5087 locum,
1066 5046 1085 5071 ι
1114 5024 1181 5077 1n
1215 5023 1350 5095 Reg.
1409 5021 1519 5079 ms'.
1575 5021 1915 5087 desiderau-

255 5099 369 5173 tur.
406 5094 548 5157 Mox
576 5094 858 5173 exVatic.
893 5100 949 5173 et
977 5094 1331 5173 veteriedit.
1372 5098 1633 5173 restituo
1657 5123 1684 5151 «
1736 5103 1913 5173 Spiri-

255 5170 381 5220 tum
417 5182 641 5237 suum;
672 5188 697 5213 η
732 5168 901 5237 cujus
930 5164 1057 5221 loco
1088 5164 1387 5221 obtinebat
1417 5167 1473 5222 in
1511 5175 1668 5225 recto
1714 5164 1927 5230 contra.

256 5236 524 5309 auctoris
555 5236 813 5309 mentem
849 5259 870 5287 ι
904 5238 1158 5309 Spiritus
1189 5236 1336 5307 ejus.
1373 5260 1399 5287 ››

328 5310 449 5399 ﬁeri?
482 5304 829 5389 “statim
851 5331 881 5361 κ
911 5304 1146 5399 cesam
1180 5304 1368 5399 ﬂes-
1394 5326 1529 5399 ηλξη
1555 5335 1582 5362 α
1605 5318 1661 5399 at
1679 5316 1867 5399 suae;
1886 5338 1913 5365 υ

254 5374 591 5455 multiiugo
627 5380 688 5435 in
745 5397 883 5455 qua.
928 5403 955 5429 η
983 5374 1151 5455 Υἱός
1180 5374 1363 5452 Epist.
1423 5374 1618 5455 64,041
1674 5374 1913 5455 Fabiola,

257 5465 427 5507 num.
468 5452 555 5507 19.
586 5450 842 5510 Emendo
872 5452 1089 5525 pariter
1136 5450 1722 5531 interpunctionem,;
1744 5450 1915 5535 cuius

2026 4815 2167 4872 vitio
2199 4810 2397 4882 nullus
2428 4814 2552 4864 erat
2582 4810 2824 4882 hujusce
2858 4810 3077 4882 periodi
3111 4826 3308 4882 snsus.

2122 4884 2212 4955 65)
2245 4880 2507 4949 Tholos.,
2539 4905 2566 4929 α
2600 4878 2875 4937 in'corde'
2893 4897 3047 4943 meo,
3078 4878 3511 4941 exhortationes
3566 4880 3679 4955 tuas

2100 4888 2467 5014 iactaverunt
2496 4952 2753 5007 animam
2788 4969 2999 5009 meam.
3025 4951 3093 5005 Et
3115 4950 3302 5013 aliter,
3325 4946 3676 5005 consolatio-

2028 4946 2467 5014 delectaverunt
2490 4946 2753 5027 animam
2788 4969 2999 5009 meam.
3025 4951 3095 5027 Et
3115 4950 3302 5027 aliter,
3325 4946 3676 5027 consolatio-

2028 5040 2131 5087 n‘ss
2160 5033 2294 5090 tute,
2335 5047 2354 5073 ι
2392 5028 2498 5079 etc.
2543 5024 2847 5080 G|osseina
2898 5040 2979 5081 ex,
3019 5022 3359 5077 criticorum
3407 5018 3672 5090 audacia,

2030 5098 2525 5183 Lectionisquam
2558 5095 2841 5183 Didymus
2875 5098 3042 5183 urget
3071 5091 3457 5183 diversitaan
3477 5089 3674 5183 verbis

2023 5176 2134 5237 est,
2169 5193 2195 5219 ››
2232 5163 2689 5231 laetiticav-erunt,
2721 5188 2748 5215 ››
2780 5171 2893 5237 et.«
2928 5163 3274 5221 dilexerunt.
3314 5185 3334 5212 ι
3373 5163 3453 5218 Re
3476 5165 3677 5237 autem

2023 5231 2161 5300 vera
2191 5239 2375 5298 Graeci
2408 5236 2629 5309 aliquot
2661 5236 3041 5309 librihabent
3072 5244 3363 5306 ἠγάπησαν,
3401 5256 3427 5284 ‹‹
3450 5231 3679 5309 _dile_xe-

2024 5319 2182 5378 runt,
2218 5335 2245 5363 ››
2281 5309 2400 5368 allii
2434 5304 2707 5380 εὔςρραναν,
2750 5332 2768 5357 «ι
2808 5304 3263 5372 laetiticaverunt,
3299 5330 3326 5355 »
3356 5314 3417 5363 ut
3448 5304 3507 5371 in
3572 5304 3679 5359 La-

2023 5387 2187 5444 ﬁnis.
