4118 6158
449 165 566 236 138

1683 165 1748 233 S.
1786 165 2098 234 EUSEBII
2141 165 2606 236 HIERONYMI.

3733 160 3835 229 136

447 309 536 362 est
564 305 697 377 (66),
726 303 914 377 «iHaec
935 301 1075 360 dicit
1094 301 1437 370 Dominus,»
1454 302 1791 359 etiamillud
1814 303 2087 372 addatur,
2117 303 2173 369 Α
2204 301 2356 358 Patri
2379 303 2568 359 aufert
2597 302 3080 371 dominationem,
3114 317 3304 376 neque
3335 300 3477 360 Filio
3507 299 3779 358 deitatem
3817 298 3848 355 ε’

450 415 480 444 ‹‹
509 394 711 449 Sermo
749 393 847 465 qui
893 393 1082 449 factus
1117 395 1205 448 est
1226 393 1295 447 ad
1341 392 1574 459 Isaiam,
1638 413 1665 442 »
1718 392 1834 448 sive
1861 393 1931 447 ad
1956 390 2089 447 reli-

446 499 615 554 quos.

515 571 604 626 29.
640 573 800 636 Quod
835 577 1029 628 autem
1062 573 1354 645 propheta:
1387 571 1667 646 Spiritum
1693 574 1963 626 sanctum
1986 570 2087 625 ha-

446 661 700 729 buerint,
734 662 849 717 Deo
880 661 1191 717 manifeste
1221 660 1495 733 loquente
1525 660 1953 731 cognoscimus.
1996 659 2091 714 Ait

443 749 634 807 enim:
669 773 697 800 «
731 753 1100 822 Quaecunque
1131 751 1404 806 mandavi
1431 750 1490 804 in
1508 749 1728 821 Spiritu
1753 764 1880 803 meo
1906 747 2088 802 servis

443 840 588 895 meis
619 839 917 912 prophetis
944 840 1006 894 ³³.
1044 860 1071 889 ‹‹
1103 839 1170 894 Et
1197 838 1460 895 Salvator
1483 838 1540 892 in
1570 836 1882 909 Evangelio
1904 836 2086 908 signi-

443 927 579 984 ﬁcat
601 930 796 999 justos
825 927 999 995 viros,
1031 932 1088 984 et
1118 944 1216 982 eos
1251 927 1351 998 qui
1375 932 1510 982 ante
1540 926 1851 981 adventum
1909 941 2084 980 suum

441 1015 653 1088 populo
682 1020 928 1072 ventura
958 1014 1289 1070 cecinerant
1317 1015 1453 1086 [ναι.
1490 1015 1919 1086 przecinerant],
1954 1013 2082 1085 Spi-

439 1104 587 1160 ritus
643 1103 830 1160 sancti
879 1103 1230 1174 aspiratione
1303 1103 1643 1174 completos.
1704 1103 2078 1173 Interrogans

439 1194 656 1265 quippe
691 1192 1014 1248 Pharisaeos
1037 1191 1175 1264 quid
1199 1191 1283 1247 eis
1309 1193 1379 1248 de
1409 1191 1637 1248 Christo
1665 1192 1978 1256 videretur,
2031 1195 2088 1246 et

437 1281 682 1338 audiens
705 1280 844 1352 quia
860 1285 1015 1336 esset
1035 1279 1194 1336 filius
1213 1280 1387 1335 David
1413 1279 1818 1352 (67),loquitur
1843 1297 1855 1333 :
1881 1302 1908 1329 ‹‹
1931 1281 2081 1344 Quo-

437 1369 609 1424 modo
641 1367 820 1424 David
854 1368 912 1423 in
947 1368 1166 1440 Spiritu
1193 1372 1360 1424 vocat
1408 1385 1542 1424 eum
1591 1368 1902 1425 Dominum
1937 1391 1964 1417 ››
1995 1369 2082 1423 di-

434 1473 608 1514 cens:
645 1480 672 1506 ‹‹
703 1457 858 1513 Dixit
876 1457 1160 1514 Dominus
1184 1457 1432 1514 Domino
1456 1474 1585 1514 meo
1614 1457 1791 1513 :Sede
1808 1474 1842 1512 a
1865 1457 2083 1512 dextris

433 1546 626 1602 meis?
656 1546 717 1602 Si
746 1563 881 1618 ergo
913 1545 1094 1601 David
1123 1550 1290 1602 vocat
1319 1562 1456 1601 eum
1491 1546 1552 1601 in
1597 1546 1818 1618 Spiritu
1875 1553 2076 1602 sancto

435 1635 772 1703 Dominum,
795 1635 1088 1735 quomodo
1114 1633 1298 1735 Pilius
1327 1635 1456 1735 eius
1485 1639 1577 1691 est
1603 1636 1667 1689 δί’.
1711 1659 1730 1683 ιι
1764 1635 1835 1690 Et
1875 1634 2080 1691 Petrus
2111 1669 2159 1735 B

430 1724 501 1779 ad
521 1727 823 1780 consortes
841 1723 973 1779 ﬁdei
993 1723 1087 1795 loq
1097 1723 1253 1779 uitur
1279 1741 1290 1779 :
1313 1745 1341 1774 «
1357 1723 1670 1795 Oportebat
1686 1723 1916 1795 impleri
1932 1724 2080 1780 Scri-

430 1817 667 1885 pturam
688 1829 866 1884 quam
889 1812 1153 1884 praedixit
1167 1813 1418 1885 Spiritus
1438 1816 1677 1870 sanctus
1693 1829 1798 1885 per
1819 1829 1884 1869 os
1899 1813 2078 1868 David

432 1901 502 1958 de
529 1902 908 1970 Juda,etc.‘°;
943 1905 1042 1976 npt
1071 1902 1130 1956 in
1162 1903 1364 1958 eodem
1385 1919 1594 1965 rursus
1616 1901 1786 1958 libro:
1811 1924 1838 1952 ‹‹
1861 1902 2102 1975 Quiper.

435 1989 737 2063 Spiritum,
767 2013 795 2040 ››
827 1990 1036 2062 inquit,
1069 2013 1099 2040 «
1133 1995 1402 2047 sanctum
1435 2006 1534 2047 ore
1560 1991 1742 2046 David
1776 1991 1941 2062 pueri
1989 1992 2077 2046 tui

440 2078 669 2135 locutus
717 2097 814 2136 es:
861 2081 1048 2145 Quare
1101 2081 1462 2135 fremuerunt
1508 2083 1733 2150 gentes,
1766 2083 1824 2134 et
1883 2079 2078 2151 populi

441 2169 710 2224 meditati
741 2173 882 2224 sunt
912 2169 1110 2224 inania
1139 2171 1178 2203 ⁴¹
1211 2168 1238 2222 ?
1271 2168 1453 2224 Isaias
1509 2183 1742 2240 quoque
1773 2184 1907 2223 cum
1957 2184 2076 2223 ser-

436 2273 610 2313 mone
638 2257 1049 2330 Deiimpulsus
1070 2258 1142 2313 ad
1166 2257 1639 2329 prophetandum
1665 2257 1874 2312 fuisset
1894 2256 2076 2330 Spiri-

428 2350 526 2402 tus
537 2347 722 2402 sancti
737 2346 980 2420 imperio
1003 2347 1114 2418 (68)
1136 2346 1516 2418 prophetasse
1537 2345 1876 2417 perhibetur
1900 2363 1912 2400 :
1941 2346 2076 2400 utin

432 2435 548 2490 ﬁne
580 2436 727 2491 187
763 2435 1102 2490 eorumdem
1125 2437 1376 2489 Actuum
1401 2433 1696 2490 scribitur.
1727 2458 1753 2484 «
1781 2433 1934 2504 Bene
1955 2435 2078 2506 Spi-

428 2523 578 2579 ritus
609 2527 851 2579 sanctus
881 2523 1113 2579 locutus
1142 2526 1231 2578 est
1259 2539 1362 2594 per
1391 2522 1603 2578 Isaiam
1627 2521 1966 2594 prophetam
2003 2521 2074 2577 ad

428 2615 626 2683 patres
656 2615 900 2678 vestros,
922 2634 949 2661 »
984 2610 1184 2666 dicens
1209 2626 1222 2663 :
1257 2609 1466 2666 «Vade
1487 2611 1557 2665 ad
1583 2609 1871 2682 populum
1895 2611 2073 2666 istum

429 2704 486 2756 et
515 2700 609 2755 dic
633 2715 645 2752 :
673 2702 826 2754 Aure
857 2699 1109 2755 audietis
1141 2701 1205 2769 ",
1232 2721 1260 2750 η
1289 2702 1347 2755 et
1370 2697 1614 2770 reliqua.
1672 2699 1830 2754 Hanc
1896 2699 2076 2772 igitur

427 2787 792 2862 prophetiam
826 2805 1003 2860 quam
1025 2787 1327 2860 apostolus
1357 2787 1574 2844 Paulus
1605 2788 1837 2844 aﬁrmat
1864 2805 1900 2843 a
1943 2789 2071 2860 Spi-

432 2877 548 2932 ritu
571 2879 770 2932 sancto
802 2876 1260 2949 pronuntiatam,
1307 2877 1432 2948 ipse
1487 2876 1635 2932 liber
1688 2875 1981 2948 prOpheta:
2040 2894 2074 2933 a

426 2965 672 3022 Domino
703 2964 918 3021 dictam
950 2982 1079 3021 esse
1107 2969 1546 3021 commemorat.
1583 2989 1610 3015 «
1665 2966 1734 3021 Et
1785 2965 2004 3034 audivi,
2041 2989 2069 3015 »

426 3054 618 3126 inquit
647 3053 848 3122 Isaias,
891 3074 911 3102 α

426 3143 680 3210 mittam,
709 3147 766 3199 et
809 3142 942 3214 quis
971 3142 1078 3198 ibit
1106 3143 1178 3198 ad
1224 3141 1498 3215 populom
1557 3141 1782 3197 istum?
1813 3145 1880 3198 Et
1909 3141 2026 3196 dixi
2052 3158 2064 3195 :

427 3231 572 3288 Ecce
602 3247 731 3305 ego,
765 3230 931 3286 mitte
962 3230 1258 3298 me.Vade,
1296 3252 1322 3279 ι)
1355 3230 1568 3302 inquit,
1601 3252 1630 3280 «
1663 3234 1721 3285 et
1740 3230 1833 3285 dic
1853 3229 2070 3302 populo

431 3319 570 3377 huic
597 3338 608 3376 :
643 3325 801 3376 Aure
831 3319 1082 3375 audietis
1110 3320 1172 3384 ‘3,
1209 3341 1236 3368 »
1267 3322 1324 3375 et
1353 3322 1485 3391 post
1504 3316 1620 3374 alia
1639 3318 1764 3390 ipse
1787 3318 2070 3375 Dominus

431 3408 512 3465 ait
546 3427 559 3464 :
599 3433 619 3458 ι
657 3413 724 3464 Et
755 3411 1180 3476 convertentur,
1213 3417 1269 3463 et
1294 3408 1512 3462 sanabo
1543 3405 1674 3462 illos
1705 3408 1768 3462 “.
1803 3430 1832 3456 ››
1863 3408 1932 3462 Et
1952 3412 2070 3463 sta-

427 3497 532 3554 tim
562 3498 876 3572 propheta:
913 3521 940 3547 ‹‹
975 3499 1308 3568 Quousque,
1342 3496 1630 3552 Domine?
1665 3519 1691 3545 ››
1724 3513 1859 3552 cum
1913 3496 2068 3552 enim

427 3587 707 3644 Dominus
738 3587 808 3641 ad
843 3585 1183 3658 prophetam
1212 3585 1476 3651 dixisset,
1507 3588 1572 3640 ut
1600 3601 1667 3640 ea
1697 3601 1823 3655 quae
1854 3586 2075 3657 scripta

427 3681 585 3743 sunt,
621 3675 834 3732 diceret
858 3675 993 3746 (69),
1015 3679 1072 3729 et
1102 3673 1387 3746 propheta
1407 3673 1641 3744 jubenti
1674 3674 1923 3729 Domino
1952 3691 2070 3730 res-

427 3765 767 3836 pondisset:
801 3787 829 3813 ‹‹
862 3767 1200 3835 Usquequo,
1242 3762 1486 3818 Domine
1514 3763 1558 3796 ⁴⁵
1585 3763 1614 3817 ?
1650 3786 1670 3810 ι
1703 3778 1772 3817 ea
1827 3780 1954 3834 quae
2011 3763 2069 3818 in

423 3853 708 3926 propheta
739 3870 773 3908 a
803 3852 1048 3907 Domino
1080 3851 1236 3907 dicta
1265 3855 1424 3917 sunt,
1482 3850 1542 3906 in
1590 3851 1806 3924 Spiritu
1869 3857 2070 3908 sancto

427 3945 886 3998 commemorata
929 3938 1148 3996 Paulus
1206 3940 1478 3995 al'tirmat.
1540 3941 1621 3996 Ex
1679 3958 1793 4014 quo
1850 3941 2071 4014 liquido

427 4029 775 4099 ostenditur,
808 4033 874 4084 ut
904 4045 1055 4100 saepe
1078 4027 1496 4100 jamdiximus,
1523 4046 1701 4085 unum
1723 4035 1781 4085 et
1802 4029 2070 4086 volunta-

426 4125 546 4177 tem
577 4123 633 4175 et
664 4123 935 4175 naturam
968 4117 1200 4174 Domini
1233 4134 1378 4186 esse,
1411 4121 1468 4174 et
1497 4118 1747 4188 Spiritus
1779 4119 1989 4183 sancti,
2017 4124 2073 4175 et

427 4210 488 4266 in
519 4207 956 4280 nuncupatione
984 4207 1235 4280 Spiritus
1266 4207 1442 4262 etiam
1475 4223 1686 4262 nomen
1717 4207 1946 4262 Domini
1983 4207 2070 4262 in-

959 3070 1159 3110 vocem
1219 3053 1468 3119 Domini,
1523 3054 1850 3109 dicentem:
1885 3053 2066 3118 Quem
2099 3034 2141 3098 (ἶ

2199 390 2490 463 siquidem
2524 392 2634 463 (70)
2677 393 2879 448 eadem
2930 393 3155 449 ratione
3198 409 3316 465 qua
3359 392 3527 448 Pater
3564 389 3835 447 Dominus

2198 483 2322 534 est:
2357 484 2414 534 et
2445 480 2625 536 Filius
2659 482 2809 536 Deus
2831 485 2953 536 est:
2989 480 3070 537 sic
3102 484 3158 537 et
3188 480 3442 552 Spiritus
3464 482 3706 535 sanctus
3735 478 3832 533 Do-

2199 567 2396 624 minus
2417 569 2877 640 nuncupatur.Si
2895 573 3090 625 autem
3113 568 3837 640 Dominus,consequenter

2198 660 2255 711 et
2284 656 2459 724 Deus,
2491 662 2556 711 ut
2585 656 2762 728 paulo
2793 661 2925 713 ante
2967 659 3092 729 jam
3142 659 3421 723 diximus,
3467 673 3600 713 cum
3645 672 3833 711 vocem

2198 745 2444 817 apostoli
2476 746 2630 802 Petri
2661 746 2733 801 ad
2763 746 3074 814 Ananiam,
3095 746 3195 818 qui
3213 746 3521 817 pecuniam
3544 745 3834 800 subtraxe-

2196 836 2304 896 rat,
2337 849 2712 905 poneremus,
2746 833 2885 905 quia
2917 838 2973 890 et
2996 834 3183 890 deitas
3209 836 3306 906 [αι.
3327 833 3623 900 divinitas]
3649 848 3835 903 super-

2196 921 2553 995 intelligitur
2582 922 2640 977 in
2673 922 2895 994 Spiritu
2926 926 3146 978 sancto.

2275 1099 2363 1153 30.
2399 1102 2615 1155 Verum
2647 1100 2922 1172 quoniam
2954 1099 3088 1156 inde
3146 1100 3487 1173 quaastiouis
3547 1100 3690 1156 ordo
3742 1101 3832 1157 de-

2195 1187 2405 1243 ductus
2435 1193 2562 1244 est:
2603 1211 2622 1237 α
2660 1189 2805 1245 Cum
2837 1193 3030 1245 autem
3075 1190 3297 1246 venerit
3349 1189 3677 1262 paracletus
3716 1189 3835 1262 Spi-

2195 1275 2344 1331 ritus
2376 1281 2615 1333 sanctus
2646 1279 2714 1345 ιθ,
2746 1294 2921 1349 quem
2945 1279 3138 1334 mittet
3159 1279 3331 1334 Pater
3350 1279 3408 1333 in
3432 1279 3670 1334 nomine
3692 1295 3832 1344 meo,

2195 1363 2292 1420 ille
2319 1381 2421 1421 vos
2454 1365 2684 1421 docebit
2713 1366 2914 1422 omnia
2942 1367 3018 1421 ιτς
3056 1389 3084 1416 ››
3115 1381 3220 1439 age
3252 1383 3408 1422 nunc
3449 1383 3520 1422 ex
3550 1367 3676 1439 ipso
3719 1383 3831 1424 ser-

2191 1470 2364 1510 mone
2389 1471 2742 1526 quaramus,
2775 1454 2826 1511 si
2857 1454 2997 1526 quid
3033 1455 3092 1510 in
3127 1471 3192 1511 eo
3235 1455 3533 1527 possimus
3585 1455 3833 1512 invenire

2190 1558 2325 1599 cum
2355 1543 2449 1599 his
2471 1543 2798 1600 consentire
2829 1560 2955 1615 quae
2986 1543 3144 1599 dicta
3172 1548 3333 1600 sunt.
3365 1543 3646 1616 Spiritum
3677 1560 3837 1599 sanc-

2190 1636 2351 1688 ctum
2382 1650 2416 1688 a
2447 1632 2614 1689 Patre
2644 1632 2704 1687 in
2736 1649 2842 1689 suo
2874 1633 3027 1687 mitti
3077 1633 3334 1699 nomine,
3377 1633 3640 1690 Salvator
3678 1632 3833 1688 afﬁr-

2190 1725 2332 1786 mat,
2364 1737 2497 1777 cum
2522 1721 2758 1794 proprie
2788 1721 3106 1778 Salvatoris
3150 1737 3363 1778 nomen
3415 1722 3494 1778 sit
3532 1721 3733 1791 Filius,
3783 1720 3829 1776 si

2191 1811 2430 1883 quidem
2461 1814 2682 1866 naturas
2713 1810 3096 1880 consortium,
3129 1813 3206 1877 et,
3240 1815 3306 1866 ut
3333 1810 3416 1866 ita
3436 1810 3650 1878 dicam,
3703 1826 3830 1881 pro-

2192 1899 2408 1971 prietas
2439 1914 2846 1971 personarum,
2878 1915 2947 1954 ex
2973 1899 3087 1955 ista
3109 1915 3246 1955 voce
3274 1899 3559 1971 signatur.
3617 1899 3680 1955 In
3721 1914 3833 1970 qua

2191 1987 2581 2060 appellatione
2614 1987 2765 2054 Filii,
2799 1987 3021 2044 missus
3051 2005 3085 2044 a
3113 1991 3284 2045 Patre
3303 1987 3556 2059 Spiritus
3577 1991 3832 2053 sanctus,

2186 2094 2303 2133 non
2337 2092 2562 2148 servus,
2587 2094 2701 2133 non
2734 2075 2908 2145 alius,
2941 2093 3048 2133 nec
3077 2077 3414 2148 disjunctus
3443 2094 3477 2133 a
3507 2076 3650 2132 Filio
3674 2076 3836 2131 intel-

2185 2165 2407 2239 ligatur
2437 2166 2534 2236 [αι.
2562 2164 2955 2237 intelligitur].
2989 2167 3056 2220 Et
3081 2181 3196 2238 quo
3226 2166 3400 2221 modo
3426 2165 3603 2220 Filius
3634 2164 3690 2218 in
3716 2168 3826 2220 Pa-

2186 2255 2291 2310 tris
2318 2253 2706 2326 appellatione
2729 2253 2906 2322 venit,
2937 2253 3138 2310 dicens
3171 2270 3184 2307 :
3219 2276 3248 2303 «
3279 2253 3399 2326 Ego
3429 2251 3557 2308 veni
3591 2253 3744 2309 I38
3766 2252 3825 2307 in

2185 2344 2422 2400 nomine
2433 2343 2622 2398 Patris
2645 2342 2758 2398 mei
2781 2343 2824 2376 ⁴⁸
2845 2358 2858 2397 :
2881 2363 2907 2392 υ
2936 2341 3065 2398 Filii
3082 2342 3300 2414 quippe
3317 2341 3725 2398 tantummodo
3741 2344 3828 2396 est

2185 2433 2245 2488 iu
2276 2431 2515 2489 nomine
2549 2430 2736 2486 Patris
2764 2430 2983 2498 venire,
3015 2429 3177 2486 salva
3207 2430 3560 2502 proprietate
3596 2427 3722 2484 Filii
3753 2429 3820 2483 ad

2185 2523 2434 2589 Patrem,
2467 2524 2524 2576 et
2555 2519 2741 2576 Patris
2763 2519 2833 2574 ad
2859 2518 3070 2574 Filium
3094 2536 3107 2575 :
3141 2519 3223 2575 sic
3245 2535 3275 2574 e
3296 2518 3608 2587 contrario,
3635 2516 3830 2574 nullus

2186 2610 2338 2668 alius
2370 2609 2529 2665 venit
2560 2609 2621 2664 in
2655 2607 2890 2664 nomine
2920 2608 3132 2677 Patris,
3173 2608 3273 2663 sed
3304 2606 3464 2663 verbi
3507 2605 3714 2680 gratia,
3774 2607 3830 2662 in

2182 2697 2437 2764 Domini,
2470 2701 2526 2753 et
2555 2697 2676 2764 Dei,
2710 2700 2767 2751 ct
2795 2695 3243 2768 Omnipotentis.
3270 2697 3433 2762 Quod
3453 2695 3827 2765 manifestum
3899 2690 3904 2695 ’

2181 2789 2478 2844 advertere
2537 2784 2758 2858 poteris
2796 2784 3112 2857 prophetas
3169 2783 3434 2857 relegens
3493 2800 3561 2841 ex
3611 2783 3831 2840 animo.

2179 2877 2325 2933 Nam
2358 2880 2416 2932 et
2444 2875 2672 2946 Moyses
2700 2889 2952 2946 magnus
2981 2873 3085 2929 Dei
3126 2872 3396 2930 minister
3426 2877 3485 2930 et
3541 2873 3825 2942 famulus,

2180 2967 2239 3020 in
2274 2965 2510 3020 nomine
2539 2964 2688 3033 ejus,
2723 2963 2961 3035 quiest:
2985 2966 3043 3018 et
3063 2962 3122 3018 in
3146 2962 3384 3019 nomine
3403 2962 3505 3019 Dei
3527 2962 3823 3018 Abraham

2179 3055 2448 3122 et‘Isaac,
2478 3056 2535 3108 et
2560 3052 2738 3107 Jacob
2785 3050 2963 3116 venit,
3009 3052 3127 3107 Deo
3167 3053 3239 3108 ad
3305 3067 3440 3109 eum
3499 3051 3773 3124 loquente
3817 3069 3829 3106 :

2181 3165 2208 3193 «
2260 3143 2352 3198 Sic
2411 3141 2568 3197 dices
2626 3140 2763 3195 ﬁliis
2809 3139 2990 3196 Israel
3025 3156 3037 3194 :
3072 3139 3180 3204 Qui
3230 3144 3338 3206 est,
3395 3140 3558 3196 misit
3615 3156 3709 3196 me
3754 3141 3826 3196 ad

2179 3248 2283 3288 vos
2312 3232 2392 3286 ‘9:
2428 3253 2456 3280 »
2487 3234 2546 3286 et
2566 3246 2772 3284 rursus
2802 3246 2815 3284 :
2850 3252 2877 3278 «
2913 3228 3081 3284 Dices
3131 3228 3217 3284 eis
3251 3245 3262 3283 ε
3297 3229 3452 3284 Deus
3509 3227 3830 3295 Abraham,

2181 3321 2362 3392 Isaac,
2402 3323 2459 3375 et
2511 3319 2693 3375 Jacob
2753 3317 2918 3373 misit
2971 3333 3064 3373 me
3122 3317 3195 3373 ad
3219 3333 3320 3373 vos
3342 3318 3406 3384 ⁵ο,
3433 3338 3460 3366 ››
3520 3317 3830 3373 Servorum

2181 3409 2397 3482 quippe
2435 3409 2738 3479 justorum
2787 3405 2990 3479 quales
3037 3410 3202 3461 erant
3253 3407 3324 3461 de
3379 3405 3596 3477 quibus
3643 3405 3831 3461 dixit:

2182 3522 2210 3550 «
2234 3497 2522 3554 Mandabo
2550 3496 2611 3551 in
2633 3495 2854 3568 Spiritu
2888 3511 3015 3551 meo
3039 3494 3222 3551 servis
3236 3494 3383 3551 meis
3405 3494 3704 3567 prophetis
3727 3495 3831 3562 5‘,»

2182 3588 2242 3642 in
2275 3586 2512 3642 nomine
2543 3585 2644 3640 Dei
2676 3586 2830 3640 facta
2858 3589 2948 3641 est
2972 3583 3198 3640 missio.
3239 3584 3311 3638 Et
3339 3583 3477 3656 quia
3506 3585 3655 3654 [fort
3709 3583 3835 3656 qui]

2183 3675 2392 3748 dignos
2431 3692 2494 3732 se
2523 3673 2912 3730 cxbibuerunt
2937 3678 3069 3741 Deo,
3103 3671 3164 3727 in
3196 3671 3433 3727 nomine
3474 3671 3575 3728 Dei
3605 3671 3841 3728 venisse

2181 3765 2554 3820 referuntur:
2589 3779 2797 3818 rursus
2829 3761 3284 3835 proﬁcientesin
3343 3761 3560 3832 majus,
3618 3765 3673 3817 et
3722 3762 3842 3816 sub

2183 3852 2360 3908 unius
2414 3851 2514 3907 Dei
2564 3852 2808 3922 imperio
2857 3850 3266 3918 consistentes,
3309 3850 3369 3906 in
3419 3849 3842 3922 omnipotentis

2180 3942 2281 3998 Dei
2313 3941 2750 4012 nuncupatione
2779 3943 3080 3996 venerunt.
3117 3939 3264 4004 Quia
3293 3954 3428 3995 vero
3485 3938 3590 3994 ﬁlii
3650 3938 3837 3995 Israel

2183 4033 2242 4086 in
2273 4032 2513 4104 Egypto
2541 4034 3000 4097 comiuorantes,
3031 4028 3366 4084 didicerunt
3393 4044 3512 4096 eos,
3566 4029 3668 4100 qui
3717 4045 3839 4084 non

2183 4124 2341 4188 sunt,
2380 4120 2547 4192 quasi
2571 4119 2710 4174 deos
2741 4117 2954 4186 colere,
2987 4122 3044 4172 et
3073 4117 3280 4172 mundi
3315 4121 3509 4189 patres
3567 4117 3677 4189 (71)
3740 4117 3842 4172 di-

2179 4209 2313 4265 vino
2346 4208 2564 4264 honore
2585 4207 2868 4272 venerari,
2905 4221 3270 4275 consequens
3301 4206 3430 4275 fuit,
3478 4210 3545 4262 ut
3599 4207 3838 4279 Moyses

423 4296 758 4371 telligi.Quo
781 4295 953 4352 modo
975 4295 1128 4351 enim
1153 4295 1226 4351 ad
1252 4295 1580 4351 Corinthios
1601 4293 1947 4351 vocabulum
1970 4296 2068 4352 Dei
2181 4298 2290 4354 sub
2322 4297 2508 4368 ejus,«
2544 4296 2649 4360 Qui
2677 4301 2789 4362 est,
2830 4318 2857 4344 ››
2888 4294 3170 4351 vocabulo
3191 4295 3262 4350 ad
3285 4310 3384 4351 eos
3404 4293 3755 4364 mitteretur,
3780 4300 3844 4350 et

429 4401 606 4459 super
635 4386 800 4440 Patre
833 4384 1112 4456 positum,
1143 4388 1200 4438 et
1228 4383 1458 4440 Domini
1482 4399 1659 4454 super
1680 4382 1843 4450 Fiiio,
1877 4401 2066 4457 neque
2095 4399 2143 4466 D
2175 4403 2209 4442 a
2241 4385 2404 4441 falsis
2427 4401 2527 4442 eos
2558 4385 2816 4440 liberans
2847 4383 2982 4454 diis,
3042 4384 3116 4440 ad
3169 4399 3367 4440 veram
3397 4413 3400 4416 ~
3430 4385 3845 4440 transduceret

497 4502 540 4535 ³⁸
600 4505 778 4554 Amos
803 4516 889 4565 ιιι,
921 4501 975 4552 7.
1052 4499 1098 4570 37°
1155 4497 1361 4570 Matth.
1423 4498 1788 4570 xx11,437-745.
1875 4501 1918 4536 ⁴⁰
1966 4502 2072 4557 Act

2246 4501 2329 4557 16.
2390 4501 2432 4534 ⁴¹
2479 4501 2600 4554 Act.
2650 4517 2728 4565 IV,
2783 4499 2891 4554 25:
2953 4497 3106 4554 Psal.
3164 4498 3584 4570 11,1.7"7Act.
3634 4515 3849 4566 xxvm,

427 4573 516 4628 25.
603 4571 647 4604 ‘3
706 4572 815 4626 Isa.
849 4584 925 4636 γι,
952 4570 1007 4637 8,
1058 4569 1112 4623 9.
1170 4568 1381 4623 “ibid.
1440 4569 1524 4623 10.
1580 4569 1624 4602 ⁸⁵
1665 4568 1808 4624 ibid.
1874 4573 1960 4627 11.
2041 4574 2076 4610 tt

2188 4589 2311 4631 Dan.
2371 4589 2463 4638 xv,
2521 4572 2612 4626 26.
2673 4571 2714 4604 ‘7
2762 4570 2930 4626 Joan.
2989 4587 3105 4638 xxv,
3165 4570 3255 4625 26.
3311 4569 3355 4604 ⁸⁸
3409 4569 3579 4625 Joan.
3627 4587 3683 4638 ν,
3747 4571 3846 4625 43.
3895 4577 3916 4588 ‘

432 4643 477 4680 ‘9
533 4642 709 4698 Exod.
746 4658 833 4712 ιιι,
863 4641 914 4695 4.
976 4640 1020 4675 ⁵ο
1072 4639 1215 4696 ibid.
1249 4641 1334 4694 15.
1393 4639 1435 4674 ⁵¹
1485 4639 1655 4696 Zach.
1685 4656 1724 4708 1,
1794 4643 1847 4696 6.

499 4761 590 4830 (66
618 4757 838 4832 Vitiose
878 4760 1003 4811 erat
1052 4759 1222 4812 antea
1274 4754 1333 4810 in
1394 4753 1618 4826 aliquot
1666 4755 1840 4812 etiam
1904 4775 2075 4832 mss.,

429 4855 457 4885 α
490 4831 903 4908 ρξρρὲλείειέυω
933 4832 1042 4908 est
1087 4850 1115 4878 »
1465 4896 1474 4907 .

517 4897 617 4974 6η
633 4901 868 4958 Rectius
897 4903 1065 4974 vetus
1096 4897 1293 4974 editio,
1328 4897 1517 4974 «_q7ui_a
1538 4897 1883 4974 essetﬁlius
1896 4899 2073 4956 David

424 4969 737 5046 in'Sp'iritu
769 4976 976 5046 sancto
1008 4969 1332 5046 loquentis,
1357 4970 1510 5024 Dixit
1550 4970 1812 5046 Dominus
1850 4971 2076 5046 Domino

423 5041 588 5100 meo}
619 5044 749 5100 Sede
779 5061 813 5099 α
839 5043 1050 5098 dextris
1087 5041 1255 5108 _meis,
1301 5042 1496 5112 denuo
1557 5041 1956 5112 interrogavit.
2017 5041 2076 5096 Si
2187 5045 2414 5112 probat.
2636 5041 2647 5042 7
2696 5111 2703 5112 7
2746 5111 2750 5112 7
3176 5111 3179 5112 7
3451 5107 3456 5110 _

425 5133 563 5187 ergo
596 5115 770 5187 David
809 5119 981 5187 vocat
1009 5130 1166 5187 eum,
1192 5111 1856 5187 getc._Ali7ler_Thplos.,
1889 5136 1915 5187 7-
1938 5113 2079 5187 cLuia
2187 5111 2370 5187 '7_(69)
2400 5112 2584 5168 Vetus
2616 5111 2815 5179 editio,
2853 5135 2880 5161 «
2913 5128 3040 5183 quae
3071 5111 3293 5184 scripta
3323 5115 3481 5179 sunt,
3514 5111 3573 5167 in
3614 5112 3856 5184 Spiritu

425 5183 582 5242 esset
613 5185 770 5240 ﬁlius
808 5184 1367 5250 David,dixit,David
1395 5184 1549 5238 enim
1578 5183 1842 5255 loquitur
1871 5183 2076 5240 deDeo
2186 5183 2422 5241 dioeret.
2457 5207 2507 5255 7:7
2818 5254 2829 5255 7
2923 5254 2928 5255 7
3404 5253 3411 5255 7
3503 5222 3506 5224 η

425 5259 584 5314 Dixit
610 5257 876 5312 Dominus
905 5256 1141 5327 Domino
1164 5271 1300 5319 meo,
1336 5278 1368 5327 n7
1394 5260 1505 5327 etc.
1660 5253 1673 5255 ⁷
1895 5324 1903 5327 7
2257 5256 2368 5327 (70)
2399 5254 2620 5327 Vitiosa
2648 5257 2772 5309 erat
2801 5254 3032 5310 duobus
3063 5253 3274 5327 verbis,
3305 5277 3332 5303 «
3369 5253 3451 5309 sic
3508 5254 3772 5326 quidem.
3821 5280 3856 5308 ››

496 5330 606 5401 (68)
628 5329 890 5401 Erat_nec
911 5325 1037 5380 sine
1064 5325 1272 5381 soloeco
1296 5349 1322 5376 «
1349 5325 1602 5398 Spiritus
1623 5324 2074 5401 sanctusimpe-
2255 5324 2369 5397 (71)
2398 5325 2709 5401 Obtinebat
2739 5330 2908 5380 antea
2938 5348 2966 5376 ‹‹
2997 5325 3203 5401 mundi
3225 5329 3442 5398 partes,
3473 5347 3502 5374 ››
3525 5324 3643 5401 pro
3675 5348 3706 5377 «
3731 5344 3860 5401 pa-

2183 5396 2324 5479 tres.
2360 5420 2387 5447 ››
2421 5396 2650 5469 Reginae
2679 5413 2799 5453 ms.
2833 5397 3090 5454 secunda
3120 5396 3298 5454 manu
3343 5420 3369 5447 ‹‹

2185 5485 2362 5541 ειρθδ.
2401 5490 2422 5518 ι

2185 4759 2363 4824 tione,
2397 4772 2575 4828 quam
2605 4772 2839 4828 sequor.
2867 4755 2977 4810 Sed
3009 4753 3216 4828 malim
3244 4754 3518 4826 equidem
3551 4755 3624 4828 7in
3650 4826 3657 4828 7
3682 4759 3857 4814 recto

2187 4853 2215 4882 «
2249 4825 2488 4885 sanctus
2513 4851 2544 4901 χ
2560 4825 2989 4901 _retineri,pro_«
3010 4825 3257 4901 imperio
3277 4825 3519 4882 {autem
3550 4826 3715 4901 legi»
3739 4845 3858 4901 per

2185 4917 2342 4966 eum,
2379 4923 2400 4948 ιο
2441 4898 2685 4966 scilicet,
2721 4914 2822 4971 per
2836 4897 3071 4971 Isaiam.
3103 4897 3210 4953 Hic
3230 4913 3443 4970 nempe
3461 4897 3719 4954 auctoris
3739 4897 3857 4955 'est

2186 4988 2420 5037 sensus,
2449 4969 2739 5042 totusque
2779 4969 3018 5024 inferior
3075 4969 3382 5026 contextus
3435 4971 3854 5042 conjecturam

2187 5045 2449 5117 probat."
2494 5116 2498 5117 7
3173 5111 3182 5117 _
3239 5115 3246 5117 _
3445 5107 3456 5117 __
3517 5050 3558 5117 _'

426 5396 531 5457 rio.
560 5396 598 5449 »⁷
619 5399 781 5480 Quod
809 5413 977 5480 nemo
1011 5414 1124 5452 non
1149 5401 1314 5480 putet
1333 5396 1683 5480 typograpbi
1708 5396 2075 5480 mendum,et

3423 5413 3626 5452 mundi
3676 5415 3863 5452 01⁸111-

426 5402 531 5457 rio.
560 5399 595 5449 ››’
619 5399 781 5465 Quod
809 5413 977 5453 nemo
1011 5414 1124 5452 non
1149 5401 1314 5468 putet
1333 5399 1683 5523 tycpographi
1708 5399 2075 5463 mendum,et
2183 5401 2324 5454 tres.
2360 5420 2387 5447 ››
2421 5399 2650 5469 Reginae
2679 5413 2799 5453 ms.
2833 5399 3090 5454 secunda
3120 5414 3298 5454 manu
3343 5420 3369 5447 ‹‹
3423 5399 3626 5454 mundi
3675 5399 3824 5470 prin

423 5476 665 5546 reponat
696 5494 722 5522 ‹‹
757 5469 999 5539 sancti,»
1024 5469 1377 5540 quemadmo
1424 5485 1521 5524 um
1552 5469 1611 5524 in
1631 5468 2075 5541 antiquiss.edi-
2185 5468 2362 5541 cipes.
2401 5490 2422 5518 ι
3255 5524 3261 5530 _
3712 5506 3715 5509 .
