4118 6158
314 186 438 250 137

1054 184 1550 252 TRANSLATIO
1596 187 1803 253 LIBRI
1848 180 2127 251 DlDYMI
2173 188 2273 250 DE
2316 188 2630 253 SPIRITU
2674 192 3001 254 SANCTO.

3580 194 3726 258 ’138

312 320 620 386 deitatem,
654 324 713 376 et
741 320 812 376 ad
838 320 1151 376 Dominum
1186 325 1418 393 patrum
1445 320 1761 390 Abraham,
1791 320 1970 386 Isaac,
2000 317 2056 385 Α
2087 320 2331 375 Domino
2365 322 2577 377 donata
2602 326 2742 377 sunt
2774 324 2857 378 eis
2884 340 2896 377 :
2931 324 3012 379 ita
3041 328 3105 379 ut
3138 324 3188 378 is
3226 325 3324 396 qui
3379 326 3554 381 fuerit
3608 327 3725 398 spi-

309 416 369 465 et
394 409 605 466 Jacob.

382 499 476 553 31.
508 498 637 561 Quo
668 497 840 553 modo
870 514 1009 569 ergo
1039 499 1189 553 servi
1225 498 1323 570 qui
1358 500 1417 554 in
1460 499 1691 554 nomine
1742 496 1968 552 Domini

309 586 580 649 veniunt.
612 603 717 657 per
744 586 855 641 hoc
886 586 1082 658 ipsum
1115 588 1268 658 quod
1297 587 1545 658 subjecti
1578 590 1735 654 sunt,
1771 591 1825 641 et
1856 602 1973 640 ser-

311 676 501 744 viunt,
523 675 792 730 indicant
822 675 1159 745 Dominum,
1194 677 1607 749 proprietatem
1658 676 1786 746 ejus
1818 675 1967 730 refe-

317 768 547 819 rentes:
580 764 731 818 servi
764 764 986 835 quippe
1016 768 1157 822 sunt
1176 764 1443 820 Domini:
1472 764 1554 819 sic
1577 768 1635 821 et
1664 763 1844 819 Filius
1867 763 1968 834 qui

312 851 470 908 venit
493 852 551 906 in
601 852 844 907 nomine
866 852 1075 920 Patris,
1127 852 1541 924 proprietatem
1566 852 1752 907 Patris
1778 856 1971 923 portat

306 944 363 994 et
396 956 634 1004 nomen,
668 944 727 995 et
767 957 871 1011 per
900 941 1022 996 haec
1052 940 1391 1014 unigenitus
1421 942 1519 997 Dei
1548 940 1728 996 Filius
1759 957 1967 1011 appro-

304 1030 481 1085 batur
510 1030 612 1099 (al.
647 1028 1025 1100 appellatur).
1059 1029 1205 1096 Quia
1230 1046 1366 1103 ergo
1412 1030 1664 1100 Spiritus
1730 1033 1968 1084 sanctus

308 1117 367 1171 in
398 1118 642 1172 nomine
679 1117 803 1171 Filii
835 1135 870 1174 a
901 1121 1070 1173 Patre
1102 1118 1376 1186 mittitur,
1406 1119 1629 1174 habens
1655 1118 1784 1174 Filii
1835 1135 1967 1189 pro-

310 1207 641 1276 prietatem,
672 1207 999 1261 secundum
1028 1208 1183 1278 quod
1216 1208 1369 1262 Deus
1437 1211 1545 1274 est,
1598 1223 1714 1261 non
1770 1210 1965 1261 tamen

314 1293 731 1362 ﬁlieitatem,ut
764 1294 945 1350 Filius
984 1296 1111 1366 ejus
1142 1295 1500 1363 sit,cstendit
1529 1295 1668 1366 quia
1699 1295 1810 1367 (7'2)
1840 1294 1965 1349 uni-

310 1388 428 1438 tate
456 1383 803 1454 sitjunctus
833 1384 903 1439 ad
936 1384 1170 1440 Filium.
1205 1385 1368 1440 Unde
1390 1390 1445 1440 et
1475 1385 1600 1440 Filii
1651 1385 1840 1440 dictus
1881 1389 1968 1440 est

302 1472 581 1544 Spiritus,
616 1490 723 1545 per
753 1473 1123 1545 adoptionem
1158 1473 1373 1530 faciens
1405 1474 1556 1529 ﬁlios
1606 1491 1726 1539 eos,
1756 1474 1855 1545 qui
1906 1490 1967 1529 se

298 1560 563 1633 recipere
583 1560 928 1617 voluissent.
960 1584 986 1611 ‹‹
1018 1562 1125 1628 Qui
1148 1562 1358 1629 enim,»
1390 1561 1639 1633 inquit,«
1689 1562 1830 1617 estis
1861 1562 1966 1617 ﬁlii

294 1649 615 1716 Dei,misit
648 1650 819 1705 Pater
849 1650 1132 1722 Spiritum
1164 1650 1291 1705 Filii
1318 1651 1407 1705 sui
1442 1651 1501 1704 in
1538 1650 1715 1705 corda
1744 1658 1964 1718 nostra,
1998 1684 2044 1748 B

294 1736 708 1793 clamantem:
743 1739 931 1805 Abba,
967 1739 1135 1794 Pater
1164 1738 1225 1793 5’.
1264 1764 1290 1787 ››
1323 1742 1432 1794 Iste
1466 1743 1662 1794 autem
1712 1739 1964 1811 Spiritus

293 1832 577 1898 sanctus,
611 1828 716 1900 qui
748 1828 905 1883 venit
926 1828 984 1882 in
1008 1828 1244 1884 nomine
1277 1828 1425 1896 Filii,
1459 1828 1681 1883 missus
1713 1845 1746 1882 a
1776 1828 1963 1894 Patre,

294 1917 537 1971 docebit
559 1916 765 1971 omnia
793 1932 893 1971 eos
925 1915 1025 1987 qui
1056 1916 1114 1971 in
1150 1916 1260 1972 ﬁde
1283 1916 1497 1971 Christi
1533 1917 1771 1988 perfecti
1804 1921 1961 1984 sunt,

300 2005 505 2060 omnia
518 2008 715 2059 autem
731 2004 832 2060 illa
847 2022 974 2077 qua
990 2005 1318 2077 spiritualia
1330 2011 1467 2060 sunt
1480 2010 1536 2060 et
1551 2004 1842 2060 intellectu
1853 2005 1964 2061 alia

302 2097 362 2147 et
412 2098 476 2146 ut
526 2092 681 2148 139
731 2092 984 2148 breviter
1031 2094 1305 2148 universa
1345 2093 1714 2160 concludam,
1766 2095 1963 2149 omnia

296 2182 568 2237 veritatis
599 2187 659 2237 et
687 2182 990 2254 sapientia
1023 2182 1662 2238 sacramenta.Docebit
1683 2199 1961 2249 vero,non

294 2271 469 2343 quasi
486 2271 697 2325 doctor
709 2274 766 2325 et
782 2270 1505 2343 magisterdisciplinze,qu
1516 2288 1608 2326 am
1624 2270 1862 2327 aliunde
1875 2274 1963 2325 est

292 2363 685 2415 consecutus:
709 2359 1000 2431 siquidem
1024 2359 1132 2414 hoc
1150 2376 1350 2416 eorum
1364 2359 1578 2431 est,qui
1605 2360 1958 2431 sapientiam

293 2453 347 2502 et
380 2453 547 2503 artes
578 2446 815 2519 aliquas
848 2448 955 2517 (72)
989 2447 1183 2502 studio
1216 2447 1623 2519 industriaque
1667 2448 1956 2517 didicere;

296 2537 400 2592 sed
436 2536 617 2610 quasi
651 2536 777 2607 ipse
799 2536 894 2607 [αι.
930 2536 1075 2606 ipsa]
1112 2552 1206 2591 ars
1229 2540 1404 2607 atque
1453 2536 1719 2591 doctrina
1765 2541 1821 2592 et
1868 2554 1960 2592 sa-

294 2624 927 2697 pientiaveritatisque
959 2623 1793 2696 Spiritus,indivisibiliter[aL
1812 2625 1959 2680 invi-

292 2712 483 2787 sibili]
516 2712 703 2768 menti
729 2713 997 2768 insinuat
1020 2712 1325 2769 scientiam
1348 2713 1707 2769 divinorum.
1732 2713 1877 2769 Nam
1902 2720 1958 2770 et

293 2806 469 2858 Pater
502 2803 676 2857 docet
706 2802 791 2857 sic
817 2801 1142 2874 discipulos
1172 2820 1334 2869 suos,
1369 2803 1601 2858 dicente
1631 2803 1731 2857 illo
1755 2804 1854 2875 qui
1885 2804 1957 2859 ab

291 2908 360 2947 eo
393 2892 613 2947 doctus
646 2891 872 2946 fuerat:
900 2891 1074 2958 Deus,
1100 2891 1351 2946 docuisti
1376 2908 1467 2947 me
1491 2891 1859 2963 sapientiam.
1889 2893 1959 2947 Et

292 2980 587 3035 audacter
619 2978 737 3035 alio
769 2978 1209 3035 conclamante:
1245 3003 1272 3029 ‹‹
1306 2980 1565 3037 Docuisti
1594 2997 1704 3045 me,
1741 2981 1956 3047 Deus,a

282 3070 534 3139 juvente
566 3084 703 3123 mea
732 3068 811 3122 ‘3:
846 3092 869 3119 ε

2078 406 2255 462 ritum
2290 410 2663 467 revelationis
2693 416 2750 467 et
2790 412 3087 484 sapientiae
3136 418 3502 483 consecutus,
3556 415 3723 471 sufﬁ-

2078 496 2236 550 ciens
2269 498 2344 551 sit
2375 500 2633 555 veritatis
2664 502 2937 572 dogmata
2968 502 3281 573 prmdicare
3304 520 3416 557 non
3441 504 3719 573 humana,

2079 587 2177 638 sed
2211 586 2308 639 Dei
2345 594 2468 642 arte
2499 589 2788 645 subnixus
2815 606 2827 645 :
2862 590 3014 645 sicut
3041 596 3095 645 et
3126 607 3309 645 unum
3344 608 3410 645 ex
3440 592 3533 647 his
3571 596 3720 664 Apo-

2078 673 2259 727 tolum
2294 692 2611 745 possumus
2638 679 3155 745 audire,dicentem
3187 696 3198 733 :
3238 700 3264 728 ‹‹
3298 680 3365 732 Et
3385 680 3718 750 praedicatio

2080 778 2207 816 mea
2233 766 2288 817 et
2319 779 2510 819 sermo
2537 782 2701 820 meus
2726 783 2837 820 non
2864 766 2922 820 in
2944 766 3428 837 persuasibilibus
3450 768 3718 823 humana:

2078 851 2378 921 sapientiae
2408 853 2599 909 verbis
2626 871 2636 909 :
2674 855 2772 909 sed
2806 855 2863 909 in
2898 856 3229 911 ostensione
3253 856 3506 927 Spiritus
3528 861 3585 912 et
3612 856 3723 911 vir-

2076 939 2219 994 tutis
2250 940 2350 995 Dei
2384 941 2497 1011 (74)
2529 943 2590 995 ⁵6.
2628 966 2655 991 ››
2688 942 2985 1013 /Equalem
3008 959 3140 998 vero
3173 944 3415 1015 Spiritui
3448 944 3721 1000 virtutem

2078 1045 2189 1082 non
2200 1046 2516 1099 possumus
2529 1030 2917 1102 aliampreeter
2928 1031 3223 1087 Christum
3240 1033 3555 1089 Dominum
3571 1035 3722 1089 141)

2077 1121 2341 1171 nostrum
2360 1119 2882 1199 interpretari.Ipse
2895 1120 3051 1174 enim
3067 1119 3369 1191 discipulis
3386 1122 3492 1177 ait:
3511 1145 3537 1173 ‹‹
3557 1124 3720 1177 Acci-

2078 1202 2250 1274 pietis
2281 1207 2435 1261 enim
2459 1208 2732 1263 virtutem
2747 1208 2996 1279 Spiritus
3015 1209 3199 1263 sancti
3223 1212 3548 1265 venientem
3576 1211 3717 1282 [ναι.

2077 1294 2385 1365 venientis]
2418 1312 2592 1367 super
2622 1314 2723 1353 vos
2752 1298 2794 1331 δῖ
2821 1314 2867 1364 ;››
2905 1302 2959 1351 et
2988 1298 3058 1352 ad
3078 1297 3312 1353 Mariam
3338 1299 3582 1370 angelus
3618 1301 3717 1369 [αἱ.

2078 1382 2510 1455 archangelus],
2547 1409 2573 1433 ‹‹
2610 1385 2885 1456 Spiritus,
2925 1407 2952 1434 ››
2976 1386 3222 1457 inquit,«
3257 1390 3497 1442 sanctus
3515 1404 3719 1458 super-

2075 1472 2265 1526 veniet
2296 1474 2352 1525 in
2388 1477 2525 1539 te,et
2552 1474 2739 1528 virtus
2770 1474 3056 1529 Altissimi
3084 1475 3458 1530 obumbrabit
3486 1477 3591 1530 tibi
3615 1478 3713 1531 ⁵⁸.»

2077 1559 2334 1615 Creatrix
2364 1562 2544 1634 igitur
2569 1564 2751 1618 virtus
2780 1563 3083 1631 Altissimi,
3119 1564 3338 1635 Spiritu
3376 1569 3577 1619 sancto
3619 1582 3717 1621 su-

2078 1649 2446 1720 perveniente
2469 1652 2526 1705 in
2553 1651 2851 1723 Virginem
2881 1652 3369 1719 Mariam,Christi
3401 1670 3611 1725 corpus
3636 1654 3718 1710 fa-

2075 1738 2350 1793 bricavit:
2387 1756 2502 1810 quo
2537 1740 2633 1795 ille
2667 1759 2810 1797 usus
2839 1740 3078 1813 templo,
3112 1741 3239 1797 sine
3268 1742 3375 1796 viri
3410 1747 3583 1798 natus
3631 1748 3720 1799 est

2074 1827 2318 1882 semine.

2144 1917 2231 1971 32.
2264 1917 2342 1971 Ex
2373 1917 2586 1989 quibus
2617 1920 2946 1974 ostenditur
2975 1936 3102 1975 esse
3124 1918 3403 1990 Spiritum
3447 1924 3715 1976 sanctum
3789 1977 3798 1988 ,

2075 2009 2413 2073 creatorem,
2448 2011 2513 2061 ut
2538 2009 2663 2077 jam
2688 2009 2743 2063 in
2780 2012 3111 2076 Dogmatum
3142 2008 3437 2063 volumine
3470 2009 3719 2064 breviter

2074 2094 2439 2149 ostendimus
2470 2096 2601 2167 (75).
2630 2096 2693 2150 Et
2716 2097 2773 2150 in
2797 2096 3027 2151 Psalmo
3050 2098 3120 2151 ad
3144 2097 3458 2152 Dominum
3481 2098 3714 2153 dicitur:

2073 2204 2099 2230 ‹‹
2132 2183 2372 2237 Auferes
2405 2184 2475 2237 ab
2507 2184 2591 2238 eis
2625 2184 2909 2254 Spiritum
2937 2188 3125 2251 tuum,
3162 2189 3217 2238 et
3248 2185 3537 2253 deﬁcient,
3570 2191 3627 2241 et
3656 2186 3715 2241 in

2072 2273 2285 2325 terram
2321 2288 2488 2326 suam
2532 2277 2909 2328 revertentur.
2948 2272 3156 2327 Emitte
3192 2273 3473 2343 Spiritum
3523 2279 3712 2342 tuum,

2071 2360 2126 2410 et
2156 2358 2533 2427 creabuntur,
2569 2365 2625 2415 et
2656 2361 2958 2415 renovabis
2988 2360 3195 2415 faciem
3227 2366 3395 2416 terra:
3427 2363 3490 2418 ³9.
3529 2386 3556 2411 ››
3600 2363 3715 2419 Nec

2073 2446 2288 2500 mirum
2322 2446 2369 2502 si
2393 2447 2683 2502 Dominici
2708 2454 2936 2504 tantum
2970 2450 3227 2520 corporis
3261 2449 3518 2521 Spiritus
3577 2468 3715 2507 san-

2071 2538 2197 2589 ctus
2218 2535 2483 2589 conditor
2505 2536 2739 2603 sit,cum
2766 2537 2917 2592 Patri
2942 2537 3201 2608 Filioque
3226 2538 3713 2605 sociatus,cadem

2070 2627 2352 2693 potestate
2366 2626 2648 2681 creaverit
2663 2626 2998 2697 omniaquae
3019 2628 3185 2682 Pater
3197 2628 3413 2682 creavit
3433 2632 3489 2682 et
3510 2628 3711 2684 Filius.

2070 2712 2326 2767 «Emitte
2339 2713 2553 2779 enim,»
2576 2714 2676 2781 ait,
2694 2715 3018 2786 «Spiritum
3038 2718 3712 2784 tuum,etcreabuntur.»

2069 2802 2383 2871 Porrojam
2418 2801 2757 2873 frequenter
2803 2804 3169 2859 ostendimus
3224 2805 3486 2875 ejusdem
3512 2823 3714 2877 opera-

2067 2888 2244 2943 tionis
2276 2906 2405 2945 esse
2444 2891 2721 2962 Spiritum
2774 2896 3066 2961 sanctum,
3112 2894 3281 2963 cujus
3328 2900 3415 2948 est
3464 2894 3630 2949 Pater
3659 2898 3715 2949 et

2070 2976 2268 3044 Filius,
2300 2983 2357 3034 et
2387 2980 2446 3033 in
2478 2981 2679 3035 eadem
2704 2981 3037 3052 operatione
3080 2998 3257 3036 unam
3284 2997 3413 3037 esse
3430 2983 3706 3038 substan-

910 3073 1086 3139 atque
1118 3069 1197 3123 ita
1218 3085 1420 3125 omnes
1452 3070 1604 3124 ﬁunt
1624 3068 1799 3125 docti.
1851 3070 1952 3125 Dei
1986 3046 2028 3111 C
2066 3066 2207 3121 tiam
2236 3086 2247 3133 ;
2282 3071 2339 3121 et
2372 3069 2661 3139 reciproce
2688 3086 2889 3123 eorum
2921 3086 3046 3140 quae
3077 3078 3286 3140 δμούσια
3317 3075 3474 3137 sunt,
3509 3088 3709 3143 opera-

290 3173 535 3229 qnoque
565 3156 754 3212 Filius
784 3161 845 3212 et
874 3157 1164 3229 sapientia
1195 3157 1294 3213 Dei
1326 3162 1381 3213 et
1411 3156 1626 3213 veritas
1657 3158 1741 3213 sic
1790 3159 1957 3214 docet
2064 3155 2280 3212 tionem
2314 3173 2549 3227 quoque
2581 3175 2693 3212 non
2736 3174 2865 3213 esse
2908 3159 3219 3214 diversam.
3282 3160 3353 3214 Ut
3399 3165 3595 3216 autem
3653 3165 3710 3217 et

295 3246 617 3317 participes
650 3262 812 3312 suos,
849 3251 914 3301 ut
934 3246 1309 3318 disciplinam
1332 3263 1447 3303 non
1470 3250 1593 3302 arte
1624 3247 1951 3312 doceat,sed

295 3339 540 3389 natura.
578 3333 742 3389 Unde
772 3339 831 3389 et
862 3350 996 3390 eum
1032 3336 1314 3390 docentur
1361 3335 1552 3391 solum
1606 3336 1954 3406 magistrum

298 3437 509 3478 vocare
530 3422 954 3493 discipuli.Has
975 3424 1209 3479 easdem
1235 3423 1576 3495 disciplinas
1598 3441 1722 3495 quae
1745 3425 1959 3479 dantur

309 3526 346 3563 a
372 3510 551 3565 Patre
582 3515 641 3565 et
675 3510 811 3567 Filio
841 3511 899 3567 in
933 3513 1110 3567 corda
1129 3512 1512 3583 credentium,
1544 3513 1801 3583 Spiritus
1831 3529 1959 3569 san-

316 3601 456 3658 ctus
487 3597 779 3653 ministrat
799 3599 888 3657 his
920 3600 1021 3672 qui
1051 3600 1334 3657 animales
1363 3616 1491 3657 esse
1530 3601 1813 3656 desierint
1857 3603 1954 3673 [αι.

314 3686 663 3757 desistunt].
689 3711 715 3735 α
746 3688 1035 3744 Animalia
1054 3690 1267 3762 quippe
1292 3690 1468 3745 homo
1491 3707 1604 3745 non
1629 3691 1871 3763 percipit
1892 3706 1959 3746 ea

310 3792 452 3847 quae
473 3774 718 3847 spiritus
739 3783 883 3833 sunt
906 3779 1007 3846 5‘,»
1030 3779 1323 3833 arbitrans
1346 3795 1473 3834 esse
1495 3779 1809 3835 stultitiam
1832 3797 1958 3850 qua}

304 3865 657 3931 dicuntur;
727 3866 830 3937 qui
893 3883 1024 3923 vero
1071 3867 1678 3939 aperturbationibus
1748 3884 1959 3939 purga-

305 3954 453 4010 verit
486 3958 747 4009 mentem
782 3971 976 4023 suam,
1008 3956 1265 4028 Spiritus
1297 3956 1484 4013 sancti
1517 3956 1870 4027 disciplinis,
1900 3957 1959 4012 id

300 4042 805 4111 est,sermonibus
826 4044 1532 4116 sapientiae,scientimque
1554 4044 1961 4117 complebitur,

302 4131 359 4185 in
393 4136 631 4187 tantum
665 4139 732 4189 ut
761 4133 811 4188 is
849 4133 947 4205 qui
1004 4150 1071 4189 ea
1110 4135 1435 4205 susceperit
1492 4134 1647 4188 dicat
1677 4151 1689 4188 :
1728 4156 1756 4183 ‹‹
1786 4134 1965 4191 Nobis

305 4226 501 4276 autem
526 4210 805 4276 revelavit
834 4222 990 4277 Deus
1030 4239 1133 4293 per
1179 4222 1463 4294 Spiritum
1514 4226 1785 4277 sanctum
1838 4224 1900 4277 ⁵⁵.
1935 4245 1962 4273 η

305 4308 460 4365 Deus
482 4314 687 4366 autem
721 4310 814 4366 his
842 4310 944 4382 qui
971 4327 1034 4365 se
1064 4312 1145 4365 ita
1175 4310 1646 4382 praeparaverint,
1680 4311 1964 4382 Spiritum

2067 3242 2223 3298 aliud
2250 3261 2481 3315 quoque
2504 3246 2908 3301 testimonium
2936 3248 3089 3317 quod
3118 3264 3219 3303 nos
3234 3249 3711 3321 possitadjuvare

2068 3331 2126 3385 in
2160 3332 2271 3387 ﬁde
2301 3332 2554 3404 Spiritus
2587 3334 2771 3389 sancti
2808 3352 3117 3406 ponamus,
3161 3337 3219 3389 in
3272 3336 3582 3409 Evangelio
3630 3337 3710 3392 ita

2068 3436 2260 3475 sermo
2290 3422 2655 3477 contexitur:
2691 3447 2716 3471 ‹‹
2751 3423 2955 3478 Adhuc
2988 3423 3171 3479 multa
3203 3424 3388 3479 habeo
3422 3425 3585 3480 vobis
3627 3426 3712 3480 di-

2067 3526 2215 3576 cere,
2248 3511 2351 3565 sed
2384 3527 2497 3564 non
2532 3513 2774 3581 potestis
2806 3529 2872 3567 ea
2904 3518 3133 3583 portare
3184 3515 3379 3569 modo.
3419 3515 3562 3569 Cum
3610 3532 3713 3569 au-

2068 3604 2181 3653 tem
2217 3599 2441 3654 venerit
2472 3598 2567 3654 ille
2598 3601 2851 3670 Spiritus
2874 3601 3372 3674 veritatis,diriget
3390 3619 3491 3656 vos
3523 3606 3579 3656 in
3598 3619 3716 3658 om-

2070 3705 2200 3742 nem
2234 3686 2557 3742 veritatem.
2591 3688 2787 3759 Neque
2816 3689 2971 3743 enim
3006 3688 3285 3760 loquetur
3316 3707 3349 3743 a
3378 3690 3714 3778 semetipso,

2069 3777 2171 3833 sed
2197 3793 2583 3847 quaecumque
2616 3778 2831 3845 audiet,
2882 3777 3153 3848 loquetur
3177 3796 3188 3832 :
3213 3783 3270 3833 et
3300 3796 3425 3849 quae
3472 3777 3717 3837 ventura

2071 3871 2209 3920 sunt
2240 3865 2617 3920 annuntiabit
2646 3866 2825 3921 vobis.
2866 3866 2964 3922 Ille
2988 3884 3080 3921 me
3113 3866 3458 3923 elariﬁcabit
3496 3869 3719 3941 [al.glo-

2071 3952 2340 4018 riﬁcabit]
2384 3952 2565 4022 :quia
2613 3953 2682 4007 de
2741 3970 2869 4009 meo
2922 3956 3187 4026 accipiet,
3238 3960 3293 4010 et
3345 3957 3718 4012 annuntiabit

2072 4040 2471 4098 vobis.0mnia
2502 4058 2628 4111 quae
2652 4041 2827 4096 habet
2852 4047 3038 4110 Pater,
3065 4061 3193 4099 mea
3212 4050 3371 4099 sunt.
3400 4045 3711 4116 Propterea

2074 4131 2193 4186 dixi
2243 4130 2425 4198 vobis,
2478 4130 2614 4201 quia
2657 4130 2725 4184 de
2780 4147 2907 4185 meo
2950 4132 3214 4202 accipiet,
3261 4137 3317 4186 et
3347 4133 3721 4195 annuntiabit

2074 4219 2237 4275 vobis
2267 4222 2331 4274 ⁸ο.
2368 4242 2394 4267 ››

2147 4310 2236 4364 33.
2270 4310 2350 4363 Ex
2382 4308 2474 4363 his
2519 4308 2674 4363 enim
2730 4311 3231 4364 sacramentorum
3279 4310 3471 4365 verbis
3519 4312 3718 4367 edoce-

304 4397 612 4467 sapientiae
650 4396 1406 4470 revelationisquelargitur
1426 4399 1498 4453 ad
1523 4401 1962 4470 cognocendum
1998 4408 2043 4471 ι)
2081 4398 2395 4470 mur,quod
2439 4414 2569 4452 cum
2606 4397 2789 4452 multa
2820 4398 3111 4454 docuisset
3136 4398 3454 4471 discipulos
3485 4401 3726 4457 suosJe-

309 4485 707 4557 semetipsum
739 4505 752 4555 ;
779 4486 879 4558 qui
913 4486 1263 4559 accipientes
1304 4486 1588 4558 Spiritum
1640 4488 1961 4559 sapientiae,

308 4591 427 4629 non
458 4574 835 4642 aliunde,sed
877 4575 949 4629 ab
980 4575 1106 4646 ipso
1140 4574 1360 4647 Spiritu
1395 4579 1597 4630 sancto
1630 4576 1969 4633 efﬁciuntur

307 4663 634 4734 sapientes,
669 4668 727 4719 et
756 4664 827 4719 ab
860 4663 989 4735 ipso
1021 4663 1359 4736 intelligunt
1379 4664 1785 4735 Dominum,et
1805 4668 1971 4738 quid-

310 4752 455 4823 quid
488 4750 592 4807 Dei
625 4757 716 4807 est
745 4750 1089 4818 voluntatis,
1119 4757 1175 4807 et
1221 4753 1495 4808 eumdem
1545 4752 1740 4825 ipsum
1791 4756 1972 4827 Spiri-

2076 4506 2201 4553 sus,
2224 4487 2466 4542 dixerit:
2503 4510 2529 4535 «
2564 4486 2769 4541 Adhuc
2793 4487 2975 4543 habeo
3009 4487 3263 4559 plurima
3284 4488 3473 4545 dicere
3501 4490 3723 4557 vobis,»

2078 4577 2216 4648 quia
2245 4576 2484 4631 verbum
2517 4575 2697 4641 istud,
2732 4600 2757 4625 ‹‹
2824 4576 3019 4631 adhuc
3067 4577 3253 4633 multa
3297 4577 3480 4634 habeo
3538 4580 3728 4635 dicere

2077 4664 2267 4730 vobis,
2304 4688 2324 4713 η
2372 4681 2486 4718 non
2529 4667 2599 4718 ad
2655 4680 2835 4719 novos
2889 4665 3200 4736 quoslibet,
3248 4671 3303 4721 et
3344 4666 3579 4737 penitus
3630 4666 3725 4721 Dei

2080 4752 2268 4825 gratia
2296 4768 2508 4807 vacuos
2534 4751 2806 4824 dirigitur
2825 4754 2940 4823 (76)
2967 4771 2979 4807 :
3007 4755 3102 4808 sed
3123 4754 3193 4808 ad
3217 4771 3314 4808 eos
3342 4757 3476 4807 141
3511 4754 3607 4825 qui
3633 4770 3730 4809 au-

308 4846 465 4904 tum,
502 4841 632 4912 ipso
664 4840 979 4908 revelante,
1014 4846 1400 4913 cognoscunt,
1434 4846 1500 4897 ut
1534 4842 1723 4897 sciant
1755 4845 1891 4915 quia
1938 4865 1972 4901 a
2081 4843 2301 4897 ditores
2333 4840 2647 4895 verborum
2676 4842 2827 4910 ejus,
2849 4841 3095 4895 necdum
3123 4841 3353 4895 fuerant
3372 4842 3570 4896 omnia
3592 4858 3726 4897 con-

395 4965 444 4999 ⁵²
492 4964 663 5038 Bern.
686 5034 698 5038 _
731 4981 854 5031 VIII,
888 4964 975 5038 lii.
1026 4966 1103 5038 f3
1133 4965 1285 5038 Psalﬁ.
1330 4982 1453 5033 Lxx,
1489 4968 1575 5021 17.
1654 4968 1740 5021 l"'1
1766 4967 1894 5023 Cor.
1931 4986 1963 5024 Il

2082 4971 2113 5023 i.
2172 4970 2216 5003 ⁵⁵
2247 4966 2387 5021 ibid.
2426 4965 2511 5018 10.
2573 4965 2615 4998 ⁵6
2646 4964 2786 5018 ibid.
2840 4967 2892 5018 4.
2949 4967 2990 4999 [³⁷
3042 4968 3163 5019 Act.
3194 4983 3233 5031 Ι,
3292 4967 3344 5020 8.
3417 4966 3458 5000 ⁵⁸
3506 4968 3643 5023 Luc.
3687 4984 3726 5037 Ι,

313 5037 421 5091 35.
495 5036 544 5069 ⁸⁹
568 5034 723 5091 Psal.
756 5052 875 5103 cm,
905 5035 997 5105 29,
1019 5036 1111 5091 30.
1177 5038 1222 5071 ⁶⁰
1247 5037 1417 5093 Joan.
1444 5053 1559 5102 xvr,
1595 5037 1781 5093 12-44.

391 5178 515 5247 (72)
548 5178 635 5234 Ita
660 5192 1020 5232 mss.omnes
1042 5177 1260 5233 habent
1288 5202 1313 5227 ‹‹
1347 5179 1594 5243 unitate,
1624 5199 1651 5225 υ
1683 5178 1823 5234 editi
1851 5197 1981 5237 vero

322 5276 351 5297 4(
393 5250 640 5322 unice.»_
666 5248 795 5303 Mox
820 5249 1143 5303 Vatic.cum
1166 5248 1460 5317 Tholos.,«
1485 5264 1587 5321 per
1607 5249 1979 5322 adoptionem

320 5337 499 5376 suam
530 5319 772 5386 faciens,
807 5341 835 5368 ››
868 5325 978 5375 etc.

398 5392 513 5462 (73)
547 5391 757 5463 Vatic.,
793 5412 822 5441 «
854 5395 915 5463 et
956 5390 1198 5448 virtutes
1235 5390 1526 5463 aliquas.»
1576 5391 1784 5450 Postea
1829 5393 1981 5451 Tho-

324 5463 469 5535 λοι,
505 5486 534 5517 ‹‹
568 5462 670 5521 sed
702 5462 870 5538 quasi
903 5462 1030 5540 ipse
1057 5479 1176 5533 ars,
1212 5485 1241 5514 »
1272 5462 1380 5522 etc.

657 5592 922 5659 ΡΑι-βοι..
993 5589 1212 5659 XXIII.

2168 5181 2285 5252 (74)
2322 5179 2475 5233 idem
2508 5176 2715 5242 Vatic.,
2747 5200 2773 5225 ‹‹
2809 5181 2864 5231 et
2882 5177 3140 5233 veritatis
3171 5178 3291 5247 Dei,
3326 5202 3353 5228 »
3386 5180 3731 5253 Greecoipso

2092 5257 2255 5307 textu
2291 5254 2590 5305 renuente.

2162 5324 2274 5394 (75)
2339 5320 2546 5375 Recole
2604 5337 2747 5394 quae
2796 5320 2863 5394 de
2939 5320 3047 5376 hoc
3104 5320 3251 5377 libro
3314 5334 3429 5394 Περὶ
3473 5332 3737 5393 Δογμάτων

2088 5390 2556 5477 disimussupra
2583 5390 2693 5477 col.
2728 5392 2885 5477 lii/10,
2920 5397 3039 5477 noot.
3072 5393 3160 5446 21.

2161 5463 2277 5542 (76)
2308 5462 2562 5526 Maximo.
2591 5462 2687 5521 hic
2715 5463 3006 5524 dissensio
3046 5464 3468 5537 exemplarium
3497 5466 3603 5519 est.
3636 5463 3757 5531 Ve.

3387 5591 3426 5670 ἤ
