4106 6164
296 287 406 348 Ill

1018 282 1519 350 TRANSLATIO
1566 284 1770 349 LIBRI
1820 281 2094 349 DlDYMl
2148 282 2242 347 DE
2297 282 2607 352 SPIRI'I‘U
2651 286 2974 351 SANC'I‘O.

3584 283 3698 345 142

295 418 516 474 solator
546 433 794 475 manans
824 420 894 475 de
925 421 1286 477 consolatore
1316 423 1447 492 (84),
1495 421 1649 476 Deus
1698 422 1767 476 de
1808 424 1937 488 Deo,
1971 426 2024 493 Α
2056 423 2210 492 quod
2227 422 2397 475 datur
2422 423 2469 476 ei
2494 440 2526 477 a
2546 422 3023 493 Filio.Propterea
3049 425 3241 476 autem
3270 421 3378 475 ista
3400 419 3697 488 dicuntur,

296 507 551 578 Spiritus
584 508 842 563 veritatis
876 510 1214 580 procedens.
1240 509 1499 580 Denique
1528 509 1747 581 nequis
1779 510 1942 564 illum

290 612 323 649 a
352 596 543 651 Patris
571 601 628 651 et
661 596 789 651 Filii
821 597 1122 654 voluntate
1158 604 1214 653 et
1245 599 1522 654 societate
1568 599 1943 668 discerneret,

289 684 576 757 scriptum
608 690 696 740 est
722 702 734 739 ε
771 708 797 734 ‹‹
825 686 949 742 Non
973 687 1128 742 enim
1153 706 1185 743 a
1206 688 1522 759 semetipso
1544 687 1941 759 loquetur,sed

292 773 454 827 sicut
484 773 675 828 audiet
704 772 997 845 loquetur.
1036 798 1063 823 »
1095 774 1196 829 Cui
1232 776 1408 829 etiam
1433 774 1624 830 simile
1646 776 1717 830 de
1749 774 1941 846 seipso

289 860 560 916 Salvator
588 861 700 916 ait:
742 882 765 909 α
802 863 966 917 Sicut
995 863 1187 930 audio,
1222 868 1277 917 et
1300 863 1505 934 judico
1522 864 1564 898 ⁵⁸
1592 882 1604 929 ;
1639 886 1666 913 ››
1692 868 1748 918 et
1770 863 1939 920 alibi:

287 972 315 995 ‹‹
352 950 479 1005 Non
511 954 703 1022 potest
732 950 967 1007 Filiusa
999 967 1060 1007 se
1092 953 1203 1023 (85)
1237 954 1422 1007 facere
1455 953 1799 1024 quidquam,
1828 952 1939 1007 nisi

284 1038 441 1109 quod
476 1038 685 1094 viderit
717 1039 946 1095 Patrem
978 1040 1281 1095 facientem
1303 1042 1402 1095 ⁸ο.»
1430 1041 1486 1096 Si
1505 1040 1659 1095 enim
1675 1058 1828 1095 unus
1852 1044 1942 1095 est

284 1126 433 1181 Patri
470 1128 675 1197 Filius,
710 1144 823 1183 non
848 1129 1023 1199 juxta
1072 1129 1309 1185 Sabellii
1342 1130 1562 1184 dictum
1612 1130 1835 1184 Patrem
1882 1134 1939 1184 et

280 1215 492 1270 Filium
526 1216 964 1283 confundentis,
1008 1218 1107 1273 sed
1134 1219 1308 1288 juxta
1334 1217 1812 1272 indiscretionem
1847 1235 1935 1272 es-

279 1304 633 1372 sentiae,sive
673 1305 1159 1374 substantiae,non
1177 1310 1367 1378 potest
1381 1306 1699 1377 quidquam
1716 1306 1937 1378 absque

280 1398 445 1449 Patre
478 1393 694 1459 facere,
729 1394 868 1465 quia
899 1400 1303 1466 separatorum
1335 1394 1564 1448 diversa
1594 1399 1735 1449 sunt
1765 1410 1937 1464 opera

281 1483 377 1537 sed
409 1482 622 1537 videns
655 1486 991 1553 operantem
1027 1483 1338 1549 Patrem,et
1370 1482 1494 1554 ipse
1515 1488 1933 1554 operatur,non

278 1571 542 1626 secundo
573 1570 780 1643 gradu,
814 1575 869 1626 et
900 1574 1032 1643 post
1062 1570 1229 1626 illum
1262 1588 1530 1644 operans.
1564 1571 1694 1625 Alia
1716 1571 1933 1644 quippe

278 1658 616 1724 Patris,alia
645 1659 772 1713 Filii
808 1676 984 1731 opera
1006 1676 1133 1715 esse
1166 1660 1566 1732 inciperent,si
1600 1678 1713 1715 non
1737 1677 1927 1731 aequa-

276 1747 406 1803 liter
436 1748 669 1803 ﬁerent.
703 1748 1001 1821 Scriptum
1035 1754 1123 1804 est
1153 1754 1347 1804 autem
1375 1766 1387 1802 :
1428 1772 1448 1799 ι
1481 1750 1617 1812 Quae
1646 1749 1801 1803 enim
1832 1748 1930 1804 ille

279 1836 431 1905 facit,
470 1860 497 1885 ι)
535 1836 695 1892 haud
728 1837 976 1893 dubium
1011 1837 1151 1910 quin
1184 1838 1371 1903 Pater,
1409 1862 1434 1885 ‹‹
1470 1838 1591 1892 haec
1621 1839 1822 1893 eadem
1849 1838 1935 1893 Fi-

278 1925 390 1981 lius
422 1926 702 1981 similiter
732 1926 870 1981 facit
899 1928 996 1980 το.»
1031 1927 1192 1992 Quod
1225 1927 1274 1981 si
1306 1931 1582 1998 operante
1625 1927 1787 1982 Patre
1818 1928 1932 1998 (86)

276 2020 332 2069 et
350 2014 529 2079 Filio,
560 2032 674 2069 non
699 2015 870 2085 juxta
895 2014 1181 2082 ordinem,
1235 2016 1407 2088 primi
1441 2020 1497 2070 et
1526 2016 1789 2083 secundi,
1830 2016 1930 2071 sed

270 2104 450 2173 juxta
476 2103 627 2157 idem
666 2106 898 2175 tempus
929 2103 1207 2174 operandi
1239 2104 1443 2159 eadem
1463 2103 1928 2170 etindissimilia,

276 2190 617 2245 subsistunt
651 2191 924 2246 universa
953 2208 1078 2263 qua
1112 2191 1280 2257 ﬁunt,
1314 2197 1369 2247 et
1400 2191 1581 2247 Filius
1616 2210 1725 2247 non
1746 2196 1932 2264 potest

273 2297 304 2334 a
333 2278 661 2350 semetipso
693 2278 1017 2352 quidquam
1037 2281 1243 2346 facere,
1280 2280 1380 2351 qui
1415 2297 1448 2335 a
1479 2284 1647 2335 Patre
1680 2298 1790 2335 non
1825 2298 1929 2351 po-

274 2372 383 2424 test
409 2368 701 2441 separari,
750 2368 833 2423 sic
883 2373 940 2424 et
988 2369 1239 2441 Spiritus
1285 2373 1525 2424 sanctus
1557 2386 1929 2440 nequaquam

273 2463 589 2530 separatus
620 2475 657 2513 a
680 2457 1085 2530 Filio,propter
1106 2457 1425 2515 voluntatis
1441 2463 1778 2529 naturaeque
1794 2474 1927 2513 con-

272 2547 693 2612 sortium,non
727 2548 1041 2618 semetipso
1083 2546 1339 2601 creditur
1382 2546 1565 2619 loqui,
1618 2547 1720 2602 sed
1762 2548 1931 2617 juxta

271 2636 515 2690 verbum
554 2640 611 2690 et
640 2635 943 2690 veritatem
976 2634 1075 2690 Dei
1105 2634 1365 2706 loquitur
1402 2637 1671 2690 universa
1692 2652 1818 2707 quae
1851 2634 1930 2689 lo-

271 2723 667 2795 quitur.Hanc
689 2725 1023 2795 opinionem
1046 2725 1351 2797 sequentia
1365 2725 1591 2780 Domini
1607 2726 1779 2780 verba
1799 2741 1929 2779 con-

271 2814 539 2881 ﬁrmant,
569 2812 857 2868 dicentis:
897 2835 923 2863 «
950 2812 1049 2869 Ille
1070 2830 1163 2868 me
1184 2812 1527 2869 clariﬁcabit
1552 2836 1578 2862 ››
1612 2812 1931 2885 [al.glorifi-

270 2903 471 2973 cabitj,
506 2902 567 2956 id
599 2906 713 2969 est,
744 2902 1108 2969 Paracletus;
1148 2924 1174 2952 «
1207 2903 1305 2974 qui
1336 2903 1406 2957 de
1438 2919 1566 2957 meo
1597 2902 1861 2973 accipiet.
1900 2925 1927 2950 ››

268 2994 532 3045 Rursum
565 2989 683 3059 hic,
716 2991 975 3062 accipere
1008 2991 1103 3060 [αἱ.
1139 2990 1425 3062 accipiet],
1461 2995 1523 3045 ut
1569 2991 1775 3045 divinm
1826 3009 1927 3046 na-

267 3086 409 3134 tura
438 3079 749 3134 conveniat
782 3078 1251 3150 intelligendum.

2056 516 2119 563 ut
2151 512 2415 565 eamdem
2452 511 2505 564 in
2542 512 2823 566 Trinitate
2872 510 3179 564 credamus
3238 526 3363 563 esse
3424 513 3693 563 naturam

2053 599 2305 667 Spiritus
2337 600 2544 665 sancti,
2580 617 2706 670 quce
2739 605 2827 654 est
2848 598 3040 653 Patris
3071 603 3128 653 et
3160 597 3308 652 Filii.

2124 688 2209 741 38.
2246 686 2391 751 Quia
2422 704 2556 759 ergo
2590 687 2871 757 [al.enim]
2905 686 3096 741 omnis
3126 687 3382 739 humana
3414 702 3519 739 vox
3549 686 3695 741 nihil

2051 780 2241 845 potest
2272 775 2430 829 aliud
2464 776 2730 845 judicare
2780 792 2954 847 quam
3006 791 3265 845 corpora,
3318 778 3369 829 et
3415 773 3692 840 Trinitas,

2051 865 2121 918 de
2154 881 2267 934 qua
2292 882 2445 918 nunc
2468 865 2634 919 nobis
2660 881 2849 919 sermo
2870 868 3186 927 est,omnes
3212 862 3542 917 materiales
3566 864 3697 917 sub-

2050 954 2297 1007 stantias
2330 959 2589 1022 superat,
2624 954 2838 1006 idcirco
2873 952 3099 1006 nullum
3136 952 3371 1007 verbum
3422 956 3613 1021 potest
3644 951 3695 1006 ei

2050 1042 2277 1113 proprie
2310 1042 2584 1112 eoaptari,
2620 1047 2674 1095 et
2705 1043 2831 1111 ejus
2891 1042 3220 1112 signiﬁcare
3278 1042 3693 1106 substantiam,

2049 1130 2147 1184 sed
2189 1147 2360 1185 omne
2419 1131 2573 1201 quod
2624 1128 2941 1199 loquimur,
2995 1141 3413 1201 καταγρτβτικῶς,
3468 1129 3522 1183 id
3582 1134 3691 1195 est,

2047 1219 2284 1273 abusive
2316 1223 2422 1282 est,
2457 1219 2597 1272 etde
2621 1216 3079 1288 incorporalibus
3109 1220 3417 1283 cunctis,et
3442 1218 3692 1271 maxime

2045 1324 2177 1361 cum
2212 1308 2281 1361 de
2299 1307 2579 1361 Trinitate
2600 1306 2913 1377 loquimur.
2941 1306 3233 1361 Glorilicat
3262 1308 3454 1376 itaque
3479 1306 3687 1359 Filium

2044 1395 2294 1465 Spiritus
2319 1395 2899 1459 sanetus,ostendens
2926 1395 3089 1447 illum
3109 1399 3165 1448 et
3186 1394 3240 1447 in
3258 1399 3521 1463 apertum
3556 1412 3686 1465 pro-

2045 1486 2233 1539 ferens
2267 1484 2359 1538 his
2391 1484 2488 1555 qui
2524 1484 2743 1537 mundo
2775 1483 2947 1538 corde
2980 1500 3113 1537 eum
3148 1482 3469 1553 intelligere
3502 1488 3556 1536 et
3604 1483 3685 1536 vi-

2044 1574 2177 1627 dere
2208 1576 2346 1627 sunt
2376 1572 2559 1644 digni,
2593 1577 2648 1627 et
2677 1572 3044 1643 splendorem
3070 1572 3432 1638 substantiae,
3466 1577 3521 1625 et
3547 1571 3689 1627 ima-

2042 1661 2238 1731 ginem
2256 1660 2565 1714 invisibilis
2588 1660 2681 1715 Dei
2707 1660 3139 1715 scire.Rursum
3166 1660 3497 1731 imagoipsa
3512 1666 3697 1715 osten-

2047 1750 2191 1803 dens
2224 1766 2284 1803 se
2311 1748 2474 1819 puris
2494 1748 3105 1820 mentibus,gloritlcat
3129 1747 3697 1815 Patrem,insinuans

2046 1853 2180 1892 eum
2217 1836 2631 1903 nescientibus,
2664 1838 2785 1908 ipse
2818 1837 2974 1891 enim
3008 1837 3123 1891 ait:
3159 1860 3183 1885 ‹‹
3221 1837 3325 1899 Qui
3376 1836 3529 1891 videt
3580 1854 3691 1903 me,

2044 1926 2195 1981 videt
2230 1934 2282 1980 ct
2316 1930 2544 1981 Patrem
2579 1928 2680 1979 π.»
2715 1930 2883 1980 Pater
2902 1942 3131 1997 quoque
3184 1924 3445 1980 revelans
3484 1924 3694 1979 Filium

2043 2015 2137 2070 his
2170 2016 2265 2086 qui
2302 2016 2371 2069 ad
2404 2015 2628 2069 calcem
2663 2015 2915 2070 scientiae
2977 2015 3277 2086 pervenire
3337 2019 3691 2083 meruerunt,

2042 2103 2330 2175 glorificat
2362 2103 2731 2175 Unigenitum
2759 2120 2955 2170 suum,
2983 2104 3295 2158 ostendens
3319 2104 3445 2172 ejus
3469 2102 3694 2174 magni-

2044 2192 2337 2247 ﬁcentiam
2377 2192 2975 2263 atquevirtutem.Sed
3012 2192 3207 2263 etipse
3230 2192 3694 2246 Filiustribuens

2044 2282 2325 2353 Spiritum
2369 2286 2637 2336 sanctum
2670 2282 2760 2335 his
2794 2282 2892 2353 qui
2927 2298 2987 2335 se
3020 2281 3229 2351 dignos
3277 2282 3402 2351 ejus
3448 2295 3691 2335 munere

2042 2374 2529 2442 prmparaverunt,
2564 2374 2620 2424 et
2651 2370 2911 2441 pandens
2944 2369 3364 2423 sublimitatem
3398 2370 3494 2439 (al.
3560 2386 3691 2439 pro-

2040 2460 2371 2530 prietatem]
2405 2457 2864 2530 glorificationis,
2898 2462 2953 2512 et
2984 2457 3410 2528 magnitudinis
3427 2458 3555 2527 ejus
3577 2457 3689 2510 vir-

2041 2552 2247 2614 tutem,
2284 2547 2573 2619 glorificat
2603 2546 2769 2601 illum
2802 2548 2934 2619 (87).
2989 2547 3205 2601 Deinde
3264 2546 3689 2617 interpretatio-

2042 2654 2173 2691 nem
2208 2637 2465 2691 inferens
2497 2653 2629 2691 cum
2652 2636 2822 2691 modo
2856 2638 2964 2706 (88)
2999 2636 3345 2701 dixisset,de
3379 2652 3506 2689 meo
3539 2634 3697 2689 acci-

2040 2724 2177 2796 piet,
2212 2724 2480 2796 protinus
2513 2725 2761 2794 subjecit
2791 2742 2801 2778 :
2845 2746 2863 2772 α
2900 2725 3111 2779 Omnia
3144 2742 3270 2796 quae
3301 2725 3477 2780 habet
3497 2725 3685 2791 Pater,

2040 2830 2170 2868 mea
2201 2818 2375 2879 sunt;
2409 2820 2713 2886 propterea
2742 2814 2880 2877 dixi,
2917 2815 2986 2868 de
3018 2831 3145 2869 meo
3178 2815 3422 2885 accipiet
3488 2818 3546 2868 et
3576 2831 3687 2867 an-

2040 2902 2336 2957 nuntiabit
2364 2903 2527 2957 vobis
2559 2904 2622 2967 τε,
2662 2926 2687 2951 ››
2720 2903 3151 2974 quodammodo
3184 2903 3450 2974 loquens,
3476 2902 3629 2956 Licet
3654 2920 3687 2957 a

2038 2995 2205 3045 Patre
2230 2992 2508 3061 procedat
2548 2990 2798 3061 Spiritus
2830 2991 3108 3060 veritatis,
3151 2996 3207 3046 et
3259 2993 3354 3045 det
3400 2990 3483 3044 illi
3534 2991 3687 3045 Deus

2038 3079 2320 3150 Spiritum
2353 3084 2620 3134 sanctum
2650 3081 2984 3149 petentibus
3018 3097 3098 3145 se,
3146 3085 3338 3134 tamen
3380 3079 3516 3151 quia
3561 3096 3685 3133 0m-

336 3171 427 3222 37.
464 3168 771 3233 Quomodo
803 3184 938 3238 ergo
974 3167 1153 3223 Filius
1183 3169 1352 3235 dans,
1388 3184 1499 3223 non
1541 3170 1801 3239 privatur
1832 3168 1923 3223 his
1955 3161 1997 3226 C
2038 3169 2135 3223 nia
2167 3169 2278 3239 (89)
2313 3186 2439 3240 quae
2472 3168 2646 3222 habet
2676 3168 3003 3237 Pater,mea
3034 3174 3256 3235 sunt,et
3288 3170 3411 3239 ipse
3433 3169 3685 3239 Spiritus

271 3258 367 3326 ξαι.
405 3256 589 3324 enim}
622 3273 750 3327 quae
781 3256 1008 3320 tribuit,
1044 3272 1231 3328 neque
1263 3273 1396 3311 cum
1431 3257 1643 3311 damno
1679 3275 1783 3312 suo
1816 3258 1923 3311 im-

267 3345 443 3418 pertit
476 3344 632 3411 aliis,
665 3345 747 3399 sic
808 3350 865 3399 et
900 3344 1153 3416 Spiritus
1184 3362 1297 3401 non
1330 3344 1540 3416 accipit
1590 3346 1742 3416 quod
1791 3350 1926 3401 ante

268 3451 389 3488 non
422 3433 651 3487 habuit.
685 3434 743 3488 Si
772 3433 928 3487 enim
961 3434 1115 3505 quod
1140 3434 1303 3505 prius
1336 3418 1450 3488 non
1483 3433 1735 3489 habebat
1765 3450 1923 3488 acce-

266 3523 384 3594 pit,
436 3520 721 3577 translato
764 3523 820 3576 in
867 3521 1047 3576 alium
1100 3539 1363 3589 munere,
1417 3538 1634 3577 vacuus
1687 3522 1929 3594 largitor

262 3611 527 3665 effectus
546 3614 883 3674 est,cessans
916 3610 1129 3665 habere
1176 3615 1316 3665 144
1352 3611 1506 3681 quod
1543 3610 1923 3675 tribuit.Quo-

264 3697 461 3753 modo
493 3697 671 3769 igitur
696 3716 875 3771 supra
905 3699 975 3754 de
1016 3699 1240 3754 naturis
1290 3699 1755 3771 incorporalibus
1805 3701 1924 3755 dis~

265 3790 562 3858 putantes
591 3786 1001 3853 intelleximus,
1034 3786 1116 3842 sic
1163 3792 1220 3842 et
1260 3805 1416 3842 nunc
1457 3788 1741 3859 Spiritum
1791 3806 1923 3844 san-

270 3881 441 3930 ctum
480 3891 515 3929 a
546 3874 685 3930 Filio
743 3876 1023 3947 accipere,
1055 3876 1110 3929 id
1146 3876 1296 3947 quod
1334 3894 1451 3932 suae
1484 3880 1707 3932 natura:
1740 3879 1926 3933 fuerat

263 3964 748 4037 cognoscendum
776 3965 870 4035 (al.
903 3963 1377 4037 intelligendum]
1411 3970 1519 4032 est,
1552 3970 1604 4021 et
1639 3983 1751 4021 non
1786 3967 1924 4021 dan-

257 4058 384 4108 tem
417 4057 474 4108 et
497 4052 904 4125 accipientem,
938 4054 1043 4108 sed
1074 4070 1252 4108 unam
1286 4054 1618 4125 signiﬁcare
1648 4054 1923 4109 substan-

260 4142 433 4196 tiam.
466 4141 775 4212 Siquidem
806 4144 862 4195 et
892 4141 1071 4196 Filius
1119 4142 1322 4197 eadem
1372 4158 1405 4195 a
1448 4142 1613 4197 Patre
1665 4143 1924 4215 accipere

258 4230 736 4301 dieitur,quibus
757 4230 877 4302 ipse
899 4229 1399 4302 subsistit.Neque
1422 4231 1576 4285 enim
1601 4231 1740 4303 quid
1763 4232 1919 4287 aliud

256 4325 351 4374 est
403 4320 609 4388 Filius,
670 4319 925 4391 exceptis
984 4318 1209 4390 hisqua:
1265 4319 1316 4375 ei
1365 4320 1581 4374 dantur
1637 4337 1669 4374 a
1730 4325 1922 4391 Patre,

255 4424 454 4478 neque
482 4406 606 4463 alia
638 4407 975 4463 substantia
1006 4412 1093 4462 est
1120 4406 1377 4479 Spiritus
1410 4408 1599 4463 sancti
1627 4414 1834 4481 przeter
1864 4408 1918 4463 id

2036 3257 2225 3312 Patris
2242 3274 2407 3311 meus
2425 3262 2535 3321 est,
2554 3257 2693 3312 “5
2711 3258 2850 3311 etde
2890 3274 3019 3312 meo
3034 3258 3453 3329 accipiet.Cave
3482 3260 3684 3311 autem

2037 3362 2169 3400 cum
2196 3346 2310 3400 ista
2340 3346 2617 3399 dicuntur
2648 3364 2717 3400 ne
2757 3362 2928 3417 grave
2960 3346 3176 3401 labaris
3212 3345 3601 3417 intelligentiae
3625 3344 3685 3399 in

2034 3433 2241 3489 vitium
2277 3436 2477 3505 (98),et
2510 3439 2675 3506 putes
2708 3452 2826 3489 rem
2854 3434 3108 3505 aliquam
3130 3440 3340 3500 esse,et
3364 3434 3683 3506 possessio-

2037 3540 2193 3587 nem,
2227 3540 2353 3593 quaz
2388 3540 2420 3576 a
2452 3523 2616 3577 Patre
2647 3523 2935 3578 habeatur
2961 3541 3025 3577 ac
3062 3524 3220 3577 Filio.
3282 3524 3495 3577 Verum
3555 3538 3683 3593 quas

2037 3611 2213 3666 habet
2232 3616 2402 3666 Pater
2424 3612 2594 3681 juxta
2620 3611 3037 3677 substantiam,
3071 3612 3127 3665 id
3160 3612 3679 3678 est,zeternitatem,

2037 3699 3203 3770 immutabilitatem,incorruptionem,im
3216 3698 3554 3754 mutabilem
3573 3698 3684 3769 (91)

2036 3789 2361 3843 bonitatem
2395 3788 2466 3843 de
2498 3805 2557 3843 se
2581 3793 2637 3844 et
2668 3789 2725 3842 in
2760 3806 2820 3843 se
2852 3788 3291 3855 subsistentem,
3327 3788 3448 3843 bzec
3478 3788 3681 3843 eadem

2037 3876 2216 3931 habet
2246 3881 2300 3930 et
2336 3877 2532 3931 Filius.
2568 3878 2723 3941 Et,ut
2754 3876 3469 3949 plusinl‘eram,quidquid
3506 3876 3683 3932 Filius

2036 3964 2158 4036 ipse
2192 3964 2480 4030 subsistit,
2515 3970 2570 4019 et
2601 3982 2963 4036 quazcunque
2994 3972 3131 4020 sunt
3162 3966 3305 4033 Filii,
3340 3967 3458 4021 hzec
3480 3967 3683 4021 eadem

2035 4059 2091 4109 et
2122 4054 2289 4108 Pater
2322 4052 2517 4108 habet.
2549 4053 2750 4107 Procul
2802 4054 2934 4108 hinc
2994 4056 3188 4109 absint
3246 4055 3680 4111 dialecticorum

2036 4141 2364 4207 tendiculae,
2398 4147 2451 4197 et
2484 4141 2847 4213 sephismata
2877 4160 2908 4196 a
2938 4145 3175 4197 veritate
3208 4142 3518 4213 pellantur,
3554 4159 3680 4213 quze

2036 4232 2399 4287 occasionem
2436 4230 2753 4301 impietatis
2767 4247 2833 4285 ex
2856 4231 2949 4301 pia
2971 4232 3375 4301 praedicatione
3392 4230 3681 4301 capientia

2035 4318 2271 4375 dicunt:
2309 4321 2456 4392 Ergo
2487 4323 2542 4374 et
2572 4323 2742 4374 Pater
2770 4324 2860 4373 est
2906 4318 3105 4385 Filius,
3168 4324 3223 4374 et
3284 4318 3458 4374 Filius
3488 4319 3676 4374 Pater.

2033 4409 2088 4462 Si
2121 4408 2275 4463 enim
2312 4408 2572 4475 dixisset,
2607 4408 2805 4463 omnia
2850 4424 3214 4479 quaecunque
3267 4408 3443 4463 habet
3500 4408 3675 4475 Deus,

326 4550 375 4584 ⁵⁸
404 4551 579 4606 Joan.
612 4566 670 4619 v,
700 4550 790 4616 30,
852 4550 897 4584 5°
928 4549 1067 4604 ibid.
1131 4552 1212 4605 19.
1272 4550 1317 4584 το
1347 4549 1486 4605 ibid.
1551 4552 1591 4585 τι
1623 4551 1788 4606 Joan.
1832 4567 1949 4622 xiv,
1982 4551 2035 4607 9.
2096 4552 2138 4585 τ’
2169 4551 2312 4605 Joan
2356 4568 2473 4618 xxv,
2511 4554 2592 4607 t5.

321 4704 444 4771 (84)
480 4702 671 4757 Penes
699 4701 1045 4759 Gratianum
1077 4706 1165 4759 est
1194 4727 1219 4752 ‹‹

252 4777 400 4846 Deo,
429 4773 693 4845 Spiritus
721 4775 984 4829 veritatis
1014 4773 1332 4846 procedens
1364 4793 1397 4831 a
1429 4777 1691 4844 veritate,
1726 4792 1925 4832 conso-

256 4844 420 4899 lator
448 4844 726 4910 manans,
775 4868 793 4893 ι
826 4850 935 4900 etc.
974 4864 986 4900 :
1016 4844 1256 4901 rectius.

328 4918 447 4983 {85)
482 4914 739 4971 Voculas
768 4938 793 4963 ‹‹
831 4933 863 4971 a
894 4933 954 4971 se
988 4939 1015 4967 »
1047 4934 1113 4971 ex
1142 4918 1328 4972 Vatic.
1373 4914 1734 4981 suflecimus,
1786 4934 1923 4972 con-

256 4987 565 5041 sentiente
637 4986 811 5041 etiam
863 4986 1056 5042 Grazco
1103 4993 1263 5042 textu
1316 4996 1396 5046 ἀφ’
1460 4995 1651 5043 ἑαυτοῦ.
1712 4989 1927 5042 Deinde

257 5065 435 5113 vetus
459 5058 643 5113 editio
678 5075 689 5112 :
722 5082 741 5106 σ
772 5057 828 5111 Si
855 5059 1010 5113 enim
1033 5076 1213 5113 unum
1235 5064 1325 5114 est
1340 5047 1509 5113 Pater
1532 5064 1589 5113 et
1606 5058 1788 5113 Filius
1812 5076 1925 5113 non

252 5132 431 5199 juxta
465 5128 709 5201 Sabellii
740 5129 1001 5185 dictum:
1041 5154 1068 5179 ››
1109 5131 1336 5186 codices
1386 5130 1570 5185 Vatic.
1620 5134 1675 5185 et
1720 5130 1924 5201 Regin.

262 5226 285 5245 ς,
324 5200 578 5255 Sabellii
609 5199 837 5255 vitium.
870 5225 892 5253 ι

334 5274 451 5342 3'86)
490 5270 697 5340 Regia.
735 5288 868 5339 ms.,
908 5293 929 5321 ι
991 5272 1290 5336 Quomodo
1349 5275 1623 5343 operante
1682 5271 1865 5343 Patre,
1900 5294 1927 5321 »

264 5344 524 5408 rectius,
558 5349 614 5397 et
647 5342 818 5413 paulo
867 5348 999 5414 post
1054 5342 1452 5398 consentiente
1502 5343 1676 5397 etiam
1720 5342 1927 5410 Vatic.,

264 5440 287 5460 ιι
326 5416 547 5470 eadem
583 5418 641 5468 et
671 5414 888 5469 similia
919 5414 1270 5470 subsistunt.
1308 5438 1335 5463 »

336 5488 449 5555 ,8‘7)
487 5484 852 5556 Iidemmss.
886 5501 1020 5542 cum
1049 5485 1227 5556 veteri
1260 5484 1421 5556 edit.,
1460 5484 1775 5556 «pandens
1800 5484 1929 5556 ejus

262 5554 366 5631 ίζαι-
399 5554 511 5631 εἰει)
548 5555 976 5615 sublimitatem
1008 5555 1447 5630 glorificationis
1477 5554 1533 5613 et
1563 5554 1926 5631 magnitudi-

1275 4704 1595 4777 procedens
1651 4704 1805 4760 Deus
1854 4704 1924 4761 de
1955 4707 2001 4773 D
2034 4704 2147 4770 nis,
2176 4703 2481 4777 gloriﬁcat,
2518 4726 2543 4754 υ

2108 4776 2217 4847 (88)
2243 4777 2500 4831 Emendo
2532 4792 2599 4831 ex
2630 4776 2848 4832 Barthii
2891 4779 3244 4847 conjectura,
3288 4794 3419 4831 cum
3468 4791 3676 4846 perpe-

2036 4864 2158 4901 ram
2194 4852 2348 4919 esset
2381 4864 2497 4901 uno
2527 4849 2701 4902 verbo
2736 4850 3098 4919 «quomodo.
3137 4872 3159 4893 ››

2107 4919 2217 4987 (89)
2250 4918 2321 4972 Ut
2354 4935 2562 4972 sensus
2596 4916 2842 4981 constet,
2875 4920 3137 4973 voculam
3172 4942 3196 4965 ‹‹
3225 4916 3304 4969 illi
3346 4940 3369 4961 ι)
3394 4920 3683 4986 expunget

2034 4993 2157 5043 tum
2193 4990 2529 5061 Regin.cod.
2565 4991 2972 5060 «petentibus,
3008 5006 3169 5060 aeque
3200 4993 3391 5042 tamen
3424 4988 3676 5053 omnia,»

2036 5066 2144 5113 etc.

2109 5131 2221 5200 (90)
2250 5130 2449 5184 Malim
2484 5130 2637 5201 quod
2668 5130 2723 5183 in
2754 5131 2927 5183 veteri
2959 5132 3094 5184 edit.
3137 5134 3260 5184 erat
3307 5154 3331 5177 ‹‹
3392 5147 3462 5184 ne
3506 5146 3685 5201 prava

2038 5201 2427 5327 ifptelligentia
2460 5200 2675 5255 labaris
2700 5201 2758 5254 in
2792 5201 3020 5267 vitium,
3059 5224 3085 5249 »
3118 5201 3209 5257 cui
3262 5202 3376 5256 fere
3428 5200 3686 5256 concinit

2091 5290 2245 5327 eam.
2276 5290 2385 5327 ms.

2091 5290 2245 5327 6211').
2276 5290 2385 5327 ms.

2111 5290 2398 5413 (ξδ’ιῖᾓῆ
2441 5363 2465 5393 α
2499 5342 2925 5397 immutabilem
2967 5365 2987 5393 υ
3021 5344 3279 5398 abundat
3310 5344 3401 5397 hic
3436 5343 3685 5409 loci,nec

2042 5415 2099 5485 in
2139 5415 2366 5485 Reginae
2403 5431 2510 5467 ms.
2548 5414 2856 5468 invenitur.
2905 5416 3121 5470 Deinde
3172 5417 3364 5483 verba,
3429 5438 3453 5461 ‹‹
3482 5416 3567 5482 Et,
3622 5418 3686 5468 ut

2044 5484 2759 5558 plusinferam,quidquid
2784 5486 3095 5558 FiliUsipse
3120 5487 3524 5556 subsistit,»ex
3539 5501 3681 5540 mss.

2042 5557 2305 5617 omnium
2330 5557 2622 5614 consensu
2655 5574 2719 5617 ac
2746 5558 2856 5616 ﬁde
2887 5557 3149 5616 restituo.
