4118 6158
373 313 490 377 143

1616 316 1683 377 S.
1728 313 2035 378 EUSEBII
2081 313 2520 380 HIERONYMI

3653 316 3768 378 tu

373 463 503 503 mea
527 445 1601 520 sunt,haberetimpietasoccasionem
1624 448 2011 521 conﬁngendi,
2042 450 2094 516 Α
2127 453 2312 505 Pater.
2364 451 2494 523 Ipse
2529 451 2687 506 enim
2735 449 2985 522 Spiritus
3044 449 3460 532 testimonium
3497 449 3770 522 perhibet

372 539 430 592 et
457 535 772 592 verisimile
800 535 1100 592 videretur
1129 553 1256 593 esse
1291 537 1688 594 mendacium.
1723 537 1865 593 Cum
1886 553 2020 592 vero

372 623 636 692 dixerit,«
669 624 878 680 Omnia
899 641 1028 696 quae
1059 624 1231 680 habet
1260 629 1428 682 Pater
1454 641 1584 681 mea
1614 630 1808 692 sunt,»
1832 626 2018 682 Patris

371 714 610 771 nomine
638 730 701 771 se
733 712 944 769 Filium
976 713 1314 783 declaravit,
1347 715 1888 787 paternitatem,qui
1926 715 2017 770 Fi-

372 803 488 860 lius
517 807 660 871 erat,
691 819 805 858 non
841 803 1165 876 usurpavit,
1200 820 1539 876 quanquam
1572 808 1628 858 et
1651 804 1774 875 ipse
1798 820 1900 875 per
1919 804 2017 859 ad-

2129 538 2360 610 Spiritui
2416 543 2634 606 nostro,
2696 540 2833 612 quia
2907 557 3117 596 sumus
3176 539 3283 594 filii
3359 539 3482 595 Dei.
3541 539 3603 594 Si
3662 555 3769 595 au-

2127 630 2246 682 tem
2279 627 2408 696 filii,
2434 633 2490 684 et
2519 628 2774 684 haeredes
2808 645 2820 683 :
2856 628 3116 685 haeredes
3149 629 3390 701 quidem
3416 627 3539 697 Dei,
3572 628 3767 684 cohae-

2127 715 2292 770 redes
2323 721 2520 772 autem
2551 716 2798 773 Christi:
2833 717 2878 772 si
2911 723 3105 774 tamen
3149 717 3565 790 compatimur,
3610 719 3676 772 ut
3711 721 3770 772 et

2126 803 2634 876 congloriﬁcemur
2663 806 2724 860 ⁷⁵.
2762 828 2790 853 ››
2824 805 2886 860 In
2910 807 3178 878 praesenti
3221 804 3480 878 Apostoli
3509 804 3766 877 capitulo

373 891 626 965 optionis
651 891 1248 964 gratiam,multorum
1273 897 1610 948 sanctorum
1636 892 1711 947 sit
1734 893 2012 961 Pater,se-
2131 891 2385 964 plurima
2415 894 2486 948 de
2519 895 2791 948 societate
2821 895 3092 966 Spiritus,
3117 911 3294 967 quam
3317 894 3646 950 habetcum
3667 892 3770 950 Pa-

375 981 636 1037 cundum
663 980 810 1036 illud
828 981 983 1052 quod
1007 981 1333 1038 inPsalmis
1356 981 1625 1053 legitur,«
1650 980 1710 1037 Si
1733 981 2016 1036 custodie-
2125 985 2210 1037 tre
2244 988 2299 1038 et
2336 982 2478 1038 Filio
2511 983 3003 1039 demonstrantur.
3051 983 3144 1039 Ait
3190 984 3406 1056 quippe
3453 981 3768 1055 Apostolus

371 1069 489 1127 rint
516 1070 620 1126 lilii
651 1071 737 1126 tui
765 1071 809 1104 ⁷³
835 1087 848 1138 ;
885 1092 912 1119 ››
943 1074 1000 1126 et
1029 1070 1242 1125 iterum
1273 1087 1284 1124 :
1323 1093 1350 1120 «
1382 1070 1441 1126 Si
1474 1069 1890 1142 dereliquerint
1913 1068 2015 1124 filii
2115 1071 2601 1142 justiﬁcationem
2638 1072 2919 1139 divinam,
2954 1078 3012 1127 et
3033 1071 3355 1144 spiritualis
3377 1071 3524 1144 legis
3550 1071 3764 1143 expleri

371 1160 500 1231 ejus
529 1160 717 1232 legem
740 1174 933 1214 meam
954 1159 1054 1212 7‘.»
1074 1158 1187 1214 Sed
1208 1159 1267 1213 in
1291 1158 1399 1214 hoc
1422 1174 1693 1214 sermone
1717 1175 2015 1230 sensuque
2124 1159 2180 1214 in
2212 1160 2305 1217 his
2330 1179 2342 1216 :
2376 1178 2491 1216 non
2525 1160 2624 1232 qui
2649 1161 2820 1231 juxta
2850 1177 3083 1216 carnem
3115 1159 3442 1227 ambulant,
3470 1161 3570 1216 sed
3602 1161 3767 1232 juxta

370 1248 705 1321 praeposito,
745 1252 1169 1319 consequenter
1195 1265 1262 1303 ea
1291 1265 1417 1320 quae
1451 1248 1706 1304 diximus
1745 1248 2014 1320 superius
2123 1250 2431 1320 Spiritum.
2462 1250 2640 1305 Juxta
2661 1266 2896 1304 carnem
2930 1248 3356 1316 ambulantem,
3389 1265 3522 1304 eum
3548 1249 3768 1321 quiper

369 1335 561 1392 Patris
590 1352 739 1406 esse,
770 1336 943 1391 habet
972 1340 1029 1392 et
1057 1335 1258 1407 Filius,
1285 1341 1342 1392 et
1371 1354 1499 1408 qua:
1535 1337 1664 1392 Filii
1699 1342 1860 1403 sunt,
1909 1338 2011 1393 ha-

366 1424 462 1481 bet
487 1429 544 1481 et
574 1425 826 1498 Spiritus
858 1430 1116 1481 sanctus.
1150 1426 1244 1480 Ait
1273 1425 1508 1498 quippe,
1542 1449 1568 1475 ‹‹
1637 1427 1705 1481 de
1723 1443 1850 1482 meo
1872 1426 2014 1481 acci-

363 1514 502 1587 piet,
536 1519 841 1587 propterea
870 1519 926 1570 et
957 1517 1196 1570 ventura
1225 1514 1600 1570 annuntiabit
1631 1515 1814 1570 vobis.
1848 1537 1876 1565 »
1906 1515 2014 1570 Per

364 1604 647 1676 Spiritum
670 1604 966 1676 siquidem
986 1603 1494 1671 veritatis,sanctis
1514 1603 1653 1660 viris
1677 1603 2008 1659 futurorum

365 1694 611 1750 scientia
640 1697 798 1750 certa
828 1693 1184 1748 conceditur.
1238 1692 1399 1748 Unde
1447 1699 1503 1747 et
1551 1693 1844 1764 prophetae
1897 1693 2006 1748 hoc

362 1784 566 1840 eodem
597 1781 798 1855 repleti
831 1781 1074 1854 Spiritu,
1106 1781 1578 1853 praenuntiabant
1609 1797 1786 1837 sensu
1812 1782 2008 1853 (92),et
2038 1813 2086 1877 B

366 1871 533 1945 quasi
565 1871 877 1944 praesentia
907 1870 1311 1941 intuebantur,
1346 1887 1474 1942 quae
1524 1875 1688 1925 erant
1735 1869 2009 1942 deinceps

364 1965 654 2018 secutura.
689 1960 844 2017 Satis
874 1960 996 2015 haec
1027 1961 1376 2032 abundeque
1398 1959 1797 2032 iuxtaingenii
1825 1959 2009 2014 nostri

371 2054 771 2124 paupertatem
804 2049 876 2105 de
906 2049 1177 2122 praesenti
1208 2048 1772 2121 Evangeliicapitulo
1794 2048 2009 2124 dixisse

365 2139 638 2197 sufficiat.
673 2139 733 2195 Si
764 2139 981 2211 quibus
1011 2141 1207 2193 autem
1242 2137 1519 2194 Dominus
1553 2137 1922 2204 revelaverit,
1955 2143 2011 2193 et

365 2230 425 2285 in
442 2229 716 2285 viciniam
739 2228 999 2284 veritatis
1017 2227 1251 2282 adducti
1271 2226 1742 2299 sunt,magisquc
1765 2232 2011 2298 possunt

367 2333 603 2375 cernere
621 2315 1333 2388 veritatem,disputationi
1357 2315 1595 2372 illorum
1619 2316 2009 2371 concedamus

349 2402 628 2478 meliora,
660 2406 877 2479 quibus
907 2404 1004 2461 ille
1034 2405 1389 2477 suffragatur
1410 2405 1508 2477 qui
1533 2410 1620 2460 est
1640 2404 1901 2476 Spiritus
1922 2420 2010 2460 ve-

365 2496 555 2554 ritatis
579 2515 592 2552 :
627 2498 685 2552 et
712 2495 970 2568 petimus
996 2509 1094 2549 eos
1108 2493 1207 2564 qui
1230 2492 1432 2549 lecturi
1457 2497 1686 2562 sunt,ut
1705 2493 2010 2565 ignoscant

364 2585 697 2660 imperitia,
727 2583 1042 2655 studioque
1063 2583 1202 2638 dent
1228 2583 1481 2649 veniam,
1513 2582 1771 2654 cupienti
1820 2586 2008 2638 totum

366 2680 481 2731 Deo
504 2674 709 2731 offerre
729 2673 886 2744 quod
909 2671 1115 2743 potuit,
1144 2670 1278 2727 licet
1299 2687 1468 2727 suam
1491 2687 1606 2726 non
1631 2672 1883 2742 quiverit
1904 2671 2010 2726 im-

363 2765 522 2838 plere
548 2762 931 2820 voluntatem.

436 2857 477 2909 1
489 2853 592 2909 46
607 2850 1106 2922 39.Proponamus
1120 2852 1178 2905 et
1194 2848 1457 2920 Apostoli
1480 2849 1548 2904 ad
1565 2849 1862 2905 Romanos
1885 2849 2012 2921 Epi-

367 2941 527 3000 stolze
539 2939 945 2998 testimonium
962 2938 1402 3012 qumquemobis
1415 2938 1473 2992 in
1488 2937 1588 2993 illa
1599 2939 2008 3010 videnturprze-

368 3033 522 3090 senti
556 3029 812 3087 materia:
833 3043 1152 3100 congruere
1183 3027 1586 3084 ventilemus.«
1623 3027 1694 3083 Ut
1716 3028 2006 3098 justiﬁca-

365 3122 505 3190 tio,»
536 3120 782 3193 inquit,«
809 3117 958 3190 legis
990 3117 1304 3189 impleatur
1324 3116 1382 3171 in
1396 3117 1689 3188 vobis,qui
1709 3134 1822 3173 non
1839 3118 2008 3188 juxta

366 3179 978 3273 carnem‘ambulatis,
1027 3207 1128 3261 sed
1178 3205 1503 3262 secundum
1551 3205 1844 3276 spiritum.
1897 3208 2004 3272 Qui
2037 3179 2078 3246 Ο

367 3297 524 3356 enim
546 3299 716 3369 juxta
745 3311 979 3351 carnem
1013 3297 1171 3361 sunt,
1201 3309 1270 3351 ea
1297 3311 1423 3366 qua:
1456 3295 1651 3350 carnis
1712 3301 1849 3351 sunt
1908 3314 2005 3353 sa-

369 3388 572 3462 piunt:
602 3385 703 3459 qui
733 3385 1047 3455 verojuxta
1063 3383 1431 3455 spiritum,ea
1451 3399 1578 3454 qua:
1606 3384 1847 3456 spiritus
1869 3390 2007 3442 sunt

363 3473 647 3535 sentiunt.
671 3474 970 3546 Sapientia
990 3473 1207 3546 quippe
1228 3472 1421 3528 carnis
1447 3489 1603 3528 mors
1623 3477 1712 3528 est
1737 3492 1749 3528 :
1776 3476 2004 3547 sapien-

360 3567 444 3622 tia
485 3567 680 3622 autem
711 3563 974 3637 spiritus,
1001 3562 1120 3617 vita
1146 3566 1202 3618 et
1231 3579 1369 3634 pax;
1407 3562 1686 3633 quoniam
1720 3564 2006 3635 sapientia

354 3656 549 3717 carnis
580 3654 820 3710 inimica
848 3657 936 3708 est
966 3656 1114 3708 Deo:
1149 3650 1261 3723 legi
1293 3651 1510 3724 quippe
1535 3651 1633 3706 Dei
1658 3669 1772 3707 non
1817 3653 2003 3724 subji-

353 3746 540 3814 citur;
575 3759 763 3818 neque
795 3743 951 3799 enim
978 3743 1194 3814 potest.
1228 3741 1336 3806 Qui
1370 3757 1499 3796 vero
1529 3741 1588 3796 in
1620 3758 1792 3797 carne
1839 3747 1997 3808 sunt,

351 3835 468 3892 Deo
497 3834 727 3907 placere
757 3850 872 3888 non
905 3833 1174 3904 possunt.
1207 3829 1324 3886 Vos
1356 3835 1552 3886 autem
1585 3847 1699 3886 non
1751 3832 1892 3887 estis
1941 3832 1999 3888 in

352 3939 545 3990 carne,
579 3923 679 3978 sed
714 3923 773 3977 in
805 3920 1027 3992 Spiritu
1058 3936 1071 3975 :
1107 3919 1157 3975 si
1182 3923 1376 3975 tamen
1408 3919 1661 3991 Spiritus
1693 3919 1792 3976 Dei
1836 3921 2000 3977 habi-

350 4015 438 4067 tat
464 4010 524 4066 in
554 4009 737 4066 vobis.
770 4008 828 4065 Si
861 4009 995 4080 quis
1025 4012 1224 4064 autem
1272 4008 1553 4079 Spiritum
1616 4009 1831 4064 Christi
1886 4027 1999 4066 non

350 4099 545 4165 habet,
579 4098 676 4154 hic
703 4113 819 4154 non
853 4101 943 4153 est
972 4098 1119 4168 ejus.
1155 4097 1215 4152 Si
1245 4101 1442 4152 autem
1487 4097 1758 4154 Christus
1813 4103 1901 4154 est
1941 4098 1997 4154 in

350 4188 537 4257 vobis,
569 4203 781 4260 corpus
811 4185 1046 4258 quidem
1079 4190 1377 4241 mortuum
1408 4190 1496 4242 est
1525 4191 1760 4258 propter
1791 4203 1998 4258 pecca-

351 4283 500 4347 tum,
531 4276 773 4348 spiritus
794 4291 927 4331 vero
975 4274 1116 4330 vivit
1135 4279 1370 4347 propter
1392 4274 1776 4345 justitiam.Si
1801 4280 1995 4331 autem

349 4365 598 4438 Spiritus
629 4365 756 4435 ejus
787 4364 886 4436 qui
918 4363 1223 4419 suscitavit
1265 4363 1468 4418 Jesum
1517 4379 1550 4416 a
1595 4362 1865 4426 mortuis,
1900 4363 1998 4419 ha-

348 4454 494 4510 bitat
520 4453 579 4508 in
609 4453 774 4509 vobis
810 4495 823 4520 ,
859 4452 958 4524 qui
1005 4451 1307 4508 suscitavit
1361 4451 1564 4506 Jesum
1613 4451 1910 4507 Christum
1961 4472 1995 4508 a

2120 1339 2450 1410 voluptates
2460 1338 2600 1393 vitio
2615 1339 2808 1394 carnis
2825 1338 3049 1410 corpori
3079 1337 3768 1410 copulatus,facitomnia

2122 1444 2245 1499 qua:
2277 1429 2468 1483 carnis
2499 1432 2638 1483 sunt
2667 1428 2762 1498 (al.
2800 1428 2948 1498 esse)
2983 1433 3040 1482 et
3069 1428 3326 1499 corporis
3372 1444 3569 1500 opera,
3625 1444 3767 1500 apo-

2122 1515 2362 1572 stolicus
2389 1532 2582 1572 sermo
2604 1516 2914 1588 descripsit
2938 1517 3038 1585 (al.
3060 1515 3378 1582 describit].
3402 1515 3580 1571 Porro
3593 1517 3766 1587 juxta

2121 1604 2403 1676 Spiritum
2437 1603 2832 1660 ambulantem
2864 1621 3021 1670 eum,
3054 1604 3154 1676 qui
3175 1603 3236 1660 in
3269 1603 3572 1677 praceptis
3617 1603 3765 1677 legis

2124 1693 2216 1747 Dei
2248 1697 2304 1748 et
2332 1693 2628 1766 Evangelii
2661 1692 3650 1765 gradiens,spiritualiumsequitur
3667 1709 3760 1749 or-

2119 1782 2315 1837 dinem
2347 1783 2781 1838 mandatorum.
2817 1782 3116 1853 Siquidem
3147 1782 3302 1838 sicut
3323 1781 3650 1838 carnalium
3677 1782 3763 1837 vi-

2120 1871 2269 1926 tium
2301 1876 2389 1927 est
2417 1888 2483 1927 ea
2514 1888 2717 1943 sapere
2748 1888 2873 1942 quae
2896 1871 3337 1938 oarnissunt,ea
3353 1872 3606 1943 cogitare
3635 1886 3763 1942 quae

2119 1977 2451 2032 corporum,
2487 1960 2569 2016 sic
2591 1977 2621 2016 e
2651 1960 2940 2016 contrario
2973 1960 3368 2032 spiritualium
3420 1960 3602 2016 virtus
3651 1964 3763 2026 est,

2121 2065 2354 2122 semper
2368 2050 2620 2121 cogitare
2652 2049 2723 2104 de
2753 2047 3087 2104 caelestibus
3117 2053 3173 2104 et
3205 2048 3457 2117 aeternis,
3518 2050 3668 2104 147
3704 2052 3766 2104 et

2119 2138 2610 2208 histractarequm
2625 2138 2873 2210 spiritus
2904 2138 3179 2193 sunt.Sed
3207 2137 3401 2193 carnis
3449 2137 3760 2210 sapientia,

2118 2227 2272 2283 illico
2305 2231 2487 2283 morte
2519 2227 2629 2282 sibi
2660 2226 3181 2292 sociata,interlicit
3197 2242 3296 2283 eos
3322 2226 3420 2298 qui
3435 2227 3609 2297 juxta
3637 2241 3764 2282 car-

2118 2333 2252 2372 nem
2277 2316 2627 2387 gradiuntur
2655 2320 2711 2371 et
2730 2317 2968 2387 sapiunt
2993 2331 3005 2371 :
3031 2314 3319 2386 sapientia
3339 2331 3471 2371 vero
3490 2315 3760 2388 spiritus,

2119 2405 2332 2460 mentis
2363 2404 2868 2476 tranquillitatem,
2903 2409 2958 2460 et
2989 2420 3213 2476 pacem,
3245 2408 3302 2460 et
3330 2403 3512 2462 vitam
3544 2404 3762 2461 haben-

2118 2494 2276 2548 tibus
2308 2509 2369 2549 se
2400 2493 2646 2566 largitur
2673 2498 2968 2549 aeternam.
3008 2495 3195 2557 Quam
3229 2510 3362 2549 cum
3395 2495 3764 2566 possederint

2118 2599 2321 2639 omnes
2355 2583 2818 2654 perturbationes
2850 2587 2906 2638 et
2935 2599 3150 2655 genera
3177 2583 3477 2650 vitiorum,
3501 2588 3558 2639 et
3600 2585 3763 2656 ipsos

2119 2689 2350 2743 quoque
2381 2673 2674 2728 daemones
2706 2671 2829 2744 (qui
2861 2672 2979 2726 haec
3013 2687 3324 2744 suggerere
3343 2673 3630 2742 nituntur)
3663 2673 3764 2728 ha-

2118 2762 2341 2817 bebunt
2371 2762 2480 2816 sub
2498 2761 2742 2831 pedibus
2766 2761 2911 2816 suis.
2936 2761 3234 2833 Sapientia
3256 2777 3392 2834 ergo
3411 2761 3605 2818 carnis
3627 2777 3762 2818 cum

2118 2851 2289 2906 morti
2314 2851 2522 2922 juncta
2552 2849 2650 2919 sit,
2681 2849 2923 2905 inimica
2961 2854 3050 2906 est
3068 2851 3203 2906 Deo.
3240 2850 3514 2907 Inimicos
3545 2852 3764 2925 quippe

2118 2956 2216 2995 eos
2248 2939 2441 2994 reddit
2463 2939 2561 3011 qui
2590 2939 2714 2994 suis
2737 2938 2966 3011 legibus
2986 2939 3236 2994 vixerint
3259 2956 3272 3007 ;
3300 2938 3592 2996 contraria
3613 2955 3765 2996 sem-

2118 3033 2303 3101 per,et
2334 3044 2668 3100 repugnans
2698 3027 2982 3083 voluntati
3013 3031 3069 3083 et
3099 3028 3212 3100 legi
3242 3029 3570 3101 Dei.Neque
3602 3028 3760 3085 enim

2119 3118 2241 3174 fieri
2273 3122 2482 3190 potest,
2515 3121 2578 3172 ut
2608 3117 2703 3188 qui
2737 3117 2795 3172 in
2819 3117 3105 3189 sapientia
3135 3117 3328 3174 carnis
3357 3122 3465 3186 est,
3494 3118 3588 3174 Dei
3613 3133 3764 3190 pra!-

2117 3211 2282 3279 cepta
2304 3207 2679 3272 custodiat,et
2696 3205 2979 3261 voluntati
2997 3205 3155 3261 illius
3197 3207 3765 3276 subjiciatur.Quan-

2116 3296 2212 3350 diu
2245 3295 2530 3351 servimus
2561 3293 2978 3366 voluptatibus,
3011 3294 3226 3350 servire
3258 3295 3373 3351 Deo
3406 3311 3520 3352 non
3552 3313 3762 3368 possu-

2115 3402 2268 3442 mus.
2303 3387 2445 3441 Cum
2477 3388 2670 3439 autem
2702 3383 3037 3439 titillantem
3079 3384 3508 3455 subjecerimus
3539 3385 3760 3444 nostris

2114 3475 2366 3548 pedibus
2395 3473 2709 3538 luxuriam,
2748 3476 2901 3528 totos
2934 3488 3042 3528 nos
3072 3475 3144 3528 ad
3178 3473 3455 3544 spiritum
3500 3476 3761 3531 transfe-

2113 3569 2325 3632 rentes,
2351 3579 2722 3634 nequaquam
2756 3561 3040 3618 fuerimus
3071 3563 3128 3617 in
3177 3579 3368 3628 carne,
3422 3563 3480 3618 id
3534 3568 3643 3632 est,
3697 3565 3759 3621 in

2111 3653 2304 3709 carnis
2336 3651 2725 3724 passionibus,
2756 3654 2897 3706 tunc
2930 3650 3312 3722 subjiciemur
3359 3652 3496 3709 Deo.
3548 3652 3752 3725 Neque

2111 3743 2265 3798 enim
2297 3743 2368 3798 de
2393 3758 2564 3797 carne
2595 3741 2703 3796 hac
2735 3741 2794 3795 in
2822 3757 2938 3811 qua
2963 3739 3235 3808 vivimus,
3270 3745 3328 3796 et
3359 3742 3414 3797 in
3451 3743 3625 3814 cujus
3654 3758 3754 3799 va-

2111 3831 2271 3888 sculo
2304 3835 2504 3887 nostra
2533 3830 2730 3885 anima
2759 3830 3106 3898 continetur,
3141 3831 3399 3902 Apostoli
3441 3847 3635 3887 sermo
3666 3837 3759 3889 est

2111 3919 2248 3992 quia
2278 3936 2480 3975 omnes
2511 3919 2721 3984 sancti,
2780 3935 3016 3990 corpore
3064 3922 3121 3973 et
3168 3933 3340 3974 carne
3382 3920 3752 3987 circumdati,

2112 4008 2455 4080 placuerunt
2487 4012 2635 4073 Deo;
2670 4007 2770 4062 sed
2804 4008 2875 4061 ad
2905 4007 2963 4061 id
2996 4008 3190 4079 potius
3224 4009 3378 4080 quod
3411 4013 3615 4065 contra
3648 4009 3756 4065 Dei

2111 4099 2459 4168 prmeeptum
2492 4113 2561 4152 ex
2607 4096 2868 4150 humana
2920 4096 3203 4153 societate
3247 4102 3633 4170 perpetretur,
3681 4099 3757 4154 de

2109 4185 2326 4257 quibus
2355 4189 2482 4240 est:
2521 4208 2545 4233 ‹‹
2580 4182 2798 4256 Diliges
2827 4185 3140 4240 Dominum
3173 4185 3356 4240 Deum
3388 4191 3556 4242 tuum
3601 4187 3645 4222 ⁷⁸
3680 4204 3751 4256 ;››

2106 4279 2197 4328 et:
2235 4297 2259 4321 ‹‹
2295 4273 2456 4336 Quod
2486 4273 2592 4327 tibi
2622 4289 2736 4328 non
2768 4273 2856 4329 vis
2887 4273 3009 4329 fieri
3053 4275 3118 4342 77,
3156 4299 3176 4326 ι)
3204 4279 3311 4330 etc.
3365 4279 3482 4331 Vos
3529 4280 3749 4345 autem,

2104 4362 2204 4428 ait,
2239 4361 2393 4417 haud
2415 4362 2660 4417 dubium
2689 4362 2830 4432 quin
2855 4361 3487 4436 discipuliChristi,qui
3517 4366 3754 4438 sapien-

2107 4453 2247 4508 tiam
2275 4451 2522 4523 Spiritus
2552 4450 2923 4523 suscepistis,
2954 4455 3011 4506 et
3042 4451 3221 4508 vitam
3253 4457 3311 4508 et
3354 4468 3554 4526 pacem
3588 4455 3704 4526 (94)
3734 4472 3750 4525 ;

349 4542 617 4608 mortuis,
648 4541 960 4597 viviﬁcabit
1009 4545 1065 4595 et
1095 4538 1358 4595 mortalia
1385 4556 1624 4612 corpora
1655 4545 1847 4596 vestra
1868 4558 1999 4613 pro-
2031 4547 2078 4611 D
2110 4558 2224 4597 non
2256 4541 2396 4596 estis
2429 4540 2486 4594 in
2519 4556 2710 4605 carne,
2743 4539 2802 4596 id
2833 4545 2943 4612 est,
2989 4543 3050 4597 in
3081 4541 3273 4597 carnis
3305 4543 3603 4614 operibus,
3648 4559 3753 4600 ne-

346 4635 474 4704 pter
500 4629 927 4688 inhabitantem
947 4628 1233 4701 Spiritum
1257 4629 1386 4698 ejus
1415 4628 1474 4683 in
1509 4629 1991 4701 vobis.Ergo,fra-

342 4724 461 4776 tres
492 4720 627 4792 (93),
661 4719 953 4775 debitores
985 4733 1192 4773 sumus
1223 4733 1336 4772 non
1370 4717 1552 4782 carni,
1581 4722 1646 4773 ut
1668 4721 1992 4775 secundum

342 4825 576 4866 carnem
610 4809 896 4865 vivamus.
931 4805 990 4862 Si
1022 4805 1179 4861 enim
1213 4805 1537 4860 secundum
1569 4823 1805 4863 carnem
1835 4810 1989 4864 vixe-

341 4896 830 4967 ritis,moriemini
863 4915 875 4966 ;
902 4896 952 4952 si
983 4899 1181 4951 autem
1213 4893 1423 4966 spiritu
1457 4896 1606 4950 facta
1629 4897 1823 4952 carnis
1847 4915 1994 4954 mor—

341 4985 718 5058 tiﬂcaveritis,
768 4986 993 5043 vivetis.
1047 4983 1391 5056 Quicunque
1439 4985 1595 5040 enim
1630 4986 1846 5057 Spiritu
1890 4988 1991 5042 Dei

343 5079 621 5148 aguntur,
655 5075 713 5130 hi
747 5074 848 5130 filii
885 5080 1024 5132 sunt
1053 5073 1176 5130 Dei.
1201 5074 1322 5129 Non
1354 5074 1509 5128 enim
1542 5075 1849 5146 accepistis
1871 5076 1992 5147 spi-

344 5163 520 5219 ritum
553 5164 849 5221 servitutis
887 5165 1098 5221 iterum
1151 5164 1206 5218 in
1257 5163 1501 5230 timore;
1533 5165 1636 5219 sed
1685 5163 1992 5236 accepistis

343 5250 626 5325 Spiritum
680 5253 1009 5324 adoptionis
1068 5255 1126 5308 in
1186 5269 1300 5325 quo
1359 5253 1736 5309 clamamus:
1788 5254 1991 5324 Abba,

412 5378 457 5413 ⁷³
488 5374 640 5433 Peal.
673 5393 858 5443 cxxxr,
894 5379 980 5432 12.

416 5518 532 5596 (92)
556 5516 795 5596 _Reg_in;e
826 5518 954 5574 cod.
992 5541 1013 5570 α
1075 5518 1278 5576 eodem
1338 5521 1544 5594 repleti
1579 5522 1821 5596 Spiritu,
1858 5539 1988 5595 pro-

346 5589 699 5690 nuntiabant
717 5592 775 5649 et
805 5604 1003 5649 sensu.
1039 5610 1068 5644 »

2104 4647 2215 4705 que
2246 4631 2374 4700 ejus
2404 4646 2580 4697 opera
2611 4630 2978 4701 perpetratis,
3012 4630 3303 4702 siquidem
3337 4629 3613 4703 Spiritum
3647 4629 3754 4686 Dei

2103 4720 2330 4776 habetis
2359 4718 2418 4772 in
2450 4717 2632 4774 vobis.
2669 4719 2826 4774 Idem
2861 4725 3056 4774 autem
3089 4719 3342 4790 Spiritus
3372 4719 3492 4788 Dei,
3526 4724 3584 4776 et
3617 4719 3755 4793 Spi-

2103 4811 2253 4864 ritus
2284 4806 2498 4864 Christi
2531 4811 2640 4876 cst,
2675 4807 2970 4862 deducens
3001 4811 3059 4862 et
3084 4807 3366 4878 copulans
3396 4825 3529 4864 eum
3553 4809 3656 4880 qui
3687 4809 3752 4864 in

2103 4916 2164 4954 se
2195 4897 2488 4964 habuerit,
2521 4895 2766 4951 Domino
2796 4896 2938 4950 Jesu
2966 4895 3217 4952 Christo.
3246 4896 3412 4952 Unde
3441 4901 3499 4952 et
3527 4898 3589 4951 in
3617 4913 3755 4953 con-

2103 4985 2492 5059 sequentibus
2524 4984 2839 5039 scribitur:
2875 5008 2898 5033 ‹‹
2936 4985 2989 5038 Si
3035 4985 3166 5057 quis
3223 4989 3419 5041 autem
3463 4986 3752 5058 Spiritum

2101 5076 2314 5132 Christi
2347 5091 2460 5130 non
2492 5073 2687 5139 habet,
2720 5072 2816 5130 hic
2847 5090 2960 5128 non
2995 5080 3084 5129 est
3113 5075 3262 5146 ejus.
3299 5097 3326 5124 ››

2174 5167 2262 5221 40.
2314 5165 2570 5218 Rursum
2618 5162 2674 5216 in
2728 5164 2997 5232 praesenti
3060 5163 3348 5220 discimus
3406 5165 3751 5222 societatem

2103 5271 2280 5326 quam
2331 5251 2508 5307 habet
2559 5251 2807 5322 Spiritus
2868 5257 3106 5307 sanctus
3164 5255 3235 5308 ad
3299 5255 3502 5321 Deum,
3562 5259 3618 5310 et
3672 5255 3750 5310 ad

1066 5379 1107 5411 ⁷⁸
1141 5378 1292 5434 Psal.
1329 5396 1592 5448 LXXXVIII,
1627 5379 1718 5434 3l.
1759 5380 1802 5413 ⁷⁵
1826 5379 1991 5434 Rom.

2117 5397 2150 5449 ι,
2181 5379 2326 5433 ιιι-17.
2388 5376 2431 5409 ⁸⁵
2462 5375 2628 5430 Deut.
2663 5393 2739 5444 vx,
2771 5378 2824 5430 5.
2887 5378 2927 5410 77
2954 5377 3092 5432 ’l‘ob.
3126 5394 3202 5443 Iv,
3235 5380 3322 5433 16.

2172 5519 2279 5591 (93)
2307 5519 2521 5591 Deerat
2557 5537 2578 5566 α
2613 5519 2843 5591 fratres,
2879 5540 2906 5568 »
2939 5520 3094 5590 quod
3119 5537 3149 5574 e
3175 5520 3689 5579 mss.suii‘ecimus.

2172 5520 2260 5591 (93
2314 5520 2521 5574 Deerat
2557 5537 2578 5566 α
2613 5520 2843 5583 fratres,
2879 5540 2906 5568 »
2939 5520 3094 5590 quod
3119 5537 3149 5574 e
3175 5520 3689 5579 mss.suii‘ecimus.

2161 5520 2279 5669 (ΜΞ
2295 5590 2430 5649 Erat
2465 5612 2485 5642 α
2521 5593 2577 5649 et
2605 5590 2784 5648 vitam
2813 5591 2997 5666 pacis,
3029 5613 3057 5650 υ
3082 5592 3574 5655 dissentientibus
3598 5611 3747 5659 mss.
