4106 6164
298 304 301 305 ί
316 266 443 349 143

1056 274 1556 341 TRANSLATIO
1597 272 1807 338 LIBRI
1850 270 2131 339 DIDYMJ
2178 273 2278 338 DE
2321 274 2636 342 SPIBITU
2681 277 3004 343 SANCTO.

3612 272 3730 340 148

321 407 651 464 Christum.
686 408 875 467 Sedet
907 409 962 466 in
986 409 1247 483 Epistola
1273 412 1445 480 Petri,
1468 411 1719 484 Spiritus
1740 416 1976 465 sanctus
2004 410 2052 476 Α
2093 410 2231 475 tuis,
2281 410 2507 467 habitat
2534 411 2593 466 in
2644 412 2826 482 vobis,
2871 412 2973 483 qui
3003 412 3306 470 suscitavit
3349 410 3645 469 Christum
3695 428 3729 467 a

320 513 451 555 esse
482 497 696 555 Christi
728 498 981 573 Spiritus
1013 502 1459 572 comprobatur:
1491 522 1517 551 «
1550 501 1907 564 Scrutantes,
1940 520 1965 545 ν)

317 586 532 658 inquit,
566 612 595 637 ‹‹
629 594 683 644 et
714 589 1098 660 inquirentes,
1136 614 1163 639 »
1195 592 1256 646 id
1277 593 1365 646 est
1395 589 1709 662 prophetae,
1736 588 1805 642 de
1838 586 1965 658 qui-

319 674 433 729 bus
453 676 505 730 ei
529 677 715 732 fuerat
734 695 927 734 sermo
942 680 1229 752 superior,
1253 704 1279 729 ‹‹
1296 678 1355 733 in
1374 680 1550 751 quod,
1570 683 1625 733 et
1639 676 1807 750 quale
1826 681 1968 730 tem-

316 779 436 834 pus
464 763 571 836 (95)
602 766 971 838 significabat
992 770 1060 835 is,
1094 770 1239 825 I48
1262 768 1361 841 qui
1380 769 1439 822 in
1461 769 1545 823 eis
1562 772 1685 823 erat
1710 764 1961 838 Spiritus

320 852 557 919 Christi,
587 855 904 913 testificaris
935 858 994 912 in
1034 858 1260 915 Christo
1295 859 1622 929 passiones,
1655 860 1716 911 et
1744 871 1809 910 ea
1840 871 1965 925 quae

314 947 458 1012 post
488 948 646 998 erant
695 952 970 1002 secutura
998 948 1255 1003 decreta:
1291 948 1349 1002 in
1400 947 1613 1017 quibus
1646 943 1961 1001 revelatum

315 1035 428 1099 est,
459 1032 601 1102 quia
627 1051 743 1090 non
775 1036 911 1101 sibi,
962 1037 1062 1091 sed
1094 1036 1262 1091 nobis
1294 1036 1711 1091 ministrabant
1740 1050 1807 1088 ea
1838 1049 1963 1103 qua

313 1135 477 1175 nunc
492 1124 838 1179 annuntiata
848 1129 988 1179 sunt
1001 1124 1167 1179 vobis
1180 1141 1282 1196 per
1296 1123 1581 1196 Spiritum
1597 1127 1866 1179 sanctum
1880 1122 1923 1157 ⁷⁸
1940 1144 1966 1171 ››

304 1206 427 1263 Iste
457 1213 656 1266 autem
686 1213 940 1284 Spiritus
990 1216 1228 1269 sanctus
1277 1212 1467 1269 dictus
1499 1217 1586 1268 est
1613 1217 1671 1267 et
1711 1212 1965 1284 Spiritus

308 1294 437 1363 Dei,
486 1314 604 1353 non
635 1301 695 1355 in
744 1303 1013 1373 praisenti
1066 1306 1295 1357 tantum
1345 1318 1630 1366 sermone,
1687 1302 1788 1356 sed
1822 1307 1878 1356 et
1909 1303 1965 1357 in

308 1384 447 1448 aliis
484 1386 627 1444 locis
658 1389 1079 1462 compluribus,
1113 1395 1177 1445 ut
1207 1390 1319 1445 ibi:
1359 1412 1385 1440 ‹‹
1416 1390 1491 1445 Ea
1522 1408 1648 1462 qua:
1676 1390 1774 1445 Dei
1808 1394 1964 1456 sunt,

308 1497 487 1537 nemo
518 1480 681 1535 novit
712 1479 823 1535 nisi
855 1478 1107 1551 Spiritus
1138 1479 1237 1533 Dei
1268 1481 1330 1533 7°.
1369 1502 1394 1527 n
1435 1478 1653 1534 Deinde
1704 1479 1970 1549 sequitur

308 1574 448 1643 post
477 1569 590 1625 hoc
621 1569 774 1640 quod
821 1569 926 1624 ait:
963 1589 991 1619 «
1023 1568 1081 1624 Si
1113 1568 1246 1640 quis
1292 1572 1484 1624 autem
1536 1567 1816 1639 Spiritum
1866 1569 1966 1623 Dei

308 1676 429 1717 non
463 1659 658 1725 habet,
701 1657 795 1713 hic
825 1674 940 1713 non
968 1662 1057 1713 est
1086 1658 1245 1727 ejus;
1273 1680 1293 1706 ο
1329 1661 1385 1712 et
1413 1658 1687 1712 infertur:
1724 1681 1751 1708 ‹‹
1776 1657 1833 1713 Si
1864 1674 1963 1712 au-

306 1754 433 1804 tem
444 1746 784 1803 Christusin
796 1746 982 1812 vobis,
1007 1768 1035 1795 >>
1050 1746 1597 1802 etmanifestissime
1610 1746 1967 1801 demonstra—
2000 1778 2047 1843 Β

296 1843 411 1893 tur
454 1835 910 1908 inseparabilem
934 1850 1063 1890 esse
1079 1835 1361 1907 Spiritum
1377 1839 1650 1890 sanctum
1666 1852 1698 1890 a
1710 1834 1934 1890 Christo
1949 1854 1967 1888 :

310 1927 461 1999 quia
490 1925 825 1996 ubicunque
853 1924 1102 1997 Spiritus
1137 1928 1376 1980 sanctus
1400 1924 1592 1990 fuerit,
1628 1923 1707 1978 ibi
1729 1928 1786 1978 et
1814 1923 1969 1979 Chri-

310 2020 450 2071 stus
478 2019 582 2079 est,
614 2018 670 2069 et
693 2014 1085 2084 undecunque
1106 2012 1313 2068 Christi
1338 2008 1586 2084 Spiritus
1610 2012 1965 2076 discesserit,

314 2104 465 2158 inde
492 2103 695 2174 pariter
751 2102 969 2157 recedit
1024 2106 1081 2156 et
1138 2101 1421 2157 Christus.
1468 2101 1574 2155 «Si
1635 2101 1765 2173 quis
1812 2101 1967 2156 enim

316 2192 605 2264 Spiritum
631 2192 845 2247 Christi
878 2208 994 2246 non
1024 2190 1223 2258 habet,
1251 2190 1344 2244 hic
1368 2208 1481 2244 non
1514 2195 1601 2245 est
1631 2192 1777 2261 ejus.
1815 2213 1841 2240 ››
1866 2190 1967 2245 Cui

308 2283 631 2352 conjuncto
661 2280 713 2334 si
743 2296 876 2351 quis
925 2279 1283 2335 contrarium
1315 2284 1600 2345 assumat,
1632 2280 1824 2334 dicere
1874 2296 1968 2351 po-

308 2374 455 2426 test:
490 2370 547 2423 Si
580 2369 713 2439 quis
749 2368 962 2423 Christi
993 2372 1100 2433 est,
1137 2369 1218 2423 ita
1247 2371 1311 2421 ut
1357 2367 1621 2423 Christus
1662 2370 1718 2423 in
1751 2386 1816 2423 eo
1867 2369 1964 2433 sit,

305 2461 367 2514 in
390 2460 505 2515 hoc
536 2457 795 2529 Spiritus
826 2457 927 2511 Dei
959 2460 1065 2513 est.
1099 2456 1217 2512 Hoc
1248 2461 1445 2511 autem
1476 2456 1631 2512 idem
1666 2462 1721 2513 et
1751 2459 1819 2512 de
1850 2458 1965 2512 Deo

306 2549 481 2603 Patre
513 2546 784 2603 similiter
832 2544 1261 2617 usurpandum.
1296 2545 1351 2599 Si
1384 2546 1517 2616 quis
1562 2546 1845 2617 Spiritum
1870 2547 1966 2600 Dei

306 2654 424 2692 non
446 2637 646 2702 habet,
669 2635 778 2692 iste
808 2651 923 2690 non
947 2638 1035 2689 est
1054 2635 1203 2703 ejus.
1228 2635 1328 2688 Cui
1349 2651 1582 2689 rursum
1608 2635 1965 2690 contrarium

303 2727 359 2781 si
401 2726 543 2796 quis
598 2731 881 2789 assumat,
914 2723 1149 2778 dicens:
1193 2722 1251 2777 Si
1293 2723 1426 2794 quis
1468 2724 1566 2779 Dei
1618 2727 1725 2793 est,
1768 2724 1825 2778 in
1858 2723 1966 2779 hoc

305 2815 569 2886 Spiritus
620 2813 719 2867 Dei
769 2817 875 2867 est.
911 2812 1073 2867 Unde
1118 2812 1420 2867 scribitur:
1455 2835 1483 2860 ‹‹
1534 2813 1781 2869 Nescitis
1827 2813 1967 2883 quia

306 2904 606 2975 templum
668 2902 768 2957 Dei
817 2901 977 2967 estis,
1037 2900 1176 2955 etin
1232 2901 1394 2955 vobis
1432 2901 1657 2956 habitat
1713 2902 1966 2972 Spiritus

309 2992 552 3048 Deim?»
579 2992 646 3046 Et
672 2991 731 3046 in
747 2990 1000 3045 Joannes
1023 2989 1306 3061 Epistola:
1334 3013 1359 3038 ‹‹
1396 2991 1456 3043 In
1474 2990 1581 3045 hoc
1596 2992 1967 3063 cognoscitur

308 3082 470 3137 Deus
500 3080 773 3136 habitans
803 3081 862 3134 in
896 3080 1272 3151 quibusdam,
1304 3096 1436 3133 cum
1471 3080 1748 3135 manserit
1776 3080 1835 3134 in
1881 3081 1963 3133 eis

2078 500 2346 568 mortuis,
2398 501 2709 557 vivificabit
2739 506 2797 556 et
2826 500 3096 557 mortalia
3123 519 3363 573 corpora
3400 504 3591 559 vestra
3624 518 3730 574 per

2076 589 2501 644 inhabitantem
2550 590 2828 661 Spiritum
2878 607 3051 645 suum
3094 590 3155 645 in
3203 591 3401 647 vobis:
3455 614 3484 641 »
3536 607 3727 648 nonne

2076 678 2181 733 tibi
2212 679 2439 733 videtur
2484 678 2693 745 dicere,
2727 679 2866 751 quia
2904 678 2953 735 si
2985 680 3237 751 Spiritus
3268 680 3397 750 ejus
3427 681 3525 752 qui
3559 680 3725 737 susci

2074 767 2219 823 tavit
2261 767 2557 823 Christum
2588 768 2813 834 Jesum,
2848 768 2907 823 id
2958 772 3066 835 est,
3102 768 3202 841 qui
3262 769 3525 840 ejusdem
3583 770 3725 825 Jesu

2075 856 2285 911 Christi
2330 856 2582 927 Spiritus
2612 861 2719 924 est,
2755 857 2980 913 habitat
3011 857 3069 913 in
3120 858 3313 913 vobis:
3368 874 3726 929 consequen-

2076 949 2163 1000 ter
2192 945 2641 1001 vivificabuntur
2670 950 2725 1001 et
2764 947 3035 1003 mortalia
3070 964 3313 1019 corpora
3353 950 3545 1003 vestra
3591 963 3725 1003 cum

2080 1034 2509 1090 immortalibus
2540 1034 2850 1091 animabus
2892 1036 3005 1107 (98)
3054 1036 3125 1091 ab
3175 1053 3242 1092 eo
3292 1036 3391 1108 qui
3424 1034 3729 1093 suscitavit

2075 1123 2586 1179 ChristumJesum
2617 1140 2650 1178 a
2680 1126 2949 1191 mortuis,
2966 1124 3287 1196 principem
3307 1124 3727 1198 etprimogeni-

2076 1217 2202 1268 tum
2234 1212 2713 1268 resurrectionis?
2746 1213 3041 1285 thuibus
3065 1213 3177 1269 tale
3202 1218 3554 1287 tantumque
3582 1214 3727 1271 divi-

2077 1302 2237 1357 nitus
2268 1318 2370 1373 per
2399 1301 2681 1373 Spiritum
2711 1318 2926 1358 munus
2958 1302 3251 1358 indultum
3283 1306 3390 1370 est,
3432 1303 3726 1361 debitores

2077 1408 2286 1447 sumus
2318 1392 2579 1464 Spiritui,
2614 1409 2729 1447 non
2760 1392 2941 1460 carni,
2977 1397 3042 1447 ut
3063 1393 3232 1463 juxta
3261 1408 3389 1449 eam
3438 1392 3724 1449 vivamus.

2076 1481 2379 1553 Siquidem
2410 1481 2508 1552 qui
2534 1483 2703 1551 juxta
2757 1497 2993 1537 carnem
3051 1480 3275 1549 vixerit,
3310 1480 3593 1537 morietur
3620 1480 3725 1538 illa

2078 1575 2263 1626 morte
2294 1588 2419 1642 qua
2452 1574 2758 1642 peccatum
2789 1570 3074 1641 sequitur.
3111 1592 3139 1619 «
3174 1570 3478 1625 Peccatum
3508 1569 3726 1643 quippe

2076 1676 2208 1715 cum
2239 1663 2713 1715 consummatum
2757 1659 2950 1727 fuerit,
2984 1663 3222 1732 generat
3270 1663 3541 1726 mortem,
3577 1681 3605 1709 »
3637 1674 3726 1716 se-

2076 1750 2335 1805 cundum
2382 1749 2665 1805 Jacobum
2694 1750 2758 1803 ⁸².
2809 1749 2921 1805 Sed
2965 1752 3024 1803 et
3074 1747 3334 1804 Ezechiel
3391 1752 3725 1820 peccantem

2078 1838 2335 1893 animam
2369 1838 2516 1894 mori
2551 1837 2772 1894 scribit.
2805 1838 3122 1909 Separatur
3173 1837 3329 1893 enim
3351 1838 3478 1908 jam
3522 1853 3556 1892 a
3586 1837 3723 1907 vita,

2079 1944 2205 1997 quae
2238 1927 2295 1981 in
2328 1926 2615 1998 sapientia
2645 1926 2899 1998 Spiritus
2928 1925 3211 1982 collocata
3238 1930 3327 1981 est
3354 1927 3417 1983 ⁸³.

2148 2018 2235 2071 42.
2269 2016 2326 2071 Si
2361 2016 2496 2088 quis
2526 2020 2718 2071 autem
2753 2015 3181 2072 transcenderit
3216 2015 3395 2071 vitam
3427 2014 3620 2071 carnis
3669 2018 3728 2071 et

2077 2104 2291 2176 Spiritu
2323 2121 2498 2175 opera
2527 2105 2718 2159 carnis
2750 2104 3184 2159 mortificaverit
3212 2104 3346 2175 (99),
3377 2104 3530 2160 vivet
3559 2104 3726 2160 beata

2075 2198 2406 2264 aeternaque
2452 2193 2567 2247 vita
2596 2192 2810 2248 relatus
2841 2193 2899 2247 in
2932 2192 3083 2248 filios
3113 2192 3232 2259 Dei,
3283 2196 3341 2248 et
3378 2193 3635 2249 directus
3664 2192 3724 2248 in

2076 2283 2233 2337 viam
2265 2286 2481 2337 rectam
2513 2286 2749 2353 propter
2769 2282 3051 2353 Spiritum
3084 2285 3381 2346 sanctum,
3413 2282 3513 2353 qui
3544 2286 3603 2337 et
3622 2281 3721 2337 Dei

2074 2371 2325 2442 Spiritus
2348 2370 2695 2441 appellatur.
2725 2394 2751 2419 ‹‹
2786 2370 2839 2424 Si
2858 2371 3038 2436 enim,
3064 2392 3090 2418 ››
3114 2370 3331 2442 inquit,
3353 2393 3379 2419 ‹‹
3402 2370 3574 2441 juxta
3604 2386 3726 2425 car-

2077 2476 2210 2514 nem
2230 2459 2510 2525 vixeritis,
2536 2458 2887 2513 moriemini.
2917 2459 3078 2522 Quod
3108 2458 3381 2529 sispiritu
3414 2458 3568 2515 facta
3598 2475 3725 2514 car-

2077 2548 2166 2604 nis
2200 2547 2708 2613 mortiﬁcaveritis,
2744 2548 2980 2615 vivetis;
3019 2546 3189 2603 netin
3228 2548 3724 2619 consequentibus

2077 2658 2103 2686 ι(
2138 2639 2435 2707 Quotquot
2462 2636 2617 2690 enim
2650 2636 2873 2708 Spiritu
2906 2636 3001 2691 Dei
3054 2640 3325 2708 aguntur,
3357 2636 3417 2692 hi
3450 2636 3555 2692 ﬁlii
3586 2640 3729 2693 sunt

2076 2725 2194 2781 Dei.
2229 2748 2255 2775 ››
2293 2726 2549 2781 Rursum
2582 2724 2910 2780 refocillans
2927 2741 3046 2789 eos,
3071 2724 3470 2794 etconsolans,
3506 2730 3563 2781 et
3598 2743 3726 2798 pro-

2074 2832 2285 2871 vocans
2317 2830 2553 2886 sperare
2609 2814 2870 2878 meliora,
2917 2814 3135 2886 quibus
3193 2814 3560 2887 loquebatur,
3607 2814 3721 2871 ait:

2078 2926 2105 2954 «
2134 2906 2259 2962 Non
2291 2904 2445 2959 enim
2462 2904 2769 2975 accepistis
2787 2902 3001 2958 iterum
3028 2903 3304 2974 spiritum
3334 2902 3637 2959 servitutis
3663 2903 3723 2958 in

2074 2995 2301 3058 timore,
2327 2993 2424 3047 nid
2449 2996 2687 3057 est,non
2711 2991 3102 3047 similitudine
3138 3008 3460 3058 servorum,
3495 2995 3652 3047 metu
3667 2995 3725 3046 et

2075 3088 2292 3138 terrore
2323 3098 2627 3153 poenarum
2651 3098 2751 3136 vos
2766 3080 3073 3136 abstinetis
3098 3098 3131 3136 a
3160 3080 3359 3148 vitilis,
3378 3080 3517 3152 quia
3545 3080 3722 3137 habe-

310 3170 571 3241 Spiritus
592 3186 765 3240 quem
789 3148 1019 3223 dedit“.
1041 3190 1067 3217 »
1094 3169 1173 3222 Ex
1194 3168 1697 3239 quibusomnibus
1718 3169 1962 3224 indisso-
1994 3148 2037 3212 (ἶ
2074 3172 2151 3227 tis
2179 3148 2341 3226 vobis
2373 3171 2574 3225 datum
2605 3171 2682 3241 (l)
2712 3188 2744 3224 a
2778 3170 2940 3226 Patre
2968 3169 3251 3241 Spiritum
3280 3148 3631 3242 adoptionis,
3657 3171 3716 3226 id

310 3258 540 3314 ciabilis
572 3263 749 3329 atque
794 3256 1109 3331 indiscreta
1138 3257 1440 3312 Trinitatis
1490 3258 1818 3312 substantia
1866 3258 1962 3313 de-

311 3352 699 3404 monstratur.

381 3440 474 3492 41.
524 3438 672 3492 Cum
720 3452 857 3508 ergo
900 3436 1011 3490 ait:
1069 3456 1096 3482 ‹‹
1128 3434 1185 3489 Si
1236 3434 1503 3489 Christus
1547 3435 1603 3488 in
1649 3436 1811 3491 vobis
1856 3440 1961 3502 est,

312 3544 532 3598 corpus
554 3527 791 3597 quidem
811 3529 1108 3579 mortuum
1124 3528 1358 3595 propter
1372 3529 1696 3595 peccatum,
1717 3548 1735 3573 η
1756 3541 1969 3596 nequa-

315 3632 506 3686 quam
550 3615 700 3669 vitiis
749 3614 1082 3684 lacivireque
1121 3614 1474 3680 deserviens,
1517 3614 1614 3669 sed
1660 3614 1771 3685 (96)
1823 3632 1970 3669 mor-

317 3703 612 3758 tiﬁcatum
648 3707 901 3774 peccato,
964 3719 1079 3757 non
1143 3706 1542 3757 commovetur
1586 3704 1655 3757 ad
1713 3703 1879 3758 vitia:
1916 3709 1971 3758 et

317 3808 689 3863 nequaquam
736 3792 847 3847 erit
888 3791 1059 3847 vitale
1109 3794 1362 3863 peccato.
1406 3796 1723 3863 Postquam
1774 3796 1967 3847 autem

312 3898 534 3953 corpus
556 3885 790 3952 peccato
824 3884 1124 3936 mortuum
1152 3880 1349 3946 fuerit,
1369 3880 1639 3936 Christus
1669 3882 1725 3936 in
1761 3881 1852 3936 his
1872 3882 1971 3952 qui

320 3987 430 4026 sua
451 3987 699 4041 corpora
714 3969 1227 4035 mortificaverunt,
1262 3986 1518 4040 praesens
1544 3970 1820 4041 Spiritum
1844 3970 1972 4025 vita:

318 4060 579 4115 ostendit
610 4058 1014 4131 perjustitiam
1042 4059 1159 4113 sive
1177 4059 1591 4113 correctionem
1609 4076 1848 4129 operum
1866 4060 1974 4115 vir-

318 4153 515 4203 tutum
550 4146 994 4209 immortalium
1032 4146 1150 4201 sive
1173 4147 1347 4202 ﬁdem
1377 4146 1515 4201 Jesu
1543 4148 1753 4203 Christi
1786 4149 1971 4220 (97)in

315 4235 527 4307 bisqui
554 4238 729 4307 juxta
758 4236 929 4291 ﬁdem
956 4234 1082 4289 illiu
1099 4240 1564 4289 Sconversantur.
1590 4236 1803 4293 Deinde
1834 4248 1976 4310 Apo-

312 4324 504 4380 stolus
536 4323 654 4379 alio
676 4322 1011 4395 syllogismo
1040 4324 1351 4393 conjuncto
1380 4322 1580 4389 utitur,
1615 4325 1769 4393 quod
1796 4326 1973 4397 signi-

308 4413 590 4469 ﬁcantius
622 4412 909 4467 dialectici
940 4413 1125 4475 τοτὶσηξιρ
1154 4416 1384 4467 vocant.
1428 4414 1581 4467 I49
1624 4417 1679 4467 et
1720 4413 1826 4468 ait:
1865 4438 1889 4463 ‹‹
1920 4416 1975 4469 Si

2074 3266 2164 3315 est
2194 3260 2477 3331 Spiritum
2510 3262 2800 3326 sanctum,
2835 3258 2934 3329 qui
2965 3258 3090 3331 ipse
3119 3258 3397 3331 Spiritus,
3429 3262 3485 3314 et
3514 3259 3634 3324 Dei,
3671 3262 3728 3313 et

2074 3348 2308 3415 Christi,
2342 3352 2397 3403 et
2415 3347 2675 3402 veritatis
2707 3346 2921 3402 dicitur
2951 3352 3125 3419 atque
3175 3346 3495 3420 sapientiae.
3530 3347 3591 3403 Si
3623 3363 3729 3403 au-

2075 3442 2193 3493 tem
2226 3436 2479 3509 Spiritus
2507 3435 2617 3491 iste
2637 3436 2875 3507 adoptat
2920 3436 2980 3491 in
3012 3436 3163 3491 filios
3193 3436 3294 3491 Dei
3324 3452 3443 3504 eos,
3478 3451 3729 3507 quorum

2078 3527 2414 3598 dignatione
2432 3525 2525 3580 sui
2540 3524 2833 3579 habitator
2846 3524 3230 3592 eﬁ'icitur,tibi
3248 3525 3731 3596 consequentium

2079 3632 2255 3686 super
2285 3613 2543 3685 potentia
2572 3614 2697 3683 ejus
2725 3612 3171 3684 intelligentiam
3205 3612 3567 3683 derelinquo.

2151 3705 2191 3757 1
2206 3704 2303 3759 50
2338 3703 2508 3757 Porro
2540 3701 2599 3755 in
2616 3702 2724 3755 hoc
2746 3700 3077 3771 adoptionis
3098 3700 3316 3771 Spiritu
3350 3699 3608 3755 clamant
3629 3700 3729 3772 qui

2081 3792 2413 3847 habuerunt
2434 3789 2600 3845 illum
2618 3790 2848 3845 Patrem
2865 3789 3069 3857 Deum,
3088 3788 3233 3843 sicut
3258 3788 3513 3844 ostendit
3542 3804 3735 3845 sermo

2081 3882 2305 3935 dicens:
2342 3904 2366 3929 ‹‹
2406 3881 2466 3934 In
2502 3895 2615 3950 quo
2664 3878 3019 3933 clamamus:
3074 3878 3260 3955 Abba,
3287 3870 3482 3933 Pater:
3520 3899 3549 3927 »
3601 3878 3729 3950 ipso

2080 3970 2294 4041 Spiritu
2328 3968 2427 4040 qui
2462 3985 2567 4023 nos
2602 3968 2841 4038 adoptat
2870 3967 2927 4022 in
2954 3967 3125 4034 filios,
3157 3967 3561 4023 testimonium
3588 3984 3730 4040 pras-

2084 4060 2253 4113 bente
2284 4056 2729 4129 participatione
2752 4056 2865 4123 sui,
2899 4056 3054 4127 quod
3077 4074 3111 4111 a
3140 4060 3339 4111 nostro
3369 4056 3589 4127 Spiritu
3610 4072 3738 4128 pos-

2084 4147 2325 4214 sidetur,
2362 4146 2499 4216 quia
2530 4144 2632 4198 filii
2687 4144 2787 4200 Dei
2835 4160 3063 4199 sumus.
3099 4144 3202 4199 Cui
3256 4160 3622 4215 consequens
3653 4148 3741 4199 est

2083 4236 2267 4290 Deum
2292 4234 2525 4305 quidem
2559 4232 2727 4303 quasi
2762 4237 3006 4303 patrem,
3037 4231 3432 4287 hazreditarias
3453 4232 3623 4288 nobis
3652 4230 3738 4285 di-

2084 4325 2252 4379 vitias
2285 4322 2600 4378 contulisse
2630 4323 2729 4393 (2),
2761 4320 3091 4393 spiritualia
3131 4322 3313 4389 dona;
3366 4320 3577 4375 Christi
3607 4336 3741 4375 vero

2084 4413 2413 4469 cohaeredes
2442 4428 2547 4466 nos
2604 4427 2750 4478 esse,
2784 4427 2849 4465 eo
2881 4410 3034 4480 quod
3078 4409 3283 4465 fratres
3313 4410 3439 4481 ejus
3465 4425 3567 4481 per
3612 4424 3744 4483 gra-

311 4507 510 4557 autem
540 4500 798 4574 Spiritus
818 4502 945 4571 ejus
978 4507 1079 4572 qui
1109 4500 1418 4556 suscitavit
1448 4500 1741 4556 Christum
1767 4520 1800 4558 a
1829 4520 1976 4559 mor-
2010 4517 2055 4581 Ι)
2085 4504 2229 4558 tiam
2246 4500 2735 4571 etbenignitatem
2758 4497 3340 4570 ipsiusappellamur.
3367 4497 3597 4553 Erimus
3642 4515 3743 4555 au-

386 4618 431 4652 τθ
463 4617 483 4670 Ι
518 4616 640 4671 Pet.
682 4616 950 4683 ι,41,12.
984 4616 1080 4671 ⁷⁹Ι
1125 4617 1249 4672 Cor.
1287 4617 1744 4682 11,“.SOICor.
1782 4620 1970 4683 111,46.

2088 4622 2097 4653 ι
2133 4626 2157 4672 1
2192 4619 2358 4673 Joan.
2394 4633 2468 4683 1v,
2502 4615 2588 4669 l3.
2658 4615 2702 4648 ⁸²
2754 4615 2874 4670 Jac.
2909 4632 2950 4679 1,
2992 4615 3081 4669 l5.
3114 4615 3159 4649 ⁸³
3207 4613 3410 4670 Ezech.
3446 4632 3607 4679 xvm,
3656 4616 3746 4670 20.

393 4732 506 4802 (95)
552 4732 772 4805 Iterum
802 4731 1008 4786 vitiose
1049 4735 1191 4801 erat,
1226 4736 1281 4786 et
1319 4730 1481 4786 nullo
1515 4749 1689 4805 sensu
1730 4757 1749 4780 α
1782 4732 1839 4787 in
1872 4752 1987 4805 quo

316 4805 429 4869 ait,
461 4803 636 4875 quale
666 4806 925 4875 tempus,
946 4825 981 4875 ν»
1017 4808 1152 4868 etc.,
1194 4820 1379 4874 neque
1410 4806 1473 4856 ut
1520 4804 1791 4873 Scipturae
1823 4803 1985 4861 locus

318 4875 717 4938 scribebatur,
769 4879 835 4929 ut
880 4874 994 4929 alia
1042 4875 1255 4928 menda
1304 4875 1810 4945 interpunctionis,
1847 4882 1983 4945 etc.,

319 4946 560 5018 quibus
578 4949 737 5018 totus
772 4946 1032 5018 scatebat
1061 4945 1340 5018 hicliber,
1374 4945 1838 5002 dissimulamus.

398 5019 516 5086 (96)
545 5016 729 5071 Vatic.
765 5041 790 5065 ‹‹
824 5017 873 5071 si
910 5040 931 5065 ι)
970 5034 1072 5088 pro
1105 5040 1131 5065 ‹‹
1181 5017 1301 5071 sed.
1360 5040 1379 5063 ι»
1420 5018 1487 5072 Ut
1536 5034 1743 5072 sensus
1788 5025 1981 5073 tamen

317 5094 637 5159 utcunque
655 5092 889 5160 constet
914 5104 1051 5160 cum
1079 5088 1366 5160 superiori
1400 5088 1656 5159 Apostoli
1680 5092 1988 5157 sententia,

316 5158 576 5215 verbum
617 5158 855 5230 aliquod
888 5158 1279 5231 supplendum
1335 5158 1638 5228 est,’puta,
1668 5184 1693 5208 ‹‹
1732 5161 1873 5215 illud
1905 5162 1989 5215 in-

313 5232 546 5355 ωἱὲὲεῖι
566 5232 727 5354 quod
764 5247 1157 5312 nequaquam,
1182 5254 1207 5312 ς)
1239 5236 1370 5335 etc.,
1404 5238 1504 5283 aut
1535 5232 1673 5355 quid
1706 5233 1914 5313 simile.

476 5324 491 5355 ι
616 5304 708 5355 ide
741 5319 883 5355 num
916 5303 1115 5355 lethaeo
1147 5307 1221 5355 Sit
1253 5302 1527 5355 or.tferen
1581 5320 1611 5355 a
1644 5304 1872 5355 ltemnze
1895 5321 1914 5355 ε

406 5302 523 5373 (97)
566 5302 708 5357 Vide
741 5319 883 5356 num
916 5302 1115 5357 isthaec
1147 5303 1221 5358 sit
1252 5302 1611 5374 pri-ferenda
1644 5304 1872 5374 Reginae
1895 5321 1987 5359 co-

316 5375 486 5430 dicis
526 5373 722 5429 lectio:
760 5397 786 5423 ‹‹
821 5374 1108 5440 Christus,
1144 5375 1267 5428 suis
1307 5373 1405 5444 qui
1439 5390 1538 5428 sua
1574 5390 1816 5445 corpora
1845 5393 1992 5431 mor-

318 5446 823 5517 tiﬁcaveruntper
841 5452 1180 5517 praesentem
1196 5445 1496 5517 Spiritum,
1526 5445 1701 5498 vitam
1738 5447 1993 5501 ostendit

317 5534 442 5590 per
468 5516 766 5590 justitiam
795 5516 1069 5589 operum,
1099 5517 1217 5573 sive
1235 5516 1353 5590 iper
1384 5516 1795 5590 correctionem
1827 5518 1990 5572 vitio—

318 5588 471 5661 rum
502 5588 862 5661 mortalium,
892 5590 1010 5645 sive
1040 5606 1141 5661 per
1173 5589 1346 5644 fidem
1379 5592 1527 5661 Jesu
1557 5588 1787 5657 Christi,
1824 5614 1849 5638 ››
1883 5595 1987 5645 etc.

410 5660 523 5729 (98)
558 5659 641 5715 lta
670 5660 865 5714 ferunt
892 5659 1058 5718 vetus
1085 5660 1260 5716 editio
1293 5664 1349 5715 et
1395 5660 1624 5731 Reginae
1659 5678 1793 5730 ms.,
1825 5666 1992 5717 antea

2100 4738 2225 4790 erat
2260 4754 2285 4783 ‹‹
2318 4747 2452 4787 cum
2486 4729 2905 4785 immortalium
2938 4730 3270 4785 animabus.
3308 4754 3335 4778 ››
3370 4730 3497 4784 Mox
3545 4729 3748 4785 eadem

2098 4811 2262 4860 vetus
2321 4803 2459 4858 edit.
2495 4824 2521 4850 ‹‹
2578 4801 3031 4873 primogenitum
3082 4801 3248 4856 illum
3309 4800 3755 4856 resurrectionis

2098 4876 2628 4936 ostendens.Quare
2653 4878 2708 4928 et
2738 4874 2953 4943 quibus
2984 4873 3118 4937 tale,
3153 4894 3180 4920 ››
3213 4876 3320 4926 etc.

2168 4947 2280 5019 (99)
2316 4947 2411 5019 Est.
2450 4946 2674 5015 Reginae
2731 4941 2948 4997 codicis
2998 4943 3277 5019 integrior
3322 4941 3491 5019 lectio
3540 4941 3661 5019 haec
3695 4947 3754 5019 et

2098 5012 2454 5073 concinnior.
2475 5012 2655 5069 Antea
2678 5021 2798 5069 erat
2822 5012 3227 5068 tantummodo
3258 5035 3285 5060 ‹‹
3329 5012 3754 5068 transcenderit

2098 5092 2275 5145 vitam
2311 5088 2523 5153 carnis,
2542 5085 2826 5157 etSpiritu
2844 5102 3017 5157 opera
3031 5084 3221 5157 carnis
3249 5082 3698 5157 mortiﬁcaverit.
3722 5108 3749 5133 ››

2172 5163 2245 5233 (1)
2277 5160 2403 5213 Vat.
2434 5181 2461 5208 ‹‹
2496 5155 2830 5233 abstinetea
2857 5155 3034 5233 vitiis,
3058 5156 3158 5233 qui
3187 5155 3414 5233 habetis
3444 5156 3748 5233 vobiscum

2100 5226 2322 5297 datum,
2362 5234 2527 5293 >»etc.,
2588 5228 2799 5282 deinde
2832 5250 2858 5275 ‹‹
2916 5226 3016 5297 qui
3066 5227 3191 5299 ipse
3220 5226 3470 5297 Spiritus
3528 5226 3657 5281 Filii
3690 5232 3749 5283 et

2100 5303 2330 5365 Christi,
2364 5308 2419 5355 et
2446 5298 2727 5363 veritatis,
2764 5322 2790 5347 »
2822 5304 2928 5352 etc.

2172 5376 2247 5443 (2)
2280 5373 2421 5427 Cod.
2463 5372 2694 5443 Reginae
2726 5392 2753 5421 «
2789 5387 2903 5440 qua
2934 5388 2966 5424 a
3014 5373 3211 5443 nostro
3244 5368 3452 5440 spiritu
3488 5368 3747 5443 posside-

2100 5439 2274 5507 tur,»
2310 5450 2362 5498 et
2397 5439 2575 5513 paulo
2603 5446 2730 5511 post
2768 5439 2899 5513 cum
2954 5441 3131 5495 veteri
3156 5512 3163 5513 ί
3191 5439 3421 5513 quoque
3456 5439 3748 5513 editione,

2103 5540 2129 5567 ‹‹
2164 5516 2331 5589 quasi
2364 5510 3000 5589 patrem’heereditaria
3034 5510 3224 5589 nobis,
3255 5510 3469 5589 Christi
3499 5528 3749 5589 vero_co-

2102 5582 2382 5647 haéredes,
2417 5609 2444 5634 ››
2479 5593 2613 5650 etc.,
2646 5586 2866 5657 absque
2896 5584 3041 5651 illis,
3079 5607 3105 5633 ‹‹
3148 5583 3385 5638 divitias
3432 5582 3750 5638 contulisse

2103 5658 2429 5731 spiritualia
2458 5657 2668 5712 dona.»
