4118 6158
381 275 497 348 υτ

1626 281 1690 352 S.
1736 281 2050 355 EUSEBII
2093 286 2391 357 HIERON
2401 284 2539 358 YMI

3670 288 3788 358 M8

377 420 499 474 tem
529 415 787 476 haredes
818 418 939 491 Dei,
971 420 1297 478 coharedes
1318 428 1511 477 autem
1544 422 1758 479 Christi
1790 423 1838 479 si
1869 440 2022 480 com-
2052 434 2106 499 Α
2134 427 2359 482 cordari
2418 431 2615 483 autem
2646 443 2709 484 ss
2761 426 3172 485 misericordia
3201 429 3260 484 et
3289 423 3574 484 virtutum
3632 426 3785 500 ejus.

378 509 696 580 patiamur,
732 517 794 565 ut
825 517 880 567 et
908 511 1328 585 congloriﬁcari
1357 512 1408 568 ei
1439 529 1505 568 ex
1555 514 1896 585 passionum
1929 531 2020 569 so-

380 596 588 653 cietate
611 614 959 655 mereamur.

452 687 538 742 43.
574 687 786 743 Verum
836 687 973 760 quia
1003 694 1059 744 et
1088 689 1197 745 hoc
1221 692 1392 761 juxta
1436 691 1493 745 id
1525 692 1677 762 quod
1729 690 2027 763 potuimus

376 774 728 831 edissertum
770 781 880 842 est,
916 795 1311 850 proponamus
1358 779 1652 851 propheta:
1704 777 2027 851 capitulum

379 863 645 934 quadam
672 864 740 919 de
770 864 989 937 Spiritu
1014 871 1213 922 sancto
1244 867 1568 933 continens,
1593 878 1656 922 ut
1686 883 1800 921 non
1835 866 2025 923 solum

380 951 450 1007 de
481 953 658 1020 Novo,
684 971 885 1009 verum
919 956 1095 1011 etiam
1127 956 1199 1010 de
1230 956 1421 1011 Veteri
1445 957 1821 1011 Testamento
1852 972 2029 1026 super

378 1041 505 1111 ejus
539 1043 650 1097 fide
680 1042 1098 1115 intellectuque
1130 1044 1462 1099 doceamur.
1495 1044 1639 1099 Nam
1671 1048 1727 1100 et
1755 1042 2026 1116 superius

378 1129 676 1201 pralocuti
710 1148 939 1197 sumus,
974 1132 1031 1186 in
1063 1132 1338 1187 omnibus
1370 1132 1611 1198 sanctis,
1653 1137 1774 1187 tam
1805 1131 1897 1188 his
1928 1130 2027 1203 qui

378 1223 512 1290 post
542 1220 854 1274 adventum
884 1219 1116 1274 Domini
1141 1220 1323 1275 nostri
1347 1221 1601 1287 fuerunt,
1627 1237 1803 1293 quam
1829 1220 2024 1276 etiam.

377 1311 553 1370 retro,
587 1308 645 1361 in
678 1307 1024 1377 patriarchis
1054 1307 1321 1363 videlicet
1351 1314 1407 1364 st
1439 1307 1760 1381 prophetis,
1781 1307 2029 1380 Spiritus

379 1395 567 1451 sancti
602 1395 849 1467 gratiam
873 1395 1053 1452 fuisse
1094 1401 1405 1464 versatam,
1435 1401 1601 1453 eteos
1618 1396 1870 1453 diversis
1893 1396 2027 1451 cha-

379 1482 723 1541 rismatibus
751 1484 1181 1556 virtutibusque
1201 1485 1544 1557 complesse.
1561 1485 1861 1552 Quomodo
1873 1483 2030 1539 enim

382 1572 672 1628 uniusDei
703 1572 1060 1646 elUnigeniti
1083 1575 1211 1643 ejus
1240 1575 1491 1648 gratiam
1507 1574 2029 1646 possidentes,tam

376 1660 435 1716 hi
468 1660 736 1732 quiante,
761 1678 938 1733 quam
951 1661 1127 1717 etiam
1146 1662 1231 1718 illi
1270 1664 1367 1736 qui
1392 1667 1521 1735 post
1541 1663 1855 1718 adventum
1881 1662 2031 1732 ejus,

368 1748 613 1820 justitia
663 1765 893 1806 erexere
920 1750 1222 1819 vexillum,
1254 1750 1513 1807 veritatis
1551 1755 1690 1807 sunt
1718 1750 2029 1805 scientiam

373 1839 705 1906 consecuti;
757 1838 840 1894 sic
870 1844 927 1895 et
956 1841 1206 1912 Spiritus
1235 1839 1424 1896 sancti
1473 1840 1724 1912 gratiam
1756 1837 2028 1911 posside-

373 1927 539 1995 bunt,
574 1927 713 1999 quia
743 1927 1191 1999 inseparabilem
1221 1946 1253 1983 a
1277 1928 1438 1984 Patre
1468 1932 1524 1983 et
1547 1926 1714 1983 Fillio
1734 1943 1883 1991 esse,
1906 1925 2032 1998 Spi-

371 2015 552 2072 ritum
583 2021 853 2072 sanctum
884 2016 942 2072 in
992 2017 1195 2073 multis
1234 2034 1413 2091 supra
1464 2016 1609 2072 locis
1639 2015 2025 2072 ostendimus-

373 2104 666 2176 Scriptum
697 2108 786 2159 est
814 2121 951 2178 ergo
982 2106 1041 2161 in
1071 2106 1384 2179 prapheta:
1420 2130 1448 2155 «
1478 2103 1883 2162 Misericordia
1915 2103 2024 2159 Do-

373 2192 518 2249 mini
572 2194 908 2249 recordatus
940 2211 1093 2260 sum,
1128 2200 1185 2249 et
1208 2195 1440 2250 virtutis
1485 2195 1613 2265 ejus
1643 2194 1702 2248 in
1750 2191 2024 2247 omnibus

374 2298 502 2354 qua
536 2281 807 2337 retribuit
836 2282 1026 2338 nobis.
1064 2283 1343 2339 Dominus
1370 2283 1548 2353 judex
1590 2283 1781 2337 bonus
1820 2278 2024 2335 domui

374 2369 571 2436 Israel,
602 2370 858 2425 inferens
881 2371 1049 2426 nobis
1063 2373 1235 2441 juxta
1265 2370 1725 2427 misericordiam
1748 2385 1939 2433 suam,
1968 2374 2025 2425 et

365 2458 537 2530 juxta
569 2458 1006 2515 multitudinem
1048 2460 1298 2531 justitia
1336 2478 1473 2515 sua.
1506 2461 1577 2515 Et
1605 2458 1779 2515 dixit:
1821 2458 2023 2513 Nonne

373 2546 630 2619 populus
688 2565 853 2603 meus
906 2547 1011 2603 ﬁlii
1039 2553 1095 2603 et
1146 2566 1257 2604 non
1316 2548 1775 2621 pravaricabunt
1801 2548 1898 2617 (3).
1951 2547 2022 2601 Et

374 2635 565 2690 factus
607 2639 695 2691 est
750 2635 866 2690 illis
915 2637 973 2691 in
1034 2637 1282 2692 salutem
1343 2655 1409 2693 ex
1439 2638 1599 2693 omni
1646 2635 2021 2693 tribulatione

375 2737 606 2789 eorum;
640 2739 756 2778 non
789 2722 1036 2796 legatus,
1069 2741 1257 2796 neque
1282 2726 1549 2797 angelus,
1571 2726 1672 2780 sed
1695 2725 1819 2796 ipse
1840 2723 2022 2780 salva-

374 2810 456 2866 vit
485 2826 605 2876 eos,
637 2827 702 2866 eo
723 2812 878 2883 quod
903 2812 1166 2868 dilexerit
1186 2831 1303 2884 eos,
1327 2820 1383 2870 et
1407 2814 1729 2887 pepercerit
1752 2813 1858 2868 eis.
1893 2814 2021 2883 Ipse

376 2898 623 2954 redemit
654 2915 773 2967 eos,
806 2901 1329 2972 etsusceperiteos,
1362 2907 1420 2958 et
1448 2901 1827 2958 sxaltaviteos
1866 2901 2013 2958 151

376 2986 437 3043 in
452 2986 726 3043 omnibus
741 2987 946 3043 diebus
968 2988 1184 3044 saculi.
1218 2990 1239 3045 Ι
1271 2990 1317 3046 si
1336 3007 1467 3046 vero
1484 3007 1598 3046 non
1624 2989 2017 3045 crediderunt.

377 3079 434 3133 et
450 3076 824 3133 irritaverunt
844 3078 1129 3150 Spiritum
1147 3085 1415 3135 sanctum
1431 3081 1589 3150 ejus;
1616 3080 1678 3135 'et
1707 3094 2020 3134 conversus

2135 513 2432 585 inquiunt,
2467 516 2527 569 in
2562 515 2839 571 omnibus
2880 533 3008 589 qua
3050 516 3321 572 retribuit
3348 515 3449 586 eis,
3482 532 3596 572 non
3621 516 3787 587 juxta

2127 601 2420 673 justitiam
2450 620 2641 672 suam,
2673 605 2774 659 sed
2793 606 2964 676 juxta
2985 603 3448 661 misericordiam
3470 608 3528 660 et
3558 604 3785 660 bonita-

2134 694 2253 745 tem
2285 691 2434 761 ejus,
2494 680 2713 763 quiest
2763 693 2947 764 judex
2976 692 3174 748 domui
3228 691 3467 760 videnti,
3500 696 3558 748 et
3587 690 3786 748 sensui

2138 778 2358 834 mundo
2390 779 2564 835 corde
2592 778 2855 835 cernenti
2876 779 3190 835 Dominum
3226 780 3322 851 (4).
3357 779 3475 836 Ηοο
3496 779 3783 852 siquidem

2135 882 2203 922 ex
2233 866 2469 922 Hebrao
2501 883 2768 923 sermone
2794 866 2854 921 in
2886 867 3088 941 lingua
3117 872 3319 924 nostra
3368 867 3789 940 inierpretatur

2136 953 2337 1021 Israel,
2397 954 2455 1009 id
2484 958 2594 1019 est,
2650 970 2801 1009 mens
2831 954 3019 1010 videns
3052 955 3220 1009 Deum
3248 954 3353 1026 (5).
3418 953 3577 1011 Licet
3628 955 3785 1011 enim

2134 1046 2444 1109 tormenta,
2473 1046 2550 1109 et,
2584 1041 2880 1097 cruciatus
2904 1042 3082 1112 judsx
3137 1059 3529 1115 nonunquam
3578 1044 3791 1100 inferat

2128 1131 2419 1203 judicium
2436 1130 2816 1198 merentibus,
2844 1135 3038 1185 tamen
3051 1130 3150 1202 qui
3169 1146 3378 1187 causas
3399 1146 3593 1187 rerum
3614 1131 3789 1188 altius

2134 1219 2418 1287 intuetur,
2436 1219 2642 1275 videns
2668 1218 3034 1291 propositum
3047 1217 3323 1274 bonitatis
3335 1219 3486 1290 ejus,
3504 1219 3607 1292 qui
3619 1236 3689 1276 cu
3698 1221 3787 1297 pit

2136 1308 2425 1380 corrigere
2455 1312 2815 1379 peccantem,
2867 1311 3084 1363 bonum
3112 1305 3283 1362 illum
3333 1307 3667 1378 conﬁtetur,
3698 1309 3787 1365 di-

2137 1412 2302 1453 cens:
2338 1394 2630 1451 «Inferens
2659 1395 2762 1467 [αι.
2793 1393 3033 1466 inferas]
3068 1395 3238 1451 nobis
3258 1396 3431 1466 juxta
3459 1396 3790 1454 misericor-

2137 1484 2295 1539 diam
2328 1499 2516 1539 suam.
2552 1505 2581 1532 »
2609 1482 2669 1538 Si
2714 1482 2870 1541 enim
2897 1483 3238 1554 iniquitates
3284 1499 3484 1540 eorum
3516 1501 3664 1557 quos
3684 1486 3791 1558 ju-

2138 1572 2294 1627 dicat
2306 1571 2568 1627 attendat
2587 1571 2895 1637 Dominus,
2917 1571 3051 1644 quis
3070 1570 3430 1627 sustinebit?
3452 1571 3621 1629 Porro
3651 1574 3792 1646 quia

2140 1660 2296 1733 apud
2331 1660 2644 1715 Dominum
2678 1658 3011 1731 propitiatio
3040 1662 3149 1727 est,
3210 1659 3500 1717 Dominus
3527 1661 3794 1719 videlicet

2142 1752 2339 1805 noster
2365 1752 2540 1820 atque
2569 1746 2835 1804 Salvator
2855 1746 3029 1804 infert
3058 1747 3227 1804 nobis
3248 1749 3578 1805 secundum
3613 1750 3792 1807 miss-

2138 1836 2447 1894 ricordiam
2481 1852 2672 1903 suam,
2697 1836 2895 1891 omnia
2914 1853 3041 1908 qua
3064 1853 3172 1892 nos
3193 1836 3513 1909 provehant
3527 1839 3599 1894 ad
3630 1838 3791 1895 salu-

2138 1928 2278 1983 tem.
2312 1925 2574 1981 Inferens
2625 1940 2856 1996 quoque
2908 1925 3075 1995 juxta
3102 1924 3564 1982 misericordiam
3596 1943 3790 1995 suam,

2136 2018 2194 2069 et
2221 2013 2330 2069 hoc
2362 2014 2577 2070 faciens
2606 2014 2665 2069 in
2689 2012 2914 2086 judicio
2932 2014 3030 2086 (6),
3064 2030 3199 2070 cum
3226 2014 3461 2086 justitia
3483 2015 3650 2071 nobis
3678 2016 3790 2072 tri-

2134 2101 2285 2166 buit,
2318 2119 2446 2175 qua
2478 2102 2734 2158 admista
2781 2102 3195 2160 misericordia
3251 2103 3510 2161 bonitate
3538 2103 3790 2178 largitus

2133 2195 2242 2247 est.

2204 2282 2241 2334 l
2260 2279 2361 2336 52
2393 2280 2479 2335 45.
2515 2280 2862 2352 Argusndus
2893 2284 2983 2336 est
3010 2296 3079 2336 sx
3107 2280 3378 2353 praesnti
3426 2282 3682 2354 capitulo
3711 2282 3789 2356 (7)

2130 2367 2535 2424 harsticorum
2552 2385 2731 2437 error,
2753 2369 2852 2440 qui
2866 2367 3198 2425 bonitatem
3222 2384 3256 2424 a
3269 2368 3508 2441 justitia
3521 2387 3793 2444 separan-

2128 2456 2426 2525 tes,alium
2440 2461 2622 2513 Deum
2637 2455 3313 2529 bonum,aliumjustum
3333 2458 3794 2518 ﬁnxerunt.Ecce

2128 2544 2285 2601 enim
2316 2545 2375 2599 in
2407 2546 2852 2617 praesentiarum
2881 2544 3009 2617 ipse
3056 2550 3146 2601 est
3176 2550 3350 2611 Deus,
3395 2550 3454 2602 et
3484 2548 3695 2616 bonus,
3728 2554 3789 2606 st

2120 2632 2325 2704 judex,
2355 2637 2413 2689 et
2436 2634 2607 2705 juxta
2660 2632 3124 2689 misericordiam
3160 2650 3329 2690 suam
3369 2635 3789 2709 justitiamqus

2127 2720 2461 2788 restituens,
2493 2727 2551 2778 et
2579 2723 2800 2794 pariter
2828 2722 3020 2778 bonus
3066 2724 3390 2795 justusque
3429 2724 3784 2782 subsistens.

2129 2808 2370 2863 Frustra
2401 2808 2581 2881 igitur
2609 2808 2881 2882 iniquum
2914 2809 3130 2882 dogma
3158 2809 3529 2877 simulantes,
3560 2812 3783 2869 bonum

2128 2895 2311 2952 Deum
2345 2896 2658 2970 Evangelii,
2691 2901 2749 2953 et
2774 2897 3001 2953 Veteris
3022 2898 3379 2954 Testamenti
3395 2900 3628 2970 justum
3658 2917 3789 2957 esse

2129 2983 2452 3040 defendunt
2482 2985 2579 3058 (8),
2598 2986 2733 3058 quia
2760 2986 2893 3042 etin
2908 2984 3179 3059 plurimis
3192 2985 3509 3057 aliislocis,
3542 2991 3602 3043 et
3628 3005 3786 3044 nunc

2132 3072 2192 3127 in
2226 3072 2519 3144 propheta
2576 3091 2867 3144 sermons,
2921 3075 3154 3147 «judex
3204 3076 3393 3132 bonus
3426 3097 3454 3126 »
3511 3076 3789 3133 scribitur

377 3168 468 3221 est
496 3163 580 3221 eis
610 3165 680 3219 ad
711 3164 1098 3222 inimicitiam.
1135 3168 1261 3239 Ipse
1277 3167 1593 3223 debellavit
1620 3183 1719 3223 eos
1750 3171 1808 3221 et
1836 3183 2020 3221 recor—
2048 3171 2090 3237 ί]
2130 3159 2303 3228 Deus,
2338 3165 2396 3215 et
2425 3177 2455 3217 e
2485 3164 2774 3218 contrario
2805 3163 2961 3234 quod
2984 3162 3210 3231 nolunt,
3241 3162 3301 3218 in
3336 3163 3494 3220 Pauli
3525 3160 3775 3237 apostoli

376 3253 547 3310 datus
577 3257 666 3310 est
697 3254 928 3309 dierum
955 3256 1354 3327 antiquorum.
1389 3257 1495 3322 Qui
1530 3255 1729 3311 eduxit
1758 3255 1829 3310 de
1862 3258 2017 3319 terra

375 3346 667 3414 pastorem
715 3343 931 3410 ovium,
967 3344 1064 3415 qui
1099 3345 1297 3415 posuit
1326 3345 1384 3399 in
1436 3345 1521 3400 eis
1548 3343 1827 3417 Spiritum
1880 3360 2019 3398 san-

371 3435 554 3499 ctum,
585 3444 947 3505 congregans
967 3431 1204 3488 dextera
1234 3433 1470 3505 Moysen
1498 3434 1563 3488 ⁸⁸.
1600 3454 1628 3482 ››

442 3520 531 3576 fili.
583 3520 688 3585 Qui
748 3520 1086 3592 frequenter
1122 3521 1223 3577 Dei
1283 3522 1477 3593 adepti
1538 3526 1675 3577 sunt
1732 3520 2018 3576 beneﬁcia

370 3607 617 3663 scientes
645 3607 831 3680 gratia
882 3609 1090 3681 magis,
1121 3614 1179 3666 et
1232 3610 1631 3665 misericordia
1659 3610 1807 3680 ejus,
1839 3625 2017 3680 quam

371 3696 623 3767 propriis
644 3713 712 3752 ex
742 3714 803 3752 se
835 3698 1015 3754 fuisse
1034 3699 1306 3771 operibus
1330 3706 1687 3765 consecutos,
1711 3697 1880 3769 quasi
1902 3714 2019 3753 uno

369 3801 573 3840 omnes
595 3791 969 3853 consensu,et
996 3788 1191 3844 animo
1223 3789 1643 3843 concordantes
1672 3786 2013 3857 loquuntur.

371 3895 392 3921 α
452 3873 859 3929 Misericordia:
917 3877 1143 3931 Domini
1199 3878 1536 3933 recordatus
1590 3892 1743 3931 sum.
1782 3900 1802 3927 ι
1842 3874 2015 3946 Cogi-

364 3963 554 4016 tantes
586 3962 741 4017 enim
775 3980 904 4034 qua
934 3964 1006 4018 ab
1037 3981 1103 4019 eo
1148 3964 1482 4037 frequenter
1519 3964 1579 4020 in
1620 3964 1815 4036 Moyse
1862 3963 2015 4017 dona

361 4050 748 4120 susceperint,
782 4051 1002 4123 gratias
1033 4053 1312 4119 referunt,
1346 4058 1403 4108 et
1432 4069 1565 4111 cum
1592 4050 2014 4117 misericordia,

357 4136 533 4194 etiam
565 4138 849 4195 virtutum
908 4140 1139 4197 Domini
1174 4142 1576 4207 recordantur,
1629 4141 1748 4196 sive
1781 4139 2015 4195 mirabi-

357 4225 527 4295 lium,
560 4243 686 4299 qua
718 4228 919 4284 crebro
952 4246 1053 4301 pro
1085 4229 1168 4285 eis
1201 4230 1333 4285 fecit
1361 4231 1417 4284 in
1440 4228 1694 4301 populis,
1729 4228 1846 4283 sive
1877 4244 2012 4298 pro-

359 4313 617 4371 fectuum
652 4316 1107 4388 anima,quibus
1136 4336 1239 4390 per
1270 4319 1475 4385 legem,
1507 4324 1564 4372 et
1586 4315 1921 4388 prophetas,
1955 4319 2015 4369 et

355 4408 644 4473 praecepta
672 4405 799 4473 ejus
848 4405 1106 4461 salubria
1156 4406 1370 4460 eruditi
1401 4410 1558 4460 sunt.
1594 4403 1894 4474 Siquidem
1954 4404 2011 4457 in

352 4489 663 4561 Scripturis
695 4509 904 4547 nomen
937 4492 1168 4546 virtutis
1201 4498 1515 4563 utrumque
1555 4490 1865 4563 significat.
1900 4491 2009 4545 Re-

2128 3246 2388 3320 Epistola
2416 3250 2541 3322 (qui
2570 3255 2725 3307 certe
2753 3250 2895 3306 Novi
2922 3251 3282 3308 Testamenti
3314 3251 3657 3324 praedicator
3674 3253 3788 3324 est)

2127 3336 2283 3392 Deus
2304 3337 2473 3407 jutus
2495 3339 2678 3411 judex
2725 3340 2992 3396 refertur.
3051 3364 3079 3391 «
3111 3340 3385 3412 Reposita
3433 3345 3525 3397 est
3551 3341 3718 3409 mihi,
3754 3364 3783 3391 ››

2125 3421 2337 3497 inquit,
2373 3447 2401 3475 ‹‹
2432 3442 2646 3482 corona
2664 3427 2933 3498 justitia,
2966 3444 3144 3500 quam
3177 3428 3381 3485 reddet
3411 3428 3556 3485 mihi
3589 3428 3786 3485 Domi-

2126 3528 2238 3569 nus
2256 3512 2316 3569 in
2328 3512 2431 3570 illa
2441 3515 2927 3587 diejustusjudsx
2941 3516 3006 3572 ⁸⁸.
3027 3537 3054 3566 ιι
3083 3516 3241 3572 Idem
3254 3521 3345 3573 est
3358 3516 3658 3591 ergo,licst
3670 3534 3775 3573 no-

2127 3599 2256 3664 lint,
2291 3600 2431 3657 Novi
2463 3607 2519 3658 et
2537 3603 2764 3660 Veteris
2786 3604 3142 3661 Testamenti
3174 3606 3351 3673 Deus,
3382 3605 3703 3663 visibilium
3719 3611 3778 3663 et

2125 3686 2507 3747 invisibilium
2531 3691 2814 3761 conditor,
2851 3692 3144 3749 Salvatore
3172 3694 3349 3750 etiam
3379 3695 3438 3750 in
3469 3693 3782 3767 Evangelio

2116 3777 2350 3848 justum
2381 3785 2438 3835 st
2469 3781 2691 3837 bonum
2724 3782 2946 3837 Patrem
2978 3780 3200 3853 liquido
3230 3786 3570 3839 attestante:
3605 3806 3633 3834 ‹‹
3667 3784 3781 3840 Pa-

2125 3870 2215 3922 ter
2236 3866 2420 3937 justs,
2453 3869 2712 3925 mundus
2770 3875 2825 3925 te
2857 3886 2971 3926 non
3001 3871 3272 3943 coguovit
3299 3872 3364 3927 ⁸⁸.
3396 3893 3425 3923 ››
3479 3873 3547 3927 Et
3577 3871 3633 3927 in
3665 3870 3783 3928 alio

2124 3958 2280 4014 loco:
2317 3980 2344 4007 ‹‹
2378 3958 2558 4013 Nemo
2590 3959 2801 4026 bonus,
2835 3957 2949 4013 nisi
2983 3975 3135 4014 unus
3166 3959 3322 4015 Deus
3341 3961 3405 4015 ⁸⁷.
3440 3982 3468 4010 ››
3495 3960 3605 4016 Sed
3630 3964 3687 4015 et
3719 3960 3780 4015 in

2121 4047 2299 4104 veteri
2331 4046 2456 4118 lege
2485 4045 2624 4101 alibi
2649 4046 2872 4117 justus,
2932 4045 3073 4102 alibi
3107 4046 3297 4104 bonus
3353 4048 3571 4104 dicitur
3599 4048 3781 4105 Deus.

2126 4137 2188 4191 In
2222 4132 2486 4200 Psalmis,
2526 4153 2549 4182 ι
2580 4133 2786 4190 Justus
2844 4133 3151 4203 Dominus,
3186 4157 3215 4184 »
3267 4136 3480 4208 inquit,
3512 4158 3541 4188 «
3573 4140 3631 4193 et
3649 4137 3783 4209 jus-

2122 4224 2286 4279 titias
2321 4222 2523 4278 dilexit
2542 4223 2609 4277 ⁸³.
2644 4244 2672 4271 ››
2714 4223 2783 4278 Et
2812 4224 3102 4279 contrario
3134 4223 3193 4278 in
3222 4223 3495 4292 Jeremia,
3528 4246 3558 4274 «
3588 4225 3787 4282 Bonus

2123 4312 2408 4368 Dominus
2426 4311 2519 4368 his
2532 4311 2633 4383 qui
2657 4311 2953 4368 sustinent
2972 4328 3107 4367 eum
3129 4312 3192 4366 ⁸³.
3230 4334 3258 4361 ››
3289 4316 3513 4369 Rursus
3539 4314 3597 4369 in
3629 4312 3790 4370 Psal-

2124 4402 2266 4457 mis:
2304 4424 2333 4451 ‹‹
2375 4402 2559 4466 Quam
2592 4401 2780 4456 bonus
2802 4400 2955 4456 Deus
2980 4400 3179 4468 Israel,
3211 4401 3305 4458 his
3328 4402 3429 4476 qui
3453 4408 3611 4459 recto
3642 4409 3788 4459 sunt

2121 4490 2293 4546 corde
2324 4490 2389 4543 ’0.
2428 4511 2454 4538 ι»
2489 4490 2554 4544 Et
2574 4488 2694 4543 hac
2717 4488 2955 4560 quidem
2987 4505 3017 4544 e
3043 4487 3224 4545 latere
3257 4494 3460 4546 contra
3479 4489 3785 4548 hareticos

424 4604 468 4636 3‘
501 4604 609 4658 Isa.
644 4620 797 4671 1.x111,
828 4606 986 4660 7-I'2.
1056 4606 1100 4639 ⁸⁵
1132 4607 1178 4661 ΙΙ
1223 4606 1373 4661 Tim.
1408 4623 1481 4673 1v,
1516 4608 1569 4661 8.
1634 4607 1677 4641 ⁸⁸
1726 4606 1893 4661 Joan.
1928 4623 2017 4660 xv1

2144 4607 2194 4662 1.
2270 4607 2314 4640 ⁸⁷
2373 4605 2551 4661 Marc.
2608 4622 2663 4670 x,
2725 4604 2813 4659 48.
2904 4605 2948 4638 ⁸⁸
3007 4604 3155 4661 Psal.
3219 4622 3275 4661 x.
3352 4608 3406 4661 8.
3457 4607 3503 4642 ⁸⁸
3558 4606 3783 4665 Thrsn.

354 4692 440 4741 111,
473 4676 562 4741 ‘25,
596 4675 640 4708 9“
673 4675 819 4729 Psal.
855 4694 1025 4743 Lxxu,
1066 4677 1111 4731 i.

424 4792 499 4864 (3)
531 4790 867 4865 Eritopera
893 4792 1143 4865 pretium
1190 4792 1480 4865 insignem
1513 4794 1693 4849 istum
1728 4794 1885 4849 Isaia
1920 4794 2006 4850 lo-
2038 4795 2085 4861 D
2115 4798 2241 4851 tum
2275 4795 2672 4850 Milevitanum
2704 4790 2966 4865 invenias
2999 4791 3099 4848 lib.
3135 4811 3196 4861 11,
3230 4795 3289 4850 in
3323 4795 3456 4865 ﬁne,
3488 4798 3547 4851 et
3575 4794 3775 4852 Hiero-

354 4880 487 4920 cum
520 4864 771 4936 recolere
804 4864 875 4919 ad
904 4864 1169 4919 Gracum
1206 4863 1518 4936 exemplar,
1544 4866 1615 4919 ad
1639 4866 1808 4936 cujus
1832 4867 2004 4921 [idem

354 4933 589 5009 nonulla
620 4937 1082 5009 emendavimus.
1118 4938 1222 4991 Pro
1254 4960 1280 4986 ‹‹
1328 4933 1529 4992 Nonne
1559 4933 1809 5009 pepulus
1841 4953 2009 4993 meus

353 5005 649 5080 filiiPCrat
715 5008 966 5079 negandi
1026 5025 1222 5063 sensu.
1259 5030 1285 5057 ‹‹
1345 5012 1469 5062 Non
1533 5005 1782 5080 pop—alus
1840 5025 2008 5064 meus

349 5076 472 5141 filii,
510 5096 537 5121 ››
569 5082 769 5132 contra
796 5076 943 5151 inse.
963 5145 975 5151 _
995 5080 1222 5151 Regina
1255 5083 1311 5134 et
1338 5076 1625 5135 Vaticani'
1652 5080 1846 5135 Iidem.
1881 5081 2003 5134 Gra

347 5160 715 5222 cusgguoque
749 5148 867 5203 Οὐχ
901 5151 928 5203 ὁ
963 5145 1251 5222 λαὸξμου,
1287 5155 1391 5206 etc.

350 5214 497 5342 ΠΜ)
557 5214 733 5272 Vetus
787 5221 987 5287 editio,
1052 5246 1070 5270 α
1118 5214 1177 5277 et
1235 5214 1407 5278 Sensu
1468 5223 1688 5278 mundo
1738 5222 1998 5278 cernenti

400 5300 555 5342 eum.
620 5310 646 5335 ››

400 5300 555 5344 eum.
620 5310 646 5335 ››

416 5361 492 5431 (5)
528 5358 743 5431 Vitiosa
773 5364 829 5413 et
858 5365 1057 5416 contra
1089 5379 1231 5417 mss.
1266 5365 1439 5418 {idem
1471 5369 1639 5419 antea
1667 5368 1789 5418 erat
1825 5385 1851 5416 α
1883 5365 1991 5419 Do-

2120 4884 2360 4939 nymum
2382 4882 2650 4939 .quoque
2680 4882 2750 4921 ex
2778 4862 3028 4939 aliorum
3071 4862 3453 4939 _sensu.AQui;
3476 4870 3673 4922 autem
3704 4883 3777 4923 ex

2120 4934 2187 4993 ea
2215 4956 2352 4995 voce
2383 4934 2613 5002 “Satn-‘77
2652 4934 2892 5006 extundi
2923 4936 3132 5006 possit,
3166 4936 3304 4993 alibi
3337 4935 3617 4994 diximus.

2188 5012 2264 5092 (6)
2284 5013 2473 5068 Verba
2503 5030 2524 5059 ι
2557 5008 2733 5092 ethec
2749 5005 2967 5092 faciens
2983 5025 3011 5085 )3
3042 5006 3100 5092 in
3124 5008 3355 5092 Pagina
3369 5025 3512 5091 mss.
3545 5024 3773 5092 expun-

2113 5075 2360 5153 guntur:
2398 5099 2531 5139 mox
2551 5079 2766 5153 AVatic.,
2803 5100 2831 5127 ‹‹
2864 5075 3293 5153 ηρῢίεμῐιιίὺιιῖι,
3325 5079 3466 5151 quia
3495 5096 3561 5136 eo
3597 5075 3772 5151 juxta

2113 5145 2523 5210 misericordia
2550 5149 2871 5206 bonitatem
2906 5145 3155 5219 largitus
3184 5156 3292 5207 est.
3329 5145 3356 5199 ἦ

2179 5224 2257 5297 (7)
2271 5225 2435 5299 ‘Hinc
2465 5220 2934 5299 tertiumlibrum
2950 5222 3623 5299 .auspicantureditores
3641 5221 3765 5289 alii,

2107 5291 2223 5370 qua
2240 5291 2322 5352 'de
2355 5314 2413 5354 re
2444 5313 2625 5370 supra
2655 5292 2914 5370 diximus
2945 5291 3006 5346 in
3065 5291 3301 5370 praeﬁxa
3327 5291 3763 5370 A_dm_on_itio_ns.

2103 5363 2407 5424 Absonum
2440 5363 2573 5424 vero
2598 5365 2973 5439 estmaxims,
2998 5363 3153 5439 qu'od
3185 5382 3220 5419 a
3243 5365 3434 5420 media
3463 5365 3623 5422 Isaia
3652 5363 3764 5422 loci

343 5430 594 5516 mimum“.
639 5430 811 5516 ullae
831 5432 1991 5516 ppri'ono1niiiisIsracletymol’ogiaaivs
2101 5440 2464 5516 expositione
2507 5438 2849 5516 inceperint.

340 5505 466 5585 χοῦς
496 5504 637 5585 ὀλῶν
671 5500 1067 5585 626v,'G:ac‘is
1101 5506 1389 5585 praecipue
1445 5500 1660 5585 arrisit,
1682 5500 1986 5585 _Olympi_o-

340 5574 479 5630 dore
532 5573 613 5629 'in
670 5591 845 5645 cap.1
902 5573 1294 5630 Ecclesiastef
1354 5577 1590 5631 Leontio
1671 5573 1983 5645 De'sectis,

337 5645 677 5721 Theophani
709 5645 981 5703 Cerameo
1003 5645 1269 5717 aliisque.
1306 5650 1364 5701 E.
1392 5647 1622 5703 Latinis.
1641 5648 1796 5719 apud
1818 5649 1984 5721 Opta-

2168 5506 2508 5585 (8)_Regina
2537 5506 2705 5576 liber,
2738 5532 2766 5559 «
2800 5508 3020 5585 bonum
3041 5508 3112 5585 d_e
3134 5506 3468 5585 Eyangelio,
3490 5510 3548 5564 et
3570 5507 3643 5563 de
3664 5524 3737 5564 vo

2094 5582 2198 5636 teri
2232 5579 2545 5639 Tesmsnto
2569 5585 2802 5654 justum
2821 5597 2949 5639 esse
2976 5579 3330 5637 defendunt.
3367 5602 3394 5628 »
