4118 6158
258 150 386 221 157

998 157 1491 222 TRANSLATIO
1540 112 1743 221 LIBRI
1786 149 2069 219 morm
2112 154 2215 217 ne
2260 152 2576 221 smne
2621 155 2953 221 smc'ro.

3559 154 3676 221 £58

342 296 429 347 57.
463 293 799 349 Secundum
848 310 1082 366 quoque
1113 294 1265 366 quod
1315 309 1527 349 nomen
1568 292 1830 364 spiritus,
1864 294 1921 345 et

2040 289 2189 345 aliud
2250 290 2307 344 in
2388 290 2670 346 Trinitate
2703 292 2972 363 usurpari
3043 292 3501 369 εοὶθι,συνώνυμον
3538 301 3669 367 est;

259 383 627 438 voluntatem
661 382 943 450 hominis,
997 386 1055 437 et
1102 382 1281 437 animi
1333 380 1681 437 sententiam
1733 383 1915 435 sonet.

261 472 482 529 Volens
498 472 717 543 quippe
737 470 1048 543 Apostolus
1070 472 1353 543 virginem
1372 488 1484 526 non
1511 469 1700 525 solum
1725 485 1916 541 opere,

262 562 370 617 sed
405 566 463 616 et
489 565 682 616 mente
714 565 979 615 sanctam
1013 576 1162 623 esse,
1190 560 1247 613 id
1278 564 1384 624 est,
1412 576 1525 613 non
1549 562 1777 613 tantum
1802 573 1921 611 cor-

264 667 435 723 pore,
462 651 559 705 sed
580 654 635 704 et
655 654 820 704 motu
844 649 1038 704 cordis
1065 648 1309 715 interno,
1336 649 1448 703 ait:
1474 670 1502 696 ‹‹
1527 647 1602 702 Ut
1626 646 1701 701 sit
1720 649 1922 701 sancta

266 756 511 811 corpore
557 744 611 793 et
650 738 921 810 spiritu37
947 756 960 805 ;
984 760 1013 787 »
1066 737 1424 793 voluntatem
1466 736 1675 808 spiritu
1707 739 1762 790 et
1792 751 1920 789 cor-

265 846 409 901 pore
433 844 605 900 Opera
626 828 993 900 signiﬁcans.
1024 827 1337 882 Considera
1374 830 1572 881 utrum
1594 824 1704 880 hoc
1728 825 1920 895 ipsum

263 918 323 971 in
358 916 511 971 Isaia
538 921 729 981 sonet,
752 917 911 987 quod
956 916 1241 987 scriptum
1285 921 1373 970 est
1398 933 1409 969 :
1437 938 1463 965 ‹‹
1488 918 1555 969 Et
1584 914 1791 979 scient,
1822 910 1920 983 qui

260 1006 477 1078 spiritu
499 1010 726 1069 errant,
759 1004 1197 1061 intellectum”.
1234 1026 1261 1052 ››
1294 1003 1401 1067 Qui
1429 1002 1585 1058 enim
1616 1018 1809 1057 errore
1824 1002 1920 1071 ju-

262 1095 407 1149 dieii
438 1094 552 1149 alia
572 1111 680 1166 pro
702 1093 835 1148 aliis
857 1094 1010 1149 bona
1031 1093 1289 1164 [al,bono
1310 1091 1526 1163 studio]
1564 1090 1924 1153 existimant,

268 1182 964 1256 accipientintellectum,
985 1188 1049 1238 ut
1069 1182 1398 1254 corrigatur
1411 1197 1572 1236 error
1590 1180 1846 1244 illorum,
1869 1181 1927 1232 et

270 1290 380 1345 pro
431 1273 621 1345 pravis
678 1288 748 1327 ea
806 1288 933 1342 quae
991 1275 1149 1327 recta
1199 1275 1340 1326 sunt
1395 1269 1633 1342 eligant.
1690 1269 1925 1323 Necnon

268 1366 325 1417 et
338 1361 511 1416 illud:
537 1385 565 1409 ‹ι
584 1360 980 1416 Unafortiudo
1003 1359 1492 1432 spiritusvestri39
1516 1359 1620 1429 [al,
1646 1356 1877 1426 nostri],
1897 1379 1919 1407 ι

259 1451 390 1505 vide
421 1468 498 1505 an
534 1450 797 1522 idipsum
824 1450 1111 1505 ostendat.
1146 1449 1212 1504 Et
1243 1465 1420 1520 super
1447 1447 1645 1503 omnia
1674 1446 1924 1501 vocabu-

259 1541 381 1597 lum
406 1540 665 1612 spiritus
686 1538 949 1595 altiorem
973 1542 1031 1593 et
1048 1537 1361 1610 mysticum
1383 1538 1441 1591 in
1457 1535 1773 1608 Scripturis
1792 1551 1924 1589 san—

260 1630 369 1686 ctis
402 1628 715 1701 signiﬁcat
744 1625 1127 1694 intellectum,
1161 1632 1227 1681 ut
1254 1626 1336 1680 ibi
1362 1643 1374 1682 :
1405 1626 1670 1681 «Littera
1692 1623 1922 1691 occidit,

261 1719 513 1792 spiritus
546 1723 747 1773 autem
778 1716 1088 1771 viviﬁcat‘0
1111 1734 1123 1779 ;
1150 1737 1177 1763 ››
1199 1715 1453 1770 litteram
1478 1714 1677 1769 dicens
1702 1712 1925 1784 simpli-

262 1826 411 1874 cem,
444 1812 504 1862 et
529 1805 911 1861 manifestam
933 1806 1103 1875 juxta
1142 1804 1447 1859 historiam
1488 1801 1880 1858 narrationem
1910 1819 1921 1867 ;

264 1897 549 1971 spiritum
563 1911 723 1960 vero,
747 1900 1017 1950 sanctum
1038 1897 1094 1949 et
1116 1892 1419 1965 spirituale
1444 1908 1615 1947 nosse
1637 1891 1747 1962 (34)
1771 1890 1924 1962 quod

265 1986 505 2059 legitur.
530 1983 587 2038 In
613 1984 772 2039 hanc
788 1982 1059 2055 congruit
1088 1981 1448 2038 voluntatem
1471 1985 1527 2036 et
1548 1979 1692 2035 illud
1719 1996 1731 2033 :
1759 2002 1787 2030 «
1810 1978 1926 2033 Nos

268 2091 478 2131 sumus
510 2071 909 2138 circumcisio,
942 2071 1043 2144 qui
1073 2071 1285 2144 spiritu
1322 2070 1565 2125 Domino
1606 2068 1923 2125 servientes

267 2180 499 2225 sumus,
525 2166 583 2217 et
605 2178 725 2215 non
762 2160 818 2215 in
879 2176 1053 2215 carne
1086 2160 1445 2214 confidentes
1463 2158 1525 2212 ⁴¹.
1564 2179 1590 2206 ››
1631 2156 1736 2223 Qui
1770 2154 1924 2211 enim

263 2270 372 2308 non
406 2251 611 2306 littera
645 2265 884 2305 carnem
918 2247 1253 2316 concidunt,
1287 2247 1389 2303 sed
1422 2263 1521 2302 cor
1568 2245 1775 2317 spiritu
1810 2243 1925 2299 cir-

264 2338 976 2409 cumcidunt,auferentes
1007 2352 1178 2392 omne
1206 2337 1336 2407 ejus
1358 2335 1745 2408 superfluum,
1769 2333 1923 2404 quod
1954 2360 1957 2363 ν

265 2428 634 2502 generationi
660 2426 991 2499 proximum
1022 2430 1128 2492 est,
1162 2429 1219 2480 et
1246 2425 1525 2491 amicum,
1572 2424 1631 2478 hi
1662 2438 1792 2479 vere
1813 2422 1925 2493 (35)

266 2518 471 2592 spiritu
503 2516 850 2573 circumcisi
885 2519 1043 2583 sunt,
1096 2514 1154 2569 in
1204 2514 1429 2569 occulto
1477 2512 1685 2578 Judaei,
1723 2515 1779 2566 et
1810 2509 1927 2565 veri

268 2608 570 2675 Israelitae,
602 2608 664 2661 in
708 2606 929 2679 quibus
967 2621 1079 2659 non
1115 2608 1205 2659 est
1251 2602 1444 2659 dolus.
1480 2603 1600 2667 Ὀιιὶ
1626 2606 1925 2657 transcen-

264 2699 468 2753 dentes
501 2696 759 2752 umbras
781 2699 837 2749 et
853 2692 1139 2766 imagines
1157 2691 1380 2748 Veteris
1401 2690 1782 2757 Testamenti,
1809 2688 1924 2744 cul-

263 2792 415 2843 tores
444 2785 573 2840 veri
607 2784 861 2840 adorant
883 2787 1112 2838 Patrem
1153 2782 1213 2836 in
1258 2781 1464 2854 spiritu
1508 2784 1564 2836 et
1592 2780 1830 2835 veritate
1844 2779 1923 2832 ‘3:

266 2877 320 2931 in
351 2876 598 2948 spiritu,
636 2873 781 2945 quia
812 2870 1136 2943 corporalia
1165 2876 1223 2926 et
1260 2870 1509 2925 humilia
1552 2868 1924 2925 transcende-

265 2970 440 3029 runt;
476 2965 539 3019 in
570 2962 837 3027 veritate,
872 2960 1008 3033 quia
1036 2964 1224 3033 typos,
1259 2964 1315 3015 et
1354 2961 1615 3026 umbras,
1649 2963 1704 3014 et
1733 2974 1926 3013 exem-

2029 378 2184 434 verbi
2217 379 2425 451 gratia,
2459 384 2697 435 sanctus
2730 381 2919 436 bonus
2942 382 3073 451 (36),
3100 386 3157 438 et
3177 388 3377 441 caatera
3400 386 3489 443 his
3514 387 3672 444 simi-

2028 468 2126 536 lia,
2161 469 2230 522 de
2264 469 2476 539 quibus
2508 469 2677 540 paulo
2710 474 2842 525 ante
2882 471 3350 541 perstrinximus.

2099 558 2187 611 56.
2224 558 2397 612 Porro
2426 559 2495 611 ad
2530 558 2649 611 haec
2681 560 3010 615 necessario
3038 560 3290 616 devoluti
3340 581 3568 631 sumus,
3607 571 3674 622 ut

2031 644 2169 717 quia
2191 646 2524 717 frequenter
2547 646 2855 718 appellatio
2886 648 3131 721 spiritus
3161 648 3219 705 in
3241 651 3555 724 Scripturis
3586 660 3675 711 est

2032 751 2295 805 respersa
2316 734 2549 801 divinis,
2574 752 2687 790 non
2710 737 2980 791 labamur
2996 738 3052 792 in
3072 740 3326 806 nomine,
3348 743 3447 797 sed
3472 761 3674 800 unum-

2033 824 2303 896 quodque
2336 825 2657 880 secundum
2698 825 2961 881 locorum
3006 829 3311 885 varietates
3359 834 3417 885 et
3463 830 3675 887 intelli-
3784 892 3787 895 _

2032 911 2257 984 gentias
2280 912 2654 985 accipiamus.
2679 914 2848 969 Omni
2870 915 3067 986 itaque
3088 918 3283 973 studio
3299 935 3363 973 ac
3378 918 3679 992 diligentia

2032 999 2381 1055 vocabulum
2413 1001 2687 1073 Spiritus:
2724 1003 2821 1057 ubi
2872 1008 2929 1057 et
2980 1007 3275 1075 quomodo
3321 1007 3676 1080 appellatum

2035 1090 2130 1157 sit,
2155 1090 2637 1162 contemplantes,
2666 1092 3029 1162 sophismata
3050 1109 3251 1149 eorum
3274 1099 3329 1149 et
3353 1097 3683 1152 fraudulen-

2037 1192 2123 1233 tas
2140 1179 2436 1250 decipulas
2448 1184 2839 1248 conteremus,
2859 1182 2959 1253 qui
2976 1182 3258 1253 Spiritum
3291 1188 3559 1240 sanctum
3580 1204 3678 1241 as-

2036 1271 2241 1322 serunt
2261 1272 2607 1324 creaturam.
2635 1270 2913 1342 Legeutes
2937 1270 3091 1325 enim
3116 1270 3172 1325 in
3196 1272 3501 1343 propheta,
3519 1278 3678 1347 «Ego

2036 1372 2166 1410 sum
2192 1356 2553 1429 ﬁrmans(37)
2578 1358 2921 1425 tonitruum,
2947 1364 3003 1413 et
3022 1376 3226 1416 creans
3247 1360 3610 1433 Spiritum“,
3649 1384 3674 1411 ››

2035 1444 2366 1517 ignorantia
2399 1446 2738 1519 multiplicis
2771 1448 2829 1502 in
2851 1448 2959 1503 hac
2990 1452 3153 1520 parte
3173 1451 3482 1521 sermonis,
3511 1455 3678 1523 puta-

2034 1539 2243 1590 verunt
2274 1535 2553 1606 Spiritum
2590 1540 2857 1592 sanctum
2888 1554 2955 1592 ex
2985 1537 3093 1592 hoc
3128 1538 3409 1595 vocabulo
3441 1541 3683 1596 demon-

2038 1623 2231 1693 strari,
2265 1640 2399 1678 cum
2448 1624 2506 1678 in
2530 1626 2968 1696 praesentiarum
3005 1625 3249 1698 spiritus
3299 1645 3516 1684 nomen
3545 1645 3679 1683 ven-

2034 1716 2161 1767 tum
2189 1716 2375 1767 sonet.
2411 1713 2643 1769 Necnon
2674 1714 2733 1768 in
2765 1715 3044 1770 Zacharia
3077 1716 3385 1773 audientes
3418 1716 3680 1773 locutum
3720 1712 3725 1719 ’

2035 1800 2372 1865 Dominum,
2406 1802 2557 1872 qued
2590 1803 2715 1874 ipse
2746 1803 2823 1858 sit
2854 1804 2951 1875 qui
2976 1808 3101 1859 erat
3125 1804 3397 1877 spiritum
3423 1806 3682 1862 hominis

2036 1889 2094 1943 in
2136 1905 2201 1944 eo
2214 1892 2277 1957 ‘7,
2320 1890 2799 1947 existimaverunt
2822 1893 3103 1965 Spiritum
3124 1897 3393 1950 sanctum
3416 1894 3592 1951 etiam
3616 1896 3674 1950 in

2035 1976 2145 2033 hoc
2177 1978 2430 2050 capitulo
2464 1979 2801 2052 significari,
2837 1999 2949 2038 non
2974 1982 3504 2040 animadvertentes
3526 1986 3680 2058 quod

2036 2066 2294 2123 animam
2328 2067 2604 2134 hominis,
2638 2075 2738 2124 aut
2778 2070 3051 2142 spiritum
3105 2074 3300 2144 (quem
3352 2073 3590 2129 tertium
3622 2074 3680 2129 in

2035 2156 2272 2213 homine
2303 2160 2569 2228 essejarn
2594 2158 2871 2231 diximus)
2894 2160 3138 2232 spiritus
3163 2160 3473 2233 appellatio
3498 2163 3679 2235 signi-

2034 2244 2187 2300 ﬁcet.
2222 2247 2370 2317 Ergo
2403 2250 2465 2300 ut
2494 2246 2790 2318 przelocuti
2838 2265 3064 2315 sumus,
3121 2250 3415 2320 quomodo
3465 2266 3677 2304 unum-

2037 2334 2310 2405 quodque
2351 2335 2570 2390 dietum
2622 2335 2715 2401 sit,
2765 2336 3223 2405 consideremus,
3276 2354 3345 2392 ne
3396 2338 3540 2393 forte
3579 2354 3681 2410 per

2035 2421 2425 2494 ignorantiam
2458 2423 2515 2478 in
2548 2423 2890 2479 barathrum
2931 2425 3273 2481 decidamus
3323 2426 3556 2483 erroris.
3591 2427 3667 2482 Si.

2037 2510 2272 2582 quidem
2304 2511 2363 2566 in
2406 2512 2537 2567 aliis
2581 2514 2754 2569 rebus
2804 2530 2868 2569 ex
2927 2514 3218 2569 consortio
3262 2514 3679 2572 vocabulorum

2036 2615 2197 2655 error
2225 2601 2517 2669 eveniens,
2552 2601 2953 2658 confusionem
2985 2608 3041 2658 et
3071 2603 3353 2675 pudorem
3384 2604 3434 2660 ei
3467 2604 3565 2676 qui
3598 2622 3681 2660 er-

2036 2688 2184 2742 ravit
2212 2688 2524 2760 importat:
2560 2690 2630 2745 de
2663 2692 2932 2764 supernis
2962 2708 3094 2747 vero
3133 2696 3189 2747 et
3236 2691 3448 2749 divinis
3481 2693 3680 2765 lapsus

2036 2777 2107 2831 ad
2142 2794 2334 2848 prava,
2368 2779 2435 2833 ad
2472 2782 2746 2834 aeternam
2778 2797 3010 2852 pcenarn
3049 2781 3281 2836 deducit
3308 2786 3365 2837 et
3394 2786 3679 2837 tartarum

2037 2866 2133 2939 [αἱ.
2167 2866 2554 2938 barathrum],
2592 2868 2842 2923 maxime
2872 2886 3006 2924 cum
3047 2868 3225 2924 semel
3265 2870 3543 2942 deceptus
3577 2887 3679 2926 no-

2038 2954 2213 3009 luerit
2242 2956 2711 3027 resipiscere,sed
2743 2974 2917 3013 suum
2958 2958 3104 3014 18.1
3149 2958 3452 3015 defensare
3485 2960 3679 3031 impu-

264 3053 452 3127 plaria
475 3052 905 3122 relinquentes,
932 3051 1003 3105 ad
1035 3049 1219 3121 ipsius
1259 3048 1518 3104 veritatis
1550 3063 1756 3103 venere
1788 3048 1927 3103 sub-
1960 3033 2002 3099 C
2040 3043 2244 3099 denter
2271 3061 2547 3101 errorem.
2572 3046 2822 3102 Decebat
2842 3046 3039 3115 etiam,
3069 3051 3125 3102 et
3154 3047 3498 3120 magnitudo
3519 3047 3679 3105 volu-

264 3141 552 3198 stantiam
581 3159 595 3196 :
630 3144 689 3195 et
717 3144 785 3194 ut
810 3141 936 3210 jam
968 3138 1242 3204 diximus,
1289 3136 1500 3193 humili
1549 3141 1606 3191 et
1654 3152 1929 3207 corporea

264 3232 583 3286 verborum
625 3226 1003 3300 simplicitate
1050 3231 1406 3300 contempta,
1442 3227 1513 3281 ad
1562 3225 1927 3299 spiritualem

268 3319 416 3391 legis
448 3318 722 3373 notitiam
756 3320 1169 3389 pervenerunt.

342 3410 441 3461 58.
473 3406 613 3460 Haec
640 3405 870 3460 interim
887 3406 1059 3476 juxta
1100 3402 1546 3477 possibilitatem
1580 3403 1798 3476 ingenii
1822 3419 1928 3459 no-

282 3495 393 3550 stri
428 3498 571 3565 quot
624 3510 714 3548 res
749 3494 987 3565 spiritus
1037 3492 1411 3565 signiﬁcaret,
1462 3493 1789 3565 attigimus,
1822 3510 1929 3547 suo

280 3590 555 3655 tempore
587 3582 722 3655 quid
757 3583 1219 3655 unumquodque
1249 3582 1558 3654 significet,
1592 3581 1641 3637 si
1664 3581 1929 3637 Christus

274 3672 582 3736 tribuerit,
623 3672 947 3727 disserturi.
990 3672 1385 3743 Nonunquam
1426 3676 1621 3727 autem
1653 3670 1926 3743 Spiritus,

269 3767 326 3819 et
346 3761 647 3818 Dominus
666 3766 867 3816 noster
885 3760 1059 3817 Jesus
1083 3760 1372 3827 Christus,
1401 3760 1458 3815 id
1491 3764 1599 3827 est,
1622 3760 1720 3815 Dei
1748 3759 1929 3817 Filius

276 3850 634 3925 appellatur.
655 3872 684 3899 «
699 3850 997 3922 Benignus
1014 3848 1305 3921 siquidem
1327 3852 1416 3905 est
1438 3848 1689 3920 Spiritus
1707 3850 1931 3921 sapien-

275 3941 483 3996 tiae”.»
508 3940 579 3995 Et
602 3939 758 3994 ια
778 3937 839 3993 in
862 3938 973 3993 alio
992 3936 1117 3993 loco
1142 3955 1154 3992 :
1180 3960 1205 3987 «
1232 3937 1515 3993 Dominus
1537 3942 1729 3993 autem
1752 3938 1930 4010 Spiri-

274 4034 367 4085 tus
384 4030 556 4093 est“,
591 4052 618 4074 ››
642 4033 711 4082 ut
727 4032 861 4083 ante
876 4026 1150 4095 diximus,
1175 4026 1273 4081 ubi
1298 4026 1475 4081 etiam
1499 4026 1641 4081 illud
1667 4028 1929 4098 adjunxi-

278 4136 429 4185 mus,
454 4142 483 4167 α
512 4116 939 4189 SpiritusDeus
963 4117 1122 4183 est“,
1150 4138 1177 4165 ››
1207 4115 1507 4185 nonjuxta
1528 4116 1784 4171 nominis
1805 4121 1930 4172 tan-

280 4213 399 4262 tum
420 4203 930 4270 communionem,
947 4205 1457 4275 sedjuxtanaturae
1472 4204 1929 4275 substantiazque

282 4293 1135 4357 oonsortium.Quomodoenim
1151 4308 1401 4364 quorum
1418 4293 1647 4349 diversa
1660 4294 1929 4349 substan-

2040 3132 2217 3189 minis
2246 3135 2529 3207 exigebat,
2565 3138 2627 3191 ut
2659 3136 2832 3190 ﬁnem
2875 3136 3162 3209 acciperet
3191 3137 3395 3193 oratio.

2106 3224 2197 3277 60.
2231 3224 2447 3279 Verum
2497 3224 2636 3296 quia
2684 3225 2858 3281 infert
2906 3242 2967 3281 se
3015 3226 3255 3297 quastio
3305 3228 3585 3282 adversus
3615 3244 3681 3282 ea

2039 3328 2165 3383 quae
2192 3312 2462 3385 superius
2475 3314 2934 3385 disputavimus:
2960 3331 3136 3386 quam
3161 3315 3373 3371 idcirco
3388 3320 3527 3371 tunc
3544 3332 3681 3387 prae—

2037 3401 2420 3469 termisimus,
2447 3418 2518 3457 ne
2541 3403 3444 3476 textumsermonisirrumperet,
3461 3404 3682 3462 etinter

2038 3490 2195 3560 piam
2245 3491 2713 3561 praedicationem
2776 3492 2957 3563 impia
3002 3493 3292 3549 contentio
3342 3498 3680 3565 poneretur,

2038 3580 2434 3635 necessarium
2468 3585 2607 3653 puto
2639 3582 2708 3637 ad
2732 3583 3096 3653 propositum
3130 3583 3499 3654 respondere,
3529 3587 3585 3638 et
3606 3582 3681 3638 le-

2038 3668 2213 3725 ctoris
2230 3670 2489 3738 arbitrio,
2513 3670 2653 3742 quid
2677 3687 2856 3743 super
2876 3670 2968 3727 his
2990 3671 3222 3739 sentiat,
3252 3670 3676 3744 derelinquere.

2037 3757 2483 3830 Disputantibus
2499 3776 2636 3831 ergo
2653 3777 2849 3832 supra,
2866 3761 3020 3833 quod
3042 3760 3300 3817 animam
3317 3760 3403 3816 vel
3423 3764 3679 3817 mentem

2036 3846 2294 3902 hominis
2316 3847 2476 3902 nulla
2500 3850 2938 3919 creaturajuxta
2957 3850 3345 3906 substantiam
3370 3850 3678 3923 possitim-

2038 3935 2214 4007 plere,
2249 3935 2360 3989 nisi
2392 3935 2516 3991 sola
2546 3937 2823 4003 Trinitas,
2857 3938 2995 4010 quia
3032 3939 3439 3995 tantummodo
3472 3957 3677 3995 secun-

2037 4024 2177 4079 dum
2211 4023 2630 4096 operationem,
2662 4029 2719 4079 et
2749 4025 3064 4081 voluntatis
3104 4042 3383 4094 errorem,
3413 4026 3532 4081 sive
3561 4027 3680 4080 vir-

2037 4118 2244 4179 tutem,
2277 4113 2510 4169 animus
2542 4114 2611 4168 de
2642 4114 2734 4169 his
2767 4131 2891 4186 quae
2922 4119 3114 4171 creata
3141 4116 3234 4181 [αἱ.
3268 4115 3509 4185 sociata]
3542 4118 3683 4169 sunt

2038 4204 2349 4274 impletur:
2384 4204 2587 4259 oborta
2608 4209 2698 4260 est
2718 4204 2961 4276 qutestio
2990 4208 3210 4269 nostra,
3255 4202 3422 4275 quasi
3455 4207 3682 4259 senten-

2037 4293 2178 4349 tiam
2213 4292 2462 4361 solvens,
2496 4293 2651 4365 quod
2682 4297 2875 4349 creata
2906 4294 3259 4362 substantia,
3290 4310 3417 4365 qua;
3441 4292 3499 4348 in
3530 4292 3683 4350 Scri-

276 4384 353 4438 tia
369 4382 806 4449 est,interdum
830 4382 1019 4437 evenit
1040 4385 1105 4436 ut
1135 4381 1432 4436 communi
1471 4382 1752 4438 vocabulo
1775 4401 1925 4438 nun-
1959 4403 2005 4467 Ι)
2037 4382 2225 4454 pturis
2255 4383 2501 4438 Satanas
2527 4381 2877 4455 appellatur,
2929 4382 3290 4456 ingrediatur
3339 4382 3397 4437 in
3430 4382 3679 4456 aliquos,

275 4478 583 4545 cupentur,
618 4474 678 4527 et
702 4470 825 4525 haec
849 4469 1125 4525 dicuntur
1144 4469 1308 4532 ὁμώνυ
1340 4487 1409 4532 μα
1439 4470 1521 4527 ita
1551 4488 1925 4545 eorum,quo-

275 4578 400 4616 rum
423 4561 635 4616 eadem
657 4564 748 4614 est
768 4562 979 4614 natura
1014 4563 1188 4630 atque
1210 4559 1562 4626 substantia,
1588 4577 1720 4615 cum
1753 4560 1929 4635 socie-

274 4654 389 4705 tate
427 4648 730 4714 vocabuli,
765 4651 984 4703 naturae
1015 4664 1247 4719 quoque
1268 4648 1571 4719 aequalitas
1598 4649 1927 4721 copulatur,

276 4744 331 4792 et
359 4736 693 4810 disciplinae
724 4736 1161 4791 dialecticorum
1208 4741 1297 4791 est
1343 4736 1637 4809 appellare
1667 4738 1785 4794 haec
1816 4756 1927 4787 συν-

270 4830 461 4888 ώνυμα.
536 4826 760 4882 Idcirco
789 4829 845 4881 et
887 4824 1141 4898 Spiritus
1181 4826 1552 4894 vocabulum,
1605 4833 1663 4883 et
1711 4828 1759 4885 si
1791 4829 1932 4901 quid

338 4988 377 5059 ἔτ
414 4988 435 5041 Ι
471 4986 601 5059 Cor,
632 4986 869 5059 νιιη34τ
909 4984 1081 5041 ³⁸188.
1131 5004 1288 5055 xxxx,
1322 4988 1412 5041 24.
1482 4989 1526 5022 ³⁸)
1584 4988 1694 5043 Isa.
1754 5006 1835 5056 x1,
1873 4991 1925 5044 lE

2040 4994 2045 5021 ι
2075 4989 2122 5044 11
2152 4987 2278 5044 Cor.
2313 5004 2399 5053 ιιι,
2432 4988 2485 5041 6.
2557 4988 2598 5059 ιξ
2654 4987 2842 5059 Philip

2037 4475 2093 4526 et
2122 4488 2221 4526 cor
2250 4471 2640 4542 quorumdam
2682 4471 2925 4544 implere
2973 4471 3219 4528 dicatur.
3264 4473 3409 4528 Nam
3443 4472 3511 4527 ad
3545 4488 3681 4528 eum

2039 4560 2138 4632 qui
2174 4560 2544 4615 medietatem
2576 4561 2743 4632 pretii
2778 4561 2847 4616 de
2887 4578 3026 4635 agro
3074 4563 3309 4617 vendito
3357 4561 3489 4627 sibi,
3523 4560 3681 4616 aliud

2041 4650 2344 4722 proﬁtens,
2376 4654 2717 4719 reservaret,
2752 4668 2783 4705 a
2816 4651 2981 4706 Petro
3014 4651 3275 4723 apostolo
3298 4650 3521 4705 dictum
3553 4652 3679 4703 est:

2042 4762 2070 4788 ‹‹
2101 4738 2346 4805 Anania,
2380 4755 2559 4809 quare
2590 4738 2852 4811 implevit
2899 4742 3141 4795 Satanas
3189 4756 3287 4794 cor
3334 4743 3503 4792 tuum
3529 4737 3571 4771 ⁸⁸
3592 4735 3619 4790 ?
3652 4759 3682 4786 »

2042 4830 2113 4885 Et
2142 4828 2213 4883 de
2238 4826 2390 4882 Juda
2420 4826 2681 4899 loquitur
2709 4828 2833 4899 ipse
2862 4827 3145 4894 Salvator,
3178 4827 3331 4897 quod
3384 4824 3684 4881 intraverit

2849 5005 2902 5059 p.
2956 5005 3040 5051 ιιι,
3084 4988 3136 5042 3.
3187 4988 3231 5021 ⁴²
3276 4986 3443 5043 Joan.
3480 5005 3554 5055 1v,
3588 4988 3677 5054 24,

266 5059 309 5091 ⁸³
336 5058 477 5130 δερ.
507 5075 546 5124 l,
576 5058 631 5111 6.
667 5059 711 5091 “
749 5056 798 5112 ΙΙ
846 5058 975 5114 Cor.
1039 5076 1124 5123 III,
1182 5059 1271 5112 17.
1327 5060 1369 5092 ⁴⁵
1420 5059 1589 5125 Joan,
1646 5076 1721 5126 ιν,
1753 5061 1841 5114 24.
1876 5062 1919 5095 ⁸⁸

2040 5076 2139 5116 nos
2173 5077 2248 5125 ιν,
2282 5059 2368 5114 42.
2404 5060 2445 5092 ⁸⁷
2476 5058 2646 5113 Zach.
2680 5056 2869 5124 xufi'.
2899 5060 2940 5093 ⁸⁸
2980 5061 3105 5125 Act,
3133 5076 3186 5127 v,
3220 5060 3273 5114 3.

333 5226 451 5295 (36)
484 5227 698 5281 lterum
734 5242 803 5281 ex
832 5226 1035 5281 eadem
1059 5225 1311 5281 editione
1334 5230 1389 5281 et
1411 5226 1597 5283 Vatic.
1626 5242 1759 5293 ms.,
1785 5244 1920 5283 cum

263 5302 456 5365 antea,
486 5319 527 5369 ff
540 5313 682 5369 esse
718 5320 737 5345 ι
778 5314 880 5369 pro
925 5318 953 5369 ς(
987 5313 1159 5353 nosse
1193 5320 1218 5345 ››
1250 5296 1560 5369 legeretur.

332 5370 447 5439 (35)
481 5366 705 5424 Vitiose
734 5366 793 5423 et
818 5367 1012 5425 hiulco
1044 5385 1227 5443 .sensn
1272 5366 1416 5438 erat,
1450 5393 1477 5443 ει
1507 5369 1564 5423 hi
1592 5385 1724 5443 vero
1756 5392 1781 5420 ››
1818 5387 1921 5443 pro

268 5460 293 5485 α
322 5456 493 5495 vero:
530 5463 551 5487 ι
592 5445 719 5495 tum
751 5457 896 5516 novo
927 5441 1161 5509 mendo,
1196 5464 1224 5488 «
1257 5456 1401 5499 verte
1450 5440 1721 5499 Israelita:
1759 5464 1779 5491 η
1817 5440 1919 5516 pro

268 5531 294 5558 σ
322 5526 477 5579 vere,
512 5534 539 5559 η
573 5516 677 5568 aut
706 5536 733 5559 α
767 5512 905 5567 veri.
943 5534 971 5562 υ

2103 5229 2217 5300 (36)
2232 5227 2489 5283 Emendo
2511 5243 2577 5283 ex
2598 5227 2773 5282 veteri
2793 5227 3067 5296 editione,
3092 5252 3118 5277 ‹‹
3145 5228 3392 5300 Sanctus
3412 5226 3626 5300 bonus,
3654 5252 3680 5278 ›ι

2032 5298 2165 5354 cum
2197 5298 2352 5353 esset
2382 5304 2585 5354 contra
2614 5302 2878 5355 Auctoris
2907 5306 3188 5365 mentem,
3230 5323 3256 5348 ‹‹
3289 5298 3543 5371 Spiritus
3576 5298 3681 5359 bo-

2033 5388 2165 5425 nus.
2200 5393 2219 5419 ο

2102 5442 2212 5513 (37)
2244 5440 2351 5495 Pro
2412 5465 2439 5491 «
2501 5460 2630 5499 sum
2693 5444 2957 5514 ﬁrmans,
2996 5468 3021 5493 ))
3080 5441 3500 5514 (Ξῖ-ωαστξριῶν,
3556 5446 3695 5503 erat

2032 5536 2059 5562 ‹‹
2092 5512 2449 5571 οοηῐὶτωᾶνὶ.
2492 5538 2517 5563 ››
2550 5516 2613 5577 In
2646 5514 2868 5587 aliquot
2906 5512 3074 5585 mss.,
3108 5538 3134 5561 ‹‹
3167 5528 3299 5579 sum
3333 5512 3635 5577 formans,
3666 5531 3697 5562 η

3528 5790 3613 5859 ΔΓ
