4106 6164
406 252 538 320 1M

831 251 895 314 S.
929 248 1245 318 EUSEBII
1277 248 1722 324 HlEltONYMI
1751 248 2080 316 TRANSL.
2117 247 2267 322 LIB.
2299 249 2580 316 DIDYMI
2612 250 2713 317 DE
2741 249 3059 320 SPIRITU
3090 248 3421 317 SANCTO.

3705 245 3821 320 160

413 386 476 442 in
499 401 635 442 eum
659 386 925 444 Satanas.
950 385 1033 442 Ad
1063 387 1216 457 quod
1236 389 1439 458 postea
1455 361 1930 458 respondendum
1949 388 2056 439 est.
2089 383 2144 450 Α
2173 385 2392 443 factum
2414 403 2542 443 esse
2573 391 2628 443 et
2649 386 2863 444 habere
2883 385 3254 460 principium.
3308 385 3483 442 Porro
3524 384 3681 458 quod
3732 384 3820 440 in-

421 474 658 538 Interim
677 491 830 530 nunc
850 474 1222 546 disputemus
1235 475 1344 545 (38)
1361 475 1670 530 adversum
1685 473 1740 530 id
1756 475 1910 544 quod
1925 471 2064 528 scri-

416 569 583 636 ptum
607 567 714 630 est,
735 588 763 614 ‹‹
784 580 963 636 quare
997 563 1259 636 implevit
1298 565 1543 621 Satanas
1586 581 1683 621 cor
1725 569 1892 618 tuum
1916 561 2004 614 ‘9‘?
2039 582 2066 609 ››

413 653 708 726 quomodo
724 653 970 709 Satanas
987 658 1241 710 mentem
1258 653 1512 725 alicujus
1535 656 1588 708 et
1614 651 1932 724 principale
1950 649 2065 721 (39)

413 741 609 799 cordis
633 741 892 815 impleat,
919 759 1032 798 non
1066 742 1402 816 ingrediens
1427 743 1485 796 in
1509 759 1643 798 eum
1665 746 1721 796 et
1742 741 1798 795 in
1823 756 2064 795 sensum

415 832 565 904 ejus,
593 835 790 903 atque,
827 837 889 886 ut
919 832 998 887 ita
1029 831 1240 902 dicam,
1273 832 1498 887 aditum
1525 831 1714 887 cordis
1757 829 2061 895 introiens,

375 967 378 972 .
415 920 710 992 siquidem
758 921 877 977 haec
922 925 1179 993 potestas
1228 920 1412 976 solius
1459 926 1548 975 cst
1593 918 2063 986 Trinitatis;sed

414 1009 582 1082 quasi
613 1009 861 1066 callidus
884 1009 1122 1081 quidam
1153 1018 1211 1064 et
1241 1025 1492 1079 nequam
1525 1025 1592 1064 ac
1620 1007 1794 1063 fallax
1826 1007 2060 1062 fraudu-

415 1097 724 1170 lentusque
755 1099 1047 1169 deceptor,
1082 1098 1139 1152 in
1171 1114 1270 1153 eos
1300 1098 1560 1152 animam
1592 1097 1913 1152 humanam
1947 1113 2064 1152 ma-

414 1185 550 1241 litia:
582 1186 822 1242 affectus
853 1186 1052 1252 trahit,
1101 1203 1204 1258 per
1251 1187 1636 1259 cogitationes
1690 1191 1744 1240 et
1774 1185 2064 1241 incentiva

411 1275 706 1340 vitiorum,
737 1274 950 1345 quibus
985 1275 1108 1346 ipse
1142 1273 1347 1347 plenus
1379 1279 1486 1331 est.
1540 1275 1801 1346 Denique
1850 1279 1907 1330 et
1937 1273 2063 1346 ipse

413 1362 644 1434 Elymas
675 1379 883 1436 magus
913 1363 1066 1420 ﬁlius
1088 1363 1517 1434 diaboli,juxta
1538 1363 1821 1420 malitiam
1851 1363 2060 1435 nequi-

409 1451 672 1526 tiamque
714 1451 1066 1520 subsistens,
1119 1452 1328 1525 plenus
1375 1454 1533 1508 omni
1567 1452 1698 1508 dolo
1729 1456 1786 1508 et
1817 1451 2058 1518 malitia,

411 1541 689 1598 scribitur
713 1564 740 1590 «
765 1542 980 1597 Satana
1002 1545 1164 1612 patre
1195 1544 1344 1613 ejus,
1373 1565 1399 1591 ››
1425 1542 1575 1598 hanc
1601 1543 1652 1597 ei
1677 1542 2061 1607 voluntatem,

409 1628 580 1701 quasi
617 1645 687 1686 ex
733 1629 1156 1686 consuetudine
1204 1631 1480 1686 vitiorum
1528 1631 1588 1685 in
1638 1635 1910 1686 naturam
1941 1646 2062 1685 ver-

410 1717 1021 1818 tente(40)..Arguens
1053 1719 1250 1791 itaque
1299 1737 1434 1818 eum
1490 1721 1793 1786 apostolus
1842 1717 2060 1774 Paulus
2093 1751 2140 1818 B

408 1811 584 1879 atque
611 1807 934 1880 corripiens
965 1807 1081 1864 ait:
1134 1830 1161 1857 (ι
1191 1809 1236 1864 Ο
1277 1807 1445 1881 plene
1475 1809 1634 1864 omni
1666 1808 1974 1880 iniquitate
2004 1813 2060 1863 et
2093 1807 2109 1826 τ

409 1895 570 1957 omni
601 1895 755 1964 dolo,
803 1895 882 1951 ﬁli
931 1896 1169 1966 diaboli,
1222 1897 1458 1953 inimice
1499 1898 1743 1969 justitize
1783 1897 1886 1953 Dei
1915 1897 1993 1952 δοι
2032 1920 2054 1946 ι

408 1983 556 2058 Quia
575 1985 732 2042 enim
753 1984 1077 2058 versipellis
1111 1989 1167 2040 et
1209 1985 1476 2053 callidus,
1513 2003 1747 2042 omnem
1786 1986 1846 2041 in
1869 2003 1932 2042 se
1962 1987 2061 2042 do-

406 2072 951 2132 lumfraudulentiaa
967 2078 1328 2146 susceperat,
1348 2074 1846 2148 appellaturﬁlius
1858 2074 2058 2130 diabo-

407 2161 451 2218 li
478 2162 918 2236 quiaimplebat
945 2162 1069 2235 ipse
1103 2180 1336 2220 omnem
1365 2163 1689 2236 principale
1717 2165 1867 2222 165
1901 2163 2058 2219 illius

407 2251 609 2308 fraude
631 2256 689 2306 et
706 2251 1034 2322 iniquitate,
1059 2257 1116 2307 et
1142 2253 1302 2308 omni
1330 2252 1553 2309 malitia
1579 2272 1591 2322 ;
1617 2253 1675 2308 in
1699 2257 1928 2310 tantum
1953 2252 2058 2308 illi-

407 2341 568 2397 ciens
585 2357 720 2397 eum
742 2345 923 2413 atquo
945 2341 1261 2414 decipiens,
1288 2346 1351 2397 ut
1371 2341 1496 2414 ipse
1518 2343 1766 2400 Satanas
1781 2341 2057 2414 implesse

405 2430 666 2496 animam
712 2429 921 2502 ipsius,
969 2435 1026 2485 et
1067 2429 1330 2486 habitare
1371 2431 1432 2486 in
1481 2431 1684 2487 eodem
1733 2435 2055 2503 putaretur,

408 2535 583 2592 quem
605 2519 674 2575 ad
702 2535 907 2576 omnes
934 2537 1054 2574 suis
1077 2521 1474 2592 perversitatis
1505 2520 1690 2590 dolos,
1716 2521 2054 2578 ministrum

406 2608 518 2674 sibi
549 2625 616 2664 ac
647 2607 934 2664 famulum
967 2614 1389 2680 prasparaverat
1430 2610 1562 2681 (41).

477 2697 566 2752 61.
599 2697 685 2752 Ad
719 2696 777 2750 id
807 2713 939 2752 vero
959 2697 1115 2768 quod
1137 2698 1464 2753 secundum
1486 2715 1874 2770 posueramus
1901 2699 2050 2771 (Vat.

411 2789 922 2859 proposueramus]
939 2784 1292 2858 exemplum,
1308 2785 1444 2858 quia
1457 2787 1516 2842 in
1529 2787 1559 2842 J
1568 2787 1743 2842 udam
1758 2788 2056 2844 introisset

407 2876 680 2948 satanas,
702 2874 812 2930 hoc
830 2875 1141 2930 dicendum
1163 2878 1270 2930 est.
1295 2875 1620 2931 Observans
1639 2875 1910 2931 diabolus
1931 2876 2055 2946 qui—

406 2963 658 3032 busdam
692 2962 948 3019 motibus
979 2967 1038 3019 et
1057 2961 1461 3035 operationum
1480 2964 1687 3036 signis,
1710 2965 1781 3020 ad
1800 2981 1928 3036 quae
1952 2980 2051 3036 po-

405 3052 703 3109 tissimum
733 3053 902 3109 Judze
922 3069 1021 3108 cor
1040 3057 1194 3110 esset
1214 3053 1350 3108 vitia
1371 3052 1710 3125 proclivius,
1735 3053 2048 3126 deprehen-

2178 475 2552 547 corruptibile
2574 476 2669 543 sit,
2694 493 2823 532 esse
2843 481 2899 532 et
2920 480 3070 532 retro
3102 481 3158 532 et
3196 475 3469 548 deinceps
3511 474 3818 546 sempiter-

2177 582 2339 621 num.
2373 566 2498 621 Non
2529 581 2686 636 ergo,
2715 570 2779 621 ut
2808 565 3045 637 quidam
3097 569 3325 636 putant,
3373 563 3822 635 participatione

2178 659 2418 722 naturas,
2441 653 2559 710 sive
2580 654 2920 710 substantiis
2946 653 3150 726 implet
3171 669 3343 726 quem
3355 653 3508 724 piam
3531 650 3820 717 diabolus,

2177 748 2277 799 aut
2297 743 2425 813 ejus
2449 742 2741 798 habitator
2765 743 3034 807 efﬁcitur,
3070 743 3170 798 sed
3210 759 3314 814 par
3344 740 3819 807 fraudulentiam,

2176 837 2231 888 et
2252 831 2676 903 deceptionem,
2699 836 2756 886 et
2779 831 3088 897 malitiam,
3113 831 3378 886 habitare
3400 831 3458 886 in
3482 846 3548 886 eo
3566 829 3820 886 creditur

2175 937 2349 993 quem
2363 919 2621 992 replevit.
2643 921 2758 976 Hac
2771 925 2964 976 autem
2980 919 3208 976 fallacia
3227 919 3404 976 etiam
3425 919 3815 991 presbyteros,

2174 1009 2273 1081 qui
2304 1009 2582 1066 adversus
2617 1010 2948 1074 Susannam
2999 1008 3057 1063 in
3105 1007 3508 1063 crudelitatem
3541 1024 3603 1063 se
3630 1013 3815 1062 verte-

2174 1103 2305 1154 rant
2325 1100 2458 1170 (42),
2482 1098 2738 1166 intravit,
2771 1096 3026 1169 implens
3059 1097 3287 1153 animas
3313 1113 3516 1152 eorum
3549 1094 3816 1151 incendio

2171 1187 2456 1255 libidinis,
2480 1192 2536 1243 et
2552 1204 2681 1243 sera
2693 1186 2839 1242 senii
2857 1184 3170 1258 voluptate.
3199 1185 3492 1256 Scriptum
3514 1189 3603 1242 est
3623 1183 3780 1240 enim
3802 1201 3814 1238 :

2173 1301 2200 1326 ‹‹
2235 1276 2532 1332 Venerunt
2561 1279 2755 1332 autem
2787 1279 2845 1332 et
2873 1275 2988 1331 duo
3036 1274 3376 1347 presbyteri,
3428 1273 3584 1347 pleni
3615 1272 3818 1345 iniqua

2171 1366 2594 1439 cogitatione“.
2614 1387 2642 1414 ››
2656 1365 2756 1420 His
2772 1364 3005 1421 insidiis
3020 1363 3348 1436 implevitet
3361 1363 3701 1420 universum
3715 1379 3813 1434 po-

2172 1455 2375 1528 pulum
2391 1453 2979 1521 Judaaorum,dicente
2995 1452 3278 1525 propheta
3298 1452 3370 1507 de
3392 1468 3457 1508 eo
3477 1468 3490 1507 :
3509 1475 3536 1502 «
3556 1451 3652 1506 Vae
3672 1467 3815 1524 gens

2172 1545 2324 1602 180
2345 1543 2655 1616 peccatrix.
2674 1542 2924 1615 populus
2943 1542 3150 1614 plenus
3173 1541 3449 1614 peccatis,
3470 1557 3667 1598 semen
3689 1555 3814 1613 pes-

2171 1633 2410 1700 simum,
2437 1631 2540 1687 ﬁlii
2557 1631 2747 1704 iniqui
2761 1633 2823 1686 ⁵³.
2847 1654 2876 1681 ››
2890 1632 3101 1688 Semen
3116 1629 3332 1703 quippe
3347 1645 3598 1702 nequam
3615 1629 3813 1684 diabo-

2171 1721 2263 1778 lus
2285 1723 2417 1794 (42),
2440 1725 2496 1777 et
2518 1719 2621 1776 filii
2645 1721 2795 1792 ejus,
2820 1724 3055 1792 propter
3081 1718 3452 1791 iniquitatem
3478 1722 3536 1774 et
3563 1716 3811 1790 plenitu-

2169 1811 2388 1878 dinem,
2424 1810 2560 1866 dicti
2592 1813 2732 1865 sunt
2762 1815 3111 1881 peccatores.
3146 1808 3206 1866 Si
3245 1811 3441 1864 autem
3487 1807 3560 1864 ab
3589 1805 3683 1862 his
3713 1807 3811 1879 qui

2169 1901 2298 1972 ejus
2316 1900 2373 1954 in
2395 1897 2712 1970 Scripturis
2736 1896 2840 1952 ﬁlii
2863 1896 3265 1964 nominantur,
3280 1898 3451 1968 juxta
3471 1893 3812 1952 substantias

2169 1987 2675 2061 participationem
2709 2003 2822 2053 non
2849 1985 3077 2058 capitur
3105 1985 3203 2059 [αι.
3241 1989 3698 2057 nuncupantur],
3734 1984 3810 2039 si-

2169 2078 2406 2150 quidem
2427 2075 2789 2148 impossibile
2809 2075 2919 2131 hoc
2940 2091 3070 2131 esse
3092 2075 3150 2130 in
3172 2074 3452 2131 creaturis
3483 2074 3814 2146 frequenter

2167 2171 2474 2224 ostensum
2504 2169 2610 2234 est,
2646 2181 2833 2238 neque
2862 2163 3012 2220 alius
3039 2163 3175 2236 quis
3216 2167 3408 2236 potest
3445 2175 3578 2219 eum
3610 2179 3811 2236 capere

2167 2255 2610 2330 participatione
2641 2254 3006 2322 substantiae,
3027 2253 3129 2309 sed
3153 2253 3560 2308 tantummodo
3581 2268 3811 2308 assum-

2166 2345 2363 2416 ptione
2405 2343 2964 2400 fraudulentissimaa
3015 2341 3351 2396 voluntatis.
3407 2341 3809 2414 Operationem

2165 2433 2383 2507 quippe
2412 2437 2469 2489 et
2497 2433 2692 2488 studia
2723 2448 2838 2488 non
2862 2430 3058 2486 solum
3090 2431 3380 2487 bonorum
3411 2446 3675 2502 operum,
3707 2431 3806 2486 sed

2165 2522 2341 2579 etiam
2374 2522 2665 2578 malorum
2692 2521 2750 2577 in
2775 2519 3058 2576 creaturis
3080 2519 3337 2575 diximus
3359 2537 3372 2586 ;
3393 2523 3664 2575 naturam
3677 2534 3808 2574 vero

2163 2615 2339 2683 atque
2370 2609 2764 2666 substantiam
2795 2608 2980 2665 solius
3011 2608 3070 2662 in
3119 2605 3263 2664 alios
3313 2623 3484 2680 posse
3509 2605 3808 2662 Trinitatis

2165 2700 2383 2756 intrare
2414 2698 2547 2770 (44).

2231 2787 2324 2842 62.
2368 2787 2631 2853 Abunde,
2689 2790 2756 2840 ut
2807 2801 2956 2853 reor,
3015 2800 3325 2840 occursum
3365 2787 3454 2839 est
3500 2782 3807 2856 pr0positaa

2163 2876 2492 2950 quaestioni.
2529 2874 2675 2940 Quia
2703 2891 2835 2931 vero
2867 2874 3132 2947 ineptum
3182 2877 3239 2927 et
3279 2871 3527 2928 stultum
3559 2869 3805 2938 videtur,

2164 2967 2444 3022 adversus
2474 2965 2637 3020 fatua
2665 2963 3035 3035 respondere,
3081 2965 3139 3018 et
3183 2960 3232 3017 si
3283 2960 3421 3034 quid
3472 2959 3532 3014 in
3565 2959 3806 3014 buccam

2165 3054 2349 3110 ruerit
2380 3054 2476 3125 [αι.
2509 3052 2701 3124 irruit]
2745 3051 3082 3122 impiorum,
3114 3050 3222 3106 hoc
3261 3048 3408 3105 velle
3451 3047 3804 3106 dissolvere:

411 3141 497 3206 dit
517 3157 652 3198 eum
682 3141 1133 3214 patereinsidiis
1153 3117 1428 3210 avaritias,
1466 3145 1523 3196 et
1561 3117 1787 3213 reperta
1808 3117 2052 3214 .cupidi-
2083 3117 2127 3184 θ
2169 3161 2281 3199 non
2315 3117 2470 3198 enim
2509 3117 2738 3196 tantum
2787 3117 3075 3212 impietas
3107 3141 3215 3209 est,
3265 3137 3545 3194 scelerata
3602 3153 3808 3210 propo-

405 3228 544 3284 tatis
566 3231 774 3300 janua,
810 3229 972 3284 misit
1001 3229 1060 3284 in
1091 3234 1344 3286 mentem
1368 3233 1497 3302 ejus
1520 3232 1813 3303 quomodo
1837 3231 2061 3287 deside-

409 3321 597 3384 ratam
619 3317 928 3390 pecuniam
948 3319 1255 3390 acciperet,
1278 3323 1336 3374 et
1352 3337 1453 3392 per
1481 3321 1844 3377 occasionem
1887 3321 2055 3388 lucri,

409 3406 672 3478 proditor
706 3407 971 3479 magistri
991 3411 1048 3463 et
1063 3406 1378 3464 Salvatoris
1401 3407 1494 3464 sui
1511 3410 1836 3477 exsisteret,
1859 3426 2058 3482 argen-

409 3499 538 3552 tum
559 3513 664 3570 pro
685 3495 897 3569 pietate
941 3501 1331 3566 commutans,
1359 3501 1415 3553 et
1457 3498 1784 3570 suscipiens
1804 3499 2054 3572 pretium

413 3584 652 3642 sceleris
673 3602 707 3640 a
727 3583 1035 3642 Pharisaeis
1055 3590 1233 3657 atque
1251 3586 1488 3642 Judaeis.
1513 3588 1644 3643 Haac
1683 3605 1818 3661 ergo
1836 3587 2054 3660 cogita-

411 3673 593 3730 tionis
617 3673 842 3732 occasio
863 3673 1058 3730 locum
1085 3673 1291 3730 tribuit
1317 3676 1566 3745 Satanas,
1610 3681 1674 3730 ut
1711 3676 1770 3732 in
1801 3693 1899 3732 cor
1927 3677 2056 3748 ejus

405 3762 985 3836 introiens,impleret
1007 3780 1140 3820 eum
1165 3764 1424 3836 pessima
1443 3763 1764 3822 voluntate.
1796 3765 2060 3822 Introivit

411 3866 550 3925 ergo
581 3869 694 3907 non
745 3853 1070 3918 secundum
1116 3852 1529 3922 substantiam,
1578 3855 1680 3910 sed
1729 3855 2054 3911 secundum

402 3939 819 4016 operationem,
871 3940 1011 4013 quia
1059 3939 1300 3996 introire
1353 3941 1412 3996 in
1457 3941 1733 4014 aliquem,
1786 3943 2055 4004 increate

400 4032 620 4092 natura:
641 4033 731 4084 est
751 4029 1033 4102 ejus,qua3
1056 4028 1434 4102 participetur
1454 4047 1486 4086 a
1507 4030 1796 4104 pluribus.
1829 4034 1847 4087 Ι
1857 4049 2051 4105 mpar-

399 4115 722 4190 ticipabilis
749 4134 884 4190 ergo
907 4117 1178 4175 diabolus
1199 4123 1307 4182 est,
1331 4135 1446 4176 non
1472 4125 1718 4189 creator,
1755 4122 1856 4178 sed
1893 4138 2050 4178 crea-

400 4211 534 4270 tura
557 4207 907 4264 subsistens.
929 4207 1092 4264 Unde
1117 4213 1173 4264 et
1187 4209 1580 4266 convertibilis
1607 4215 1782 4283 atque
1807 4212 2052 4268 mutabi-

399 4295 495 4364 lis,
521 4313 553 4352 e
572 4297 883 4353 sanctitate
904 4297 1311 4371 deciditatque
1333 4299 1561 4356 virtute.
1583 4299 1847 4355 Diximus
1873 4317 2052 4373 supra

401 4385 662 4450 μετοχικόν
701 4387 842 4458 [erat
873 4390 1180 4455 μετοχικῶςΙ,
1241 4387 1297 4442 id
1355 4392 1462 4457 est,
1521 4389 1677 4460 quod
1735 4389 2048 4462 participa-

2168 3249 2322 3302 nere,
2347 3236 2635 3302 quantum
2664 3234 2722 3285 et
2755 3229 2826 3285 de
2847 3228 3145 3285 sceleratis
3182 3244 3315 3283 cum
3351 3226 3662 3284 resistente
3688 3225 3808 3282 vel-

2165 3321 2218 3378 le
2241 3323 2362 3393 ‘(45)
2385 3324 2671 3385 tractare;
2706 3318 2922 3374 idcirco
2953 3317 3098 3372 illud
3149 3316 3306 3388 quod
3353 3314 3544 3372 solent
3562 3315 3806 3386 jactare,

2167 3415 2443 3482 praetereo
2462 3407 2744 3480 sacrilega
2764 3407 3039 3462 adversus
3056 3422 3171 3462 non
3195 3404 3439 3460 audacia
3474 3403 3808 3476 proclaman

2167 3504 2288 3557 tes:
2314 3499 2372 3556 Si
2394 3498 2650 3571 Spiritus
2681 3500 2920 3553 sanctus
2950 3499 3180 3552 creatus
3209 3511 3326 3549 non
3357 3497 3465 3560 est,
3503 3497 3605 3549 aut
3635 3493 3811 3548 frater

2167 3594 2224 3644 et
2243 3589 2344 3645 Dei
2368 3588 2575 3655 Patris,
2608 3589 2707 3642 aut
2725 3590 2970 3658 patruus
2990 3587 3079 3640 est
3107 3583 3395 3657 unigeniti
3411 3582 3551 3638 Jesu
3574 3581 3810 3650 Christi,

2165 3683 2268 3734 aut
2289 3677 2469 3734 Filius
2489 3675 2701 3733 Christi
2733 3679 2840 3743 est,
2871 3678 2972 3731 aut
3001 3690 3181 3746 nepos
3228 3676 3316 3728 est
3349 3671 3443 3727 Dei
3474 3671 3681 3737 Patris,
3709 3675 3812 3726 aut

2165 3768 2288 3838 ipse
2301 3765 2479 3822 Filius
2491 3765 2590 3821 Dei
2605 3764 2907 3835 est,etjam
2920 3778 3035 3818 non
3051 3760 3510 3833 eritunigenitus
3525 3758 3809 3815 Dominus

2161 3859 2331 3914 Jesus
2353 3853 2640 3918 Christus,
2664 3867 2797 3906 cum
2821 3850 3069 3906 alterum
3094 3848 3330 3904 fratrem
3355 3846 3586 3902 habeat.
3611 3845 3809 3903 Miseri

2165 3949 2341 4015 atque
2372 3939 2759 4009 miserabiles,
2792 3956 2907 3995 non
2930 3937 3247 4004 sentientes
3270 3937 3340 3992 de
3362 3934 3719 4007 incorporeis
3748 3939 3808 3990 et

2162 4031 2576 4096 invisibilibus,
2594 4031 2763 4102 juxta
2775 4027 3163 4101 corporalium
3190 4031 3246 4082 et
3264 4023 3582 4091 visibilium
3600 4023 3804 4097 dispu-

2160 4123 2269 4178 tari
2293 4138 2408 4177 non
2432 4119 2604 4175 licere
2630 4123 2918 4173 naturam.
2954 4120 3209 4172 Fratrem
3233 4131 3362 4170 esse
3391 4112 3476 4170 vel
3503 4117 3801 4186 patruum,

2160 4215 2432 4284 nepotem
2453 4207 2539 4264 vel
2577 4207 2784 4276 lilium,
2816 4221 3124 4278 corporum
3155 4203 3398 4260 nomina
3428 4207 3588 4268 sunt,
3610 4206 3667 4258 et
3690 4201 3812 4258 im-

2160 4297 2491 4356 becillitatis
2525 4298 2794 4352 humana:
2824 4293 3122 4350 vocabula.
3153 4293 3412 4349 Trinitas
3441 4308 3574 4349 vero
3605 4307 3812 4353 omnes

2159 4390 2267 4446 has
2282 4386 2757 4461 praetergreditur
2771 4403 2805 4440 ιι
2816 4381 3814 4456 uncupationes.thuotiescunque

400 4471 560 4536 tione
581 4473 867 4543 capiatur,
883 4490 1012 4532 esse
1035 4475 1474 4548 incorruptibile
1490 4481 1548 4532 et
1577 4477 1967 4547 immutabile,
1992 4485 2049 4536 et
2079 4486 2125 4552 Β
2157 4481 2214 4535 in
2238 4477 2438 4549 aliquo
2458 4477 2531 4531 de
2561 4475 2652 4529 his
2673 4473 2852 4542 cadit;
2897 4472 3239 4541 nominibus
3259 4470 3520 4539 nostris,,
3538 4473 3596 4527 et
3611 4469 3811 4528 incon-

401 4566 826 4632 consequenter
855 4565 1156 4618 aeternum.
1189 4562 1350 4627 Quod
1383 4569 1578 4620 autem
1601 4567 1815 4623 mutari
1838 4573 2048 4642 potest,

2159 4568 2324 4642 gruis
2338 4563 2636 4623 vocabulis
2652 4580 2763 4620 non
2779 4579 2947 4627 suam
2961 4566 3232 4620 naturam
3247 4562 3358 4634 (46)
3370 4559 3650 4633 loquitur.
3667 4563 3814 4616 Cum

473 4675 520 4714 ἀθ
545 4674 715 4730 Joan.
750 4692 874 4742 XIII,
903 4678 994 4743 27,
1035 4677 1078 4712 ⁵ο
1136 4681 1262 4732 Act.
1321 4696 1444 4746 xm,
1499 4680 1585 4736 40.
1647 4683 1687 4716 δι
1746 4683 1890 4739 Dan.
1924 4702 2048 4757 xm,

2172 4729 2176 4740 .
2209 4685 2254 4719 ⁶²
2284 4684 2394 4738 Isa.
2430 4685 2474 4745 Ι,
2508 4681 2557 4735 4.

472 4792 582 4864 (38)
611 4790 950 4862 lmperl'ecto
982 4806 1160 4864 sensu
1187 4796 1346 4847 erat:
1386 4815 1413 4843 ‹‹
1448 4793 1683 4851 Interim
1715 4813 1871 4854 nunc
1897 4800 1969 4855 ad
1993 4799 2050 4855 id

401 4857 870 4937 qu'o'd'scriptum
893 4867 999 4919 est.
1030 4886 1058 4912 »
1081 4863 1336 4937 Verbum
1365 4889 1391 4912 ‹‹
1417 4865 1788 4937 disputemus
1816 4893 1836 4918 ι
1863 4887 1930 4926 ex
1951 4871 2051 4927 Re-

399 4934 550 5006 gina!
574 4952 685 4992 ms.
708 4934 961 4992 alterum
985 4959 1012 4986 ‹‹
1037 4935 1373 5003 adversum,
1405 4960 1425 4986 ι
1453 4934 1527 4993 ei
1542 4939 1667 5010 ipso
1689 4943 1746 4996 et
1776 4942 2051 4998 Vaticano

400 5021 747 5078 expressum
781 5013 888 5063 est.

471 5078 585 5145 (39)
632 5083 824 5134 Graece
851 5079 1161 5141 ἠγεμονιιιόν.
1195 5079 1339 5134 Vide
1389 5080 1446 5134 in
1508 5083 1947 5139 commentariis
1993 5087 2054 5140 in

404 5146 740 5204 Matthwum.

472 5219 594 5301 (40)
622 5219 835 5301 Yatjc,,_
873 5244 900 5270 «
936 5221 1102 5301 quasi
1145 5238 1213 5277 ex
1259 5222 1687 5279 consuetudine
1730 5226 2050 5281 secundam

405 5305 551 5361 pene
580 5296 876 5361 injiciente
903 5297 1194 5346 naturam.
1225 5315 1254 5341 »

471 5361 585 5439 ()
597 5345 748 5439 idem
761 5403 774 5426 ,
786 5385 804 5409 α
818 5345 1277 5439 ministrumsibi
1294 5380 1359 5419 ac
1374 5364 1492 5419 {iliu
1504 5383 1558 5419 ιιι
1573 5373 2050 5439 praeparaverat.»

473 5433 584 5503 (42)
604 5435 784 5504 vetus
797 5433 936 5488 edit.
950 5475 962 5498 ,
988 5434 1125 5504 «qui
1145 5436 1424 5491 adversus
1440 5433 1762 5494 Susannam
1794 5457 2050 5496 amorem

403 5503 462 5570 in
481 5502 884 5580 crudelitatem
899 5502 1204 5580 verterant.
1226 5506 1475 5580 »Χιμῑὶοη
1500 5531 1520 5557 ι
1544 5510 1642 5580 qui
1661 5511 1938 5568 adversus
1951 5514 2054 5568 Su-

403 5592 648 5651 sannam
681 5575 1014 5651 seaviebant,
1047 5577 1105 5632 in
1129 5575 1531 5634 crudelitatem
1557 5575 1825 5651 verterat,
1849 5589 1905 5640 et
1939 5585 2048 5639 im-

405 5646 578 5728 plevit
609 5647 862 5726 animas,
894 5671 924 5699 ››
957 5652 1065 5705 etc.

2235 4794 2516 4868 (43)ACod.
2552 4794 2804 4866 Reginae,
2839 4815 2866 4842 «
2911 4792 3015 4848 filii
3039 4789 3288 4868 diaboli._
3314 4812 3342 4839 »
3372 4789 3438 4844 Et
3464 4805 3599 4844 mox
3627 4787 3812 4868 Vatic.

2167 4893 2193 4918 «
2229 4860 2364 4923 dicti
2398 4869 2536 4921 sunt
2564 4860 2960 4936 peccatorum,
2989 4886 3016 4912 »
3036 4863 3216 4936 probo
3234 4865 3482 4933 uterque
3501 4876 3701 4925 sensu,
3725 4860 3815 4914 ni-

2167 4893 2193 4918 ‹‹
2229 4882 2364 4923 dicti
2398 4882 2536 4921 sunt
2563 4882 2960 4991 Peccatorum,
2989 4886 3016 4912 »
3036 4882 3216 4936 prono
3234 4882 3364 4917 uter

2163 4941 2212 4998 si
2245 4939 2420 5013 etiam
2465 4954 2558 4992 me
2587 4937 2712 5013 iori.
2755 5008 2787 5013 _
3243 5004 3257 5013 _
3331 5003 3364 5013 ﬂ

2234 5007 2722 5082 (44))Expressius
2755 5008 2892 5082 Reg.
2927 5023 3063 5073 ms.,
3097 5003 3468 5082 «sedetiam
3515 5001 3810 5082 malorum

2163 5075 2596 5155 participabilia
2623 5095 2751 5155 esse
2792 5075 2867 5155 inf
2901 5075 3186 5155 creaturis
3228 5075 3508 5155 (Luxinius2
3540 5077 3814 5155 naturam

2162 5143 2296 5210 vero
2346 5143 2521 5225 atque
2568 5149 2964 5216 substantiam
3010 5148 3194 5205 solius
3242 5145 3544 5202 Trinitatis
3577 5145 3635 5200 in
3667 5143 3814 5201 alios

2162 5240 2334 5298 posse
2366 5225 2608 5298 intrare.
2646 5244 2673 5270 »
2839 5291 2854 5298 _
3267 5288 3302 5298 ,Δ
3539 5287 3548 5296 _

2233 5298 2345 5368 (45)
2371 5299 2504 5349 Erat
2525 5291 2895 5348 incommodo
2919 5307 3116 5355 sensu,
3145 5312 3173 5340 «
3198 5288 3407 5368 saltem
3438 5288 3811 5368 resistentem

2158 5357 2380 5433 velle,»
2405 5370 2514 5420 etc.
2538 5382 2550 5433 ;
2576 5369 2715 5419 tunc
2736 5368 2892 5420 certo
2921 5379 3135 5429 errore,
3163 5361 3366 5434 «quod
3397 5357 3585 5434 solent
3602 5361 3810 5434 tracta:

2162 5455 2242 5510 re,
2268 5427 2566 5510 praetereo,
2596 5452 2739 5510 {pro
2759 5436 3047 5510 «jactare,
3074 5455 3100 5483 ››
3122 5427 3274 5490 aut}
3287 5432 3580 5505 jactitare,
3609 5453 3634 5478 ν»
3655 5427 3809 5501 quod

2160 5505 2395 5582 hab—ent
2411 5505 2840 5582 emendatiores
2882 5505 3036 5562 libri.
3318 5578 3325 5582 _
3555 5573 3565 5582 _

2164 5591 2166 5594 '
2233 5581 2344 5652 (46)
2366 5577 2526 5652 Male
2555 5579 2872 5652 obtinebat,
2911 5597 2938 5630 α
2967 5592 3214 5652 nonsua
3235 5578 3463 5644 natura,
3495 5592 3521 5625 ιι
3551 5575 3610 5628 in
3628 5575 3809 5628 recto-

2161 5647 2448 5710 Emendat
2479 5649 2661 5707 Vatic.
2697 5655 2753 5706 et
2791 5655 2995 5706 veatus
3018 5647 3215 5706 editio.
