5364 6558
993 222 1117 286 163
2245 209 2308 280 S.
2359 215 2668 282 EUSEBII
2715 204 3157 277 HIERONYMI
4289 202 4407 266 {64

991 355 1131 414 Tale
1162 353 1303 409 illud
1331 351 1508 409 etiam
1537 356 1644 420 est,
1676 352 1830 423 quod
1854 351 2147 408 Victorius
2176 352 2456 417 confutat,
2488 365 2697 422 nempe
2727 350 2785 404 S.
2818 349 3234 420 Hieronymum
3268 351 3508 418 putasse
3539 337 3932 400 necessariam
3965 355 4093 396 esse
4121 339 4184 393 in
4214 353 4405 394 sacer-
4494 338 4496 340 ’

985 443 1229 498 dotibus
1262 443 1477 497 rectam
1509 441 1708 508 vitam,
1743 444 1805 495 ut
1834 438 1920 495 vel
1951 439 2274 506 absolvant,
2316 438 2404 494 vel
2462 437 2880 494 eucharistiam
2928 435 3257 492 conﬁciant.
3308 435 3523 491 Contra
3575 433 3732 489 enim
3786 446 3952 486 num.
4004 427 4326 500 praesertim
4371 427 4408 482 5

982 529 1318 586 luculenter
1346 528 1665 598 constituit,
1700 533 1762 584 ut
1790 529 1838 584 si
1872 528 2006 584 alibi
2039 528 2397 583 contrarium
2423 527 2688 583 videatur
2716 542 2996 593 asserere,
3029 525 3156 580 ideo
3189 525 3385 593 faciat,
3439 540 3510 578 ne
3560 525 3702 578 dum
3763 520 3836 576 de
3885 517 4012 575 sola
4061 517 4171 573 sibi
4212 532 4409 572 sacer-

989 619 1156 675 dotes
1187 621 1472 691 potestate
1501 617 1940 686 oblandiuntur,
1974 623 2186 674 rectam
2213 617 2439 673 vivendi
2465 617 2739 672 deserant
2768 631 3058 682 normam,
3098 620 3152 670 et
3181 614 3337 686 quod
3387 615 3672 685 potestate
3707 611 4091 675 construunt,
4139 603 4410 677 exemplo

989 706 1318 763 destruant.

1065 796 1139 850 De
1169 811 1322 850 anno
1356 811 1469 866 quo
1501 811 1650 866 opus
1679 793 1836 849 istud
1865 793 2224 850 elucubrarit
2253 810 2367 849 non
2403 794 2546 849 satis
2605 792 2873 849 convenit
2921 791 3072 846 inter
3118 789 3399 845 eruditos.
3453 786 3603 843 Illud
3655 801 3866 858 nempe
3912 783 4140 856 aliquos
4192 784 4404 848 movet,

989 883 1142 954 quod
1171 882 1233 937 in
1265 883 1545 938 Chronico
1577 881 1906 938 Luciferum
1940 881 2126 936 multa
2155 898 2287 937 cum
2310 881 2483 938 laude
2513 885 2813 947 memoret,
2847 896 3036 951 neque
3068 878 3143 933 sit
3182 894 3315 933 vero
3365 874 3559 932 simile
3610 875 3740 946 ejus
3789 872 4074 930 celebrari
4123 874 4397 927 constan-

984 971 1130 1026 tiam
1163 987 1227 1026 ac
1255 971 1450 1040 fidem,
1485 972 1653 1042 cujus
1684 971 2056 1040 sententiam,
2089 970 2206 1026 imo
2236 987 2489 1026 errorem
2521 970 2673 1026 edito
2704 969 2852 1026 libro
2883 969 3211 1040 impugnat,
3255 965 3369 1021 nisi
3423 965 3472 1020 si
3504 963 3652 1020 liber
3682 963 3815 1032 iste,
3849 963 3910 1016 in
3969 977 4084 1033 quo
4117 959 4270 1016 male
4301 975 4404 1014 au-

989 1059 1094 1124 dit,
1127 1059 1227 1114 illo
1258 1060 1314 1114 in
1344 1076 1459 1130 quo
1491 1060 1658 1126 bene,
1692 1059 1982 1130 posterior
2011 1058 2104 1115 sit.
2138 1060 2526 1124 Quamobrem
2559 1075 2693 1114 cum
2724 1075 2876 1114 anno
2926 1059 3028 1113 380
3087 1055 3411 1112 Chronicon
3471 1053 3653 1108 fuisse
3697 1050 4096 1123 conscriptum
4151 1050 4401 1114 constet,

991 1147 1290 1220 Dialogum
1320 1148 1475 1203 hunc
1505 1152 1637 1220 post
1666 1164 1795 1203 eam
1827 1147 2105 1220 temporis
2137 1150 2492 1205 notationem
2525 1147 2742 1204 differri
2777 1146 2994 1202 volunt.
3028 1146 3134 1201 Sed
3196 1143 3342 1202 nihil
3374 1158 3501 1198 esse
3559 1141 3900 1211 hujusmodi
3975 1141 4395 1211 argumentum

989 1237 1205 1304 videas,
1239 1236 1287 1290 si
1320 1234 1419 1291 illa
1450 1237 1577 1307 ipsa
1606 1240 1758 1292 recte
1816 1235 2154 1307 expenderis
2184 1237 2543 1306 testimonia,
2575 1241 2630 1291 et
2662 1235 2847 1291 multa
2877 1253 3004 1292 esse
3027 1233 3197 1301 scias,
3232 1250 3359 1304 quas
3392 1233 3449 1286 in
3483 1231 3748 1286 Lucifero
3784 1229 4171 1300 Hieronymus
4204 1225 4399 1298 suspi-

985 1324 1212 1383 ciebat:
1249 1340 1353 1379 nec
1386 1324 1616 1397 proprie
1647 1326 1839 1397 ipsum
1873 1326 2236 1398 episcopum,
2269 1327 2369 1382 sed
2402 1327 2530 1397 ejus
2561 1325 2836 1391 asseclas,
2868 1324 2967 1396 qui
3003 1324 3130 1395 ejus
3162 1322 3397 1378 nomine
3438 1321 3507 1375 ad
3549 1319 3764 1375 erroris
3813 1316 4205 1390 patrocinium
4255 1315 4400 1370 abu-

995 1412 1290 1479 tebantur,
1323 1413 1676 1486 impugnari.
1712 1415 1857 1470 Nam
1909 1423 1963 1470 et
1992 1414 2101 1470 hoc
2131 1415 2258 1487 ipso
2290 1415 2349 1470 in
2379 1413 2526 1471 libro
2559 1415 2705 1470 bene
2735 1414 2900 1469 audit
2930 1413 3178 1482 Lucifer,
3212 1414 3279 1466 ut
3309 1409 3425 1466 illis
3455 1409 3667 1476 verbis,
3701 1408 3872 1479 Cogor
3912 1406 3975 1462 de
4031 1407 4179 1462 beato
4235 1404 4399 1458 Luci-

984 1502 1099 1570 fero
1127 1517 1276 1557 secus
1335 1504 1652 1573 quidquam,
1685 1520 1851 1574 quam
1904 1513 1955 1558 et
1986 1505 2144 1559 illius
2173 1505 2454 1569 meritum,
2496 1508 2548 1558 et
2599 1519 2719 1558 mea
2750 1503 3064 1558 humanitas
3111 1502 3302 1573 poscit,
3361 1500 3698 1554 existimare.
3763 1497 3842 1552 Ex
3887 1495 4038 1551 serie
4094 1497 4291 1549 autem
4344 1495 4404 1548 et

985 1588 1134 1656 loco,
1167 1607 1282 1662 quo
1315 1592 1373 1647 in
1405 1591 1674 1664 Catalogo
1697 1594 1766 1648 ab
1795 1592 1924 1665 ipso
1947 1592 2293 1666 Hieronymo
2318 1596 2588 1648 censetur
2616 1591 2711 1648 hic
2742 1590 2908 1655 liber,
2941 1594 2997 1646 et
3026 1588 3307 1644 Chronico
3337 1586 3598 1658 proxime
3629 1585 3956 1658 praecedere
4003 1598 4139 1639 eum
4186 1581 4396 1652 liquet,

987 1677 1106 1733 sive
1135 1695 1356 1735 annum
1387 1682 1494 1736 380
1521 1686 1897 1748 antevertere,
1929 1687 1985 1738 et
2015 1681 2226 1737 relicta:
2259 1680 2594 1737 solitudinis
2627 1679 2928 1752 epocham,
2963 1678 3081 1734 sive
3127 1694 3262 1732 ann.
3309 1676 3435 1743 379,
3480 1679 3543 1730 ut
3593 1675 3649 1728 in
3685 1671 4114 1744 chronologicis
4169 1669 4398 1740 Episto-

983 1770 1178 1822 tarum
1207 1769 1570 1841 argumentis
1600 1773 1862 1825 notatum
1895 1773 2004 1834 est,
2037 1785 2332 1841 superare.
2367 1767 2556 1824 Facile
2587 1767 2766 1840 igitur
2795 1767 2921 1840 ipso
2948 1784 3100 1822 anno
3130 1767 3255 1833 379,
3307 1781 3422 1836 quo
3476 1781 3505 1819 e
3554 1761 3847 1818 Chalcidis
3895 1777 4089 1817 eremo
4141 1758 4394 1832 fugiens,

983 1854 1301 1912 Antiochia:
1333 1857 1617 1926 substitit,
1650 1857 1866 1914 librum
1900 1859 2176 1924 exaravit,
2208 1874 2342 1913 nam
2377 1862 2434 1913 et
2461 1856 2775 1912 Antiochiae
2821 1853 3223 1911 Luciferianus
3282 1858 3456 1924 atque
3485 1851 3853 1908 Orthodoxus
3910 1848 4170 1905 altercati
4231 1849 4392 1914 sunt,

983 1946 1040 1998 et
1068 1944 1229 2016 proxi
1257 1960 1330 2000 ne
1362 1945 1432 2000 ab
1465 1945 1566 2001 illa
1597 1945 1972 2002 altercatione
1995 1947 2247 2002 scribere
2278 1963 2340 2002 se
2368 1945 2754 2018 Hieronymus
2785 1945 3107 2017 proﬁtetur.

3539 2090 4392 2118 π

1713 2223 1833 2321 S.
1893 2221 2569 2322 BUSEBII
2639 2217 3668 2322 HIBBONYMI

2183 2419 2696 2475 STRIDONENSIS
2745 2416 3192 2472 PRESBYTERI

1200 2547 2091 2690 DIALOGUS1
2186 2558 2835 2690 CONTRA
2930 2554 4174 2692 LUCIFERIANOS.

3855 2797 3869 2815 ’ἰ

1059 2881 1200 2936 171
1244 2885 1295 2934 1.
1325 2879 1596 2934 Proxime
1645 2881 1855 2934 accidit
1911 2882 1952 2946 ³,
2007 2885 2071 2935 ut
2119 2882 2225 2951 (Al.
2268 2881 2446 2952 quod)
2499 2881 2626 2952 qui-
2658 2881 2817 2947 Aita
2869 2880 3096 2936 cunctis
3149 2881 3562 2944 residentibus,
3597 2881 3914 2936 HELLADIUS
3954 2880 4385 2936 LUCIFERIANUS

989 2969 1122 3023 dam
1159 2967 1404 3023 Luciferi
1430 2972 1698 3034 sectator,
1733 2985 1866 3023 cum
1898 2969 2012 3024 alio
2071 2968 2336 3024 Ecclesiae
2391 2969 2628 3024 alumno

983 3057 1182 3112 odiosa
1204 3056 1553 3128 loquacitate
1581 3057 1961 3124 contendens,
1999 3057 2266 3113 caninam
2294 3057 2627 3112 facundiam

984 3147 1306 3202 exercuerit
1329 3148 1484 3218 (mss.
1513 3147 1814 3218 exercuit).
1866 3147 2176 3202 Asserebat
2225 3146 2442 3219 quippe
2498 3146 2626 3200 uni-

983 3251 1217 3290 versum
1247 3235 1536 3290 mundum
1567 3252 1693 3290 esse
1726 3235 1965 3300 diaboli,
1997 3240 2054 3290 et
2085 3240 2147 3290 ut
2169 3236 2294 3305 jam
2343 3235 2629 3290 familiare

985 3329 1074 3379 est
1103 3323 1188 3379 eis
1215 3323 1430 3391 dicere,
1462 3324 1676 3379 factum
1712 3325 1782 3378 de
1828 3323 2085 3380 Ecclesia
2132 3323 2395 3397 lupanar.
2431 3325 2502 3378 At
2532 3322 2628 3378 ille

983 3429 1011 3468 e
1035 3413 1345 3479 contrario,
1383 3412 1805 3468 rationabiliter
1836 3412 2096 3484 quidem,
2148 3413 2246 3467 sed
2295 3414 2627 3484 importuno

985 3504 1040 3556 et
1069 3501 1194 3556 loco
1244 3505 1299 3556 et
1348 3506 1626 3574 tempore,
1683 3501 2048 3570 defendebat,
2107 3519 2218 3556 non
2279 3501 2404 3557 sine
2452 3519 2628 3557 causa

985 3589 1281 3645 Christum
1318 3594 1613 3645 mortuum
1651 3589 1849 3654 fuisse,
1883 3606 1987 3644 nec
2019 3591 2090 3644 ob
2130 3591 2442 3644 Sardorum
2495 3595 2626 3644 tan-

982 3683 1107 3734 tum
1153 3682 1513 3734 mastrucam
1545 3680 1566 3713 ³
1597 3680 1693 3734 Dei
1757 3678 1964 3734 Filium
2025 3679 2414 3735 descendisse.
2479 3678 2624 3744 Quid

987 3766 1154 3840 plura
1183 3768 1210 3822 ?
1236 3769 1374 3823 dum
1409 3768 1770 3823 audientiam
1795 3773 1850 3822 et
1881 3767 2166 3823 circulum
2199 3767 2425 3823 lumina
2455 3770 2476 3802 ⁴
2499 3769 2624 3839 ja’m

983 3857 1040 3910 in
1074 3855 1283 3928 plateis
1317 3873 1559 3912 accensa
1590 3856 1898 3921 solverent,
1930 3863 1986 3912 et
2018 3857 2373 3912 inconditam
2423 3857 2623 3930 dispu-

981 3945 1261 4002 tationem
1295 3963 1408 4002 nox
1429 3945 1900 4017 interrumperet,
1950 3951 2236 4018 consputa
2285 3962 2429 4018 pene
2481 3947 2623 4002 invi-

983 4049 1108 4090 cem
1133 4035 1294 4102 facie,
1330 4039 1716 4090 recesserunt.
1743 4034 1860 4090 Hoc
1879 4039 2072 4090 tamen
2097 4035 2188 4090 his
2213 4035 2312 4106 qui
2336 4037 2627 4091 affuerunt

981 4123 1395 4191 statuentibns,
1431 4127 1495 4178 ut
1527 4123 1586 4177 in
1619 4129 1899 4179 secretam
1926 4123 2216 4196 porticum
2242 4124 2429 4196 primo
2458 4141 2627 4180 mane

980 4213 1421 4268 conveniretur:
1458 4229 1574 4284 quo
1605 4229 1737 4268 cum
1761 4213 1932 4284 juxta
1956 4212 2234 4284 placitum
2269 4230 2473 4269 omnes
2496 4230 2626 4269 con-
2658 4250 2704 4313 Β

981 4300 1297 4368 venissent,
1320 4301 1512 4357 visum
1546 4307 1634 4357 est
1665 4301 1971 4373 utriusque
2003 4318 2332 4358 sermonem
2384 4320 2416 4357 a
2464 4307 2626 4358 nota-

983 4389 1086 4442 riis
1117 4389 1322 4459 excipi.

1057 4480 1105 4528 ‘2.
1140 4477 1218 4530 De
1245 4475 1495 4532 haeretica
1527 4477 1855 4548 loquendum
1884 4480 1944 4530 ut
1970 4477 2038 4532 de
2065 4477 2283 4547 gentili.
2316 4508 2383 4516 ——
2441 4482 2628 4550 Atque

1056 4636 1070 4668 ¹
1107 4634 1248 4690 Edd.
1292 4633 1559 4709 Martian.
1595 4639 1658 4709 et
1703 4633 1949 4709 Vallars.
2010 4635 2262 4709 habent:
2295 4638 2497 4709 Incipit
2537 4639 2626 4693 A1-

983 4709 1213 4762 tercatio
1239 4706 1600 4780 _Lueiferiqni
1654 4714 1704 4761 et
1751 4707 2064 4780 Orthodoxi,
2102 4724 2158 4780 κα
2187 4708 2244 4763 8.
2303 4706 2630 4780 Hieronymo

981 4781 1204 4852 scripta.
1239 4776 1854 4852 Eol'r.——_Vetus_codex
1878 4779 2263 4852 ms.Sorbonze
2287 4776 2626 4852 sequentem

983 4851 1197 4924 retinet
1227 4849 1852 4924 epigraphenﬂneipz't
1907 4851 2046 4924 Epic
2094 4849 2424 4924 Hieronymi
2474 4869 2628 4924 prcs-

985 4921 1162 4991 byteri
1215 4920 1475 4976 adversus
1525 4920 1962 4993 Luciferianos,‘
2019 4921 2224 4977 deinde
2282 4920 2437 4978 hunc
2474 4920 2630 4978 'conu

983 4994 1245 5046 textum:
1284 5014 1310 5042 «
1347 4993 1606 5050 Proxime
1647 4993 1893 5048 accessit
1949 4993 2342 5050 Luciferianus
2393 4994 2631 5051 haeresis

984 5066 1254 5142 sectator,
1290 5079 1422 5142 cum
1456 5064 1651 5142 aliquo
1690 5063 1959 5142 Ecclesiae
2013 5064 2250 5120 alumno
2298 5065 2500 5122 odiosa
2547 5066 2628 5120 lo-

986 5135 1215 5204 quacite
1237 5135 1615 5202 contendens,
1654 5158 1681 5182 »
1712 5141 1819 5191 etc.
1855 5136 2138 5191 Murrum.

1059 5203 1532 5279 ’__Cln_niacensis
1601 5207 1799 5272 codex,
1877 5209 2139 5262 Proxime
2197 5209 2438 5279 accidit,
2491 5207 2632 5279 quod

981 5273 1206 5348 quidam
1227 5275 1473 5346 Luciferi
1499 5281 1732 5332 sectator
1758 5294 1885 5333 cum
1924 5280 2035 5334 alio
2069 5279 2324 5335 Ecclesia?
2377 5273 2629 5348 alumno,

981 5349 1090 5401 etc.
1123 5345 1412 5402 Mm'rIAN.

1051 5417 1074 5450 ³
1108 5417 1402 5492 Notatum
1481 5418 1926 5492 Lexiccgraphis
1999 5437 2232 5477 nomen.
2292 5420 2633 5478 Theodorus

982 5487 1250 5548 Mastruca
1279 5492 1436 5550 vestis
1475 5490 1648 5548 Surda
1686 5487 1811 5567 (Ali
1857 5492 2174 5568 Mastruga).
2235 5492 2584 5558 Prudentius
2616 5510 2628 5552 :

2749 2969 2930 3024 dixit:
2967 2969 3084 3025 Hoc
3118 2971 3373 3041 primum
3406 2970 3554 3025 mihi
3613 2969 3950 3040 responderi
4006 2966 4154 3032 volo,
4186 2971 4389 3022 utrum

2741 3057 2937 3113 Ariani
2969 3057 3282 3114 Christiani
3313 3059 3451 3125 sint,
3485 3076 3558 3114 an
3585 3075 3698 3114 non
3727 3057 3756 3112 ?
3785 3057 4174 3113 Oarnonoxus
4200 3056 4241 3109 ⁵.
4267 3055 4388 3127 Ego

2739 3145 2892 3217 plus,
2927 3147 3138 3218 inquit,
3184 3148 3501 3219 interrogo,
3550 3152 3826 3203 utrumne
3873 3161 4078 3202 omnes
4126 3142 4384 3199 haeretici

2739 3235 3050 3291 Christiani
3084 3237 3204 3291 sint
3232 3235 3260 3290 ‘I
3290 3238 3350 3291 L.
3384 3237 3547 3304 dixit,
3599 3237 3781 3300 Quem
3833 3235 4170 3290 haereticum
4218 3233 4388 3288 dixe-

2742 3323 2849 3390 ris,
2908 3322 3304 3379 Cbristianum
3368 3325 3616 3396 negasti.
3653 3324 3714 3380 0.
3747 3322 3911 3389 dixit,
3970 3323 4189 3378 Omnes
4247 3336 4387 3394 ergo

2737 3411 2988 3468 haeretici
3017 3413 3329 3469 Christiani
3365 3431 3478 3469 non
3512 3419 3652 3470 sunt
3681 3413 3708 3468 ?
3738 3415 3801 3470 L.
3835 3417 3967 3470 Jam
3983 3412 4254 3485 superius
4278 3428 4384 3467 au-

2737 3501 2896 3556 disti.
2934 3502 2993 3557 0.
3041 3503 3091 3556 Si
3153 3503 3367 3558 Christi
3424 3520 3538 3558 non
3597 3507 3757 3573 sunt,
3815 3501 4032 3558 diaboli
4093 3505 4254 3557 sunt.
4316 3501 4380 3555 L.

2735 3589 2916 3645 Nemo
2948 3591 3193 3646 dubitat.
3225 3592 3282 3648 0.
3311 3592 3364 3645 Si
3397 3595 3592 3647 autem
3626 3590 3840 3647 diaboli
3881 3595 4040 3657 sunt,
4086 3590 4240 3646 I72
4290 3589 4381 3644 ni-

2735 3677 2815 3732 bil
2851 3679 3020 3734 refert
3045 3679 3294 3734 haeretici
3329 3680 3468 3747 sint,
3503 3697 3576 3735 an
3608 3679 3873 3752 gentiles.
3907 3670 3964 3734 L'.
3998 3678 4122 3734 Non
4154 3676 4376 3734 refello.

2735 3766 2794 3823 0.
2829 3767 3011 3838 Igitur
3040 3768 3219 3823 fixum
3252 3769 3404 3824 inter
3447 3786 3555 3824 nos
3611 3767 3919 3836 habemus,
3977 3769 4049 3823 de
4105 3766 4376 3822 hazretico

2734 3856 2818 3910 sic
2849 3854 3232 3928 loquendum,
3267 3857 3420 3913 sicut
3451 3858 3522 3913 de
3549 3857 3771 3930 gentili.
3805 3859 3864 3914 L.
3894 3856 4070 3913 Plane
4099 3856 4372 3914 ﬁxum.0.

2735 3945 2933 4008 Quaere
2967 3963 3122 4000 nunc
3145 3951 3209 4001 ut
3239 3945 3398 4010 libet.
3441 3946 3719 4018 quoniam
3773 3947 3924 4001 inter
3975 3963 4082 4002 nos
4127 3949 4379 4016 constat,

2736 4033 3034 4090 haereticos
3065 4035 3313 4106 gentiles
3339 4051 3487 4092 esse.
3522 4037 3582 4090 L.
3616 4036 3778 4102 Quod
3823 4034 4200 4107 interrogatio
4250 4049 4384 4089 mea

2734 4137 2936 4193 cogere
2966 4121 3195 4179 volebat
3223 4140 3565 4196 expressum
3602 4128 3710 4192 est,
3739 4123 4044 4180 haereticos
4095 4121 4381 4178 Christia—

2734 4227 2840 4266 nos
2867 4228 2981 4266 non
3015 4228 3164 4268 esse.
3225 4217 3392 4268 Nunc
3449 4217 3627 4268 restat
3684 4212 4004 4270 conclusio.
4065 4213 4124 4269 Si
4183 4210 4386 4267 Ariani

2738 4298 2992 4354 haeretici
3025 4305 3188 4367 sunt,
3211 4305 3268 4356 et
3296 4301 3570 4357 hzeretici-
3590 4318 3795 4358 omnes
3823 4301 4070 4375 gentiles
4117 4303 4275 4369 sunt,
4329 4304 4389 4356 et

2737 4388 2937 4443 Ariani
2963 4388 3212 4461 gentiles
3241 4393 3397 4445 sunt.
3423 4390 3482 4446 Si
3515 4395 3715 4447 autem
3747 4390 3950 4446 Ariani
3975 4388 4225 4463 gentiles
4246 4393 4389 4445 sunt

2738 4481 2793 4533 et
2822 4481 3050 4533 constat
3088 4477 3314 4534 nullam
3369 4479 3706 4535 societatem
3757 4479 4024 4536 Ecclesia:
4073 4495 4200 4535 esse
4249 4494 4386 4533 cum

2844 4637 3070 4712 Solvere
3100 4639 3408 4712 Mastrncis
3438 4656 3725 4710 proceres,
3756 4639 3968 4712 vestire
3999 4641 4274 4712 Togatos.

2808 4709 3268 4793 Appo’sitejero
3326 4711 3385 4765 in
3438 4709 3647 4793 primis
3705 4709 4111 4793 Quintilianus
4320 4725 4384 4776 II,

2739 4796 2868 4861 cap.
2929 4782 2996 4834 10
3047 4780 3470 4865 εὒΜαειηςραγῃξ.
3508 4783 3646 4854 quod
3695 4782 3940 4863 _Sardum
3989 4792 4086 4849 est,
4146 4780 4387 4862 illudens

2743 4850 3026 4933 (310810.83?
3049 4852 3328 4933 industria
3347 4855 3508 4933 dixit.
3544 4853 3825 4933 Paulinus
3856 4871 4110 4933 quoque_
4125 4853 4384 4933 Macario

2741 4924 2896 4996 inops
2926 4923 3162 4996 habitus,
3195 4929 3244 4980 et
3275 4925 3546 4996 Mastruga
3595 4923 3910 4981 Sardorum.
3968 4923 4036 4966 -ἰ-
4092 4927 4230 4996 Mss.
4277 4940 4379 4978 co-

2741 4993 2899 5049 dices
2932 4993 3136 5067 legunt
3163 4993 3516 5065 Mastrugani.
3551 4997 3685 5052 Erat
3717 5003 4016 5053 mastruca
4061 4995 4386 5052 vestimen-

2740 5069 2877 5138 tum
2896 5083 2965 5138 ex
2994 5065 3267 5137 pellibus,
3297 5069 3416 5122 sive
3448 5067 3632 5124 ferina
3660 5069 3839 5124 vestis
3870 5067 4020 5124 male
4051 5067 4232 5133 olens,
4267 5083 4388 5138 qua

2741 5137 2909 5191 Sardi
2939 5139 3273 5193 utebantur.
3308 5139 3596 5195 Maurum.

2811 5210 2833 5290 ξ
2865 5209 2927 5262 In
2959 5208 3182 5334 atliquot
3205 5209 3370 5264 libris
3409 5210 3538 5265 dum
3581 5211 3926 5267 azuiienti-um
3970 5211 4239 5265 circulum
4294 5211 4391 5264 lu-

2811 5296 2913 5334 ma.
2950 5296 2977 5334 e
3009 5297 3061 5334 c.

2739 5296 2913 5343 1722720,
2950 5296 3061 5336 θιο.

2811 5351 2831 5384 ⁵
2861 5349 3041 5428 _Vetus
3085 5350 3262 5428 editio
3305 5351 3723 5428 Hieronymum
3756 5355 3974 5428 ipsum
4027 5352 4136 5428 sub
4174 5351 4391 5428 Ortho-

2742 5421 2873 5477 doxi
2906 5438 3155 5494 persona
3185 5421 3542 5494 loquentem‘
3573 5421 3816 5484 inducit:
3859 5424 4200 5484 Orthodoxus
4250 5424 4391 5480 Hie-

2743 5507 3025 5570 ronymus.
3058 5508 3172 5574 ego,
3204 5497 3314 5555 etc.
