5364 6558
259 182 365 244 165

1278 178 1667 249 DIALOGUS
1711 180 2023 247 CONTRA
2069 169 2664 243 LUCIFERIANOS.

3537 187 3656 253 186

248 316 500 383 Arianis,
534 316 591 372 id
642 322 751 386 est,
800 331 935 373 cum
993 319 1332 391 gentilibus,
1368 319 1743 375 manifestum
1804 319 1894 372 est
1922 316 1977 382 Α
2008 314 2167 369 niam
2201 313 2489 370 obstinate
2521 314 2885 382 tenes,aliam
2919 331 3046 371 esse
3074 318 3659 394 rationemepiscopi.

243 409 493 461 vestram
526 405 847 463 Ecclesiam
875 424 1003 479 quae
1035 408 1106 464 ab
1128 408 1378 476 Arianis,
1411 409 1470 463 id
1522 412 1630 474 est,
1684 425 1716 463 a
1750 423 1887 478 gen-

240 492 467 560 tilibus,
513 495 818 568 episcopos
849 497 1115 569 suscipit,
1152 514 1267 553 non
1297 502 1419 553 tam
1468 497 1739 569 episcopo
1800 511 1887 549 re-

236 581 452 653 cipere,
478 600 658 654 quam
692 585 763 640 de
792 585 1075 656 Capitolio
1110 587 1443 642 sacerdotes
1472 602 1485 639 :
1520 601 1586 640 ac
1620 601 1723 655 per
1778 582 1888 637 hoc

231 671 581 728 Antichristi
613 673 805 746 magis
827 691 1148 747 synagoga,
1187 691 1363 746 quam
1386 672 1602 731 Christi
1634 671 1890 727 Ecclesia

234 759 455 815 debeat
490 762 836 833 nuncupari.

302 847 361 902 3.
394 848 761 905 Eucharistia.
798 881 867 890 —-
898 852 960 907 0.
995 855 1136 907 Ecce
1194 850 1439 923 impleta
1495 854 1584 907 est
1638 849 1886 922 prOphe-

233 936 310 990 tia
347 937 621 992 :Paravit
652 938 795 993 mihi
826 939 1136 1007 foveam,et
1165 940 1290 1011 ipse
1322 939 1531 995 incidit
1552 939 1610 993 in
1643 955 1798 993 eam.
1824 939 1884 991 L.

230 1026 499 1089 Quonam
532 1027 853 1083 modo?0.
898 1028 957 1083 Si
1011 1028 1233 1094 Ariani,
1289 1031 1352 1082 ut
1411 1027 1576 1096 dicis,
1638 1027 1887 1099 gentiles

229 1120 383 1179 sunt,
425 1119 488 1170 et
516 1116 871 1170 Arianorum
903 1116 1308 1172 conventicula
1335 1120 1527 1172 castra
1576 1122 1714 1171 sunt
1770 1120 1889 1175 dia-

230 1202 361 1270 boli,
390 1204 699 1274 quomodo
730 1205 789 1258 in
822 1205 1031 1260 castris
1062 1204 1279 1261 diaboli
1328 1206 1687 1277 baptizatum
1748 1208 1887 1263 reci-

228 1291 355 1361 pis?
385 1293 448 1347 L.
489 1291 753 1363 Recipio,
784 1294 884 1348 sed
917 1294 1317 1364 poenitentem.
1352 1294 1410 1349 0.
1443 1294 1693 1351 Prorsus
1747 1297 1886 1367 quid

227 1383 406 1450 dicas,
442 1398 563 1437 non
597 1380 902 1454 intelligis.
926 1383 1327 1454 Quisquamne
1350 1383 1625 1457 gentilem
1660 1387 1883 1458 recipit,

226 1471 611 1543 pcenitentem
638 1470 666 1524 ‘I
694 1472 756 1525 L.
784 1472 903 1555 Ego
934 1472 1355 1544 simpliciterin
1387 1475 1620 1529 exordio
1664 1491 1883 1531 sermo-

226 1560 311 1615 nis
340 1575 561 1615 omnes
581 1557 887 1615 haereticos
917 1560 1302 1632 gentilesesse
1325 1562 1621 1633 respondi.
1668 1563 1884 1618 Verum

222 1648 358 1719 quia
417 1648 694 1720 captiosa
763 1649 1140 1720 interrogatio
1218 1650 1346 1717 fuit,
1435 1651 1634 1723 primae
1725 1670 1964 1749 quae-B

223 1735 430 1793 stionis
462 1737 574 1793 tibi
604 1736 864 1810 palmam
897 1739 1153 1805 tradens,
1214 1742 1255 1794 1
1280 1741 1375 1795 73
1440 1742 1511 1795 ad
1566 1743 1884 1798 secundam

227 1827 457 1882 veniam
494 1828 554 1881 in
588 1844 707 1898 qua
738 1828 829 1884 aio
868 1827 1082 1883 laicum
1134 1829 1205 1883 ab
1264 1829 1499 1886 Arianis
1555 1831 1884 1887 venientem

224 1915 404 1987 recipi
435 1915 654 1971 debere
683 1917 1085 1987 pcenitentem,
1116 1916 1390 1973 clericum
1429 1935 1563 1974 vero
1618 1936 1734 1974 non
1794 1920 1887 1974 de-

223 2006 388 2060 bere.
425 2005 490 2060 0.
523 2004 696 2077 Atqui
728 2006 786 2061 in
811 2007 1341 2078 primaquzestione
1360 2024 1537 2080 quam
1563 2009 1887 2064 obtinuisse

228 2108 325 2147 me
359 2092 533 2157 dicis,
563 2094 739 2148 etiam
771 2095 1091 2150 secundam
1149 2095 1398 2151 obtinui.
1450 2098 1508 2152 L.
1566 2101 1714 2152 Doce
1744 2114 1883 2169 quo-

222 2182 401 2237 modo
433 2181 785 2238 obtinueris.
832 2183 892 2239 0.
954 2183 1154 2239 Nescis
1176 2188 1233 2240 et
1290 2184 1473 2240 laicos
1531 2189 1589 2241 et
1644 2184 1886 2243 clericos

225 2288 409 2325 unum
440 2269 665 2326 habere
683 2270 1118 2332 Christum,nec
1146 2271 1331 2327 alium
1368 2273 1885 2345 neophytis,alium

221 2359 516 2432 episcopis
554 2375 689 2415 esse
708 2364 887 2415 Deum
910 2360 939 2414 ‘?
964 2360 1080 2415 Cur
1109 2376 1245 2433 ergo
1287 2378 1402 2417 non
1471 2362 1712 2433 recipiat
1773 2362 1885 2418 cle-

223 2450 511 2520 ricos,qui
543 2448 757 2521 recipit
812 2447 993 2505 laicos
1049 2450 1442 2521 pcenitentes?
1498 2452 1559 2505 L.
1618 2451 1739 2507 Non
1800 2458 1889 2508 est

225 2539 418 2610 ipsum
452 2537 755 2610 lacrymas
786 2537 1066 2593 fundere‘
1100 2554 1203 2610 pro
1244 2539 1515 2611 peccatis,
1577 2544 1633 2595 et
1675 2558 1887 2613 corpus

228 2632 546 2682 attrectare
580 2626 854 2694 Domini;
890 2643 1004 2681 non
1033 2626 1333 2698 estipsum
1370 2628 1450 2683 ad-
1504 2628 1751 2685 fratrum
1797 2645 1889 2703 ge-

230 2732 343 2771 nua
374 2714 672 2787 provolvi,
706 2718 763 2769 et
792 2714 863 2769 de
892 2713 1131 2769 sublimi
1163 2716 1286 2771 loco
1315 2715 1743 2772 Eucharistiam
1777 2718 1887 2772 mi-

230 2806 484 2860 nistrare
516 2801 757 2874 populo.
790 2802 962 2857 Aliud
994 2807 1081 2858 est
1104 2802 1301 2876 lugere
1330 2806 1484 2876 quod
1512 2805 1708 2874 fueris,
1730 2806 1888 2862 aliud

230 2893 501 2966 neglecto
531 2896 793 2964 peccato,
821 2892 881 2947 in
911 2891 1168 2948 Ecclesia
1193 2892 1382 2949 vivere
1402 2893 1743 2966 gloriosum.
1803 2897 1887 2951 Tu

232 2983 331 3053 qui
362 2982 652 3036 hesterno
684 2980 777 3035 die
809 2980 1129 3053 sacrilegus
1160 2986 1487 3038 creaturam
1528 2983 1627 3039 Dei
1674 2984 1882 3040 Filium

2000 402 2175 458 aliam
2210 402 2362 469 laici,
2394 403 2464 457 ad
2488 403 2900 474 compendium
2953 406 3420 475 concertationis,
3455 412 3652 470 tribuo

2000 493 2153 563 quod
2195 490 2497 563 postulas:
2534 508 2639 547 nec
2666 508 2759 546 me
2790 491 3012 563 pigebit
3040 491 3237 548 locum
3274 499 3330 551 te
3379 497 3649 570 faciente,

2000 596 2242 636 manum
2275 584 2465 634 tecum
2501 596 2824 635 conserere.
2860 582 3093 653 Expone
3117 582 3289 650 mihi,
3330 601 3509 657 quare
3540 588 3653 645 lai-

2000 686 2131 724 cum
2154 668 2479 723 venientem
2514 669 2586 722 ab
2612 668 2838 724 Arianis
2870 669 3138 741 recipias,
3166 670 3507 745 episcopum
3537 694 3654 734 non

2002 757 2248 829 recipias
2272 756 2298 811 ?
2325 758 2382 810 1..
2418 757 2648 828 Rccipio
2680 756 2914 825 laicum,
2937 759 3036 829 qui
3070 776 3298 815 errasse
3349 779 3411 818 se
3471 766 3652 821 conﬁ-

2000 850 2191 913 tetur;
2222 849 2278 901 et
2310 844 2590 900 Dominus
2615 845 2835 900 mavult
2865 848 3270 917 pmnitentiam
3304 854 3649 923 peccatoris,

1999 951 2176 1005 quam
2211 938 2478 989 mortem.
2515 935 2573 987 0.
2611 933 2819 1005 Recipe
2850 951 2986 1006 ergo
3018 940 3074 990 et
3115 938 3515 1011 episcOpum3,
3550 943 3651 1014 qui

1998 1027 2054 1078 et
2084 1039 2310 1078 errasse
2340 1038 2401 1078 se
2431 1024 2817 1091 conlitctur,et
2847 1023 3132 1081 Dominus
3192 1028 3413 1083 mavult
3455 1032 3649 1101 poeni-

1998 1111 2237 1167 tentiam
2270 1111 2608 1181 peccatoris,
2644 1128 2821 1182 quam
2874 1118 3144 1168 mortem.
3200 1117 3258 1170 L.
3311 1116 3369 1172 Si
3419 1135 3651 1175 errasse

1998 1217 2058 1255 se
2089 1201 2421 1263 conﬁtetur,
2462 1202 2615 1255 174
2648 1217 2750 1253 cur
2771 1202 3080 1273 epiSCOpus
3114 1208 3491 1274 perseverat?
3546 1210 3650 1264 de-

1998 1292 2173 1360 ponat
2204 1287 2617 1358 sacerdotium,
2653 1290 2903 1343 concedo
2927 1290 3155 1347 veniam
3207 1294 3530 1365 pcenitenti.
3588 1299 3648 1353 0.

1998 1378 2378 1449 Respondebo
2413 1376 2517 1432 tibi
2551 1383 2607 1432 et
2638 1394 2744 1449 ego
2775 1380 3140 1436 sermonibus
3171 1382 3310 1438 tuis.
3359 1384 3419 1439 Si
3469 1384 3651 1442 laicus

1995 1484 2222 1523 errasse
2245 1482 2305 1521 se
2336 1466 2660 1536 conﬁtetur,
2704 1469 2993 1538 quomodo
3041 1468 3225 1527 laicus
3274 1476 3650 1543 perseverat?

1996 1557 2251 1627 deponat
2281 1554 2671 1610 sacerdotium
2715 1554 2845 1610 laici
2872 1558 2911 1622 ⁴,
2974 1558 3029 1612 id
3092 1564 3199 1626 est,
3232 1560 3546 1634 baptisma,
3596 1568 3654 1619 et

1996 1661 2100 1717 ego
2149 1644 2221 1698 do
2274 1644 2500 1698 veniam
2566 1644 2887 1715 pmnitenti.
2936 1647 3231 1718 Scriptum
3298 1654 3388 1705 est
3450 1652 3648 1708 enim:

1996 1735 2235 1803 Regnum
2265 1749 2475 1803 quoque
2502 1749 2599 1788 nos
2629 1742 2679 1788 et
2704 1735 3006 1791 sacerdotes
3052 1737 3159 1792 Deo
3191 1740 3349 1793 Patri
3404 1740 3504 1796 suo
3561 1744 3643 1812 fe-

1999 1824 2071 1876 cit
2100 1822 2139 1892 ³(
2172 1822 2328 1893 Apoc.
2366 1839 2403 1887 ι,
2427 1823 2503 1891 6).
2534 1822 2600 1877 Et
2620 1821 2833 1878 iterum
2866 1824 3099 1894 {Gentem
3161 1832 3433 1895 sanctam,
3463 1831 3651 1901 regale

1995 1910 2381 1977 sacerdotium,
2428 1910 2698 1982 populum
2748 1914 3082 1984 acquisitum
3120 1916 3166 1987 (I
3226 1922 3372 1974 Petr.
3436 1936 3502 1986 τι,
3560 1921 3637 1988 9).

1996 2000 2179 2056 Omne
2201 2001 2354 2071 quod
2404 2016 2519 2055 non
2559 1999 2695 2055 licet
2752 2001 3144 2069 Christiano“,
3206 2021 3517 2063 commune
3559 2012 3650 2064 est

1995 2094 2116 2143 tam
2149 2088 2420 2160 episcopo
2453 2106 2631 2159 quam
2662 2088 2829 2145 laico.
2882 2092 2989 2155 Qui
3051 2093 3457 2163 pmnitentiam
3505 2097 3646 2170 agit,

1995 2179 2190 2249 priora
2238 2178 2589 2233 condemnat
2640 2180 2744 2248 [Αἰ.
2797 2182 3176 2252 contemnat].
3240 2183 3298 2238 Si
3350 2201 3462 2240 non
3511 2184 3648 2241 licet

1996 2267 2269 2338 episcopo
2292 2266 2591 2338 poenitenti
2631 2283 3002 2338 perseverare
3045 2271 3199 2340 quod
3262 2273 3469 2340 fuerat,
3529 2290 3675 2345 non,

1995 2355 2129 2411 licet
2158 2360 2215 2411 et
2243 2354 2391 2410 laico
2414 2357 2432 2389 ⁷
2464 2356 2765 2425 poenitenti
2816 2372 3157 2427 permanere
3198 2359 3257 2413 in
3309 2377 3374 2415 eo
3410 2367 3648 2433 propter

1999 2446 2153 2518 quod
2188 2444 2587 2517 paenitentiam
2618 2445 2928 2500 conﬁtetur
2958 2446 3001 2501 ⁸.
3048 2449 3104 2502 L.
3156 2448 3491 2521 Recipimus
3538 2452 3645 2508 lai-

1996 2553 2117 2601 cos,
2150 2533 2427 2605 quoniam
2462 2549 2632 2589 nemo
2664 2538 3054 2603 convertetur,
3098 2538 3148 2592 si
3198 2554 3261 2593 se
3306 2538 3503 2596 scierit
3553 2557 3645 2597 re-

1998 2623 2414 2696 baptizandum
2443 2639 2455 2677 :
2490 2628 2546 2677 et
2578 2623 2655 2678 ita
2687 2623 2806 2687 ﬁet,
2844 2627 2908 2679 ut
2938 2640 3041 2680 nos
3064 2625 3253 2682 simus
3284 2644 3463 2684 causa
3513 2646 3645 2702 per-

1998 2713 2236 2768 ditionis
2262 2728 2463 2767 eorum
2489 2712 2537 2767 si
2570 2713 2967 2784 repudientur.
3005 2713 3069 2770 0.
3105 2716 3192 2770 Tu
3233 2717 3292 2770 in
3351 2733 3416 2772 eo
3489 2720 3644 2789 quod

1998 2801 2206 2872 recipis
2237 2800 2476 2865 laicum,
2510 2817 2688 2856 unam
2722 2803 2981 2857 animam
3027 2804 3359 2876 recipiendo
3418 2806 3639 2863 salvas:

1998 2896 2054 2946 et
2083 2907 2187 2964 ego
2211 2891 2267 2945 in
2302 2891 2631 2962 recipiendo
2664 2891 3023 2963 episcopum,
3049 2909 3162 2947 non
3217 2894 3408 2949 dicam
3461 2896 3641 2952 unius

1998 2979 2249 3035 civitatis
2281 2980 2547 3053 populos,
2582 2981 2681 3035 sed
2716 2980 3070 3048 universam,
3105 2982 3197 3036 cui
3228 2987 3456 3054 praeest,
3509 3001 3642 3056 pro-

231 3070 599 3141 prazdicahas
634 3088 647 3136 ;
697 3069 797 3141 qui
832 3069 1089 3141 quotidie
1138 3073 1298 3143 pejor
1347 3071 1587 3140 Judwis,
1620 3073 1879 3146 blasphe-
1917 3054 1958 3121 C
1997 3069 2249 3124 vinciam
2280 3068 2550 3124 Ecclesia:
2573 3068 2749 3135 socio,
2783 3085 2957 3139 quem
2988 3070 3036 3124 si
3086 3070 3387 3142 repellam,
3425 3054 3641 3130 multos

230 3159 489 3215 miarum
521 3158 752 3231 lapides
783 3158 841 3212 in
858 3158 1155 3214 Christum
1172 3161 1457 3231 jaciebas,
1483 3163 1652 3232 cujus
1674 3180 1885 3220 manus

232 3246 727 3320 sanguineplenae
758 3251 917 3317 sunt,
949 3249 1118 3318 cujus
1177 3248 1363 3321 stylus
1417 3249 1620 3307 lancea
1682 3252 1886 3308 militis

230 3336 358 3403 fuit,
394 3336 469 3390 ad
488 3335 668 3390 unius
689 3335 850 3390 horae
883 3335 1322 3393 conversionem
1347 3338 1633 3410 virginem
1694 3341 1887 3398 Eccle-

237 3426 390 3481 siam
423 3425 656 3480 adulter
689 3425 1064 3496 ingredieris?
1108 3426 1165 3481 Si
1224 3443 1495 3498 peccasse
1541 3433 1596 3484 te
1645 3432 1889 3502 poenitet

245 3512 513 3568 ofﬁcium
560 3514 777 3585 depone
810 3513 1131 3570 sacerdotis
1157 3533 1168 3570 :
1196 3515 1244 3570 si
1294 3519 1350 3571 te
1380 3532 1652 3587 peccasse
1711 3521 1889 3575 confi-

244 3602 366 3667 dis,
404 3617 669 3673 permane
698 3603 854 3674 quod
891 3603 1073 3659 fuisti.

322 3690 377 3743 4.
416 3688 475 3743 0.
512 3688 899 3746 Rbetoricaris
934 3709 947 3757 ;
980 3696 1035 3746 et
1066 3709 1099 3746 a
1148 3693 1617 3765 disputationum
1642 3694 1886 3768 spinetis

243 3780 314 3835 ad
348 3794 593 3849 campos
628 3778 821 3834 liberae
872 3780 1315 3837 declamationis
1360 3784 1637 3839 excurris.
1678 3785 1885 3841 Verum

243 3868 467 3933 desine,
503 3884 720 3938 quaeso,
745 3885 778 3923 a
807 3870 1223 3925 communibus
1252 3869 1415 3937 locis,
1448 3876 1504 3926 et
1533 3871 1592 3926 in
1640 3874 1884 3945 gradum

240 3972 478 4012 rursum
503 3972 569 4011 ac
602 3956 786 4011 lineas
820 3958 1156 4027 regredere:
1217 3963 1418 4030 postea
1474 3960 1523 4016 si
1580 3960 1882 4032 placuerit,

238 4045 415 4101 latius
467 4044 849 4101 disseremus.
907 4047 960 4100 L.
1010 4047 1182 4103 Nulla
1220 4048 1565 4104 declamatio
1622 4049 1715 4106 hic
1773 4055 1881 4108 est.

240 4132 403 4188 Dolor
433 4132 784 4204 patientiam
816 4138 1091 4205 superat;
1126 4152 1382 4207 propone
1412 4141 1477 4191 ut
1498 4136 1663 4205 libet,
1716 4155 1883 4211 argu-

238 4228 498 4277 mentare
529 4227 598 4277 ut
638 4221 798 4291 libet,
848 4240 1150 4295 nunquam
1210 4225 1591 4297 persuadebis
1648 4226 1706 4281 id
1755 4244 1884 4284 esse

233 4310 601 4383 episcopum,
633 4312 787 4382 quod
820 4310 1034 4368 laicum
1093 4314 1468 4385 pcnnitentem
1519 4316 1558 4369 ³.
1614 4317 1672 4371 0.
1725 4318 1880 4382 Quo-

1998 3174 2197 3213 secum
2233 3158 2291 3212 in
2326 3158 2556 3215 ruinam
2582 3157 2792 3213 trahet.
2817 3158 3207 3221 Quamobrem
3226 3177 3422 3230 quaeso
3444 3179 3544 3218 vos
3576 3167 3643 3219 ut

1997 3263 2125 3303 eam
2157 3248 2464 3311 rationem,
2498 3264 2674 3318 quam
2706 3246 2766 3301 in
2798 3248 3001 3319 paucis
3032 3248 3380 3320 recipiendis
3427 3250 3642 3308 habere

1996 3354 2099 3391 vos
2128 3336 2492 3403 existimatis,
2523 3336 2699 3390 etiam
2732 3337 2802 3390 ad
2833 3336 3013 3392 totius
3046 3337 3203 3392 orbis
3234 3338 3488 3395 salutem
3511 3357 3642 3396 con-

1995 3426 2232 3485 cedatis.
2266 3424 2427 3488 Quod
2461 3424 2510 3478 si
2570 3423 2852 3495 displicet,
2870 3428 2926 3479 et
2972 3428 3094 3480 tam
3119 3426 3252 3481 duri
3302 3428 3465 3495 estis,
3514 3430 3632 3486 imo

1996 3518 2116 3569 tam
2138 3512 2615 3568 irrationabiliter
2639 3511 3038 3579 inclementes,
3066 3518 3130 3569 ut
3159 3531 3293 3570 eum
3314 3517 3414 3587 qui
3462 3518 3638 3574 dede-

1998 3602 2073 3657 rit
2101 3602 2394 3674 haptisma
2423 3601 2650 3657 hostem
2711 3601 2946 3669 Christi,
3007 3618 3139 3658 eum
3198 3603 3298 3674 qui
3354 3608 3641 3677 acceperit

2000 3690 2185 3746 ﬁlium
2211 3690 2461 3762 putetis;
2495 3707 2601 3745 nos
2660 3690 2828 3746 nobis
2878 3691 3121 3746 adversa
3177 3707 3292 3747 non
3348 3693 3632 3751 facimus:

1997 3784 2096 3834 aut
2126 3779 2465 3850 episcopum
2494 3796 2625 3834 cum
2676 3779 2887 3851 populo
2931 3780 3269 3852 recipimus,
3304 3798 3476 3853 quem
3504 3784 3641 3842 facit

1994 3868 2433 3924 Christianum:
2488 3872 2587 3922 aut
2643 3868 2691 3922 si
2744 3868 3083 3940 episcopum
3125 3886 3240 3925 non
3300 3872 3636 3947 recipimus,

1995 3958 2214 4016 scimus
2245 3957 2420 4011 etiam
2453 3956 2620 4011 nobis
2650 3956 2931 4027 populum
2981 3959 3383 4028 rejiciendum.

2064 4052 2115 4103 5.
2150 4048 2440 4118 Episcopus
2492 4044 2897 4100 condimentum
2951 4063 3065 4101 suae
3111 4050 3386 4106 Ecclesiae.
3454 4052 3635 4107 Fletus

1993 4138 2244 4192 Ecclesiae
2271 4151 2370 4206 pro
2396 4134 2801 4206 pwnitentibus.
2844 4135 3003 4189 Liber
3057 4136 3337 4192 duodecim
3394 4140 3633 4210 Prophe-

1991 4232 2200 4283 tarum;
2236 4225 2431 4280 Oculus
2477 4224 2737 4279 Ecclesiae
2792 4225 3089 4295 episcopus.
3140 4258 3206 4263 ——
3256 4227 3315 4280 L.
3373 4226 3484 4282 Oro
3554 4232 3631 4293 te,

1992 4331 2185 4371 nonne
2217 4316 2237 4349 9
2266 4313 2459 4385 legisti
2490 4313 2559 4369 de
2591 4313 2879 4385 episcopis
2910 4313 3130 4368 dictum
3160 4330 3174 4371 :
3208 4316 3301 4371 Vos
3358 4318 3485 4371 estis
3541 4318 3632 4373 sat

300 4438 313 4467 ³
345 4438 467 4512 ιΪοζι
488 4440 573 4512 εξί
604 4438 787 4512 ίΡδαῖη
821 4436 1094 4512 ιαεῖειηιαδ
1113 4440 1363 4509 fundere.
1426 4440 1728 4512 Superﬂue
1785 4441 1879 4498 hic
1912 4426 1956 4490 D
1989 4440 2267 4496 omiserat
2299 4439 2690 4503 Martianaeus,
2725 4439 2881 4510 quod
2918 4438 2974 4493 in
3002 4438 3126 4495 suis
3157 4456 3299 4495 mss.
3336 4456 3451 4497 non
3480 4440 3635 4498 inve-

230 4506 284 4560 in
308 4507 486 4561 editis
520 4506 752 4562 Erasmi
802 4514 858 4563 et
914 4506 1156 4565 Mariani
1211 4511 1479 4566 additum
1512 4506 1629 4567 'est
1666 4528 1877 4567 nomen

225 4579 482 4654 episcopi,
519 4578 681 4654 quod
715 4596 828 4634 non
878 4578 1079 4654 legunt
1127 4581 1480 4654 exemplaria
1536 4587 1747 4638 vetera.
1802 4589 1878 4639 Ex

231 4648 341 4732 hoc.
352 4648 551 4730 porro
578 4650 704 4705 loco
735 4648 1103 4732 apertissime
1125 4648 1540 4732 comprobatur
1570 4654 1713 4710 ﬁdes
1773 4656 1875 4732 Ca-

231 4672 332 4703 uoc
352 4672 542 4730 porro
578 4672 704 4705 ioco
735 4672 1103 4732 apertissime
1125 4672 1540 4780 complronatur
1570 4672 1713 4710 nues
1773 4672 1875 4710 ua-

229 4719 929 4796 tholica,qua_cre_dimus
961 4739 1162 4779 verum
1222 4728 1260 4778 C
1307 4724 1432 4780 risti
1482 4741 1692 4796 corpus
1732 4728 1876 4782 exsi-

227 4798 374 4846 stere
400 4792 463 4846 in
485 4792 870 4861 Eucharistia,
896 4798 952 4848 et
972 4796 1245 4851 manibus
1278 4792 1643 4851 sacerdotum
1668 4800 1874 4853 attrec-

226 4861 369 4940 αις-ἱ)
405 4878 438 4940 e
470 4862 712 4940 sublimi
771 4864 897 4940 loco
960 4866 1343 4934 Eucharistia,
1378 4883 1610 4938 quoque
1660 4869 1873 4940 populo

228 4933 620 4989 ministratam
646 4936 953 4992 discimus.
1395 4933 1691 4993 'MAﬁ'rIAN'.

289 5006 310 5037 ²
336 5006 589 5061 Gravius
608 5008 702 5081 sic
728 5006 839 5079 legi
863 5008 1115 5078 jubet,id
1170 5025 1307 5081 esse,
1338 5011 1649 5081 episcopum
1703 5010 1872 5078 conﬁ-

224 5082 448 5202 tegteim,
480 5077 622 5148 quod
648 5077 850 5134 laicum
871 5077 1244 5151 pcenitentem,
1297 5077 1473 5151 idque
1518 5077 1753 5145 rectius,
1806 5077 1872 5135 ut

224 5163 267 5199 Vi
315 5166 345 5202 e
383 5165 476 5202 ur.

222 5154 476 5203 Videtur.

284 5219 306 5295 ἒ
336 5219 399 5295 [η
436 5218 630 5275 Veteri
655 5223 816 5291 edit,
853 5224 1068 5295 Recipio
1097 5231 1151 5278 et
1177 5239 1270 5294 ego
1288 5225 1621 5295 episcolimn.

284 5294 303 5321 ⁸
332 5290 808 5378 Certaquadam
853 5290 1372 5378 acceptione'plebi
1422 5290 1655 5378 quoque
1716 5311 1869 5377 com:

217 5375 390 5416 mune
448 5362 630 5438 fuisse
688 5366 850 5431 olim,
910 5362 1118 5438 primis
1166 5362 1375 5438 nempe
1434 5362 1867 5422 Chri'stianismi

1990 4512 2193 4567 uisset.

2059 4584 2211 4637 l5Deo
2271 4584 2427 4637 Patri
2480 4598 2576 4637 suo
2634 4582 2784 4651 fecit.
2845 4582 3083 4637 Addunt
3141 4583 3279 4639 editi
3328 4583 3501 4640 libri:
3563 4586 3630 4640 Et

1987 4657 2208 4722 iterum,
2230 4656 2442 4722 gentem
2473 4654 2966 4725 sanctam,iregate
3012 4655 3395 4722 sacerdotium,
3454 4672 3626 4725 popu-

1986 4727 2102 4780 lum
2130 4726 2484 4795 ucquisitum.
2523 4724 2578 4779 ld
2605 4741 2718 4779 non
2750 4724 2952 4796 legunt
2986 4741 3126 4781 mss.
3157 4726 3345 4851 1ἱιίοειιιὶ
3380 4724 3626 4782 codices.

3215 4814 3447 4851 ARTIAN.

3215 4814 3447 4853 ARTIAN.

2053 4868 2073 4900 ⁶
2096 4867 2350 4939 Negandi
2383 4865 2731 4939 particulam
2760 4867 3047 4937 expressit
3083 4867 3321 4939 antiqua
3356 4867 3554 4923 editio.

2054 4938 2209 4993 7Non
2241 4940 2362 4993 licet
2382 4938 2583 4991 etlaico
2600 4942 2708 4992 etc.
2756 4955 2867 4993 ms.
2910 4938 3282 5006 Sorbonicus,
3336 4955 3449 4993 non
3504 4940 3627 4995 licet

1981 5017 2032 5063 et
2105 5012 2243 5064 laico
2321 5009 2611 5083 paenitenti
2668 5025 3031 5083 permanere,
3080 5015 3301 5083 propter
3358 5010 3497 5083 quod
3516 5028 3625 5083 pce-

1979 5078 2619 5161 m'tentiam‘conﬁteturs
2671 5078 3090 5161 Cluniacensis'
3130 5078 3403 5161 similiter
3466 5078 3625 5156 legit,

1980 5168 2116 5207 exce
2162 5156 2218 5207 to
2247 5153 2426 5215 liceat,
2455 5150 2629 5223 habet
2649 5150 2803 5203 enim
2834 5152 2980 5206 licet.
3202 5154 3487 5209 MARTIAN.
3522 5150 3552 5156 ⁷
3612 5150 3617 5152 ⁷

2049 5223 2068 5255 ⁸
2095 5170 2345 5278 \yoculas
2378 5225 2432 5277 in
2462 5237 2519 5276 eo
2554 5223 2610 5275 in
2644 5221 2873 5276 duobus
2907 5239 3048 5278 mss.
3111 5225 3426 5280 desiderari
3469 5227 3624 5280 Mar-

1978 5293 2119 5349 tian.
2142 5300 2321 5349 notat.
2357 5294 2600 5349 Gravius
2631 5293 2712 5348 ita
2742 5292 2932 5347 locum
2958 5295 3170 5359 reﬁxit,
3215 5299 3330 5352 Non
3359 5296 3523 5350 liceat
3571 5305 3627 5353 et

1978 5366 2116 5421 laico
2160 5366 2445 5439 paenitenti
2495 5380 2818 5439 permanere
2873 5366 3011 5437 quod
3050 5370 3185 5432 erat,
3241 5371 3340 5439 qui
3405 5370 3630 5437 propter

218 5433 611 5507 temporibus,
644 5433 959 5507 sacerdotii
1018 5454 1254 5507 nomen,
1301 5433 1527 5494 erudite
1599 5442 1865 5494 notatum
1973 5433 2362 5507 paenitentiam
2395 5433 2699 5507 conﬁtetur.

217 5504 424 5584 est,’e_x
457 5504 600 5584 illo!
634 5506 788 5584 Petri
817 5526 878 5574 ιι,
911 5512 991 5584 9_:
1028 5504 1303 5584 {instigasti
1359 5509 1649 5583 ἱεράτευμα
1667 5511 1868 5584 _regale

216 5576 602 5650 sacerdotium,
636 5581 794 5658 quod
823 5576 1038 5645 statim
1087 5576 1433 5660 adducitur;
1491 5576 1628 5641 nain
1666 5576 1865 5647 locum

2046 5508 2277 5639 gtyettus
2325 5508 2487 5582 edit.,
2552 5508 2656 5568 Oro
2706 5517 2758 5566 te
2816 5512 3037 5569 nomine
3094 5508 3321 5585 Christi:
3376 5520 3490 5565 "0"
3552 5509 3644 5593 “ﬁt

2046 5596 2126 5639 ιι.
2160 5594 2195 5638 e
2219 5595 2267 5639 ο.

1978 5594 2126 5658 gmi,
2160 5594 2267 5639 etc.

4101 2538 4103 2649 φ

4096 2858 4099 3031 l
