5364 6558
1104 240 1227 311 06⁸1

2357 237 2420 307 S.
2466 241 2774 310 EUSEBll
2819 239 3259 310 HIERONYMI

4389 244 4508 309 £68

1079 384 1297 434 :‘terrae.
1330 376 1392 431 Si
1417 381 1601 432 autem
1621 373 1712 432 sat
1739 377 2078 448 infatuatum
2106 381 2298 449 fuerit,
2331 381 2392 434 in
2439 394 2543 450 quo
2572 379 2740 434 salie-
2771 378 2830 445 Α
2859 395 2926 434 ex
2956 379 3220 437 omnium
3247 379 3418 435 corde
3449 379 3695 436 tenebrae
3725 373 4126 436 discutiuntur
4215 379 4368 434 I10
4435 379 4509 435 Et

1101 467 1240 520 tur?
1268 463 1342 520 ad
1368 465 1611 521 nihilum
1639 475 1718 522 est
1744 468 1904 535 utile,
1931 470 2044 524 nisi
2085 472 2144 524 ut
2201 469 2530 539 proﬁciatur
2599 469 2748 537 foras

1102 561 1154 609 et
1180 554 1526 610 conculcetur
1555 555 1622 610 ab
1659 555 1976 613 hominibus
2012 556 2217 628 (Matth.
2251 574 2306 625 v,
2362 557 2474 628 43).
2532 556 2643 611 Sed
2693 561 2750 612 et

1102 639 1274 709 illud,
1305 643 1458 714 quod
1482 659 1584 714 pro
1625 644 1840 716 populo
1890 649 2187 717 peccatore
2245 646 2514 700 sacerdos
2563 649 2746 700 Deum

1101 734 1317 796 exoret,
1349 747 1415 785 ac
1439 747 1541 800 pro
1565 733 1862 787 sacerdote
1884 733 2082 788 nullus
2133 733 2210 788 sit
2266 733 2437 800 alius,
2483 733 2584 804 qui
2641 733 2745 788 de-

1101 823 1372 891 precetur
1392 820 1582 891 (Lcrit.
1604 823 1700 892 Ix).
1725 823 1860 886 Quae
1893 822 2130 893 quidem
2161 821 2276 876 duo
2308 822 2742 892 Scripturarum

1100 906 1435 979 capitulain
1476 909 1828 964 sententiam
1863 915 2220 965 concurrunt
2243 927 2441 965 unam.
2476 910 2622 965 Nam
2683 915 2746 965 ut

1103 995 1188 1051 sal
1221 1011 1454 1053 omnem
1480 996 1675 1052 cibum
1701 999 1918 1065 condit,
1953 1014 2059 1053 nec
2106 1003 2196 1054 est
2249 997 2469 1070 aliquid
2527 1015 2629 1070 per
2683 1015 2744 1055 se

1098 1087 1216 1139 tam
1249 1101 1444 1151 suave,
1478 1086 1634 1156 quod
1666 1086 1887 1158 absque
1917 1087 2072 1143 I75
2107 1104 2172 1142 eo
2229 1091 2470 1160 gustum
2518 1088 2743 1144 demul-

1096 1176 1222 1226 ceat
1247 1191 1260 1228 :
1296 1172 1375 1228 ita
1405 1172 1609 1228 mundi
1637 1173 1816 1229 totius
1845 1179 1900 1230 et
1921 1175 2167 1247 propria:
2228 1175 2490 1231 Ecclesia
2543 1177 2743 1232 condi-

1097 1263 1361 1316 mentum
1393 1261 1704 1334 episcoPus
1749 1267 1858 1328 est,
1908 1264 2008 1335 qui
2059 1264 2109 1319 si
2167 1265 2490 1320 infatuatus
2546 1266 2740 1335 fuerit,

1094 1348 1215 1402 sive
1238 1365 1340 1419 per
1367 1349 1758 1421 negationem,
1793 1351 1914 1408 sive
1972 1369 2076 1425 per
2129 1353 2422 1420 haeresim,
2465 1353 2584 1410 sive
2640 1371 2744 1428 per

1093 1435 1420 1505 libidinem,
1450 1443 1508 1494 et
1538 1443 1603 1494 ut
1623 1441 1805 1495 semel
1841 1441 2052 1510 dicam,
2087 1459 2189 1514 per
2208 1443 2478 1498 universa
2507 1448 2742 1514 peccata

1091 1540 1127 1580 a
1150 1541 1265 1597 quo
1299 1525 1410 1581 alio
1436 1527 1646 1599 poterit
1678 1529 1926 1596 condiri,
1959 1547 2095 1586 cum
2128 1531 2251 1602 ipse
2272 1532 2444 1588 fuerit
2473 1533 2739 1588 omnium

1091 1613 1884 1674 condimentum?Sacerdos
1932 1619 2149 1691 quippe
2199 1637 2303 1692 pro
2360 1619 2508 1676 laico
2577 1621 2743 1677 offert

2858 484 3100 524 causam
3129 468 3318 525 reddit
3341 470 3552 539 :Neque
3607 470 3756 525 enim
3810 468 4038 524 lucerna
4085 466 4401 523 accenditur
4450 471 4511 524 et

2852 559 3082 628 ponitur
3110 560 3294 613 subter
3319 558 3582 624 modium,
3612 557 3706 612 sed
3752 573 3917 628 super
3981 555 4389 622 candelabrum,
4445 563 4511 612 ut

2855 645 3036 701 luceat
3065 647 3316 701 omnibus
3345 648 3440 717 qui
3494 649 3556 701 in
3625 646 3781 702 domo
3817 649 3950 701 sunt
3997 645 4205 715 (Matth.
4263 661 4319 711 v,
4392 646 4505 717 15).

2858 734 2975 790 Hoc
3006 739 3115 802 est,
3137 734 3265 790 ideo
3311 735 3464 792 Deus
3521 734 3775 791 scientia:
3829 752 3949 792 suae
3980 735 4001 768 ‘
4061 733 4386 807 igniculum
4441 733 4508 790 in

2854 821 3124 893 episcOpo
3143 821 3460 876 succendit.
3496 827 3562 876 ut
3589 839 3701 876 non
3735 821 3846 876 sibi
3876 826 4104 878 tantum
4138 821 4347 888 luceat,
4394 821 4502 879 sed

2855 909 3128 965 omnibus
3147 910 3346 982 prosit.
3381 911 3448 965 Et
3467 910 3527 964 in
3558 910 3971 982 consequenti:
3999 910 4078 978 Si,
4111 909 4327 982 inquit,
4380 923 4509 967 ocu-

2855 999 2940 1054 lus
2969 1006 3096 1053 tuus
3124 1015 3360 1069 nequam
3386 1001 3577 1069 fuerit,
3599 1015 3756 1055 omne
3784 1015 3979 1072 corpus
4009 1002 4353 1056 tenebrosum
4401 1003 4502 1056 est.

2853 1087 2913 1141 Si
2940 1095 3119 1143 autem
3149 1089 3336 1143 lumen
3366 1089 3508 1159 quod
3537 1091 3599 1142 in
3625 1096 3675 1144 te
3730 1096 3824 1156 est,
3881 1089 4116 1144 tenebrae
4170 1093 4331 1156 sunt;
4363 1091 4503 1161 ipse.

2854 1177 3094 1234 tenebrae
3134 1181 3352 1248 quantae
3409 1181 3573 1234 erunt
3613 1177 3820 1247 (Matth.
3872 1194 3951 1243 νι,
4007 1177 4147 1249 23)!
4198 1178 4270 1234 Et
4324 1181 4506 1234 recte.

2857 1264 3000 1320 Nam
3032 1282 3166 1321 cum
3197 1265 3325 1322 ideo
3348 1265 3731 1337 epiSCOpusin
3791 1264 4047 1321 Ecclesia.
4082 1265 4501 1332 constituatur,

2857 1358 2918 1409 ut
2959 1354 3240 1426 populum
3272 1359 3532 1411 coerceat
3564 1355 3637 1410 ab
3667 1369 3880 1421 errore,
3913 1357 4169 1426 quantus
4200 1353 4311 1410 erit
4341 1368 4506 1412 error

2851 1443 2911 1497 in
2935 1442 3168 1514 populo,
3197 1459 3332 1498 cum
3363 1447 3518 1498 errat
3547 1443 3672 1515 ipse
3695 1443 3794 1515 qui
3841 1443 4008 1498 docet
4062 1444 4182 1513 [Δὶ.
4231 1443 4455 1513 doceat]
4480 1442 4492 1497 l

2852 1532 3155 1597 Quomodo
3180 1535 3367 1603 potest
3397 1537 3634 1602 peccata
3673 1531 3989 1599 dimittere,
4026 1530 4126 1603 qui
4149 1530 4276 1603 ipse
4297 1544 4498 1602 pecca-

2853 1623 2944 1675 tor
2999 1619 3127 1676 est?
3173 1621 3464 1692 quomodo
3540 1625 3810 1676 sanctum
3887 1619 4207 1692 sacrilegus
4283 1619 4502 1676 faciet?

1091 1701 1444 1758 oblationem
1477 1721 1668 1773 suam,
1701 1707 1953 1780 imponit
1982 1725 2220 1764 manum
2268 1709 2552 1780 subjecto,
2589 1710 2733 1765 redi-
2768 1742 2819 1810 Β
2855 1707 3015 1764 Unde
3047 1709 3118 1764 ad
3141 1725 3236 1764 me
3266 1707 3460 1765 lumen
3493 1709 3749 1777 introiet,
3783 1725 3916 1764 cum
3947 1708 4156 1764 oculus
4178 1723 4347 1764 meus
4395 1723 4499 1764 cae-

1087 1793 1215 1846 tum
1247 1793 1433 1847 sancti
1469 1793 1723 1865 Spiritus
1753 1795 2004 1862 invocat,
2057 1802 2232 1869 atque
2279 1798 2360 1852 ita
2421 1815 2578 1867 eum,
2641 1799 2741 1870 qui
2768 1793 2818 1810 "
2853 1813 2956 1852 cus
2998 1798 3119 1853 sit?
3156 1797 3306 1853 Proh
3331 1797 3531 1853 dolor!
3565 1795 3910 1852 Antichristi
3941 1795 4267 1870 discipulus
4297 1795 4494 1852 Eccle-

1087 1879 1344 1935 traditus
1377 1881 1565 1937 fuerat
1593 1882 1818 1938 Satanae
1847 1884 1904 1938 in
1933 1884 2236 1940 interitum
2268 1885 2486 1954 carnis,
2519 1893 2584 1941 ut
2623 1887 2741 1959 spi-

1091 1967 1242 2023 ritus
1271 1967 1470 2024 salvus
1498 1970 1679 2037 fieret,
1717 1972 1938 2027 indicta
1995 1973 2055 2027 in
2117 1975 2394 2045 populum
2455 1974 2736 2043 oratione,

1089 2054 1294 2111 altario
1345 2058 1694 2126 reconciliet,
1752 2077 1856 2116 nec
1932 2061 2095 2132 prius
2161 2079 2342 2117 unum
2407 2064 2736 2120 membrum

1089 2145 1342 2200 restituit
1369 2146 1624 2216 sanitati,
1660 2165 1839 2220 quam
1875 2151 2074 2205 omnia
2105 2151 2280 2207 simul
2307 2153 2572 2207 membra
2601 2169 2736 2208 con-

1087 2232 1349 2289 ﬂaverint
1380 2236 1418 2288 ι.
1457 2235 1642 2292 Facile
1671 2237 1887 2309 quippe
1934 2238 2184 2311 ignoscit
2213 2239 2330 2295 ﬁlio
2375 2246 2560 2312 pater,
2601 2257 2736 2296 cum

1089 2325 1276 2377 mater
1305 2339 1410 2392 pro
1439 2324 1762 2380 visceribus
1791 2327 1916 2381 suis
1947 2327 2313 2400 deprecatur.
2358 2330 2413 2382 Si
2461 2345 2598 2402 ergo
2629 2329 2738 2385 hoc

1089 2422 1264 2478 quem
1295 2409 1548 2466 diximus
1580 2412 1766 2483 gradu
1825 2412 2010 2469 laicus
2069 2416 2357 2487 paenitens
2407 2417 2740 2472 restituitur

1088 2495 1592 2571 Ecclesiaeibique
1625 2501 1890 2573 sequitur
1925 2503 2108 2570 venia,
2139 2505 2236 2560 ubi
2273 2505 2464 2561 luctus
2494 2523 2735 2577 praeces-

1089 2589 1278 2640 serat:
1314 2586 1694 2644 manifestum
1728 2593 1835 2658 est,
1883 2592 2241 2648 sacerdotem
2287 2594 2358 2650 dc
2405 2594 2586 2667 gradu
2630 2612 2736 2651 suo

1093 2675 1382 2741 motum’,
1415 2675 1475 2729 in
1506 2677 1783 2732 eumdem
1827 2677 2023 2734 locum
2082 2697 2194 2736 non
2264 2698 2437 2752 posse
2483 2683 2734 2749 restitui,

1091 2759 1231 2831 quia
1251 2764 1354 2816 aut
1375 2763 1668 2833 pcenitens
1699 2767 2020 2823 sacerdotio
2045 2769 2283 2837 carebit,
2307 2775 2406 2824 aut
2429 2771 2486 2825 in
2518 2771 2736 2827 honore

1089 2848 1431 2920 persistens,
1485 2853 1681 2908 reduci
1725 2854 1784 2908 in
1843 2855 2157 2913 Ecclesium
2199 2875 2313 2914 non
2364 2859 2577 2930 poterit
2635 2877 2737 2932 per

1088 2937 1353 2994 ordinem
1387 2940 1746 3010 pmnitentis.
1772 2943 1857 2999 Tu
1881 2945 2025 3000 mihi
2051 2963 2207 3002 nunc
2247 2947 2534 3004 infatuato
2592 2949 2733 3017 sale,

1088 3025 1352 3083 Ecclesia
1383 3045 1650 3101 saporem
1680 3033 2092 3102 contaminas;
2137 3040 2198 3090 tu
2248 3053 2382 3092 eum
2435 3037 2533 3109 qui
2601 3055 2735 3110 pro-

2851 1885 2999 1941 siam
3030 1885 3246 1941 Christi
3277 1885 3585 1958 gubernat.
3618 1886 3685 1940 Et
3716 1886 3813 1941 ubi
3863 1889 3954 1941 est
4001 1884 4181 1940 illud:
4225 1890 4345 1942 Non
4391 1901 4494 1956 po-

2848 1977 2999 2030 testis
3029 1974 3236 2030 duobus
3258 1973 3494 2029 dominis
3513 1977 3716 2030 servire
3740 1975 3901 2045 (Ibid.
3933 1974 4026 2044 2i)
4047 1977 4072 2027 .9
4092 1974 4202 2030 Sed
4236 1977 4295 2030 et
4325 1972 4495 2041 illud,

2852 2064 2986 2131 Quae
3012 2064 3430 2118 communicatio
3465 2063 3576 2118 luci
3621 2064 3691 2118 ad
3737 2063 4030 2118 tenebras?
4059 2063 4155 2134 qui
4203 2077 4496 2118 consensus

2848 2152 3065 2208 Christo
3094 2151 3167 2207 ad
3191 2152 3366 2206 Belial
3389 2151 3461 2222 (II
3499 2151 3618 2208 Cor.
3652 2168 3729 2219 v1,
3767 2153 3852 2218 14,
3880 2152 3993 2221 t5)?
4018 2151 4292 2223 Legimus
4319 2151 4388 2206 in.
4407 2167 4501 2208 ve—

2848 2239 2956 2296 teri
2999 2242 3371 2296 Testamento
3420 2241 3611 2311 (Leuit.
3659 2256 3778 2308 x1x,
3838 2256 3927 2305 xx,
3980 2240 4130 2311 xxx):
4190 2241 4360 2296 Homo
4433 2241 4496 2294 in

2847 2344 2951 2400 quo
2981 2331 3152 2400 fuerit
3195 2329 3418 2383 macula
3467 2333 3517 2384 et
3573 2329 3792 2395 vitium,
3851 2343 3961 2384 non
4015 2328 4236 2384 accedat
4291 2329 4496 2399 oﬁerre

2849 2408 2990 2463 dona
3016 2411 3274 2464 Domino.
3312 2409 3381 2463 Et
3409 2425 3681 2463 rursum:
3718 2407 4033 2464 Sacerdotes
4080 2409 4179 2480 qui
4233 2408 4497 2464 accedunt

2847 2496 2917 2552 ad
2949 2498 3242 2552 Dominum
3271 2498 3459 2564 Deum,
3499 2505 3561 2553 ut
3595 2497 3926 2567 sacriﬁcent,
3977 2496 4172 2552 mundi
4225 2496 4364 2565 sint,
4420 2513 4494 2554 ne

2848 2587 2992 2660 forte
3020 2586 3368 2658 derelinquat
3402 2602 3489 2641 eos
3545 2587 3824 2642 Dominus.
3885 2586 3951 2640 Et
4011 2585 4069 2640 in
4127 2585 4369 2641 eodem:
4429 2587 4502 2642 Et

2849 2692 2972 2730 cum
3001 2676 3262 2731 accedunt
3289 2677 3619 2731 ministrare
3647 2679 3858 2740 sancta,
3883 2691 3995 2730 non
4024 2674 4301 2732 adducant
4319 2676 4379 2729 in
4436 2691 4497 2730 se

2847 2765 3124 2831 delictum,
3148 2780 3217 2818 ne
3245 2766 3572 2820 moriantur.
3599 2769 3664 2819 Et
3694 2763 3880 2820 multa
3904 2763 4051 2833 alia,
4102 2780 4228 2835 quas
4287 2779 4494 2836 perse-

2845 2854 2946 2924 qui
2986 2852 3282 2908 inﬁnitum
3313 2857 3422 2922 est,
3453 2853 3648 2909 studio
3670 2853 3775 2925 (Al.
3811 2853 3914 2908 sed
3945 2852 4162 2923 studio]
4191 2851 4494 2908 brevitatis

2844 2942 3070 2998 omitto.
3095 2942 3293 3014 Neque
3324 2941 3479 2997 enim
3511 2959 3795 2997 numerus
3842 2940 4335 3007 testimoniorum,
4386 2941 4494 2996 sed

2845 3030 3161 3087 auctoritas
3196 3029 3365 3084 valet.
3428 3030 3507 3084 Ex
3556 3031 3770 3101 quibus
3829 3028 4178 3095 ostenditur,
4240 3045 4340 3086 vos
4386 3044 4494 3101 per

1081 3115 1278 3186 jectus
1307 3116 1484 3187 foras,
1508 3120 1705 3190 jacere
1735 3121 1973 3178 deberet
2003 3124 2059 3178 in
2101 3130 2371 3190 stercore,
2427 3107 2469 3181 εξ
2507 3107 2733 3184 cadetis
2760 3107 2806 3177 C
2847 3120 3142 3175 modicum
3174 3119 3525 3174 fermentum
3560 3122 3737 3173 totam
3769 3117 4036 3178 Ecclesia:
4063 3134 4322 3174 massam
4361 3133 4493 3173 cor-

1095 3201 1434 3260 hominibus
1465 3207 1918 3278 conculcandus,
1960 3227 2138 3282 super
2162 3211 2433 3268 altarium
2464 3215 2731 3285 reponis!

1094 3291 1165 3346 Et
1221 3292 1321 3347 ubi
1375 3293 1484 3349 erit
1539 3294 1683 3351 illud
1733 3298 1992 3369 Apostoli
2050 3307 2435 3372 praeceptum:
2519 3302 2739 3373 Oportet

1092 3382 1404 3452 episcopum
1441 3399 1559 3440 esse
1613 3386 1733 3441 sine
1781 3388 2039 3455 crimine,
2109 3393 2270 3460 quasi
2313 3390 2739 3462 dispensatorem

1087 3467 1190 3523 Dei
1217 3468 1338 3536 (Tit.
1376 3487 1414 3538 Ι,
1441 3469 1518 3542 7).
1554 3471 1620 3526 Et
1677 3472 1933 3528 iterum:
1983 3477 2179 3532 Probet
2235 3481 2415 3533 autem
2447 3495 2501 3534 se
2564 3496 2735 3535 unus-

1087 3557 1316 3628 quisque
1347 3563 1396 3613 et
1433 3562 1512 3614 sic
1541 3562 1759 3617 accedat
1787 3563 1931 3630 (Cor.
1949 3581 2025 3619 IX.
2085 3567 2222 3637 58)?
2273 3567 2378 3622 Ubi
2435 3568 2738 3625 Dominica

1091 3644 1456 3702 denuntiatio
1514 3654 1640 3705 est:
1727 3651 1802 3707 Ne
1857 3655 2076 3708 miseris
2132 3658 2468 3726 margaritas
2538 3665 2740 3713 vestras

1095 3733 1204 3804 [ΑΙ.
1236 3737 1556 3792 miserimus
1585 3744 1642 3794 et
1678 3743 1897 3812 nostra]
1955 3751 2081 3798 ante
2131 3759 2318 3814 porcos
2375 3745 2582 3814 (Matth.
2633 3765 2737 3814 vn,

1096 3822 1215 3892 6.)?
1246 3825 1407 3888 Quod
1440 3826 1490 3880 si
1511 3826 1582 3881 de
1615 3829 1890 3884 omnibus
1920 3831 2268 3903 generaliter
2295 3834 2517 3890 dictum
2568 3834 2735 3890 intel-

1092 3909 1252 3982 ligis,
1281 3918 1498 3983 quanto
1523 3917 1710 3986 magis
1743 3918 1813 3972 de
1847 3919 2249 3976 sacerdotibus
2298 3925 2736 3992 praecavendum

1095 4001 1343 4066 est,cum
1377 4000 1554 4056 etiam
1572 4003 1642 4058 de
1663 4003 1830 4061 laicis
1861 4006 1944 4062 sic
1973 4012 2226 4064 cavetur.
2251 4010 2356 4081 (Al.
2392 4011 2733 4081 habeatur)!

1091 4084 1456 4156 Seperamini,
1487 4087 1679 4160 inquit
1707 4093 1990 4150 Dominus
2020 4111 2122 4166 per
2155 4096 2433 4168 Molsem,
2465 4115 2499 4152 a
2557 4100 2736 4153 taber-

1090 4173 1310 4228 naculis
1358 4176 1592 4232 istorum
1648 4179 1933 4236 hominum
1985 4183 2424 4251 durissimorum,
2473 4194 2524 4241 et
2566 4186 2741 4242 nolite

1091 4264 1248 4330 tangi
1274 4262 1342 4319 ab
1372 4267 1629 4322 omnibus
1652 4268 1673 4302 ³
1702 4285 1829 4339 quae
1856 4280 1984 4327 sunt
2011 4289 2218 4339 eorum,
2235 4289 2303 4328 ne
2319 4275 2488 4328 simul
2505 4276 2740 4345 pereatis

1094 4353 1153 4405 in
1168 4356 1386 4421 peccato
1445 4371 1636 4412 eorum
1683 4359 1863 4428 (Num.
1923 4377 2038 4425 xw,
2097 4362 2208 4431 26).
2264 4362 2330 4416 Et
2381 4378 2618 4417 rursum
2677 4364 2738 4419 in

2846 3207 3094 3280 rupisse,
3127 3212 3185 3262 et
3214 3207 3285 3262 de
3314 3208 3443 3278 ejus
3464 3223 3642 3261 manu
3673 3205 3848 3261 hodie
3877 3205 4301 3262 Eucharistiam
4343 3205 4496 3262 acci-

2847 3312 3002 3369 pere,
3035 3312 3210 3367 quem
3235 3295 3360 3351 heri
3391 3295 3561 3367 quasi
3594 3294 3817 3350 idolum
3848 3294 4222 3366 despuebatis
4244 3296 4284 3350 ⁵.

2915 3386 2969 3439 6.
3005 3384 3354 3455 Sacriﬁcium
3390 3385 3450 3438 in
3502 3384 3764 3439 Ecclesia.
3818 3382 4065 3438 Christus
4121 3384 4340 3439 lavacro
4387 3400 4492 3441 suo

2846 3473 3136 3528 mandavit
3164 3488 3350 3544 aquas.
3382 3503 3449 3511 --
3472 3472 3532 3527 0.
3566 3470 3751 3527 Multa
3781 3471 4020 3543 quidem
4051 3471 4123 3527 de
4149 3470 4332 3527 sacris
4362 3471 4484 3527 Vo-

2844 3561 3167 3617 luminibus
3184 3561 3519 3617 memoriter
3546 3559 3892 3632 copioseque
3930 3559 4158 3616 dixisti:
4192 3559 4293 3614 sed
4353 3575 4493 3616 cum

2845 3657 3034 3707 totum
3065 3649 3425 3706 circumieris
3455 3649 3692 3716 saltum,
3725 3647 3870 3704 meis
3929 3647 4194 3704 cassibus
4251 3647 4493 3704 conclu-

2847 3741 3001 3796 deris
3044 3742 3196 3811 [mss.
3228 3738 3490 3796 Cluderis
3509 3738 3592 3794 vel
3622 3737 3957 3808 clauderis].
4008 3737 4096 3793 Sit
4145 3736 4383 3809 quippe,
4421 3741 4491 3793 ut

2846 3831 2954 3898 vis,
2985 3830 3332 3884 Arianorum
3365 3828 3674 3899 episcopus
3705 3826 3891 3882 hostis
3923 3825 4162 3893 Christi,
4196 3825 4275 3881 sit
4330 3825 4483 3881 infa-

2844 3924 3076 3974 tuatum
3099 3917 3207 3984 sal,
3239 3917 3318 3972 sit
3347 3915 3586 3972 lucerna
3605 3915 3733 3971 sine
3762 3913 4122 3989 igniculo,sit
4141 3912 4491 3971 oculussine

2846 4006 3104 4079 pupilla:
3142 4021 3352 4077 nempe
3381 4021 3446 4060 eo
3479 4004 3798 4076 pervenies,
3832 4008 3894 4059 ut
3924 4001 4098 4058 salire
4130 4020 4244 4059 non
4275 4003 4490 4074 possit,

2847 4096 2946 4167 qui
2979 4095 3063 4150 sal
3094 4094 3219 4165 ipse
3248 4110 3360 4148 non
3397 4091 3646 4148 habeat:
3679 4109 3794 4147 non
3825 4091 4116 4147 illuminat
4157 4107 4492 4158 ctecus,non

2849 4183 3128 4238 accendat
3170 4182 3511 4238 exstinctus.
3543 4181 3627 4236 Tu
3661 4185 3856 4237 autem
3905 4197 4036 4236 cum
4067 4180 4366 4236 conditum
4419 4180 4496 4235 ab

2845 4288 2910 4327 eo
2929 4272 3126 4327 cibum
3150 4269 3833 4341 devores,curiusulsum
3859 4268 4055 4342 arguis
4087 4267 4448 4325 conditorem
4470 4266 4500 4322 ?

2851 4361 2934 4416 De
2969 4359 3228 4432 igniculo
3260 4361 3389 4431 ejus
3437 4358 3694 4415 Ecclesia
3733 4364 3835 4414 tua
3893 4358 4066 4425 lucet,
4089 4362 4147 4413 et
4193 4356 4497 4413 lucernam

1092 4439 1402 4541 duodecim
1453 4445 1799 4516 Prophetis:
1861 4448 2145 4518 Sacriﬁcia
2203 4465 2394 4504 eorum
2475 4455 2740 4522 tanquam
2772 4475 2820 4541 D
2851 4452 2980 4521 ejus
3014 4451 3161 4504 I17
3197 4448 3525 4503 criminaris
3557 4447 3942 4502 exstinctam?
3971 4444 4188 4502 Oculus
4217 4444 4319 4499 tibi
4355 4461 4502 4516 prae-

1094 4528 1260 4596 panis
1285 4528 1460 4585 luctus
1479 4549 1499 4592 ,·
1529 4548 1715 4588 omnes
1773 4537 1871 4604 qui
1924 4535 2343 4605 manducantea,
2399 4543 2745 4597 contamina-

1097 4613 1307 4670 buntur
1351 4618 1505 4685 (Osee
1546 4638 1623 4688 1x,
1674 4623 1748 4694 4).
1810 4624 1880 4677 Et
1926 4624 1985 4678 in
2043 4625 2352 4698 Evangelio
2411 4629 2731 4687 Dominus:

1094 4708 1364 4775 Lucerna,
1400 4707 1611 4781 inquit,
1644 4715 1886 4784 corporis
1904 4718 1982 4770 est
2013 4716 2218 4781 oculus,
2251 4715 2308 4770 id
2367 4722 2475 4783 est,
2534 4719 2731 4775 Eccle-

1099 4797 1198 4852 siae
1245 4795 1444 4854 lumen
1501 4805 1590 4856 est
1641 4801 1974 4874 episcopus.
2033 4806 2097 4860 Si
2145 4814 2328 4861 autem
2381 4806 2579 4863 oculus
2620 4813 2744 4863 tuus

1096 4891 1333 4963 simplex
1350 4899 1450 4960 est,
1473 4899 1649 4946 totum
1675 4907 1868 4964 corpus
1897 4895 2052 4948 tuum
2101 4893 2346 4950 lucidum
2387 4898 2493 4952 erit
2527 4897 2740 4966 (Matth.

1099 4994 1175 5048 vr,
1205 4979 1319 5049 22).
1357 4981 1666 5037 Sacerdote
1688 4981 1842 5037 enim
1881 4982 2055 5037 tidem
2113 5000 2308 5039 veram
2373 4986 2740 5057 praedicante,

1177 5121 1343 5196 ‘alio
1368 5140 1545 5180 sensu
1602 5141 1708 5196 nec
1752 5124 1986 5196 penitus
2039 5125 2258 5193 inutili,
2316 5131 2480 5184 vetus
2544 5127 2741 5195 editio,

1107 5193 1447 5317 gat/laverit,
1480 5202 1538 5250 et
1560 5195 1734 5266 paulo
1752 5193 1908 5268 post,
1938 5199 2286 5290 consequitur
2336 5201 2570 5267 veniam,
2628 5193 2741 5267 ubi,

1111 5334 1207 5460 m;
1213 5331 1466 5458 1sagaque
1493 5337 1556 5391 de
1582 5334 1689 5408 legi
1743 5337 1800 5391 in
1841 5339 2085 5394 vetustis
2139 5341 2438 5397 codicibus
2499 5341 2744 5399 Gravius

1181 5476 1203 5510 ³
1232 5473 1476 5531 Gravius
1503 5477 1690 5556 activa
1747 5478 1934 5556 l‘prma
1965 5482 2211 5556 mavult
2265 5493 2524 5556 tangere:
2585 5487 2744 5542 textu

1107 5548 1382 5630 ptroque,
1415 5548 1632 5609 nedum
1658 5547 1864 5608 Latino
1892 5549 2223 5628 interprete,
2255 5547 2672 5618 consentiente.

2852 4541 2969 4606 bet,
3001 4544 3056 4595 et
3081 4554 3266 4593 caecus
3293 4551 3354 4594 es
3375 4537 3402 4591 ?
3431 4534 3812 4593 Quamobrem
3845 4551 3944 4592 oro
3973 4538 4046 4603 te,
4082 4537 4149 4589 ut
4173 4538 4274 4589 aut
4311 4533 4500 4590 sacri-

2853 4628 3067 4684 ﬁcandi
3100 4627 3150 4682 ei
3170 4626 3469 4682 licentiam
3486 4625 3908 4696 tribuas,cujus
3939 4623 4233 4696 baptisma
4256 4622 4494 4694 probas:

2853 4722 2952 4773 aut
2983 4717 3258 4789 reprobes
3287 4717 3415 4786 ejus
3461 4714 3774 4787 baptisma,
3829 4729 4004 4785 quem
4044 4729 4161 4769 non
4193 4711 4502 4768 existimas

2855 4806 3235 4862 sacerdotem.
3269 4805 3467 4876 Neque
3497 4803 3651 4859 enim
3711 4802 3833 4857 ﬁeri
3884 4805 4098 4874 potest,
4155 4805 4218 4855 ut
4276 4799 4375 4872 qui
4437 4799 4503 4854 in

2853 4894 3204 4966 baptismate
3233 4896 3254 4928 δ
3286 4897 3526 4948 sanctus
3553 4894 3660 4961 est,
3694 4891 3771 4947 sit
3800 4891 3953 4962 apud
3987 4889 4167 4945 altare
4205 4891 4500 4960 peccator.

2853 4986 2912 5038 L.
2938 4983 3048 5039 Sed
3105 4999 3209 5056 ego
3233 4982 3446 5054 recipio
3474 4981 3689 5036 laicum
3721 4979 4099 5051 poenitentem
4151 4994 4252 5050 per
4283 4993 4507 5033 manus

2924 5128 3039 5181 l’In
3059 5125 3237 5181 veteri
3289 5124 3447 5179 edit:
3504 5123 3609 5191 Qui
3665 5124 3725 5178 in
3781 5121 3937 5178 domo
3988 5127 4135 5176 sunt.
4194 5121 4509 5175 Lucernam

2861 5201 3009 5255 enim
3040 5198 3135 5252 hoc
3164 5200 3260 5262 est,
3291 5197 3431 5250 Deus
3461 5196 3706 5250 scientia?
3734 5211 3844 5248 sum
3874 5193 4199 5262 igniculum,
4233 5194 4344 5246 etc.

2925 5272 2944 5304 ⁵
2973 5261 3265 5323 Victorius
3287 5265 3517 5333 maluit,
3551 5266 3712 5321 iuxta
3729 5264 4029 5320 Brixianos
4048 5263 4298 5328 codices,
4331 5261 4513 5329 Quasi

2854 5341 3200 5396 idololatram
3224 5338 3582 5406 respuebatzs.

2923 5409 3118 5466 6Alias
3160 5413 3282 5464 erat
3309 5404 3370 5464 in
3401 5408 3732 5481 baptisteria,
3766 5408 3922 5480 quod
3944 5404 4274 5480 elegantius
4329 5404 4513 5462 altari

2851 5481 3185 5558 opponitur.
