5364 6558
276 106 393 167 169

1285 106 1681 172 DIALOGUS
1727 57 2045 172 COliltl‘RA
2089 109 2689 175 LUCIFERIANOS.

3509 123 3525 176 .'
3572 115 3688 178 1⁷10

273 236 726 309 impositionem,
795 242 853 293 et
909 238 1330 295 invocationem
1399 239 1652 312 Spiritus
1709 241 1916 309 sancti,
1950 239 2004 306 Α
2033 240 2091 296 in
2125 257 2250 297 eam
2283 237 2637 301 Sententiam
2668 244 2894 318 loquar,
2927 246 3214 312 ausculta,
3242 247 3414 316 juxta
3442 261 3684 303 sensum

226 356 228 358 -
273 326 460 381 sciens
481 327 561 382 ab
607 326 900 382 haereticis
930 328 1216 398 Spiritum
1265 332 1538 384 sanctum
1588 346 1704 384 non
1746 346 1922 400 posse
2029 335 2220 398 tuum,
2298 337 2519 403 quanta
2591 334 3027 406 Scripturarum
3103 334 3358 390 turbatio
3434 335 3675 391 oriatur.

269 415 536 470 conferri.
569 415 629 471 0.
659 415 876 471 Omnes
908 417 1372 488 propositionum
1420 422 1749 472 vestrarum
1802 418 1920 473 eal-

267 502 350 559 les
379 505 456 558 ad
501 521 684 558 unum
731 506 1060 576 compitum
1107 506 1433 568 conﬂuunt,
1485 510 1541 560 et
1573 506 1916 577 pavidorum

221 622 235 628 -
267 607 426 647 more
477 608 799 660 cervorum,
857 594 1002 648 dum
1049 610 1227 650 vanos
1273 596 1638 664 pennarum1
1686 595 1916 650 evitatis

2030 427 2176 488 Quid
2209 432 2297 483 est
2329 429 2454 494 hoc,
2489 431 2642 502 quod
2673 431 2930 487 Joannes
2961 431 3019 486 in
3055 431 3401 503 baptismate
3423 449 3527 488 suo
3550 432 3683 489 aliis

2028 515 2310 586 Spiritum
2365 524 2635 574 sanctum
2692 521 2829 575 dare
2879 538 2993 575 non
3051 520 3260 590 potuit,
3320 520 3416 591 qui
3450 519 3679 576 Christo

2027 603 2224 657 dedit?
2252 604 2320 658 Et
2351 604 2481 676 quis
2512 611 2601 662 est
2647 607 2754 662 iste
2785 611 3040 663 Joannes
3066 612 3090 663 Ρ
3125 610 3232 663 V0.1:
3289 609 3577 662 clamantis
3621 611 3682 663 in

264 679 506 746 volatus,
539 680 879 736 fortissimis
912 683 1131 738 retibus
1153 681 1561 754 implicamini.
1605 682 1749 738 Nam
1781 700 1915 738 cum
2023 690 2247 758 deserto,
2298 709 2382 762 pa:

1613 682 1749 776 Nam
1781 700 1915 738 cum
2023 690 2247 758 deserto,
2298 702 2489 762 parate
2531 697 2680 750 viam
2729 697 2992 752 Domini:
3039 701 3213 752 rectas
3253 698 3424 766 facite
3461 699 3681 752 semitas
3718 761 3731 776 _

255 767 311 822 in
343 768 513 823 Patre
541 773 602 823 et
634 768 782 824 Filio
799 774 861 824 et
889 769 1107 842 Spiritu
1135 775 1339 826 sancto
1361 771 1689 842 baptizatus
1715 771 1910 840 homo,

213 855 544 926 -templum
576 856 814 912 Domini
866 857 989 922 ﬁat,
1036 874 1172 913 cum
1214 858 1390 914 veteri
1442 860 1561 914 inde
1592 860 1910 933 destructa,

251 961 470 1002 novum
519 945 831 1001 Trinitatis
878 945 1188 1002 delubrum
1237 947 1573 1014 aedificetur,
1620 950 1911 1020 quomodo

215 1035 416 1100 adicis,
447 1034 580 1090 sine
629 1035 881 1090 adventu
929 1033 1183 1106 Spiritus
1233 1036 1420 1091 sancti
1471 1037 1626 1108 apud
1666 1038 1910 1092 Arianos

249 1128 490 1196 peccata
515 1138 691 1194 posse
722 1122 982 1178 dimitti?
1012 1122 1312 1186 Quomodo
1343 1123 1604 1196 antiquis
1637 1125 1908 1181 sordibus

247 1212 450 1266 anima
480 1214 772 1283 purgatur
801 1227 928 1282 qua:
959 1216 1228 1267 sanctum
1253 1228 1367 1267 non
1387 1211 1565 1268 habet
1585 1212 1866 1283 Spiritum
1882 1213 1910 1267 '?

245 1299 444 1371 Neque
494 1297 654 1354 enim
700 1315 856 1371 aqua
902 1298 1056 1355 lavat
1101 1301 1382 1367 animam,
1436 1302 1538 1356 sed
1589 1301 1750 1373 prius
1781 1303 1908 1374 ipsa

244 1386 475 1444 lavatur
500 1404 539 1442 a
566 1386 814 1459 Spiritu,
846 1393 910 1442 ut
937 1387 1086 1444 alios
1117 1388 1311 1445 lavare
1342 1389 1730 1461 spiritualiter
1768 1409 1907 1462 pos-

242 1476 315 1531 sit
345 1476 620 1548 Spiritus,
653 1476 850 1547 inquit
879 1476 1126 1548 Moyses,
1176 1479 1396 1534 Domini
1441 1479 1722 1548 ferebatur
1746 1495 1908 1550 super

239 1564 619 1671 aquasque?
645 1565 823 1671 01:3,)
875 1565 973 1671 Ex.
1015 1582 1132 1671 ῳιὲ
1174 1573 1426 1671 apparet
1464 1567 1901 1671 baptisma‘non
1933 1603 1979 1667 B

239 1671 366 1710 esse
396 1653 529 1709 sine
557 1652 782 1725 Spiritu
816 1657 1038 1721 saneto,
1090 1654 1377 1710 Bethesda
1405 1656 1427 1688 ²
1473 1654 1638 1711 lacus
1667 1655 1900 1723 Judaeez,

239 1743 354 1797 nisi
398 1758 506 1814 per
552 1742 874 1798 adventum
925 1742 1139 1814 angeli,
1193 1742 1495 1798 debilitata
1525 1743 1904 1815 corporaliter

241 1832 515 1886 membra
541 1846 751 1888 sanare
781 1847 900 1886 non
934 1834 1196 1902 poterat:
1227 1835 1285 1886 et
1313 1835 1376 1886 tu
1409 1831 1553 1886 mihi
1585 1847 1739 1902 aqua
1765 1833 1902 1888 sim-

246 1919 410 1992 plici,
465 1919 626 1990 quasi
672 1919 745 1974 de
795 1918 1002 1976 balneo
1053 1919 1315 1977 animam
1368 1918 1546 1976 lotam
1571 1921 1901 1991 producis?

241 2010 372 2080 Ipse
405 2007 692 2062 Dominus
723 2012 926 2064 noster
952 2007 1124 2063 Jesus
1155 2007 1446 2072 Christus,
1481 2008 1580 2078 qui
1630 2024 1746 2063 non
1779 2013 1896 2063 tam

237 2096 566 2152 mundatus
598 2100 689 2150 est
737 2094 987 2162 lavacro,
1021 2112 1198 2166 quam
1246 2095 1306 2150 in
1340 2094 1572 2151 lavacro
1624 2113 1732 2152 suo
1764 2097 1900 2152 uni-

236 2201 435 2241 versas
470 2201 658 2256 aquas
692 2185 1020 2250 mundavit,
1052 2183 1250 2239 statim
1282 2188 1346 2238 ut
1367 2187 1542 2254 caput
1593 2183 1799 2240 extulit
1829 2185 1900 2240 de

237 2275 486 2337 ﬂuento,
513 2271 803 2343 Spiritum
838 2277 1107 2329 sanctum
1147 2270 1407 2342 accepit,
1436 2288 1550 2325 non
1597 2273 1750 2343 quod
1785 2290 1899 2326 un-

233 2379 411 2435 quam
462 2361 596 2418 sine
645 2359 867 2431 Spiritu
919 2363 1120 2416 sancto
1159 2359 1351 2426 fuerit,
1401 2359 1617 2431 quippe
1674 2361 1772 2431 qui
1827 2361 1899 2415 de

224 2451 455 2524 Spiritu
517 2453 726 2504 saneto
793 2448 854 2503 in
921 2464 1095 2504 carne
1162 2451 1336 2502 natus
1403 2452 1528 2502 est:
1596 2449 1696 2504 sed
1749 2448 1898 2504 util-

233 2540 323 2596 lud
385 2538 570 2595 nobis
635 2542 1066 2593 monstraretur
1131 2553 1333 2592 verum
1395 2553 1523 2591 esse
1584 2536 1897 2608 baptisma,

234 2645 343 2700 quo
371 2625 639 2699 Spiritus
687 2630 932 2682 sanctus
965 2625 1252 2680 adveniat.
1305 2623 1490 2696 Igitur
1534 2623 1581 2678 si
1612 2624 1899 2679 Arianus3

234 2718 517 2790 Spiritum
589 2719 863 2771 sanctum
942 2731 1057 2770 non
1125 2717 1314 2785 potest
1384 2713 1543 2781 dare,
1614 2729 1684 2767 ne
1751 2714 1895 2786 bap-

235 2807 413 2861 tizare
447 2803 693 2875 quidem
726 2807 919 2874 potest
965 2801 1102 2873 quia
1132 2800 1397 2858 Ecclesiae
1447 2800 1740 2872 baptisma
1771 2801 1898 2857 sine

241 2893 460 2966 Spiritu
503 2895 714 2948 sancto
760 2889 990 2946 nullum
1043 2895 1154 2946 est.
1222 2889 1396 2956 178.
1444 2888 1524 2943 Tu
1574 2904 1706 2943 vero
1762 2905 1894 2944 cum

2025 791 2134 843 Dei
2161 793 2338 845 nostri
2368 793 2494 859 (Isa.
2528 809 2603 858 x1,
2637 795 2670 846 3
2695 811 2708 861 ;
2732 794 2916 849 Matth.
2948 812 3032 859 III,
3054 796 3134 862 3).
3159 794 3262 850 Ille
3285 795 3381 866 qui
3415 794 3676 850 dicebat:

2020 878 2152 932 Ecce
2206 879 2389 948 Agnus
2443 881 2543 934 Dei
2596 898 2714 936 ecce
2789 886 2887 955 qui
2942 883 3085 938 tollit
3136 887 3420 954 peccatum
3484 884 3677 939 mundi

2021 957 2202 1026 (Joan.
2245 983 2283 1032 ι,
2315 967 2449 1036 29);
2479 967 2676 1023 minus
2705 970 2855 1039 dico,
2889 969 2985 1024 ille
3031 971 3129 1040 qui
3170 987 3238 1025 ex
3277 971 3481 1026 matris
3513 976 3677 1027 utero

2020 1060 2345 1118 clamabat:
2377 1066 2440 1119 Et
2469 1065 2611 1120 unde
2639 1065 2740 1122 hoc
2785 1068 2944 1134 mihi,
2977 1072 3044 1122 ut
3088 1074 3268 1124 mater
3300 1071 3523 1124 Domini
3566 1071 3678 1125 mei

2016 1151 2202 1205 veniat
2223 1151 2290 1204 ad
2319 1168 2406 1207 me
2434 1153 2583 1223 (Luc.
2609 1171 2648 1217 I,
2684 1154 2778 1224 43)
2799 1155 2826 1209 ?
2848 1155 3128 1226 Spiritum
3153 1160 3420 1211 sanctum
3445 1173 3558 1212 non
3577 1157 3671 1212 de-

2019 1238 2103 1292 dit
2132 1239 2264 1308 (Act.
2325 1240 2498 1311 VIII)?
2556 1258 2729 1312 quem
2789 1244 3049 1299 Ananiae
3107 1244 3284 1300 Paulo
3342 1245 3498 1299 dedit
3529 1245 3669 1315 (Act.

2019 1328 2147 1396 Ix)?
2193 1328 2485 1383 Audacter
2533 1330 2772 1385 forsitan
2822 1332 3021 1387 videar
3066 1332 3348 1388 Joannem
3399 1334 3671 1404 praeferre

2016 1424 2261 1480 cunctis.
2319 1426 2465 1480 Audi
2527 1427 2840 1484 Dominum
2893 1429 3263 1502 loquentem:
3324 1432 3436 1485 Non
3491 1434 3567 1486 est
3613 1433 3672 1486 in

2013 1514 2160 1566 natis
2191 1515 2495 1569 mulierum
2543 1519 2726 1586 major
2776 1520 2983 1573 Joanne
3037 1519 3284 1588 Baptista
3333 1518 3548 1589 (Matth.
3591 1535 3669 1588 XI,

2157 1601 2312 1656 Nulli
2368 1604 2525 1658 enim
2575 1605 2820 1676 contigit
2869 1605 3312 1677 prophetarum,
3352 1611 3409 1660 et
3446 1623 3672 1660 annun-

2008 1688 2153 1744 tiare
2185 1689 2503 1759 Christum,
2539 1695 2594 1746 et
2623 1692 2806 1764 digito
2836 1693 3255 1748 demonstrare.
3297 1694 3366 1748 Et
3396 1693 3533 1765 quid
3558 1694 3665 1749 mi-

2007 1775 2068 1831 hi
2109 1793 2344 1833 necesse
2376 1783 2465 1834 est
2495 1780 2553 1833 in
2588 1779 2722 1835 talis
2752 1780 2858 1834 viri
2881 1779 3156 1835 laudibus
3178 1782 3500 1850 immorari,
3526 1799 3660 1838 cum

2009 1899 2042 1936 θ,
2098 1875 2214 1930 Deo
2271 1876 2436 1931 Patre
2496 1876 2672 1931 etiam
2731 1876 2972 1947 angelus
3049 1879 3471 1950 nuncupetur‘?
3535 1880 3666 1935 Ecce

2007 1962 2218 2034 inquit,
2253 1966 2408 2018 mitto
2430 1966 2685 2033 angelum
2713 1983 2897 2020 meum
2937 1974 3062 2021 ante
3088 1968 3291 2037 faciem
3347 1972 3516 2037 tuam,
3568 1971 3667 2040 qui

2001 2055 2341 2124 praeparabit
2371 2056 2518 2108 viam
2548 2059 2700 2108 tuam
2729 2058 2854 2110 ante
2884 2063 2931 2110 te
2961 2055 3118 2126 (Ibid.
3175 2056 3282 2127 10).
3349 2055 3524 2111 Plane
3555 2074 3660 2117 an-

2007 2139 2224 2211 gelum,
2258 2142 2355 2212 qui
2392 2146 2522 2212 post
2555 2143 2802 2196 materni
2852 2143 3071 2197 ventris
3125 2143 3448 2214 hospitium
3479 2144 3660 2198 eremi

2007 2227 2236 2282 deserta
2268 2231 2544 2295 sectatus,
2598 2227 2873 2299 parvulus
2913 2229 2985 2283 de
3035 2228 3404 2300 serpentibus
3445 2230 3658 2299 lusit‘;

2008 2323 2108 2394 qui
2141 2323 2333 2378 oculis
2368 2325 2519 2379 I79
2551 2325 2953 2396 spectantibus
2983 2324 3302 2392 Christum,
3330 2325 3472 2379 nihil
3502 2325 3661 2381 aliud

2007 2416 2095 2466 est
2127 2411 2409 2484 dignatus
2452 2415 2746 2484 aspicere:
2800 2413 2900 2484 qui
2948 2413 3198 2485 eloquiis
3247 2412 3498 2481 Domini,
3533 2430 3659 2485 quae

2009 2498 2178 2555 melle
2228 2505 2284 2555 et
2327 2485 2458 2556 ‘t‘avo
2506 2500 2768 2556 dulciora
2816 2506 2975 2570 sunt,
3029 2502 3266 2574 dignam
3317 2501 3432 2558 Deo
3462 2519 3658 2558 vocem

2007 2589 2276 2644 erudivit.
2311 2590 2468 2645 Etne
2500 2590 2884 2661 quaestionem
2916 2608 3128 2655 morer,
3161 2590 3244 2644 sic
3275 2590 3504 2646 dicebat
3535 2608 3655 2645 cre-

2007 2693 2165 2731 scere
2197 2676 2614 2732 Prmeursorem
2649 2677 2900 2731 Domini.
2933 2678 3043 2732 Iste
3074 2694 3210 2749 ergo
3260 2676 3394 2731 talis
3431 2682 3655 2732 tantus-

2007 2783 2120 2836 que
2149 2765 2428 2837 Spiritum
2460 2771 2728 2820 sanetum
2760 2783 2874 2820 non
2924 2765 3101 2831 dedit,
3149 2781 3322 2836 quem
3355 2764 3653 2820 Cornelius

2005 2863 2268 2918 centurio
2298 2867 2612 2934 antequam
2640 2864 3052 2935 baptizaretur,
3086 2862 3308 2933 accepit
3329 2861 3358 2916 Ἰ
3401 2863 3654 2934 Respon-

239 2950 599 3053 haptizatnm
629 2979 705 3034 ab
735 2994 802 3036 eo
833 2977 1101 3050 recipias,
1151 2980 1210 3031 et
1233 2953 1454 3048 postea
1501 2974 1730 3031 invoces
1761 2977 1887 3048 Spi-
1921 2963 1963 3030 C
2004 2951 2485 3053 get-qli3350'_cur
2529 2969 2641 3053 "f3"
2668 2951 2950 3053 Pedcrlt?
3001 2952 3280 3053 ἱετξονδεῗ
3327 2950 3477 3053 Αιξάί
3510 2951 3650 3022 (ἰυίά
3746 3009 3754 3012 -

241 3072 417 3126 ritum
482 3071 781 3131 sanetum,
830 3071 933 3121 aut
975 3065 1268 3138 baptizare
1307 3081 1443 3120 eum
1502 3065 1702 3132 debes,
1756 3067 1895 3137 quia

235 3159 364 3215 sine
407 3157 639 3229 Spiritu
698 3159 902 3214 sancto
951 3171 1066 3210 non
1121 3153 1309 3225 potuit
1355 3153 1670 3224 baptizari:
1705 3160 1807 3210 aut
1845 3156 1894 3211 si

242 3251 332 3302 est
357 3246 693 3316 baptizatus
713 3244 772 3298 in
801 3241 1045 3314 Spiritu,
1104 3241 1308 3297 desine
1354 3241 1406 3296 ei
1457 3242 1724 3298 invocare
1764 3243 1892 3316 Spi-

246 3334 451 3396 ritum.
479 3348 647 3403 quem
678 3337 819 3388 tunc
850 3347 986 3386 cum
1018 3330 1434 3401 baptizaretur,
1467 3330 1708 3402 accepit.

317 3423 376 3474 7.
411 3419 552 3487 Quid
575 3422 642 3474 ad
667 3437 855 3476 verum
887 3419 1158 3491 baptisma
1193 3420 1620 3474 necessarium?
1672 3419 1898 3474 Joannis

235 3511 523 3581 baptisma
576 3509 749 3581 quid?
793 3508 927 3563 Sine
973 3507 1184 3579 Spiritu
1230 3516 1414 3563 sancto
1461 3508 1676 3561 nultum
1719 3507 1895 3578 bapti-

235 3615 355 3654 sma
388 3600 584 3655 Verum
627 3607 679 3654 et
726 3599 1045 3670 legitimum
1092 3596 1348 3652 Ecclesia:
1395 3597 1680 3667 baptisma.
1733 3627 1800 3634 —
1835 3596 1892 3650 L.

236 3686 488 3744 Obsecro
520 3691 597 3751 te,
631 3701 826 3740 nonne
857 3683 1051 3753 legisti
1081 3683 1141 3738 in
1188 3684 1428 3739 Actibus
1477 3682 1893 3754 apostolorum,

235 3791 333 3831 eos
364 3774 467 3846 qui
511 3775 642 3846 jam
694 3791 728 3828 a
765 3773 990 3829 Joanne
1037 3772 1312 3844 baptizati
1363 3771 1614 3836 fuerant,
1665 3788 1799 3828 cum
1827 3775 1893 3828 ad

237 3861 760 3935 interrogationem
791 3860 1054 3933 Apostoli
1083 3861 1545 3933 respondissent,
1581 3877 1641 3915 se
1665 3876 1769 3916 nec
1800 3877 1899 3916 au-

234 3953 354 4008 ditu
407 3951 656 4023 quidem
708 3950 1064 4022 comperisse
1093 3950 1235 4020 quid
1281 3953 1435 4005 esset
1462 3949 1713 4020 Spiritus
1761 3966 1895 4005 san-

236 4045 383 4106 ctus,
417 4043 631 4111 postea
662 4038 844 4093 fuisse
881 4037 1164 4109 Spiritum
1209 4042 1477 4094 sanctum
1513 4037 1900 4092 consecutos?

243 4127 398 4185 Unde
433 4126 822 4186 manifestum
852 4129 941 4182 est
986 4142 1156 4198 posse
1205 4125 1463 4198 aliquem
1513 4125 1816 4198 baptizari,
1843 4129 1901 4179 et

237 4222 431 4273 tamen
460 4233 585 4273 non
617 4215 833 4271 habere
860 4215 1143 4287 Spiritum
1177 4221 1468 4271 sanctum.
1501 4215 1560 4270 0.
1613 4215 1737 4270 Non
1779 4220 1896 4269 tam

236 4304 543 4377 iniperitos
577 4305 910 4360 divinorum
942 4303 1305 4360 voluminum
1354 4320 1454 4360 eos
1503 4304 1605 4376 qui
1651 4303 1901 4359 audiunt

237 4400 400 4464 pato,
443 4399 510 4448 ut
568 4395 640 4447 ad
714 4393 867 4448 hanc
914 4392 1402 4464 quaestiunculam
1461 4391 1895 4447 dissolvendam

233 4481 405 4554 longo
437 4497 716 4538 sermone
757 4497 904 4553 opus
935 4480 1030 4537 sit.
1071 4479 1286 4536 Verum
1339 4480 1500 4552 prius
1548 4496 1723 4551 quam
1757 4478 1897 4550 quid

306 4626 321 4657 ³
352 4624 582 4708 Nempe
614 4623 890 4708 funiculis
925 4641 1142 4708 penna:
1191 4624 1704 4708 suspendebpntur
1751 4640 1900 4695 prte-

235 4699 321 4769 ter
365 4697 633 4769 spatium
671 4699 823 4769 quod
856 4697 1002 4769 retia
1050 4699 1356 4769 occupant,
1409 4700 1472 4750 ut
1523 4697 1670 4769 ferag
1697 4711 1899 4769 earum

233 4765 496 4823 volatum
556 4765 1113 4840 quasipericulum
1172 4765 1480 4840 civitatura,
1537 4782 1599 4820 se
1658 4766 1716 4819 in
1754 4765 1903 4820 retia

229 4838 814 4913 conjiceretJVirgilZ
878 4839 1122 4910 Georgio.
1186 4839 1256 4894 de
1276 4839 1502 4893 cervis:

301 4957 416 5004 ﬂos
450 4968 559 5004 non
591 4955 844 5004 immissis
873 4955 1114 5012 canibus,
1149 4967 1256 5003 non
1288 4954 1528 5003 cassibus
1555 4953 1696 5007 ullis,

289 5019 660 5080 Punicemque
690 5019 898 5081 agitant
926 5017 1151 5080 pavidos
1181 5016 1464 5067 formidine
1501 5029 1714 5078 penum.

298 5133 321 5166 ²
354 5124 925 5196 Probatica‘i’iscina
954 5141 1144 5196 quam
1184 5122 1350 5180 Joan.
1403 5141 1456 5187 v,
1506 5126 1560 5188 2,
1595 5128 1898 5188 memorat,

225 5199 518 5272 λεγομένη
596 5189 868 5272 Ἐᾇρᾳϊστὶ
909 5189 1188 5272 ΔΙὶηθεεῖ-ὂ-ἆι
1227 5196 1375 5272 dicta
1405 5196 1667 5272 Achaiae
1736 5197 1898 5250 Beth-

361 5266 389 5329 .’
431 5271 602 5327 Nunc
633 5266 855 5323 obtinet
899 5267 1195 5323 Bethsaida
1244 5267 1419 5323 etiam
1474 5267 1534 5322 in
1567 5266 1897 5339 Hieronym.

219 5363 658 5474 Ingslh'imirum
691 5411 927 5484 adeam
957 5410 1080 5484 haec
1110 5410 1443 5468 referuntur
1491 5410 1898 5484 quaestionem,

222 5505 344 5570 qua
372 5485 562 5548 variis
593 5483 1002 5547 occasionibus
1022 5483 1391 5563 disputatum
1413 5480 1594 5552 est'ab
1617 5480 1898 5573 antiquis,

570 5615 841 5682 PATROL.
909 5611 1131 5700 XXIII,

2003 3039 2314 3112 Scriptum
2346 3041 2625 3094 doceant:
2659 3039 2903 3095 Joannis
2935 3041 3226 3112 baptisma
3250 3056 3362 3094 non
3387 3042 3504 3093 tam
3530 3054 3660 3110 pec-

2003 3132 2130 3182 cata
2169 3128 2412 3195 dimisit,
2470 3145 2645 3200 quam
2705 3129 3056 3199 pmnitentia:
3116 3129 3412 3199 baptisma
3460 3127 3566 3181 fuit
3597 3127 3656 3181 in

2005 3221 2372 3286 peccatorum
2406 3216 2833 3287 remissionem,
2858 3217 2914 3271 id
2942 3221 3049 3287 est,
3083 3217 3140 3270 in
3171 3217 3426 3271 futuram
3459 3214 3661 3270 remis-

2003 3304 2250 3368 sionem,
2309 3322 2425 3376 qua
2477 3309 2632 3360 esset
2679 3309 2880 3376 postea
2963 3321 3062 3376 per
3138 3304 3660 3359 sanctificationem

2003 3401 2214 3456 Christi
2285 3401 2691 3457 subsecutura.
2761 3402 3052 3474 Scriptum
3128 3405 3217 3456 est
3282 3400 3472 3454 enim:
3533 3401 3660 3453 Fuit

2001 3495 2241 3548 Joannes
2268 3493 2328 3544 in
2375 3489 2579 3545 deserto
2630 3491 2914 3562 baptizans
2962 3495 3015 3545 et
3061 3488 3372 3561 praedicans
3414 3491 3658 3558 Evange-

2005 3580 2146 3634 lium
2171 3580 2520 3650 poenitentiae
2550 3580 2610 3633 in
2657 3581 3037 3634 remissionem
3074 3580 3425 3648 peccatorum
3472 3576 3656 3646 (Marc.

2007 3685 2044 3733 I,
2080 3667 2154 3738 4).
2188 3667 2255 3721 Et
2285 3672 2419 3738 post
2452 3667 2747 3722 modicum
2777 3684 2788 3722 :
2822 3668 2884 3720 Et
2917 3667 3337 3738 baptizabantur
3384 3667 3451 3720 ab
3494 3681 3556 3719 eo
3600 3667 3661 3719 in

2003 3755 2238 3810 Iordane
2293 3755 2602 3824 conﬁtcntes
2628 3758 2853 3826 peccata
2908 3773 3011 3810 sua
3043 3755 3198 3826 (Ibid.
3394 3754 3460 3808 Ut
3498 3753 3658 3809 enim

2005 3855 2129 3915 ipse
2158 3846 2293 3896 ante
2324 3841 2651 3896 Praecursor
2682 3841 2934 3907 Domini,
2987 3841 3069 3895 sic
3112 3847 3169 3895 et
3208 3840 3502 3912 baptisma
3531 3841 3658 3910 ejus

2006 3930 2282 4002 przevium
2315 3929 2603 3984 Dominici
2636 3929 3012 4000 baptismatis
3033 3928 3160 3982 fuit.
3188 3929 3294 3995 Qui
3315 3929 3378 3982 de
3409 3933 3557 3982 terra
3582 3935 3660 3982 est

2003 4029 2216 4095 aiebat,
2251 4031 2468 4082 terrena
2498 4027 2750 4096 loquitur
2774 4045 2786 4093 ;
2813 4028 2909 4098 qui
2937 4025 3002 4079 de
3029 4026 3278 4095 supernis
3311 4025 3476 4093 venit,
3498 4031 3661 4094 super

2005 4134 2186 4174 omnes
2229 4121 2307 4172 est
2362 4118 2519 4183 (Joan
2580 4134 2661 4182 III,
2709 4115 2800 4186 3|)
2862 4115 2930 4168 Et
2978 4113 3232 4168 iterum:
3295 4115 3413 4180 Ego
3446 4113 3660 4191 baptiao

2006 4223 2094 4261 vos
2168 4209 2226 4260 in
2283 4222 2455 4277 aqua,
2515 4205 2613 4259 ille
2671 4203 2973 4275 baptizabit
3004 4204 3062 4256 in
3106 4203 3304 4272 spiritu
3342 4199 3528 4270 (Matth
3573 4217 3656 4254 III.

2007 4295 2118 4364 Η).
2152 4294 2211 4349 Si
2245 4300 2442 4350 autem
2476 4294 2754 4360 Joannes,
2781 4297 2846 4347 ut
2883 4291 3187 4347 confessus
3230 4295 3318 4344 est
3365 4289 3510 4361 ipse,
3544 4305 3660 4344 non

2006 4391 2317 4463 baptizavit
2351 4393 2406 4445 in
2455 4392 2688 4463 spiritu,
2743 4395 3167 4461 consequenter
3212 4404 3397 4459 neque
3427 4392 3664 4458 peccata

2009 4481 2251 4550 dimisit,
2287 4482 2423 4552 quia
2454 4480 2599 4535 nulli
2649 4480 2955 4535 hominum
3009 4477 3135 4533 sine
3187 4475 3405 4547 Spiritu
3461 4480 3660 4530 sancto

2010 4641 2084 4679 an
2105 4621 2292 4694 valida
2323 4626 2520 4677 essent
2549 4623 2812 4694 quaedam
2864 4622 3254 4694 sacramenta,
3305 4623 3376 4670 ab
3423 4615 3660 4694 haereti:

2012 4696 2117 4762 eis,
2176 4693 2262 4749 vel
2318 4694 2388 4747 ab
2441 4694 2511 4747 iis
2567 4687 2800 4761 collata,
2835 4693 2935 4763 qui
2990 4689 3362 4763 anathemate
3405 4687 3660 4763 devincti

2012 4758 2197 4821 erant.
2252 4765 2553 4836 Monemus
2603 4758 2801 4836 itaque
2849 4758 2960 4817 non
3010 4759 3275 4816 absolute
3323 4758 3520 4836 negari
3554 4761 3659 4812 abs

2011 4835 2653 4908 HieronymoiArianos
2705 4829 2997 4908 baptizare
3034 4849 3236 4908 posse,
3291 4829 3390 4908 sed
3438 4845 3659 4908 morem

2013 4902 2272 4964 Εοειθεὶἷε
2304 4906 2554 4968 defendi,
2589 4924 2714 4977 quae
2747 4902 2817 4960 ab
2849 4902 3080 4977 Arianis
3110 4902 3412 4977 venientes
3438 4902 3659 4977 episco-

2053 4998 2117 5035 os
2152 4977 2481 5048 recipiebat.
2517 4972 2801 5031 Eo_sensu
2822 4975 2992 5030 etiam
3017 4975 3075 5028 S.
3100 4972 3463 5048 Augustinus
3487 4972 3657 5048 epist.

2047 5053 2136 5117 85,
2172 5045 2362 5123 p.47._
2395 5048 2546 5123 ultro
2606 5049 2814 5102 fatetur
2867 5048 3004 5116 foris
3056 5046 3123 5099 ab
3182 5048 3388 5123 unitate
3409 5045 3662 5123 corporis

2014 5115 2236 5186 Christi,
2270 5121 2546 5191 Spiritum
2580 5125 2995 5191 sanetum‘non
3023 5133 3197 5191 posse
3220 5115 3443 5191 haberi.

2083 5195 2122 5248 3.
2173 5187 2445 5247 Nota-tum
2494 5189 2744 5245 Vietorio
2787 5187 2978 5263 Aalludi
3023 5187 3182 5263 lsaim
3234 5187 3426 5263 locum
3481 5202 3529 5237 e.
3559 5200 3664 5263 an;

2011 5265 2370 5321 Detectabitur
2417 5263 2599 5332 infans
2642 5263 2710 5316 ab
2743 5261 2905 5315 ubere
2947 5275 3106 5330 super
3145 5261 3426 5329 foramine
3455 5254 3674 5321 aspidis

2009 5341 2060 5392 et
2092 5339 2151 5393 in
2181 5351 2474 5390 Mirer-nam
2503 5335 2807 5404 regutiqui
2852 5332 3153 5404 obluctatus
3200 5333 3402 5400 fuerit,
3443 5335 3689 5404 ζηαηρένξξ

2007 5388 2410 5484 ἓὰᾴῆιίγῄὶὶρειρν
2434 5388 2658 5484 Quidue
2680 5388 2872 5484 homo
2940 5388 3306 5484 designatur,
3339 5388 3342 5389 ⁷
3373 5388 3471 5454 cui
3525 5388 3706 5448 nihil

2010 5482 2188 5546 etiam
2211 5478 2283 5538 ab
2307 5477 2554 5541 infantia
2583 5474 2871 5538 scelerum
2901 5474 3120 5561 nocuit.

3326 5604 3382 5696 ἢ

3619 5651 5364 6436 \
