5364 6558
1063 341 1181 409 ιη

2299 343 2365 409 S.
2406 343 2714 411 EUSEBII
2755 340 3222 407 HIERONYMI.

4346 334 4461 398 1⁸72

1061 476 1300 546 peccata
1328 472 1725 530 dimittuntur.
1758 476 1873 531 Aut
1917 476 1967 531 si
2007 478 2367 534 contentiose
2397 495 2706 551 argumen-
2735 478 2791 543 Α
2820 476 3045 531 ditionis
3087 478 3401 532 auctoritas.
3461 504 3529 515 —-
3588 472 3646 528 L.
3675 472 3783 536 Qui
3832 466 4186 527 dormientes
4234 467 4464 536 sitiunt,

1065 560 1230 629 taris,
1285 560 1414 617 ideo
1464 563 1707 619 Joannis
1765 563 2058 637 baptisma
2105 566 2401 622 dimisisse
2452 569 2708 638 peccata,

1068 649 1211 721 quia
1238 649 1308 705 de
1338 649 1497 706 caelis
1526 652 1655 717 fuit,
1704 653 1877 709 edoce
1921 654 2059 724 quid
2100 654 2353 726 amplius
2399 654 2456 708 in
2497 654 2712 710 Christi

1066 739 1423 811 baptismate
1469 757 1914 813 consequamur.
1966 743 2127 805 Quod
2174 747 2409 815 peccata
2447 742 2711 807 dimittit,

1064 825 1333 883 liberata
1361 828 1647 900 gehenna.
1681 831 1842 895 Quod
1866 847 1900 885 a
1933 830 2165 903 gehnna
2215 830 2443 896 liberat,
2494 832 2713 902 perfec-

1066 921 1194 972 tum
1225 920 1332 972 est.
1362 916 1684 973 Perfectum
1712 924 1907 975 autem
1954 920 2268 990 baptisma,
2315 920 2423 974 nisi
2470 921 2620 991 quod
2655 920 2715 974 in

1066 1021 1239 1061 eruce
1260 1008 1317 1060 et
1362 1004 1423 1060 in
1471 1007 1895 1062 resurrectione
1945 1006 2159 1062 Christi
2210 1011 2316 1074 est,
2368 1025 2481 1063 non
2527 1012 2718 1081 potest

1067 1091 1203 1148 dici.
1236 1093 1320 1148 Ita
1350 1098 1412 1148 tu
1440 1092 1500 1149 in
1542 1110 1876 1165 perversum
1925 1094 2286 1166 religiosus‘,
2321 1096 2546 1151 dicente
2588 1098 2715 1167 ipso

1064 1181 1312 1245 Joanne,
1366 1182 1530 1235 Illum
1587 1185 1794 1251 oportet
1851 1199 2113 1248 crescere,
2163 1201 2250 1239 me
2308 1194 2489 1240 autem
2534 1186 2720 1239 minui

1068 1269 1223 1339 (Joan
1255 1283 1339 1335 III,
1372 1269 1504 1339 30);
1534 1268 1676 1324 dum
1708 1269 1857 1325 servi
1888 1272 2178 1341 baptismo
2209 1271 2343 1344 plus
2394 1289 2570 1344 quam
2614 1272 2716 1326 ha-

1065 1356 1195 1412 buit
1221 1357 1454 1423 tribuis,
1478 1357 1849 1415 Dominicum
1870 1360 2147 1430 destruis,
2175 1362 2267 1416 cui
2290 1361 2546 1434 amplius
2572 1361 2717 1415 nihil

1064 1443 1369 1516 relinquis.
1404 1446 1663 1510 Quorum
1694 1446 1808 1504 ista
1847 1449 2035 1504 tendit
2079 1450 2373 1506 assertio?
2410 1449 2717 1516 Videlicet,

1066 1537 1268 1589 utnon
1310 1533 1416 1588 tibi
1467 1535 1685 1590 mirum
1734 1536 2020 1604 videatur,
2074 1537 2123 1592 si
2171 1538 2232 1592 hi
2281 1539 2382 1610 qui
2434 1556 2467 1593 a
2496 1539 2719 1593 Joanne

1066 1622 1299 1678 fuerant
1325 1622 1622 1693 baptizati,
1655 1630 1860 1695 postea
1890 1642 1993 1697 per
2037 1627 2471 1698 impositionem
2506 1643 2718 1682 manus

1068 1710 1490 1784 apostolorum,
1542 1712 1661 1767 sint
1707 1713 1992 1782 Spiritum
2041 1721 2310 1771 sanctum
2382 1716 2715 1783 consecuti;

1068 1817 1204 1855 cum
1232 1804 1458 1856 constet
1482 1817 1581 1856 eos
1625 1818 1697 1857 ne
1728 1808 2099 1874 peccatorum
2140 1804 2377 1875 quidem
2426 1805 2551 1859 sine
2579 1805 2718 1859 sub-
2750 1840 2797 1903 Β

1068 1892 1342 1946 secutura
1372 1889 1485 1945 fide
1505 1890 1911 1947 remissionem
1932 1897 2296 1949 consecutos.
2328 1893 2413 1949 Tu
2445 1910 2576 1949 vero
2619 1892 2719 1964 qui

1071 1979 1143 2034 ab
1171 1977 1401 2034 Arianis
1434 1977 1643 2051 recipis
1673 1980 2052 2052 baptizatum,
2085 1986 2142 2037 et
2188 1983 2241 2037 ei
2288 1981 2499 2038 tribuis
2526 1981 2719 2053 bapti-

1069 2083 1219 2135 sma,
1248 2067 1404 2139 quod
1436 2068 1755 2139 perfectum
1772 2074 1880 2135 est,
1906 2087 2021 2141 quo
2042 2070 2194 2126 facto
2217 2071 2385 2142 quasi
2418 2070 2719 2126 modicum

1073 2156 1215 2228 quid
1247 2156 1299 2211 ei
1354 2156 1624 2225 defuerit,
1657 2162 1928 2213 sanetum
1967 2160 2215 2215 advocas
2245 2159 2552 2231 Spiritum,
2586 2175 2720 2214 cum

1070 2244 1366 2317 baptisma
1416 2244 1629 2301 Christi
1660 2245 1785 2302 sine
1815 2246 2033 2319 Spiritu
2072 2253 2273 2304 sancto
2306 2249 2460 2303 180
2491 2247 2721 2304 nullum

1072 2333 1191 2390 sit?
1238 2333 1453 2389 Verum
1496 2333 1728 2407 longius
1771 2335 2013 2405 excessi,
2062 2342 2281 2392 etcum
2331 2354 2494 2409 aequa
2536 2337 2724 2391 fronte

1071 2416 1389 2478 adversarii
1435 2423 1724 2495 potuerim
1767 2424 2053 2498 impetum
2102 2427 2467 2494 submovere,
2512 2425 2726 2481 leviora

1069 2512 1304 2568 eminus
1362 2512 1511 2581 [mss.
1564 2513 1786 2584 minus]
1843 2513 1960 2569 tela
2004 2515 2207 2571 direxi.
2278 2515 2520 2571 Joannis
2567 2515 2725 2570 enim

1069 2600 1365 2671 baptisma
1394 2599 1692 2655 intantum
1736 2602 2144 2673 imperfectum
2206 2604 2337 2673 fuit,
2394 2609 2458 2658 ut
2501 2607 2728 2659 constet

1071 2691 1275 2759 postea
1320 2686 1535 2743 Christi
1581 2689 1932 2759 baptismate
1980 2692 2322 2763 baptizatos,
2392 2692 2492 2763 qui
2540 2693 2613 2747 ab
2660 2708 2726 2747 eo

1075 2777 1305 2830 fuerant
1361 2776 1657 2848 baptizati.
1720 2776 1803 2833 lta
1857 2779 2013 2834 enim
2072 2780 2323 2835 historia
2368 2781 2573 2835 refert:
2618 2783 2725 2835 Fa-

1076 2873 1223 2920 ctum
1260 2868 1340 2920 est
1384 2873 1585 2932 autem,
1618 2883 1742 2922 cum
1797 2868 1984 2939 Apollo
2012 2878 2148 2923 esset
2210 2869 2472 2925 Corinthi
2515 2878 2567 2924 et
2605 2886 2730 2924 cum

1078 2956 1289 3010 Paulus
1340 2958 1706 3028 pertransiret
1752 2959 2054 3029 superiores
2081 2963 2263 3029 partes
2320 2960 2483 3025 Asiae,
2516 2959 2731 3014 devenit

1079 3044 1373 3117 Ephesum,
1402 3050 1457 3101 et
1484 3061 1606 3100 cum
1663 3047 1957 3103 invenisset
1987 3048 2245 3119 quosdam
2300 3048 2561 3103 discentes
2589 3050 2735 3104 dixit

1084 3135 1156 3190 ad
1183 3151 1296 3191 eos:
1361 3136 1420 3189 Si
1449 3135 1718 3206 Spiritum
1745 3140 2000 3191 sanetum
2043 3139 2342 3209 accepistis,
2389 3154 2513 3192 cum
2555 3138 2731 3193 credi-

2821 565 2985 620 avide
3032 565 3228 621 fauces
3291 564 3635 619 ﬂuminibus
3693 560 4074 634 ingurgitent.
4128 558 4199 613 Et
4247 559 4468 628 quanto

2821 653 2955 726 plus
2985 653 3310 720 hauserint,
3344 657 3506 708 tanto
3537 650 3670 724 plus
3719 651 3947 705 sitiunt.
3998 650 4083 703 Ita
4115 645 4259 701 mihi
4316 649 4373 700 et
4405 649 4469 699 tu

2820 742 3033 797 videris
3091 743 3370 797 adversus
3402 738 3886 813 quaestiunculam
3938 752 4113 809 quam
4169 726 4470 805 proposui,

2823 831 2960 886 hinc
2985 834 3157 901 atque
3188 830 3349 884 illinc
3378 832 3724 901 argumenta
3752 826 4052 900 quaesisse,
4086 827 4141 879 et
4170 820 4468 877 nihilomi-

2824 936 2936 974 nus
2978 920 3038 973 in
3087 919 3291 974 eadem
3350 918 3741 989 qumstionum
3794 915 3887 970 siti
3936 926 4324 985 perseverare.
4381 911 4469 964 An

2825 1006 3014 1062 nescis
3063 1007 3239 1061 etiam
3292 1006 3681 1061 Ecclesiarum
3732 1004 3887 1059 hunc
3942 1018 4070 1058 esse
4112 1013 4358 1064 morem,
4404 1001 4471 1051 ut

2826 1095 3132 1167 baptizatis
3164 1099 3364 1165 postea
3393 1110 3605 1149 manus
3636 1093 4031 1163 imponantur,
4078 1092 4136 1143 et
4179 1088 4261 1142 ita
4304 1087 4471 1141 invo-

2827 1192 2989 1239 cetur
3013 1183 3265 1254 Spiritus
3313 1183 3591 1237 sanctus?
3637 1181 3829 1253 Exigis
3872 1179 3972 1234 ubi
4020 1177 4305 1248 scriptum
4353 1174 4476 1230 sit?

2829 1273 2890 1327 1n
2920 1272 3161 1329 Actibus
3190 1271 3609 1343 apostolorum.
3641 1271 3828 1324 Etiam
3860 1267 3910 1323 si
3929 1266 4239 1337 Seripturaa
4266 1268 4474 1318 aucto-

2827 1361 2969 1416 ritas
3011 1377 3123 1415 non
3169 1360 3455 1426 subesset,
3516 1359 3697 1414 totius
3756 1357 3915 1413 orbis
3972 1356 4032 1410 in
4063 1354 4214 1409 hanc
4245 1357 4472 1425 partem

2828 1465 3148 1505 consensus
3178 1449 3364 1504 instar
3395 1447 3664 1520 praecepti
3696 1446 4001 1502 obtineret.
4034 1446 4181 1497 Nam
4206 1446 4263 1497 et
4290 1439 4480 1496 multa

2828 1537 2943 1592 alia
2971 1554 3096 1608 quae
3128 1554 3231 1608 per
3276 1536 3649 1591 traditionem
3698 1535 3757 1589 in
3781 1531 4051 1588 Ecclesiis
4074 1530 4481 1596 osbervantur,

2828 1626 3233 1681 auctoritatem
3265 1626 3378 1680 sibi
3405 1624 3632 1697 scripta
3663 1622 3810 1690 legis
3838 1622 4288 1687 usurpaverunt,
4325 1616 4487 1673 velut

2828 1715 2886 1768 in
2918 1714 3141 1769 lavacro
3170 1719 3260 1769 ter
3317 1719 3493 1785 caput
3540 1712 3870 1783 mergitare,
3931 1709 4141 1765 deinde
4185 1722 4481 1779 egressos,
4568 1734 4571 1741 -

2830 1803 2998 1858 laetis
3029 1809 3086 1858 et
3108 1802 3293 1858 mellis
3316 1806 3675 1874 praegustare
3704 1798 4071 1857 concordiam
4105 1796 4176 1851 ad
4218 1794 4483 1851 infantia:

2829 1891 3340 1963 significationem,
3393 1892 3486 1945 die
3534 1889 3855 1952 Dominico,
3889 1889 3909 1921 ²
3970 1891 4027 1941 et
4071 1884 4232 1941 omni
4272 1884 4489 1938 Pente-

2830 1985 3152 2047 coste;nec
3183 1981 3253 2034 de
3299 1979 3585 2052 geniculis
3637 1980 3898 2043 adorare,
3944 1979 4001 2031 et
4027 1974 4316 2046 jejunium
4364 1972 4492 2027 sol-

2828 2086 2979 2137 vere,
3016 2068 3319 2140 multaque
3350 2068 3464 2123 alia
3508 2067 3728 2140 scripta
3771 2082 3888 2122 non
3939 2068 4098 2128 sunt,
4141 2079 4265 2134 quis
4297 2059 4489 2116 ratio-

2832 2157 3044 2213 nabilis
3101 2158 3211 2212 sibi
3268 2157 3592 2214 observatio
3644 2154 3959 2226 vindicavit
4012 2152 4158 2207 181
4224 2152 4304 2205 Ex
4367 2165 4491 2221 quo

2833 2246 3253 2301 animadvertis
3287 2263 3393 2301 nos
3443 2245 3710 2301 Ecclesia
3761 2242 4249 2299 consuetudinem
4289 2237 4487 2309 sequi,

2832 2333 2971 2397 licet
3000 2343 3133 2394 ante
3175 2335 3611 2392 advocationem
3660 2332 3912 2405 Spiritus
3961 2333 4187 2385 constet
4228 2327 4491 2399 aliquem

2834 2433 3216 2504 baptizatum.

2904 2523 2958 2575 9.
3018 2520 3309 2589 Episcopus
3370 2515 3439 2570 ad
3497 2514 3900 2586 impositionem
3956 2525 4152 2565 manus
4218 2507 4487 2563 accurrit.

2841 2613 3189 2667 Arianorum
3245 2605 3613 2675 blasphemiae.
3666 2602 3940 2673 Impositio
3988 2614 4273 2664 manuum,
4312 2610 4490 2666 quare

2834 2702 3082 2771 episCOpo
3112 2697 3427 2751 reservata?
3482 2694 3577 2749 lus
3637 2688 3956 2762 baptizandi
4004 2688 4071 2742 ab
4118 2687 4384 2757 episcopo.
4418 2710 4495 2725 ~—

2838 2790 2898 2844 0.
2924 2788 3047 2843 Non
3079 2784 3313 2856 quidem
3348 2783 3540 2837 abnuo
3572 2780 3721 2835 hanc
3752 2794 3881 2833 esse
3925 2775 4315 2831 Ecclesiarum
4348 2789 4498 2827 con-

2839 2875 3235 2935 suetudinem,
3268 2876 3334 2927 ut
3362 2871 3433 2925 ad
3466 2887 3565 2925 eos
3595 2870 3695 2941 qui
3726 2867 3931 2938 longe3
3962 2882 3995 2920 a
4033 2863 4357 2935 majoribus
4388 2877 4497 2916 ur-

2838 2966 3014 3022 bibus
3046 2980 3146 3035 per
3184 2961 3552 3035 presbyteros
3599 2963 3657 3012 et
3701 2956 3975 3012 diaconos
4024 2949 4300 3024 baptizati
4323 2953 4493 3017 sunt,

2842 3054 3151 3127 episc0pus
3183 3051 3253 3105 ad
3285 3047 3709 3104 invocationem
3742 3042 3928 3099 sancti
3960 3040 4213 3113 Spiritus
4245 3054 4493 3093 manum

2843 3126 3229 3215 impositurus
3260 3141 3543 3194 excurrat.
3587 3135 3696 3190 Sed
3731 3131 3901 3204 quale
3946 3135 4053 3196 est,
4107 3132 4172 3182 ut
4198 3127 4357 3199 leges
4388 3126 4502 3181 Ec-

1092 3226 1292 3283 distis?
1318 3227 1384 3279 Αι
1413 3204 1504 3279 illi
1535 3225 1926 3295 responderunt
1951 3244 1963 3281 ;
1998 3226 2097 3281 Sed
2127 3204 2223 3280 nec
2251 3230 2302 3281 si
2334 3228 2576 3296 Spiritus
2605 3244 2733 3282 san-
2764 3204 2807 3269 C
2844 3204 3030 3289 οιρὲὶίε
3061 3231 3132 3286 ad
3167 3228 3431 3285 hmrcsim
3454 3225 3795 3289 transferas,
3827 3227 3884 3276 et
3911 3218 4149 3291 virginis
4197 3222 4309 3271 tua),
4341 3215 4504 3271 inte-

1091 3320 1211 3372 ctus
1238 3316 1328 3380 sit,
1359 3313 1667 3369 audivimus
1696 3315 1849 3369 Dixit
1882 3322 2059 3370 autem
2098 3316 2168 3369 ad
2210 3331 2332 3370 eos:
2372 3317 2432 3370 In
2475 3332 2579 3386 quo
2607 3333 2731 3387 ergo

1092 3406 1364 3477 baptizati
1390 3408 1525 3459 estis
1544 3402 1571 3457 Τ
1598 3404 2009 3474 Responderunt
2038 3406 2097 3459 in
2124 3405 2352 3460 Joannis
2384 3406 2728 3474 baptismate.

1087 3496 1244 3551 Dixit
1271 3499 1456 3550 autem
1483 3493 1731 3547 Paulus:
1779 3496 2019 3548 Joannes
2061 3494 2278 3565 quidem
2309 3495 2611 3565 baptizavit
2643 3495 2733 3549 ba-

1081 3592 1286 3656 ptismo
1310 3584 1644 3655 ptenitentite
1689 3581 1896 3654 plebem
1936 3583 2119 3637 dicens
2168 3585 2229 3637 in
2265 3582 2587 3637 adveniente
2611 3591 2732 3654 post

1084 3690 1210 3729 eum
1240 3677 1301 3728 ut
1328 3672 1607 3729 crederent
1643 3672 1741 3727 hoc
1783 3676 1861 3726 est
1906 3673 1965 3726 in
1995 3676 2202 3740 Iesum,
2254 3674 2311 3726 in
2354 3673 2731 3727 remissionem

1078 3769 1445 3833 peccatorum.
1477 3763 1571 3816 His
1627 3761 1832 3816 auditis
1890 3761 2153 3832 bapiimti
2203 3768 2330 3816 sunt
2385 3763 2443 3815 in
2507 3762 2730 3816 nomine

1082 3851 1305 3905 Domini
1325 3852 1502 3905 nastri
1557 3851 1687 3907 Jesu
1715 3851 1935 3905 Christi.
1969 3852 2033 3905 Et
2061 3868 2185 3905 eum
2240 3852 2586 3921 imposuisset
2613 3851 2730 3905 illis

1078 3955 1282 3993 manus
1310 3940 1540 4005 Panlus,
1572 3941 1829 3995 continuo
1876 3939 2067 3995 cecidit
2105 3940 2345 4011 Spiritus
2386 3950 2605 3996 sanctus
2634 3957 2725 3995 su-

1076 4043 1178 4099 per
1278 4044 1365 4084 eos
1430 4028 1567 4099 (Act.
1635 4029 1806 4096 x1x,l
1881 4030 2069 4101 seqq.).
2138 4031 2195 4084 Si
2259 4046 2394 4103 ergo
2452 4030 2726 4102 baptizati

1078 4122 1366 4175 suntvero
1407 4121 1464 4175 et
1508 4117 1772 4191 legitimo
1810 4118 2075 4175 Ecclesiae
2125 4120 2497 4192 baptismate,
2548 4126 2603 4177 et
2647 4123 2727 4178 ita

1078 4213 1281 4281 postea
1324 4206 1609 4280 Spiritum
1660 4213 1927 4264 sanctum
1981 4210 2273 4265 cousecuti
2325 4215 2497 4265 sunt:
2557 4215 2614 4265 et
2660 4215 2723 4265 tu

1075 4297 1473 4370 apostolorum
1503 4315 1745 4370 sequere
1775 4299 2201 4365 auctoritatem,
2247 4303 2303 4352 et
2361 4299 2587 4368 baptiza
2624 4316 2722 4354 eos

1074 4387 1176 4457 qui
1202 4386 1416 4441 Christi
1446 4404 1562 4442 non
1594 4387 1812 4442 habent
1850 4386 2164 4458 baptisma,
2214 4390 2270 4439 et
2304 4386 2521 4457 poteris
2560 4386 2720 4443 invo-

1070 4488 1204 4531 care
1232 4474 1517 4545 Spiritum
1549 4480 1839 4530 sanctum.

2844 3323 3113 3394 gritatem
3143 3336 3245 3390 per
3276 3314 3645 3371 meretricum
3675 3309 3981 3382 lupanaria
4011 3304 4328 3394 patiaris“?
4357 3304 4502 3376 Epi-

2840 3393 3053 3484 scopus
3085 3409 3133 3464 si
3164 3405 3415 3479 imponit
3442 3419 3704 3467 manum,
3738 3399 3831 3454 his
3860 3395 4105 3470 imponit
4128 3394 4227 3467 qui
4254 3393 4313 3447 in
4328 3395 4497 3447 recta

2838 3479 2961 3556 fide
2983 3496 3258 3569 baptizati
3290 3497 3447 3559 sunt,
3481 3492 3580 3563 qui
3613 3491 3671 3544 in
3704 3490 3889 3555 Patre,
3912 3489 3970 3541 et
3999 3484 4162 3549 Filio,
4195 3479 4493 3553 etSpiritu

2839 3593 3040 3646 sancto
3053 3594 3169 3642 tres
3191 3599 3492 3657 personas,
3509 3595 3686 3635 unam
3702 3574 4093 3633 substantiam
4111 3570 4497 3628 crediderunt

2836 3679 3085 3733 Arianus
3112 3691 3243 3729 vero
3276 3688 3408 3727 cum
3440 3669 3598 3724 aliud
3648 3664 3793 3721 nihil
3849 3660 4161 3719 crediderit
4187 3657 4489 3730 (claudite,

2838 3783 3055 3839 quaeso,
3089 3780 3258 3819 aures
3289 3759 3389 3832 qui
3411 3754 3849 3820 audituri-estis,
3877 3768 3948 3807 ne
3972 3754 4143 3806 tanta:
4164 3745 4494 3818 impietatis

2835 3835 3075 3912 vocibus
3092 3848 3483 3925 polluamini),
3518 3845 3641 3900 nisi
3672 3844 3729 3898 in
3766 3843 3931 3897 Patre
3962 3838 4085 3895 solo
4106 3853 4238 3893 vero
4267 3835 4411 3901 Deo,
4433 3836 4499 3889 et

2836 3946 2894 4000 in
2908 3947 2932 4000 J
2940 3962 3039 4001 esu
3054 3942 3280 3997 Christo
3292 3937 3584 3994 Salvatorc
3598 3937 3883 3996 creatura,
3897 3933 3956 3984 et
3972 3929 4030 3983 in
4042 3926 4257 3999 Spiritu
4282 3926 4497 3979 saneto

2834 4033 3141 4103 utriusque
3181 4046 3367 4094 servo,
3420 4023 3711 4097 quomodo
3759 4018 4043 4091 Spiritum
4096 4016 4373 4071 sanctum
4414 4010 4497 4066 ab

2836 4122 3089 4178 Ecclesia
3119 4117 3376 4189 recipiet,
3409 4114 3508 4186 qui
3541 4112 3794 4167 necdum
3844 4106 4254 4163 remissionem
4281 4116 4493 4173 pecca-

2832 4216 3025 4266 torum
3078 4210 3425 4263 consecutus
3482 4199 3610 4257 est?
3668 4197 3922 4270 Spiritus
3972 4193 4188 4266 quippe
4217 4192 4489 4255 sanctus,

2832 4299 2943 4355 nisi
2978 4296 3257 4352 mundam
3291 4293 3487 4348 sedem
3536 4305 3652 4344 non
3698 4283 3980 4343 incolit“:
4032 4297 4136 4336 nec
4184 4277 4488 4335 habitator

2829 4389 2957 4460 ejus
2988 4384 3189 4456 templi
3227 4381 3499 4447 efficitur,
3534 4376 3687 4449 quod
3738 4372 4060 4429 antistitem
4113 4384 4230 4424 non
4276 4366 4484 4460 habet,

2825 4454 3019 4532 veram
3072 4454 3266 4528 ﬁdem.
3316 4468 3478 4534 Quod
3534 4466 3583 4522 si
3639 4466 3748 4521 hoc
3805 4462 3930 4518 loco
3961 4458 4172 4533 quaeris
4204 4470 4385 4529 quare
4423 4454 4492 4509 in

1142 4564 1176 4615 8
1225 4562 1331 4617 Mos
1367 4563 1734 4619 Ecclesiarum
1790 4566 1847 4618 in
1890 4580 2157 4619 manuum
2212 4566 2559 4636 impositione
2588 4566 2711 4621 Tra-
2743 4576 2790 4641 D
2819 4564 3077 4622 Ecclesia
3106 4559 3452 4634 baptizatus,
3487 4556 3600 4612 nisi
3634 4571 3734 4627 per
3765 4567 3977 4608 manus
4025 4546 4307 4619 episcopi,
4351 4560 4481 4600 non

1686 4650 1733 4669 ἔνι

1138 4813 1153 4848 ¹
1186 4813 1409 4887 Erasm.
1444 4829 1576 4869 cum
1611 4811 1922 4886 antiquiori
1975 4813 2136 4879 edit.,
2177 4813 2395 4871 duceris
2440 4817 2713 4887 irreligio-

1062 4902 1175 4960 sus.
1212 4885 1449 4960 Victor.,
1475 4902 1726 4960 perverse
1764 4887 2071 4957 religiosus.
2125 4886 2508 4960 Hieronymus
2539 4885 2706 4960 epist.

1060 4958 1151 5039 at,
1187 4980 1234 5081 at
1277 4958 1433 5013 Licet
1479 4959 1538 5012 in
1590 4974 1926 5030 perversum
1978 4974 2222 5013 munera
2264 4958 2459 5014 vestra
2502 4958 2709 5015 conve-

1061 5043 1203 5081 niun
1240 5068 1251 5081 .
1280 5050 1309 5077 η

1061 5043 1251 5082 munt.
1280 5050 1309 5077 »

2865 4821 2999 4872 uto:
3033 4818 3236 4870 contra
3264 4810 3432 4867 villae.
3468 4806 3723 4873 castella,
3757 4808 3815 4860 et
3840 4800 4152 4859 remotiora
4183 4797 4254 4854 ab
4308 4795 4486 4850 urbi-

2821 4836 2937 4943 Bus
2967 4888 3110 4943 loca.
3143 4903 3266 4943 ante.
3286 4882 3528 4938 inferius
3551 4879 3902 4933 indicantur.
4138 4941 4147 4943 _

2842 4909 2861 4943 )

2870 4906 2937 4943 us
2967 4888 3110 4951 loca,
3143 4903 3266 4956 qum
3286 4882 3528 4956 inferius
3551 4879 3902 4956 ipdiqantur.

2892 4941 3265 5029 tLupa'na‘ria
3291 4954 3525 5029 patiaris
3558 4951 3738 5029 Editis
3770 4948 4011 5029 addunt.
4040 4941 4277 4997 verbum
4308 4954 4485 5029 spur-

2816 5009 2980 5093 rari.—
2993 5009 3186 5101 13666
3214 5009 3336 5082 no'n
3396 5024 3663 5101 retinent
3702 5015 4071 5101 exemplaria,
4111 5029 4255 5094 mss.
4308 5009 4483 5065 Mm-

2992 5083 3057 5142 —l
3082 5083 3232 5156 Olim
3263 5101 3387 5153 erat
3410 5095 3663 5165 spurcari
3687 5083 3941 5165 patiaris,
3975 5086 4098 5165 sed
4126 5083 4290 5165 prius
4337 5097 4480 5137 ver-

2816 5157 2953 5229 bum
3001 5174 3059 5227 in
3095 5188 3235 5226 mss.
3272 5186 3384 5223 non
3418 5157 3663 5221 inveniri
3687 5157 3880 5217 'tcstis
3928 5163 4013 5215 est
4046 5157 4473 5229 Martianmus:

2815 5224 2961 5300 mihi
2992 5224 3227 5298 unicum
3260 5240 3491 5310 patiaris
3525 5255 3638 5292 non
3690 5235 3921 5310 placata
3960 5246 4025 5285 ac
4052 5224 4479 5310 malimnequi-

2815 5295 3384 5384 (le—m-legivpartiuris
3418 5314 3479 5362 ut
3536 5295 4031 5384 quenmdmodum
4070 5298 4228 5384 leges
4262 5295 4478 5384 Eccle-

2815 5389 2911 5441 site
2944 5388 3010 5441 ad
3036 5370 3305 5439 'lize'rcsim
3343 5370 3660 5436 transferri.
3693 5378 3774 5431 sic
3806 5373 4045 5445 virginis
4068 5370 4476 5439 integritatem

2815 5476 2917 5530 per
2947 5455 3251 5528 lupanaria
3294 5452 3489 5530 partiri
3514 5450 3819 5530 improbet.

2885 5509 2904 5561 εξ
2927 5509 3158 5598 Reperio
3217 5509 3307 5578 ex‘
3333 5523 3574 5598 antiqua
3600 5509 3877 5598 ‘cditione
3905 5513 4236 5598 ise‘dempro

2811 5617 2936 5672 qum
2969 5582 3102 5653 item
3141 5614 3241 5672 pro
3274 5594 3413 5672 quod
3452 5582 3770 5672 antistitem,
3826 5588 3998 5643 habet
4042 5584 4197 5668 cujus
4225 5582 4464 5638 antistes

2808 5658 2866 5731 et
2896 5672 3103 5728 deinde
3132 5658 3436 5741 obloq'ueris
3466 5680 3569 5740 pro
3601 5664 3697 5721 hoc
3725 5662 3839 5719 loco
3871 5658 4098 5734 quieris.

1129 5098 1552 5173 fMartianzeus
1584 5100 1804 5173 legerat
1842 5101 1912 5155 ad
1942 5102 2215 5173 infantiae
2253 5101 2709 5173 signiﬁcationem

1060 5168 1277 5250 redire;
1319 5168 1804 5250 Dominira_,"etc.,
1842 5168 2031 5250 _r_iullo'
2065 5190 2264 5250 sensu.
2306 5168 2708 5245 'Iteposuimus

1059 5239 1215 5315 quod
1246 5239 1305 5315 in
1338 5240 1468 5296 aliis
1498 5239 1795 5315 obtinebat
1820 5244 1926 5299 die.
1962 5261 2065 5315 pro
2096 5245 2303 5300 redire.
2376 5298 2382 5304 ,

1129 5310 1151 5343 ³
1181 5308 1258 5392 Att
1285 5328 1391 5392 eos,
1427 5314 1729 5392 quilonge.
1769 5308 2135 5392 Sorba-uicus
2185 5317 2361 5370 codex
2412 5332 2522 5392 qui
2550 5316 2705 5392 longe

1057 5397 1089 5435 a
1120 5382 1420 5452 majoribus
1451 5384 1693 5447 urbibus,
1728 5390 1816 5438 etc
1872 5386 2155 5441 Maurus.
2210 5420 2275 5426 ——
2324 5382 2465 5443 Cum
2500 5382 2703 5441 Gravia

1064 5456 1122 5527 et
1169 5454 1587 5527 vetustioribus
1641 5455 1905 5527 impressi
1976 5458 2119 5527 lego.
2168 5462 2349 5512 Antea
2396 5466 2536 5523 erat,
2599 5460 2706 5526 Qui

1057 5524 1215 5594 longe
1269 5542 1301 5578 tt
1356 5525 1658 5600 minoribus
1708 5525 1976 5600 urbibus,
2034 5524 2183 5600 serie
2241 5530 2368 5600 ipsa
2424 5524 2703 5584 orationis

1054 5600 1352 5673 renuente.
1387 5596 1599 5651 Adliaec
1633 5596 1806 5673 urbes
1850 5599 2097 5673 tametsi
2125 5596 2381 5655 minores
2429 5603 2699 5673 episcopo

1052 5684 1169 5731 non
1191 5668 1449 5726 caruisse
1495 5673 1627 5728 ante
1677 5670 1896 5742 etpost
1936 5668 2338 5729 Bardicensem
2387 5668 2691 5747 canonem,
