2682 3279
115 46 164 88 ιῆὲ

600 56 797 89 DIALOGUS
819 55 976 88 CONTRA
1001 54 1296 87 LUCIFERIANOS.

1738 39 1795 86 m

112 125 218 161 accipiat
231 124 375 161 Spiritum
389 126 536 158 sanctum,
548 132 636 160 quem
650 133 703 152 nos
714 124 875 152 asserimus
889 124 917 151 in
934 124 960 157 Α
976 123 1103 157 emderis,
1120 124 1146 150 et
1162 124 1240 150 nuda
1265 132 1280 150 a
1309 122 1430 158 spiculis
1459 123 1545 150 dorsa
1573 131 1630 149 non
1654 121 1793 157 protegis,

111 178 167 198 vero
180 169 354 206 baptismate
366 169 468 204 tribui,
486 169 566 198 disce
585 169 662 197 hanc
686 169 917 197 observationem

110 223 139 242 ex
151 222 182 242 ea
193 214 363 242 auctoritate
377 214 564 246 descendere,
582 214 658 250 quod
677 216 742 248 post
764 221 917 241 ascensum

110 258 214 286 Domini
228 258 353 294 Spiritus
369 261 491 286 sanctus
505 259 543 286 ad
558 258 706 294 apostolos
722 258 919 286 descendit.Et

110 302 202 330 multis
215 303 243 330 in
257 302 329 330 locis
344 302 424 331 idem
440 303 606 330 factitatum
623 302 796 338 reperimus,
815 302 849 329 ad
864 302 917 329 ho-

108 355 198 375 norem
212 347 308 383 potius
323 347 480 375 sacerdotii
497 348 504 364 ¹
521 355 610 383 quam
622 347 657 374 ad
675 346 768 382 legem
791 346 919 373 necessi-

106 391 295 428 tatis.Alioqui
309 391 334 419 si
351 391 387 419 ad
403 391 532 428 episcopi
548 394 662 419 tantum
678 390 917 426 imprecationem

104 436 216 472 Spiritus
231 438 355 464 sanctus
371 436 484 469 deﬂuit,
501 436 616 472 legendi
633 437 702 463 sunt
718 436 767 470 qui
784 436 813 462 in
833 435 917 462 villu-

104 479 134 508 lis
147 481 166 516 ³,
178 479 275 507 autin
291 479 433 513 castellis,
449 480 542 507 autin
559 478 766 507 remotioribus
782 477 853 506 locis
869 486 917 513 per

104 525 278 560 presbyteros
293 526 323 551 et
338 524 478 552 diaconos
493 523 630 559 baptizati
646 525 713 550 ante
736 523 919 550 dormierunt

103 577 179 605 quam
199 569 238 596 ab
261 568 411 604 episcopis
440 568 646 596 inviserentur.
678 568 754 595 18‘)
783 567 915 594 Ecclesia:

104 613 175 641 salus
183 612 214 640 in
225 613 340 640 summi
354 612 513 640 sacerdotis
528 612 670 649 dignitate
685 612 791 647 pendet
805 612 815 628 ³
831 611 876 638 cui
894 611 917 638 si

105 666 153 685 non
166 665 268 685 exsors
283 658 295 674 ⁸
310 657 445 693 quadam
461 657 540 684 etab
561 656 701 684 omnibus
721 656 854 683 eminens
870 656 919 683 de-

101 704 144 730 tur
153 704 297 738 potestas,
312 703 356 729 tot
376 701 405 728 in
421 700 558 729 Ecclesiis
573 700 737 728 efﬁciantur
761 700 921 727 schismata

102 749 163 783 quot
180 746 363 775 sacerdotes.
381 746 451 773 lude
474 745 552 773 venit
576 748 608 773 ut
627 746 690 772 sine
715 745 869 772 chrismate
893 746 921 771 et

973 168 1041 195 Esto
1057 168 1165 203 quippe
1183 168 1258 203 apud
1272 168 1394 195 Arianos
1410 175 1446 194 ne
1461 167 1606 202 baptisma
1631 167 1707 194 183
1729 165 1793 201 qui-

973 213 1038 239 dem
1055 221 1129 247 esse,
1147 212 1249 239 etideo
1271 212 1410 247 Spiritum
1438 213 1572 239 sanctum
1603 211 1638 238 ab
1667 211 1709 238 eis
1738 219 1794 238 non

974 265 1059 292 posse
1075 256 1148 290 dari,
1166 256 1234 292 quia
1246 257 1370 284 necdum
1387 256 1589 284 remissionem
1610 257 1794 291 peccatorum

973 302 1265 337 acceperint;totum
1286 301 1341 328 hoc
1365 301 1490 328 victoriae
1518 309 1587 328 meae
1615 299 1739 335 prolicit,
1769 300 1797 326 et

975 348 1215 381 argumentorum
1249 348 1367 373 tuorum
1403 345 1546 381 palaestra,
1577 344 1649 371 mihi
1680 343 1796 379 palmau

972 390 1098 417 victoria:
1114 390 1211 417 sudat.
1231 390 1358 417 Arianus
1386 390 1532 424 baptisma
1555 397 1612 415 non
1641 388 1729 416 habet
1746 396 1752 420 ;
1769 389 1798 414 et

973 435 1120 470 quomodo
1134 434 1330 461 sacerdotium
1349 434 1458 461 habet?
1475 433 1574 461 Laicus
1586 433 1662 469 apud
1679 441 1727 459 eos
1739 440 1795 459 non

973 481 1028 512 est,
1046 481 1074 506 et
1090 479 1236 514 quomodo
1251 479 1405 514 cpiscopus
1422 487 1485 505 esse
1500 477 1622 513 potest?
1637 477 1706 504 Mihi
1726 476 1796 503 reci-

974 531 1041 559 pere
1057 523 1224 550 mendicum
1241 531 1297 550 non
1323 523 1400 556 licet,
1416 525 1449 550 tu
1465 522 1569 558 recipis
1597 529 1693 557 regem
1710 521 1724 547 ?
1739 520 1797 547 Vos

974 567 1049 595 hosti
1063 569 1158 595 castra
1174 567 1304 600 traditis;
1322 570 1351 594 et
1363 576 1379 594 a
1396 567 1485 594 nobis‘
1505 567 1626 602 perfuga
1651 566 1704 600 [ΑΙ.
1730 572 1795 600 pro-

976 612 1055 647 fuga]
1072 611 1249 646 rejiciendus
1264 614 1316 639 est.

1012 656 1053 683 ill.
1072 658 1100 683 υ.
1119 656 1148 683 Si
1169 656 1300 691 priorum
1328 656 1524 690 meminisses,
1538 656 1600 691 jam
1626 654 1715 682 scires
1744 653 1797 681 tibi

975 700 1065 728 fuisse
1080 708 1254 736 responsum
1269 708 1274 726 :
1293 701 1342 728 sed
1359 701 1430 728 dum
1442 708 1571 728 amorem
1581 698 1797 727 contradicendi

976 745 1117 780 sequeris,
1148 754 1165 772 a
1194 744 1389 780 quaestionum
1420 744 1504 772 lineis
1534 744 1647 772 ccidisti
1678 753 1683 771 :
1719 751 1799 770 more

100 790 377 827 episcopijussioue,
393 798 489 826 neque
500 790 660 826 presbyter,
671 797 764 825 neque
780 789 920 817 diaconus
938 810 962 842 B
977 789 1173 824 quorumdam
1190 788 1356 824 loquacium
1373 789 1470 825 potius
1486 797 1574 824 quam
1591 788 1796 819 iucundorum,

96 835 142 870 jus
155 834 286 862 habeant
301 833 483 870 baptizandi.
501 833 581 865 Quod
598 834 774 868 frequenter,
789 832 813 860 si
825 835 921 859 tamen

98 878 254 907 necessitas
275 878 366 914 cogit,
391 878 505 906 scimus
532 877 620 905 etiam
648 877 735 905 licere
764 877 856 904 laicis.
888 876 923 903 Ut

99 923 177 951 enim
191 922 296 959 accipit
305 922 386 958 quis,
402 922 443 949 ita
470 924 500 949 et
522 922 591 949 dare
615 924 709 958 potest
731 931 737 955 ;
765 922 821 948 nisi
851 921 922 948 forte

99 967 252 996 eunuchus
264 975 282 995 a
295 966 432 1003 Philippo
447 966 569 994 diacono
585 966 761 1002 baptizatus,
779 966 841 993 sine
860 965 922 1001 Spi-

97 1012 152 1040 ritu
167 1013 272 1039 saneto
283 1011 377 1039 fuisse
388 1010 551 1038 credendus
566 1011 621 1044 est,
645 1010 680 1038 de
696 1018 753 1046 quo
772 1010 924 1045 Scriptura

100 1057 138 1085 ita
159 1055 315 1093 loquitur:
336 1056 370 1083 Et
394 1054 589 1083 descenderunt
614 1056 737 1083 amboin
761 1063 859 1090 aquam
874 1063 884 1084 ;
899 1058 925 1081 et

99 1101 323 1138 manuan
338 1099 488 1136 Philippus
516 1100 585 1135 (Act.
615 1108 677 1133 VIII,
708 1100 764 1134 38).
795 1099 830 1126 Et
856 1107 922 1126 cum

98 1145 289 1174 abscederent
305 1144 341 1172 ab
350 1152 428 1180 aqua
441 1153 447 1172 :
466 1144 584 1180 Spiritus
599 1146 710 1171 sanctus
726 1144 799 1170 venit
822 1144 850 1170 in
876 1151 924 1170 eu,-

97 1188 321 1225 ndrm(lbid.,
332 1189 389 1223 39).
406 1189 433 1216 Si
450 1191 546 1216 autem
560 1188 632 1216 illud
648 1188 846 1223 objiciendum
869 1196 924 1223 pu-

96 1236 150 1269 tas,
164 1233 251 1270 quia,
267 1234 338 1261 Cum
354 1233 494 1261 audissent
508 1233 624 1268 apostoli
647 1233 695 1268 qui
715 1235 795 1260 erant
824 1234 925 1260 Hiero-

95 1279 221 1315 solymis,
235 1278 306 1314 quia
321 1279 424 1314 recepit
439 1277 566 1305 Samaria
582 1277 694 1304 verbum
709 1277 766 1311 Dei,
790 1277 925 1304 miserunt

95 1323 186 1352 deos
203 1325 322 1351 Petrum
341 1326 369 1350 et
396 1322 537 1355 Joannem,
563 1322 612 1357 qui
639 1329 700 1348 cum
727 1322 862 1348 venissent
891 1321 925 1348 ud

95 1375 148 1403 eos,
162 1369 318 1396 omni
328 1374 381 1403 pro
403 1367 453 1400 cis,
472 1371 503 1394 ut
524 1367 678 1401 acciperent
701 1365 835 1401 Spiritum
857 1374 923 1392 srm-

93 1411 318 1446 dm,mdum
331 1412 406 1439 enim
425 1411 558 1439 ceciderat
585 1419 667 1446 super
694 1411 783 1438 ullum
813 1411 925 1438 illorum

94 1457 178 1495 (liii.
189 1455 294 1492 1‘46).
311 1455 371 1483 Cur
390 1455 432 1484 ita
458 1456 566 1483 factum
590 1455 642 1488 sit,
668 1455 697 1482 in
721 1455 925 1491 consequenti-

978 833 1109 869 quicum
1129 833 1278 869 disputare
1303 834 1444 867 nesciant,
1472 836 1570 861 tamen
1597 833 1712 869 litigare
1741 840 1798 859 non

978 877 1125 905 desinunt.
1145 878 1202 913 Ego
1219 878 1296 905 enim
1309 886 1367 905 non
1381 881 1441 905 tam
1458 878 1486 904 in
1515 877 1651 913 praesenti
1681 876 1800 904 Arianos

978 921 1021 949 vel
1037 922 1179 958 improbo,
1197 922 1240 949 vel
1256 922 1390 957 defendo,
1407 931 1495 957 quam
1512 922 1592 950 illam
1616 930 1720 949 cursus
1744 920 1801 948 mei

979 969 1087 994 metam
1103 966 1364 998 circumeo,eadem
1382 967 1493 994 ratione
1508 975 1524 994 a
1535 966 1619 993 nobis
1630 966 1800 1001 episcopum

979 1010 1078 1047 recipi,
1108 1020 1165 1046 qua
1190 1010 1281 1038 laicus
1308 1020 1324 1037 a
1353 1011 1434 1038 vobis
1463 1011 1610 1046 recipitur.
1639 1010 1667 1036 Si
1693 1010 1801 1037 erranti

979 1055 1114 1083 concedis
1130 1055 1256 1088 veniam,
1268 1057 1296 1082 ct
1310 1063 1362 1091 ego
1384 1055 1504 1090 ignosco
1533 1055 1695 1090 pomitenti.
1713 1055 1742 1081 Si
1771 1054 1800 1081 in

980 1100 1035 1127 ﬁde
1051 1108 1104 1127 sua
1116 1099 1262 1135 baptizato
1278 1100 1330 1134 (Al.
1358 1099 1550 1134 baptizatum)
1574 1099 1726 1135 baptizans
1750 1107 1802 1126 n0-

979 1153 1042 1172 cere
1058 1153 1115 1171 non
1132 1144 1236 1179 potuit,
1251 1146 1279 1171 et
1294 1144 1322 1171 in
1341 1144 1396 1171 fide
1411 1153 1465 1171 sua
1489 1144 1667 1171 sacerdotem
1694 1144 1801 1171 consti-

979 1191 1075 1216 tutum
1105 1188 1287 1216 constituens
1317 1197 1373 1215 non
1401 1189 1575 1224 inquinavit.
1605 1189 1725 1217 Subtilis
1759 1193 1803 1217 est

980 1233 1109 1266 hzeresis,
1124 1236 1152 1261 et
1163 1233 1226 1260 ideo
1239 1232 1387 1269 simplices
1399 1234 1501 1260 animae
1513 1233 1596 1261 facile
1606 1233 1802 1270 decipiuntur.

980 1278 1102 1314 Decepio
1118 1280 1177 1305 tam
1196 1277 1262 1305 laici
1280 1286 1367 1313 quam
1393 1278 1522 1314 episcopi
1552 1279 1718 1306 communis
1747 1282 1802 1306 est.

981 1324 1017 1349 At
1031 1323 1185 1358 episcopus
1200 1331 1295 1350 errare
1312 1331 1368 1349 non
1384 1322 1486 1357 potuit.
1505 1325 1611 1350 Revera
1625 1324 1660 1351 de
1676 1323 1803 1351 Platonis

981 1369 1008 1394 et
1024 1367 1226 1403 Aristophanis
1253 1367 1318 1394 sinu
1350 1367 1378 1394 in
1406 1367 1607 1403 episcopatum
1637 1367 1804 1403 allcguntur

981 1412 1035 1446 (Al.
1053 1411 1222 1448 eliguntur).
1241 1413 1352 1444 Quotus
1368 1412 1445 1438 enin:
1463 1412 1587 1447 quisque
1605 1415 1659 1445 est,
1677 1413 1727 1448 qui
1745 1422 1802 1440 non

981 1456 1113 1492 apprime
1131 1456 1157 1483 in
1175 1456 1220 1483 his
1237 1456 1368 1483 eruditus
1386 1456 1424 1483 sit
1439 1457 1452 1483 ‘2
1468 1457 1594 1492 Denique
1609 1465 1643 1484 ex
1669 1457 1803 1485 litteratis

94 1494 155 1530 bna
184 1500 276 1529 disce.
308 1501 373 1536 Ipse
398 1500 478 1528 enim
516 1500 573 1527 ait:
592 1499 643 1527 Sed
668 1500 757 1527 solum
795 1500 927 1535 baptismi
943 1493 963 1525 C
984 1501 1151 1536 quicunque
1167 1500 1251 1528 hodie
1268 1501 1451 1536 ordinantur,
1468 1501 1496 1528 id
1512 1501 1622 1529 habent
1648 1511 1734 1536 curua,
1751 1512 1808 1534 non

95 1549 182 1574 Μ
194 1546 228 1573 επ
238 1545 352 1574 notitiae
363 1545 474 1572 Domini
487 1545 560 1572 Jesu.
591 1545 662 1572 Tunc
690 1545 863 1580 imponebani
890 1545 925 1571 il-

97 1590 309 1624 lis-ms,et
334 1588 506 1625 accipiebant
532 1588 667 1624 Spiritum
695 1591 818 1616 sanctum
846 1588 924 1624 (Ibid.

97 1635 151 1669 16,
167 1633 226 1669 ιτ).
238 1633 300 1662 Hoc
309 1633 373 1661 loco
387 1633 413 1661 si
427 1635 456 1661 et
469 1635 501 1660 tu
526 1632 663 1661 similiter
686 1635 713 1660 te
730 1634 823 1661 facere
843 1633 926 1666 dicis,

96 1677 318 1716 quith
330 1685 388 1706 non
405 1677 626 1713 baptizaverunt
640 1677 668 1705 in
686 1678 795 1713 Spiritu
816 1680 927 1711 sancto,

94 1722 191 1752 scias
202 1720 364 1759 Philippum
379 1722 416 1750 ab
432 1721 573 1758 apostolis
598 1731 655 1749 non
676 1722 766 1750 fuisse
790 1722 928 1755 divisum,

92 1766 242 1796 eandm
254 1765 393 1795 habuisse
412 1766 582 1802 Ecclesium,
612 1767 748 1794 eumdem
772 1767 929 1794 Dominum

90 1809 367 1843 mandatum
382 1811 555 1848 praedicasse
568 1820 574 1839 :
587 1811 743 1839 diaconum
754 1813 831 1838 certe
840 1811 930 1839 fuisse

91 1858 218 1891 eoa-Ii,
231 1855 285 1893 qui
301 1857 404 1892 postea
424 1864 532 1884 manus
556 1856 770 1892 imposuerunt.
797 1856 840 1883 Tu
863 1864 930 1883 vero

91 1900 269 1939 map!!!
282 1899 409 1929 Arianos
423 1908 482 1928 non
498 1900 656 1929 Ecclesium
675 1901 756 1928 dicas
780 1908 853 1934 esse,
880 1900 931 1928 sed

90 1953 289 1984 mam
301 1953 310 1980 ;
324 1953 380 1974 nec
394 1945 516 1974 clericos
533 1944 593 1979 Dei,
610 1945 661 1973 sed
678 1947 817 1972 creaturae
829 1947 857 1973 et
868 1945 933 1972 ido-

90 1989 199 2019 lamin
210 1986 359 2024 ianitores,
373 1989 519 2026 quomodo
534 1989 562 2016 in
579 1989 687 2025 dispari
700 1997 789 2017 causa
799 1989 932 2017 eamdem

93 2033 382 2074 rationem
398 2036 427 2062 te
439 2035 547 2062 tenere.

128 2076 184 2108 40.
197 2079 235 2108 ι..
247 2075 390 2107 Valenter
414 2077 532 2114 quidem
547 2079 576 2106 et
604 2078 660 2106 fixo
686 2078 777 2114 gradu
808 2087 854 2106 me
880 2078 934 2106 tibi

91 2121 259 2154 im
279 2121 472 2151 dimicantem
499 2121 632 2159 repellis;
647 2123 698 2150 sed
728 2125 794 2158 post
820 2125 933 2159 tergum

131 2220 223 2258 ἤδη
235 2220 435 2258 φυξίειιωάἰ
455 2221 631 2258 presbyteris
656 2229 712 2249 non
741 2222 863 2250 obscure
891 2231 937 2250 as-

95 2256 365 2294 .ﬂgqgigtiim
379 2256 468 2294 psum
484 2256 643 2294 aliquade
667 2258 796 2294 permitti
826 2259 854 2285 in
884 2258 940 2294 epi-

95 2290 186 2322 ἁοκ
197 2290 245 2322 ἀι
258 2291 454 2330 Ivapgelium
467 2290 607 2330 indicavit
620 2301 627 2320 :
640 2304 653 2318 ι(
667 2290 743 2325 Ὸυίᾶ
764 2293 844 2321 enim
860 2290 938 2327 facit,

114 2330 241 2366 ψ
261 2327 462 2366 ρεύἰηξιίριιει
488 2328 649 2366 episcopus
680 2329 759 2366 quod
790 2330 941 2366 presbyter

177 2349 667 2406 ᾗῧ-ξίξιῑνάοιῑιῖξιῑῖιῑῖίρ
681 2349 940 2406 agnamve:

355 2399 559 2442 presgvm
580 2400 665 2436 Apud
696 2402 851 2442 Ᾱᾷεδιρζιιιη
878 2408 940 2435 pre-

89 2688 94 2689 ί
121 2673 234 2708 tres
274 2672 298 2708 ν

152 2435 432 2474 milk,
446 2435 471 2464 si
487 2435 616 2474 presseris
630 2443 687 2474 non
703 2436 741 2463 sit
753 2435 940 2472 episcopus.»

147 2467 539 2506 ﬁW'iatuaam-Itor
553 2471 753 2503 Quaestionum
770 2467 804 2499 ex
819 2467 942 2506 utroque

179 2505 380 2544 ῥίψω)
394 2507 473 2544 inter
484 2506 641 2544 Augustini
656 2515 744 2543 opera
761 2515 771 2544 :7
785 2509 871 2544 atque
895 2505 942 2544 bis

176 2542 375 2579 milia"
387 2542 505 2579 dicitur,
517 2542 595 2579 apud
616 2542 728 2570 Graecos
747 2543 885 2571 obtinere.
895 2543 941 2570 In-

285 2579 386 2615 ungi!
401 2577 508 2608 celebri
523 2577 566 2606 ita
580 2579 624 2615 radi
648 2579 815 2615 Decentium
826 2579 941 2615 cpisto-

192 2612 483 2652 Mayigaandia
501 2622 568 2642 vero
578 2613 741 2652 infantibus
752 2612 942 2652 manit'éstum

417 2650 555 2714 apiscopo
579 2649 640 2677 fieri
662 2648 758 2679 licere.
780 2650 852 2692 Nam
877 2659 942 2686 pre-

327 2692 420 2714 ιι
443 2686 542 2714 istaut
556 2684 733 2714 sacerdotes.
756 2687 942 2714 DOnllﬁcatus

327 2684 451 2722 ineundi
465 2684 542 2722 sicut
556 2684 733 2720 sacerdotes,
755 2684 943 2722 pontiﬁcatus

130 2704 739 2767 πῆἵωἭῖιῖἕὲἐῗὲὂῖἱῦἱὲῗῆ
755 2704 943 2762 ἱῖῗιὶὶῖὶὶῗὶιῖιῖ

981 1545 1128 1580 quomodo
1167 1545 1383 1580 Scripturarum
1421 1545 1564 1574 medullas
1593 1547 1721 1582 ebibant,
1750 1552 1801 1578 sed

982 1590 1129 1625 quomodo
1159 1598 1244 1617 aures
1273 1590 1373 1626 populi
1403 1590 1632 1619 declamatorum
1670 1594 1803 1623 ﬂosculis

985 1634 1140 1661 mulceant.
1157 1635 1275 1662 Accedit
1290 1635 1325 1662 ad
1350 1634 1415 1669 hoc,
1445 1636 1521 1671 quod
1551 1637 1658 1664 Ariuua
1685 1638 1804 1667 haeresis

985 1678 1077 1714 magis
1093 1687 1160 1706 cum
1176 1679 1320 1715 sapientia
1335 1679 1433 1706 smculi
1450 1680 1527 1714 facit,
1558 1683 1585 1708 et
1614 1686 1802 1718 argumenta-

984 1723 1095 1750 tionum
1124 1723 1199 1751 rivos
1229 1724 1265 1750 de
1293 1723 1457 1751 Aristotelis
1481 1724 1611 1752 fontibus
1642 1730 1806 1761 mutuatur,

986 1768 1078 1804 Igitur
1093 1767 1277 1803 parvulorum
1295 1768 1371 1795 inter
1386 1776 1416 1795 se
1431 1768 1606 1796 certantium
1623 1770 1690 1805 ritu,
1720 1772 1808 1807 quid-

986 1812 1055 1847 quid
1073 1812 1191 1845 dixeris,
1208 1812 1319 1839 dicam:
1341 1812 1514 1846 atﬁrmabis,
1531 1814 1702 1843 al‘llrmabo:
1720 1825 1809 1853 nega-

986 1857 1031 1885 bis
1047 1856 1170 1892 negabo,
1187 1856 1311 1883 Arianus
1328 1857 1465 1892 baptizat,
1482 1866 1549 1894 ergo
1565 1859 1720 1896 episcopus
1745 1864 1807 1889 est:

987 1910 1044 1929 non
1060 1901 1198 1936 baptizat,
1214 1902 1245 1927 tu
1262 1900 1357 1928 refuta
1372 1901 1489 1936 laicum,
1507 1905 1535 1930 et
1550 1912 1602 1938 ego
1628 1913 1684 1932 non
1702 1906 1809 1941 recipio

988 1945 1177 1973 sacerdotem.
1193 1945 1304 1981 Sequar
1319 1948 1346 1972 te
1362 1954 1536 1982 quocunque
1553 1947 1630 1981 ieris,
1653 1951 1704 1976 aut
1729 1950 1809 1985 pari-

988 1993 1032 2018 ter
1046 1990 1076 2018 in
1091 1989 1152 2017 luto
1174 1989 1387 2022 haesitabimus,
1409 1992 1459 2018 aut
1481 1991 1590 2026 pariter
1611 1993 1807 2024 expediemur.

1028 2037 1067 2063 12.
1082 2035 1216 2063 Solemnis
1232 2035 1408 2070 interrogatio
1429 2036 1457 2062 in
1473 2036 1616 2071 baptismo.
1642 2053 1675 2057 -α
1699 2039 1729 2066 L.
1754 2038 1809 2065 Sed

989 2080 1062 2107 laico
1078 2079 1143 2107 ideo
1159 2079 1369 2115 ignoscendum
1390 2082 1444 2114 est,
1462 2080 1538 2108 I84
1558 2081 1627 2116 quia
1651 2082 1812 2110 Ecclesium

989 2124 1038 2153 Dei
1066 2123 1361 2160 putans,simpliciter
1399 2125 1530 2158 accessit,
1560 2128 1589 2153 et
1612 2126 1698 2162 juxta
1723 2127 1811 2155 iidem

950 2179 972 2211 D

994 2221 1065 2260 solis
1076 2221 1345 2260 deberiepiscopis,
1363 2224 1394 2249 ut
1408 2222 1451 2250 vel
1469 2222 1650 2260 consignant,
1667 2224 1708 2251 vel
1730 2232 1814 2260 para-

995 2257 1101 2285 clelum
1117 2257 1256 2293 Spiritum
1281 2257 1407 2291 tradant,
1432 2267 1489 2285 non
1514 2257 1609 2287 soﬁim
1635 2257 1816 2287 consuetudo

995 2293 1175 2321 ccclesiatica
1190 2293 1382 2326 demonstrat,
1399 2302 1499 2321 verum
1516 2296 1545 2321 et
1568 2295 1618 2321 illa
1647 2294 1731 2322 lectio
1760 2296 1815 2322 Ac-

995 2328 1302 2366 tuum'aposlolorum.
1319 2341 1332 2353 ››
1348 2332 1403 2366 θὶῇ
1417 2329 1523 2366 Confer
1543 2330 1585 2366 ΞἶΔ
1598 2330 1716 2366 Gregor.
1740 2330 1816 2366 Mag.

996 2338 1078 2356 tuum
1093 2338 1302 2364 aposwlorum.
1319 2341 1332 2353 ››
1348 2338 1402 2356 etC.
1417 2338 1523 2356 uomer
1543 2338 1572 2357 δ.
1598 2338 1716 2366 uregor.
1741 2338 1786 2358 ma
1810 2351 1816 2357 .

996 2366 1015 2392 l.
1034 2373 1071 2399 iv,
1088 2372 1134 2400 ep.
1157 2364 1191 2391 ad
1221 2364 1341 2391 Januar.
1359 2372 1367 2392 :
1382 2364 1474 2392 Tolet.
1491 2364 1595 2393 Concil.
1628 2366 1648 2398 Ι,
1676 2374 1740 2393 can.
1773 2338 1818 2400 ig,

996 2399 1164 2428 Arausican.
1181 2399 1269 2427 fidem
1287 2400 1312 2432 1,
1328 2408 1393 2427 can.
1411 2400 1453 2426 11.

1031 2436 1041 2452 ²
1058 2435 1141 2464 Falso
1172 2435 1366 2468 Martianzeus,
1383 2435 1413 2462 in
1432 2435 1538 2462 lectulis
1553 2444 1605 2472 pro
1623 2436 1743 2471 vilullis,
1769 2439 1820 2465 aut

997 2472 1103 2499 viculis.

1033 2508 1044 2524 ³
1059 2508 1098 2534 Im
1105 2507 1196 2543 pressi
1210 2506 1331 2542 aliquot,
1347 2506 1482 2542 dignitalc
1497 2515 1528 2534 ac
1551 2510 1731 2537 veneratione
1753 2518 1821 2537 con-

996 2544 1078 2570 sistit.

1034 2578 1162 2622 :Cuisi
1187 2586 1242 2622 non.
1271 2586 1360 2605 ποτε.
1391 2577 1604 2622 Mss.'codices
1627 2581 1676 2622 _ita_
1702 2580 1821 2622 legupt:

1000 2626 1013 2638 ‹‹
1032 2614 1082 2641 Cui
1105 2615 1129 2641 si
1153 2622 1208 2641 non
1233 2614 1290 2641 lucc
1316 2622 1374 2641 sors
1402 2613 1527 2650 quautam
1552 2617 1578 2643 et
1605 2617 1639 2643 ab
1666 2613 1825 2643 hominibus

1000 2651 1122 2688 eminens
1135 2650 1216 2678 detur
1227 2651 1352 2688 potestas.
1371 2660 1384 2676 υ
1396 2652 1451 2688 etc.
1469 2650 1524 2688 Sed
1547 2651 1662 2688 videtur
1674 2653 1748 2688 ᾐωεῄ
1764 2658 1827 2688 sors

999 2686 1131 2752 ᾓίῖἑξᾚὲ
1146 2694 1196 2722 pro
1212 2684 1301 2716 ekors.
1319 2697 1333 2712 n
1350 2686 1428 2723 quod
1451 2687 1522 2716 satis
1538 2695 1595 2716 non
1610 2684 1830 2722 intelligebant.

1029 2729 1131 2753 ARTIAN
1135 2742 1141 2753 ι

1767 2810 2676 3226 χ
