5364 6558
1004 312 1149 416 ἆγε

2256 347 2346 407 -S.
2391 345 2703 409 EUSEBII
2747 346 3192 411 HIERONYMI

4313 348 4432 412 1⁸16

1033 499 1200 540 suam
1232 483 1475 541 credens
1504 481 1833 555 baptizatus
1865 483 1971 538 est.
2007 479 2071 537 0.
2110 479 2329 536 Novam
2358 493 2480 535 rem
2518 494 2678 535 asse-
2706 484 2761 551 Α
2792 496 2919 552 quae
2977 468 3247 539 contento
3323 498 3496 539 nervo
3562 481 3856 556 dirigitur,
3906 479 4142 537 difficile
4215 479 4432 537 vitatur

1032 568 1136 640 ris,
1169 576 1233 629 ut
1260 571 1627 629 Christianus
1658 570 1974 644 quisquam
2006 569 2195 625 factus
2227 569 2303 624 sit
2331 568 2404 624 ab
2452 584 2541 635 eo,
2575 568 2677 639 qui

1028 670 1150 717 non
1194 661 1307 717 fuit
1348 660 1741 718 Christianus.
1789 659 2084 715 Accedens
2131 659 2203 714 ad
2251 657 2498 712 Arianos
2546 658 2583 725 ¹,
2618 657 2677 711 in

1030 767 1148 823 qua
1177 750 1292 807 fide
1320 750 1649 823 baptizatus
1679 747 1819 805 est?
1849 747 2070 819 Nempe
2100 746 2159 801 in
2185 763 2254 801 ea
2284 762 2463 817 quam
2493 744 2677 800 habe-

1030 837 1174 895 bant
1201 837 1420 895 Ariani.
1464 842 1581 894 Aut
1629 838 1680 894 si
1727 837 1856 907 jam
1915 835 2040 907 ipse
2101 834 2246 889 bene
2303 833 2590 901 credebat,
2623 837 2679 889 et

1030 920 1224 985 sciens
1254 928 1325 984 ab
1356 926 1641 983 haereticis
1670 924 2004 997 baptizatus
2052 927 2160 990 est,
2201 922 2416 978 erroris
2445 921 2675 977 veniam

1029 1033 1147 1073 non
1178 1020 1453 1073 meretur.
1484 1015 1703 1071 Verum
1734 1013 1843 1069 hoc
1873 1012 2110 1084 penitus
2140 1011 2463 1067 absurdum
2490 1013 2597 1079 est,
2615 1014 2677 1065 ut

1029 1104 1359 1179 discipulus
1397 1105 1469 1160 ad
1502 1101 1851 1176 magistrum
1900 1101 2120 1157 vadens
2170 1102 2303 1155 ante
2353 1099 2430 1155 sit
2471 1099 2678 1155 artifex

1029 1209 1210 1269 quam
1238 1193 1518 1249 doceatur
1542 1208 1556 1259 ;
1591 1194 1655 1245 ut
1684 1189 1858 1246 modo
1888 1189 1960 1245 ab
1992 1188 2283 1244 idolorum
2308 1187 2678 1244 veneratione

1028 1296 1366 1349 conversus,
1398 1278 1621 1336 noverit
1651 1277 1949 1335 Christum
1981 1277 2193 1333 melius
2222 1294 2397 1349 quam
2430 1275 2529 1331 ille
2576 1277 2676 1348 qui

1027 1369 1251 1426 doceat.
1275 1371 1350 1425 At
1380 1365 1526 1443 dicis
1557 1383 1570 1422 :
1602 1366 1957 1440 Simpliciter
1986 1367 2046 1421 in
2091 1365 2280 1432 Putre,
2320 1369 2378 1421 et
2424 1364 2587 1436 Filio,
2620 1368 2678 1420 et

1024 1444 1247 1530 Spiritu
1278 1460 1482 1513 sancto
1514 1455 1760 1512 credidit
1787 1459 1845 1511 et
1892 1455 2022 1511 ideo
2072 1453 2368 1526 baptisma
2407 1470 2676 1510 consecu-

1024 1549 1123 1603 tus
1153 1551 1262 1603 est.
1294 1548 1429 1612 Quae
1461 1549 1550 1602 est
1568 1545 1704 1613 ista,
1758 1560 1979 1616 quaso,
2028 1542 2401 1616 simplicitas,
2452 1542 2675 1599 nescire

1024 1634 1181 1707 quod
1211 1634 1462 1691 credas?
1488 1631 1846 1706 Simpliciter
1874 1631 2147 1688 credidit.
2188 1631 2336 1697 Quid
2377 1630 2620 1687 credidit
2648 1631 2676 1685 ‘l

1025 1717 1178 1780 certe
1207 1726 1310 1780 aut
1335 1722 1450 1779 tria
1478 1722 1720 1778 nomina
1745 1720 2013 1789 audiens,
2058 1722 2177 1776 tres
2220 1720 2358 1775 deos
2406 1718 2672 1785 credidit,

1023 1816 1082 1869 et
1110 1810 1421 1869 idololatra
1449 1812 1688 1868 effectus
1727 1813 1850 1879 est;
1892 1813 1993 1865 aut
2040 1809 2101 1864 in
2143 1808 2332 1864 tribus
2374 1807 2674 1864 vocabulis

1024 1900 1406 1957 trinominem
1463 1900 1709 1956 credens
1768 1900 1974 1967 Deum,
2024 1898 2083 1952 in
2142 1896 2381 1952 Sabellii
2405 1896 2674 1953 haeresim

1024 1988 1412 2046 incurrit.Aut
1441 1989 1684 2045 edoctus
1714 1988 1789 2044 ab
1824 1986 2073 2052 Ariauis,
2093 2002 2279 2041 unum
2311 2002 2438 2042 esse
2467 2002 2671 2042 verum

1022 2077 1208 2135 Deum
1238 2078 1490 2144 Patrem,
1524 2075 1759 2144 Filium,
1789 2080 1847 2131 et
1872 2075 2155 2148 Spiritum
2187 2078 2455 2131 sanctum
2488 2074 2671 2131 credi-

1023 2166 1112 2224 dit
1141 2171 1460 2224 creaturas.
1492 2168 1782 2222 Autextra
1809 2165 1931 2220 haec
1962 2165 2102 2241 quid
2134 2165 2368 2220 credere
2396 2163 2671 2235 potuerit,

1024 2255 1257 2312 nescio:
1291 2254 1409 2311 nisi
1439 2256 1587 2310 forte
1615 2253 1792 2310 homo
1813 2254 1939 2325 jam
1973 2255 2220 2309 eductus
2269 2253 2327 2308 in
2365 2251 2669 2324 Capitolio,

1022 2345 1374 2401 homousion
1406 2343 1691 2400 didicerat
1738 2342 2109 2398 Trinitatem.
2141 2341 2369 2397 Sciebat
2416 2342 2667 2410 Patrem,

1023 2432 1258 2502 Filium,
1290 2437 1349 2489 et
1378 2431 1659 2506 Spiritum
1680 2434 1974 2498 sanctum,
2010 2448 2124 2487 non
2160 2435 2387 2499 natura,
2414 2430 2515 2485 sed
2550 2447 2671 2503 per-

1019 2523 1184 2580 sonis
1213 2538 1341 2579 esse
1369 2522 1607 2579 divisos.
1638 2521 1867 2577 Sciebat
1894 2524 1952 2576 et
1976 2520 2105 2575 Filii
2138 2536 2350 2575 nomen
2390 2520 2449 2574 in
2500 2524 2668 2575 Patre

1021 2615 1080 2667 et
1106 2611 1298 2667 Patris
1329 2627 1541 2666 nomen
1574 2610 1634 2664 in
1668 2609 1815 2665 Filio
1847 2610 1886 2664 ³.
1930 2608 2198 2664 Ridicule
2219 2608 2453 2681 penitus
2474 2624 2667 2664 asser-

1020 2699 1122 2769 tio,
1155 2704 1289 2756 ante
1318 2699 1389 2755 de
1422 2700 1536 2754 fide
1558 2698 1897 2771 quempiam
1946 2697 2268 2770 disputare,
2320 2713 2498 2770 quam
2545 2713 2669 2753 cre-

1024 2788 1194 2856 dere;
1227 2791 1362 2844 ante
1392 2787 1737 2861 mysterium
1786 2786 1953 2852 scire,
1990 2803 2167 2857 quam
2226 2785 2494 2841 initiatus
2552 2787 2665 2853 sit;

1017 2874 1189 2933 aliter
1218 2877 1288 2933 de
1318 2876 1435 2933 Deo
1465 2875 1683 2933 sentire
1714 2874 2126 2948 baptizantem,
2159 2878 2216 2930 et
2262 2873 2432 2931 aliter
2478 2874 2665 2946 bapti-

1018 2970 1237 3023 zatum.
1306 2965 1588 3022 Prteterca
1650 2981 1785 3020 cum
1844 2963 2105 3021 solemne
2180 2966 2256 3019 sit
2321 2963 2379 3018 in
2438 2963 2665 3019 lavacro

1018 3059 1154 3130 post
1200 3053 1504 3111 Trinitatis
1558 3053 1983 3109 confessionem
2038 3053 2414 3125 interrogare.
2466 3051 2666 3107 Credis

1019 3148 1287 3202 sanctam
1318 3142 1637 3199 Ecclesium
1666 3143 1690 3177 ³
1714 3142 1742 3196 ?
1770 3142 1960 3198 credis
2001 3140 2408 3198 remissionem
2458 3158 2661 3213 pecca-

2784 571 2932 624 Ante
2960 570 3117 626 enim
3148 571 3220 626 ad
3251 587 3407 638 eum,
3440 572 3512 626 ad
3571 587 3745 643 quem
3788 571 3954 641 jacta
4006 574 4098 624 est
4148 568 4429 640 pervenit,

2784 674 2962 730 quam
2994 658 3157 714 obice
3185 657 3355 731 clipei
3387 660 3719 715 frustretur.
3749 660 3790 713 E
3833 657 4127 714 contrario
4166 661 4279 713 tuae
4305 674 4436 730 pro-

2789 747 3129 819 positiones,
3175 747 3315 819 quia
3353 748 3479 804 sine
3509 748 3646 803 ferri
3675 748 3947 803 acumine
3981 746 4434 814 mittuntur,ho-

2785 839 2936 891 stem
2976 852 3090 891 non
3138 834 3331 891 valent
3378 837 3688 908 perforare.
3754 835 3914 891 Hanc
3971 834 4154 907 igitur
4202 834 4433 892 hastam

2785 941 2962 996 quam
2991 922 3131 980 totis
3158 923 3379 980 viribus
3422 923 3658 993 misisti,
3695 925 3765 980 de
3813 941 3929 995 qua
3980 924 4150 980 nobis
4199 923 4433 979 minita-

2784 1013 2887 1080 ris,
2915 1029 3052 1079 uno,
3088 1016 3151 1067 ut
3177 1012 3362 1081 aiunt,
3389 1012 3637 1084 digitulo
3686 1011 3984 1084 repellam.
4019 1010 4217 1083 Neque
4264 1012 4422 1068 enim

2783 1101 2894 1156 hoc
2926 1102 3099 1157 modo
3130 1101 3435 1174 quieritur,
3469 1118 3542 1157 an
3586 1101 3896 1174 episcopus
3953 1100 4241 1173 poenitens
4296 1116 4429 1157 esse

2784 1206 2902 1245 non
2925 1190 3129 1262 possit,
3163 1194 3221 1246 et
3234 1189 3420 1246 laicus
3443 1189 3627 1263 possit
3656 1190 3684 1245 ‘l
3737 1192 3837 1246 sed
3864 1207 3935 1246 an
3957 1190 4263 1246 haereticus
4287 1189 4430 1260 bap-

2782 1278 2960 1334 tisma
2989 1278 3257 1335 habeat?
3287 1279 3387 1351 qui
3435 1280 3509 1350 si,
3555 1283 3621 1335 ut
3668 1283 3916 1344 constat,
3966 1279 4261 1351 baptisma
4307 1295 4427 1335 non

2784 1366 2977 1434 habet,
3010 1368 3301 1438 quomodo
3342 1371 3535 1439 potest
3576 1384 3705 1424 esse
3750 1368 4063 1440 paenitens,
4113 1370 4432 1439 antequam

2782 1455 3201 1513 Christianus?
3244 1457 3429 1513 Proba
3485 1456 3631 1513 mihi
3689 1458 3761 1513 ab
3817 1457 4049 1513 Arianis
4100 1456 4433 1514 venientem

2784 1546 2998 1601 laicum
3020 1545 3234 1602 habere
3265 1547 3649 1617 baptismum,
3677 1551 3734 1602 et
3761 1550 3901 1602 tunc
3933 1545 3985 1601 ei
4016 1546 4432 1618 paenitentiam

2786 1651 2899 1690 non
2931 1634 3175 1706 negabo.
3209 1633 3270 1690 Si
3297 1651 3430 1690 vero
3469 1634 3839 1690 Christianus
3887 1650 4002 1690 non
4045 1639 4154 1704 est,
4202 1633 4253 1690 si
4312 1651 4433 1691 non

2783 1722 3054 1778 habuerit
3084 1724 3445 1779 sacerdotem
3478 1724 3579 1795 qui
3608 1739 3744 1779 eum
3765 1723 3979 1779 faceret
3998 1721 4429 1791 Christianum,

2785 1812 3079 1883 quomodo
3111 1816 3242 1885 aget
3303 1811 3706 1884 paenitentiam
3764 1811 3963 1877 homo,
4014 1811 4115 1883 qui
4174 1811 4430 1867 necdum

2783 1900 2966 1956 credit
2995 1901 3022 1955 ’ἶ

2853 1990 2941 2044 lli.
2973 1991 3034 2043 L.
3069 1989 3178 2045 Oro
3211 1994 3266 2045 te
3300 1994 3382 2056 ut,
3408 1989 3894 2062 philosophorum
3920 1988 4431 2061 argumentatione

2782 2078 3064 2151 deposita,
3095 2078 3425 2134 Christiana
3454 2094 3686 2134 mecum
3729 2077 4105 2150 simplicitate
4145 2076 4436 2149 loquaris,

2780 2167 2829 2221 si
2855 2172 3049 2223 tamen
3081 2184 3197 2223 non
3250 2167 3585 2223 dialecticos
3637 2167 3904 2238 sequaris
3953 2168 4059 2238 (Al.
4117 2166 4435 2238 sequeris).

2779 2256 2882 2311 sed
2912 2255 3251 2327 piscatores.
3280 2256 3610 2326 quuumne
3639 2255 3745 2311 tibi
3770 2254 4017 2324 videtur,
4070 2258 4133 2309 ut
4175 2254 4438 2309 Arianus

2778 2343 3087 2416 episcopus
3118 2345 3194 2400 sit
3220 2345 3246 2399 ?
3273 2345 3333 2401 0.
3366 2345 3453 2400 Tu
3483 2361 3617 2400 eum
3646 2345 3985 2416 episcOpum
4016 2343 4250 2416 probas,
4286 2343 4437 2415 quia

2778 2434 2850 2488 ab
2872 2450 2938 2489 eo
2970 2432 3181 2504 recipis
3200 2434 3583 2505 baptizatum,
3612 2437 3670 2487 et
3726 2433 3785 2487 in
3846 2433 3953 2488 hoc
4001 2432 4436 2505 reprehenden-

2778 2522 2890 2578 dus
2921 2539 3004 2589 es,
3039 2538 3219 2594 quare
3250 2539 3284 2577 a
3315 2522 3485 2578 nobis
3515 2520 3837 2594 parietibus
3861 2522 4172 2594 separaris,
4204 2536 4340 2576 cum
4365 2519 4434 2576 in

2778 2610 2891 2665 ﬁde
2921 2614 2978 2665 et
3019 2610 3076 2665 in
3126 2611 3486 2665 Arianorum
3545 2608 3853 2666 nobiscum
3914 2609 4241 2682 receptione
4293 2625 4434 2664 con-

2777 2699 2997 2754 sentias
3018 2698 3044 2752 ?
3073 2700 3131 2754 L.
3164 2697 3293 2753 Jam
3318 2703 3374 2754 et
3402 2699 3676 2770 superius
3707 2699 3926 2772 rogavi,
3970 2703 4035 2753 ut
4066 2714 4182 2753 non
4233 2696 4430 2769 philo-

2779 2787 3040 2860 sophice,
3070 2788 3171 2843 sed
3204 2787 3532 2843 Christiane
3564 2804 3795 2844 mecum
3828 2786 4436 2859 loquaris.0.Discere

2775 2876 2882 2944 vis,
2919 2893 2993 2931 an
3022 2876 3328 2933 contendis
3356 2877 3384 2931 ‘I
3412 2881 3474 2932 L.
3500 2876 3711 2949 Utique
3741 2877 4051 2945 contendo,
4104 2876 4241 2948 quia
4288 2876 4433 2931 facti

2774 2966 2860 3021 tui
2894 2984 2927 3020 a
2959 2970 3013 3020 te
3045 2982 3238 3037 quaero
3270 2965 3577 3022 rationem.
3611 2968 3670 3022 0.
3703 2968 3759 3022 Si
3790 2966 4115 3032 contendis,
4140 2967 4266 3037 jam
4315 2965 4431 3022 tibi

2776 3071 3124 3126 responsum
3157 3060 3264 3110 est.
3299 3055 3515 3111 Eadem
3544 3055 3701 3111 enim
3725 3055 3947 3111 ratione
3979 3055 4318 3127 episcopum
4349 3053 4430 3110 ab

2776 3144 3007 3199 Arianis
3030 3142 3392 3215 recipio,qua
3412 3149 3474 3200 tu
3499 3144 3709 3216 recipis
3731 3143 4178 3215 baptizatum.Si
4200 3143 4430 3199 discere

1017 3236 1213 3288 torum
1241 3231 1271 3287 ?
1300 3232 1485 3297 Quam
1540 3229 1863 3287 ‘Ecclesiam
1922 3230 2243 3286 credidisse
2298 3247 2432 3286 eum
2462 3230 2607 3286 dicis
2636 3230 2664 3285 ‘?
2694 3220 2736 3286 C
2776 3233 2962 3303 cupis,
2996 3231 3056 3287 in
3095 3249 3286 3288 meam
3329 3232 3511 3287 aciem
3568 3233 3995 3304 transgredere.
4040 3231 4429 3288 Adversarius

1020 3318 1371 3377 Arianorum
1391 3320 1422 3374 ‘t
1449 3319 1549 3375 sed
1582 3337 1697 3375 non
1730 3320 1965 3375 habent.
1992 3320 2264 3375 Nostram
2299 3321 2326 3373 ?
2358 3320 2456 3375 sed
2505 3324 2668 3375 extra

1017 3408 1171 3477 hanc
1197 3409 1526 3482 baptizatus
1569 3424 1685 3465 non
1742 3409 1932 3480 potuit
1985 3425 2114 3464 eam
2174 3408 2425 3476 credere,
2485 3425 2663 3480 quam

1018 3497 1284 3555 nescivit.

1087 3586 1539 3653 l3.L.Quoniam
1562 3588 1633 3643 ad
1668 3585 1866 3643 omnia
1893 3572 2416 3660 arguméntaris,et
2445 3587 2664 3643 emissa

1013 3693 1049 3733 a
1086 3676 1256 3733 nobis
1284 3675 1512 3748 spicula
1540 3680 1706 3732 scuto
1737 3675 2017 3731 orationis
2061 3674 2272 3743 eludis,
2324 3691 2501 3730 unam
2556 3675 2657 3730 hn-

1013 3769 1166 3822 stam
1196 3764 1427 3837 jaciam,
1460 3781 1587 3837 quae
1623 3765 1939 3821 umbonem
1971 3763 2248 3836 tegminis
2274 3763 2378 3831 tui,
2400 3768 2456 3819 et
2486 3762 2660 3818 verba

1013 3853 1380 3927 crepitantia,
1432 3854 1484 3908 vi
1541 3870 1652 3909 sua
1708 3858 1992 3925 penetret,
2026 3870 2132 3908 nec
2190 3851 2413 3907 diutius
2470 3851 2661 3924 patiar

1013 3942 1417 3999 fortitudinem
1451 3947 1571 3998 arte
1602 3941 1887 4014 superari.
1920 3941 2072 3998 185
2107 3941 2315 3997 Laicus
2345 3940 2520 3997 etiam
2568 3958 2659 3997 ex-

1011 4034 1105 4087 tra
1132 4029 1449 4087 Ecclesiam
1493 4031 1606 4088 ﬁde
1635 4031 1964 4104 baptizatus
1987 4031 2324 4103 ‘,pocnitens
2348 4030 2651 4103 recipitur:

1008 4120 1319 4194 episcopus
1348 4136 1481 4177 vero
1527 4124 1629 4176 aut
1677 4120 2079 4193 paenitentiam
2120 4137 2236 4175 non
2270 4120 2409 4191 agit,
2463 4124 2519 4174 et
2560 4136 2652 4175 sa-

1009 4209 1213 4266 cerdos
1241 4213 1349 4277 est,
1383 4214 1483 4266 aut
1539 4210 1589 4264 si
1648 4208 2049 4281 paznitentiam
2085 4208 2289 4280 egerit,
2349 4224 2477 4264 esse
2531 4208 2651 4280 epi-
2696 4202 2703 4209 ’

1006 4314 1220 4373 seopus
1251 4298 1485 4355 desinit.
1519 4298 1908 4363 Quamobrem
1951 4302 2102 4353 recte
2160 4314 2265 4353 nos
2322 4296 2536 4352 laicum
2597 4301 2653 4353 et

1006 4388 1367 4461 suscipimus
1395 4388 1811 4460 pmnitentcm;
1845 4391 1902 4443 et
1941 4386 2302 4458 episcopum,
2349 4385 2398 4440 si
2444 4384 2503 4440 in
2551 4403 2649 4442 sa-

1006 4476 1261 4533 cerdotio
1294 4492 1663 4550 perseverare
1689 4475 1833 4545 vult,
1867 4475 2268 4548 repudiamus.
2323 4473 2381 4528 0.
2427 4475 2650 4548 Sagitta

1078 4620 1094 4654 ¹
1126 4618 1423 4675 Contrario
1453 4635 1629 4675 sensu
1660 4622 1827 4675 vetus
1883 4617 2057 4674 editio
2116 4616 2376 4673 Accedens
2410 4618 2650 4674 Arianae
2682 4593 2727 4658 D
2756 4633 2858 4687 gra
2901 4615 3188 4683 formula;
3252 4634 3385 4672 nam
3413 4618 3563 4673 infra
3621 4619 3729 4674 sub
3787 4616 4102 4673 Ortbodoxi

1004 4690 1062 4747 id
1096 4695 1187 4748 est
1215 4690 1287 4746 ab
1316 4690 1550 4747 Arianis
1566 4691 1806 4747 veniens
1838 4690 1910 4746 ad
1931 4689 2226 4745 orthoxos.

1075 4763 1097 4797 ²
1149 4762 1313 4827 Quod
1364 4761 1644 4818 nimirum
1703 4762 1867 4833 Pater
1928 4761 2139 4833 nequit;
2186 4759 2450 4833 cogitari,
2512 4761 2655 4832 quin

1003 4832 1131 4906 Filii
1164 4832 1440 4906 cogitatio
1470 4830 2056 4906 occurrat.illi_larius,
2082 4830 2295 4906 lib._vfi
2323 4831 2389 4886 de
2419 4830 2611 4888 Trinit.
2639 4851 2652 4888 :

1003 4904 1047 4956 α’
1067 4906 1207 4975 Quia
1236 4902 1287 4962 Et
1314 4922 1506 4961 nomen
1539 4909 1724 4962 Patris
1754 4904 1916 4959 habet
1938 4906 1997 4958 in
2025 4918 2081 4975 se
2108 4902 2247 4975 Filii
2274 4918 2490 4958 nomen.
2527 4926 2555 4975 η

1072 4973 1098 5011 ί
1123 4977 1316 5033 Credis
1344 4988 1613 5043 sanctam,
1648 4982 1755 5032 etc.
1790 4976 1850 5029 In
1877 4973 2207 5045 praepositio
2238 4974 2332 5028 hic
2354 4974 2653 5045 superflua

1004 5047 1195 5104 deleta
1224 5053 1314 5104 est
1344 5048 1403 5104 in
1434 5049 1634 5104 codice
1677 5044 2045 5101 Cluniacensi
2074 5062 2086 5111 ;
2122 5044 2477 5100 Sorbonicus
2520 5061 2648 5101 eam

1001 5135 1121 5179 non
1151 5119 1291 5191 legit
1327 5120 1384 5175 in
1447 5116 1947 5191 consequentibus
2001 5120 2132 5191 post
2185 5116 2360 5171 credis
2398 5118 2478 5191 _in
2518 5132 2647 5170 san—

998 5195 1143 5246 ctam
1172 5185 1486 5248 Ecclesium.
1516 5191 1620 5244 Sed
1646 5185 1774 5243 'sivc
1805 5185 2063 5259 legatur,
2084 5186 2201 5241 sive
2233 5203 2347 5259 non
2397 5185 2644 5259 legatur,

996 5261 1151 5317 idem
1180 5268 1270 5318 est
1300 5272 1543 5318 sensus.‘
1564 5257 1958 5314 ΜΑΒΤΙΑΝῘ-
2017 5258 2210 5313 Monet
2237 5257 2530 5313 Victorius
2588 5261 2647 5314 in

993 5334 1261 5390 voculam
1294 5333 1512 5404 pluries
1546 5330 1641 5385 hic
1674 5330 1972 5404 repetitam
2000 5334 2303 5400 propterea
2333 5330 2642 5404 amovisse,

995 5405 1152 5476 quod
1185 5401 1585 5476 emendatiora
1632 5401 1985 5476 exemplaria
2028 5418 2154 5476 eam
2175 5418 2287 5455 non
2338 5401 2641 5476 haberent,

994 5472 1052 5532 et
1083 5476 1320 5541 rectius,
1355 5482 1418 5529 ut
1446 5479 1536 5529 est
1569 5474 1624 5527 in
1658 5472 1948 5545 Symbolo,
1985 5473 2083 5526 uni
2143 5477 2367 5527 tantum
2421 5478 2530 5527 Deo
2570 5473 2639 5527 ad

994 5547 1432 5654 exprimendam
1468 5543 1748 5616 majorem
1783 5543 1955 5599 ﬁdem
1988 5549 2337 5615 apponatur.

1132 5622 1315 5654 Volua
1375 5617 1495 5654 ΔΑΗ
1576 5621 1730 5654 ρφινη
1795 5615 2048 5654 Pnnlpn'lp
2109 5614 2266 5654 ﬁtInm
2326 5617 2337 5654 l

1132 5622 1316 5675 Vetus
1374 5617 1516 5674 edit.
1560 5614 1732 5673 extra
1789 5615 2048 5686 Ecclesiae
2079 5614 2269 5686 ﬁdem
2326 5617 2636 5686 baptizatus

991 5689 1140 5751 Puta
1164 5689 1228 5749 in
1257 5691 1549 5767 impressa
1573 5687 1819 5748 lectione
1848 5685 1962 5744 dici
2018 5683 2270 5764 ﬁdeliter,
2333 5683 2453 5745 sive
2485 5688 2635 5747 inte-

2777 3322 2932 3376 enim
2962 3321 3234 3387 vincitur,
3289 3321 3615 3394 discipulus
3673 3322 3933 3379 docetur.
3991 3321 4147 3377 186
4207 3322 4265 3376 L.
4291 3320 4428 3377 Non

2774 3426 3017 3482 possum
3064 3414 3198 3465 ante
3254 3426 3380 3466 esse
3439 3409 3786 3482 discipulus,
3843 3427 4020 3482 quam
4072 3408 4427 3482 magistrum

2772 3498 3009 3553 audiam
3055 3498 3487 3577 praedicantem.
3541 3500 3602 3555 0.
3654 3500 3941 3564 Quoniam
3989 3497 4426 3571 tergiversaris,

2771 3588 2939 3643 etsic
2960 3587 3110 3643 visa
3148 3606 3240 3644 me
3296 3589 3514 3657 doceri,
3576 3594 3642 3644 ut
3696 3588 4096 3645 adversarium
4156 3587 4217 3642 in
4278 3588 4429 3642 inte-

2769 3686 2871 3748 ‘gro
2903 3677 3122 3733 habeas
3142 3678 3161 3712 ⁵
3187 3682 3287 3734 tuo
3318 3678 3514 3733 animo
3535 3683 3591 3734 te
3627 3679 3867 3734 docebo.
3923 3675 4334 3733 Consentimus
4358 3675 4423 3731 in

2771 3766 2902 3832 ﬁde,
2932 3767 3334 3837 consentimus
3367 3768 3423 3821 in
3456 3766 3747 3823 haereticis
3768 3764 4139 3837 recipiendis,
4172 3780 4423 3821 consen-

2768 3855 2987 3911 tiamus
3018 3834 3195 3911 etiam
3229 3856 3288 3910 in
3323 3859 3627 3912 conventu.
3663 3856 3719 3909 L.
3755 3855 3872 3910 Hoc
3904 3871 4019 3910 non
4061 3858 4150 3909 est
4189 3854 4424 3921 docere,

2766 3944 2867 3999 sed
2901 3943 3319 4016 argumentari.
3356 3944 3413 3998 0.
3470 3944 3616 4009 Quia
3669 3949 3733 3999 tu
3792 3959 3994 4017 pacem
4045 3959 4180 3998 cum
4240 3945 4420 3999 scuto

2764 4032 2935 4104 petis,
2968 4037 3024 4088 et
3054 4050 3159 4089 nos
3190 4032 3346 4088 olivae
3378 4048 3608 4088 ramum
3626 4032 3821 4106 gladio
3866 4032 4203 4088 inserimus.
4236 4032 4296 4086 L.
4330 4031 4423 4089 En

2765 4121 2904 4177 tollo
2938 4138 3172 4189 manus,
3201 4122 3595 4187 cedo,vicisti.
3627 4121 3844 4177 Verum
3903 4138 4036 4177 cum
4090 4137 4254 4176 arma
4312 4120 4423 4176 de:

2764 4227 2998 4277 ponam,
3032 4211 3404 4275 sacramenti,
3436 4211 3496 4265 in
3528 4211 3684 4282 quod
3716 4226 3812 4266 me
3847 4212 4048 4282 jurare
4102 4207 4416 4281 compellis

2761 4316 2954 4371 quaero
2984 4301 3289 4356 rationem.
3325 4301 3383 4356 0.
3415 4299 3689 4356 Gratulor
3719 4300 3953 4355 interim
3990 4299 4114 4367 tibi,
4145 4303 4204 4354 et
4244 4297 4418 4355 Chri-

2759 4394 2849 4444 sto
2885 4389 2997 4443 Deo
3027 4405 3156 4444 meo
3189 4389 3408 4461 gratias
3436 4405 3565 4461 ago,
3594 4389 3732 4460 quia
3776 4388 3973 4444 animo
4006 4388 4156 4444 bono
4214 4404 4248 4442 a
4299 4387 4417 4443 fal-

2759 4476 2930 4532 sitate
2960 4477 3279 4532 Sardorum
3309 4479 3330 4512 δ
3359 4478 3431 4533 ad
3464 4477 3645 4534 totius
3677 4478 3837 4534 orbis
3859 4481 3914 4533 te
3962 4492 4229 4549 saporem
4271 4492 4413 4533 con-

4198 4633 4415 4675 81⁵80118.

2766 4693 3032 4744 constare
3064 4688 4003 4771 dicitur,haereticosbaptismum
4028 4705 4142 4771 non
4162 4688 4413 4770 habere,

2766 4776 2866 4815 eos
2897 4775 3105 4841 nempe
3136 4776 3203 4841 θὶς
3222 4760 3459 4841 ᾼιζὶελῃίξι
3488 4760 3747 4841 quiliilii
3796 4761 4160 4817 divinitatem
4206 4760 4265 4815 in
4315 4777 4414 4816 sa-

2766 4830 3051 4885 cramenti
3078 4830 3271 4887 verbis
3295 4830 3711 4888 inﬁciarentur.

2835 4903 2855 4935 ⁵
2885 4902 3121 4968 Eadem,
3146 4903 3529 4959 adversarium
3558 4906 3615 4959 in
3642 4914 3794 4971 tergo
3820 4902 4069 4967 habeam,
4101 4905 4210 4958 etc.
4255 4915 4260 4919 ‘

2832 4974 2853 5007 ⁶
2878 4975 2916 5047 ᾼ
2948 4976 3193 5044 falsitate
3236 4975 3578 5047 Sardorum.
3618 4978 3940 5047 Corruptus
3999 4979 4087 5029 est
4144 4972 4408 5047 multum

2761 5042 2854 5099 hic
2888 5042 3050 5101 locus
3079 5046 3135 5099 in
3167 5050 3339 5118 antea
3369 5046 3540 5101 editis
3570 5046 3755 5113 libris,
3788 5042 3889 5118 qui
3921 5045 4120 5118 legunt
4150 5062 4184 5099 a
4210 5044 4409 5118 falsi-

2757 5118 2887 5171 tatis
2910 5117 3123 5180 ardore,
3158 5115 3247 5171 vel
3276 5134 3310 5171 a
3336 5118 3599 5185 falsitatis
3648 5114 3829 5184 odore,
3889 5114 4003 5173 etc:
4057 5114 4406 5173 Cluniacen-

2758 5186 2840 5241 sis
2873 5190 3047 5243 codex
3080 5205 3285 5259 puram
3320 5189 3527 5243 retinet
3550 5188 3877 5256 lectionem,
3911 5207 3945 5243 ιι
3969 5187 4220 5259 falsitate
4267 5188 4405 5242 Sar-

2756 5260 2991 5331 dorum;
3052 5257 3107 5313 in
3160 5276 3277 5328 qua
3342 5276 3547 5331 nempe
3608 5262 3917 5316 tenebatur
3976 5257 4402 5331 tucigferianius.

2755 5360 2821 5367 ——
2862 5330 3010 5384 Olim
3063 5336 3188 5383 erat
3235 5347 3264 5383 (ι
3316 5329 3595 5401 fctlsitalis
3637 5334 3852 5396 ai'llore,
3906 5329 3994 5384 vel
4050 5329 4229 5401 odore.
4289 5330 4405 5386 Sed

2753 5417 2942 5474 neque
2974 5402 3137 5474 istud
3178 5419 3210 5453 (ι
3245 5399 3496 5474 falsitate
3541 5405 3859 5469 Sardorum,
3898 5401 4052 5474 quod
4103 5416 4134 5454 e
4164 5399 4404 5456 Clunia-

2753 5472 2909 5544 censi
2944 5489 3052 5524 ms.
3090 5473 3455 5527 Murtianmus
3490 5475 3765 5544 reposuit,
3808 5472 3951 5529 satis
4000 5475 4138 5544 puto
4196 5487 4402 5544 emen-

2751 5542 2994 5614 datum;
3029 5559 3162 5597 nam
3198 5550 3261 5596 ut
3309 5542 3605 5600 Sardorum
3654 5561 3866 5601 nomen
3913 5542 4043 5601 Orbi
4088 5542 4404 5614 elegantis-

2749 5613 2898 5668 sime
2944 5618 3306 5688 opponatur,
3365 5618 3446 5671 ita
3499 5616 3745 5688 falsitati
3798 5617 3993 5688 inepte
4045 5613 4403 5688 respondeat

2746 5700 2925 5763 sapor.
2964 5684 3128 5746 Ferte
3157 5686 3464 5748 insultitate
3495 5684 3793 5766 Scripserit
3822 5684 3978 5749 Hier.
4012 5702 4116 5764 pro
4144 5684 4419 5753 talsilate.
