5364 6558
382 227 486 298 l‘l'l

1367 232 1758 309 DIALOGUS
1804 238 2117 306 CONTRA
2164 235 2763 309 LUGIFERIANOS.

3653 186 3773 337 ns

378 367 573 440 tulisti,
625 383 731 429 nec
777 364 924 431 dicis
973 389 1138 433 more
1184 376 1578 449 quorumdam
1620 393 1633 433 :
1669 375 1892 433 Salvum
1928 391 2015 432 me
2043 375 2098 443 Α
2129 375 2440 434 manifesta
2470 380 2647 434 sunt:
2684 380 2749 434 ut
2794 374 3000 434 merito
3055 375 3202 435 ﬁdes
3257 370 3468 436 borum
3525 386 3658 451 qucs
3704 375 3769 433 in

371 460 469 531 fac,
493 461 746 530 Domine,
777 465 1041 535 quoniam
1064 463 1262 537 defecit
1287 472 1509 522 sanctus
1551 468 1724 534 (Psal.
1778 484 1857 535 x1,
1904 466 1959 537 l)
1993 483 2006 520 :

374 565 612 623 quorum
656 568 762 607 vox
796 552 982 625 impia
1044 571 1277 611 crucem
1327 556 1533 611 Christi
1603 561 1862 624 evacuat,
1908 555 2010 611 Dei

373 636 577 694 Filium
608 640 886 712 subjugat
914 641 1169 724 diabolo,
1199 648 1256 698 et
1284 642 1444 698 illam
1466 643 2010 717 complorationem,

374 743 493 800 qua;
523 745 557 784 a
586 728 828 784 Domino
860 729 930 785 de
978 731 1383 803 peccatoribus
1430 732 1658 805 prolata
1699 739 1806 801 est,
1854 749 2009 788 nunc

371 816 438 873 de
485 817 768 873 universis
813 819 1159 877 hominibus
1211 821 1425 876 dictam
1480 820 1759 893 intelligit
1810 839 1822 875 :
1875 823 2011 890 Qua,o

368 907 572 962 utilitas
621 908 679 961 in
725 910 996 979 sanguine
1041 924 1180 975 meo,
1225 910 1358 965 dum
1404 910 1664 967 descendo
1710 913 1766 965 in
1819 927 2008 966 corru-

356 997 593 1066 ptionem
655 996 827 1065 (Psal.
888 1015 1042 1065 xxxx,
1108 1000 1193 1070 10)
1227 998 1389 1055 ?Sed
1452 999 1626 1069 absit,
1669 1005 1733 1055 ut
1794 1001 2010 1055 frustra

358 1083 502 1140 Deus
537 1089 818 1142 mortuus
850 1088 945 1141 sit.
970 1087 1260 1161 Alligatus
1289 1095 1377 1144 est
1408 1089 1592 1157 fortis,
1624 1094 1681 1144 et
1710 1107 1850 1145 vasa
1881 1090 2009 1159 ejus

358 1173 582 1246 direpta
613 1179 759 1230 sunt
787 1176 975 1244 (Marc.
1035 1179 1143 1247 In).
1195 1177 1479 1234 Allocutio
1537 1178 1722 1234 Patris
1770 1178 2009 1251 impleta

357 1266 468 1319 est:
500 1265 745 1320 Postulo
773 1282 809 1319 a
838 1281 943 1329 me,
975 1269 1025 1322 et
1045 1266 1183 1323 dabo
1233 1268 1337 1322 tibi
1392 1271 1576 1338 gentos
1633 1268 2009 1325 haereditatem

353 1356 519 1409 tuam.
552 1358 614 1408 et
634 1356 1032 1426 possessionem
1086 1364 1240 1411 tuam
1298 1358 1559 1412 terminos
1604 1360 1772 1414 terra?
1827 1358 2005 1427 (Psal.

358 1458 412 1508 n,
466 1442 545 1513 8),
603 1444 1002 1515 Apparuerunt
1053 1448 1232 1515 fontes
1286 1462 1581 1518 aquarum,
1647 1451 1699 1501 et
1762 1452 2008 1502 revelata

354 1536 471 1587 sunt
486 1531 872 1601 fundamenta
900 1533 1047 1588 orbis
1076 1541 1352 1590 terrarum
1382 1535 1562 1605 (Psal.
1597 1552 1733 1601 xvu,
1784 1536 1894 1607 16).
1946 1538 2008 1591 1η

350 1622 453 1678 sole
475 1623 670 1694 posuit
699 1621 1129 1678 tabernamlum
1155 1639 1336 1689 suum,
1374 1640 1474 1680 nec
1523 1632 1604 1679 est
1661 1626 1759 1696 qui
1804 1641 1862 1680 se
1887 1625 2007 1679 abs—

350 1712 612 1815 mdaia
634 1712 842 1811 calore.
867 1714 986 1783 ejus
1044 1714 1213 1784 (Psal.
1272 1730 1435 1779 xvm,
1488 1714 1565 1785 6).
1630 1718 1738 1770 Deo
1796 1712 2005 1785 plenus
2040 1751 2087 1815 B

352 1800 669 1856 Psalmista
713 1800 909 1856 canit:
939 1802 1167 1857 Inimici
1200 1802 1519 1873 defecerunt
1561 1807 1789 1873 framea:
1835 1806 1892 1857 in
1941 1804 2005 1873 ﬁ-

336 1906 467 1946 nem
494 1898 550 1946 et
579 1892 830 1945 civitates
860 1906 1052 1945 eorum
1080 1890 1413 1947 dextruxistz
1445 1890 1623 1961 (Psal,
1658 1909 1735 1958 1x,
1764 1893 1842 1963 7).

427 1980 514 2033 15.
545 1977 621 2032 Et
648 1978 1015 2049 ubi,quaaso,
1080 1978 1173 2033 isti
1233 1983 1372 2034 sunt
1428 1979 1679 2034 nimium
1729 1978 2007 2052 religiosi,

358 2065 477 2122 imo
510 2065 757 2121 nimium
788 2066 1041 2138 profani,
1087 2067 1184 2139 qui
1233 2066 1431 2139 plures
1473 2084 1799 2141 synagogas
1842 2084 2006 2124 asse-

352 2159 490 2211 runt
520 2172 671 2223 esse,
714 2172 897 2227 quam
950 2156 1237 2212 Ecclesias
1285 2157 1638 2221 ?Quomodo
1698 2158 2009 2213 destructa:

350 2248 484 2302 sunt
513 2243 745 2300 diaboli
769 2245 1067 2312 civitates;
1096 2249 1153 2300 et
1181 2245 1239 2299 in
1273 2246 1408 2313 ﬁne,
1451 2246 1561 2301 hoc
1592 2251 1682 2301 est
1729 2246 1786 2302 in
1828 2263 2009 2302 saecu-

349 2333 537 2390 lorum
572 2334 1113 2399 consummatione,
1156 2333 1308 2389 idola
1356 2341 1706 2390 corruerunt
1738 2340 1761 2391 Ξ)
1799 2335 1858 2391 Si
1907 2336 2009 2391 Ec-

347 2421 593 2479 clesium
631 2424 646 2457 ³
680 2438 800 2478 non
834 2422 1013 2479 habet
1041 2422 1328 2487 Christus,
1364 2428 1465 2479 aut
1519 2424 1567 2479 si
1626 2425 1684 2479 in
1743 2424 2014 2480 Sardinia

350 2518 583 2569 tantum
615 2511 821 2577 habet,
857 2511 1107 2567 nimium
1166 2530 1388 2585 pauper
1446 2514 1635 2569 factus
1693 2518 1801 2569 est.
1860 2516 1931 2569 Et
1962 2514 2011 2568 si

350 2602 714 2665 Britannias,
749 2600 993 2669 Gallias,
1044 2601 1361 2670 Orientem,
1416 2603 1691 2658 Indorum
1748 2603 2011 2675 populos,

354 2691 644 2747 barbaras
666 2691 963 2757 nationes,
994 2695 1054 2746 et
1074 2694 1260 2746 totum
1293 2690 1474 2747 semel
1508 2694 1528 2726 ²
1558 2692 1848 2747 mundum
1879 2709 2013 2764 pos-

351 2780 500 2836 sidet
559 2781 854 2834 Satanas:
889 2779 1182 2850 quomodo
1246 2780 1318 2834 ad
1377 2770 1659 2852 angulum
1730 2781 2014 2841 universae

352 2873 517 2925 terrae
576 2866 792 2923 Crucis
848 2869 993 2924 I87
1056 2873 1274 2941 tropaea
1344 2868 1556 2924 collata
1599 2870 1784 2925 sunt?
1831 2869 2015 2924 Nimi-

353 2973 487 3014 rum
516 2956 902 3013 adversarius
933 2960 1140 3029 potens
1167 2957 1456 3013 concessit
1484 2957 1715 3014 Christo
1742 2958 1965 3013 lberam
1996 2959 2018 2992 ³

351 3051 688 3103 excetram:
725 3044 950 3101 luridos
980 3046 1271 3114 homines,
1306 3052 1362 3102 et
1393 3047 1626 3119 inopem
1660 3048 2012 3119 provinciam

2120 466 2397 537 mysterio
2439 471 2547 531 est,
2592 466 2969 524 laudaretur:
3004 467 3105 524 sed
3152 467 3502 541 simplicitas
3551 467 3768 525 mentis

2120 560 2177 609 et
2199 554 2405 610 devota
2434 555 2549 611 Deo
2590 573 2697 612 suo
2758 557 2957 612 anima
3013 558 3335 630 approbata
3388 563 3512 615 est:
3545 558 3767 614 Dicebat

2119 644 2266 696 enim
2297 644 2358 696 in
2386 643 2546 700 corde
2571 662 2689 712 suo,
2723 645 2786 701 Si
2810 648 3035 717 tetigero
3074 648 3455 703 vestimentum
3481 648 3597 719 ejus
3642 650 3765 703 tan-

2120 735 2256 798 tum,
2294 731 2454 789 salva
2506 734 2637 804 ﬁam
2688 735 2913 805 (Matth.
2976 754 3051 802 1x,
3110 737 3223 806 21).
3273 741 3406 792 Haec
3462 740 3552 793 est
3593 737 3765 803 ﬁdes,

2119 837 2296 892 quam
2350 840 2478 879 raro
2529 823 2774 879 inveniri
2828 824 2983 880 Deus
3029 824 3454 897 pronuntiavit.
3504 825 3634 882 Haac
3680 828 3771 883 est

2120 910 2264 965 ﬁdes
2291 928 2417 983 quae
2456 912 2635 967 etiam
2660 912 2814 984 apud
2837 930 2937 969 eos
2967 914 3068 985 qui
3098 914 3248 971 bene
3280 915 3551 983 credunt,
3609 913 3766 971 diffi-

2119 997 2226 1054 cile
2271 1000 2526 1070 perfecta
2578 1000 2894 1070 invenitur,
2955 1005 3089 1058 Fiat
3156 1004 3278 1072 tibi,
3340 1003 3535 1077 inquit
3589 1005 3767 1072 Deus,

2115 1089 2414 1144 secundum
2465 1090 2627 1160 ﬁdem
2674 1099 2845 1146 tuam.
2911 1091 3071 1146 Hanc
3144 1108 3250 1164 ego
3304 1110 3504 1149 vocem
3564 1092 3769 1149 audire

2118 1174 2251 1231 nolo
2282 1179 2321 1231 δ.
2357 1176 2417 1231 Si
2449 1178 2605 1233 enim
2638 1180 2964 1235 secundum
2995 1179 3170 1236 ﬁdem
3203 1196 3395 1237 meam
3445 1182 3549 1238 fiat
3595 1180 3770 1249 mihi,

2118 1265 2338 1337 peribo.
2372 1270 2439 1320 Et
2468 1271 2621 1322 certe
2650 1268 2824 1324 credo
2864 1267 2925 1323 in
2958 1268 3144 1324 Deum
3189 1269 3440 1337 Patrem,
3485 1270 3658 1326 credo
3705 1269 3768 1328 in

2114 1358 2297 1410 Deum
2332 1354 2561 1422 Filium,
2594 1360 2651 1412 et
2671 1356 2841 1413 credo
2870 1356 2930 1412 in
2954 1362 3136 1414 Deum
3161 1358 3445 1431 Spiritum
3467 1363 3761 1419 sanctum.

2116 1443 2294 1500 Credo
2326 1444 2384 1499 in
2417 1461 2601 1501 unum
2633 1445 2837 1512 Deum,
2870 1450 2927 1501 et
2955 1450 3152 1502 tamen
3196 1448 3521 1504 secundum
3570 1464 3764 1515 meam
3852 1462 3857 1465 ‘

2119 1533 2293 1589 ﬁdem
2336 1532 2467 1590 nolo
2516 1534 2663 1589 mihi
2715 1535 2859 1591 ﬁeri.
2905 1536 3066 1609 Saepe
3108 1536 3326 1609 quippe
3372 1537 3534 1593 venit
3573 1536 3769 1593 inimi-

2116 1636 2221 1677 cus
2248 1621 2443 1690 homo,
2495 1627 2551 1678 et
2608 1623 2761 1679 inter
2821 1624 3182 1682 Dominicam
3230 1642 3485 1683 messem
3542 1625 3770 1684 zizania

2118 1710 2433 1766 interserit.
2466 1712 2665 1783 Neque
2694 1712 2803 1769 hoc
2832 1713 2984 1782 dico,
3009 1716 3165 1787 quod
3216 1716 3414 1787 majus
3442 1715 3771 1788 quidquam

2118 1799 2215 1865 sit,
2247 1816 2426 1870 quam
2459 1803 2812 1858 sacramenti
2844 1803 3010 1871 fides,
3040 1820 3217 1876 quam
3253 1804 3478 1876 puritas
3515 1803 3766 1862 anima:

2118 1889 2220 1946 sed
2251 1887 2580 1945 indubitata
2607 1891 2678 1945 ad
2705 1896 2890 1946 Deum
2916 1891 3272 1961 ﬁdes,ardue
3284 1892 3772 1966 reperitur.Verbi

2119 1978 2304 2050 gratia
2327 1978 2547 2034 dictum
2573 1979 2742 2046 sit,ut
2763 1980 2914 2052 quod
2939 1980 3210 2038 volumus
3239 1982 3617 2055 perspicuum
3638 1982 3767 2053 ﬁat;

2120 2067 2191 2122 ad
2215 2067 2537 2123 orationem
2558 2068 2770 2124 assisto
2795 2087 2808 2137 ;
2843 2087 2957 2126 non
2980 2069 3292 2135 orarem,si
3309 2088 3424 2126 non
3447 2072 3769 2140 crederem,

2120 2156 2222 2212 sed
2270 2156 2318 2211 si
2367 2173 2497 2212 vere
2542 2158 2859 2225 crederem,
2911 2158 3056 2214 illud
3114 2175 3214 2215 cor
3256 2176 3371 2232 quo
3416 2164 3565 2218 Deus
3611 2159 3769 2218 vide-

2120 2250 2235 2313 tur,
2268 2246 2637 2311 mandarem,
2671 2246 2948 2302 manibus
2978 2248 3282 2304 tunderem
3329 2252 3555 2320 pectus,
3584 2265 3767 2322 genas

2120 2334 2398 2406 lacrymis
2423 2334 2945 2407 rigarem,corporo
2977 2335 3432 2391 inhorrescerem
3466 2337 3611 2403 7,ore
3640 2335 3769 2409 pal-

2120 2422 2325 2493 lorem,
2356 2425 2398 2478 1
2418 2423 2518 2479 88
2541 2424 2800 2494 jacerem
2834 2424 2907 2478 ad
2937 2422 3168 2479 Domini
3202 2424 3317 2480 mei
3336 2424 3535 2496 pedes,
3556 2440 3774 2497 eosque

2124 2513 2295 2568 ﬂectu
2331 2512 2762 2584 perfunderem,
2796 2512 2955 2568 crine
2982 2512 3579 2585 tergeremerorem
3609 2518 3766 2572 certe

2124 2606 2329 2656 trunco
2361 2600 2570 2668 crucis,
2606 2618 2711 2656 nec
2746 2600 2905 2673 prius
2936 2602 3286 2669 amitterem,
3327 2619 3505 2675 quam
3536 2602 3774 2660 miseri-

2124 2690 2382 2747 cordiam
2435 2690 2833 2763 impetrarem.
2888 2691 3055 2763 Nu‘nc
3126 2708 3261 2748 vero
3311 2692 3663 2750 creberrime
3713 2692 3773 2749 in

2124 2779 2385 2836 oratione
2408 2796 2556 2843 mea,
2582 2783 2684 2834 aut
2713 2796 2815 2852 per
2857 2780 3116 2853 porticus
3165 2780 3499 2849 deambulo,
3557 2785 3661 2838 aut
3701 2782 3777 2838 de

2126 2868 2323 2925 fenore
2358 2873 2652 2941 computo,
2700 2873 2802 2924 aut
2844 2869 3133 2926 abductus
3191 2869 3350 2941 turpi
3403 2869 3775 2943 cogitatione,

2128 2957 2305 3012 etiam
2333 2974 2460 3028 quae
2494 2956 2652 3011 dictu
2686 2956 3089 3012 erubescenda
3134 2959 3293 3022 sunt,
3323 2972 3482 3029 gero.
3531 2955 3639 3012 Ubi
3686 2961 3777 3019 est

2129 3046 2322 3101 ﬁdes?
2356 3045 2569 3101 siccine
2627 3048 2905 3117 putamus
2962 3060 3174 3102 orasse
3218 3044 3478 3101 Jonam?
3519 3044 3600 3101 sic
3655 3048 3776 3101 tres

354 3135 720 3209 dedignatus
766 3139 857 3190 est
895 3135 1210 3207 possidere.
1244 3136 1405 3201 Quod
1439 3136 1487 3191 si
1529 3137 1600 3191 de
1629 3135 1729 3192 illa
1771 3154 1897 3208 qua:
1956 3137 2014 3192 in
2046 3120 2089 3186 C
2128 3151 2340 3207 pueros
2365 3136 2393 3189 ?
2422 3134 2505 3190 sic
2529 3133 2823 3189 Danielem
2858 3134 3007 3189 inter
3029 3133 3225 3189 leones
3249 3133 3278 3189 ‘l
3302 3133 3386 3189 sic
3414 3136 3569 3190 certe
3599 3132 3779 3191 latro-

359 3224 674 3298 Evangelio
706 3224 930 3295 scripta
959 3229 1069 3291 est,
1100 3224 1209 3280 sibi
1252 3226 1543 3280 sententia
1591 3224 2011 3280 blandiuntur:

360 3315 605 3370 Putasne
631 3330 761 3368 cum
788 3315 1000 3369 venerit
1039 3315 1210 3369 Filius
1250 3314 1514 3382 hominis,
1556 3316 1796 3370 inveniet
1856 3315 2017 3384 ﬁdem

355 3420 530 3475 super
553 3408 765 3459 terram
815 3404 969 3471 (Luc.
1021 3420 1184 3468 xvm,
1234 3403 1348 3474 8)?
1395 3403 1585 3458 sciant
1636 3403 1798 3458 illam
1841 3404 2015 3458 ﬁdem

362 3490 661 3546 nominari
691 3494 711 3524 ‘
739 3492 812 3548 de
841 3509 959 3563 qua
986 3491 1114 3564 ipse
1144 3492 1428 3548 Dominus
1456 3492 1649 3547 aiebat
1674 3509 1685 3546 :
1720 3492 1874 3548 Fides
1921 3497 2017 3547 tua

371 3580 661 3634 tesalvum
685 3582 804 3650 fecit
844 3580 1032 3653 (Math.
1087 3598 1160 3649 Ix,
1209 3581 1320 3652 22).
1382 3581 1451 3636 Et
1499 3580 1640 3636 alibi
1688 3582 1758 3637 de
1809 3581 2016 3637 Centu-

363 3668 572 3725 rione:
604 3670 721 3724 Non
740 3669 925 3726 inveni
975 3673 1188 3725 tanlam
1231 3670 1395 3741 [idem
1450 3673 1509 3725 in
1556 3672 1725 3725 Israel
1764 3671 2014 3741 “(Mallia

357 3775 491 3823 πη,
545 3758 655 3829 16).
707 3759 776 3814 Et
830 3776 1041 3815 rursus
1098 3760 1164 3813 ad
1233 3758 1528 3832 apostolos
1580 3775 1593 3813 :
1649 3759 1789 3828 Quid
1833 3760 2022 3816 timidi

359 3849 515 3913 estis,
548 3847 784 3905 modicae
808 3849 940 3918 ﬁdei
966 3849 1118 3920 (Luc.
1146 3865 1249 3918 vn,
1298 3849 1353 3918 9)
1378 3848 1405 3902 ?
1451 3848 1686 3903 Necnon
1713 3853 1770 3904 et
1799 3848 1858 3903 in
1909 3849 2021 3904 alio

358 3935 492 3993 loco
539 3955 555 3991 :
603 3938 660 3993 si
718 3937 1029 3993 habueritis
1085 3936 1246 4007 ﬁdem
1299 3939 1440 3992 sicut
1493 3953 1733 4008 granum
1785 3940 2019 4010 sinapis,

357 4025 573 4081 dicetis
620 4025 754 4081 huic
808 4034 1002 4092 monti,
1065 4027 1437 4094 Transmigra,
1504 4034 1555 4081 et
1610 4028 2024 4098 transmigrabit

356 4115 580 4180 (latin.
611 4132 732 4183 xiv,
763 4116 877 4186 31).
910 4116 1110 4187 Neque
1138 4116 1292 4170 enim
1321 4115 1583 4170 centurio
1617 4119 1717 4170 aut
1743 4114 1842 4170 illa
1892 4132 2023 4170 mu-

358 4202 636 4259 liercula.
672 4219 801 4275 quae
835 4221 940 4277 per
985 4204 1294 4259 duodecim
1337 4220 1524 4259 annos
1573 4203 1732 4259 fluxu
1783 4205 2022 4276 sangui-

359 4292 455 4347 nis
488 4293 854 4361 tabescebat,
906 4293 964 4348 in
1015 4291 1314 4348 Trinitatis
1367 4296 1737 4348 sacramenta
1766 4293 2025 4349 credide-

361 4387 521 4450 rant,
557 4399 691 4454 quae
744 4386 877 4453 post
935 4380 1418 4438 resurrectionem
1478 4380 1691 4436 Christi
1744 4381 2025 4454 apostolis

360 4584 470 4633 aut
498 4578 557 4634 si
587 4577 795 4634 Latine
819 4576 1136 4642 diceretur,
1170 4577 1437 4632 salsitute.
1488 4574 1818 4632 Sardiniam
1871 4577 2033 4632 insu-

362 4650 489 4722 lam
522 4647 862 4722 pestilentis
891 4648 1045 4722 aeris
1066 4648 1212 4722 vitio
1244 4647 1508 4722 laborare
1540 4663 1762 4722 omnes
1791 4648 1994 4704 dicunt
2019 4666 2032 4715 ;

363 4721 470 4777 sed
523 4719 594 4777 et
649 4720 869 4775 Sardos
917 4719 1188 4775 homines
1239 4720 1553 4775 mendaces
1629 4719 1852 4788 audire,
1931 4737 2032 4776 no-

363 4800 523 4849 tum.
561 4792 855 4847 Manum.

442 4866 455 4896 ¹
509 4863 813 4919 Victorius
851 4878 917 4919 ex
966 4878 1108 4917 mss.
1144 4860 1446 4917 addiderat
1496 4877 1596 4932 per
1626 4866 1797 4916 totum
1852 4862 2035 4917 orbem

359 4936 640 5008 diffusam
686 4953 699 4999 ;
751 4939 917 5008 vetus
975 4933 1113 4989 edit.
1169 4950 1267 5005 per
1309 4937 1481 5008 totum
1539 4933 1722 4988 orbem
1778 4938 2033 4998 tantum,

354 5004 652 5065 Martian.
685 5010 819 5078 post
850 5004 1482 5078 Erasmum'cxpunxit.

437 5080 461 5113 ³
496 5078 666 5133 Idem
686 5075 1080 5132 'Victorsimul
1114 5075 1373 5147 reposuit
1402 5092 1506 5147 pro
1534 5075 1721 5129 semel.

438 5152 461 5183 ³
494 5150 719 5206 Iberum
738 5155 1036 5204 excetram.
1068 5145 1193 5202 Hoc
1230 5146 1357 5202 loco
1403 5145 1607 5202 autem
1667 5145 1847 5200 codex
1903 5146 2035 5200 Sor-

356 5220 632 5277 bonicus
665 5223 904 5288 praestat
932 5217 1321 5285 Cluniacensi,
1354 5222 1417 5273 et
1438 5234 1631 5273 veram
1675 5233 2039 5288 germanam-

358 5309 487 5364 que
521 5288 763 5348 exhibet
790 5289 1133 5364 lectionem,
1170 5290 1443 5364 Hiberam
1482 5293 1778 5364 θέσεσιν-(φτ,
1828 5288 2039 5364 [aridos

360 5360 632 5445 ﬂamines
662 5366 727 5445 et
743 5365 962 5445 inopem
976 5362 1338 5445 provinciam,
1370 5365 1479 5445 etc.
1514 5360 1592 5416 De
1639 5360 1869 5441 Hibera,
1921 5360 2039 5445 sive

348 5432 547 5492 lbera
567 5439 805 5506 excetra
832 5431 1095 5506 loquitur
1114 5448 1349 5506 quoque
1370 5432 1759 5506 Hieronymus
1781 5431 1841 5487 in
1860 5432 2037 5506 epist.

362 5508 440 5562 ad
472 5505 797 5562 Julianum
838 5502 1174 5561 diaconum.
1221 5502 1511 5559 Manum.
1566 5502 1670 5558 Per
1707 5502 2038 5559 convicium

359 5578 600 5636 lberam
628 5586 911 5635 excetram
940 5575 1102 5647 dicit,
1135 5578 1468 5633 monstrum
1519 5590 1729 5647 nempe
1771 5575 2037 5632 omnium

2057 4491 2105 4556 D

2128 3240 2259 3279 nem
2294 3223 2351 3277 in
2381 3239 2519 3278 cuce
2551 3222 2578 3277 ?
2609 3222 2677 3277 Et
2701 3221 2821 3278 haec
2851 3238 2957 3296 ego
2990 3221 3239 3295 exempli
3262 3239 3442 3279 causa
3470 3222 3544 3279 ad
3568 3220 3780 3279 intelli-

2126 3312 2383 3385 gentiam
2400 3329 2611 3367 sensus
2625 3311 3160 3384 protuli.Caaterum
3172 3310 3780 3384 conveniatunusqui-

2128 3418 2272 3473 sque
2294 3419 2392 3457 cor
2412 3405 2672 3466 suum,et
2693 3401 2751 3455 in
2774 3400 2937 3456 omni
2961 3399 3556 3473 vitainveniet,quam
3579 3417 3778 3457 rarum

2129 3491 2456 3547 sitﬁdelem
2503 3490 2761 3546 animam
2814 3490 3081 3559 inveniri,
3143 3494 3208 3545 ut
3254 3489 3426 3555 nihil
3457 3490 3529 3546 ob
3584 3489 3782 3562 gloria

2130 3580 2532 3651 cupiditatem,
2563 3577 2707 3633 nihil
2729 3579 2801 3634 ob
2832 3578 3208 3634 rumusculos
3238 3578 3548 3633 hominum
3582 3578 3779 3635 faciat.

2129 3671 2326 3742 Neque
2357 3670 2513 3725 enim
2546 3669 2743 3725 statim
2770 3668 2867 3741 qui
2893 3668 3147 3740 jejunat,
3173 3672 3286 3724 Deo
3305 3669 3669 3740 jejunat,aut
3688 3684 3785 3725 ex-

2130 3760 2377 3815 tendens
2409 3758 2649 3830 pauperi
2684 3773 2949 3825 manum,
2987 3759 3098 3814 Deo
3132 3758 3371 3815 fenerat.
3403 3756 3612 3813 Vicina
3640 3760 3786 3815 sunt

2131 3847 2271 3902 vitia
2293 3847 2633 3902 virtutibus.
2662 3846 2905 3903 Difﬁcile
2934 3852 3023 3904 est
3056 3848 3167 3904 Deo
3188 3847 3628 3919 tantumjudice
3653 3861 3784 3905 esse

2134 3940 2491 3993 contentum.

2208 4026 2292 4080 15.
2328 4027 2389 4080 L.
2422 4023 2752 4079 Praevenisti
2784 4024 3300 4098 interrogationem
3360 4041 3552 4081 meam
3581 4042 3595 4081 :
3631 4025 3783 4083 hanc

2134 4114 2291 4170 enim
2322 4112 2682 4186 Scripturam
2716 4112 2860 4168 mihi
2893 4112 2952 4167 in
3006 4113 3213 4168 ultimo
3268 4113 3659 4169 reservabam.
3712 4113 3785 4168 Et

2136 4205 2253 4259 fere
2285 4219 2489 4259 omnes
2524 4201 2729 4268 nostri,
2758 4202 2878 4258 imo
2919 4203 3047 4273 jam
3098 4218 3214 4257 non
3264 4199 3401 4269 mei,
3453 4201 3563 4256 hoc
3612 4200 3783 4275 quasi

2136 4293 2313 4348 ariete
2338 4291 2397 4347 in
2414 4290 2935 4363 disceptationibus
2953 4294 3402 4362 utuntur,quem
3420 4289 3785 4345 confractum

2136 4398 2201 4437 ac
2233 4381 2663 4438 comminutum
2694 4379 3068 4438 vehementer
3112 4379 3358 4453 gaudeo.
3417 4378 3530 4436 Sed
3588 4394 3788 4452 quasso

2144 4574 2677 4648 teterrimumtsive
2707 4574 2776 4630 de
2829 4574 3067 4648 homine
3124 4573 3234 4648 hoc
3284 4576 3560 4648 usurpet,
3608 4578 3675 4648 ut
3726 4573 3789 4648 in

2142 4648 2396 4728 epistzﬁ,
2430 4646 2502 4728 ad
2531 4645 2774 4727 Julian?
2821 4647 2941 4703 sive
2978 4648 3060 4728 _d_e
3106 4647 3362 4728 regione,
3394 4643 3623 4728 utubicﬂ
3651 4643 3788 4728 loci,

2144 4715 2264 4790 sive
2295 4718 2365 4771 de
2416 4715 2528 4790 alio
2577 4718 2857 4790 quopiam
2886 4715 3201 4790 subjecto:
3239 4719 3388 4790 Puta
3431 4715 3542 4790 dici
3588 4715 3787 4790 Sardi-

2145 4789 2302 4844 niam
2358 4785 2644 4843 malorum
2698 4785 2958 4859 quotidie
3010 4785 3466 4859 exarescentium
3514 4785 3784 4859 hydram.

2144 4859 2295 4917 Olim
2327 4864 2470 4925 erat,
2503 4857 2741 4914 theriam
2777 4862 2827 4914 et
2876 4860 3190 4928 Celtiberos,
3248 4857 3461 4914 luridos
3517 4857 3788 4926 hOmines,

2144 4931 2572 5001 Afthiopumque
2600 4932 2962 5001 provinciam,
2995 4935 3106 4985 etc.
3206 5000 3257 5001 η
3350 4998 3359 5001 Α
3441 4999 3495 5001 μ
3690 4998 3701 5001 _
3753 4999 3763 5001 Α
3872 4956 3893 4991 -,

2216 5006 2236 5037 ⁸
2267 4998 2778 5074 Monet'Victorius
2804 5000 2982 5074 Iidem
3033 5017 3135 5072 pro
3188 4998 3404 5056 fiducia
3440 4999 3536 5057 hic
3568 4998 3788 5074 accipi.

2147 5076 2266 5131 sive
2297 5072 2609 5128 ardentiori
2642 5072 3007 5145 credulitate,
3034 5070 3167 5145 quas
3198 5087 3362 5145 spem
3419 5076 3499 5145 et,
3533 5070 3790 5145 cher-ita:

2145 5146 2345 5201 temin
2397 5161 2458 5199 se
2504 5142 2816 5212 contineat,
2869 5160 2902 5198 a
2958 5142 3076 5214 qua
3126 5142 3427 5200 hominem
3478 5143 3794 5215 justiticari

2147 5217 2545 5273 manifestum.

2220 5289 2240 5321 ⁵
2269 5288 2453 5343 Fidem
2486 5288 2540 5340 in
2571 5285 2763 5340 Israel.
2796 5284 2976 5340 Addit
3006 5285 3160 5342 idem
3220 5286 3401 5343 codex
3436 5284 3791 5343 Sorbonicus

2147 5375 2347 5414 vocem
2376 5357 2660 5429 nequerid
2693 5360 2802 5421 est,
2834 5373 3007 5429 neque
3036 5359 3096 5413 in
3125 5358 3317 5414 Israel.
3351 5359 3636 5429 ΜΑιιτιΑκ.

2219 5424 2467 5553 fVetttis'
2506 5428 2669 5496 edit.,
2733 5429 2880 5483 Hanc
2913 5424 3020 5501 ego
3077 5430 3241 5501 fidem
3303 5431 3499 5489 audire
3541 5425 3686 5485 voto.
3734 5424 3797 5480 Si

2219 5518 2315 5553 2m.
2349 5516 2379 5553 e
2409 5517 2459 5553 c.

2147 5518 2315 5564 enim,
2349 5516 2459 5554 θιε.

2219 5575 2239 5608 τ
2270 5571 2487 5629 Eadem
2520 5570 2704 5643 addit,
2737 5570 2907 5629 Corde
2960 5572 3346 5631 mollescerem.

3756 5854 3901 5957 μιν
