5364 6558
978 223 1116 343 ἰη

2244 214 2309 285 S.
2353 215 2662 287 EUSEBII
2705 214 3147 292 HIERONYMI

4279 224 4400 300 180

994 368 1138 422 teut
1168 361 1312 421 mihi
1341 379 1576 421 omnem
1606 377 1844 420 causam
1889 377 2068 434 quare
2124 360 2196 417 ab
2254 358 2485 415 Arianis
2535 357 2870 422 ve-Aerat
2926 376 3077 417 curas
3134 361 3424 437 episcopis
3482 364 3554 423 de
3617 362 3920 438 vocabulo,
3979 381 4114 423 cum
4183 380 4399 423 sensus

996 454 1225 511 nientes
1258 452 1549 511 Ecclessia
1596 452 1856 525 recipiat,
1892 469 2007 508 non
2060 449 2231 523 quasi
2290 448 2642 517 adversario,

997 545 1100 600 sed
1159 545 1327 618 quasi
1405 542 1692 616 discipulo
1762 542 2031 614 explices.
2118 541 2264 595 Nam
2332 555 2464 594 cum
2537 536 2641 592 tibi

996 635 1170 690 verbo
1210 635 1561 707 respondere
1608 649 1724 687 non
1767 629 2216 704 possim,animo
2260 635 2457 683 tamen
2508 642 2640 682 nec-

999 723 1141 779 dum
1174 723 1483 779 assentior.

1079 815 1160 866 l7.
1190 814 1254 868 0.
1293 813 1410 867 Sub
1434 828 1566 884 rege
1596 811 1936 866 Constantio
1970 812 2008 875 ¹,
2059 808 2308 864 Eusebio
2358 811 2415 861 et
2452 805 2641 877 Hypa-

999 901 1080 956 tio
1111 900 1471 968 consulibus,
1521 898 1756 953 nomine
1804 896 2047 952 unitatis
2096 895 2227 950 ﬁdei
2274 890 2641 948 inﬁdelitas2

1000 990 1218 1060 scripta
1246 994 1360 1056 est,
1390 994 1455 1043 ut
1484 1004 1638 1043 nunc
1671 986 2181 1060 agnoscitur.Nam
2214 982 2315 1038 illo
2358 987 2640 1052 tempore.

1000 1078 1147 1132 nihil
1182 1084 1301 1133 tam
1346 1077 1530 1149 pium,
1566 1075 1711 1131 nihil
1742 1081 1862 1130 tam
1894 1072 2246 1129 conveniens
2278 1087 2442 1126 servo
2498 1068 2591 1124 Dei
2622 1069 2644 1100 ³

996 1167 1321 1235 videbatur,
1354 1183 1530 1237 quam
1565 1166 1847 1220 unitatem
1881 1162 2133 1234 sequi,et
2162 1179 2195 1217 a
2224 1161 2406 1216 totius
2437 1157 2645 1213 mundi

997 1255 1412 1310 communione
1461 1270 1576 1309 non
1625 1252 1835 1309 scindi.
1881 1251 2213 1307 Praesertim
2262 1265 2396 1305 cum
2441 1264 2642 1319 super-

996 1343 1157 1399 ﬁcies
1190 1342 1569 1415 expositionis
1601 1341 1745 1397 nihil
1768 1343 1894 1414 jam
1929 1339 2277 1412 sacrilegum
2313 1337 2640 1410 praeferret:

995 1429 1277 1487 Credimus
1322 1431 1575 1499 aiebant,
1637 1433 1697 1486 in
1754 1448 1931 1486 unum
1992 1446 2175 1484 verum
2229 1430 2398 1483 Deum
2442 1428 2483 1493 ‘,
2544 1427 2620 1479 Pa

993 1526 1133 1576 trem
1198 1523 1637 1592 omnipotentem.
1688 1519 1804 1575 Hoc
1861 1520 2038 1574 etiam
2098 1534 2205 1572 nos
2264 1517 2642 1571 conﬁtemur.

995 1610 1277 1666 Credimus
1302 1611 1360 1664 in
1398 1610 1749 1680 Unigenitum
1787 1610 1881 1664 Dei
1939 1609 2168 1671 Filium,
2223 1609 2320 1678 qui
2365 1611 2492 1662 ante
2537 1622 2647 1661 om-

2752 452 2906 502 esset
2964 450 3022 504 in
3080 455 3223 508 tuto.
3303 453 3559 527 Denique
3614 454 3743 528 ipso
3788 455 3848 510 in
3904 460 4191 528 tempore,
4260 471 4399 511 cum

2752 535 3016 593 fraudem
3050 540 3231 597 fuisse
3256 541 3313 597 in
3340 544 3698 616 expositione
3736 561 3941 601 rumor
3978 545 4180 617 populi
4209 545 4397 600 venti-

2752 625 2919 692 laret,
2953 628 3183 697 Valens,
3217 632 3540 689 Mursensis
3570 635 3905 706 episcopus,
3938 633 4042 706 qui
4084 650 4216 689 eam
4257 650 4401 690 con-

2752 715 3086 787 scripserat,
3119 726 3401 790 praesente
3439 723 3631 777 Tauro
3685 721 3937 793 praetorii
3972 723 4263 795 praefecto,
4296 722 4400 794 qui

2751 804 3007 875 exjussu
3056 808 3210 879 regis
3267 811 3489 881 synodo
3547 812 3777 877 aderat,
3828 811 4132 884 professus
4189 817 4279 867 est
4338 829 4404 868 se

2754 892 2927 948 Arian
2940 911 3034 949 um
3060 913 3175 951 non
3196 904 3407 966 esse,et
3421 900 3656 971 penitus
3687 900 3759 955 ab
3782 916 3987 956 eorum
4014 898 4402 972 blasphemiis

2752 980 3065 1039 abhorrere
3092 985 3133 1038 ⁸.
3182 989 3292 1042 Res
3349 992 3568 1043 secrete
3620 993 3787 1060 gesta
3844 988 4183 1061 opinionem
4241 987 4403 1063 vulgi

2754 1087 2867 1125 non
2900 1073 3271 1130 exstinxerat.
3306 1076 3506 1148 Itaque
3536 1075 3652 1131 alia
3680 1077 3774 1132 die
3830 1077 3889 1132 in
3934 1077 4215 1144 Ecclesia,
4270 1094 4401 1148 quas

2753 1164 2843 1215 est
2869 1162 3021 1232 apud
3051 1163 3405 1231 Ariminum,
3435 1169 3491 1220 et
3517 1166 3924 1238 episcoporum
3977 1165 4156 1222 simul
4187 1171 4246 1222 et
4292 1166 4402 1222 lai-

2754 1264 2952 1304 corum
2981 1251 3167 1307 turbis
3198 1253 3704 1323 concurrentibus,
3736 1255 4067 1322 Muzonius,
4087 1256 4403 1329 episcopus

2755 1338 3062 1409 provinciae
3095 1343 3392 1413 Byzacenas
3429 1345 3470 1411 9,
3504 1345 3596 1399 cui
3640 1348 3876 1416 propter
3922 1348 4148 1401 aetatem
4198 1345 4403 1417 primas

2755 1426 2827 1482 ab
2860 1429 3136 1486 omnibus
3167 1431 3595 1499 deferebantur,
3630 1432 3711 1489 ita
3735 1432 3968 1489 locutus
3996 1437 4086 1490 est
4113 1452 4127 1489 :
4161 1435 4241 1489 Ea
4274 1450 4406 1507 quae

2753 1520 2880 1570 sunt
2895 1518 3102 1588 jactata
3128 1520 3184 1574 in
3214 1520 3493 1592 publicum
3523 1522 3643 1588 '°,et
3682 1520 3753 1576 ad
3776 1514 3892 1578 'nos
3939 1537 4106 1593 usque
4154 1521 4400 1594 perlata,

2754 1605 2995 1676 aliquem
3022 1623 3051 1663 e
3070 1608 3224 1664 nobis
3252 1611 3534 1665 sanctitati
3570 1613 3762 1666 vestrae
3819 1611 3993 1680 legere
4017 1612 4402 1683 praecipimus,

990 1701 1089 1755 nia
1113 1698 1344 1767 saecula,
1377 1703 1428 1754 et
1448 1700 1575 1754 ante
1603 1714 1763 1753 omne
1793 1697 2129 1768 principium
2168 1705 2337 1751 natus
2377 1698 2454 1751 est
2489 1694 2640 1751 189
2670 1724 2719 1789 B
2755 1702 2817 1749 ut
2835 1710 2962 1766 quae
2979 1705 3103 1751 sunt
3130 1698 3300 1764 mala,
3331 1703 3384 1753 et
3438 1700 3507 1753 ab
3550 1699 3781 1754 auribus
3835 1704 3887 1754 et
3934 1716 3968 1755 a
4025 1700 4185 1755 corde
4210 1704 4404 1755 nostro

990 1805 1060 1844 ex
1087 1789 1215 1844 Deo.
1277 1789 1482 1843 Natum
1528 1794 1711 1843 antem
1771 1787 2122 1857 Unigenitum
2175 1788 2354 1840 solum
2399 1800 2469 1838 ex
2520 1783 2638 1839 solo

990 1879 1176 1944 Patre,
1210 1879 1380 1932 Deum
1435 1893 1504 1932 ex
1563 1883 1691 1942 Deo,
1736 1874 1983 1931 similem
2040 1875 2277 1945 genitori
2330 1888 2428 1928 suo
2484 1875 2642 1928 Patri

990 1966 1289 2022 secundum
1316 1966 1632 2037 Scripturas
1657 1982 1670 2031 ;
1698 1966 1853 2035 cujus
1884 1964 2224 2018 natiiitatem
2250 1962 2439 2017 nullus
2468 1963 2637 2029 novit,

989 2057 1104 2111 nisi
1131 2057 1227 2127 qui
1254 2056 1401 2111 solus
1430 2071 1557 2109 eum
1586 2055 1774 2123 genuit
1809 2054 1995 2107 Pater.
2044 2051 2341 2122 Numquid
2391 2050 2485 2105 hic
2545 2050 2642 2105 in-

992 2148 1216 2201 sertum
1246 2148 1338 2199 est
1363 2159 1375 2197 :
1412 2147 1544 2198 Erat
1571 2150 1801 2212 tempus;
1830 2140 2045 2212 quando
2074 2157 2186 2195 non
2224 2143 2392 2195 erat?
2421 2138 2529 2204 vel,
2577 2139 2642 2194 de

989 2232 1169 2289 nullis
1198 2234 1561 2295 exstantibus,
1620 2235 1877 2285 creatura
1931 2233 2008 2285 est
2065 2231 2240 2285 Filius
2304 2229 2483 2284 Dei5?
2517 2229 2641 2284 Per-

990 2324 1140 2378 fecta
1168 2321 1312 2376 ﬁdes
1344 2325 1452 2387 est,
1485 2320 1669 2375 Deum
1702 2319 1772 2373 de
1822 2319 1937 2373 Dec
1996 2319 2250 2373 credere.
2311 2318 2379 2371 Et
2436 2322 2638 2373 natum

989 2410 1225 2467 aiebant
1256 2409 1632 2482 Unigenitum
1680 2406 1895 2472 solum,
1951 2423 2019 2462 ex
2077 2405 2200 2462 solo
2253 2407 2436 2461 Patre.
2493 2406 2640 2471 Quid

990 2504 1082 2555 est
1108 2507 1303 2554 natum
1330 2499 1357 2552 ’ἔ
1380 2501 1542 2554 Certe
1574 2514 1686 2552 non
1733 2497 1975 2551 factum.
2024 2495 2310 2551 Nativitas
2356 2494 2642 2566 suspicio-

992 2605 1127 2643 nem
1157 2587 1459 2643 aulerebat
1490 2591 1790 2641 creaturae.
1825 2585 2132 2639 Addebant
2187 2588 2502 2656 praetcrea:
2539 2585 2644 2652 Qui

908 2693 927 2748 έ
994 2677 1060 2733 de
1091 2678 1226 2731 coelo
1284 2676 1587 2742 descendit,
1615 2677 1898 2745 conreptus
1940 2678 2018 2728 est
2063 2674 2130 2727 de
2171 2674 2387 2743 Spiritu
2430 2677 2640 2736 sancto,

994 2774 1158 2819 natus
1187 2780 1257 2818 ex
1285 2763 1458 2818 Maria
1494 2765 1732 2833 Virgine,
1777 2763 2072 2833 crucifixus
2121 2779 2156 2815 a
2204 2763 2399 2816 Pontio
2440 2763 2638 2827 Pilato,

993 2855 1156 2909 tertia
1214 2852 1302 2908 die
1360 2852 1662 2906 resurrexit
1717 2869 1751 2905 ιι
1808 2851 2061 2917 mortuis,
2121 2849 2365 2904 ascendit
2421 2852 2483 2903 in
2538 2866 2644 2903 ca:-

995 2946 1109 2998 lum
1140 2944 1181 3008 5,
1216 2942 1364 2997 sedet
1391 2941 1459 2996 ad
1487 2941 1768 2996 dexteram
1798 2941 1895 2994 Dei
1913 2940 2117 3004 Patris,
2178 2942 2439 2994 ventur-us
2486 2939 2640 3010 judi-

995 3050 1121 3088 care
1150 3049 1293 3088 vwos
1313 3036 1365 3087 et
1392 3038 1650 3087 mortuos.
1684 3031 1979 3085 Sonabant
2030 3028 2202 3083 verba
2242 3027 2537 3099 pietatem,
2588 3033 2643 3083 et

2748 1783 3045 1841 abhorrere
3064 1787 3219 1842 I90
3246 1787 3459 1855 debent,
3493 1790 3744 1843 omnium
3764 1804 3878 1843 una
3906 1803 4032 1844 voce
4047 1788 4404 1845 damnentur.

2750 1873 3114 1946 Responsum
3143 1880 3233 1930 est
3260 1876 3331 1931 ab
3367 1875 3654 1933 universis
3692 1876 4004 1949 episcopis,
4037 1875 4250 1933 Placet.
4286 1878 4406 1933 Ita-

2751 1979 2863 2034 que
2892 1979 3025 2018 cum
3057 1963 3352 2030 Claudius,
3387 1965 3696 2038 episcopus
3727 1965 4035 2039 provincia":
4089 1966 4303 2034 Piceni,
4331 1984 4412 2024 ex

2751 2056 3037 2124 praecepto
3068 2052 3783 2127 omnium,blasphemias,
3806 2072 3934 2127 quae
3964 2054 4228 2111 Valentis
4252 2056 4408 2130 fere-

2749 2141 2982 2208 bantur,
3015 2140 3204 2213 legere
3233 2142 3523 2214 cazpisset,
3551 2143 3785 2200 Valens.
3820 2160 3980 2210 suas,
4001 2159 4130 2201 esse
4153 2161 4406 2217 negans,

2702 2300 2705 2303 γ
2748 2229 3091 2285 exclamavit
3119 2234 3174 2285 et
3201 2230 3348 2286 dixit
3375 2232 3415 2265 ¹¹
3468 2249 3480 2287 :
3513 2233 3577 2287 Si
3605 2234 3727 2304 quis
3749 2237 3911 2304 negat
3950 2233 4234 2288 Christum
4283 2239 4399 2290 Do-

2750 2321 2984 2384 minum,
3016 2320 3114 2374 Dei
3136 2320 3338 2385 Flium,
3370 2324 3499 2375 ante
3536 2321 3738 2376 saecula
3793 2338 3867 2376 ex
3911 2326 4079 2377 Patre
4128 2323 4406 2393 genitum,

2750 2408 3041 2462 anathema
3068 2410 3158 2463 sit.
3190 2410 3275 2463 Ab
3306 2409 3593 2465 universis
3623 2408 4057 2466 conclamatum
4091 2414 4199 2477 est,
4258 2412 4409 2466 Ana-

2749 2496 2933 2551 thema
2960 2498 3053 2551 sit.
3087 2527 3154 2537 —
3182 2499 3250 2552 Si
3278 2498 3399 2569 quis
3418 2506 3580 2569 negat
3609 2496 3825 2553 Filium
3846 2498 4087 2554 similem
4133 2499 4294 2554 Patri
4326 2516 4417 2556 se-

2749 2584 2988 2639 cundum
3028 2585 3356 2657 Scripturas,
3416 2586 3711 2643 anathema
3765 2589 3857 2642 sit.
3905 2587 4121 2643 Omnes
4170 2602 4415 2659 respon-

2751 2674 2982 2728 derunt.
3016 2675 3317 2730 Anathema
3330 2677 3502 2730 sit.—-
3517 2675 3582 2731 Si
3605 2678 3727 2748 quis
3746 2674 3959 2732 Filium
3972 2678 4076 2733 Dei
4104 2692 4215 2732 non
4237 2677 4408 2734 diee-

2750 2764 2826 2817 rit
2852 2766 3119 2819 aeternum
3148 2779 3273 2819 cum
3298 2765 3480 2833 Patre,
3496 2765 3797 2820 anathema
3833 2767 3927 2821 sit.
3977 2766 4063 2821 Ab
4110 2766 4409 2823 universis

2751 2839 3180 2906 conclamatum
3216 2853 3648 2918 est,Anathema
3676 2856 3765 2909 sit.
3819 2885 3885 2895 -—
3916 2854 3977 2909 Si
4026 2855 4147 2926 quis
4193 2855 4412 2911 dixerit

2750 2942 3057 2997 creaturam
3106 2942 3311 2995 Filium
3366 2942 3484 3008 Dei,
3544 2950 3603 2997 ut
3658 2952 3788 2998 sunt
3836 2945 4045 2999 caetera
4101 2947 4403 3001 creaturas.

2750 3030 3043 3084 anathema
3070 3030 3163 3084 sit.
3205 3029 3488 3086 Similiter
3519 3030 3739 3086 dictum
3772 3036 3885 3097 est,
3907 3032 4211 3087 Anathema
4231 3033 4407 3088 sit.—

992 3121 1146 3177 inter
1174 3122 1319 3176 tanti
1351 3120 1525 3175 mella
1558 3118 1848 3192 praeconii,
1893 3134 2065 3172 nemo
2113 3133 2429 3185 venenum,
2452 3117 2635 3172 inser-
2672 3087 2716 3155 (ἶ
2753 3117 2814 3173 Si
2843 3120 2965 3189 quis
2992 3118 3198 3174 dixerit
3224 3118 3291 3174 de
3308 3119 3489 3174 nullis
3518 3122 3862 3176 exstantibus
3907 3121 4134 3188 Filium,
4185 3129 4236 3177 et
4285 3137 4406 3178 non

995 3215 1120 3264 tum
1156 3210 1418 3280 putabat.

1067 3300 1152 3353 18.
1188 3298 1325 3354 Usize
1361 3313 1560 3352 nomen
1605 3313 1777 3367 quare
1822 3298 2087 3351 ablatum.
2147 3296 2338 3351 Valens
2400 3295 2639 3350 Mursen-

990 3389 1065 3441 sis
1119 3388 1422 3457 episcopus.
1482 3386 1701 3440 Scrinia
1767 3385 1991 3456 publica
2066 3386 2449 3440 Ecclesiarum.
2506 3387 2637 3440 Acta

988 3476 1353 3531 Ariminensis
1381 3475 1598 3546 synodi.
1632 3505 1700 3513 —
1736 3475 1810 3529 De
1840 3473 1990 3529 Usias
2019 3490 2154 3529 vero
2202 3474 2437 3529 nomine
2486 3473 2633 3543 abji-

914 3618 919 3625 ,
986 3565 1213 3631 ciendo,
1254 3562 1588 3619 verisimilis
1657 3563 1803 3618 ratio
1864 3563 2227 3635 praebebatur
2281 3564 2322 3617 ⁷.
2379 3564 2520 3632 Quia
2574 3565 2633 3618 in

985 3654 1306 3726 Scripturis,
1340 3653 1573 3709 aiebant
1598 3668 1711 3708 non
1742 3653 2040 3718 invenitur,
2079 3661 2130 3707 et
2169 3654 2368 3707 multos
2413 3654 2630 3724 simpli-

980 3745 1151 3800 ciores
1180 3744 1418 3799 novitate
1445 3760 1547 3798 sua
1571 3741 1941 3809 scandalizat,
1972 3742 2184 3813 placuit
2224 3745 2460 3812 auferri.
2503 3741 2629 3797 Non

1058 3867 1070 3899 ί
1102 3866 1211 3920 Sub
1244 3881 1369 3934 reae
1404 3866 1735 3930 Constantio,
1788 3863 2045 3931 Eusebio,
2081 3869 2188 3920 etc.
2240 3865 2525 3921 Eusebius
2573 3871 2629 3922 et

983 3936 1268 4016 l-lypatius
1298 3940 1505 4016 fratres
1537 3937 1771 4016 fuerunt
1810 3936 2340 4016 transtinaahuxoris
2386 3936 2623 4016 Juliani.

981 4006 1126 4062 Vide
1175 4012 1307 4061 Am.
1356 4006 1758 4063 Marcellinum
1808 4006 1907 4061 lib.
1959 4024 2073 4062 xxx.
2099 4007 2381 4063 Consules
2429 4014 2622 4064 autem

982 4095 1135 4133 anno
1165 4078 1380 4134 Christi
1410 4081 1537 4149 537,
1570 4078 1626 4133 id
1673 4081 1762 4134 est
1819 4077 2142 4133 Constantii
2203 4081 2287 4134 12.
2342 4083 2619 4136 Manum.

1053 4152 1073 4184 ²
1101 4150 1265 4217 Quod
1304 4150 1442 4206 hinc
1467 4149 1731 4222 sequitur
1753 4150 1823 4205 de
1855 4151 2076 4222 synodo
2123 4150 2478 4222 Ariminensi
2510 4153 2623 4205 fra-

978 4228 1284 4291 gmentum
1324 4239 1459 4277 cum
1509 4220 1682 4277 veteri
1733 4220 1921 4276 ms.S.
1957 4220 2229 4276 Germani
2254 4222 2619 4287 Parisiensis,

978 4292 1229 4377 aliisque
1259 4292 1710 4377 exemplaribus
1733 4291 1982 4377 contulit
2016 4308 2071 4377 γ’.
2093 4291 2177 4373 ἐι,
2213 4291 2538 4377 Baluzinus,”
2565 4299 2623 4348 et

975 4361 1359 4420 Conciliorum
1398 4361 1638 4419 editioni
1696 4361 1969 4417 inseruit.‘
2022 4362 2105 4417 Ibi
2166 4378 2268 4432 pro
2326 4363 2621 4432 inﬁdelitas

977 4440 1067 4488 est
1116 4435 1484 4491 incredulitas
1516 4442 1604 4498 ;et
1645 4449 1772 4503 quae
1833 4433 2055 4505 quidem
2100 4448 2249 4488 nunc

976 4507 1244 4560 noscitur.

1045 4576 1067 4608 ³
1100 4577 1160 4630 In
1195 4592 1305 4630 ms.
1366 4592 1568 4647 penes!
1596 4575 1866 4631 eumdem
1896 4572 2225 4647 fBalusium
2276 4576 2444 4631 servis
2501 4579 2621 4647 Dei,

972 4650 1097 4721 tum
1128 4650 1179 4703 et
1207 4645 1595 4703 totius‘mundi
1622 4646 2006 4701 communione
2041 4645 2263 4716 absque
2317 4663 2351 4701 a
2396 4645 2615 4721 priapo?

974 4718 1204 4775 sitione.

1046 4791 1066 4824 ⁵
1099 4792 1279 4856 ldcm,
1310 4791 1373 4845 In
1418 4804 1594 4844 unum
1643 4788 1823 4843 solum
1878 4803 2067 4860 verum
2125 4788 2312 4853 Deum,
2369 4794 2477 4846 etc.
2516 4809 2529 4860 ;
2562 4798 2619 4849 et

974 4862 1149 4932 paulo
1179 4864 1332 4918 intra
1362 4861 1613 4916 Similem
1650 4859 1887 4932 genitori
1913 4874 2009 4914 suo
2038 4860 2243 4915 Filium
2271 4864 2452 4917 Patri.

1040 4935 1060 4968 ⁵
1093 4935 1316 4990 Rursus
1348 4933 1500 4988 idem
1531 4932 1650 4987 Nisi
1677 4931 1824 4985 solus
1853 4932 1950 5001 qui
1978 4947 2103 4986 eum
2128 4934 2319 5001 genuit
2366 4938 2422 4988 et
2483 4951 2615 4990 mox

854 5002 876 5020 ⁸
966 5005 1184 5060 rectius
1227 5011 1304 5061 De
1348 5006 1521 5060 nullis
1567 5003 1887 5059 extantibus
1933 5004 2201 5058 creaturis
2247 5019 2360 5058 esse
2408 5006 2611 5062 Filium

965 5073 1082 5128 Dei.

1034 5146 1055 5178 ⁶
1088 5144 1288 5201 Isthch
1319 5164 1352 5200 a
1378 5149 1603 5212 mortui,
1636 5145 1879 5200 ascendit
1910 5145 1966 5199 in
2013 5145 2210 5199 extum
2266 5162 2334 5200 ex
2366 5146 2606 5203 Victorii

962 5216 1261 5271 codicibus
1290 5221 1347 5270 et
1387 5217 1693 5272 Baluziano
1719 5215 2032 5287 exemplari
2067 5216 2426 5287 sutfecimus.
2453 5220 2599 5274 Tum

962 5301 1028 5359 ex
1047 5286 1249 5359 eodem
1282 5293 1337 5341 et
1385 5288 1560 5341 veteri
1593 5287 1843 5342 editione
1892 5286 2046 5342 tanti
2090 5286 2270 5342 mella
2342 5292 2605 5359 prxconii

957 5353 1215 5480 legbiutius
1248 5374 1349 5428 pro
1397 5362 1551 5412 tanta
1609 5360 1707 5412 illa
1748 5361 2043 5427 przvconia,
2101 5363 2165 5413 ut
2222 5353 2393 5415 antea
2449 5363 2599 5417 obti-

960 5444 1031 5480 ne
1078 5446 1107 5480 ιι
1143 5470 1154 5480 .

960 5433 1154 5482 ncbaL

1028 5499 1220 5572 litem
1252 5504 1450 5555 narrat
1480 5497 1770 5572 Sulpitius
1800 5495 1905 5551 lib.
1941 5516 2000 5565 ιι,
2056 5516 2182 5572 cap.
2235 5503 2338 5557 l13:
2378 5526 2406 5554 ‹‹
2448 5504 2595 5560 Usiae

951 5570 1195 5629 verbum
1228 5577 1505 5643 tanquam
1537 5568 1881 5641 ambiguum
1914 5574 1971 5623 et
1998 5568 2216 5629 temore
2249 5592 2282 5629 a
2328 5575 2594 5634 Patribus

2315 4434 2621 4505 inﬁdelitas
2650 4468 2700 4536 Β

2747 3206 2811 3261 de
2835 3208 2939 3263 Deo
2967 3211 3156 3272 Patre,
3180 3209 3474 3266 anathema
3500 3210 3574 3264 sit
3604 3209 3821 3264 Omnes
3860 3210 4403 3280 conclamaverunt,

2746 3297 3051 3352 Anathema
3087 3298 3176 3352 sit.
3208 3327 3277 3336 —-
3307 3296 3367 3352 St
3397 3298 3518 3368 quis
3541 3297 3769 3364 dixerit,
3791 3298 3925 3353 Erat
3944 3298 4403 3370 tempusquando

2743 3400 2853 3440 non
2874 3393 2995 3440 erat
3014 3385 3509 3451 Filius,anathema
3525 3387 3598 3441 sit
3627 3386 3686 3441 ¹².
3702 3391 3762 3441 In
3785 3386 3893 3441 hoc
3911 3403 4042 3442 vero
4065 3387 4256 3443 cuncti
4280 3388 4405 3458 epi-

2745 3472 2926 3544 scopi,
2959 3477 3015 3528 et
3042 3477 3165 3527 tota
3194 3473 3371 3528 simul
3394 3473 3656 3543 Ecclesia
3683 3474 3897 3548 plausu
3932 3476 4189 3548 quodam
4210 3480 4271 3531 et
4290 3476 4400 3531 tri-

2742 3561 2921 3633 pudio
2950 3561 3210 3617 Valentis
3242 3579 3438 3618 vocem
3468 3568 3839 3635 exceperunt.
3870 3564 4032 3628 Quod
4094 3564 4144 3619 si
4194 3564 4327 3636 quis
4364 3583 4402 3622 a

2742 3651 2912 3707 nobis
2940 3653 3138 3707 fictum
3174 3656 3356 3724 putat,
3390 3652 3607 3708 scrinia
3635 3652 3870 3725 publica
3916 3656 4227 3709 scrutetur.
4262 3653 4399 3710 Ple-

2740 3757 2827 3796 nas
2858 3745 2997 3797 sunt
3026 3745 3178 3797 certe
3203 3739 3591 3797 Ecclesiarum
3626 3758 3780 3798 arcte
3810 3742 3937 3809 1“,et
3966 3758 4166 3799 recens
4196 3742 4397 3799 adhuc

2740 3869 3111 3937 usurpatum,
3168 3881 3356 3937 neque
3408 3865 3882 3938 exiauctoritate
3949 3867 4393 3938 Scripturarum

2780 3936 3085 4005 rofectum,
3117 3938 3229 3992 sub
3261 3936 3453 4009 specie
3485 3936 3648 3994 falsae
3679 3938 3922 3994 rationis
3950 3936 4146 3993 Aria—ni
4196 3937 4397 3996 abole-

2736 3954 2898 4063 Eant.
2926 4024 2997 4062 ne
3020 4009 3197 4063 unius
3227 4025 3362 4063 cum
3399 4009 3560 4063 Patre
3592 4009 3934 4063 substantias
3965 4009 4147 4063 Filius
4186 4010 4391 4063 crede-

2779 4012 2898 4074 ant,
2926 4024 2997 4062 ne
3020 4009 3197 4063 unius
3227 4025 3362 4063 cum
3399 4009 3560 4064 Patre
3592 4009 3934 4064 substantia:
3965 4009 4147 4065 Filius
4186 4010 4391 4066 crede-

2737 4083 2915 4144 retur,
2933 4079 3141 4134 Eadem
3178 4079 3323 4134 ﬁdes
3354 4079 3607 4135 similem
3642 4079 3794 4136 Patri
3828 4078 4037 4136 Filium
4072 4081 4389 4137 fatebatur.

2735 4150 2846 4204 Sed
2881 4150 3127 4231 interius
3160 4151 3361 4206 aderat
3392 4151 3552 4206 fraus
3575 4155 3640 4206 ut
3666 4156 3821 4208 esset
3840 4151 4195 4219 similis,non
4227 4158 4393 4209 esset

2734 4220 3165 4326 θθίέυιῗὲἒξξηηδ
3257 4294 3320 4326 ιη
3351 4292 3417 4326 ηι.
3661 4309 3710 4326 .,.
4131 4293 4226 4326 οη,
4288 4295 4389 4326 ιη-

2855 4292 3033 4347 Vetus
3064 4292 3214 4358 cod.,
3248 4294 3321 4347 Et
3350 4292 3417 4348 ab
3445 4308 3630 4349 errore
3655 4309 3710 4349 se
3761 4295 4062 4350 recessisse.
4125 4293 4226 4349 Sed
4284 4295 4389 4351 hoc

2731 4364 3053 4438 opinionem
3094 4364 3247 4438 vulgi
3274 4379 3387 4419 non
3443 4366 3790 4421 exstinxerat
3818 4382 3840 4427 ;
3870 4364 4047 4438 paulo
4105 4370 4260 4437 post,
4318 4368 4389 4422 Et

2731 4434 2998 4489 laicorum
3027 4436 3189 4489 turba
3217 4451 3566 4491 concurrens.

2802 4506 3029 4580 9Turpi
3063 4504 3504 4580 erroreklectu‘m
3561 4511 3650 4563 est
3707 4506 3993 4563 hactenus
4048 4509 4386 4580 Byzantina:

2730 4594 2848 4651 pro
2878 4576 3194 4649 Byzlacense.
3247 4576 3519 4651 Baluzius
3578 4583 3822 4650 praetera
3878 4576 4262 4651 reponi'vult
4312 4596 4388 4636 ex

2730 4648 2973 4720 antiquo
3006 4665 3116 4722 ms.
3149 4650 3429 4722 Primutus
3459 4650 3528 4722 ab
3578 4648 3830 4706 omnibus
3887 4648 4244 4722 deferebatur
4273 4667 4384 4722 pro

2722 4735 2927 4791 prmax
2955 4724 3012 4774 et
3040 4721 3447 4790 deferebantur.
3500 4721 3762 4795 Denique
3810 4720 3976 4778 vetus
4016 4720 4154 4778 edit.
4208 4720 4385 4780 voces

2719 4795 3181 4897 prqgitAerftetatem’
3201 4808 3314 4897 non
3349 4793 3634 4897 agnosqi't.

2907 4879 2938 4897 η
2974 4878 3037 4897 οη
3072 4880 3159 4897 ηπ.
3186 4881 3213 4897 η
3244 4880 3277 4897 η
3320 4880 3417 4897 ατη..
3464 4881 3533 4897 ....
3603 4881 3634 4897 .,

2863 4864 3042 4946 Antea
3064 4863 3279 4946 jactata
3310 4863 3417 4946 per
3459 4865 3762 4946 publicum.
3816 4865 3964 4919 Tum
3990 4935 4002 4946 .
4023 4867 4189 4946 vetus
4229 4864 4377 4946 .cod.

2722 4950 2899 5007 penes
2930 4933 3233 5007 Baluzium
3264 4933 3505 5005 aliquem
3532 4951 3561 4990 e
3590 4935 3742 4990 vobis
3772 4952 3878 5007 pro
3907 4935 4156 5004 nobis.et
4184 4935 4254 4990 ab
4270 4953 4376 4993 au-

2722 5005 2873 5060 ribus
2900 5006 3148 5061 cordium
3176 5010 3488 5076 nostrorum
3520 5022 3621 5076 pro
3647 5011 3699 5061 et
3718 5023 3749 5060 a
3774 5005 3939 5062 corde
3968 5009 4183 5074 nostro,
4211 5015 4315 5063 etc.

2792 5078 2827 5111 “
2855 5077 2939 5131 Ita
2967 5093 2998 5131 e
3029 5094 3138 5132 ms.
3172 5075 3767 5133 Baluzius.Editiones
3798 5076 3922 5132 alia:
3953 5078 4152 5133 ferunt
4182 5078 4376 5134 Chris-

2716 5154 2835 5274 tqm
2856 5151 3051 5273 tDeum.
3086 5149 3216 5204 Mox
3262 5164 3330 5203 ex
3388 5148 3589 5205 eodem
3635 5149 3786 5216 cod.,
3848 5157 3901 5205 et
3955 5148 4170 5205 addidit
4229 5166 4376 5223 sup-

2716 5237 2749 5274 ο
2779 5237 2846 5274 en
2881 5237 2967 5274 ur.

2716 5237 2967 5291 pientur.

2786 5291 2827 5324 ¹²
2854 5292 3009 5364 Idem
3045 5305 3114 5344 ex
3147 5287 3244 5343 illo
3289 5289 3467 5364 veteri
3512 5290 3824 5364 exemplari
3883 5290 4136 5347 sufﬁcit:
4173 5291 4379 5349 Omnes

2708 5362 3102 5431 responderunt
3127 5378 3146 5414 :
3202 5361 3495 5417 tnathema
3510 5365 3604 5418 sit.

2783 5434 2821 5507 ιῗι
2853 5433 3128 5507 Mendose
3150 5435 3274 5487 erat
3302 5433 3661 5507 certge._Cod.
3697 5433 3905 5507 Baluz.
3947 5434 4379 5507 Scripturarum

2704 5504 3193 5578 ecclesiasticarum
3221 5518 3387 5578 areae.
3412 5505 3589 5561 Infra.
3621 5509 3787 5562 vetus
3818 5506 3984 5575 edit.,
4016 5504 4083 5561 Et
4107 5508 4206 5578 qui
4221 5509 4375 5565 veri-

2703 5578 2868 5632 tatem
2891 5577 3130 5646 ﬁrment,
3163 5576 3276 5645 qui,
3310 5579 3421 5632 etc.
