5364 6558
270 98 378 171 i8!

1296 113 1685 183 DIALOGUS
1728 114 2042 182 CONTRA
2085 114 2681 187 LUCIFERIANOS.

3548 100 3675 188 {82

268 240 349 299 rei
378 242 669 302 memoria
701 250 809 303 est.
842 246 1172 320 Supersunt
1224 248 1495 308 homines
1545 252 1644 324 qui
1689 251 1775 307 illi
1824 270 1917 326 sy-
1942 256 1998 323 Α
2027 270 2159 309 rum
2189 254 2447 312 Ecclesia
2468 256 2768 329 complexa
2796 257 2926 325 est;
2959 259 3101 314 tunc
3130 255 3202 314 ad
3241 254 3494 314 reditum
3549 258 3673 316 Eua

267 334 419 390 nodo
438 333 837 391 interfuerunt
866 353 879 404 ;
910 342 968 392 et
998 340 1154 397 quod
1200 339 1504 396 veritatem
1552 342 1767 411 ﬁrmet,
1802 341 1916 414 ipsi

262 423 469 478 Ariani
501 423 625 479 haec
656 424 758 490 ita,
791 429 856 479 ut
903 426 1183 494 diximus,
1225 431 1391 499 gesta
1438 446 1553 484 non
1603 431 1911 503 denegant.

265 512 411 568 Cum
441 528 579 584 ergo
634 513 829 568 cuncti
888 514 1189 570 Valentem
1247 518 1319 572 ad
1374 517 1582 573 coelum
1639 518 1914 575 laudibus

263 602 557 664 tollerent,
586 607 645 657 et
673 619 843 657 suam
876 603 935 658 in
966 621 1101 659 eum
1134 606 1529 678 suspicionem
1562 625 1693 662 cum
1726 609 1914 679 paeni-

267 691 459 746 tentia
486 691 834 747 damnarent
858 710 871 759 ;
900 691 1057 748 idem
1088 693 1370 751 Claudius
1399 696 1501 767 qui
1522 713 1703 765 supra
1727 696 1914 769 legere

262 786 513 852 cmperat
562 781 681 836 ait:
722 781 910 836 Adhuc
956 792 1084 838 sunt
1129 782 1346 854 aliqua,
1396 802 1517 857 qua:
1562 785 1912 856 subterfuge-

257 878 387 923 rant
414 869 708 925 dominam
735 879 785 925 et
830 874 1068 941 fratrem
1120 889 1301 928 meum
1352 874 1641 941 Valentem,
1692 889 1836 944 qua},
1866 876 1916 927 si

254 959 399 1013 vobis
428 959 673 1025 videtur,
704 976 776 1015 nc
802 962 925 1031 quis
972 962 1262 1031 scrupulus
1310 966 1607 1029 remaneat,
1662 965 1719 1017 in
1769 979 1912 1018 com-

249 1064 417 1103 mune
444 1046 799 1104 damnemus.
826 1049 888 1105 Si
905 1052 1029 1122 quis
1057 1051 1259 1107 direrit
1284 1053 1490 1107 Filium
1518 1055 1616 1108 Dei
1643 1070 1758 1108 esse
1784 1054 1915 1124 qui-

251 1138 367 1193 dem
398 1147 535 1192 ante
563 1141 757 1193 omnia
783 1142 1030 1202 saecula;
1061 1141 1152 1196 sed
1175 1158 1292 1195 non
1322 1150 1446 1197 ante
1474 1158 1631 1198 omne
1670 1144 1912 1198 omnimo

251 1237 486 1299 tempus,
518 1237 583 1282 ut
616 1230 671 1283 ei
698 1228 913 1299 aliquid
934 1233 1228 1300 anteferat,
1260 1231 1555 1287 anathema
1600 1233 1688 1286 sit.
1740 1231 1907 1286 Dixe-

249 1322 385 1371 runt
432 1317 665 1383 cuncti,
714 1317 1021 1372 Anathema
1066 1321 1137 1373 sit
1184 1320 1220 1373 ί.
1272 1319 1570 1392 Multaque
1619 1320 1732 1375 alia
1782 1337 1908 1391 quae

248 1404 586 1475 suspiciosa
619 1404 992 1473 videbantur,
1045 1407 1114 1461 ad
1168 1409 1314 1463 191
1369 1408 1905 1479 pronuntiationem

248 1493 501 1559 Claudii,
543 1493 761 1549 Valens
790 1495 1219 1551 condemnavit.
1252 1496 1386 1559 Quae
1418 1496 1468 1552 si
1499 1496 1631 1568 quis
1675 1496 1905 1568 plenius

245 1583 475 1638 discere
509 1582 766 1655 cupit,in
797 1583 1185 1640 Ariminensis
1215 1585 1420 1656 synodi
1452 1587 1597 1641 actis
1638 1586 1903 1657 reperiet,

246 1671 402 1726 unde
432 1676 501 1726 et
528 1687 642 1726 nos
671 1672 783 1727 ista
811 1670 1144 1728 libavimus.

314 1760 406 1816 19.
445 1760 645 1816 Valens
671 1766 726 1816 et
767 1762 1042 1817 Ursacius.
1096 1762 1300 1834 Corpus
1353 1764 1576 1819 Domini
1630 1768 1687 1818 in
1730 1765 1907 1819 Eccle-

247 1851 355 1904 sia.
389 1850 616 1905 Niotsna
648 1850 893 1922 synodus
915 1854 1140 1922 propter
1167 1852 1300 1923 quid
1329 1861 1674 1923 congregata.
1704 1884 1776 1894 —
1808 1854 1908 1908 His

252 1938 341 1994 ita
376 1940 560 2011 gestis
585 1942 630 2004 ³,
689 1939 1006 1995 concilium
1055 1940 1316 1997 solvitur.
1380 1942 1512 1998 Laeti
1570 1959 1774 1998 omnes
1833 1943 1905 1998 ad

250 2028 583 2099 pmvincias
616 2033 1013 2084 revertuntur.
1046 2030 1204 2085 Idem
1253 2031 1410 2086 enim
1458 2031 1575 2103 regi
1628 2038 1685 2087 et
1734 2032 1906 2087 bonis

246 2116 532 2172 omnibus
575 2133 732 2172 curae
783 2118 990 2184 fuerat,
1048 2123 1111 2172 ut
1156 2118 1359 2174 Oriens
1400 2123 1578 2191 atque
1624 2120 1905 2176 Occidens

242 2205 689 2262 communionis
749 2205 862 2261 sibi
920 2206 1152 2261 vinculo
1198 2211 1587 2262 necterentur.
1645 2208 1755 2262 Ssn
1803 2225 1901 2263 DlU

240 2312 499 2351 suum
532 2311 653 2350 non
687 2294 889 2362 latent,
919 2300 975 2350 et
1012 2294 1250 2352 cicatrix
1296 2295 1446 2351 male
1485 2297 1757 2362 obducta,
1810 2296 1905 2351 in-

240 2391 405 2440 cocto
436 2399 619 2455 pure,
664 2384 1042 2455 dirumpitur.
1094 2386 1404 2456 Coeperunt
1453 2391 1653 2457 postea
1691 2385 1904 2442 Valens

240 2479 297 2528 et
317 2472 633 2540 Ursacius,
658 2473 966 2545 caterique
990 2473 1259 2545 nequitiae
1281 2490 1483 2530 eorum
1503 2474 1666 2542 socii,
1690 2475 1904 2547 egregii

241 2561 515 2617 videlicet
549 2561 772 2617 Christi
806 2563 1136 2618 sacerdotes
1168 2562 1397 2634 palmas
1431 2557 1568 2618 suas
1610 2563 1900 2632 jactitare,

242 2651 505 2707 dicentes
538 2667 605 2705 se
664 2650 879 2706 Filium
941 2668 1054 2706 non
1112 2655 1438 2707 creaturam
1493 2668 1758 2724 negasse,
1801 2652 1901 2706 sed

241 2739 500 2795 similem
534 2739 767 2795 caeteris
798 2741 1100 2795 creaturis.
1134 2740 1297 2795 Tunc
1328 2742 1469 2797 asiae
1508 2757 1720 2796 nomen
1761 2741 1902 2796 abo-

240 2827 413 2883 litum
449 2831 582 2883 est:
621 2832 762 2883 tunc
786 2828 1027 2883 Nicaeus;
1070 2829 1200 2884 fidei
1226 2828 1523 2885 damnatio
1542 2829 1903 2885 conclamata

240 2921 350 2973 est.
393 2917 701 2989 Ingemuit
726 2922 883 2973 totus
929 2918 1108 2984 orbis,
1155 2922 1212 2973 et
1241 2919 1519 2973 Arianum
1551 2935 1613 2974 se
1642 2935 1770 2974 esse
1792 2919 1901 2974 mi-

2026 344 2173 399 sebii
2226 346 2368 417 [sciL
2430 345 2833 418 Vercellensis]
2909 350 3100 403 vestes
3162 345 3442 419 lugubres
3501 347 3671 405 Italia

2026 434 2271 489 mutavit
2314 435 2748 491 Concurrebant
2775 435 3052 508 episcopi,
3077 435 3175 508 qui
3197 432 3665 495 Ariminensibus

2025 521 2175 576 dolis
2206 523 2433 592 irretiti,
2467 524 2595 579 sine
2616 524 2977 581 conscientia
3006 525 3260 580 haeretici
3308 526 3664 596 ferebantur,

2024 614 2450 667 constestantes
2481 613 2702 685 Corpus
2724 613 2972 679 Domini,
2996 617 3053 668 et
3073 614 3357 685 quidquid
3379 614 3437 669 in
3470 616 3664 672 Eccle-

2025 698 2112 753 sia
2159 704 2428 756 sanctum
2460 707 2550 757 est
2578 719 2641 757 se
2671 702 2815 757 nihil
2866 702 3006 757 mali
3058 702 3116 757 in
3177 704 3330 759 I92
3387 721 3496 760 sua
3550 706 3664 762 fide

2024 789 2370 858 suspicatos.
2394 790 2757 855 Putavimus,
2788 789 3040 860 aiebant,
3073 808 3313 847 sensum
3346 809 3669 864 congruere

2023 892 2156 931 cum
2188 877 2378 933 verbis
2404 897 2416 945 ;
2452 894 2557 933 nec
2587 879 2645 932 in
2674 878 2931 933 Ecclesia
2959 879 3082 940 Dei.
3139 879 3239 934 ubi
3290 879 3663 952 simplicitas,

2026 965 2123 1020 ubi
2172 983 2318 1037 pura
2366 968 2653 1023 confessio
2704 973 2809 1033 est,
2863 967 3020 1022 aliud
3068 968 3126 1022 in
3176 970 3348 1025 corde
3396 969 3665 1027 clausum

2022 1070 2171 1120 esse,
2203 1054 2360 1110 aliud
2390 1056 2636 1111 inlabiis
2666 1055 2907 1127 proferri
2940 1056 3271 1113 timuimus.
3301 1057 3537 1128 Decepit
3556 1076 3665 1116 nos

2021 1142 2175 1197 bona
2205 1144 2276 1198 de
2324 1144 2496 1200 malis
2545 1144 2915 1200 existimatio.
2966 1145 3090 1201 Non
3141 1162 3350 1201 sumus
3397 1146 3666 1204 arbitrati

2021 1233 2349 1288 sacerdotes
2412 1232 2624 1288 Christi
2693 1233 2973 1289 adversus
3034 1233 3333 1289 Christum
3380 1250 3664 1306 pugnare.

2022 1320 2324 1393 Multaque
2382 1322 2514 1389 alia,
2581 1339 2708 1394 quae
2765 1322 3067 1378 brevitatis
3122 1322 3316 1378 studio
3363 1327 3661 1395 praetereo,

2023 1413 2227 1465 ﬂentes
2258 1412 2637 1466 asserebant:
2663 1411 2851 1482 parati
2900 1416 2957 1467 et
3003 1410 3496 1482 subscriptionem
3543 1411 3665 1483 pri-

2017 1498 2256 1564 stinam,
2290 1504 2347 1555 et
2366 1516 2569 1556 omnes
2592 1500 2942 1556 Arianorum
2970 1499 3372 1572 blasphemiae
3395 1500 3668 1557 condem-

2021 1602 2179 1643 nare.
2216 1588 2332 1643 Hoc
2356 1588 2481 1644 loco
2511 1588 2807 1661 interrogo
2840 1589 2985 1644 istos
3034 1588 3285 1644 nimium
3335 1587 3668 1661 religiosos,

2021 1675 2161 1747 quid
2193 1677 2264 1732 de
2296 1676 2729 1734 confessoribus
2747 1679 3039 1750 agendum
3064 1678 3462 1750 putaverunt?
3486 1679 3671 1750 Περοι

2018 1763 2170 1832 sitis,
2202 1765 2490 1838 inquient,
2523 1768 2816 1823 veteribus
2845 1766 3157 1839 episcopis,
3192 1784 3374 1823 novos
3402 1766 3666 1824 ordinas-

2021 1858 2153 1909 sent
2192 1854 2298 1923 [AL
2354 1855 2666 1927 ordinare].
2717 1857 3031 1912 Tentatum
3091 1867 3200 1911 est.
3252 1856 3362 1913 Sed
3417 1859 3664 1927 quotus-

2018 1943 2267 2015 quisque
2312 1943 2457 2001 bene
2514 1945 2626 1999 sibi
2682 1945 2953 2001 conscius
3009 1947 3232 2017 patitur
3287 1962 3349 2001 se
3400 1945 3664 2018 deponi?

2018 2031 2341 2087 Przssertim
2404 2050 2538 2088 cum
2596 2050 2800 2090 omnes
2856 2033 3075 2105 populi,
3136 2019 3493 2090 sacerdotes-
3522 2050 3662 2090 suos

2017 2119 2346 2193 diligentes,
2378 2138 2521 2193 pene
2552 2123 2622 2178 ad
2665 2121 2887 2194 lapides
2933 2127 2991 2178 et
3033 2123 3103 2177 ad
3151 2122 3661 2194 iuteremptionem

2014 2208 2435 2279 deponentium
2467 2226 2565 2265 eos
2584 2208 3013 2264 convolaverint
3034 2210 3061 2264 ?
3092 2208 3659 2277 Mansissent,aiunt,

2015 2296 2169 2352 intra
2198 2314 2367 2352 suam
2399 2298 2893 2353 communionem.
2928 2299 3043 2352 [loc
3073 2302 3162 2352 est
3199 2297 3410 2365 dicere,
3436 2295 3663 2353 irratio-

2017 2385 2197 2440 nabili
2220 2385 2563 2441 crudelitate
2584 2387 2784 2442 orbem
2815 2389 3002 2441 totum
3052 2385 3284 2442 diabolo
3333 2386 3660 2442 condonas-

2014 2478 2145 2529 sent
2176 2475 2282 2545 [Αἰ.
2317 2476 2853 2547 condemnassent].
2886 2476 3002 2531 Cur
3031 2474 3414 2531 damnassent
3437 2490 3536 2531 eos
3557 2474 3659 2547 qui

2012 2562 2211 2617 Ariani
2263 2580 2379 2618 non
2434 2564 2646 2618 erant?
2677 2563 2793 2619 Cur
2841 2562 3160 2619 Ecclesiam
3216 2563 3553 2619 scinderent
3597 2563 3659 2619 in

2014 2652 2325 2708 concordia
2355 2652 2485 2707 ﬁdei
2535 2656 2972 2724 permanentem
3005 2652 3032 2706 ?
3064 2653 3179 2708 Cur
3225 2651 3480 2725 denique
3529 2668 3660 2708 cre—

2012 2741 2216 2796 dentes
2249 2742 2414 2809 bene,
2468 2742 2863 2797 obstinatione
2909 2758 3017 2797 sua
3068 2741 3319 2797 facerent
3366 2740 3660 2797 Arianos?

2012 2830 2156 2884 Nam
2192 2847 2324 2885 cum
2358 2832 2414 2885 in
2449 2831 2667 2902 synodo
2712 2830 3095 2902 Nicazna,qum
3122 2833 3357 2901 propter
3378 2829 3654 2885 Arianam

2011 2919 2315 2989 perﬁdiam
2350 2924 2702 2991 congregata
2731 2923 2841 2985 est,
2883 2923 3011 2973 octo
3060 2918 3364 2990 episcopos
3408 2917 3655 2974 Arianos

242 3012 407 3062 ratus
439 3012 533 3062 est
563 3008 608 3061 ³.
642 3007 830 3079 Igitur
857 3006 956 3061 alii
999 3006 1148 3062 intra
1200 3024 1368 3062 suam
1425 3007 1901 3063 communionem
1931 2992 1974 3058 C
2009 3013 2314 3079 susceptos
2348 3009 2642 3075 sciamus;
2677 3012 2733 3062 et
2778 3006 3088 3079 episcopus
3139 3008 3265 3078 jam
3318 3006 3376 3060 in
3432 3005 3653 3061 mundo

242 3112 573 3162 remanere,
610 3095 709 3150 alii
740 3096 812 3150 ad
844 3112 943 3150 eos
975 3097 1337 3152 confessores
1367 3097 1467 3168 qui
1508 3097 1618 3152 sub
1668 3097 1905 3152 nomine

244 3185 557 3240 Athanasii
609 3184 976 3249 exsulabant,
1026 3190 1326 3257 cmperunt
1375 3186 1596 3241 litteras
1637 3186 1906 3252 mittere;

247 3273 514 3330 nonnulli
547 3273 759 3329 initam
798 3273 1134 3330 societatem
1162 3273 1459 3331 meliorem
1507 3275 1912 3346 desperatione

253 3362 629 3434 planxerunt.
660 3362 838 3417 Pauci
888 3379 1022 3419 vero
1070 3366 1157 3435 (ut
1214 3381 1276 3419 se
1335 3369 1545 3419 natura
1600 3363 1908 3419 hominum

262 3450 471 3520 habet)
500 3467 746 3506 errorem
779 3468 884 3523 pro
932 3452 1177 3508 consilio
1226 3453 1622 3509 defcnsavere.
1678 3451 1910 3509 Pericli-

264 3540 503 3595 tabatur
556 3539 820 3597 navicula
899 3542 1321 3613 apostolorum,
1395 3543 1685 3613 urgebant
1730 3541 1911 3609 venti,

255 3628 533 3685 ﬂuctibus
566 3629 747 3685 latera
778 3629 1214 3684 tundebantur:
1249 3629 1400 3684 nihil
1438 3631 1565 3699 jam
1612 3634 1916 3702 supererat

256 3718 419 3791 spei:
455 3717 743 3773 Dominus
776 3718 1081 3784 excitatur,
1116 3718 1368 3790 imperat
1410 3719 1764 3788 tempestati,
1817 3720 1915 3774 be-

260 3809 371 3863 stia
400 3808 546 3875 (scil.
582 3806 981 3874 Constantius)
1012 3806 1281 3871 moritur,
1306 3805 1705 3877 tranquillitas
1724 3807 1913 3862 rediit.

259 3896 634 3952 Manifestius
664 3895 879 3950 dicam.
905 3894 1120 3951 Omnes
1141 3894 1420 3967 episcopi,
1449 3895 1547 3966 qui
1572 3896 1644 3950 de
1666 3895 1917 3967 propriis

257 3987 495 4041 sedibus
516 3986 752 4040 fuerant
772 3984 1165 4050 exterminati,
1186 4000 1286 4055 per
1308 3983 1733 4056 indulgentiam
1782 3983 1911 4039 novi

257 4059 544 4147 principis
578 4073 726 4145 (scil.
757 4073 997 4144 Juliani)
1045 4074 1117 4130 ad
1133 4072 1418 4129 Ecclesiae
1458 4073 1723 4129 redeunt.
1755 4074 1919 4129 Tunc

260 4164 760 4236 trinmphatorem
793 4179 968 4217 suum
998 4162 1391 4217 Athanasium
1438 4162 1721 4234 {Egyptus
1758 4178 1921 4216 exce-

263 4252 381 4325 pit;
415 4257 565 4307 tunc
592 4249 881 4306 Hilarium
913 4250 984 4305 de
1009 4250 1208 4323 proelio
1258 4254 1663 4318 revertentem,
1710 4249 1914 4305 Gallia-

334 4452 348 4483 ³
382 4452 447 4505 In
478 4464 603 4504 uno
650 4463 762 4502 ms.
805 4450 1102 4502 Dixerunt
1125 4448 1326 4512 cuncti,
1375 4451 1425 4501 et
1455 4448 1573 4517 ipse
1609 4448 1846 4509 Valens;
1867 4452 1923 4503 et

261 4524 444 4576 cuncti
471 4519 867 4592 responderant
899 4534 913 4572 ε
946 4519 1248 4574 Anathema
1303 4519 1395 4592 sit.
1430 4518 1562 4572 Mox
1619 4536 1721 4591 pro
1787 4534 1915 4573 con-

264 4589 572 4655 demnavit,
600 4589 900 4656 scribitur,
933 4592 1086 4645 clara
1132 4605 1256 4644 voce
1284 4589 1585 4643 damnavit.

334 4667 353 4698 ²
380 4662 762 4719 Μετίὶεωωυε
792 4665 926 4733 post
961 4662 1181 4733 Erasm.
1216 4661 1310 4715 His
1344 4661 1527 4730 itaque
1548 4663 1735 4730 gestis.

333 4737 354 4769 ³
383 4737 590 4806 Neque
620 4732 881 4806 enim’ex
913 4732 1108 4787 animo
1150 4733 1402 4806 Arianos
1460 4738 1605 4806 erat,
1662 4733 1782 4806 imo
1820 4748 1920 4806 _r_e-

267 4811 353 4862 ete
384 4802 676 4872 sentiens,
725 4804 825 4859 sed
876 4819 941 4858 eo
988 4821 1101 4873 quo
1161 4802 1413 4867 nolebat,
1470 4804 1642 4858 modo
1696 4802 1922 4857 intelle-

268 4884 416 4942 ctus,
442 4876 727 4933 Arianam
759 4892 822 4930 se
852 4873 1136 4946 publicari
1172 4880 1229 4929 et
1258 4873 1459 4946 audire
1489 4874 1813 4944 obstupuit.

334 4951 355 4982 ⁸
383 4952 535 5005 Sunt
566 4948 667 5019 qui
705 4945 1002 5019 memoria:
1034 4945 1171 5019 vitio
1212 4945 1307 5019 hic
1339 4945 1453 4999 labi
1508 4946 1921 5019 Hieronymum

266 5021 466 5086 velint,
498 5016 634 5074 cum
662 5018 866 5073 Arium
898 5017 1095 5087 ipsum
1129 5016 1187 5069 in
1215 5016 1445 5070 Nicazno
1465 5016 1712 5071 concilio
1733 5031 1927 5069 susce-

267 5097 434 5165 ptum
467 5091 669 5146 tradit.
703 5088 936 5165 Nicaana
967 5088 1132 5165 enim
1173 5088 1453 5165 synodica
1490 5087 1748 5165 epistola
1795 5090 1926 5165 post

270 5158 591 5219 anathema
623 5160 855 5215 Arianae
884 5158 1184 5214 sententia:
1212 5159 1387 5213 sociis
1419 5158 1728 5221 inﬂictum,
1790 5158 1924 5212 con-

270 5236 425 5290 sulto
457 5232 693 5289 reticeri
726 5230 890 5293 dicit,
924 5247 1096 5300 quem
1130 5230 1346 5285 exitum
1374 5230 1545 5284 Arius
1568 5230 1810 5284 sortitus
1830 5229 1925 5293 sit,

272 5324 337 5362 ne
368 5304 636 5361 hominis
676 5302 995 5358 calamitati
1038 5301 1305 5356 videatur
1356 5300 1676 5372 insultare;
1713 5301 1927 5372 quibus

270 5378 461 5434 verbis
491 5373 686 5432 exsilii
721 5390 952 5446 pmnam
985 5372 1077 5446 illi
1093 5373 1191 5446 Aab_
1223 5373 1574 5446 imperatore
1610 5371 1927 5446 irrogatam

272 5448 520 5506 indicari
553 5442 766 5520 liquet.
800 5449 1018 5502 Verum
1048 5442 1337 5501 discimus
1385 5461 1418 5500 a
1459 5442 1776 5501 Sozomeno
1824 5442 1924 5498 lib.

91 5948 711 6074 ac...
762 6068 795 6071 ,

1947 4363 1994 4427 D

2019 3096 2220 3152 nullus
2251 3098 2346 3164 sit,
2381 3097 2493 3152 nisi
2536 3113 2683 3168 quos
2706 3097 2967 3169 synodus
3014 3094 3117 3152 illa
3162 3094 3487 3155 ordinavit:
3523 3112 3670 3167 quo-

2019 3187 2192 3241 modo
2224 3190 2540 3258 potuerunt
2569 3186 2881 3242 adversum
2930 3202 3061 3242 eam
3108 3186 3293 3242 facere
3335 3186 3375 3253 ‘,
3430 3188 3670 3257 propter

2020 3293 2198 3347 quam
2229 3274 2503 3331 exsilium
2534 3275 2994 3332 sustinuerunt?

2092 3366 2176 3419 ‘20.
2210 3366 2464 3421 Auctores
2504 3364 2767 3422 haereseos
2814 3366 3063 3422 Arianae.
3104 3365 3441 3433 Supererant
3486 3363 3669 3419 homi-

2020 3471 2112 3509 nes
2147 3457 2243 3524 qui
2269 3454 2481 3525 synodo
2511 3455 2751 3511 Nicaeum
2782 3462 3167 3525 interfuerant.
3218 3453 3359 3521 Quid
3405 3455 3672 3509 constitu-

2026 3548 2144 3598 tum
2176 3546 2235 3597 in
2259 3544 2465 3615 synodo
2494 3544 2890 3599 Alexandrina.
2924 3544 3146 3613 Lucifer
3173 3541 3305 3613 quid
3348 3540 3555 3611 fecerit.
3602 3571 3673 3582 --

2022 3633 2082 3687 L.
2119 3634 2203 3685 An
2236 3631 2471 3686 tandem
2504 3636 2561 3686 et
2590 3636 2729 3686 tunc
2752 3631 2966 3702 recepti
2988 3634 3127 3686 sunt
3145 3628 3385 3685 Ariani?
3405 3627 3671 3701 quinam,

2024 3736 2222 3791 quaeso
2270 3718 2297 3772 ‘?
2347 3720 2405 3775 0.
2460 3719 2747 3775 Eusebius
2808 3720 3119 3790 episcopus
3183 3716 3671 3784 Nicomediensis,

2025 3806 2358 3879 Theognius
2408 3808 2511 3877 (At.
2565 3807 2960 3880 Theogonius)
3015 3808 3323 3879 cpiscopus
3381 3807 3673 3864 Nicaznus.

2026 3897 2193 3951 Saras
2234 3901 2371 3949 tunc
2422 3896 2725 3967 presbyter
2771 3896 2981 3968 Libyae.
3028 3896 3316 3953 Eusebius
3363 3895 3676 3967 episcopus

2028 3990 2282 4040 Casarea:
2340 3982 2667 4050 Palestina,
2718 3988 2775 4039 et
2833 3983 3065 4056 reliqui,
3128 4001 3276 4055 quos
3332 3999 3678 4039 enumerare

2030 4074 2272 4146 longum
2296 4077 2406 4128 est.
2442 4073 2569 4144 Ipse
2602 4089 2834 4145 quoque
2889 4077 3063 4144 caput
3116 4073 3328 4127 horum
3382 4076 3441 4126 et
3493 4086 3674 4126 causa

2033 4160 2527 4228 malorum,Arius
2557 4162 2943 4234 prcsbyter,et
2972 4161 3222 4218 Euzoius
3252 4160 3556 4226 diaconus,
3577 4158 3680 4231 qui

2034 4256 2166 4326 post
2221 4251 2549 4307 Eudoxium
2607 4252 2628 4285 δ
2684 4250 3083 4307 Antiochenus
3156 4251 3310 4307 198
3369 4248 3681 4322 episcopus

2031 4464 2093 4511 Il,
2149 4461 2275 4515 cap.
2357 4445 2447 4515 46,
2526 4445 2732 4500 Arium
2799 4445 2877 4493 ἐπὶ
2939 4448 3031 4505 τὴν
3098 4444 3285 4510 ἐξορίαν
3348 4442 3680 4515 ἀπαγόμενον,

2030 4518 2149 4571 sive
2179 4514 2238 4570 eo
2269 4517 2385 4585 ipso
2432 4514 2675 4588 tempore
2730 4532 2832 4588 quo
2879 4518 2941 4571 in
2976 4517 3241 4572 exsilium
3297 4514 3687 4588 deportabatur

2029 4584 2564 4659 [umeri-revocatum".
2597 4584 2749 4650 Quin
2779 4588 2953 4643 etiam
2981 4590 3245 4643 Socrates
3280 4584 3444 4659 illum
3471 4584 3684 4659 statim

2032 4655 2103 4712 ab
2137 4658 2307 4712 exilio
2335 4664 2666 4730 revocatum
2700 4660 2898 4719 tradit,
2929 4667 3244 4730 antequam
3272 4655 3564 4730 Eusebius
3587 4670 3684 4730 _a_c

2032 4730 2367 4797 Theognius
2400 4728 2661 4783 libellum
2693 4730 3045 4801 poenitentiae
3080 4724 3553 4801 mitterent._.lam
3582 4724 3688 4799 igi-

2033 4806 2132 4855 tur
2159 4801 2323 4855 vides
2345 4817 2471 4872 quo
2504 4807 2671 4872 pacto
2694 4797 2954 4871 intelligi
2987 4805 3045 4855 et
3073 4798 3373 4854 conciliari
3405 4797 3688 4870 Hierony-

2036 4870 2403 4948 muspossit.
2718 4942 2751 4948 __
2906 4870 2921 4871 ί
3155 4940 3166 4948 ⁸
3296 4938 3309 4948 1
3447 4938 3495 4948 η
3577 4936 3613 4948 Α.

2106 4945 2126 4977 δ
2158 4938 2489 4997 Lectionem
2512 4940 2752 4995 Victorii
2806 4957 3029 5005 revoco,
3075 4940 3246 5011 cujus
3296 4938 3422 4995 loco
3447 4938 3684 5011 Martia-

2036 5032 2196 5069 nzeus
2227 5031 2357 5069 cum
2393 5017 2633 5067 Erasmo
2674 5012 2868 5072 habet.
2918 5013 3013 5084 qui
3040 5010 3225 5084 postea
3271 5012 3370 5066 sub
3392 5010 3686 5084 Theodosio

2035 5087 2436 5149 Antioclzemas,
2465 5089 2597 5148 etc.,
2627 5090 2683 5137 et
2711 5084 2865 5154 quod
2908 5083 3151 5138 minime
3211 5083 3514 5138 ferendum
3574 5086 3684 5147 est,

2035 5157 2273 5211 Victorii
2300 5155 2653 5210 industriam
2670 5155 2840 5225 plane
2871 5154 3466 5210 dissimulat.Certum
3490 5160 3686 5225 tamen

2037 5234 2127 5284 est
2171 5227 2287 5282 falli
2338 5222 2687 5289 Erasmumf
2713 5242 2903 5297 neque
2950 5244 3076 5282 eam
3120 5225 3301 5281 fuisse
3348 5222 3689 5297 Hieronymi

2039 5305 2316 5361 mentem,
2350 5296 2741 5353 'lhcodosium
2790 5292 3331 5363 commemorandi;
3364 5311 3552 5365 neque
3568 5292 3690 5365 '_i_ta

2039 5368 2366 5444 scripsisse.
2400 5369 2460 5444 In
2493 5369 2653 5444 hanc
2675 5385 2799 5425 rem
2818 5372 3103 5444 Socrates,
3150 5367 3252 5423 lib.
3290 5361 3353 5435 1i,
3412 5361 3541 5444 cap.
3574 5361 3685 5444 44‘:

2044 5466 2064 5493 α
2094 5432 2458 5509 Antiocheni,
2492 5441 2705 5513 inquit,
2729 5457 2861 5499 cum
2885 5432 3213 5501 Eudoxium
3236 5432 3694 5509 comperissent,
