4100 6156
371 227 504 304 εδει

1612 229 1678 300 s.
1723 229 2036 302 ausum
2076 228 2523 337 ntaaourm

3649 222 3777 292 ιω

373 371 518 438 fuit;
552 371 607 427 et
635 365 891 427 Achillas
919 368 1116 428 lector.
1146 371 1214 428 Hi
1245 370 1458 446 quippe
1475 375 1593 428 tres
1613 370 2008 428 Alexandrinae
2040 370 2093 436 Α
2126 370 2286 425 rabie
2319 370 2614 443 luporum,
2640 367 2959 444 segregatis
2989 365 3192 442 paucis
3212 360 3438 437 ovibus,
3471 361 3766 436 reliquum

372 459 638 517 Ecclesize
669 459 884 526 clerici,
921 466 1186 517 auctores
1227 463 1405 533 hujus
1446 460 1731 516 haereseos
1781 458 2016 514 exstite-

371 553 528 603 runt.
561 550 620 602 L.
653 547 708 602 Si
749 549 1042 620 quispiam
1092 565 1189 603 eos
1239 555 1406 626 neget
1457 549 1637 604 fuisse
1687 549 2016 617 susceptos,

371 637 663 709 quomodo
694 638 1018 692 revincetur
1040 637 1067 691 ‘2
1100 637 1160 692 0.
1192 637 1726 709 Supersuntadhuc
1751 634 2019 690 homines

371 726 472 800 qui
501 726 584 780 illi
619 727 840 798 synodo
870 725 1282 780 interfuerunt.
1313 728 1381 780 Et
1410 727 1457 780 si
1491 726 1601 780 hoc
1648 740 1855 797 parum
1907 727 2017 786 est,

372 815 511 889 quia
540 819 775 888 propter
809 814 1090 886 temporis
1124 815 1530 886 antiquitatem
1563 815 1676 868 rari
1701 813 2018 868 admodum

373 910 530 971 sunt,
565 909 620 959 et
652 905 706 959 in
739 905 898 960 omni
929 904 1053 958 loco
1106 909 1288 959 testes
1338 905 1543 958 adesse
1585 919 1702 958 non
1750 905 2016 973 possunt,

371 992 639 1065 legamus
670 997 802 1047 acta
823 996 880 1046 et
909 992 1148 1047 nomina
1177 993 1583 1063 episcoporum
1616 989 1823 1062 synodi
1845 988 2018 1044 Nicae-

373 1100 496 1148 me;
531 1086 588 1137 et
619 1082 726 1136 hos
756 1098 901 1153 quos
935 1098 1114 1152 supra
1156 1080 1411 1136 diximus
1459 1080 1642 1135 fuisse
1687 1083 2014 1150 susceptos,

371 1171 790 1242 subscripsisse
819 1172 1122 1234 homusion,
1157 1169 1306 1224 inter
1336 1172 1574 1224 czeteros
1628 1167 2012 1240 reperiemus.

371 1263 431 1315 L.
464 1260 521 1315 Si
554 1265 740 1331 potes,
773 1260 1014 1314 ostende
1046 1264 1176 1330 post
1207 1259 1498 1330 synodum
1542 1258 1829 1312 Nieaenam
1883 1255 2014 1311 illos

371 1349 429 1404 in
455 1348 758 1420 perfidiam
791 1347 1138 1403 declinasse.
1176 1348 1234 1404 0.
1271 1349 1444 1403 Recte
1489 1345 1870 1418 proposuisti,
1922 1361 2010 1400 so-

369 1437 488 1505 lent
517 1437 673 1493 enim
701 1436 883 1493 oculis
913 1436 1130 1492 clausis
1161 1437 1467 1508 denegare,
1502 1436 1599 1506 qui
1628 1451 1743 1490 non
1767 1435 2014 1489 credunt

370 1528 585 1582 factum
619 1542 748 1581 esse
779 1525 932 1597 quod
968 1523 1194 1580 nolunt.
1229 1525 1334 1579 Sed
1368 1524 1662 1594 quomodo
1681 1528 2011 1594 posteanon

369 1614 757 1680 declinarunt,
790 1618 1026 1685 propter
1055 1630 1204 1684 quos
1236 1614 1492 1684 synodus
1515 1616 1866 1684 congregata
1895 1611 2013 1666 est?

368 1719 618 1776 quorum
665 1701 922 1774 epistola:
974 1708 1030 1758 et
1086 1701 1220 1756 libri
1273 1702 1593 1773 impietatis
1649 1706 1783 1756 ante
1841 1717 2009 1772 syno-

368 1793 511 1847 dum
543 1791 898 1862 editi,usque
915 1793 985 1846 ad
1001 1795 1348 1862 przcsentem
1369 1791 1523 1844 diem
1550 1791 1764 1845 durant
1784 1789 1811 1843 ‘?
1829 1789 2014 1861 Igitur

367 1898 498 1937 cum
531 1880 630 1936 illo
663 1885 921 1953 tempore
951 1879 1188 1935 trecenti
1221 1884 1276 1934 et
1305 1895 1372 1934 eo
1424 1879 1680 1950 amplius
1730 1877 2007 1951 episcopi,

367 1987 584 2042 paucos
607 1969 894 2034 homines,
920 1986 1066 2040 quos
1117 1968 1242 2023 sine
1289 1969 1500 2023 damno
1544 1967 1811 2024 Ecclesiae
1865 1967 2009 2038 abji-

367 2075 494 2114 cere
552 2063 836 2129 poterant,
897 2057 1309 2128 susceperint:
1347 2055 1528 2111 miror
1597 2056 1905 2127 quosdam,
1956 2059 2012 2110 et

366 2150 519 2202 certe
547 2148 788 2202 Nicaenee
829 2147 960 2202 fidei
1007 2151 1344 2210 sectatores,
1377 2149 1550 2200 tanta:
1583 2144 1810 2200 duritiae
1861 2144 2008 2198 exsi-

366 2240 540 2302 stere,
572 2241 634 2290 ut
667 2240 782 2290 tres
829 2236 1187 2290 cenfessores
1221 2236 1234 2268 ¹
1268 2236 1337 2289 de
1385 2233 1586 2289 exsilio
1635 2236 2006 2300 revertentes,

365 2341 479 2379 non
509 2328 738 2396 putent,
772 2324 829 2377 id
873 2324 945 2378 ob
970 2323 1152 2378 totius
1183 2323 1340 2378 orbis
1373 2321 1624 2377 salutem
1665 2321 2012 2377 necessitate

361 2413 548 2468 facere
577 2411 868 2478 debuisse,
903 2412 1056 2482 quod
1091 2416 1177 2466 tot
1206 2416 1262 2466 et
1292 2409 1439 2466 tales
1473 2410 1577 2464 viri
1610 2408 1907 2465 voluntate
1929 2410 2009 2464 fe-

362 2505 586 2557 cerunt.
619 2501 753 2566 Sed,
795 2507 859 2555 ut
913 2500 1104 2555 dicere
1150 2515 1530 2569 cmperamus,
1581 2503 1715 2570 post
1756 2498 2007 2553 reditum

369 2589 795 2654 confessorum,
827 2587 886 2641 in
916 2587 1308 2642 Alexandrina
1334 2587 1758 2659 posteasynodo
1792 2587 2009 2642 consti-

361 2681 556 2731 tutum
589 2680 678 2731 est
707 2680 791 2741 ut,
823 2677 1079 2748 exceptis
1119 2677 1456 2731 auctoribus
1503 2676 1811 2743 haereseos,
1863 2691 2011 2746 quos

363 2781 523 2820 error
564 2781 841 2820 excusare
889 2781 1004 2819 non
1055 2769 1297 2836 poterat,
1350 2764 1696 2836 pcenitentes
1743 2763 2010 2819 Ecclesia:

365 2853 765 2909 sociarentur:
800 2870 916 2909 non
962 2854 1113 2925 quod
1159 2854 1416 2926 episcopi
1465 2853 1692 2925 possint
1738 2869 1867 2908 esse
1909 2852 2010 2924 qui

364 2942 617 2997 haeretici
655 2943 922 3007 fuerant;
955 2943 1054 2998 sed
1088 2942 1244 3013 quod
1277 2947 1568 2997 constaret
1611 2958 1709 2996 eos
1733 2941 1832 3012 qui
1873 2941 2014 2996 reci-

368 3037 664 3102 perentur,
697 3030 998 3086 haereticos
1031 3049 1144 3086 non
1179 3031 1380 3086 fuisse.
1413 3033 1706 3085 Asseusus
1746 3035 1835 3084 est
1876 3030 2012 3085 huic

2127 475 2364 531 gregem
2398 460 2673 515 deseruit.
2709 464 2903 515 Bonus
2945 458 3190 532 quidem
3225 456 3352 530 ipse
3393 459 3610 527 pastor,
3663 451 3779 508 sed-

2128 549 2378 602 multum
2413 549 2666 619 praedam
2697 548 2901 605 bestiis
2933 548 3288 620 relinquens.
3340 546 3621 600 Praetereo
3645 539 3765 608 illa,

2127 653 2253 707 quae
2276 636 2518 706 quidam
2549 653 2617 691 ex
2648 635 2969 702 maledicis,
3001 636 3171 708 quasi
3203 635 3348 691 satis
3375 634 3545 688 firma
3573 630 3769 687 defen-

2127 726 2312 791 dunt;
2345 725 2454 780 hoc
2488 724 2654 780 illum
2687 741 2884 781 amore
2912 725 3108 798 gloria:
3139 726 3182 793 ³,
3214 728 3270 780 et
3302 721 3559 779 nominis
3579 719 3769 792 inpo-

2128 818 2312 869 steros
2342 813 2776 868 transmittendi
2808 814 3049 869 fecisse:
3077 829 3301 869 necnon
3334 815 3391 867 et
3420 825 3526 883 pro
3557 806 3766 864 simul-

2124 907 2263 968 tate,
2314 919 2492 974 quam
2541 903 2822 957 adversus
2879 902 3198 957 Eusebium
3243 902 3384 972 (scil.
3436 896 3764 953 Vercelleno

2126 991 2273 1063 sem)
2305 996 2539 1063 propter
2567 991 2990 1046 Antiochenam
3020 992 3042 1025 ⁴
3089 989 3518 1046 dissensionem
3568 1001 3765 1042 susce-

2127 1084 2306 1152 perat.
2340 1079 2495 1135 Nihil
2528 1081 2773 1136 istorum
2801 1080 2873 1136 de
2909 1080 3011 1135 tali
3062 1079 3182 1134 viro
3206 1079 3413 1146 credo;
3449 1091 3632 1132 unum
3679 1079 3787 1130 est.

2126 1170 2278 1241 quod
2311 1169 2486 1224 etiam
2516 1170 2571 1224 in
2604 1169 2874 1241 praesenti
2905 1171 3242 1224 constanter
3271 1169 3292 1201 ⁵
3313 1167 3541 1239 loquar,
3571 1163 3789 1219 verbis.

2123 1275 2259 1313 eum
2291 1275 2324 1314 a
2353 1258 2522 1314 nobis
2553 1258 2881 1326 dissentire,
2917 1274 3031 1313 non
3064 1258 3276 1313 rebus:
3313 1256 3359 1312 si
3392 1255 3631 1328 quidem
3676 1269 3767 1308 re-

2123 1346 2320 1418 cipiat,
2347 1347 2447 1418 qui
2478 1347 2550 1403 ab
2579 1347 2810 1402 Arianis
2837 1346 3132 1418 baptisma
3159 1343 3458 1402 consecuti
3488 1347 3646 1399 sunt.

2191 1438 2280 1490 21.
2317 1437 2562 1492 Hilarius
2611 1438 2865 1492 Romana
2900 1437 3152 1492 Ecclesia
3196 1435 3477 1491 diaconus.
3528 1432 3768 1488 Ecclesia

2122 1540 2233 1580 non
2265 1529 2343 1580 est
2371 1541 2490 1596 quae
2519 1542 2629 1581 non
2650 1526 2812 1580 habet
2831 1525 3185 1581 sacerdotem.
3218 1555 3286 1564 —
3306 1525 3366 1579 L.
3390 1524 3573 1589 Quam
3596 1520 3767 1592 longe

2123 1613 2256 1682 alia,
2291 1617 2348 1670 et
2378 1619 2444 1670 ut
2473 1631 2628 1669 nunc
2660 1613 2941 1686 intelligo,
2975 1612 3155 1669 errori
3197 1612 3386 1684 magis
3417 1626 3595 1682 quam
3641 1608 3766 1681 spei

2122 1702 2504 1774 proﬁcientia,
2537 1703 2682 1757 mihi
2705 1707 2876 1757 antea
2909 1700 3337 1758 atterebantur!
3368 1698 3586 1755 Verum
3633 1713 3768 1770 gra-

2119 1791 2232 1847 tias
2261 1807 2367 1862 ago
2399 1791 2626 1847 Christo
2656 1789 2900 1862 Deo,qui
2935 1790 2994 1846 in
3026 1794 3228 1862 pectus
3258 1796 3455 1845 meum
3502 1786 3768 1843 veritatis

2118 1880 2317 1936 lumen
2347 1879 2600 1946 infudit;
2634 1895 2706 1935 ne
2736 1879 2928 1934 adhuc
2970 1895 3067 1934 ore
3124 1877 3427 1950 sacrilego,
3477 1875 3764 1949 virginem

2118 1970 2247 2041 ejus
2277 1973 2534 2024 scortum
2557 1967 2771 2023 diaboli
2803 1967 3359 2023 clamarem.Restat
3385 1964 3762 2037 unum,quod

2120 2075 2316 2130 quaeso
2348 2063 2404 2113 te
2437 2062 2500 2112 ut
2547 2058 2859 2128 edisseras,
2913 2057 3054 2128 quid
3109 2055 3419 2112 adversum
3474 2053 3765 2109 Hilarium

2119 2146 2432 2201 dicendum
2465 2145 2562 2214 sit,
2590 2145 2690 2217 qui
2721 2162 2792 2200 ne
2821 2145 3140 2216 baptizatos
3170 2144 3407 2216 quidem
3431 2141 3675 2214 recipiat
3693 2141 3764 2197 ab

2119 2235 2368 2290 Arianis.
2405 2235 2462 2289 0.
2490 2233 2745 2289 Hilarius
2773 2250 2908 2289 cum
2940 2234 3224 2289 diaconus
3256 2233 3328 2288 de
3374 2230 3635 2287 Ecclesia
3676 2246 3766 2285 re-

2119 2323 2379 2391 cesserit,
2413 2323 2711 2394 solusque,
2747 2327 2812 2378 ut
2841 2323 3211 2394 putat,turba
3242 2323 3319 2377 sit
3339 2321 3792 2392 mundi,neque.

2119 2412 2536 2468 eucharistiam
2560 2413 2843 2468 conﬁcere
2875 2416 3085 2484 potest,
3120 2410 3427 2484 episcopos
3456 2415 3514 2466 et
3532 2410 3766 2481 presby—

2119 2506 2272 2557 teros
2295 2519 2408 2556 non
2437 2500 2660 2557 habens
2685 2518 2698 2557 :
2732 2517 2919 2572 neque
2941 2500 3234 2572 baptisma
3264 2499 3390 2556 sine
3411 2499 3766 2556 eucharistia

2117 2591 2366 2645 tradere.
2400 2591 2470 2644 Et
2499 2606 2632 2644 cuiu
2657 2591 2782 2660 jam
2813 2589 2990 2645 homo
3021 2593 3291 2644 mortuus
3333 2588 3430 2657 sit,
3480 2604 3616 2643 cum
3659 2587 3766 2642 ho-

2121 2678 2276 2734 mine
2309 2678 2528 2749 pariter
2554 2677 2778 2733 interiit
2809 2683 2868 2733 et
2896 2681 3075 2743 secta,
3109 2677 3210 2748 qui
3244 2681 3377 2748 post
3423 2693 3487 2733 se
3533 2675 3762 2731 nullum
3795 2693 3799 2696 ’

2119 2765 2394 2822 clericum
2427 2767 2709 2822 diaconus
2738 2767 2929 2838 potuit
2954 2767 3244 2822 ordinare.
3279 2765 3535 2822 Ecclesia
3566 2768 3763 2820 autem

2119 2872 2234 2910 non
2267 2859 2376 2922 est,
2403 2872 2529 2927 quae
2575 2872 2688 2912 non
2740 2855 2916 2911 habet
2966 2855 3321 2911 sacerdotes.
3370 2855 3480 2910 Sed
3527 2854 3766 2910 omissis

2121 2944 2322 3015 paucis
2352 2944 2745 3011 homunculis,
2779 2943 2878 3015 q'ui
2936 2943 3047 3014 ipsi
3080 2949 3138 2999 et
3183 2942 3316 2999 laici
3366 2947 3507 2998 sunt
3543 2946 3602 2998 et
3641 2942 3763 3013 epi-

2120 3032 2304 3103 scopi,
2328 3033 2594 3087 ausculta
2624 3031 2762 3103 quid
2796 3032 2868 3086 de
2916 3032 3074 3086 omni
3107 3031 3361 3087 Ecclesia
3391 3031 3763 3086 sentiendum

367 3120 670 3175 sententiae
702 3120 1020 3176 Occidens:
1055 3125 1111 3174 et
1133 3137 1234 3191 per
1281 3125 1401 3174 tam
1429 3118 1823 3174 necessarium
1873 3136 2011 3174 con-
2041 3107 2083 3172 C
2123 3121 2220 3176 sit.
2253 3123 2313 3175 L.
2345 3121 2578 3190 Tribus,
2614 3126 2678 3176 ut
2707 3119 2891 3185 aiunt,
2920 3119 3110 3176 verbis
3131 3125 3253 3176 tam
3284 3119 3564 3192 grandem
3609 3135 3764 3191 quie-

365 3207 580 3263 cilium.
603 3209 753 3279 (fort.
787 3209 1141 3279 consilium),
1181 3213 1406 3264 Satanae
1440 3208 1709 3263 faucibus
1750 3209 2012 3263 mundus

367 3299 602 3366 ereptus
632 3299 738 3351 est.
778 3296 1025 3351 Ventum
1056 3301 1145 3351 est
1177 3297 1247 3352 ad
1281 3295 1652 3366 asperrinum
1685 3295 1904 3362 locum,
1949 3296 2008 3352 in

367 3399 482 3454 quo
512 3384 820 3439 adversum
868 3385 1228 3440 voluntatem
1278 3390 1334 3440 et
1376 3385 1738 3456 prepositum
1788 3401 2007 3449 meum,

364 3488 541 3543 cogor
570 3473 651 3528 De
670 3473 835 3528 beato
869 3473 1130 3528 Lucifero
1161 3475 1202 3543 ³,
1252 3489 1421 3528 secus
1460 3472 1784 3545 quidquam
1833 3491 2007 3545 quam

358 3563 415 3615 et
444 3559 606 3616 illius
637 3561 936 3629 meritum,
969 3567 1027 3616 et
1067 3579 1197 3616 mea
1247 3561 1587 3616 humanitas
1642 3561 1847 3632 poscit,
1897 3562 2011 3616 exi-

359 3649 617 3704 stimare.
654 3651 764 3706 Sed
811 3652 950 3722 quid
1002 3651 1211 3706 faciam
1242 3652 1270 3704 ?
1298 3650 1508 3706 veritas
1556 3667 1622 3705 os
1667 3655 1902 3718 reserat,
1953 3656 2010 3706 et

356 3738 604 3793 invitam
636 3738 900 3811 linguam
945 3742 1100 3795 I94
1140 3740 1442 3795 conscium
1491 3739 1562 3793 ad
1613 3738 2004 3810 eloquendum

357 3830 565 3896 pectus
594 3826 864 3898 impellit.
899 3827 960 3882 In
990 3827 1092 3882 tali
1135 3827 1382 3883 articulo
1414 3827 1700 3895 Ecclesiae,
1735 3828 1794 3883 in
1843 3833 2007 3884 tanta

355 3988 554 4060 spreta
598 3983 860 4060 ipsorum
904 3986 1176 4060 Ecclesia,
1230 3989 1298 4042 ad
1350 3987 2004 4060 Constantinopolitanze

353 4055 513 4111 sedis
535 4055 894 4128 opulentiam
921 4057 1276 4113 transiliisse
1306 4084 1318 4125 ;
1345 4058 1640 4115 Meletium
1665 4055 1843 4114 Bc'roa
1860 4061 2005 4115 acci-

354 4133 482 4182 tum
516 4127 574 4182 in
607 4131 743 4184 sede
771 4130 1133 4185 Antiochena
1163 4129 1466 4185 collocant.
1502 4131 1695 4185 I-Iic....
1753 4132 2001 4186 consub-

353 4199 643 4273 stantialis
674 4202 1002 4256 doctrinam
1036 4217 1296 4257 asserere
1327 4203 1515 4273 cmpit.
1558 4202 1696 4273 Quae
1738 4218 1872 4256 cum
1903 4218 2004 4256 ac-

354 4270 602 4344 cepisset
632 4271 970 4343 imperator,
1020 4290 1155 4327 eum
1202 4270 1436 4344 quidem
1491 4272 1731 4344 relegari
1776 4273 1998 4341 jussit;

354 4341 636 4396 Euzoium
668 4341 820 4404 vero,
857 4345 956 4414 qui
989 4361 1108 4398 una
1139 4341 1268 4398 cum
1319 4345 1454 4399 Ario
1507 4341 1648 4397 olim
1699 4344 2001 4414 depositus

351 4413 562 4476 fuerat,
595 4413 1005 4469 Antiochensis
1044 4414 1310 4469 Ecclesia:
1344 4414 1664 4469 antistitem
1698 4413 1832 4469 fecit
1866 4432 1997 4476 pro-

351 4473 628 4558 moveri.»
661 4485 777 4540 Hac
809 4485 1033 4558 scilicet
1064 4487 1135 4539 de
1165 4501 1343 4558 causa
1367 4495 1491 4558 post
1521 4485 1830 4558 Eudoxium
1851 4473 1998 4541 dixit
2027 4473 2074 4536 D

349 4552 758 4679 gieronymus.
783 4557 888 4610 Sed
938 4557 1132 4628 ipsum
1167 4552 1720 4628 placet'Victorium
1777 4558 1994 4613 descri-

390 4641 510 4679 ere.

390 4641 510 4679 8P8.

417 4695 695 4770 Euzoium
727 4697 984 4752 Eudoxio
1016 4697 1073 4751 in
1102 4697 1461 4754 Antiocheno
1492 4697 1830 4770 episcopatu
1862 4717 1992 4755 suc-

343 4769 902 4841 cessisse,_constat
956 4785 1023 4824 ex
1078 4770 1330 4824 Historia
1393 4769 1709 4841 tripartita,
1763 4772 1994 4827 Socrate

344 4840 588 4906 scilicet,
618 4839 720 4895 lib.
761 4859 822 4903 Ii,
851 4857 899 4895 (ι.
931 4842 1023 4908 33,
1076 4841 1140 4895 44
1199 4848 1256 4895 et
1303 4839 1638 4909 Sozomeno,
1682 4843 1780 4897 lib.
1831 4861 1906 4909 1v,
1941 4861 1991 4898 c.

349 4911 574 4984 lZQuze
605 4912 995 4968 omnialatius
1029 4911 1278 4984 explicat
1309 4913 1667 4983 Nicephorus
1689 4913 1990 4980 Callistus,

481 5001 556 5046 1x,
591 5000 637 5037 c.
668 4986 754 5037 48.
790 4980 1200 5060 Hieronymus,
1251 4984 1348 5060 qui
1396 4980 1697 5060 haereticos
1746 4986 1992 5060 Arianos

344 5051 751 5132 hic‘recenset,
805 5051 1023 5110 omittit
1073 5051 1390 5132 Meletium,
1438 5056 1557 5132 qui_
1589 5055 1751 5132 illam
1793 5058 1992 5132 sedem

345 5123 574 5176 medius
606 5125 758 5198 inter
808 5127 1401 5198 utrumquertcnuit:
1448 5123 1778 5182 catholicus
1833 5127 1988 5181 enim

343 5197 468 5272 eget
488 5198 546 5248 et
567 5195 1290 5272 abimperatpre'Valente
1323 5199 1456 5254 inde
1488 5200 1730 5272 ejectus,
1785 5199 1844 5252 in
1895 5215 1989 5272 ex-

343 5263 542 5318 silium
578 5263 877 5341 actus:est_.
913 5268 1045 5341 Fuit
1065 5274 1258 5341 autem
1295 5263 1538 5341 uterque
1569 5263 1778 5325 horum
1827 5270 1990 5324 Aria-

342 5352 475 5400 nus,
510 5337 611 5390 sed
653 5337 950 5392 Eudoxius
997 5339 1253 5393 Aetianaz
1302 5337 1479 5396 etiam
1539 5342 1829 5397 factionis.
1884 5341 1990 5396 llic

342 5405 506 5483 locus
555 5412 726 5462 antea
785 5409 855 5463 ab
906 5410 1145 5483 Erasmo
1195 5417 1503 5483 corruptus
1555 5413 1680 5468 fuit.
1745 5413 1992 5483 Legebat

339 5478 492 5554 enim
521 5484 636 5554 :Et
666 5483 909 5554 Eur/scius
948 5481 1230 5554 diaconus,
1296 5478 1391 5552 qui
1432 5488 1621 5554 postea
1668 5484 1767 5539 sub
1821 5478 1990 5539 Theo-

335 5549 483 5606 dosio
512 5553 878 5609 Antiochenus
907 5553 1186 5624 episcopus
1218 5549 1525 5625 fuil,qu'asi
1557 5555 1677 5610 Arii
1703 5560 1990 5627 tempore,

2123 3210 2374 3266 stionem
2407 3208 2748 3277 dissolvisti,
2772 3214 2830 3265 et
2859 3209 3094 3281 quidem
3119 3209 3261 3264 dum
3284 3207 3769 3279 loqueris,videor

2121 3299 2267 3355 mihi
2298 3304 2489 3354 tecum
2516 3299 2720 3353 facere.
2746 3298 2799 3353 Si
2831 3314 2965 3354 vero
2995 3297 3333 3362 obticueris,
3370 3296 3566 3352 nescio
3614 3295 3760 3368 quid

2120 3404 2356 3442 rursum
2389 3387 2651 3459 scrupuli
2684 3387 2979 3442 nascitur:
3016 3402 3197 3458 quare
3223 3387 3294 3440 ab
3331 3384 3620 3440 haereticis
3669 3385 3767 3440 ba.
3797 3433 3800 3436 .

2119 3476 2316 3546 ptizati
2349 3475 2771 3546 suscipiuntur.
2807 3477 2868 3532 0.
2903 3480 3021 3530 Hoc
3051 3479 3141 3530 est
3169 3474 3325 3545 quod
3365 3478 3424 3529 et
3469 3490 3577 3546 ego
3621 3473 3762 3538 dixi,

2118 3564 2383 3620 ausculta
2412 3565 2551 3635 quid
2583 3565 2655 3620 de
2685 3565 2844 3620 omni
2875 3563 3131 3619 Ecclesia
3151 3562 3522 3618 sentiendum
3544 3562 3764 3618 sit.lste

2116 3654 2294 3720 enim,
2329 3658 2395 3708 ut
2425 3654 2533 3716 ais,
2594 3654 2910 3726 scrupulus
2953 3651 3104 3708 195
3161 3651 3382 3707 multos
3442 3649 3660 3706 titillat;
3694 3652 3764 3706 Et

2116 3741 2326 3813 longus
2360 3743 2604 3797 fortasse
2636 3759 2732 3797 ero
2756 3741 2813 3796 in
2848 3741 3212 3797 enarrando:
3246 3755 3447 3796 verum
3475 3740 3623 3796 tanti
3671 3743 3765 3795 est

2115 3828 2344 3886 lucrum
2374 3830 2637 3886 veritatis
2667 3833 2709 3886 ⁶.

2114 3992 2284 4060 cujus
2315 3989 2619 4046 familiaris
2650 3991 2760 4045 fuit
2779 3989 3419 4059 Euzoius,Theodosius
3445 3990 3764 4061 imperator

2112 4063 2334 4116 vixerit.
2371 4062 2604 4132 Decepit
2633 4078 2766 4117 eum
2796 4061 2941 4116 alter
2974 4061 3132 4117 illius
3156 4061 3457 4132 temporis,
3487 4061 3759 4132 Euzoius,

2113 4135 2184 4188 de
2214 4150 2328 4204 quo
2360 4132 2418 4187 in
2451 4132 2720 4204 Catalogo
2756 4133 2822 4186 ﬁt
2849 4133 3098 4187 mentio:

2111 4209 2166 4259 et
2194 4203 2595 4258 Nazianzenus
2628 4203 2696 4258 ad
2734 4219 2866 4258 eum
2894 4203 3117 4258 scribit.
3151 4203 3760 4272 Nos,sutl'ragantibus

2111 4292 2245 4329 cum
2274 4275 2689 4340 historiis,tum
2723 4273 3265 4346 exemplaribus,ita
3291 4273 3757 4346 emendavimus.

2112 4346 2384 4402 Libenter
2412 4347 2569 4401 enim
2600 4346 2880 4418 solemus,
2900 4345 3047 4402 cum
3080 4346 3318 4418 quidem
3349 4345 3490 4418 licet
3505 4347 3760 4418 auctori-

2107 4421 2286 4472 tatem
2322 4418 2698 4488 antiquorum
2743 4417 3030 4472 librorum
3087 4415 3421 4473 testimonio
3479 4415 3756 4474 historia-

2107 4505 2239 4543 rum
2271 4490 2636 4558 confirmare.

2207 4561 2223 4594 ¹
2254 4557 2495 4615 sanctos
2527 4558 2934 4627 Athanasium,
2964 4557 3269 4626 Hilarium,
3320 4562 3379 4614 et
3423 4558 3759 4615 Vercellen-

2106 4647 2230 4686 sem
2265 4631 2602 4686 Eusebium.

2177 4703 2197 4736 ²
2225 4702 2589 4758 Additvetus
2620 4702 2781 4770 edit.,
2817 4703 2931 4771 Quo
2977 4701 3134 4758 corde
3179 4701 3315 4757 bono
3360 4717 3494 4770 erga
3540 4703 3758 4774 Lucife-

2103 4790 2230 4828 rum
2254 4789 2396 4830 δωη.

2173 4846 2194 4877 ³
2225 4835 2437 4900 Εειῖἰεεῐῐι
2473 4849 2586 4900 Hoc
2616 4846 2779 4901 illum
2809 4861 2923 4898 non
2952 4844 3212 4900 Ecclesia?
3227 4844 3534 4908 amorc,scd
3550 4845 3752 4915 gloria,

2103 4919 2216 4970 etc.
2249 4916 2546 4997 Martian‘...
2597 4918 2700 4997 (loc
2746 4917 2909 4997 illam}
2966 4931 3073 4997 non
3125 4930 3316 4997 amore
3356 4915 3588 4997 gloriae,
3651 4917 3755 4997 sed

2103 4987 2353 5059 negandi
2378 4987 2736 5059 particulam
2768 4987 3145 5059 postmodum
3180 4985 3423 5042 sustulit
3448 4985 3509 5041 in
3529 4991 3751 5043 errato-

2104 5058 2235 5113 rum
2268 5058 2547 5114 indiculo.

2173 5131 2196 5164 ⁴
2226 5133 2438 5184 Notum
2470 5129 2782 5201 dissidium
2827 5145 2894 5185 ex
2941 5129 3168 5186 Paulini
3223 5128 3523 5201 electione,
3573 5143 3752 5201 quam

2103 5206 2304 5272 contra
2352 5200 2710 5265 condictum,
2762 5202 2994 5257 tametsi
3044 5203 3196 5258 bono
3245 5201 3468 5272 animo,
3506 5200 3754 5257 Lucifer

2104 5270 2260 5331 fecit.
2293 5273 2580 5327 Eusebius
2611 5273 2984 5343 improbavit.

2134 5343 2193 5467 ιδ
2223 5343 2402 5399 Vetus
2433 5343 2775 5411 edit.,-unum
2803 5345 2945 5415 quod
2971 5347 3139 5401 etiam
3165 5346 3225 5399 in
3253 5343 3516 5416 praesenti
3541 5346 3751 5399 constat

2155 5429 2344 5467 oauar.

2101 5429 2344 5485 eloquar.

2170 5486 2192 5518 ⁶
2222 5485 2438 5541 Eadem
2469 5485 2650 5550 addit,
2685 5491 2743 5542 ut
2771 5503 2882 5542 non
2909 5487 3122 5551 sileam.

3176 4132 3235 4186 ui
3270 4130 3596 4187 catholicus
3623 4131 3756 4200 fuit,
3845 4194 3854 4198 κ
