5364 6558
260 73 371 151 iis

1250 84 1645 154 DIALOGUS
1688 85 2004 152 CONTRA
2045 73 2643 154 LUCIFERIANOS.

3530 72 3663 154 ise“

314 222 402 276 22.
461 220 604 279 Area
632 221 740 279 Noe
790 227 951 296 typus
1002 223 1275 281 Ecclesiae.
1337 223 1563 280 Octavus
1630 240 1890 279 numerus
1919 225 1972 291 Α
2001 226 2290 279 minantur
2317 241 2506 281 avenae
2536 224 2627 297 (ex
2658 222 2811 297 Virg.
2843 222 2872 279 Ι
2891 225 3083 296 Georg.
3126 224 3270 308 1:511).
3295 223 3442 289 Quid
3474 224 3648 283 faciat

255 311 312 366 in
345 311 582 367 Psalmis
613 317 664 368 et
693 313 752 367 in
779 313 1106 382 Evangelia.
1161 313 1371 369 Gradus
1402 315 1670 368 Ecclesiae.
1729 314 1892 369 Nemo

247 405 418 472 potest
443 409 573 457 ante
591 402 800 472 judicii
850 404 995 458 diem
1028 402 1092 458 de
1148 404 1466 458 hominibus
1517 403 1781 469 iudicare.
1824 433 1891 441 —

249 491 394 544 Area
421 489 538 545 Noe
569 490 839 545 Ecclesia
869 494 1042 563 typus
1088 491 1218 556 fuit,
1278 492 1504 547 dicente
1560 491 1726 546 Petro
1753 507 1890 562 apo-

254 578 400 634 stolo
432 595 446 630 :
483 581 537 633 ln
565 596 697 634 arca
730 581 836 635 Noe
861 582 1048 652 pauci,
1081 581 1137 635 id
1167 587 1246 635 est
1293 589 1425 647 octo,
1460 582 1668 638 animae
1721 581 1893 636 salvae

249 668 408 736 factae
435 673 559 722 sunt
580 684 684 740 per
712 685 936 739 aquam,
969 671 1114 739 quod
1143 677 1193 723 et
1219 685 1316 724 nos
1366 687 1516 724 nunc
1543 670 1744 724 similis
1775 666 1887 738 [ΑΙ.

245 757 518 826 similiter]
547 759 753 827 formae
785 760 1059 824 baptisma
1109 759 1287 814 salvos
1339 759 1476 829 facit
1534 757 1641 829 [ΑΙ.
1695 757 1890 828 faciat]

245 843 454 915 (IPetr.
493 863 578 910 ιιι,
610 847 725 916 20).
761 845 828 901 Ut
859 846 917 900 in
949 845 1050 901 illa
1095 847 1360 901 omnium
1415 845 1760 902 animalium
1793 861 1890 917 ge-

243 933 412 988 nera:
449 933 534 988 ita
562 939 618 989 et
677 935 738 988 in
797 935 903 990 hac
960 935 1368 990 universarum
1427 939 1484 990 et
1540 935 1802 1008 gentium
1838 938 1893 989 et

240 1025 469 1077 morum
501 1022 778 1078 homines
808 1027 965 1078 sunt.
987 1021 1155 1078 Utibi
1189 1023 1406 1094 pardus
1434 1026 1489 1077 et
1520 1023 1689 1085 haedi,
1713 1021 1891 1094 lupus

241 1111 453 1182 et's‘gni
495 1127 508 1166 :
543 1111 628 1166 ita
659 1117 718 1167 et
743 1111 838 1166 hic
867 1117 924 1166 et
959 1112 1106 1184 justi
1139 1117 1196 1166 et
1253 1115 1602 1184 peccatores,
1663 1111 1722 1165 id
1782 1115 1889 1176 est,

237 1217 367 1255 vasa
395 1216 584 1255 aurea
615 1205 673 1256 et
721 1203 1014 1272 argentea,
1073 1215 1207 1255 eum
1266 1200 1476 1273 ligneis
1527 1204 1584 1256 et
1615 1199 1892 1254 fictilibus

239 1292 703 1345 commorantur.
734 1287 951 1344 Habuit
980 1305 1114 1344 arca
1142 1289 1313 1344 nidos
1364 1305 1501 1344 suos
1527 1304 1539 1343 ε
1568 1287 1743 1344 habet
1788 1289 1892 1342 Ec-

237 1375 405 1433 clesia
438 1376 738 1450 plurimas
768 1377 1124 1432 mansiones.
1155 1377 1296 1432 Octo
1327 1378 1533 1432 animai
1582 1376 1892 1433 hominum

239 1467 462 1522 in'arca
494 1471 621 1521 Noe
649 1472 892 1522 servatzn
949 1471 1110 1522 sunt.
1162 1467 1232 1521 Et
1287 1466 1460 1522 nobis
1515 1465 1892 1521 Ecclesiastes

234 1560 367 1628 (cup.
390 1556 481 1626 ει)
505 1557 682 1627 jubet
710 1557 850 1611 dare
873 1560 1066 1628 partes
1087 1562 1335 1626 septem,
1363 1556 1500 1611 dare
1522 1559 1717 1627 partes
1740 1560 1890 1621 octo,

237 1645 289 1700 id
317 1649 430 1700 est.
468 1645 709 1700 credere
738 1645 976 1716 utrique
1003 1644 1397 1700 Testamento.
1463 1645 1592 1700 Ideo
1648 1641 1900 1715 quidam'

235 1733 445 1808 psalmi
473 1743 578 1805 pro
607 1737 798 1790 octava
826 1734 1254 1802 inscribuntur,
1280 1738 1336 1788 et
1363 1750 1466 1806 per
1495 1738 1735 1789 octonos
1764 1749 1890 1788 ver-

240 1823 471 1894 shs,qui
502 1821 757 1894 singulis
789 1822 1004 1878 litteris
1034 1822 1282 1894 subjecti
1316 1821 1539 1889 sunt,in
1572 1822 1890 1878 centesimo

241 1913 474 1968 decimo
495 1916 690 1968 octavo
711 1911 940 1983 psalmo
951 1913 1153 1983 justus
1175 1911 1462 1967 eruditur.
1491 1910 1892 1966 Beatitudines

242 2006 476 2073 q'quue
506 2017 654 2072 quas
683 1999 970 2056 Dominus
1001 2000 1307 2072 discipulis
1332 2001 1391 2055 in
1416 2005 1610 2056 monte
1633 2012 1890 2072 pronun-

235 2091 413 2157 tians,
446 2088 769 2146 Ecclesiam
803 2088 1133 2159 deliueavit,
1166 2094 1294 2144 octo
1327 2093 1483 2144 sunt.
1520 2089 1585 2143 Et
1634 2087 1888 2144 Ezechiel

234 2179 290 2235 in
319 2177 774 2234 aediﬁcationem
807 2177 1033 2250 templi,
1065 2177 1429 2234 octonarium
1454 2194 1766 2233 numerum
1799 2194 1890 2232 as-

233 2267 435 2324 sumit.
468 2266 776 2338 Multaque
803 2266 915 2321 alia
944 2266 1005 2322 in
1033 2267 1188 2322 hunc
1231 2268 1472 2322 modum
1508 2283 1610 2338 per
1636 2267 1892 2338 Scriptu-

234 2371 324 2411 ras
357 2354 703 2427 significata
731 2355 1006 2426 reperies.
1065 2354 1366 2410 Emittitur
1398 2355 1596 2426 itaque
1635 2354 1706 2409 de
1759 2371 1894 2409 arca

234 2459 467 2514 corvus,
501 2450 560 2499 et
593 2460 707 2498 non
737 2444 934 2512 redit‘,
967 2449 1023 2499 et
1078 2449 1283 2516 postea
1342 2460 1544 2517 pacem
1600 2447 1764 2500 terrae
1797 2459 1891 2498 co-

234 2533 440 2588 lumba
473 2531 733 2588 nuntiat.
768 2533 854 2587 Ita
881 2537 940 2588 et
969 2533 1025 2587 in
1081 2533 1434 2605 baptismate
1485 2531 1769 2601 Ecclesiae,
1803 2535 1893 2586 te-

238 2621 481 2677 terrimo
513 2619 654 2675 alite
688 2619 952 2692 GXpUISO,
985 2620 1041 2674 id
1073 2625 1162 2676 est
1208 2620 1460 2687 diabolo,
1495 2637 1696 2693 pacem
1727 2627 1892 2676 terra:

237 2714 449 2765 nostrae
473 2707 750 2764 columba
770 2709 1024 2781 Spiritus
1047 2709 1236 2764 sancti
1267 2710 1516 2765 nuntiat.
1536 2713 1581 2765 A
1612 2711 1895 2783 tringinta

236 2798 454 2854 cubitis
485 2797 795 2869 incipiens,
829 2803 884 2852 et
918 2814 1105 2869 usque
1134 2798 1206 2853 ad
1239 2814 1424 2852 unum
1451 2798 1716 2854 cubitum
1750 2817 1893 2872 pau-

235 2888 402 2943 latim
435 2887 806 2952 decrescens,
865 2903 999 2942 arca
1056 2888 1437 2942 construitur.
1497 2887 1784 2944 Similiter
1839 2893 1896 2944 et

2001 312 2255 384 agricola
2275 313 2303 367 ?
2329 313 2548 369 Evellat
2576 313 2778 369 lolium
2801 313 2828 367 ‘?
2875 313 2986 369 Sed
3041 316 3163 369 tota
3191 315 3406 386 pariter
3433 316 3647 372 messis

2002 403 2294 458 evertitur.
2331 404 2596 468 Quotidie
2639 403 2929 459 industria
2961 403 3257 459 rusticana
3286 419 3418 460 aves
3450 405 3646 461 sonitu

2004 491 2204 564 abigit,
2239 491 2596 565 imaginibus
2627 495 2872 548 exterret
2909 511 2920 547 :
2955 491 3092 547 hinc
3123 490 3349 564 flagello
3380 493 3643 566 crepitat,

2002 579 2138 636 hinc
2157 581 2497 636 formidines
2512 581 2717 636 tendit.
2741 587 3010 636 Attamen
3038 585 3139 636 aut
3157 579 3645 654 veleces,capreze,

2002 674 2102 724 aut
2133 668 2386 725 lascivus
2417 687 2632 742 onager
2658 671 2936 725 incurrit:
2966 670 3098 724 hinc
3122 669 3180 723 in
3208 669 3420 725 effossa
3443 669 3649 726 horrea

2003 775 2199 813 mures
2217 759 2510 814 frumenta
2530 763 2916 831 comportant,
2939 758 3077 813 hinc
3100 757 3339 813 ferventi
3365 757 3600 831 agmine
3623 757 3644 792 ⁸

2003 851 2256 918 segetem
2291 847 2531 902 formica
2562 847 2894 919 populatur.
2925 848 3010 902 Ita
3033 863 3124 902 res
3157 864 3218 902 se
3251 846 3442 902 habet.
3469 847 3650 903 Nemo

2003 951 2243 991 securus
2273 952 2480 1006 agrum
2513 937 2788 1008 possidet.
2822 936 3154 991 Dormiente
3205 935 3647 1008 patrefamilias,

2004 1024 2279 1079 inimicus
2313 1025 2483 1079 homo
2514 1024 2791 1079 zizaniam
2826 1024 3334 1095 superseminavit,
3368 1025 3440 1080 ad
3471 1041 3656 1096 quam

2003 1115 2416 1170 eradicandam
2451 1131 2583 1169 cum
2615 1114 2764 1169 servi
2795 1114 2877 1169 ire
2905 1117 3312 1186 proponerent,
3374 1113 3651 1170 dominus

2003 1203 2321 1275 prohibuit,
2355 1202 2468 1258 sibi
2499 1221 2737 1258 servans
2767 1203 3067 1275 palearum
3114 1207 3170 1258 et
3222 1201 3500 1258 frumenti
3532 1202 3651 1258 dis-

2002 1291 2316 1348 cretionem
2349 1293 2554 1364 (Matth.
2587 1293 2708 1363 x11),
2746 1292 2877 1348 Haec
2936 1295 3076 1347 sunt
3121 1309 3262 1346 vasa
3309 1292 3407 1346 irae
3436 1296 3494 1346 et
3537 1291 3651 1346 mi-

2001 1381 2350 1450 sericordia,
2385 1398 2510 1452 quae
2541 1381 2600 1435 in
2633 1381 2806 1436 domo
2837 1379 2936 1436 Dei
2994 1381 3066 1435 ab
3123 1377 3398 1452 Apostolo
3432 1379 3650 1452 praedi-

2003 1475 2209 1536 cantur
2265 1470 2437 1540 (Rom.
2498 1487 2555 1524 Ix
2611 1471 2662 1524 II
2720 1469 2854 1525 Tim.
2916 1468 3001 1540 ιι).
3064 1467 3272 1524 Veniet
3328 1483 3464 1540 ergo
3519 1467 3644 1525 dies

2003 1559 2260 1630 quando,
2294 1558 2567 1614 thesauro
2617 1556 2886 1613 Ecclesiae
2948 1560 3170 1628 aperto,
3228 1556 3480 1628 proferet
3537 1561 3651 1612 Do-

2003 1645 2198 1702 minus
2256 1664 2395 1702 vasa
2453 1647 2569 1711 irae,
2634 1646 2849 1718 quibus
2903 1645 3251 1701 exeuntibus
3322 1645 3508 1702 sancti
3566 1646 3654 1700 di-

2001 1739 2132 1790 cent
2167 1753 2178 1790 :
2214 1738 2296 1790 Ea:
2325 1736 2480 1790 nobis
2510 1739 2786 1802 exierunt,
2818 1735 2910 1791 sed
2939 1751 3049 1790 non
3079 1739 3237 1790 erant
3265 1750 3335 1790 ea:
3379 1735 3555 1791 nobis.
3588 1737 3656 1792 Si

1999 1826 2150 1902 enim
2174 1826 2413 1896 fuissent
2441 1841 2511 1880 eo:
2540 1825 2709 1893 nobis,
2744 1825 3070 1880 mansissent
3132 1825 3320 1896 utique
3372 1825 3654 1879 nobiscum

2003 1914 2053 1986 (Ι
2081 1916 2237 1970 Joan.
2274 1931 2334 1980 ιι,
2368 1914 2454 1986 19)
2514 1914 2695 1969 Nemo
2727 1917 2918 1986 potest
2975 1912 3185 1966 Christi
3243 1911 3501 1984 palmam
3533 1912 3648 1967 sibi

2002 2020 2322 2069 assumere,
2357 2020 2528 2059 nemo
2561 2007 2696 2058 ante
2727 2001 2881 2057 diem
2929 2000 3137 2073 judicii
3193 2002 3263 2056 de
3315 2001 3656 2056 hominibus

1993 2092 2279 2163 judicare.
2315 2091 2523 2162 Sijam
2566 2091 2851 2146 mundata
2898 2095 2986 2146 est
3035 2089 3305 2160 Ecclesia,
3361 2090 3501 2160 quid
3535 2090 3648 2144 Do-

2002 2182 2162 2237 mino
2194 2196 2560 2236 reservamus
2580 2179 2608 2234 ?
2638 2182 2730 2234 Est
2746 2182 2837 2234 via
2869 2181 2956 2234 ria
2977 2193 3101 2250 quae
3128 2177 3344 2233 videtur
3362 2193 3476 2233 esse
3505 2178 3653 2248 apud

2001 2271 2243 2324 homines
2272 2275 2437 2336 recta,
2470 2269 2770 2322 novissima
2801 2271 2986 2322 autem
3014 2268 3132 2338 ejus
3161 2267 3385 2321 veniunt
3432 2267 3490 2320 in
3522 2282 3650 2334 pro-

1999 2358 2236 2430 fundum
2269 2359 2477 2428 inferni
2507 2357 2688 2428 (Prov.
2721 2374 2838 2423 xxv,
2879 2356 2983 2424 12).
3019 2357 3079 2411 IN
3110 2371 3219 2410 HOC
3273 2371 3501 2411 annona
3545 2355 3653 2426 ju-

2002 2446 2159 2513 dicii,
2194 2463 2320 2517 qum
2347 2449 2541 2517 potest
2569 2462 2698 2501 esse
2729 2449 2885 2500 certa
2914 2445 3201 2500 sententia
3221 2444 3249 2498 ?

2054 2537 2158 2594 23.
2233 2534 2470 2590 Traditio
2554 2532 2967 2589 Ecclesiastica.
3019 2533 3272 2587 Haeretici
3347 2533 3654 2604 primitivae

2002 2625 2275 2680 Ecclesiae.
2336 2623 2588 2678 Ilaeretici
2658 2621 2992 2678 Iudaeorum.
3049 2622 3308 2678 [heretici
3358 2622 3419 2676 in
3474 2621 3652 2676 Evan-

2002 2714 2166 2783 gelia.
2198 2744 2266 2752 —
2295 2713 2550 2768 Conatus
2582 2714 2671 2766 est
2726 2710 2931 2765 beatus
2988 2710 3315 2781 Cyprianus
3371 2708 3654 2765 contritas

2005 2801 2165 2857 lacus
2197 2801 2416 2872 fugere,
2442 2816 2542 2854 nec
2571 2798 2772 2854 bibere
2802 2798 2873 2852 de
2905 2814 3060 2869 aqua
3079 2797 3273 2852 aliena
3303 2813 3317 2850 :
3353 2800 3410 2852 et
3437 2797 3653 2852 idcirco

2006 2889 2412 2946 haereticorum
2437 2888 2728 2960 baptisma
2759 2887 3098 2958 reprobans,
3159 2887 3230 2941 ad
3287 2885 3654 2958 Stephanum

236 2976 503 3032 Ecclesia
533 2974 740 3031 multis
772 2976 1053 3049 gradibus
1075 2977 1427 3047 consistens,
1459 2977 1530 3032 ad
1568 2983 1894 3034 extremum
1927 2964 1970 3030 C
2005 2982 2148 3034 tunc
2177 2979 2446 3034 Romane
2481 2976 2643 3031 urbis
2673 2976 3037 3048 episcopum,
3067 2974 3168 3048 qui
3199 2992 3233 3030 a
3288 2975 3456 3031 beato
3490 2974 3653 3030 Petro

235 3064 528 3132 diaconis,
565 3065 945 3136 presbyteris,
1002 3065 1411 3138 episcopisque
1462 3066 1682 3122 ﬁnitur.
1743 3068 1898 3124 Peri-

236 3153 442 3208 clitata
466 3158 557 3209 est
587 3170 721 3209 arca
747 3153 807 3208 in
840 3151 1077 3222 diluvio,
1139 3153 1504 3226 periclitatur
1552 3155 1805 3212 Ecclesia
1834 3156 1893 3211 in

237 3243 487 3297 mando.
518 3243 810 3314 Egressus
837 3242 958 3298 Noe
987 3242 1214 3298 vineam
1271 3243 1572 3315 plantavit,
1603 3249 1661 3299 et
1690 3244 1895 3301 bibens

243 3333 320 3386 de
348 3346 441 3399 ea,
470 3331 788 3387 inebriatus
819 3337 910 3387 est
943 3350 955 3386 :
990 3335 1163 3387 natus
1193 3349 1428 3405 quoque
1448 3331 1507 3387 in
1535 3349 1708 3388 carne
1737 3333 1894 3388 Chri-

246 3423 408 3484 stus,
439 3418 743 3475 Ecclesiam
779 3419 1080 3490 plantavit,
1113 3424 1169 3475 et
1199 3438 1412 3492 passus
1441 3425 1546 3476 est.
1596 3421 1890 3478 Nudatum

241 3513 480 3582 patcem
508 3507 687 3563 irrisit
717 3510 908 3580 major
938 3509 1115 3578 filius,
1142 3515 1200 3565 et
1222 3511 1416 3565 minor
1440 3510 1598 3579 texit,
1623 3516 1679 3566 et
1712 3513 1893 3568 Deum

236 3597 592 3653 cruciﬁxum
621 3597 960 3654 illluserunt
977 3599 1186 3666 Judaei,
1209 3599 1725 3655 et‘honoraverunt
1752 3605 1896 3657 Gen-

233 3687 391 3742 tiles.
429 3686 567 3742 Dies
591 3702 682 3742 me
712 3687 963 3754 deﬁciet,
995 3687 1044 3742 si
1095 3689 1294 3743 omnia
1323 3705 1470 3744 arca:
1529 3695 1896 3747 sacramenta

229 3792 369 3832 cum
406 3774 670 3832 Ecclesia
698 3791 1073 3848 componens,
1124 3775 1464 3831 edisseram.
1517 3777 1624 3843 Qui
1655 3778 1773 3834 sint
1802 3779 1892 3834 in-

227 3871 320 3920 ter
351 3881 466 3920 nos
496 3863 731 3937 aquilae,
765 3865 865 3936 qui
897 3863 1179 3922 columbae
1212 3865 1309 3937 qui
1338 3864 1554 3933 leones,
1605 3868 1758 3922 I96
1791 3869 1891 3940 qui

227 3953 383 4010 cervi
418 3956 464 4022 ³,
496 3954 601 4025 qui
632 3952 960 4020 vermiculi,
994 3953 1095 4026 qui
1120 3965 1440 4026 serpentes,
1469 3956 1624 4026 quod
1652 3957 1726 4011 ad
1752 3974 1892 4029 pra:-

228 4059 367 4098 sens
390 4042 703 4116 negotium
734 4043 1264 4114 pertinet,breviter
1283 4044 1609 4114 expediam.
1641 4045 1766 4100 Non
1798 4063 1891 4102 so-

226 4131 351 4187 lum
375 4133 439 4187 in
466 4131 729 4188 Ecclesia
761 4135 1060 4187 morantur
1086 4148 1241 4199 oves,
1271 4149 1374 4188 nec
1399 4133 1632 4188 mundae
1660 4139 1888 4190 tantum

226 4237 368 4277 aves
394 4219 686 4287 volitant;
718 4219 820 4276 sed
853 4220 1212 4276 frumentum
1247 4221 1307 4275 in
1337 4239 1452 4293 quo
1479 4221 1712 4289 seritur,
1745 4224 1894 4279 inter

2003 3066 2317 3123 vicesimus
2351 3064 2644 3121 secundus
2674 3065 2695 3097 ⁸
2724 3064 2854 3131 fuit,
2881 3081 3059 3136 super
3083 3064 3191 3119 hac
3222 3080 3282 3119 re
3312 3055 3650 3120 Africanam

2005 3156 2292 3228 synodum
2328 3152 2555 3219 direxit,
2602 3154 2703 3208 sed
2762 3158 3004 3209 conatus
3060 3155 3189 3223 ejus
3247 3152 3463 3208 frustra
3521 3151 3651 3208 fuit.

2009 3245 2264 3316 Denique
2294 3243 2378 3298 illi
2416 3242 2524 3314 ipsi
2557 3241 2836 3315 episcopi,
2871 3243 2968 3315 qui
3003 3242 3446 3314 rebaptizandos
3472 3241 3651 3298 haere-

2006 3335 2151 3390 ticos
2178 3350 2308 3388 cum
2343 3349 2408 3388 eo
2440 3335 2790 3398 statuerant,
2822 3332 2891 3386 ad
2920 3331 3226 3404 antiquam
3280 3330 3653 3387 consuetudi-

2005 3440 2138 3479 nem
2190 3421 2456 3488 revoluti,
2505 3438 2717 3476 novum
2777 3407 3369 3476 emisere'decretum
3392 3420 3432 3472 ³.
3504 3419 3653 3484 Quid

2005 3513 2255 3567 facimus
2277 3511 2385 3584 [ΑΙ.
2449 3509 2758 3580 faciamus]
2788 3509 2815 3563 ?
2842 3509 2923 3563 ita
2952 3512 3010 3563 et
3041 3508 3209 3563 nobis
3261 3509 3515 3579 majores
3549 3523 3652 3563 no-

2005 3601 2130 3666 stri,
2165 3604 2221 3656 et
2255 3599 2371 3654 illis
2420 3600 2511 3654 sui
2567 3598 2856 3654 tradidere
2914 3598 3185 3669 majores.
3233 3597 3344 3652 Sed
3397 3595 3536 3668 quid
3581 3595 3654 3652 de

2003 3689 2426 3762 posterioribus
2449 3687 2696 3760 loquar?
2722 3687 3017 3759 Apostolis
3047 3688 3195 3742 I97
3250 3685 3441 3741 adhuc
3491 3685 3648 3758 apud

2001 3779 2264 3834 Judaeam
2294 3777 2506 3832 Christi
2539 3775 2823 3848 sanguine
2848 3775 3088 3846 recenti,
3121 3775 3475 3847 phantasma
3531 3775 3649 3832 Do-

2003 3867 2143 3923 mini
2179 3883 2390 3938 eorpus
2426 3865 2830 3931 asserebatur;
2893 3863 3128 3921 Galatas
3167 3864 3238 3920 ad
3297 3864 3650 3921 observatio-

2003 3974 2136 4013 nem
2167 3955 2312 4029 legis
2337 3955 2661 4018 traductos,
2720 3952 3035 4025 Apostolus
3097 3953 3306 4008 iterum
3349 3953 3601 4024 parturit
3633 3971 3646 4021 ;

2003 4045 2338 4102 Corinthios
2371 4042 2857 4099 resurrectionem
2889 4040 3082 4096 carnis
3144 4057 3260 4095 non
3319 4041 3650 4111 credentes,

2001 4135 2269 4208 pluribus
2309 4131 2673 4207 argumentis
2703 4132 2774 4186 ad
2805 4147 3005 4186 verum
3055 4129 3164 4184 iter
3208 4128 3439 4184 trahere
3470 4145 3650 4184 cona-

1999 4229 2113 4280 tur.
2140 4225 2304 4280 Tunc
2335 4224 2534 4280 Simon
2567 4222 2796 4294 Magos,
2841 4224 2900 4276 et
2953 4218 3270 4275 Menander
3325 4216 3651 4290 discipulus

228 4325 338 4379 que
360 4310 616 4365 nitentia
641 4310 793 4364 culta
841 4309 1124 4381 lappasque
1150 4314 1204 4365 et
1233 4311 1446 4378 tribuli,
1479 4318 1530 4365 et
1559 4311 1770 4367 steriles
1795 4312 1890 4368 do-
1921 4333 1967 4398 υ
1997 4313 2146 4385 ejus.
2187 4313 2287 4369 Dei
2319 4328 2380 4369 se
2430 4325 2736 4368 asseruere
2789 4310 3069 4366 virtutes:
3121 4314 3262 4364 tunc
3320 4306 3603 4364 Basilides
3631 4309 3652 4342 ⁶

307 4507 440 4641 ’ξι
488 4504 878 4578 Septuaginta
935 4505 1320 4578 interpretum
1379 4522 1578 4576 sensu,
1636 4518 1728 4564 οὐκ
1783 4517 1894 4565 avt-

307 4594 472 4640 ρετ-ιν.

229 4594 472 4640 amara.

305 4652 324 4683 ²
353 4650 516 4705 Erat.
555 4648 720 4720 Forte
749 4647 1186 4720 typothetarum
1218 4649 1452 4716 mendo,
1486 4652 1650 4706 servi.

301 4724 323 4754 ³
355 4721 421 4786 In
455 4718 635 4786 veteri
670 4718 1043 4791 editibneest
1063 4722 1340 4791 frequenti
1368 4723 1604 4791 agmine.

301 4795 322 4824 ⁸
390 4793 700 4864 Vicesimus
750 4790 1174 4864 secundusyln
1221 4790 1528 4864 posteriori
1591 4791 1894 4847 Chronico-

219 4880 362 4943 rum
397 4863 555 4943 libro
588 4861 844 4943 legimus
878 4880 891 4917 :
928 4861 1201 4943 Rom-ana:
1222 4861 1239 4864 ”
1261 4862 1530 4943 Ecclesiae
1588 4864 1894 4943 episcopa-

217 4941 355 4993 tum
397 4937 566 4989 tenet
617 4933 939 5006 vicesimus
998 4934 1223 5006 primus
1278 4936 1493 4990 Lucius
1557 4933 1806 4990 menses
1835 4937 1891 5000 8,

2003 4525 2158 4564 mus.
2184 4509 2351 4564 Forte
2383 4507 2665 4563 Romanis
2690 4505 2851 4578 notis
2883 4506 3167 4578 scriptum
3199 4505 3339 4578 olim
3371 4504 3482 4578 fuit
3509 4518 3649 4578 xxii,

2003 4581 2158 4652 quod
2184 4579 2481 4654 scribendi
2539 4585 2642 4634 aut
2688 4574 3334 4654 legendiufestinatione
3376 4574 3652 4654 librarius

2003 4649 2226 4722 accepit
2254 4667 2357 4722 pro
2388 4668 2577 4705 xxxvr.
2611 4653 2736 4704 Mox
2756 4649 2861 4721 pro
2892 4649 3103 4703 direxit
3152 4649 3399 4702 fortasse
3454 4649 3648 4700 verius

2002 4722 2203 4786 editio,
2221 4722 2450 4776 indixit.

2073 4794 2094 4828 ⁵
2125 4785 2284 4849 Istud
2314 4793 2386 4846 ah
2417 4809 2532 4847 uno
2569 4790 2916 4864 Hieronymo
2937 4788 3221 4864 discimus
3248 4806 3260 4850 ;
3301 4786 3441 4864 alibi
3494 4785 3651 4864 enim
3754 4785 3765 4795 '

2003 4866 2133 4920 novi
2167 4865 2414 4934 hujusce
2441 4864 2674 4934 Decretir
2693 4857 3052 4934 mentionem
3079 4858 3467 4934 fieri_nullam
3496 4857 3650 4934 invee

2003 4931 2333 5006 nias;quin
2368 4940 2424 4989 et
2449 4935 2579 5006 ipsa
2622 4931 3157 5006 disputatiohinter
3203 4931 3656 5006 D_ona_tistas_‘et

2001 5007 2058 5062 S.
2095 5001 2435 5079 Dionysium
2476 5001 2593 5079 tale
2641 5001 2787 5079 nihil
2845 5001 3080 5079 penitus
3129 5003 3309 5079 novit.
3358 5001 3653 5079 Pamelius

2001 5080 2059 5135 S.
2090 5072 2431 5150 Dionysium
2461 5072 2917 5150 Alexandrinum
2950 5078 3159 5150 testem
3210 5075 3389 5146 hujus
3438 5072 3516 5128 rei
3549 5073 3652 5128 ad-

2000 5151 2163 5205 ducit
2187 5167 2200 5216 ;
2232 5144 2290 5204 at
2318 5165 2450 5204 cum
2476 5146 2724 5202 Baronio
2752 5144 3172 5202 hallucinatur.

2069 5223 2090 5255 δ
2129 5222 2386 5276 Joannes
2432 5218 2883 5274 Damascenusl
2931 5216 3204 5274 Parallel.
3253 5218 3363 5272 1‘2:
3422 5237 3451 5264 ‹‹
3502 5215 3653 5272 Cum

2000 5291 2241 5363 impius,
2274 5293 2480 5363 inquit,
2541 5289 2830 5346 Basilides
2864 5287 3304 5371 evangelistam
3361 5286 3656 5367 Joannem

2000 5361 2316 5418 aliquando
2346 5362 2680 5418 salutasset.
2712 5377 2776 5416 ac
2819 5361 3067 5418 dixmset
3098 5377 3111 5416 :
3151 5364 3436 5418 ARDOSOIB
3491 5371 3600 5410 nos
3636 5375 3652 5418 ;

1998 5375 2072 5417 all
2121 5375 2316 5418 uanuo
2346 5375 2680 5428 salutasset,
2712 5377 2776 5416 ac
2819 5375 3067 5418 αιχωεθι
3098 5377 3111 5416 ζ
3151 5375 3436 5431 Αεῑιοεαιε
3491 5375 3600 5410 nos
3636 5375 3652 5424 ;

1999 5381 2161 5494 nulla
2203 5434 2548 5510 interposita
2603 5449 2813 5492 mora:
2873 5434 3145 5507 Agnosco
3191 5435 3270 5498 te,
3315 5423 3510 5501 inquit
3561 5425 3660 5483 vir

214 5013 360 5078 past
412 5021 593 5077 quem
624 5003 939 5078 vicesimus
995 5003 1291 5078 secundus
1321 5006 1653 5078 Stephanus
1707 5022 1892 5078 annos

217 5076 282 5133 11
317 5097 334 5144 ;
367 5076 582 5132 citant
609 5077 680 5149 ad
713 5084 1033 5149 utrumque
1079 5076 1346 5149 Cypriani
1411 5076 1690 5149 epistolae.
1722 5076 1888 5132 Vice-

210 5152 461 5205 simum
491 5147 732 5219 tertium
763 5147 862 5219 alii
897 5147 1140 5202 faciunt;
1163 5147 1176 5148 ί
1196 5147 1482 5204 Maurusii.
1514 5178 1584 5188 -—-
1613 5148 1890 5219 Comper-

210 5229 354 5276 tum
389 5217 638 5274 omnino
663 5223 759 5291 est
789 5217 936 5291 inita
965 5220 1208 5291 ratione
1249 5219 1612 5291 Stephanum
1671 5217 1890 5291 vigesi-

211 5308 398 5348 mum
457 5290 787 5363 secundum
843 5289 1049 5363 locum,
1094 5289 1366 5363 obtinere
1416 5296 1549 5363 post
1605 5289 1887 5358 Petrum;

209 5378 418 5434 quare
449 5361 554 5433 qui
603 5361 888 5434 hactenus
937 5361 1214 5429 obtinuit,
1247 5361 1525 5434 errorem,
1583 5379 1700 5434 quo
1731 5363 1889 5434 vige-

211 5433 429 5493 εἶδες
465 5436 672 5491 sextus
723 5433 1044 5505 dicebatur,
1079 5433 1394 5492 emendare
1446 5451 1562 5492 non
1593 5433 1888 5492 dubitavi-

3607 5727 3695 5792 ι’·
