  <div class='ocr_page' id='page_1' title='image "/cluster/home/n/w/nwhite01/storage/ocr_20150623/23/hvd.32044052772480/102.png"; bbox 0 0 4100 6156; ppageno 0'>
   <div class='ocr_carea' id='block_1_1' title="bbox 332 222 442 289">
    <p class='ocr_par' dir='ltr' id='par_1_1' title="bbox 332 222 442 289">
     <span class='ocr_line' id='line_1_1' title="bbox 332 222 442 289; baseline 0.009 -1"><span class='ocrx_word' id='word_1_1' title='bbox 332 222 442 289; x_wconf 69' lang='grc'>189</span> 
     </span>
    </p>
   </div>
   <div class='ocr_carea' id='block_1_2' title="bbox 1332 224 2717 293">
    <p class='ocr_par' dir='ltr' id='par_1_2' title="bbox 1332 224 2717 293">
     <span class='ocr_line' id='line_1_2' title="bbox 1332 224 2717 293; baseline -0.003 -2"><span class='ocrx_word' id='word_1_2' title='bbox 1332 228 1716 293; x_wconf 85' lang='lat' dir='ltr'>DIALOGUS</span> <span class='ocrx_word' id='word_1_3' title='bbox 1762 225 2077 290; x_wconf 80' lang='lat' dir='ltr'>CONTRA</span> <span class='ocrx_word' id='word_1_4' title='bbox 2118 224 2717 291; x_wconf 79' lang='lat' dir='ltr'>LUCIFEBIANOS.</span> 
     </span>
    </p>
   </div>
   <div class='ocr_carea' id='block_1_3' title="bbox 3607 226 3724 291">
    <p class='ocr_par' dir='ltr' id='par_1_3' title="bbox 3607 226 3724 291">
     <span class='ocr_line' id='line_1_3' title="bbox 3607 226 3724 291; baseline 0.017 -2"><span class='ocrx_word' id='word_1_5' title='bbox 3607 226 3724 291; x_wconf 81' lang='grc'>190</span> 
     </span>
    </p>
   </div>
   <div class='ocr_carea' id='block_1_4' title="bbox 328 358 3721 435">
    <p class='ocr_par' dir='ltr' id='par_1_4' title="bbox 328 358 3721 435">
     <span class='ocr_line' id='line_1_4' title="bbox 328 358 3721 435; baseline -0 -18"><span class='ocrx_word' id='word_1_6' title='bbox 328 360 648 417; x_wconf 84' lang='lat' dir='ltr'>Romanum</span> <span class='ocrx_word' id='word_1_7' title='bbox 674 362 1009 435; x_wconf 87' lang='lat' dir='ltr'>pontiﬁcem</span> <span class='ocrx_word' id='word_1_8' title='bbox 1036 360 1261 429; x_wconf 83' lang='lat' dir='ltr'>habuit,</span> <span class='ocrx_word' id='word_1_9' title='bbox 1294 362 1393 419; x_wconf 87' lang='lat' dir='ltr'>tali</span> <span class='ocrx_word' id='word_1_10' title='bbox 1434 364 1547 419; x_wconf 80' lang='lat' dir='ltr'>fine</span> <span class='ocrx_word' id='word_1_11' title='bbox 1602 361 1956 435; x_wconf 75' lang='lat' dir='ltr'>complevit:</span> <span class='ocrx_word' id='word_1_12' title='bbox 1989 363 2045 429; x_wconf 82' lang='grc' dir='ltr'><strong>Α</strong></span> <span class='ocrx_word' id='word_1_13' title='bbox 2074 360 2166 416; x_wconf 89' lang='lat' dir='ltr'>lus</span> <span class='ocrx_word' id='word_1_14' title='bbox 2199 358 2595 432; x_wconf 84' lang='lat' dir='ltr'>rebaptizavit,</span> <span class='ocrx_word' id='word_1_15' title='bbox 2655 377 2769 415; x_wconf 91' lang='lat' dir='ltr'>non</span> <span class='ocrx_word' id='word_1_16' title='bbox 2818 359 3071 433; x_wconf 77' lang='lat' dir='ltr'>infringo</span> <span class='ocrx_word' id='word_1_17' title='bbox 3117 360 3272 433; x_wconf 89' lang='lat' dir='ltr'>quod</span> <span class='ocrx_word' id='word_1_18' title='bbox 3326 360 3609 433; x_wconf 86' lang='lat' dir='ltr'>sequeris.</span> <span class='ocrx_word' id='word_1_19' title='bbox 3663 361 3721 416; x_wconf 87' lang='lat' dir='ltr'>Si</span> 
     </span>
    </p>
   </div>
   <div class='ocr_carea' id='block_1_5' title="bbox 327 451 1962 521">
    <p class='ocr_par' dir='ltr' id='par_1_5' title="bbox 327 451 1962 521">
     <span class='ocr_line' id='line_1_5' title="bbox 327 451 1962 521; baseline 0 -15"><span class='ocrx_word' id='word_1_20' title='bbox 327 475 353 500; x_wconf 84' lang='grc'><strong>‹‹</strong></span> <span class='ocrx_word' id='word_1_21' title='bbox 389 451 510 506; x_wconf 76' lang='lat' dir='ltr'>Haec</span> <span class='ocrx_word' id='word_1_22' title='bbox 554 452 626 505; x_wconf 87' lang='lat' dir='ltr'>ad</span> <span class='ocrx_word' id='word_1_23' title='bbox 677 451 1089 508; x_wconf 79' lang='lat' dir='ltr'>conscientiam</span> <span class='ocrx_word' id='word_1_24' title='bbox 1141 459 1326 521; x_wconf 86' lang='lat' dir='ltr'>tuam,</span> <span class='ocrx_word' id='word_1_25' title='bbox 1377 454 1555 508; x_wconf 80' lang='lat' dir='ltr'>frater</span> <span class='ocrx_word' id='word_1_26' title='bbox 1598 452 1962 517; x_wconf 90' lang='lat' dir='ltr'>charissime,</span> 
     </span>
    </p>
   </div>
   <div class='ocr_carea' id='block_1_6' title="bbox 328 540 1966 614">
    <p class='ocr_par' dir='ltr' id='par_1_6' title="bbox 328 540 1966 614">
     <span class='ocr_line' id='line_1_6' title="bbox 328 540 1966 614; baseline -0.001 -18"><span class='ocrx_word' id='word_1_27' title='bbox 328 547 382 596; x_wconf 87' lang='lat' dir='ltr'>et</span> <span class='ocrx_word' id='word_1_28' title='bbox 424 558 523 612; x_wconf 93' lang='lat' dir='ltr'>pro</span> <span class='ocrx_word' id='word_1_29' title='bbox 582 540 801 596; x_wconf 90' lang='lat' dir='ltr'>honore</span> <span class='ocrx_word' id='word_1_30' title='bbox 847 542 1166 605; x_wconf 85' lang='lat' dir='ltr'>communi,</span> <span class='ocrx_word' id='word_1_31' title='bbox 1214 548 1271 597; x_wconf 89' lang='lat' dir='ltr'>et</span> <span class='ocrx_word' id='word_1_32' title='bbox 1328 542 1579 614; x_wconf 86' lang='lat' dir='ltr'>simplici</span> <span class='ocrx_word' id='word_1_33' title='bbox 1659 540 1966 597; x_wconf 79' lang='lat' dir='ltr'>dilectione</span> 
     </span>
    </p>
   </div>
   <div class='ocr_carea' id='block_1_7' title="bbox 328 628 1965 703">
    <p class='ocr_par' dir='ltr' id='par_1_7' title="bbox 328 628 1965 703">
     <span class='ocr_line' id='line_1_7' title="bbox 328 628 1965 703; baseline 0 -20"><span class='ocrx_word' id='word_1_34' title='bbox 328 628 693 702; x_wconf 81' lang='lat' dir='ltr'>protulimus,</span> <span class='ocrx_word' id='word_1_35' title='bbox 730 632 1034 686; x_wconf 88' lang='lat' dir='ltr'>credentes</span> <span class='ocrx_word' id='word_1_36' title='bbox 1062 632 1234 686; x_wconf 89' lang='lat' dir='ltr'>etiam</span> <span class='ocrx_word' id='word_1_37' title='bbox 1260 631 1363 687; x_wconf 94' lang='lat' dir='ltr'>tibi</span> <span class='ocrx_word' id='word_1_38' title='bbox 1390 648 1490 703; x_wconf 90' lang='lat' dir='ltr'>pro</span> <span class='ocrx_word' id='word_1_39' title='bbox 1514 630 1811 703; x_wconf 87' lang='lat' dir='ltr'>religionis</span> <span class='ocrx_word' id='word_1_40' title='bbox 1853 636 1965 684; x_wconf 70' lang='lat' dir='ltr'>tua:</span> 
     </span>
    </p>
   </div>
   <div class='ocr_carea' id='block_1_8' title="bbox 328 718 1969 792">
    <p class='ocr_par' dir='ltr' id='par_1_8' title="bbox 328 718 1969 792">
     <span class='ocr_line' id='line_1_8' title="bbox 328 718 1969 792; baseline 0 -20"><span class='ocrx_word' id='word_1_41' title='bbox 328 722 382 772; x_wconf 88' lang='lat' dir='ltr'>et</span> <span class='ocrx_word' id='word_1_42' title='bbox 404 718 531 773; x_wconf 80' lang='lat' dir='ltr'>fidei</span> <span class='ocrx_word' id='word_1_43' title='bbox 562 718 804 773; x_wconf 88' lang='lat' dir='ltr'>veritate</span> <span class='ocrx_word' id='word_1_44' title='bbox 834 720 1076 789; x_wconf 89' lang='lat' dir='ltr'>placere,</span> <span class='ocrx_word' id='word_1_45' title='bbox 1124 736 1248 790; x_wconf 68' lang='lat' dir='ltr'>qum</span> <span class='ocrx_word' id='word_1_46' title='bbox 1309 725 1365 773; x_wconf 86' lang='lat' dir='ltr'>et</span> <span class='ocrx_word' id='word_1_47' title='bbox 1423 719 1693 792; x_wconf 87' lang='lat' dir='ltr'>religiosa</span> <span class='ocrx_word' id='word_1_48' title='bbox 1752 720 1969 791; x_wconf 88' lang='lat' dir='ltr'>pariter</span> 
     </span>
    </p>
   </div>
   <div class='ocr_carea' id='block_1_9' title="bbox 330 807 1967 880">
    <p class='ocr_par' dir='ltr' id='par_1_9' title="bbox 330 807 1967 880">
     <span class='ocr_line' id='line_1_9' title="bbox 330 807 1967 880; baseline -0.001 -18"><span class='ocrx_word' id='word_1_49' title='bbox 330 814 387 862; x_wconf 88' lang='lat' dir='ltr'>et</span> <span class='ocrx_word' id='word_1_50' title='bbox 416 824 544 861; x_wconf 85' lang='lat' dir='ltr'>vera</span> <span class='ocrx_word' id='word_1_51' title='bbox 572 810 727 861; x_wconf 90' lang='lat' dir='ltr'>sunt.</span> <span class='ocrx_word' id='word_1_52' title='bbox 763 807 1045 862; x_wconf 58' lang='lat' dir='ltr'>Caeterum</span> <span class='ocrx_word' id='word_1_53' title='bbox 1076 808 1297 863; x_wconf 86' lang='lat' dir='ltr'>scimus</span> <span class='ocrx_word' id='word_1_54' title='bbox 1328 809 1639 879; x_wconf 87' lang='lat' dir='ltr'>quosdam,</span> <span class='ocrx_word' id='word_1_55' title='bbox 1673 809 1829 880; x_wconf 88' lang='lat' dir='ltr'>quod</span> <span class='ocrx_word' id='word_1_56' title='bbox 1877 824 1967 862; x_wconf 88' lang='lat' dir='ltr'>se-</span> 
     </span>
    </p>
   </div>
   <div class='ocr_carea' id='block_1_10' title="bbox 329 894 1965 969">
    <p class='ocr_par' dir='ltr' id='par_1_10' title="bbox 329 894 1965 969">
     <span class='ocr_line' id='line_1_10' title="bbox 329 894 1965 969; baseline 0 -20"><span class='ocrx_word' id='word_1_57' title='bbox 329 896 445 949; x_wconf 87' lang='lat' dir='ltr'>mel</span> <span class='ocrx_word' id='word_1_58' title='bbox 476 894 1027 959; x_wconf 86' lang='lat' dir='ltr'>imbiberunt,nolle</span> <span class='ocrx_word' id='word_1_59' title='bbox 1079 896 1388 966; x_wconf 89' lang='lat' dir='ltr'>deponere,</span> <span class='ocrx_word' id='word_1_60' title='bbox 1444 913 1548 951; x_wconf 90' lang='lat' dir='ltr'>nec</span> <span class='ocrx_word' id='word_1_61' title='bbox 1602 898 1965 969; x_wconf 91' lang='lat' dir='ltr'>propositum</span> 
     </span>
    </p>
   </div>
   <div class='ocr_carea' id='block_1_11' title="bbox 325 983 1967 1058">
    <p class='ocr_par' dir='ltr' id='par_1_11' title="bbox 325 983 1967 1058">
     <span class='ocr_line' id='line_1_11' title="bbox 325 983 1967 1058; baseline 0.002 -22"><span class='ocrx_word' id='word_1_62' title='bbox 325 1001 499 1037; x_wconf 83' lang='lat' dir='ltr'>suum</span> <span class='ocrx_word' id='word_1_63' title='bbox 534 983 697 1037; x_wconf 84' lang='lat' dir='ltr'>facile</span> <span class='ocrx_word' id='word_1_64' title='bbox 728 988 957 1038; x_wconf 87' lang='lat' dir='ltr'>mutare</span> <span class='ocrx_word' id='word_1_65' title='bbox 984 1003 996 1050; x_wconf 87' lang='lat'><strong>;</strong></span> <span class='ocrx_word' id='word_1_66' title='bbox 1030 985 1129 1039; x_wconf 87' lang='lat' dir='ltr'>sed</span> <span class='ocrx_word' id='word_1_67' title='bbox 1154 984 1311 1039; x_wconf 83' lang='lat' dir='ltr'>salvo</span> <span class='ocrx_word' id='word_1_68' title='bbox 1344 986 1495 1040; x_wconf 89' lang='lat' dir='ltr'>inter</span> <span class='ocrx_word' id='word_1_69' title='bbox 1524 986 1777 1058; x_wconf 83' lang='lat' dir='ltr'>collegas</span> <span class='ocrx_word' id='word_1_70' title='bbox 1807 986 1967 1058; x_wconf 89' lang='lat' dir='ltr'>pacis</span> 
     </span>
    </p>
   </div>
   <div class='ocr_carea' id='block_1_12' title="bbox 321 1072 1967 1147">
    <p class='ocr_par' dir='ltr' id='par_1_12' title="bbox 321 1072 1967 1147">
     <span class='ocr_line' id='line_1_12' title="bbox 321 1072 1967 1147; baseline 0.004 -22"><span class='ocrx_word' id='word_1_71' title='bbox 321 1078 371 1126; x_wconf 87' lang='lat' dir='ltr'>et</span> <span class='ocrx_word' id='word_1_72' title='bbox 395 1072 722 1126; x_wconf 70' lang='lat' dir='ltr'>concordia:</span> <span class='ocrx_word' id='word_1_73' title='bbox 754 1073 1009 1137; x_wconf 89' lang='lat' dir='ltr'>vinculo,</span> <span class='ocrx_word' id='word_1_74' title='bbox 1046 1074 1307 1144; x_wconf 69' lang='lat' dir='ltr'>quaedam</span> <span class='ocrx_word' id='word_1_75' title='bbox 1342 1075 1594 1145; x_wconf 91' lang='lat' dir='ltr'>propria,</span> <span class='ocrx_word' id='word_1_76' title='bbox 1628 1092 1755 1145; x_wconf 77' lang='lat' dir='ltr'>quae</span> <span class='ocrx_word' id='word_1_77' title='bbox 1814 1077 1967 1147; x_wconf 87' lang='lat' dir='ltr'>apud</span> 
     </span>
    </p>
   </div>
   <div class='ocr_carea' id='block_1_13' title="bbox 320 1159 1967 1233">
    <p class='ocr_par' dir='ltr' id='par_1_13' title="bbox 320 1159 1967 1233">
     <span class='ocr_line' id='line_1_13' title="bbox 320 1159 1967 1233; baseline 0.002 -18"><span class='ocrx_word' id='word_1_78' title='bbox 320 1178 378 1215; x_wconf 90' lang='lat' dir='ltr'>se</span> <span class='ocrx_word' id='word_1_79' title='bbox 402 1159 587 1214; x_wconf 89' lang='lat' dir='ltr'>semel</span> <span class='ocrx_word' id='word_1_80' title='bbox 610 1160 729 1215; x_wconf 90' lang='lat' dir='ltr'>sint</span> <span class='ocrx_word' id='word_1_81' title='bbox 761 1168 1061 1233; x_wconf 85' lang='lat' dir='ltr'>usurpata,</span> <span class='ocrx_word' id='word_1_82' title='bbox 1126 1163 1393 1219; x_wconf 85' lang='lat' dir='ltr'>retinere.</span> <span class='ocrx_word' id='word_1_83' title='bbox 1450 1164 1573 1227; x_wconf 88' lang='lat' dir='ltr'>Qua</span> <span class='ocrx_word' id='word_1_84' title='bbox 1622 1165 1679 1219; x_wconf 88' lang='lat' dir='ltr'>in</span> <span class='ocrx_word' id='word_1_85' title='bbox 1742 1182 1801 1220; x_wconf 91' lang='lat' dir='ltr'>re</span> <span class='ocrx_word' id='word_1_86' title='bbox 1853 1182 1967 1219; x_wconf 90' lang='lat' dir='ltr'>non</span> 
     </span>
    </p>
   </div>
   <div class='ocr_carea' id='block_1_14' title="bbox 315 1248 1966 1324">
    <p class='ocr_par' dir='ltr' id='par_1_14' title="bbox 315 1248 1966 1324">
     <span class='ocr_line' id='line_1_14' title="bbox 315 1248 1966 1324; baseline 0.004 -23"><span class='ocrx_word' id='word_1_87' title='bbox 315 1248 435 1303; x_wconf 85' lang='lat' dir='ltr'>vim</span> <span class='ocrx_word' id='word_1_88' title='bbox 466 1249 742 1320; x_wconf 87' lang='lat' dir='ltr'>cuiquam</span> <span class='ocrx_word' id='word_1_89' title='bbox 777 1249 1044 1316; x_wconf 83' lang='lat' dir='ltr'>facimus,</span> <span class='ocrx_word' id='word_1_90' title='bbox 1069 1255 1170 1305; x_wconf 91' lang='lat' dir='ltr'>aut</span> <span class='ocrx_word' id='word_1_91' title='bbox 1202 1250 1388 1322; x_wconf 83' lang='lat' dir='ltr'>legem</span> <span class='ocrx_word' id='word_1_92' title='bbox 1418 1253 1648 1318; x_wconf 75' lang='lat' dir='ltr'>damus,</span> <span class='ocrx_word' id='word_1_93' title='bbox 1682 1252 1824 1324; x_wconf 89' lang='lat' dir='ltr'>quin</span> <span class='ocrx_word' id='word_1_94' title='bbox 1866 1253 1966 1308; x_wconf 86' lang='lat' dir='ltr'>ha-</span> 
     </span>
    </p>
   </div>
   <div class='ocr_carea' id='block_1_15' title="bbox 317 1337 1969 1397">
    <p class='ocr_par' dir='ltr' id='par_1_15' title="bbox 317 1337 1969 1397">
     <span class='ocr_line' id='line_1_15' title="bbox 317 1337 1969 1397; baseline 0.002 -5"><span class='ocrx_word' id='word_1_95' title='bbox 317 1337 455 1392; x_wconf 83' lang='lat' dir='ltr'>beat</span> <span class='ocrx_word' id='word_1_96' title='bbox 486 1337 544 1391; x_wconf 90' lang='lat' dir='ltr'>in</span> <span class='ocrx_word' id='word_1_97' title='bbox 600 1337 868 1393; x_wconf 70' lang='lat' dir='ltr'>Ecclesiae</span> <span class='ocrx_word' id='word_1_98' title='bbox 919 1340 1426 1397; x_wconf 79' lang='lat' dir='ltr'>administratione</span> <span class='ocrx_word' id='word_1_99' title='bbox 1476 1341 1794 1397; x_wconf 86' lang='lat' dir='ltr'>voluntatis</span> <span class='ocrx_word' id='word_1_100' title='bbox 1852 1360 1969 1397; x_wconf 69' lang='lat' dir='ltr'>suae</span> 
     </span>
    </p>
   </div>
   <div class='ocr_carea' id='block_1_16' title="bbox 316 1425 1967 1503">
    <p class='ocr_par' dir='ltr' id='par_1_16' title="bbox 316 1425 1967 1503">
     <span class='ocr_line' id='line_1_16' title="bbox 316 1425 1967 1503; baseline 0.002 -23"><span class='ocrx_word' id='word_1_101' title='bbox 316 1426 633 1481; x_wconf 84' lang='lat' dir='ltr'>arbitrium</span> <span class='ocrx_word' id='word_1_102' title='bbox 666 1425 949 1482; x_wconf 88' lang='lat' dir='ltr'>liberum:</span> <span class='ocrx_word' id='word_1_103' title='bbox 1009 1429 1419 1501; x_wconf 65' lang='lat' dir='ltr'>uinusqui5que</span> <span class='ocrx_word' id='word_1_104' title='bbox 1465 1430 1541 1486; x_wconf 91' lang='lat' dir='ltr'>sit</span> <span class='ocrx_word' id='word_1_105' title='bbox 1601 1432 1967 1503; x_wconf 81' lang='lat' dir='ltr'>praepositus,</span> 
     </span>
    </p>
   </div>
   <div class='ocr_carea' id='block_1_17' title="bbox 316 1515 1969 1587">
    <p class='ocr_par' dir='ltr' id='par_1_17' title="bbox 316 1515 1969 1587">
     <span class='ocr_line' id='line_1_17' title="bbox 316 1515 1969 1587; baseline 0.004 -18"><span class='ocrx_word' id='word_1_106' title='bbox 316 1515 609 1570; x_wconf 87' lang='lat' dir='ltr'>rationem</span> <span class='ocrx_word' id='word_1_107' title='bbox 644 1521 808 1572; x_wconf 90' lang='lat' dir='ltr'>actus</span> <span class='ocrx_word' id='word_1_108' title='bbox 840 1517 931 1572; x_wconf 91' lang='lat' dir='ltr'>sui</span> <span class='ocrx_word' id='word_1_109' title='bbox 963 1518 1208 1573; x_wconf 90' lang='lat' dir='ltr'>Domino</span> <span class='ocrx_word' id='word_1_110' title='bbox 1234 1519 1601 1587; x_wconf 73' lang='lat' dir='ltr'>fredditurus.</span> <span class='ocrx_word' id='word_1_111' title='bbox 1637 1542 1664 1568; x_wconf 88' lang='lat'>»</span> <span class='ocrx_word' id='word_1_112' title='bbox 1722 1521 1806 1575; x_wconf 89' lang='lat' dir='ltr'>Ad</span> <span class='ocrx_word' id='word_1_113' title='bbox 1865 1521 1969 1574; x_wconf 91' lang='lat' dir='ltr'>Ju-</span> 
     </span>
    </p>
   </div>
   <div class='ocr_carea' id='block_1_18' title="bbox 314 1604 1970 1680">
    <p class='ocr_par' dir='ltr' id='par_1_18' title="bbox 314 1604 1970 1680">
     <span class='ocr_line' id='line_1_18' title="bbox 314 1604 1970 1680; baseline 0.002 -21"><span class='ocrx_word' id='word_1_114' title='bbox 314 1604 605 1659; x_wconf 84' lang='lat' dir='ltr'>baianum</span> <span class='ocrx_word' id='word_1_115' title='bbox 639 1622 871 1677; x_wconf 87' lang='lat' dir='ltr'>quoque</span> <span class='ocrx_word' id='word_1_116' title='bbox 894 1607 963 1661; x_wconf 91' lang='lat' dir='ltr'>de</span> <span class='ocrx_word' id='word_1_117' title='bbox 984 1607 1272 1662; x_wconf 71' lang='lat' dir='ltr'>haereticis</span> <span class='ocrx_word' id='word_1_118' title='bbox 1321 1608 1752 1680; x_wconf 85' lang='lat' dir='ltr'>rebaptizandis</span> <span class='ocrx_word' id='word_1_119' title='bbox 1820 1610 1970 1665; x_wconf 69' lang='lat' dir='ltr'>scri~</span> 
     </span>
    </p>
   </div>
   <div class='ocr_carea' id='block_1_19' title="bbox 312 1693 1973 1754">
    <p class='ocr_par' dir='ltr' id='par_1_19' title="bbox 312 1693 1973 1754">
     <span class='ocr_line' id='line_1_19' title="bbox 312 1693 1973 1754; baseline 0.003 -7"><span class='ocrx_word' id='word_1_120' title='bbox 312 1693 488 1751; x_wconf 87' lang='lat' dir='ltr'>bens.</span> <span class='ocrx_word' id='word_1_121' title='bbox 524 1694 583 1747; x_wconf 90' lang='lat' dir='ltr'>in</span> <span class='ocrx_word' id='word_1_122' title='bbox 632 1695 745 1749; x_wconf 83' lang='lat' dir='ltr'>ﬁne</span> <span class='ocrx_word' id='word_1_123' title='bbox 802 1694 984 1751; x_wconf 89' lang='lat' dir='ltr'>libelli</span> <span class='ocrx_word' id='word_1_124' title='bbox 1038 1696 1088 1751; x_wconf 93' lang='lat' dir='ltr'>si</span> <span class='ocrx_word' id='word_1_125' title='bbox 1146 1695 1375 1752; x_wconf 87' lang='lat' dir='ltr'>locutus</span> <span class='ocrx_word' id='word_1_126' title='bbox 1425 1702 1549 1753; x_wconf 89' lang='lat' dir='ltr'>est:</span> <span class='ocrx_word' id='word_1_127' title='bbox 1588 1722 1615 1747; x_wconf 84' lang='lat'><strong><em>«</em></strong></span> <span class='ocrx_word' id='word_1_128' title='bbox 1676 1699 1807 1753; x_wconf 60' lang='lat' dir='ltr'>Haec</span> <span class='ocrx_word' id='word_1_129' title='bbox 1866 1698 1973 1754; x_wconf 83' lang='lat' dir='ltr'>tibi</span> 
     </span>
    </p>
   </div>
   <div class='ocr_carea' id='block_1_20' title="bbox 314 1783 1978 1857">
    <p class='ocr_par' dir='ltr' id='par_1_20' title="bbox 314 1783 1978 1857">
     <span class='ocr_line' id='line_1_20' title="bbox 314 1783 1978 1857; baseline 0.004 -21"><span class='ocrx_word' id='word_1_130' title='bbox 314 1783 574 1837; x_wconf 83' lang='lat' dir='ltr'>breviter</span> <span class='ocrx_word' id='word_1_131' title='bbox 596 1799 698 1853; x_wconf 90' lang='lat' dir='ltr'>pro</span> <span class='ocrx_word' id='word_1_132' title='bbox 729 1789 930 1839; x_wconf 88' lang='lat' dir='ltr'>nostra</span> <span class='ocrx_word' id='word_1_133' title='bbox 962 1784 1358 1840; x_wconf 90' lang='lat' dir='ltr'>mediocritate</span> <span class='ocrx_word' id='word_1_134' title='bbox 1384 1786 1758 1857; x_wconf 86' lang='lat' dir='ltr'>scripsimus,</span> <span class='ocrx_word' id='word_1_135' title='bbox 1799 1788 1978 1842; x_wconf 84' lang='lat' dir='ltr'>frater</span> 
     </span>
    </p>
   </div>
   <div class='ocr_carea' id='block_1_21' title="bbox 315 1870 1974 1946">
    <p class='ocr_par' dir='ltr' id='par_1_21' title="bbox 315 1870 1974 1946">
     <span class='ocr_line' id='line_1_21' title="bbox 315 1870 1974 1946; baseline 0.003 -21"><span class='ocrx_word' id='word_1_136' title='bbox 315 1870 691 1938; x_wconf 76' lang='lat' dir='ltr'>charissima,</span> <span class='ocrx_word' id='word_1_137' title='bbox 720 1873 943 1928; x_wconf 90' lang='lat' dir='ltr'>nemini</span> <span class='ocrx_word' id='word_1_138' title='bbox 1014 1875 1479 1944; x_wconf 69' lang='lat' dir='ltr'>praescribentes,</span> <span class='ocrx_word' id='word_1_139' title='bbox 1541 1880 1641 1930; x_wconf 91' lang='lat' dir='ltr'>aut</span> <span class='ocrx_word' id='word_1_140' title='bbox 1698 1876 1974 1946; x_wconf 76' lang='lat' dir='ltr'>praejudi~</span> 
     </span>
    </p>
   </div>
   <div class='ocr_carea' id='block_1_22' title="bbox 316 1960 1976 2036">
    <p class='ocr_par' dir='ltr' id='par_1_22' title="bbox 316 1960 1976 2036">
     <span class='ocr_line' id='line_1_22' title="bbox 316 1960 1976 2036; baseline 0.004 -22"><span class='ocrx_word' id='word_1_141' title='bbox 316 1965 546 2024; x_wconf 85' lang='lat' dir='ltr'>cantes,</span> <span class='ocrx_word' id='word_1_142' title='bbox 582 1960 898 2032; x_wconf 87' lang='lat' dir='ltr'>quominus</span> <span class='ocrx_word' id='word_1_143' title='bbox 931 1962 1337 2033; x_wconf 87' lang='lat' dir='ltr'>unusquisque</span> <span class='ocrx_word' id='word_1_144' title='bbox 1360 1964 1764 2035; x_wconf 86' lang='lat' dir='ltr'>episcoporum</span> <span class='ocrx_word' id='word_1_145' title='bbox 1821 1966 1976 2036; x_wconf 90' lang='lat' dir='ltr'>quod</span> 
     </span>
    </p>
   </div>
   <div class='ocr_carea' id='block_1_23' title="bbox 324 2049 1974 2125">
    <p class='ocr_par' dir='ltr' id='par_1_23' title="bbox 324 2049 1974 2125">
     <span class='ocr_line' id='line_1_23' title="bbox 324 2049 1974 2125; baseline 0.006 -25"><span class='ocrx_word' id='word_1_146' title='bbox 324 2053 519 2118; x_wconf 82' lang='lat' dir='ltr'>putat,</span> <span class='ocrx_word' id='word_1_147' title='bbox 549 2049 740 2118; x_wconf 84' lang='lat' dir='ltr'>faciat,</span> <span class='ocrx_word' id='word_1_148' title='bbox 774 2050 996 2105; x_wconf 87' lang='lat' dir='ltr'>habens</span> <span class='ocrx_word' id='word_1_149' title='bbox 1037 2051 1261 2105; x_wconf 80' lang='lat' dir='ltr'>arbitrii</span> <span class='ocrx_word' id='word_1_150' title='bbox 1313 2052 1405 2107; x_wconf 91' lang='lat' dir='ltr'>sui</span> <span class='ocrx_word' id='word_1_151' title='bbox 1436 2053 1679 2108; x_wconf 84' lang='lat' dir='ltr'>liberam</span> <span class='ocrx_word' id='word_1_152' title='bbox 1721 2060 1974 2125; x_wconf 85' lang='lat' dir='ltr'>potesta-</span> 
     </span>
    </p>
   </div>
   <div class='ocr_carea' id='block_1_24' title="bbox 326 2140 1976 2213">
    <p class='ocr_par' dir='ltr' id='par_1_24' title="bbox 326 2140 1976 2213">
     <span class='ocr_line' id='line_1_24' title="bbox 326 2140 1976 2213; baseline 0.001 -16"><span class='ocrx_word' id='word_1_153' title='bbox 326 2152 471 2201; x_wconf 82' lang='lat' dir='ltr'>tem.</span> <span class='ocrx_word' id='word_1_154' title='bbox 504 2143 636 2204; x_wconf 74' lang='lat' dir='ltr'>Nos.</span> <span class='ocrx_word' id='word_1_155' title='bbox 671 2144 961 2212; x_wconf 90' lang='lat' dir='ltr'>quantum</span> <span class='ocrx_word' id='word_1_156' title='bbox 988 2141 1045 2193; x_wconf 92' lang='lat' dir='ltr'>in</span> <span class='ocrx_word' id='word_1_157' title='bbox 1075 2140 1243 2196; x_wconf 90' lang='lat' dir='ltr'>nobis</span> <span class='ocrx_word' id='word_1_158' title='bbox 1273 2145 1379 2205; x_wconf 89' lang='lat' dir='ltr'>est,</span> <span class='ocrx_word' id='word_1_159' title='bbox 1407 2146 1643 2213; x_wconf 82' lang='lat' dir='ltr'>propter</span> <span class='ocrx_word' id='word_1_160' title='bbox 1677 2142 1976 2199; x_wconf 83' lang='lat' dir='ltr'>haereticos</span> 
     </span>
    </p>
   </div>
   <div class='ocr_carea' id='block_1_25' title="bbox 319 2229 1974 2301">
    <p class='ocr_par' dir='ltr' id='par_1_25' title="bbox 319 2229 1974 2301">
     <span class='ocr_line' id='line_1_25' title="bbox 319 2229 1974 2301; baseline 0.001 -13"><span class='ocrx_word' id='word_1_161' title='bbox 319 2250 462 2288; x_wconf 90' lang='lat' dir='ltr'>cum</span> <span class='ocrx_word' id='word_1_162' title='bbox 486 2230 723 2301; x_wconf 86' lang='lat' dir='ltr'>collegis</span> <span class='ocrx_word' id='word_1_163' title='bbox 737 2229 1167 2301; x_wconf 89' lang='lat' dir='ltr'>etcoepiscopis</span> <span class='ocrx_word' id='word_1_164' title='bbox 1185 2231 1402 2285; x_wconf 88' lang='lat' dir='ltr'>nostris</span> <span class='ocrx_word' id='word_1_165' title='bbox 1419 2248 1531 2285; x_wconf 90' lang='lat' dir='ltr'>non</span> <span class='ocrx_word' id='word_1_166' title='bbox 1564 2235 1974 2289; x_wconf 87' lang='lat' dir='ltr'>contendimus</span> 
     </span>
    </p>
   </div>
   <div class='ocr_carea' id='block_1_26' title="bbox 318 2319 1975 2392">
    <p class='ocr_par' dir='ltr' id='par_1_26' title="bbox 318 2319 1975 2392">
     <span class='ocr_line' id='line_1_26' title="bbox 318 2319 1975 2392; baseline 0 -15"><span class='ocrx_word' id='word_1_167' title='bbox 318 2338 459 2377; x_wconf 88' lang='lat' dir='ltr'>cum</span> <span class='ocrx_word' id='word_1_168' title='bbox 492 2321 712 2392; x_wconf 87' lang='lat' dir='ltr'>quibus</span> <span class='ocrx_word' id='word_1_169' title='bbox 741 2319 1000 2373; x_wconf 82' lang='lat' dir='ltr'>divinam</span> <span class='ocrx_word' id='word_1_170' title='bbox 1023 2319 1390 2374; x_wconf 82' lang='lat' dir='ltr'>concordiam</span> <span class='ocrx_word' id='word_1_171' title='bbox 1410 2325 1468 2374; x_wconf 93' lang='lat' dir='ltr'>et</span> <span class='ocrx_word' id='word_1_172' title='bbox 1488 2320 1850 2376; x_wconf 90' lang='lat' dir='ltr'>Dominicam</span> <span class='ocrx_word' id='word_1_173' title='bbox 1881 2339 1975 2392; x_wconf 90' lang='lat' dir='ltr'>pa-</span> 
     </span>
    </p>
   </div>
   <div class='ocr_carea' id='block_1_27' title="bbox 316 2407 1974 2481">
    <p class='ocr_par' dir='ltr' id='par_1_27' title="bbox 316 2407 1974 2481">
     <span class='ocr_line' id='line_1_27' title="bbox 316 2407 1974 2481; baseline -0.001 -15"><span class='ocrx_word' id='word_1_174' title='bbox 316 2427 449 2466; x_wconf 86' lang='lat' dir='ltr'>cem</span> <span class='ocrx_word' id='word_1_175' title='bbox 472 2407 1025 2472; x_wconf 85' lang='lat' dir='ltr'>tenemus,maxime</span> <span class='ocrx_word' id='word_1_176' title='bbox 1043 2424 1175 2461; x_wconf 93' lang='lat' dir='ltr'>cum</span> <span class='ocrx_word' id='word_1_177' title='bbox 1200 2408 1515 2479; x_wconf 87' lang='lat' dir='ltr'>Apostolus</span> <span class='ocrx_word' id='word_1_178' title='bbox 1547 2410 1701 2465; x_wconf 82' lang='lat' dir='ltr'>dicat</span> <span class='ocrx_word' id='word_1_179' title='bbox 1723 2411 1813 2466; x_wconf 84' lang='lat' dir='ltr'>:Si</span> <span class='ocrx_word' id='word_1_180' title='bbox 1853 2413 1974 2481; x_wconf 86' lang='lat' dir='ltr'>quis</span> 
     </span>
    </p>
   </div>
   <div class='ocr_carea' id='block_1_28' title="bbox 315 2499 1972 2569">
    <p class='ocr_par' dir='ltr' id='par_1_28' title="bbox 315 2499 1972 2569">
     <span class='ocr_line' id='line_1_28' title="bbox 315 2499 1972 2569; baseline -0.001 -14"><span class='ocrx_word' id='word_1_181' title='bbox 315 2504 509 2555; x_wconf 81' lang='lat' dir='ltr'>autem</span> <span class='ocrx_word' id='word_1_182' title='bbox 536 2499 811 2569; x_wconf 79' lang='lat' dir='ltr'>putaverit</span> <span class='ocrx_word' id='word_1_183' title='bbox 835 2513 892 2551; x_wconf 88' lang='lat' dir='ltr'>se</span> <span class='ocrx_word' id='word_1_184' title='bbox 934 2499 1330 2552; x_wconf 81' lang='lat' dir='ltr'>contensiosum</span> <span class='ocrx_word' id='word_1_185' title='bbox 1344 2514 1473 2565; x_wconf 89' lang='lat' dir='ltr'>esse,</span> <span class='ocrx_word' id='word_1_186' title='bbox 1503 2514 1599 2553; x_wconf 81' lang='lat' dir='ltr'>nos</span> <span class='ocrx_word' id='word_1_187' title='bbox 1631 2500 1795 2554; x_wconf 82' lang='lat' dir='ltr'>talem</span> <span class='ocrx_word' id='word_1_188' title='bbox 1845 2516 1972 2554; x_wconf 79' lang='lat' dir='ltr'>eou-</span> 
     </span>
    </p>
   </div>
   <div class='ocr_carea' id='block_1_29' title="bbox 312 2586 1974 2651">
    <p class='ocr_par' dir='ltr' id='par_1_29' title="bbox 312 2586 1974 2651">
     <span class='ocr_line' id='line_1_29' title="bbox 312 2586 1974 2651; baseline -0.001 -7"><span class='ocrx_word' id='word_1_189' title='bbox 312 2588 672 2644; x_wconf 75' lang='lat' dir='ltr'>suetudmem</span> <span class='ocrx_word' id='word_1_190' title='bbox 696 2603 807 2641; x_wconf 86' lang='lat' dir='ltr'>non</span> <span class='ocrx_word' id='word_1_191' title='bbox 837 2586 1115 2651; x_wconf 76' lang='lat' dir='ltr'>habemus,</span> <span class='ocrx_word' id='word_1_192' title='bbox 1150 2602 1248 2640; x_wconf 82' lang='lat' dir='ltr'>nec</span> <span class='ocrx_word' id='word_1_193' title='bbox 1278 2588 1517 2641; x_wconf 78' lang='lat' dir='ltr'>Ecclesia</span> <span class='ocrx_word' id='word_1_194' title='bbox 1546 2589 1662 2643; x_wconf 86' lang='lat' dir='ltr'>Dei.</span> <span class='ocrx_word' id='word_1_195' title='bbox 1697 2589 1974 2644; x_wconf 88' lang='lat' dir='ltr'>Servatur</span> 
     </span>
    </p>
   </div>
   <div class='ocr_carea' id='block_1_30' title="bbox 316 2674 1967 2749">
    <p class='ocr_par' dir='ltr' id='par_1_30' title="bbox 316 2674 1967 2749">
     <span class='ocr_line' id='line_1_30' title="bbox 316 2674 1967 2749; baseline -0.002 -15"><span class='ocrx_word' id='word_1_196' title='bbox 316 2696 349 2734; x_wconf 83' lang='lat' dir='ltr'>a</span> <span class='ocrx_word' id='word_1_197' title='bbox 383 2677 558 2733; x_wconf 89' lang='lat' dir='ltr'>nobis</span> <span class='ocrx_word' id='word_1_198' title='bbox 591 2676 880 2748; x_wconf 84' lang='lat' dir='ltr'>patienter</span> <span class='ocrx_word' id='word_1_199' title='bbox 905 2680 961 2730; x_wconf 92' lang='lat' dir='ltr'>et</span> <span class='ocrx_word' id='word_1_200' title='bbox 990 2674 1199 2730; x_wconf 89' lang='lat' dir='ltr'>leniter</span> <span class='ocrx_word' id='word_1_201' title='bbox 1220 2676 1473 2732; x_wconf 88' lang='lat' dir='ltr'>charitas</span> <span class='ocrx_word' id='word_1_202' title='bbox 1507 2676 1707 2741; x_wconf 90' lang='lat' dir='ltr'>animi,</span> <span class='ocrx_word' id='word_1_203' title='bbox 1743 2677 1967 2749; x_wconf 86' lang='lat' dir='ltr'>collegii</span> 
     </span>
    </p>
   </div>
   <div class='ocr_carea' id='block_1_31' title="bbox 314 2764 1798 2835">
    <p class='ocr_par' dir='ltr' id='par_1_31' title="bbox 314 2764 1798 2835">
     <span class='ocr_line' id='line_1_31' title="bbox 314 2764 1798 2835; baseline -0.007 -11"><span class='ocrx_word' id='word_1_204' title='bbox 314 2769 528 2835; x_wconf 88' lang='lat' dir='ltr'>honor,</span> <span class='ocrx_word' id='word_1_205' title='bbox 566 2764 862 2819; x_wconf 81' lang='lat' dir='ltr'>vinculum</span> <span class='ocrx_word' id='word_1_206' title='bbox 896 2764 1049 2830; x_wconf 84' lang='lat' dir='ltr'>ﬁdei,</span> <span class='ocrx_word' id='word_1_207' title='bbox 1076 2765 1386 2820; x_wconf 89' lang='lat' dir='ltr'>concordia</span> <span class='ocrx_word' id='word_1_208' title='bbox 1407 2766 1734 2821; x_wconf 89' lang='lat' dir='ltr'>sacerdotii.</span> <span class='ocrx_word' id='word_1_209' title='bbox 1778 2790 1798 2814; x_wconf 77' lang='grc' dir='ltr'>ι)</span> 
     </span>
    </p>
   </div>
   <div class='ocr_carea' id='block_1_32' title="bbox 386 2855 1973 2911">
    <p class='ocr_par' dir='ltr' id='par_1_32' title="bbox 386 2855 1973 2911">
     <span class='ocr_line' id='line_1_32' title="bbox 386 2855 1973 2911; baseline 0 0"><span class='ocrx_word' id='word_1_210' title='bbox 386 2858 475 2911; x_wconf 76' lang='lat'>26.</span> <span class='ocrx_word' id='word_1_211' title='bbox 515 2855 721 2910; x_wconf 74' lang='lat' dir='ltr'>Contra</span> <span class='ocrx_word' id='word_1_212' title='bbox 782 2855 1057 2909; x_wconf 79' lang='lat' dir='ltr'>Hilarium</span> <span class='ocrx_word' id='word_1_213' title='bbox 1116 2859 1178 2909; x_wconf 84' lang='lat' dir='ltr'>E.</span> <span class='ocrx_word' id='word_1_214' title='bbox 1238 2856 1298 2909; x_wconf 73' lang='grc' dir='ltr'>Β.</span> <span class='ocrx_word' id='word_1_215' title='bbox 1353 2855 1660 2909; x_wconf 83' lang='lat' dir='ltr'>diaconum.</span> <span class='ocrx_word' id='word_1_216' title='bbox 1721 2885 1792 2897; x_wconf 92' lang='lat'>—</span> <span class='ocrx_word' id='word_1_217' title='bbox 1872 2857 1973 2911; x_wconf 86' lang='lat' dir='ltr'>Est</span> 
     </span>
    </p>
   </div>
   <div class='ocr_carea' id='block_1_33' title="bbox 316 2942 1971 3016">
    <p class='ocr_par' dir='ltr' id='par_1_33' title="bbox 316 2942 1971 3016">
     <span class='ocr_line' id='line_1_33' title="bbox 316 2942 1971 3016; baseline 0 -16"><span class='ocrx_word' id='word_1_218' title='bbox 316 2954 601 3016; x_wconf 60' lang='lat' dir='ltr'>praeterea</span> <span class='ocrx_word' id='word_1_219' title='bbox 632 2943 791 2998; x_wconf 88' lang='lat' dir='ltr'>aliud</span> <span class='ocrx_word' id='word_1_220' title='bbox 825 2944 979 3014; x_wconf 90' lang='lat' dir='ltr'>quod</span> <span class='ocrx_word' id='word_1_221' title='bbox 1003 2942 1341 3012; x_wconf 80' lang='lat' dir='ltr'>inferemus,</span> <span class='ocrx_word' id='word_1_222' title='bbox 1372 2944 1679 2999; x_wconf 90' lang='lat' dir='ltr'>adversum</span> <span class='ocrx_word' id='word_1_223' title='bbox 1704 2947 1857 3016; x_wconf 92' lang='lat' dir='ltr'>quod</span> <span class='ocrx_word' id='word_1_224' title='bbox 1900 2963 1971 3000; x_wconf 91' lang='lat' dir='ltr'>ne</span> 
     </span>
    </p>
   </div>
   <div class='ocr_carea' id='block_1_34' title="bbox 316 3031 1965 3104">
    <p class='ocr_par' dir='ltr' id='par_1_34' title="bbox 316 3031 1965 3104">
     <span class='ocr_line' id='line_1_34' title="bbox 316 3031 1965 3104; baseline 0 -15"><span class='ocrx_word' id='word_1_225' title='bbox 316 3035 534 3089; x_wconf 86' lang='lat' dir='ltr'>mutire</span> <span class='ocrx_word' id='word_1_226' title='bbox 574 3033 814 3104; x_wconf 88' lang='lat' dir='ltr'>quidem</span> <span class='ocrx_word' id='word_1_227' title='bbox 840 3031 1348 3098; x_wconf 87' lang='lat' dir='ltr'>audeatHilarius,</span> <span class='ocrx_word' id='word_1_228' title='bbox 1412 3033 1723 3089; x_wconf 89' lang='lat' dir='ltr'>Deucalion</span> <span class='ocrx_word' id='word_1_229' title='bbox 1787 3035 1965 3089; x_wconf 92' lang='lat' dir='ltr'>orbis.</span> 
     </span>
    </p>
   </div>
   <div class='ocr_carea' id='block_1_35' title="bbox 2072 449 3716 515">
    <p class='ocr_par' dir='ltr' id='par_1_35' title="bbox 2072 449 3716 515">
     <span class='ocr_line' id='line_1_35' title="bbox 2072 449 3716 515; baseline 0.002 -12"><span class='ocrx_word' id='word_1_230' title='bbox 2072 467 2205 505; x_wconf 90' lang='lat' dir='ltr'>vero</span> <span class='ocrx_word' id='word_1_231' title='bbox 2237 449 2295 504; x_wconf 89' lang='lat' dir='ltr'>in</span> <span class='ocrx_word' id='word_1_232' title='bbox 2328 450 2458 505; x_wconf 90' lang='lat' dir='ltr'>sinu</span> <span class='ocrx_word' id='word_1_233' title='bbox 2492 466 2621 505; x_wconf 91' lang='lat' dir='ltr'>meo</span> <span class='ocrx_word' id='word_1_234' title='bbox 2656 456 2846 515; x_wconf 83' lang='lat' dir='ltr'>natus,</span> <span class='ocrx_word' id='word_1_235' title='bbox 2874 450 2922 506; x_wconf 90' lang='lat' dir='ltr'>si</span> <span class='ocrx_word' id='word_1_236' title='bbox 2955 451 3200 505; x_wconf 88' lang='lat' dir='ltr'>uberum</span> <span class='ocrx_word' id='word_1_237' title='bbox 3248 467 3511 508; x_wconf 85' lang='lat' dir='ltr'>meorum</span> <span class='ocrx_word' id='word_1_238' title='bbox 3568 452 3716 507; x_wconf 89' lang='lat' dir='ltr'>lacte</span> 
     </span>
    </p>
   </div>
   <div class='ocr_carea' id='block_1_36' title="bbox 2074 538 3714 613">
    <p class='ocr_par' dir='ltr' id='par_1_36' title="bbox 2074 538 3714 613">
     <span class='ocr_line' id='line_1_36' title="bbox 2074 538 3714 613; baseline 0.001 -19"><span class='ocrx_word' id='word_1_239' title='bbox 2074 538 2352 606; x_wconf 83' lang='lat' dir='ltr'>nutritus,</span> <span class='ocrx_word' id='word_1_240' title='bbox 2384 540 2691 594; x_wconf 88' lang='lat' dir='ltr'>adversum</span> <span class='ocrx_word' id='word_1_241' title='bbox 2724 556 2816 593; x_wconf 91' lang='lat' dir='ltr'>me</span> <span class='ocrx_word' id='word_1_242' title='bbox 2846 539 3106 610; x_wconf 89' lang='lat' dir='ltr'>gladium</span> <span class='ocrx_word' id='word_1_243' title='bbox 3146 540 3320 607; x_wconf 82' lang='lat' dir='ltr'>levas,</span> <span class='ocrx_word' id='word_1_244' title='bbox 3351 542 3529 597; x_wconf 78' lang='lat' dir='ltr'>redde</span> <span class='ocrx_word' id='word_1_245' title='bbox 3560 542 3714 613; x_wconf 91' lang='lat' dir='ltr'>quod</span> 
     </span>
    </p>
   </div>
   <div class='ocr_carea' id='block_1_37' title="bbox 2076 627 3723 698">
    <p class='ocr_par' dir='ltr' id='par_1_37' title="bbox 2076 627 3723 698">
     <span class='ocr_line' id='line_1_37' title="bbox 2076 627 3723 698; baseline 0.001 -15"><span class='ocrx_word' id='word_1_246' title='bbox 2076 629 2230 693; x_wconf 89' lang='lat' dir='ltr'>dedi,</span> <span class='ocrx_word' id='word_1_247' title='bbox 2263 633 2319 683; x_wconf 90' lang='lat' dir='ltr'>et</span> <span class='ocrx_word' id='word_1_248' title='bbox 2348 634 2492 695; x_wconf 87' lang='lat' dir='ltr'>esto,</span> <span class='ocrx_word' id='word_1_249' title='bbox 2528 628 2574 681; x_wconf 88' lang='lat' dir='ltr'>si</span> <span class='ocrx_word' id='word_1_250' title='bbox 2610 634 2792 698; x_wconf 89' lang='lat' dir='ltr'>potes,</span> <span class='ocrx_word' id='word_1_251' title='bbox 2829 628 2998 683; x_wconf 86' lang='lat' dir='ltr'>aliter</span> <span class='ocrx_word' id='word_1_252' title='bbox 3026 627 3412 683; x_wconf 82' lang='lat' dir='ltr'>Christianus.</span> <span class='ocrx_word' id='word_1_253' title='bbox 3448 630 3723 685; x_wconf 85' lang='lat' dir='ltr'>Meretrix</span> 
     </span>
    </p>
   </div>
   <div class='ocr_carea' id='block_1_38' title="bbox 2077 716 3723 782">
    <p class='ocr_par' dir='ltr' id='par_1_38' title="bbox 2077 716 3723 782">
     <span class='ocr_line' id='line_1_38' title="bbox 2077 716 3723 782; baseline 0.001 -11"><span class='ocrx_word' id='word_1_254' title='bbox 2077 733 2231 782; x_wconf 82' lang='lat' dir='ltr'>sum,</span> <span class='ocrx_word' id='word_1_255' title='bbox 2266 717 2363 771; x_wconf 87' lang='lat' dir='ltr'>sed</span> <span class='ocrx_word' id='word_1_256' title='bbox 2392 721 2587 771; x_wconf 90' lang='lat' dir='ltr'>tamen</span> <span class='ocrx_word' id='word_1_257' title='bbox 2616 722 2803 770; x_wconf 89' lang='lat' dir='ltr'>mater</span> <span class='ocrx_word' id='word_1_258' title='bbox 2835 722 2934 770; x_wconf 89' lang='lat' dir='ltr'>tua</span> <span class='ocrx_word' id='word_1_259' title='bbox 2967 733 3117 769; x_wconf 91' lang='lat' dir='ltr'>sum.</span> <span class='ocrx_word' id='word_1_260' title='bbox 3154 716 3277 769; x_wconf 76' lang='lat' dir='ltr'>Non</span> <span class='ocrx_word' id='word_1_261' title='bbox 3330 733 3492 771; x_wconf 86' lang='lat' dir='ltr'>servo</span> <span class='ocrx_word' id='word_1_262' title='bbox 3547 718 3723 772; x_wconf 91' lang='lat' dir='ltr'>unius</span> 
     </span>
    </p>
   </div>
   <div class='ocr_carea' id='block_1_39' title="bbox 2077 804 3721 875">
    <p class='ocr_par' dir='ltr' id='par_1_39' title="bbox 2077 804 3721 875">
     <span class='ocr_line' id='line_1_39' title="bbox 2077 804 3721 875; baseline 0.001 -17"><span class='ocrx_word' id='word_1_263' title='bbox 2077 804 2186 859; x_wconf 88' lang='lat' dir='ltr'>tori</span> <span class='ocrx_word' id='word_1_264' title='bbox 2217 805 2569 869; x_wconf 83' lang='lat' dir='ltr'>castitatem,</span> <span class='ocrx_word' id='word_1_265' title='bbox 2603 804 2735 859; x_wconf 81' lang='lat' dir='ltr'>talis</span> <span class='ocrx_word' id='word_1_266' title='bbox 2763 822 2923 859; x_wconf 81' lang='lat' dir='ltr'>cram</span> <span class='ocrx_word' id='word_1_267' title='bbox 2986 806 3219 875; x_wconf 78' lang='lat' dir='ltr'>quando</span> <span class='ocrx_word' id='word_1_268' title='bbox 3280 809 3596 875; x_wconf 88' lang='lat' dir='ltr'>conceptus</span> <span class='ocrx_word' id='word_1_269' title='bbox 3620 823 3681 860; x_wconf 89' lang='lat' dir='ltr'>es</span> <span class='ocrx_word' id='word_1_270' title='bbox 3710 823 3721 859; x_wconf 89' lang='lat'>:</span> 
     </span>
    </p>
   </div>
   <div class='ocr_carea' id='block_1_40' title="bbox 2079 893 3720 959">
    <p class='ocr_par' dir='ltr' id='par_1_40' title="bbox 2079 893 3720 959">
     <span class='ocr_line' id='line_1_40' title="bbox 2079 893 3720 959; baseline 0.001 -11"><span class='ocrx_word' id='word_1_271' title='bbox 2079 911 2211 948; x_wconf 91' lang='lat' dir='ltr'>cum</span> <span class='ocrx_word' id='word_1_272' title='bbox 2245 894 2379 949; x_wconf 81' lang='lat' dir='ltr'>Ario</span> <span class='ocrx_word' id='word_1_273' title='bbox 2412 893 2697 948; x_wconf 88' lang='lat' dir='ltr'>adulteria</span> <span class='ocrx_word' id='word_1_274' title='bbox 2726 893 3051 959; x_wconf 88' lang='lat' dir='ltr'>committo,</span> <span class='ocrx_word' id='word_1_275' title='bbox 3087 894 3192 947; x_wconf 82' lang='lat' dir='ltr'>feci</span> <span class='ocrx_word' id='word_1_276' title='bbox 3245 899 3302 948; x_wconf 88' lang='lat' dir='ltr'>et</span> <span class='ocrx_word' id='word_1_277' title='bbox 3359 898 3531 948; x_wconf 89' lang='lat' dir='ltr'>antea</span> <span class='ocrx_word' id='word_1_278' title='bbox 3588 911 3720 949; x_wconf 90' lang='lat' dir='ltr'>cum</span> 
     </span>
    </p>
   </div>
   <div class='ocr_carea' id='block_1_41' title="bbox 2079 982 3726 1052">
    <p class='ocr_par' dir='ltr' id='par_1_41' title="bbox 2079 982 3726 1052">
     <span class='ocr_line' id='line_1_41' title="bbox 2079 982 3726 1052; baseline 0.001 -15"><span class='ocrx_word' id='word_1_279' title='bbox 2079 988 2298 1038; x_wconf 86' lang='lat' dir='ltr'>Praxea</span> <span class='ocrx_word' id='word_1_280' title='bbox 2329 1000 2462 1037; x_wconf 88' lang='lat' dir='ltr'>cum</span> <span class='ocrx_word' id='word_1_281' title='bbox 2497 983 2730 1048; x_wconf 89' lang='lat' dir='ltr'>Ebione,</span> <span class='ocrx_word' id='word_1_282' title='bbox 2766 1000 2899 1037; x_wconf 92' lang='lat' dir='ltr'>cum</span> <span class='ocrx_word' id='word_1_283' title='bbox 2955 983 3249 1052; x_wconf 85' lang='lat' dir='ltr'>Cerintho,</span> <span class='ocrx_word' id='word_1_284' title='bbox 3301 984 3553 1038; x_wconf 86' lang='lat' dir='ltr'>Novato:</span> <span class='ocrx_word' id='word_1_285' title='bbox 3618 982 3726 1038; x_wconf 87' lang='lat' dir='ltr'>hos</span> 
     </span>
    </p>
   </div>
   <div class='ocr_carea' id='block_1_42' title="bbox 2081 1071 3727 1144">
    <p class='ocr_par' dir='ltr' id='par_1_42' title="bbox 2081 1071 3727 1144">
     <span class='ocr_line' id='line_1_42' title="bbox 2081 1071 3727 1144; baseline -0.001 -16"><span class='ocrx_word' id='word_1_286' title='bbox 2081 1071 2453 1144; x_wconf 74' lang='lat' dir='ltr'>amplexeris,</span> <span class='ocrx_word' id='word_1_287' title='bbox 2478 1072 2657 1127; x_wconf 88' lang='lat' dir='ltr'>hosin</span> <span class='ocrx_word' id='word_1_288' title='bbox 2692 1071 2901 1126; x_wconf 88' lang='lat' dir='ltr'>matris</span> <span class='ocrx_word' id='word_1_289' title='bbox 2934 1076 3043 1125; x_wconf 80' lang='lat' dir='ltr'>tuae</span> <span class='ocrx_word' id='word_1_290' title='bbox 3089 1073 3331 1127; x_wconf 90' lang='lat' dir='ltr'>domum</span> <span class='ocrx_word' id='word_1_291' title='bbox 3381 1074 3506 1143; x_wconf 84' lang='lat' dir='ltr'>jam</span> <span class='ocrx_word' id='word_1_292' title='bbox 3566 1072 3727 1127; x_wconf 88' lang='lat' dir='ltr'>adul-</span> 
     </span>
    </p>
   </div>
   <div class='ocr_carea' id='block_1_43' title="bbox 2080 1160 3729 1233">
    <p class='ocr_par' dir='ltr' id='par_1_43' title="bbox 2080 1160 3729 1233">
     <span class='ocr_line' id='line_1_43' title="bbox 2080 1160 3729 1233; baseline -0.002 -16"><span class='ocrx_word' id='word_1_293' title='bbox 2080 1168 2235 1217; x_wconf 87' lang='lat' dir='ltr'>teros</span> <span class='ocrx_word' id='word_1_294' title='bbox 2269 1161 2719 1233; x_wconf 79' lang='lat' dir='ltr'>recipis.Nescio</span> <span class='ocrx_word' id='word_1_295' title='bbox 2744 1161 2883 1231; x_wconf 88' lang='lat' dir='ltr'>quid</span> <span class='ocrx_word' id='word_1_296' title='bbox 2920 1166 2971 1215; x_wconf 91' lang='lat' dir='ltr'>te</span> <span class='ocrx_word' id='word_1_297' title='bbox 3002 1178 3155 1215; x_wconf 87' lang='lat' dir='ltr'>unus</span> <span class='ocrx_word' id='word_1_298' title='bbox 3200 1160 3428 1216; x_wconf 89' lang='lat' dir='ltr'>adulter</span> <span class='ocrx_word' id='word_1_299' title='bbox 3452 1162 3729 1216; x_wconf 79' lang='lat' dir='ltr'>offendat.</span> 
     </span>
    </p>
   </div>
   <div class='ocr_carea' id='block_1_44' title="bbox 2150 1250 3731 1321">
    <p class='ocr_par' dir='ltr' id='par_1_44' title="bbox 2150 1250 3731 1321">
     <span class='ocr_line' id='line_1_44' title="bbox 2150 1250 3731 1321; baseline -0.001 -16"><span class='ocrx_word' id='word_1_300' title='bbox 2150 1254 2239 1305; x_wconf 83' lang='lat'>27.</span> <span class='ocrx_word' id='word_1_301' title='bbox 2273 1252 2561 1307; x_wconf 72' lang='lat' dir='ltr'>Ha‘reticos</span> <span class='ocrx_word' id='word_1_302' title='bbox 2591 1266 2803 1321; x_wconf 83' lang='lat' dir='ltr'>semper</span> <span class='ocrx_word' id='word_1_303' title='bbox 2838 1254 3125 1320; x_wconf 80' lang='lat' dir='ltr'>susceptos.</span> <span class='ocrx_word' id='word_1_304' title='bbox 3185 1280 3252 1288; x_wconf 90' lang='lat'>—-</span> <span class='ocrx_word' id='word_1_305' title='bbox 3313 1250 3476 1315; x_wconf 88' lang='lat' dir='ltr'>Quod</span> <span class='ocrx_word' id='word_1_306' title='bbox 3526 1250 3573 1304; x_wconf 92' lang='lat' dir='ltr'>si</span> <span class='ocrx_word' id='word_1_307' title='bbox 3635 1266 3731 1303; x_wconf 91' lang='lat' dir='ltr'>ne-</span> 
     </span>
    </p>
   </div>
   <div class='ocr_carea' id='block_1_45' title="bbox 2082 1337 3734 1412">
    <p class='ocr_par' dir='ltr' id='par_1_45' title="bbox 2082 1337 3734 1412">
     <span class='ocr_line' id='line_1_45' title="bbox 2082 1337 3734 1412; baseline -0.002 -17"><span class='ocrx_word' id='word_1_308' title='bbox 2082 1341 2339 1412; x_wconf 89' lang='lat' dir='ltr'>gandum</span> <span class='ocrx_word' id='word_1_309' title='bbox 2372 1340 2664 1411; x_wconf 84' lang='lat' dir='ltr'>quispiam</span> <span class='ocrx_word' id='word_1_310' title='bbox 2696 1337 3312 1410; x_wconf 69' lang='lat' dir='ltr'>putaverit,haz-reticos</span> <span class='ocrx_word' id='word_1_311' title='bbox 3345 1356 3378 1393; x_wconf 93' lang='lat' dir='ltr'>a</span> <span class='ocrx_word' id='word_1_312' title='bbox 3410 1338 3734 1408; x_wconf 86' lang='lat' dir='ltr'>majoribus</span> 
     </span>
    </p>
   </div>
   <div class='ocr_carea' id='block_1_46' title="bbox 2085 1427 3733 1500">
    <p class='ocr_par' dir='ltr' id='par_1_46' title="bbox 2085 1427 3733 1500">
     <span class='ocr_line' id='line_1_46' title="bbox 2085 1427 3733 1500; baseline -0.002 -15"><span class='ocrx_word' id='word_1_313' title='bbox 2085 1430 2300 1485; x_wconf 79' lang='lat' dir='ltr'>nostris</span> <span class='ocrx_word' id='word_1_314' title='bbox 2332 1446 2561 1500; x_wconf 87' lang='lat' dir='ltr'>semper</span> <span class='ocrx_word' id='word_1_315' title='bbox 2593 1428 2773 1483; x_wconf 88' lang='lat' dir='ltr'>fuisse</span> <span class='ocrx_word' id='word_1_316' title='bbox 2833 1433 3158 1499; x_wconf 89' lang='lat' dir='ltr'>susceptos,</span> <span class='ocrx_word' id='word_1_317' title='bbox 3221 1427 3375 1499; x_wconf 83' lang='lat' dir='ltr'>legat</span> <span class='ocrx_word' id='word_1_318' title='bbox 3420 1428 3571 1482; x_wconf 87' lang='lat' dir='ltr'>beati</span> <span class='ocrx_word' id='word_1_319' title='bbox 3629 1427 3733 1499; x_wconf 75' lang='lat' dir='ltr'>Cy-</span> 
     </span>
    </p>
   </div>
   <div class='ocr_carea' id='block_1_47' title="bbox 2084 1516 3734 1591">
    <p class='ocr_par' dir='ltr' id='par_1_47' title="bbox 2084 1516 3734 1591">
     <span class='ocr_line' id='line_1_47' title="bbox 2084 1516 3734 1591; baseline -0.002 -17"><span class='ocrx_word' id='word_1_320' title='bbox 2084 1520 2272 1591; x_wconf 85' lang='lat' dir='ltr'>priani</span> <span class='ocrx_word' id='word_1_321' title='bbox 2323 1518 2621 1590; x_wconf 87' lang='lat' dir='ltr'>epistolas,</span> <span class='ocrx_word' id='word_1_322' title='bbox 2676 1518 2732 1571; x_wconf 92' lang='lat' dir='ltr'>in</span> <span class='ocrx_word' id='word_1_323' title='bbox 2784 1517 2999 1588; x_wconf 91' lang='lat' dir='ltr'>quibus</span> <span class='ocrx_word' id='word_1_324' title='bbox 3041 1516 3401 1586; x_wconf 87' lang='lat' dir='ltr'>Stephanum</span> <span class='ocrx_word' id='word_1_325' title='bbox 3462 1517 3734 1571; x_wconf 69' lang='lat' dir='ltr'>Romana:</span> 
     </span>
    </p>
   </div>
   <div class='ocr_carea' id='block_1_48' title="bbox 2087 1604 3736 1679">
    <p class='ocr_par' dir='ltr' id='par_1_48' title="bbox 2087 1604 3736 1679">
     <span class='ocr_line' id='line_1_48' title="bbox 2087 1604 3736 1679; baseline -0.002 -17"><span class='ocrx_word' id='word_1_326' title='bbox 2087 1609 2248 1662; x_wconf 90' lang='lat' dir='ltr'>urbis</span> <span class='ocrx_word' id='word_1_327' title='bbox 2279 1607 2641 1679; x_wconf 87' lang='lat' dir='ltr'>episcOpum,</span> <span class='ocrx_word' id='word_1_328' title='bbox 2676 1613 2731 1662; x_wconf 91' lang='lat' dir='ltr'>et</span> <span class='ocrx_word' id='word_1_329' title='bbox 2780 1607 3109 1661; x_wconf 84' lang='lat' dir='ltr'>inveteratae</span> <span class='ocrx_word' id='word_1_330' title='bbox 3170 1604 3614 1660; x_wconf 89' lang='lat' dir='ltr'>consuetudinis</span> <span class='ocrx_word' id='word_1_331' title='bbox 3657 1604 3736 1659; x_wconf 89' lang='lat' dir='ltr'>1a-</span> 
     </span>
    </p>
   </div>
   <div class='ocr_carea' id='block_1_49' title="bbox 2086 1692 3735 1766">
    <p class='ocr_par' dir='ltr' id='par_1_49' title="bbox 2086 1692 3735 1766">
     <span class='ocr_line' id='line_1_49' title="bbox 2086 1692 3735 1766; baseline -0.004 -14"><span class='ocrx_word' id='word_1_332' title='bbox 2086 1702 2243 1752; x_wconf 85' lang='lat' dir='ltr'>cerat</span> <span class='ocrx_word' id='word_1_333' title='bbox 2273 1697 2588 1752; x_wconf 70' lang='lat' dir='ltr'>errorem’.</span> <span class='ocrx_word' id='word_1_334' title='bbox 2646 1696 2823 1766; x_wconf 87' lang='lat' dir='ltr'>Legat</span> <span class='ocrx_word' id='word_1_335' title='bbox 2879 1700 2935 1749; x_wconf 92' lang='lat' dir='ltr'>et</span> <span class='ocrx_word' id='word_1_336' title='bbox 2992 1695 3181 1766; x_wconf 90' lang='lat' dir='ltr'>ipsius</span> <span class='ocrx_word' id='word_1_337' title='bbox 3233 1693 3431 1749; x_wconf 89' lang='lat' dir='ltr'>llilarii</span> <span class='ocrx_word' id='word_1_338' title='bbox 3484 1692 3735 1759; x_wconf 89' lang='lat' dir='ltr'>libellos,</span> 
     </span>
    </p>
   </div>
   <div class='ocr_carea' id='block_1_50' title="bbox 2088 1781 3739 1856">
    <p class='ocr_par' dir='ltr' id='par_1_50' title="bbox 2088 1781 3739 1856">
     <span class='ocr_line' id='line_1_50' title="bbox 2088 1781 3739 1856; baseline -0.004 -16"><span class='ocrx_word' id='word_1_339' title='bbox 2088 1802 2235 1856; x_wconf 92' lang='lat' dir='ltr'>quos</span> <span class='ocrx_word' id='word_1_340' title='bbox 2266 1786 2547 1839; x_wconf 90' lang='lat' dir='ltr'>adversus</span> <span class='ocrx_word' id='word_1_341' title='bbox 2570 1801 2675 1839; x_wconf 92' lang='lat' dir='ltr'>nos</span> <span class='ocrx_word' id='word_1_342' title='bbox 2706 1784 2775 1838; x_wconf 91' lang='lat' dir='ltr'>de</span> <span class='ocrx_word' id='word_1_343' title='bbox 2808 1783 3090 1838; x_wconf 69' lang='lat' dir='ltr'>haereticis</span> <span class='ocrx_word' id='word_1_344' title='bbox 3137 1782 3566 1854; x_wconf 85' lang='lat' dir='ltr'>rebaptizandis</span> <span class='ocrx_word' id='word_1_345' title='bbox 3622 1781 3739 1836; x_wconf 89' lang='lat' dir='ltr'>edi-</span> 
     </span>
    </p>
   </div>
   <div class='ocr_carea' id='block_1_51' title="bbox 2088 1870 3741 1945">
    <p class='ocr_par' dir='ltr' id='par_1_51' title="bbox 2088 1870 3741 1945">
     <span class='ocr_line' id='line_1_51' title="bbox 2088 1870 3741 1945; baseline -0.002 -17"><span class='ocrx_word' id='word_1_346' title='bbox 2088 1875 2193 1940; x_wconf 91' lang='lat' dir='ltr'>dit,</span> <span class='ocrx_word' id='word_1_347' title='bbox 2234 1880 2291 1928; x_wconf 86' lang='lat' dir='ltr'>et</span> <span class='ocrx_word' id='word_1_348' title='bbox 2347 1873 2425 1927; x_wconf 91' lang='lat' dir='ltr'>ibi</span> <span class='ocrx_word' id='word_1_349' title='bbox 2506 1873 2753 1945; x_wconf 88' lang='lat' dir='ltr'>reperiet</span> <span class='ocrx_word' id='word_1_350' title='bbox 2808 1872 3002 1944; x_wconf 90' lang='lat' dir='ltr'>ipsum</span> <span class='ocrx_word' id='word_1_351' title='bbox 3037 1871 3323 1926; x_wconf 86' lang='lat' dir='ltr'>Hilarium</span> <span class='ocrx_word' id='word_1_352' title='bbox 3369 1870 3652 1939; x_wconf 82' lang='lat' dir='ltr'>conﬁteri,</span> <span class='ocrx_word' id='word_1_353' title='bbox 3707 1888 3741 1925; x_wconf 80' lang='grc' dir='ltr'>θ.</span> 
     </span>
    </p>
   </div>
   <div class='ocr_carea' id='block_1_52' title="bbox 2085 1958 3739 2034">
    <p class='ocr_par' dir='ltr' id='par_1_52' title="bbox 2085 1958 3739 2034">
     <span class='ocr_line' id='line_1_52' title="bbox 2085 1958 3739 2034; baseline -0.003 -16"><span class='ocrx_word' id='word_1_354' title='bbox 2085 1963 2257 2027; x_wconf 87' lang='lat' dir='ltr'>Julio,</span> <span class='ocrx_word' id='word_1_355' title='bbox 2292 1961 2831 2034; x_wconf 76' lang='lat' dir='ltr'>Marco,Sylvestro,</span> <span class='ocrx_word' id='word_1_356' title='bbox 2891 1968 2947 2017; x_wconf 88' lang='lat' dir='ltr'>et</span> <span class='ocrx_word' id='word_1_357' title='bbox 2995 1960 3215 2017; x_wconf 67' lang='lat' dir='ltr'>cmteris</span> <span class='ocrx_word' id='word_1_358' title='bbox 3265 1961 3558 2016; x_wconf 84' lang='lat' dir='ltr'>veteribus</span> <span class='ocrx_word' id='word_1_359' title='bbox 3616 1958 3739 2031; x_wconf 89' lang='lat' dir='ltr'>epi-</span> 
     </span>
    </p>
   </div>
   <div class='ocr_carea' id='block_1_53' title="bbox 2087 2049 3739 2123">
    <p class='ocr_par' dir='ltr' id='par_1_53' title="bbox 2087 2049 3739 2123">
     <span class='ocr_line' id='line_1_53' title="bbox 2087 2049 3739 2123; baseline -0.002 -16"><span class='ocrx_word' id='word_1_360' title='bbox 2087 2052 2278 2123; x_wconf 88' lang='lat' dir='ltr'>scopis</span> <span class='ocrx_word' id='word_1_361' title='bbox 2310 2051 2579 2107; x_wconf 89' lang='lat' dir='ltr'>similiter</span> <span class='ocrx_word' id='word_1_362' title='bbox 2608 2050 2667 2105; x_wconf 90' lang='lat' dir='ltr'>in</span> <span class='ocrx_word' id='word_1_363' title='bbox 2723 2050 3121 2123; x_wconf 76' lang='lat' dir='ltr'>pmnitentiam</span> <span class='ocrx_word' id='word_1_364' title='bbox 3181 2066 3385 2106; x_wconf 90' lang='lat' dir='ltr'>omnes</span> <span class='ocrx_word' id='word_1_365' title='bbox 3438 2049 3739 2104; x_wconf 71' lang='lat' dir='ltr'>hrereticos</span> 
     </span>
    </p>
   </div>
   <div class='ocr_carea' id='block_1_54' title="bbox 2088 2139 3736 2212">
    <p class='ocr_par' dir='ltr' id='par_1_54' title="bbox 2088 2139 3736 2212">
     <span class='ocr_line' id='line_1_54' title="bbox 2088 2139 3736 2212; baseline -0.002 -17"><span class='ocrx_word' id='word_1_366' title='bbox 2088 2146 2389 2212; x_wconf 85' lang='lat' dir='ltr'>susceptos</span> <span class='ocrx_word' id='word_1_367' title='bbox 2426 2158 2562 2195; x_wconf 90' lang='lat' dir='ltr'>:nec</span> <span class='ocrx_word' id='word_1_368' title='bbox 2592 2146 2789 2195; x_wconf 89' lang='lat' dir='ltr'>tamen</span> <span class='ocrx_word' id='word_1_369' title='bbox 2824 2139 3061 2194; x_wconf 90' lang='lat' dir='ltr'>sibimet</span> <span class='ocrx_word' id='word_1_370' title='bbox 3103 2139 3363 2193; x_wconf 86' lang='lat' dir='ltr'>veritatis</span> <span class='ocrx_word' id='word_1_371' title='bbox 3425 2141 3736 2193; x_wconf 90' lang='lat' dir='ltr'>consuetu-</span> 
     </span>
    </p>
   </div>
   <div class='ocr_carea' id='block_1_55' title="bbox 2086 2228 3738 2301">
    <p class='ocr_par' dir='ltr' id='par_1_55' title="bbox 2086 2228 3738 2301">
     <span class='ocr_line' id='line_1_55' title="bbox 2086 2228 3738 2301; baseline -0.003 -16"><span class='ocrx_word' id='word_1_372' title='bbox 2086 2230 2680 2301; x_wconf 70' lang='lat' dir='ltr'>dincmpraejudicare</span> <span class='ocrx_word' id='word_1_373' title='bbox 2730 2229 2962 2301; x_wconf 83' lang='lat' dir='ltr'>debere,</span> <span class='ocrx_word' id='word_1_374' title='bbox 3024 2229 3293 2299; x_wconf 75' lang='lat' dir='ltr'>Synodus</span> <span class='ocrx_word' id='word_1_375' title='bbox 3352 2243 3583 2299; x_wconf 91' lang='lat' dir='ltr'>quoque</span> <span class='ocrx_word' id='word_1_376' title='bbox 3642 2228 3738 2281; x_wconf 89' lang='lat' dir='ltr'>Ni-</span> 
     </span>
    </p>
   </div>
   <div class='ocr_carea' id='block_1_56' title="bbox 2087 2317 3740 2390">
    <p class='ocr_par' dir='ltr' id='par_1_56' title="bbox 2087 2317 3740 2390">
     <span class='ocr_line' id='line_1_56' title="bbox 2087 2317 3740 2390; baseline -0.004 -16"><span class='ocrx_word' id='word_1_377' title='bbox 2087 2337 2265 2386; x_wconf 73' lang='lat' dir='ltr'>caena,</span> <span class='ocrx_word' id='word_1_378' title='bbox 2298 2320 2468 2389; x_wconf 81' lang='lat' dir='ltr'>cujus</span> <span class='ocrx_word' id='word_1_379' title='bbox 2501 2318 2676 2390; x_wconf 88' lang='lat' dir='ltr'>paulo</span> <span class='ocrx_word' id='word_1_380' title='bbox 2711 2322 2844 2373; x_wconf 90' lang='lat' dir='ltr'>ante</span> <span class='ocrx_word' id='word_1_381' title='bbox 2878 2318 3123 2371; x_wconf 75' lang='lat' dir='ltr'>fecimus</span> <span class='ocrx_word' id='word_1_382' title='bbox 3173 2317 3552 2379; x_wconf 88' lang='lat' dir='ltr'>mentionem,</span> <span class='ocrx_word' id='word_1_383' title='bbox 3609 2332 3740 2369; x_wconf 90' lang='lat' dir='ltr'>om-</span> 
     </span>
    </p>
   </div>
   <div class='ocr_carea' id='block_1_57' title="bbox 2087 2404 3734 2478">
    <p class='ocr_par' dir='ltr' id='par_1_57' title="bbox 2087 2404 3734 2478">
     <span class='ocr_line' id='line_1_57' title="bbox 2087 2404 3734 2478; baseline -0.004 -14"><span class='ocrx_word' id='word_1_384' title='bbox 2087 2426 2189 2464; x_wconf 91' lang='lat' dir='ltr'>nes</span> <span class='ocrx_word' id='word_1_385' title='bbox 2221 2409 2520 2463; x_wconf 59' lang='lat' dir='ltr'>hareticos</span> <span class='ocrx_word' id='word_1_386' title='bbox 2552 2408 2829 2478; x_wconf 89' lang='lat' dir='ltr'>suscepit,</span> <span class='ocrx_word' id='word_1_387' title='bbox 2862 2406 3117 2476; x_wconf 79' lang='lat' dir='ltr'>exceptis</span> <span class='ocrx_word' id='word_1_388' title='bbox 3151 2404 3311 2460; x_wconf 89' lang='lat' dir='ltr'>Pauli</span> <span class='ocrx_word' id='word_1_389' title='bbox 3368 2404 3734 2459; x_wconf 87' lang='lat' dir='ltr'>Samosateni</span> 
     </span>
    </p>
   </div>
   <div class='ocr_carea' id='block_1_58' title="bbox 2084 2492 3737 2568">
    <p class='ocr_par' dir='ltr' id='par_1_58' title="bbox 2084 2492 3737 2568">
     <span class='ocr_line' id='line_1_58' title="bbox 2084 2492 3737 2568; baseline -0.004 -16"><span class='ocrx_word' id='word_1_390' title='bbox 2084 2497 2411 2568; x_wconf 89' lang='lat' dir='ltr'>discipulis.</span> <span class='ocrx_word' id='word_1_391' title='bbox 2444 2498 2513 2551; x_wconf 89' lang='lat' dir='ltr'>Et</span> <span class='ocrx_word' id='word_1_392' title='bbox 2532 2496 2687 2567; x_wconf 90' lang='lat' dir='ltr'>quod</span> <span class='ocrx_word' id='word_1_393' title='bbox 2720 2495 2811 2550; x_wconf 90' lang='lat' dir='ltr'>his</span> <span class='ocrx_word' id='word_1_394' title='bbox 2842 2496 3041 2565; x_wconf 84' lang='lat' dir='ltr'>majus</span> <span class='ocrx_word' id='word_1_395' title='bbox 3078 2498 3185 2559; x_wconf 89' lang='lat' dir='ltr'>est,</span> <span class='ocrx_word' id='word_1_396' title='bbox 3220 2493 3492 2563; x_wconf 90' lang='lat' dir='ltr'>episcopo</span> <span class='ocrx_word' id='word_1_397' title='bbox 3548 2492 3737 2546; x_wconf 79' lang='lat' dir='ltr'>Nova-</span> 
     </span>
    </p>
   </div>
   <div class='ocr_carea' id='block_1_59' title="bbox 2083 2580 3735 2653">
    <p class='ocr_par' dir='ltr' id='par_1_59' title="bbox 2083 2580 3735 2653">
     <span class='ocr_line' id='line_1_59' title="bbox 2083 2580 3735 2653; baseline -0.004 -13"><span class='ocrx_word' id='word_1_398' title='bbox 2083 2585 2467 2651; x_wconf 87' lang='lat' dir='ltr'>tianorum,si</span> <span class='ocrx_word' id='word_1_399' title='bbox 2500 2602 2819 2639; x_wconf 89' lang='lat' dir='ltr'>conversus</span> <span class='ocrx_word' id='word_1_400' title='bbox 2855 2583 3052 2648; x_wconf 78' lang='lat' dir='ltr'>fuerit,</span> <span class='ocrx_word' id='word_1_401' title='bbox 3091 2580 3434 2653; x_wconf 79' lang='lat' dir='ltr'>presbyterii</span> <span class='ocrx_word' id='word_1_402' title='bbox 3490 2581 3735 2651; x_wconf 81' lang='lat' dir='ltr'>gradum</span> 
     </span>
    </p>
   </div>
   <div class='ocr_carea' id='block_1_60' title="bbox 2084 2670 3740 2742">
    <p class='ocr_par' dir='ltr' id='par_1_60' title="bbox 2084 2670 3740 2742">
     <span class='ocr_line' id='line_1_60' title="bbox 2084 2670 3740 2742; baseline -0.004 -13"><span class='ocrx_word' id='word_1_403' title='bbox 2084 2679 2295 2730; x_wconf 84' lang='lat' dir='ltr'>servat.</span> <span class='ocrx_word' id='word_1_404' title='bbox 2328 2677 2460 2740; x_wconf 73' lang='lat' dir='ltr'>Quzc</span> <span class='ocrx_word' id='word_1_405' title='bbox 2492 2673 2781 2729; x_wconf 87' lang='lat' dir='ltr'>sententia</span> <span class='ocrx_word' id='word_1_406' title='bbox 2814 2677 2871 2728; x_wconf 91' lang='lat' dir='ltr'>et</span> <span class='ocrx_word' id='word_1_407' title='bbox 2904 2671 3237 2726; x_wconf 84' lang='lat' dir='ltr'>Luciferum</span> <span class='ocrx_word' id='word_1_408' title='bbox 3291 2670 3624 2742; x_wconf 89' lang='lat' dir='ltr'>impugnat,</span> <span class='ocrx_word' id='word_1_409' title='bbox 3684 2674 3740 2725; x_wconf 92' lang='lat' dir='ltr'>et</span> 
     </span>
    </p>
   </div>
   <div class='ocr_carea' id='block_1_61' title="bbox 2082 2759 3733 2830">
    <p class='ocr_par' dir='ltr' id='par_1_61' title="bbox 2082 2759 3733 2830">
     <span class='ocr_line' id='line_1_61' title="bbox 2082 2759 3733 2830; baseline -0.004 -12"><span class='ocrx_word' id='word_1_410' title='bbox 2082 2762 2362 2818; x_wconf 83' lang='lat' dir='ltr'>Hilarium</span> <span class='ocrx_word' id='word_1_411' title='bbox 2391 2782 2403 2818; x_wconf 93' lang='lat'>:</span> <span class='ocrx_word' id='word_1_412' title='bbox 2433 2764 2573 2819; x_wconf 88' lang='lat' dir='ltr'>dum</span> <span class='ocrx_word' id='word_1_413' title='bbox 2606 2764 2761 2817; x_wconf 88' lang='lat' dir='ltr'>idem</span> <span class='ocrx_word' id='word_1_414' title='bbox 2793 2767 2849 2816; x_wconf 87' lang='lat' dir='ltr'>et</span> <span class='ocrx_word' id='word_1_415' title='bbox 2869 2760 3114 2816; x_wconf 88' lang='lat' dir='ltr'>clericus</span> <span class='ocrx_word' id='word_1_416' title='bbox 3146 2764 3252 2827; x_wconf 86' lang='lat' dir='ltr'>est,</span> <span class='ocrx_word' id='word_1_417' title='bbox 3282 2763 3339 2814; x_wconf 88' lang='lat' dir='ltr'>et</span> <span class='ocrx_word' id='word_1_418' title='bbox 3378 2759 3733 2830; x_wconf 86' lang='lat' dir='ltr'>baptizatus.</span> 
     </span>
    </p>
   </div>
   <div class='ocr_carea' id='block_1_62' title="bbox 2154 2848 3736 2923">
    <p class='ocr_par' dir='ltr' id='par_1_62' title="bbox 2154 2848 3736 2923">
     <span class='ocr_line' id='line_1_62' title="bbox 2154 2848 3736 2923; baseline -0.005 -15"><span class='ocrx_word' id='word_1_419' title='bbox 2154 2855 2299 2908; x_wconf 71' lang='lat' dir='ltr'>2G]</span> <span class='ocrx_word' id='word_1_420' title='bbox 2326 2855 2414 2907; x_wconf 86' lang='lat'>28.</span> <span class='ocrx_word' id='word_1_421' title='bbox 2448 2856 2505 2907; x_wconf 82' lang='lat' dir='ltr'>In</span> <span class='ocrx_word' id='word_1_422' title='bbox 2537 2870 2643 2923; x_wconf 86' lang='lat' dir='ltr'>qua</span> <span class='ocrx_word' id='word_1_423' title='bbox 2686 2852 2923 2906; x_wconf 74' lang='lat' dir='ltr'>Ecclesia</span> <span class='ocrx_word' id='word_1_424' title='bbox 2976 2848 3428 2920; x_wconf 80' lang='lat' dir='ltr'>permanendum.</span> <span class='ocrx_word' id='word_1_425' title='bbox 3497 2848 3736 2903; x_wconf 81' lang='lat' dir='ltr'>Conclu-</span> 
     </span>
    </p>
   </div>
   <div class='ocr_carea' id='block_1_63' title="bbox 2079 2936 3736 3013">
    <p class='ocr_par' dir='ltr' id='par_1_63' title="bbox 2079 2936 3736 3013">
     <span class='ocr_line' id='line_1_63' title="bbox 2079 2936 3736 3013; baseline -0.004 -18"><span class='ocrx_word' id='word_1_426' title='bbox 2079 2945 2162 2997; x_wconf 86' lang='lat' dir='ltr'>sio</span> <span class='ocrx_word' id='word_1_427' title='bbox 2230 2944 2627 3013; x_wconf 79' lang='lat' dir='ltr'>Dz&#39;spulalionis</span> <span class='ocrx_word' id='word_1_428' title='bbox 2683 2944 2731 2996; x_wconf 83' lang='lat' dir='ltr'>et</span> <span class='ocrx_word' id='word_1_429' title='bbox 2797 2944 3031 3010; x_wconf 74' lang='lat' dir='ltr'>fruetus.</span> <span class='ocrx_word' id='word_1_430' title='bbox 3082 2969 3148 2977; x_wconf 91' lang='lat'>-—</span> <span class='ocrx_word' id='word_1_431' title='bbox 3234 2938 3497 2992; x_wconf 88' lang='lat' dir='ltr'>Poteram</span> <span class='ocrx_word' id='word_1_432' title='bbox 3582 2936 3736 2991; x_wconf 88' lang='lat' dir='ltr'>diem</span> 
     </span>
    </p>
   </div>
   <div class='ocr_carea' id='block_1_64' title="bbox 2081 3024 3721 3101">
    <p class='ocr_par' dir='ltr' id='par_1_64' title="bbox 2081 3024 3721 3101">
     <span class='ocr_line' id='line_1_64' title="bbox 2081 3024 3721 3101; baseline -0.003 -16"><span class='ocrx_word' id='word_1_433' title='bbox 2081 3030 2415 3087; x_wconf 88' lang='lat' dir='ltr'>istiusmodi</span> <span class='ocrx_word' id='word_1_434' title='bbox 2433 3030 2663 3101; x_wconf 91' lang='lat' dir='ltr'>eloquio</span> <span class='ocrx_word' id='word_1_435' title='bbox 2685 3030 2917 3092; x_wconf 90' lang='lat' dir='ltr'>ducere,</span> <span class='ocrx_word' id='word_1_436' title='bbox 2938 3030 2995 3082; x_wconf 89' lang='lat' dir='ltr'>et</span> <span class='ocrx_word' id='word_1_437' title='bbox 3021 3043 3225 3081; x_wconf 89' lang='lat' dir='ltr'>omnes</span> <span class='ocrx_word' id='word_1_438' title='bbox 3255 3024 3721 3097; x_wconf 85' lang='lat' dir='ltr'>propositionum</span> 
     </span>
    </p>
   </div>
   <div class='ocr_carea' id='block_1_65' title="bbox 315 3106 3724 3192">
    <p class='ocr_par' dir='ltr' id='par_1_65' title="bbox 315 3106 3724 3192">
     <span class='ocr_line' id='line_1_65' title="bbox 315 3106 3724 3192; baseline -0.003 -14"><span class='ocrx_word' id='word_1_439' title='bbox 315 3124 375 3179; x_wconf 91' lang='lat' dir='ltr'>Si</span> <span class='ocrx_word' id='word_1_440' title='bbox 402 3124 561 3178; x_wconf 90' lang='lat' dir='ltr'>enim</span> <span class='ocrx_word' id='word_1_441' title='bbox 596 3122 851 3176; x_wconf 65' lang='lat' dir='ltr'>haeretici</span> <span class='ocrx_word' id='word_1_442' title='bbox 884 3121 1223 3192; x_wconf 87' lang='lat' dir='ltr'>batiptisma</span> <span class='ocrx_word' id='word_1_443' title='bbox 1273 3139 1385 3176; x_wconf 90' lang='lat' dir='ltr'>non</span> <span class='ocrx_word' id='word_1_444' title='bbox 1446 3121 1682 3191; x_wconf 86' lang='lat' dir='ltr'>habent,</span> <span class='ocrx_word' id='word_1_445' title='bbox 1737 3128 1794 3178; x_wconf 88' lang='lat' dir='ltr'>et</span> <span class='ocrx_word' id='word_1_446' title='bbox 1841 3124 1968 3179; x_wconf 91' lang='lat' dir='ltr'>ideo</span> <span class='ocrx_word' id='word_1_447' title='bbox 2002 3106 2044 3172; x_wconf 82' lang='lat' dir='ltr'>C</span> <span class='ocrx_word' id='word_1_448' title='bbox 2082 3120 2302 3176; x_wconf 88' lang='lat' dir='ltr'>rivulos</span> <span class='ocrx_word' id='word_1_449' title='bbox 2351 3136 2465 3173; x_wconf 92' lang='lat' dir='ltr'>uno</span> <span class='ocrx_word' id='word_1_450' title='bbox 2499 3118 2761 3174; x_wconf 70' lang='lat' dir='ltr'>Ecclesia)</span> <span class='ocrx_word' id='word_1_451' title='bbox 2781 3117 2901 3172; x_wconf 93' lang='lat' dir='ltr'>sole</span> <span class='ocrx_word' id='word_1_452' title='bbox 2932 3115 3391 3171; x_wconf 85' lang='lat' dir='ltr'>siccare.Verum</span> <span class='ocrx_word' id='word_1_453' title='bbox 3423 3114 3563 3185; x_wconf 88' lang='lat' dir='ltr'>quia</span> <span class='ocrx_word' id='word_1_454' title='bbox 3596 3114 3724 3184; x_wconf 82' lang='lat' dir='ltr'>jam</span> 
     </span>
    </p>
   </div>
   <div class='ocr_carea' id='block_1_66' title="bbox 318 3209 1971 3284">
    <p class='ocr_par' dir='ltr' id='par_1_66' title="bbox 318 3209 1971 3284">
     <span class='ocr_line' id='line_1_66' title="bbox 318 3209 1971 3284; baseline 0 -16"><span class='ocrx_word' id='word_1_455' title='bbox 318 3211 726 3284; x_wconf 88' lang='lat' dir='ltr'>rebaptizandi</span> <span class='ocrx_word' id='word_1_456' title='bbox 758 3211 831 3265; x_wconf 89' lang='lat' dir='ltr'>ab</span> <span class='ocrx_word' id='word_1_457' title='bbox 864 3209 1120 3265; x_wconf 88' lang='lat' dir='ltr'>Ecclesia</span> <span class='ocrx_word' id='word_1_458' title='bbox 1137 3212 1448 3282; x_wconf 87' lang='lat' dir='ltr'>sunt,quia</span> <span class='ocrx_word' id='word_1_459' title='bbox 1480 3211 1536 3265; x_wconf 92' lang='lat' dir='ltr'>in</span> <span class='ocrx_word' id='word_1_460' title='bbox 1570 3212 1827 3268; x_wconf 89' lang='lat' dir='ltr'>Ecclesia</span> <span class='ocrx_word' id='word_1_461' title='bbox 1858 3231 1971 3269; x_wconf 92' lang='lat' dir='ltr'>non</span> 
     </span>
    </p>
   </div>
   <div class='ocr_carea' id='block_1_67' title="bbox 320 3299 1968 3371">
    <p class='ocr_par' dir='ltr' id='par_1_67' title="bbox 320 3299 1968 3371">
     <span class='ocr_line' id='line_1_67' title="bbox 320 3299 1968 3371; baseline 0.001 -16"><span class='ocrx_word' id='word_1_462' title='bbox 320 3302 581 3367; x_wconf 81' lang='lat' dir='ltr'>fuerunt,</span> <span class='ocrx_word' id='word_1_463' title='bbox 612 3300 739 3371; x_wconf 90' lang='lat' dir='ltr'>ipse</span> <span class='ocrx_word' id='word_1_464' title='bbox 777 3315 1009 3369; x_wconf 91' lang='lat' dir='ltr'>quoque</span> <span class='ocrx_word' id='word_1_465' title='bbox 1041 3299 1295 3354; x_wconf 89' lang='lat' dir='ltr'>Hilarius</span> <span class='ocrx_word' id='word_1_466' title='bbox 1326 3317 1441 3355; x_wconf 90' lang='lat' dir='ltr'>non</span> <span class='ocrx_word' id='word_1_467' title='bbox 1464 3306 1553 3356; x_wconf 88' lang='lat' dir='ltr'>est</span> <span class='ocrx_word' id='word_1_468' title='bbox 1583 3301 1968 3357; x_wconf 88' lang='lat' dir='ltr'>Christianus.</span> 
     </span>
    </p>
   </div>
   <div class='ocr_carea' id='block_1_68' title="bbox 322 3388 1971 3462">
    <p class='ocr_par' dir='ltr' id='par_1_68' title="bbox 322 3388 1971 3462">
     <span class='ocr_line' id='line_1_68' title="bbox 322 3388 1971 3462; baseline 0.001 -17"><span class='ocrx_word' id='word_1_469' title='bbox 322 3396 384 3445; x_wconf 93' lang='lat' dir='ltr'>ln</span> <span class='ocrx_word' id='word_1_470' title='bbox 417 3407 486 3445; x_wconf 89' lang='lat' dir='ltr'>ea</span> <span class='ocrx_word' id='word_1_471' title='bbox 516 3390 736 3461; x_wconf 89' lang='lat' dir='ltr'>quippe</span> <span class='ocrx_word' id='word_1_472' title='bbox 779 3390 933 3444; x_wconf 76' lang='lat'>200</span> <span class='ocrx_word' id='word_1_473' title='bbox 982 3388 1237 3444; x_wconf 86' lang='lat' dir='ltr'>Ecclesia</span> <span class='ocrx_word' id='word_1_474' title='bbox 1294 3390 1624 3460; x_wconf 89' lang='lat' dir='ltr'>baptizatus</span> <span class='ocrx_word' id='word_1_475' title='bbox 1679 3395 1785 3459; x_wconf 90' lang='lat' dir='ltr'>est,</span> <span class='ocrx_word' id='word_1_476' title='bbox 1849 3408 1971 3462; x_wconf 72' lang='lat' dir='ltr'>qua:</span> 
     </span>
    </p>
   </div>
   <div class='ocr_carea' id='block_1_69' title="bbox 320 3476 1973 3551">
    <p class='ocr_par' dir='ltr' id='par_1_69' title="bbox 320 3476 1973 3551">
     <span class='ocr_line' id='line_1_69' title="bbox 320 3476 1973 3551; baseline 0.002 -18"><span class='ocrx_word' id='word_1_477' title='bbox 320 3495 553 3549; x_wconf 86' lang='lat' dir='ltr'>semper</span> <span class='ocrx_word' id='word_1_478' title='bbox 602 3478 673 3531; x_wconf 87' lang='lat' dir='ltr'>ab</span> <span class='ocrx_word' id='word_1_479' title='bbox 720 3476 1007 3531; x_wconf 67' lang='lat' dir='ltr'>haereticis</span> <span class='ocrx_word' id='word_1_480' title='bbox 1065 3478 1428 3549; x_wconf 89' lang='lat' dir='ltr'>baptismum</span> <span class='ocrx_word' id='word_1_481' title='bbox 1484 3479 1718 3551; x_wconf 86' lang='lat' dir='ltr'>recepit.</span> <span class='ocrx_word' id='word_1_482' title='bbox 1802 3484 1973 3537; x_wconf 86' lang='lat' dir='ltr'>Ante-</span> 
     </span>
    </p>
   </div>
   <div class='ocr_carea' id='block_1_70' title="bbox 326 3565 1975 3640">
    <p class='ocr_par' dir='ltr' id='par_1_70' title="bbox 326 3565 1975 3640">
     <span class='ocr_line' id='line_1_70' title="bbox 326 3565 1975 3640; baseline 0.002 -19"><span class='ocrx_word' id='word_1_483' title='bbox 326 3584 506 3638; x_wconf 86' lang='lat' dir='ltr'>quam</span> <span class='ocrx_word' id='word_1_484' title='bbox 536 3565 915 3622; x_wconf 75' lang='lat' dir='ltr'>Ariminensis</span> <span class='ocrx_word' id='word_1_485' title='bbox 949 3567 1208 3639; x_wconf 79' lang='lat' dir='ltr'>synodus</span> <span class='ocrx_word' id='word_1_486' title='bbox 1267 3569 1447 3635; x_wconf 81' lang='lat' dir='ltr'>fleret,</span> <span class='ocrx_word' id='word_1_487' title='bbox 1497 3574 1811 3640; x_wconf 88' lang='lat' dir='ltr'>antequam</span> <span class='ocrx_word' id='word_1_488' title='bbox 1866 3572 1975 3625; x_wconf 89' lang='lat' dir='ltr'>Lu-</span> 
     </span>
    </p>
   </div>
   <div class='ocr_carea' id='block_1_71' title="bbox 326 3654 1969 3723">
    <p class='ocr_par' dir='ltr' id='par_1_71' title="bbox 326 3654 1969 3723">
     <span class='ocr_line' id='line_1_71' title="bbox 326 3654 1969 3723; baseline 0.003 -14"><span class='ocrx_word' id='word_1_489' title='bbox 326 3654 471 3709; x_wconf 87' lang='lat' dir='ltr'>cifer</span> <span class='ocrx_word' id='word_1_490' title='bbox 519 3654 829 3723; x_wconf 85' lang='lat' dir='ltr'>exsularet,</span> <span class='ocrx_word' id='word_1_491' title='bbox 884 3654 1141 3711; x_wconf 86' lang='lat' dir='ltr'>Hilarius</span> <span class='ocrx_word' id='word_1_492' title='bbox 1188 3656 1459 3711; x_wconf 62' lang='lat' dir='ltr'>Romanis</span> <span class='ocrx_word' id='word_1_493' title='bbox 1510 3658 1774 3713; x_wconf 82' lang='lat' dir='ltr'>Ecclesiae</span> <span class='ocrx_word' id='word_1_494' title='bbox 1847 3660 1969 3714; x_wconf 89' lang='lat' dir='ltr'>dia-</span> 
     </span>
    </p>
   </div>
   <div class='ocr_carea' id='block_1_72' title="bbox 320 3742 1971 3818">
    <p class='ocr_par' dir='ltr' id='par_1_72' title="bbox 320 3742 1971 3818">
     <span class='ocr_line' id='line_1_72' title="bbox 320 3742 1971 3818; baseline 0.002 -20"><span class='ocrx_word' id='word_1_495' title='bbox 320 3760 506 3798; x_wconf 86' lang='lat' dir='ltr'>conus</span> <span class='ocrx_word' id='word_1_496' title='bbox 536 3743 607 3797; x_wconf 88' lang='lat' dir='ltr'>ab</span> <span class='ocrx_word' id='word_1_497' title='bbox 646 3742 936 3798; x_wconf 66' lang='lat' dir='ltr'>haereticis</span> <span class='ocrx_word' id='word_1_498' title='bbox 991 3744 1308 3811; x_wconf 84' lang='lat' dir='ltr'>venientes,</span> <span class='ocrx_word' id='word_1_499' title='bbox 1364 3746 1422 3799; x_wconf 90' lang='lat' dir='ltr'>in</span> <span class='ocrx_word' id='word_1_500' title='bbox 1481 3762 1546 3800; x_wconf 91' lang='lat' dir='ltr'>eo</span> <span class='ocrx_word' id='word_1_501' title='bbox 1602 3747 1756 3817; x_wconf 92' lang='lat' dir='ltr'>quod</span> <span class='ocrx_word' id='word_1_502' title='bbox 1806 3747 1971 3818; x_wconf 87' lang='lat' dir='ltr'>prius</span> 
     </span>
    </p>
   </div>
   <div class='ocr_carea' id='block_1_73' title="bbox 315 3832 1967 3903">
    <p class='ocr_par' dir='ltr' id='par_1_73' title="bbox 315 3832 1967 3903">
     <span class='ocr_line' id='line_1_73' title="bbox 315 3832 1967 3903; baseline 0.002 -16"><span class='ocrx_word' id='word_1_503' title='bbox 315 3835 662 3903; x_wconf 86' lang='lat' dir='ltr'>acceperant</span> <span class='ocrx_word' id='word_1_504' title='bbox 693 3832 1045 3902; x_wconf 88' lang='lat' dir='ltr'>baptismate</span> <span class='ocrx_word' id='word_1_505' title='bbox 1076 3832 1449 3903; x_wconf 87' lang='lat' dir='ltr'>suscipiebat.</span> <span class='ocrx_word' id='word_1_506' title='bbox 1484 3833 1607 3888; x_wconf 87' lang='lat' dir='ltr'>Nisi</span> <span class='ocrx_word' id='word_1_507' title='bbox 1645 3834 1787 3890; x_wconf 86' lang='lat' dir='ltr'>forte</span> <span class='ocrx_word' id='word_1_508' title='bbox 1842 3842 1967 3890; x_wconf 86' lang='lat' dir='ltr'>tan-</span> 
     </span>
    </p>
   </div>
   <div class='ocr_carea' id='block_1_74' title="bbox 314 3920 1965 3994">
    <p class='ocr_par' dir='ltr' id='par_1_74' title="bbox 314 3920 1965 3994">
     <span class='ocr_line' id='line_1_74' title="bbox 314 3920 1965 3994; baseline 0.001 -18"><span class='ocrx_word' id='word_1_509' title='bbox 314 3926 434 3976; x_wconf 90' lang='lat' dir='ltr'>tum</span> <span class='ocrx_word' id='word_1_510' title='bbox 470 3920 679 3974; x_wconf 85' lang='lat' dir='ltr'>Ariani</span> <span class='ocrx_word' id='word_1_511' title='bbox 710 3920 964 3975; x_wconf 70' lang='lat' dir='ltr'>haeretici</span> <span class='ocrx_word' id='word_1_512' title='bbox 997 3925 1154 3987; x_wconf 87' lang='lat' dir='ltr'>sunt,</span> <span class='ocrx_word' id='word_1_513' title='bbox 1184 3927 1240 3975; x_wconf 90' lang='lat' dir='ltr'>et</span> <span class='ocrx_word' id='word_1_514' title='bbox 1268 3923 1341 3976; x_wconf 92' lang='lat' dir='ltr'>ab</span> <span class='ocrx_word' id='word_1_515' title='bbox 1376 3922 1462 3977; x_wconf 89' lang='lat' dir='ltr'>his</span> <span class='ocrx_word' id='word_1_516' title='bbox 1503 3923 1645 3978; x_wconf 90' lang='lat' dir='ltr'>solis</span> <span class='ocrx_word' id='word_1_517' title='bbox 1705 3924 1965 3994; x_wconf 88' lang='lat' dir='ltr'>baptiza-</span> 
     </span>
    </p>
   </div>
   <div class='ocr_carea' id='block_1_75' title="bbox 312 4008 1965 4080">
    <p class='ocr_par' dir='ltr' id='par_1_75' title="bbox 312 4008 1965 4080">
     <span class='ocr_line' id='line_1_75' title="bbox 312 4008 1965 4080; baseline 0.002 -17"><span class='ocrx_word' id='word_1_518' title='bbox 312 4015 433 4063; x_wconf 89' lang='lat' dir='ltr'>tum</span> <span class='ocrx_word' id='word_1_519' title='bbox 468 4009 729 4080; x_wconf 84' lang='lat' dir='ltr'>recipere</span> <span class='ocrx_word' id='word_1_520' title='bbox 760 4026 873 4064; x_wconf 89' lang='lat' dir='ltr'>non</span> <span class='ocrx_word' id='word_1_521' title='bbox 921 4008 1070 4065; x_wconf 91' lang='lat' dir='ltr'>licet.</span> <span class='ocrx_word' id='word_1_522' title='bbox 1128 4010 1419 4065; x_wconf 87' lang='lat' dir='ltr'>Diaconus</span> <span class='ocrx_word' id='word_1_523' title='bbox 1468 4027 1617 4075; x_wconf 86' lang='lat' dir='ltr'>eras,</span> <span class='ocrx_word' id='word_1_524' title='bbox 1671 4029 1702 4067; x_wconf 90' lang='grc' dir='ltr'>ο</span> <span class='ocrx_word' id='word_1_525' title='bbox 1764 4012 1965 4077; x_wconf 88' lang='lat' dir='ltr'>Hilari,</span> 
     </span>
    </p>
   </div>
   <div class='ocr_carea' id='block_1_76' title="bbox 310 4096 1966 4171">
    <p class='ocr_par' dir='ltr' id='par_1_76' title="bbox 310 4096 1966 4171">
     <span class='ocr_line' id='line_1_76' title="bbox 310 4096 1966 4171; baseline 0.001 -18"><span class='ocrx_word' id='word_1_526' title='bbox 310 4103 365 4153; x_wconf 88' lang='lat' dir='ltr'>et</span> <span class='ocrx_word' id='word_1_527' title='bbox 400 4115 436 4153; x_wconf 88' lang='lat' dir='ltr'>a</span> <span class='ocrx_word' id='word_1_528' title='bbox 482 4096 820 4152; x_wconf 72' lang='lat' dir='ltr'>Manichzeis</span> <span class='ocrx_word' id='word_1_529' title='bbox 855 4098 1183 4170; x_wconf 81' lang='lat' dir='ltr'>baptizatos</span> <span class='ocrx_word' id='word_1_530' title='bbox 1234 4099 1616 4171; x_wconf 68' lang='lat' dir='ltr'>recipiebas‘.</span> <span class='ocrx_word' id='word_1_531' title='bbox 1676 4100 1966 4155; x_wconf 89' lang='lat' dir='ltr'>Diaconus</span> 
     </span>
    </p>
   </div>
   <div class='ocr_carea' id='block_1_77' title="bbox 310 4186 1964 4260">
    <p class='ocr_par' dir='ltr' id='par_1_77' title="bbox 310 4186 1964 4260">
     <span class='ocr_line' id='line_1_77' title="bbox 310 4186 1964 4260; baseline 0.001 -18"><span class='ocrx_word' id='word_1_532' title='bbox 310 4204 461 4251; x_wconf 84' lang='lat' dir='ltr'>eras,</span> <span class='ocrx_word' id='word_1_533' title='bbox 496 4192 553 4241; x_wconf 88' lang='lat' dir='ltr'>et</span> <span class='ocrx_word' id='word_1_534' title='bbox 584 4186 825 4241; x_wconf 89' lang='lat' dir='ltr'>Ebionis</span> <span class='ocrx_word' id='word_1_535' title='bbox 856 4187 1152 4258; x_wconf 89' lang='lat' dir='ltr'>baptisma</span> <span class='ocrx_word' id='word_1_536' title='bbox 1205 4188 1651 4259; x_wconf 88' lang='lat' dir='ltr'>comprobabas.</span> <span class='ocrx_word' id='word_1_537' title='bbox 1712 4194 1964 4260; x_wconf 83' lang='lat' dir='ltr'>Repente</span> 
     </span>
    </p>
   </div>
   <div class='ocr_carea' id='block_1_78' title="bbox 310 4277 1965 4349">
    <p class='ocr_par' dir='ltr' id='par_1_78' title="bbox 310 4277 1965 4349">
     <span class='ocr_line' id='line_1_78' title="bbox 310 4277 1965 4349; baseline 0.002 -19"><span class='ocrx_word' id='word_1_538' title='bbox 310 4280 628 4347; x_wconf 89' lang='lat' dir='ltr'>postquam</span> <span class='ocrx_word' id='word_1_539' title='bbox 652 4279 888 4331; x_wconf 85' lang='lat' dir='ltr'>exortus</span> <span class='ocrx_word' id='word_1_540' title='bbox 918 4281 1008 4330; x_wconf 88' lang='lat' dir='ltr'>est</span> <span class='ocrx_word' id='word_1_541' title='bbox 1064 4277 1257 4345; x_wconf 88' lang='lat' dir='ltr'>Arius,</span> <span class='ocrx_word' id='word_1_542' title='bbox 1306 4281 1465 4331; x_wconf 90' lang='lat' dir='ltr'>totus</span> <span class='ocrx_word' id='word_1_543' title='bbox 1504 4278 1608 4331; x_wconf 87' lang='lat' dir='ltr'>tibi</span> <span class='ocrx_word' id='word_1_544' title='bbox 1660 4278 1965 4349; x_wconf 90' lang='lat' dir='ltr'>displicere</span> 
     </span>
    </p>
   </div>
   <div class='ocr_carea' id='block_1_79' title="bbox 307 4364 1962 4436">
    <p class='ocr_par' dir='ltr' id='par_1_79' title="bbox 307 4364 1962 4436">
     <span class='ocr_line' id='line_1_79' title="bbox 307 4364 1962 4436; baseline 0.002 -18"><span class='ocrx_word' id='word_1_545' title='bbox 307 4364 555 4436; x_wconf 61' lang='lat' dir='ltr'>cepisti.</span> <span class='ocrx_word' id='word_1_546' title='bbox 589 4364 874 4436; x_wconf 85' lang='lat' dir='ltr'>Segregas</span> <span class='ocrx_word' id='word_1_547' title='bbox 894 4368 949 4420; x_wconf 90' lang='lat' dir='ltr'>te</span> <span class='ocrx_word' id='word_1_548' title='bbox 977 4381 1110 4419; x_wconf 91' lang='lat' dir='ltr'>cum</span> <span class='ocrx_word' id='word_1_549' title='bbox 1142 4366 1261 4419; x_wconf 90' lang='lat' dir='ltr'>tuis</span> <span class='ocrx_word' id='word_1_550' title='bbox 1300 4365 1578 4432; x_wconf 89' lang='lat' dir='ltr'>vernulis,</span> <span class='ocrx_word' id='word_1_551' title='bbox 1644 4372 1698 4421; x_wconf 90' lang='lat' dir='ltr'>et</span> <span class='ocrx_word' id='word_1_552' title='bbox 1750 4383 1962 4422; x_wconf 88' lang='lat' dir='ltr'>novum</span> 
     </span>
    </p>
   </div>
   <div class='ocr_carea' id='block_1_80' title="bbox 2086 3203 3726 3276">
    <p class='ocr_par' dir='ltr' id='par_1_80' title="bbox 2086 3203 3726 3276">
     <span class='ocr_line' id='line_1_80' title="bbox 2086 3203 3726 3276; baseline -0.005 -12"><span class='ocrx_word' id='word_1_553' title='bbox 2086 3209 2337 3265; x_wconf 85' lang='lat' dir='ltr'>multum</span> <span class='ocrx_word' id='word_1_554' title='bbox 2370 3207 2743 3264; x_wconf 87' lang='lat' dir='ltr'>sermocinati</span> <span class='ocrx_word' id='word_1_555' title='bbox 2775 3223 3004 3270; x_wconf 88' lang='lat' dir='ltr'>sumus,</span> <span class='ocrx_word' id='word_1_556' title='bbox 3036 3210 3093 3260; x_wconf 86' lang='lat' dir='ltr'>et</span> <span class='ocrx_word' id='word_1_557' title='bbox 3132 3203 3434 3276; x_wconf 82' lang='lat' dir='ltr'>prolixitas</span> <span class='ocrx_word' id='word_1_558' title='bbox 3493 3219 3726 3259; x_wconf 89' lang='lat' dir='ltr'>concer-</span> 
     </span>
    </p>
   </div>
   <div class='ocr_carea' id='block_1_81' title="bbox 2084 3289 3729 3359">
    <p class='ocr_par' dir='ltr' id='par_1_81' title="bbox 2084 3289 3729 3359">
     <span class='ocr_line' id='line_1_81' title="bbox 2084 3289 3729 3359; baseline -0.006 -5"><span class='ocrx_word' id='word_1_559' title='bbox 2084 3299 2319 3354; x_wconf 84' lang='lat' dir='ltr'>tationis</span> <span class='ocrx_word' id='word_1_560' title='bbox 2350 3297 2713 3353; x_wconf 86' lang='lat' dir='ltr'>audientium</span> <span class='ocrx_word' id='word_1_561' title='bbox 2773 3296 2969 3351; x_wconf 89' lang='lat' dir='ltr'>studia</span> <span class='ocrx_word' id='word_1_562' title='bbox 3023 3294 3282 3359; x_wconf 84' lang='lat' dir='ltr'>lassavit,</span> <span class='ocrx_word' id='word_1_563' title='bbox 3344 3294 3576 3348; x_wconf 91' lang='lat' dir='ltr'>brevem</span> <span class='ocrx_word' id='word_1_564' title='bbox 3625 3289 3729 3346; x_wconf 90' lang='lat' dir='ltr'>tibi</span> 
     </span>
    </p>
   </div>
   <div class='ocr_carea' id='block_1_82' title="bbox 2083 3381 3726 3460">
    <p class='ocr_par' dir='ltr' id='par_1_82' title="bbox 2083 3381 3726 3460">
     <span class='ocr_line' id='line_1_82' title="bbox 2083 3381 3726 3460; baseline -0.005 -16"><span class='ocrx_word' id='word_1_565' title='bbox 2083 3392 2460 3460; x_wconf 87' lang='lat' dir='ltr'>apertamque</span> <span class='ocrx_word' id='word_1_566' title='bbox 2500 3385 2682 3441; x_wconf 89' lang='lat' dir='ltr'>animi</span> <span class='ocrx_word' id='word_1_567' title='bbox 2717 3385 2830 3439; x_wconf 90' lang='lat' dir='ltr'>mei</span> <span class='ocrx_word' id='word_1_568' title='bbox 2889 3383 3239 3439; x_wconf 87' lang='lat' dir='ltr'>sententiam</span> <span class='ocrx_word' id='word_1_569' title='bbox 3300 3382 3615 3455; x_wconf 82' lang='lat' dir='ltr'>proferam,</span> <span class='ocrx_word' id='word_1_570' title='bbox 3670 3381 3726 3435; x_wconf 90' lang='lat' dir='ltr'>in</span> 
     </span>
    </p>
   </div>
   <div class='ocr_carea' id='block_1_83' title="bbox 2084 3470 3737 3547">
    <p class='ocr_par' dir='ltr' id='par_1_83' title="bbox 2084 3470 3737 3547">
     <span class='ocr_line' id='line_1_83' title="bbox 2084 3470 3737 3547; baseline -0.004 -16"><span class='ocrx_word' id='word_1_571' title='bbox 2084 3476 2183 3532; x_wconf 91' lang='lat' dir='ltr'>illa</span> <span class='ocrx_word' id='word_1_572' title='bbox 2214 3494 2341 3533; x_wconf 86' lang='lat' dir='ltr'>esse</span> <span class='ocrx_word' id='word_1_573' title='bbox 2374 3474 2633 3531; x_wconf 90' lang='lat' dir='ltr'>Ecclesia</span> <span class='ocrx_word' id='word_1_574' title='bbox 2661 3474 3159 3547; x_wconf 87' lang='lat' dir='ltr'>permanendum,</span> <span class='ocrx_word' id='word_1_575' title='bbox 3193 3490 3319 3543; x_wconf 70' lang='lat' dir='ltr'>quae</span> <span class='ocrx_word' id='word_1_576' title='bbox 3353 3473 3424 3527; x_wconf 90' lang='lat' dir='ltr'>ab</span> <span class='ocrx_word' id='word_1_577' title='bbox 3458 3470 3737 3544; x_wconf 86' lang='lat' dir='ltr'>apostolis</span> 
     </span>
    </p>
   </div>
   <div class='ocr_carea' id='block_1_84' title="bbox 2083 3559 3735 3637">
    <p class='ocr_par' dir='ltr' id='par_1_84' title="bbox 2083 3559 3735 3637">
     <span class='ocr_line' id='line_1_84' title="bbox 2083 3559 3735 3637; baseline -0.005 -16"><span class='ocrx_word' id='word_1_578' title='bbox 2083 3567 2347 3629; x_wconf 83' lang='lat' dir='ltr'>fundata,</span> <span class='ocrx_word' id='word_1_579' title='bbox 2372 3582 2557 3637; x_wconf 92' lang='lat' dir='ltr'>usque</span> <span class='ocrx_word' id='word_1_580' title='bbox 2581 3565 2649 3619; x_wconf 87' lang='lat' dir='ltr'>ad</span> <span class='ocrx_word' id='word_1_581' title='bbox 2672 3564 2827 3618; x_wconf 90' lang='lat' dir='ltr'>diem</span> <span class='ocrx_word' id='word_1_582' title='bbox 2853 3563 3005 3617; x_wconf 88' lang='lat' dir='ltr'>hanc</span> <span class='ocrx_word' id='word_1_583' title='bbox 3031 3562 3223 3617; x_wconf 89' lang='lat' dir='ltr'>durat.</span> <span class='ocrx_word' id='word_1_584' title='bbox 3248 3561 3447 3615; x_wconf 92' lang='lat' dir='ltr'>Sicubi</span> <span class='ocrx_word' id='word_1_585' title='bbox 3478 3559 3735 3614; x_wconf 88' lang='lat' dir='ltr'>audieris</span> 
     </span>
    </p>
   </div>
   <div class='ocr_carea' id='block_1_85' title="bbox 2081 3648 3733 3727">
    <p class='ocr_par' dir='ltr' id='par_1_85' title="bbox 2081 3648 3733 3727">
     <span class='ocr_line' id='line_1_85' title="bbox 2081 3648 3733 3727; baseline -0.006 -16"><span class='ocrx_word' id='word_1_586' title='bbox 2081 3673 2180 3711; x_wconf 91' lang='lat' dir='ltr'>eos</span> <span class='ocrx_word' id='word_1_587' title='bbox 2240 3655 2337 3727; x_wconf 89' lang='lat' dir='ltr'>qui</span> <span class='ocrx_word' id='word_1_588' title='bbox 2399 3656 2678 3709; x_wconf 89' lang='lat' dir='ltr'>dicuntur</span> <span class='ocrx_word' id='word_1_589' title='bbox 2729 3652 2972 3717; x_wconf 85' lang='lat' dir='ltr'>Christi,</span> <span class='ocrx_word' id='word_1_590' title='bbox 3032 3668 3147 3706; x_wconf 90' lang='lat' dir='ltr'>non</span> <span class='ocrx_word' id='word_1_591' title='bbox 3196 3667 3230 3704; x_wconf 91' lang='lat' dir='ltr'>a</span> <span class='ocrx_word' id='word_1_592' title='bbox 3279 3652 3523 3704; x_wconf 89' lang='lat' dir='ltr'>Domino</span> <span class='ocrx_word' id='word_1_593' title='bbox 3592 3648 3733 3703; x_wconf 90' lang='lat' dir='ltr'>Jesu</span> 
     </span>
    </p>
   </div>
   <div class='ocr_carea' id='block_1_86' title="bbox 2079 3738 3735 3814">
    <p class='ocr_par' dir='ltr' id='par_1_86' title="bbox 2079 3738 3735 3814">
     <span class='ocr_line' id='line_1_86' title="bbox 2079 3738 3735 3814; baseline -0.007 -13"><span class='ocrx_word' id='word_1_594' title='bbox 2079 3744 2436 3811; x_wconf 89' lang='lat' dir='ltr'>Christo,sed</span> <span class='ocrx_word' id='word_1_595' title='bbox 2470 3761 2503 3798; x_wconf 89' lang='lat' dir='ltr'>a</span> <span class='ocrx_word' id='word_1_596' title='bbox 2536 3759 2833 3814; x_wconf 86' lang='lat' dir='ltr'>quoquam</span> <span class='ocrx_word' id='word_1_597' title='bbox 2870 3740 2982 3795; x_wconf 86' lang='lat' dir='ltr'>alio</span> <span class='ocrx_word' id='word_1_598' title='bbox 3044 3738 3412 3810; x_wconf 87' lang='lat' dir='ltr'>nuncupari:</span> <span class='ocrx_word' id='word_1_599' title='bbox 3474 3740 3537 3791; x_wconf 91' lang='lat' dir='ltr'>ut</span> <span class='ocrx_word' id='word_1_600' title='bbox 3594 3740 3735 3808; x_wconf 89' lang='lat' dir='ltr'>puta</span> 
     </span>
    </p>
   </div>
   <div class='ocr_carea' id='block_1_87' title="bbox 2082 3826 3733 3898">
    <p class='ocr_par' dir='ltr' id='par_1_87' title="bbox 2082 3826 3733 3898">
     <span class='ocr_line' id='line_1_87' title="bbox 2082 3826 3733 3898; baseline -0.006 -9"><span class='ocrx_word' id='word_1_601' title='bbox 2082 3834 2479 3898; x_wconf 87' lang='lat' dir='ltr'>Marcionitas,</span> <span class='ocrx_word' id='word_1_602' title='bbox 2512 3831 2975 3894; x_wconf 85' lang='lat' dir='ltr'>Valentinianos,</span> <span class='ocrx_word' id='word_1_603' title='bbox 3002 3830 3359 3893; x_wconf 88' lang='lat' dir='ltr'>Montenses,</span> <span class='ocrx_word' id='word_1_604' title='bbox 3408 3826 3527 3882; x_wconf 84' lang='lat' dir='ltr'>sive</span> <span class='ocrx_word' id='word_1_605' title='bbox 3564 3829 3733 3881; x_wconf 89' lang='lat' dir='ltr'>Cam-</span> 
     </span>
    </p>
   </div>
   <div class='ocr_carea' id='block_1_88' title="bbox 2082 3914 3732 3993">
    <p class='ocr_par' dir='ltr' id='par_1_88' title="bbox 2082 3914 3732 3993">
     <span class='ocr_line' id='line_1_88' title="bbox 2082 3914 3732 3993; baseline -0.007 -16"><span class='ocrx_word' id='word_1_606' title='bbox 2082 3924 2233 3993; x_wconf 87' lang='lat' dir='ltr'>pitas</span> <span class='ocrx_word' id='word_1_607' title='bbox 2265 3924 2318 3976; x_wconf 77' lang='lat'>3:</span> <span class='ocrx_word' id='word_1_608' title='bbox 2382 3922 2527 3976; x_wconf 87' lang='lat' dir='ltr'>scito</span> <span class='ocrx_word' id='word_1_609' title='bbox 2586 3938 2701 3975; x_wconf 91' lang='lat' dir='ltr'>non</span> <span class='ocrx_word' id='word_1_610' title='bbox 2746 3917 3059 3974; x_wconf 89' lang='lat' dir='ltr'>Ecclesiam</span> <span class='ocrx_word' id='word_1_611' title='bbox 3104 3916 3342 3983; x_wconf 88' lang='lat' dir='ltr'>Christi,</span> <span class='ocrx_word' id='word_1_612' title='bbox 3397 3915 3497 3970; x_wconf 91' lang='lat' dir='ltr'>sed</span> <span class='ocrx_word' id='word_1_613' title='bbox 3566 3914 3732 3967; x_wconf 81' lang='lat' dir='ltr'>Anti-</span> 
     </span>
    </p>
   </div>
   <div class='ocr_carea' id='block_1_89' title="bbox 2079 4003 3731 4081">
    <p class='ocr_par' dir='ltr' id='par_1_89' title="bbox 2079 4003 3731 4081">
     <span class='ocr_line' id='line_1_89' title="bbox 2079 4003 3731 4081; baseline -0.005 -15"><span class='ocrx_word' id='word_1_614' title='bbox 2079 4009 2282 4066; x_wconf 87' lang='lat' dir='ltr'>christi</span> <span class='ocrx_word' id='word_1_615' title='bbox 2313 4026 2441 4065; x_wconf 90' lang='lat' dir='ltr'>esse</span> <span class='ocrx_word' id='word_1_616' title='bbox 2473 4025 2856 4081; x_wconf 85' lang='lat' dir='ltr'>synagogam.</span> <span class='ocrx_word' id='word_1_617' title='bbox 2899 4008 2978 4061; x_wconf 81' lang='lat' dir='ltr'>Ex</span> <span class='ocrx_word' id='word_1_618' title='bbox 3032 4006 3140 4061; x_wconf 89' lang='lat' dir='ltr'>hoc</span> <span class='ocrx_word' id='word_1_619' title='bbox 3183 4004 3339 4060; x_wconf 90' lang='lat' dir='ltr'>enim</span> <span class='ocrx_word' id='word_1_620' title='bbox 3390 4004 3517 4076; x_wconf 88' lang='lat' dir='ltr'>ipso</span> <span class='ocrx_word' id='word_1_621' title='bbox 3578 4003 3731 4075; x_wconf 92' lang='lat' dir='ltr'>quod</span> 
     </span>
    </p>
   </div>
   <div class='ocr_carea' id='block_1_90' title="bbox 2078 4095 3731 4171">
    <p class='ocr_par' dir='ltr' id='par_1_90' title="bbox 2078 4095 3731 4171">
     <span class='ocr_line' id='line_1_90' title="bbox 2078 4095 3731 4171; baseline -0.006 -16"><span class='ocrx_word' id='word_1_622' title='bbox 2078 4104 2278 4171; x_wconf 86' lang='lat' dir='ltr'>postea</span> <span class='ocrx_word' id='word_1_623' title='bbox 2307 4099 2564 4153; x_wconf 89' lang='lat' dir='ltr'>instituti</span> <span class='ocrx_word' id='word_1_624' title='bbox 2600 4102 2758 4161; x_wconf 88' lang='lat' dir='ltr'>sunt,</span> <span class='ocrx_word' id='word_1_625' title='bbox 2790 4113 2889 4151; x_wconf 89' lang='lat' dir='ltr'>eos</span> <span class='ocrx_word' id='word_1_626' title='bbox 2948 4112 3009 4150; x_wconf 89' lang='lat' dir='ltr'>se</span> <span class='ocrx_word' id='word_1_627' title='bbox 3060 4112 3187 4150; x_wconf 90' lang='lat' dir='ltr'>esse</span> <span class='ocrx_word' id='word_1_628' title='bbox 3241 4095 3523 4157; x_wconf 91' lang='lat' dir='ltr'>indicant,</span> <span class='ocrx_word' id='word_1_629' title='bbox 3585 4108 3731 4163; x_wconf 91' lang='lat' dir='ltr'>quos</span> 
     </span>
    </p>
   </div>
   <div class='ocr_carea' id='block_1_91' title="bbox 2079 4179 3723 4257">
    <p class='ocr_par' dir='ltr' id='par_1_91' title="bbox 2079 4179 3723 4257">
     <span class='ocr_line' id='line_1_91' title="bbox 2079 4179 3723 4257; baseline -0.006 -15"><span class='ocrx_word' id='word_1_630' title='bbox 2079 4190 2304 4243; x_wconf 83' lang='lat' dir='ltr'>futuros</span> <span class='ocrx_word' id='word_1_631' title='bbox 2321 4184 2634 4257; x_wconf 89' lang='lat' dir='ltr'>Apostolus</span> <span class='ocrx_word' id='word_1_632' title='bbox 2665 4184 3089 4256; x_wconf 67' lang='lat' dir='ltr'>praenuntiavit.</span> <span class='ocrx_word' id='word_1_633' title='bbox 3114 4183 3229 4237; x_wconf 86' lang='lat' dir='ltr'>Nec</span> <span class='ocrx_word' id='word_1_634' title='bbox 3263 4181 3372 4236; x_wconf 90' lang='lat' dir='ltr'>sibi</span> <span class='ocrx_word' id='word_1_635' title='bbox 3420 4179 3723 4235; x_wconf 91' lang='lat' dir='ltr'>blandian—</span> 
     </span>
    </p>
   </div>
   <div class='ocr_carea' id='block_1_92' title="bbox 2078 4268 3729 4345">
    <p class='ocr_par' dir='ltr' id='par_1_92' title="bbox 2078 4268 3729 4345">
     <span class='ocr_line' id='line_1_92' title="bbox 2078 4268 3729 4345; baseline -0.008 -13"><span class='ocrx_word' id='word_1_636' title='bbox 2078 4281 2193 4342; x_wconf 89' lang='lat' dir='ltr'>tur,</span> <span class='ocrx_word' id='word_1_637' title='bbox 2255 4277 2405 4332; x_wconf 70' lang='lat'>202</span> <span class='ocrx_word' id='word_1_638' title='bbox 2465 4275 2513 4330; x_wconf 89' lang='lat' dir='ltr'>si</span> <span class='ocrx_word' id='word_1_639' title='bbox 2563 4274 2633 4329; x_wconf 90' lang='lat' dir='ltr'>de</span> <span class='ocrx_word' id='word_1_640' title='bbox 2683 4273 3117 4345; x_wconf 87' lang='lat' dir='ltr'>Scripturarum</span> <span class='ocrx_word' id='word_1_641' title='bbox 3147 4269 3421 4342; x_wconf 88' lang='lat' dir='ltr'>capitulis</span> <span class='ocrx_word' id='word_1_642' title='bbox 3454 4268 3729 4323; x_wconf 87' lang='lat' dir='ltr'>videntur</span> 
     </span>
    </p>
   </div>
   <div class='ocr_carea' id='block_1_93' title="bbox 2076 4355 3726 4433">
    <p class='ocr_par' dir='ltr' id='par_1_93' title="bbox 2076 4355 3726 4433">
     <span class='ocr_line' id='line_1_93' title="bbox 2076 4355 3726 4433; baseline -0.006 -14"><span class='ocrx_word' id='word_1_643' title='bbox 2076 4365 2187 4420; x_wconf 90' lang='lat' dir='ltr'>sibi</span> <span class='ocrx_word' id='word_1_644' title='bbox 2211 4364 2505 4419; x_wconf 79' lang='lat' dir='ltr'>affirmare</span> <span class='ocrx_word' id='word_1_645' title='bbox 2543 4362 2697 4433; x_wconf 86' lang='lat' dir='ltr'>quod</span> <span class='ocrx_word' id='word_1_646' title='bbox 2756 4360 2978 4426; x_wconf 90' lang='lat' dir='ltr'>dicunt,</span> <span class='ocrx_word' id='word_1_647' title='bbox 3039 4376 3171 4414; x_wconf 92' lang='lat' dir='ltr'>cum</span> <span class='ocrx_word' id='word_1_648' title='bbox 3232 4363 3287 4413; x_wconf 90' lang='lat' dir='ltr'>et</span> <span class='ocrx_word' id='word_1_649' title='bbox 3338 4356 3606 4412; x_wconf 90' lang='lat' dir='ltr'>diabolus</span> <span class='ocrx_word' id='word_1_650' title='bbox 3654 4355 3726 4409; x_wconf 90' lang='lat' dir='ltr'>de</span> 
     </span>
    </p>
   </div>
   <div class='ocr_carea' id='block_1_94' title="bbox 306 4443 3727 4539">
    <p class='ocr_par' dir='ltr' id='par_1_94' title="bbox 306 4443 3727 4539">
     <span class='ocr_line' id='line_1_94' title="bbox 306 4443 3727 4539; baseline -0.003 -31"><span class='ocrx_word' id='word_1_651' title='bbox 306 4453 587 4509; x_wconf 85' lang='lat' dir='ltr'>balneum</span> <span class='ocrx_word' id='word_1_652' title='bbox 619 4452 833 4525; x_wconf 87' lang='lat' dir='ltr'>aperis.</span> <span class='ocrx_word' id='word_1_653' title='bbox 866 4454 925 4509; x_wconf 90' lang='lat' dir='ltr'>Si</span> <span class='ocrx_word' id='word_1_654' title='bbox 956 4459 1011 4511; x_wconf 90' lang='lat' dir='ltr'>te</span> <span class='ocrx_word' id='word_1_655' title='bbox 1045 4455 1291 4526; x_wconf 89' lang='lat' dir='ltr'>angelus</span> <span class='ocrx_word' id='word_1_656' title='bbox 1321 4453 1556 4525; x_wconf 89' lang='lat' dir='ltr'>aliquis,</span> <span class='ocrx_word' id='word_1_657' title='bbox 1584 4460 1684 4510; x_wconf 89' lang='lat' dir='ltr'>aut</span> <span class='ocrx_word' id='word_1_658' title='bbox 1733 4461 1963 4528; x_wconf 88' lang='lat' dir='ltr'>aposto-</span> <span class='ocrx_word' id='word_1_659' title='bbox 1995 4475 2042 4539; x_wconf 85' lang='lat' dir='ltr'><strong>D</strong></span> <span class='ocrx_word' id='word_1_660' title='bbox 2076 4452 2394 4525; x_wconf 89' lang='lat' dir='ltr'>Scripturis</span> <span class='ocrx_word' id='word_1_661' title='bbox 2426 4451 2624 4522; x_wconf 88' lang='lat' dir='ltr'>aliqua</span> <span class='ocrx_word' id='word_1_662' title='bbox 2656 4451 2733 4505; x_wconf 90' lang='lat' dir='ltr'>sit</span> <span class='ocrx_word' id='word_1_663' title='bbox 2764 4450 3015 4515; x_wconf 92' lang='lat' dir='ltr'>locutus,</span> <span class='ocrx_word' id='word_1_664' title='bbox 3043 4454 3101 4504; x_wconf 90' lang='lat' dir='ltr'>et</span> <span class='ocrx_word' id='word_1_665' title='bbox 3130 4446 3449 4519; x_wconf 89' lang='lat' dir='ltr'>Scripturis</span> <span class='ocrx_word' id='word_1_666' title='bbox 3493 4462 3608 4500; x_wconf 92' lang='lat' dir='ltr'>non</span> <span class='ocrx_word' id='word_1_667' title='bbox 3667 4443 3727 4498; x_wconf 88' lang='lat' dir='ltr'>in</span> 
     </span>
    </p>
   </div>
   <div class='ocr_carea' id='block_1_95' title="bbox 374 4633 1955 4704">
    <p class='ocr_par' dir='ltr' id='par_1_95' title="bbox 374 4633 1955 4704">
     <span class='ocr_line' id='line_1_95' title="bbox 374 4633 1955 4704; baseline 0.003 -19"><span class='ocrx_word' id='word_1_668' title='bbox 374 4636 612 4687; x_wconf 69' lang='lat' dir='ltr'>1Vetus</span> <span class='ocrx_word' id='word_1_669' title='bbox 672 4633 874 4697; x_wconf 88' lang='lat' dir='ltr'>editio,</span> <span class='ocrx_word' id='word_1_670' title='bbox 934 4639 985 4688; x_wconf 84' lang='lat' dir='ltr'>et</span> <span class='ocrx_word' id='word_1_671' title='bbox 1042 4634 1370 4689; x_wconf 67' lang='lat' dir='ltr'>Manichazos</span> <span class='ocrx_word' id='word_1_672' title='bbox 1419 4634 1739 4704; x_wconf 81' lang='lat' dir='ltr'>recipiebas.</span> <span class='ocrx_word' id='word_1_673' title='bbox 1794 4636 1955 4700; x_wconf 90' lang='lat' dir='ltr'>Quod</span> 
     </span>
    </p>
   </div>
   <div class='ocr_carea' id='block_1_96' title="bbox 306 4704 1954 4777">
    <p class='ocr_par' dir='ltr' id='par_1_96' title="bbox 306 4704 1954 4777">
     <span class='ocr_line' id='line_1_96' title="bbox 306 4704 1954 4777; baseline 0.002 -19"><span class='ocrx_word' id='word_1_674' title='bbox 306 4704 467 4777; x_wconf 83' lang='lat' dir='ltr'>intra</span> <span class='ocrx_word' id='word_1_675' title='bbox 490 4721 692 4760; x_wconf 81' lang='lat' dir='ltr'>novum</span> <span class='ocrx_word' id='word_1_676' title='bbox 723 4706 978 4777; x_wconf 76' lang='lat' dir='ltr'>balneum</span> <span class='ocrx_word' id='word_1_677' title='bbox 1006 4705 1353 4777; x_wconf 88' lang='lat' dir='ltr'>appellatur,</span> <span class='ocrx_word' id='word_1_678' title='bbox 1391 4704 1683 4761; x_wconf 89' lang='lat' dir='ltr'>Victorius</span> <span class='ocrx_word' id='word_1_679' title='bbox 1742 4724 1954 4762; x_wconf 88' lang='lat' dir='ltr'>novum</span> 
     </span>
    </p>
   </div>
   <div class='ocr_carea' id='block_1_97' title="bbox 308 4775 905 4847">
    <p class='ocr_par' dir='ltr' id='par_1_97' title="bbox 308 4775 905 4847">
     <span class='ocr_line' id='line_1_97' title="bbox 308 4775 905 4847; baseline 0 -17"><span class='ocrx_word' id='word_1_680' title='bbox 308 4776 612 4846; x_wconf 83' lang='lat' dir='ltr'>baptisma</span> <span class='ocrx_word' id='word_1_681' title='bbox 638 4775 905 4847; x_wconf 84' lang='lat' dir='ltr'>explicat.</span> 
     </span>
    </p>
   </div>
   <div class='ocr_carea' id='block_1_98' title="bbox 375 4847 1953 4918">
    <p class='ocr_par' dir='ltr' id='par_1_98' title="bbox 375 4847 1953 4918">
     <span class='ocr_line' id='line_1_98' title="bbox 375 4847 1953 4918; baseline 0.002 -18"><span class='ocrx_word' id='word_1_682' title='bbox 375 4848 395 4880; x_wconf 81' lang='grc'>²</span> <span class='ocrx_word' id='word_1_683' title='bbox 425 4848 641 4902; x_wconf 75' lang='lat' dir='ltr'>Eadem</span> <span class='ocrx_word' id='word_1_684' title='bbox 672 4847 911 4908; x_wconf 84' lang='lat' dir='ltr'>rectius,</span> <span class='ocrx_word' id='word_1_685' title='bbox 946 4852 1009 4901; x_wconf 89' lang='lat' dir='ltr'>ut</span> <span class='ocrx_word' id='word_1_686' title='bbox 1037 4847 1283 4911; x_wconf 90' lang='lat' dir='ltr'>videtur,</span> <span class='ocrx_word' id='word_1_687' title='bbox 1319 4850 1375 4900; x_wconf 83' lang='lat' dir='ltr'>in</span> <span class='ocrx_word' id='word_1_688' title='bbox 1410 4848 1603 4918; x_wconf 82' lang='lat' dir='ltr'>quibus</span> <span class='ocrx_word' id='word_1_689' title='bbox 1666 4849 1809 4917; x_wconf 85' lang='lat' dir='ltr'>apud</span> <span class='ocrx_word' id='word_1_690' title='bbox 1838 4849 1953 4904; x_wconf 81' lang='lat' dir='ltr'>Ste-</span> 
     </span>
    </p>
   </div>
   <div class='ocr_carea' id='block_1_99' title="bbox 303 4918 1953 5043">
    <p class='ocr_par' dir='ltr' id='par_1_99' title="bbox 303 4918 1953 5043">
     <span class='ocr_line' id='line_1_99' title="bbox 303 4918 1953 4988; baseline 0.002 -18"><span class='ocrx_word' id='word_1_691' title='bbox 303 4918 549 4987; x_wconf 79' lang='lat' dir='ltr'>phanum</span> <span class='ocrx_word' id='word_1_692' title='bbox 582 4919 833 4973; x_wconf 70' lang='lat' dir='ltr'>Romana:</span> <span class='ocrx_word' id='word_1_693' title='bbox 880 4920 1036 4975; x_wconf 81' lang='lat' dir='ltr'>Urbis</span> <span class='ocrx_word' id='word_1_694' title='bbox 1069 4921 1242 4988; x_wconf 85' lang='lat' dir='ltr'>episco</span> <span class='ocrx_word' id='word_1_695' title='bbox 1262 4936 1394 4981; x_wconf 83' lang='lat' dir='ltr'>mm,</span> <span class='ocrx_word' id='word_1_696' title='bbox 1453 4920 1773 4974; x_wconf 61' lang='lat' dir='ltr'>inveteratae</span> <span class='ocrx_word' id='word_1_697' title='bbox 1827 4937 1953 4976; x_wconf 76' lang='lat' dir='ltr'>eon-</span> 
     </span>
     <span class='ocr_line' id='line_1_100' title="bbox 303 4936 1953 5043; baseline 0.001 -1"><span class='ocrx_word' id='word_1_698' title='bbox 303 4989 608 5043; x_wconf 73' lang='lat' dir='ltr'>suetudinis</span> <span class='ocrx_word' id='word_1_699' title='bbox 669 4990 874 5043; x_wconf 76' lang='lat' dir='ltr'>lacerat</span> <span class='ocrx_word' id='word_1_700' title='bbox 916 5005 1178 5043; x_wconf 86' lang='lat' dir='ltr'>errorem.</span> <span class='ocrx_word' id='word_1_701' title='bbox 1238 4936 1435 5043; x_wconf 76' lang='lat' dir='ltr'>innuit</span> <span class='ocrx_word' id='word_1_702' title='bbox 1493 5006 1623 5043; x_wconf 86' lang='lat' dir='ltr'>vero</span> <span class='ocrx_word' id='word_1_703' title='bbox 1682 4990 1953 5043; x_wconf 89' lang='lat' dir='ltr'>Ilieronv-</span> 
     </span>
    </p>
   </div>
   <div class='ocr_carea' id='block_1_100' title="bbox 303 4989 1955 5062">
    <p class='ocr_par' dir='ltr' id='par_1_100' title="bbox 303 4989 1955 5062">
     <span class='ocr_line' id='line_1_101' title="bbox 303 4989 1955 5062; baseline 0.002 -20"><span class='ocrx_word' id='word_1_704' title='bbox 303 4989 608 5062; x_wconf 72' lang='lat' dir='ltr'>suetudiais</span> <span class='ocrx_word' id='word_1_705' title='bbox 663 4990 874 5062; x_wconf 66' lang='lat' dir='ltr'>iecerat</span> <span class='ocrx_word' id='word_1_706' title='bbox 916 5005 1178 5062; x_wconf 73' lang='lat' dir='ltr'>errorem.</span> <span class='ocrx_word' id='word_1_707' title='bbox 1238 4989 1435 5043; x_wconf 88' lang='lat' dir='ltr'>Innuit</span> <span class='ocrx_word' id='word_1_708' title='bbox 1493 5006 1623 5062; x_wconf 86' lang='lat' dir='ltr'>vero</span> <span class='ocrx_word' id='word_1_709' title='bbox 1682 4990 1955 5062; x_wconf 81' lang='lat' dir='ltr'>Hierony-</span> 
     </span>
    </p>
   </div>
   <div class='ocr_carea' id='block_1_101' title="bbox 304 5060 1955 5131">
    <p class='ocr_par' dir='ltr' id='par_1_101' title="bbox 304 5060 1955 5131">
     <span class='ocr_line' id='line_1_102' title="bbox 304 5060 1955 5131; baseline 0.001 -17"><span class='ocrx_word' id='word_1_710' title='bbox 304 5076 437 5115; x_wconf 87' lang='lat' dir='ltr'>mus</span> <span class='ocrx_word' id='word_1_711' title='bbox 470 5060 781 5131; x_wconf 88' lang='lat' dir='ltr'>epistolam</span> <span class='ocrx_word' id='word_1_712' title='bbox 811 5062 866 5114; x_wconf 88' lang='lat' dir='ltr'>S.</span> <span class='ocrx_word' id='word_1_713' title='bbox 899 5061 1163 5131; x_wconf 85' lang='lat' dir='ltr'>Cypriani</span> <span class='ocrx_word' id='word_1_714' title='bbox 1192 5063 1282 5126; x_wconf 80' lang='lat'>7&#39;2,</span> <span class='ocrx_word' id='word_1_715' title='bbox 1308 5078 1433 5131; x_wconf 71' lang='lat' dir='ltr'>quae</span> <span class='ocrx_word' id='word_1_716' title='bbox 1492 5061 1561 5114; x_wconf 83' lang='lat' dir='ltr'>ad</span> <span class='ocrx_word' id='word_1_717' title='bbox 1618 5060 1955 5131; x_wconf 78' lang='lat' dir='ltr'>Stephanum</span> 
     </span>
    </p>
   </div>
   <div class='ocr_carea' id='block_1_102' title="bbox 295 5130 1951 5202">
    <p class='ocr_par' dir='ltr' id='par_1_102' title="bbox 295 5130 1951 5202">
     <span class='ocr_line' id='line_1_103' title="bbox 295 5130 1951 5202; baseline 0.001 -17"><span class='ocrx_word' id='word_1_718' title='bbox 295 5130 519 5202; x_wconf 16' lang='lat' dir='ltr'>papam,</span> <span class='ocrx_word' id='word_1_719' title='bbox 559 5132 623 5187; x_wconf 79' lang='lat' dir='ltr'>de</span> <span class='ocrx_word' id='word_1_720' title='bbox 673 5132 904 5187; x_wconf 82' lang='lat' dir='ltr'>concilio</span> <span class='ocrx_word' id='word_1_721' title='bbox 963 5130 1339 5197; x_wconf 28' lang='lat' dir='ltr'>inscribitur,</span> <span class='ocrx_word' id='word_1_722' title='bbox 1384 5130 1681 5202; x_wconf 85' lang='lat' dir='ltr'>simulque</span> <span class='ocrx_word' id='word_1_723' title='bbox 1709 5130 1719 5131; x_wconf 27' lang='grc' dir='ltr'>ί</span> <span class='ocrx_word' id='word_1_724' title='bbox 1750 5131 1951 5197; x_wconf 87' lang='lat' dir='ltr'>aliam,</span> 
     </span>
    </p>
   </div>
   <div class='ocr_carea' id='block_1_103' title="bbox 301 5200 1952 5275">
    <p class='ocr_par' dir='ltr' id='par_1_103' title="bbox 301 5200 1952 5275">
     <span class='ocr_line' id='line_1_104' title="bbox 301 5200 1952 5275; baseline 0 -19"><span class='ocrx_word' id='word_1_725' title='bbox 301 5200 481 5274; x_wconf 83' lang='lat' dir='ltr'>quam</span> <span class='ocrx_word' id='word_1_726' title='bbox 514 5202 791 5275; x_wconf 80' lang='lat' dir='ltr'>Crescens</span> <span class='ocrx_word' id='word_1_727' title='bbox 838 5202 1117 5257; x_wconf 88' lang='lat' dir='ltr'>Cirtensis</span> <span class='ocrx_word' id='word_1_728' title='bbox 1175 5202 1485 5275; x_wconf 88' lang='lat' dir='ltr'>episcopus</span> <span class='ocrx_word' id='word_1_729' title='bbox 1546 5200 1603 5255; x_wconf 86' lang='lat' dir='ltr'>in</span> <span class='ocrx_word' id='word_1_730' title='bbox 1654 5200 1952 5275; x_wconf 84' lang='lat' dir='ltr'>Carthagi-</span> 
     </span>
    </p>
   </div>
   <div class='ocr_carea' id='block_1_104' title="bbox 299 5273 1950 5342">
    <p class='ocr_par' dir='ltr' id='par_1_104' title="bbox 299 5273 1950 5342">
     <span class='ocr_line' id='line_1_105' title="bbox 299 5273 1950 5342; baseline 0.001 -15"><span class='ocrx_word' id='word_1_731' title='bbox 299 5273 469 5329; x_wconf 85' lang='lat' dir='ltr'>nensi</span> <span class='ocrx_word' id='word_1_732' title='bbox 506 5273 751 5328; x_wconf 92' lang='lat' dir='ltr'>concilio</span> <span class='ocrx_word' id='word_1_733' title='bbox 781 5278 1098 5340; x_wconf 88' lang='lat' dir='ltr'>memorat;</span> <span class='ocrx_word' id='word_1_734' title='bbox 1131 5273 1231 5327; x_wconf 86' lang='lat' dir='ltr'>sed</span> <span class='ocrx_word' id='word_1_735' title='bbox 1287 5275 1357 5327; x_wconf 86' lang='lat' dir='ltr'>ad</span> <span class='ocrx_word' id='word_1_736' title='bbox 1433 5289 1539 5327; x_wconf 90' lang='lat' dir='ltr'>nos</span> <span class='ocrx_word' id='word_1_737' title='bbox 1598 5290 1783 5342; x_wconf 88' lang='lat' dir='ltr'>usque</span> <span class='ocrx_word' id='word_1_738' title='bbox 1837 5273 1950 5329; x_wconf 85' lang='lat' dir='ltr'>non</span> 
     </span>
    </p>
   </div>
   <div class='ocr_carea' id='block_1_105' title="bbox 296 5344 1952 5413">
    <p class='ocr_par' dir='ltr' id='par_1_105' title="bbox 296 5344 1952 5413">
     <span class='ocr_line' id='line_1_106' title="bbox 296 5344 1952 5413; baseline 0.001 -14"><span class='ocrx_word' id='word_1_739' title='bbox 296 5346 548 5400; x_wconf 88' lang='lat' dir='ltr'>devenit.</span> <span class='ocrx_word' id='word_1_740' title='bbox 575 5344 808 5399; x_wconf 85' lang='lat' dir='ltr'>Scilicet</span> <span class='ocrx_word' id='word_1_741' title='bbox 837 5346 893 5399; x_wconf 91' lang='lat' dir='ltr'>in</span> <span class='ocrx_word' id='word_1_742' title='bbox 928 5344 1027 5399; x_wconf 87' lang='lat' dir='ltr'>illa</span> <span class='ocrx_word' id='word_1_743' title='bbox 1050 5344 1233 5399; x_wconf 88' lang='lat' dir='ltr'>multa</span> <span class='ocrx_word' id='word_1_744' title='bbox 1292 5346 1362 5398; x_wconf 91' lang='lat' dir='ltr'>de</span> <span class='ocrx_word' id='word_1_745' title='bbox 1419 5344 1733 5413; x_wconf 89' lang='lat' dir='ltr'>Scripturis</span> <span class='ocrx_word' id='word_1_746' title='bbox 1789 5348 1952 5400; x_wconf 84' lang='lat' dir='ltr'>testi-</span> 
     </span>
    </p>
   </div>
   <div class='ocr_carea' id='block_1_106' title="bbox 300 5415 1945 5542">
    <p class='ocr_par' dir='ltr' id='par_1_106' title="bbox 300 5415 1945 5542">
     <span class='ocr_line' id='line_1_107' title="bbox 300 5415 1945 5542; baseline 0.001 -71"><span class='ocrx_word' id='word_1_747' title='bbox 300 5416 493 5471; x_wconf 88' lang='lat' dir='ltr'>monia</span> <span class='ocrx_word' id='word_1_748' title='bbox 526 5421 725 5470; x_wconf 88' lang='lat' dir='ltr'>contra</span> <span class='ocrx_word' id='word_1_749' title='bbox 757 5416 1031 5542; x_wconf 58' lang='lat' dir='ltr'>Stephani</span> <span class='ocrx_word' id='word_1_750' title='bbox 1066 5417 1137 5471; x_wconf 89' lang='lat' dir='ltr'>de</span> <span class='ocrx_word' id='word_1_751' title='bbox 1183 5415 1471 5487; x_wconf 84' lang='lat' dir='ltr'>baptismo</span> <span class='ocrx_word' id='word_1_752' title='bbox 1540 5415 1945 5472; x_wconf 78' lang='lat' dir='ltr'>haereticorum</span> 
     </span>
     <span class='ocr_line' id='line_1_108' title="bbox 300 5487 1091 5542; baseline 0.001 -1"><span class='ocrx_word' id='word_1_753' title='bbox 300 5487 654 5542; x_wconf 84' lang='lat' dir='ltr'>sententiam</span> <span class='ocrx_word' id='word_1_754' title='bbox 682 5489 854 5542; x_wconf 74' lang='lat' dir='ltr'>affers</span> <span class='ocrx_word' id='word_1_755' title='bbox 900 5494 1091 5542; x_wconf 87' lang='lat' dir='ltr'>antur.</span> 
     </span>
    </p>
   </div>
   <div class='ocr_carea' id='block_1_107' title="bbox 296 5487 1091 5543">
    <p class='ocr_par' dir='ltr' id='par_1_107' title="bbox 296 5487 1091 5543">
     <span class='ocr_line' id='line_1_109' title="bbox 296 5487 1091 5543; baseline 0 -1"><span class='ocrx_word' id='word_1_756' title='bbox 296 5487 654 5543; x_wconf 84' lang='lat' dir='ltr'>sententiam</span> <span class='ocrx_word' id='word_1_757' title='bbox 682 5487 1091 5542; x_wconf 59' lang='lat' dir='ltr'>atterebantur.</span> 
     </span>
    </p>
   </div>
   <div class='ocr_carea' id='block_1_108' title="bbox 364 5557 1934 5631">
    <p class='ocr_par' dir='ltr' id='par_1_108' title="bbox 364 5557 1934 5631">
     <span class='ocr_line' id='line_1_110' title="bbox 364 5557 1934 5631; baseline 0.001 -17"><span class='ocrx_word' id='word_1_758' title='bbox 364 5560 384 5592; x_wconf 81' lang='grc'><strong>³</strong></span> <span class='ocrx_word' id='word_1_759' title='bbox 414 5559 733 5630; x_wconf 71' lang='lat' dir='ltr'>Montenses,</span> <span class='ocrx_word' id='word_1_760' title='bbox 770 5560 882 5615; x_wconf 85' lang='lat' dir='ltr'>sive</span> <span class='ocrx_word' id='word_1_761' title='bbox 940 5560 1234 5631; x_wconf 82' lang='lat' dir='ltr'>Campitas.</span> <span class='ocrx_word' id='word_1_762' title='bbox 1293 5558 1335 5612; x_wconf 89' lang='lat' dir='ltr'>E</span> <span class='ocrx_word' id='word_1_763' title='bbox 1394 5557 1694 5614; x_wconf 85' lang='lat' dir='ltr'>Chronicis</span> <span class='ocrx_word' id='word_1_764' title='bbox 1736 5559 1934 5615; x_wconf 89' lang='lat' dir='ltr'>Hiero-</span> 
     </span>
    </p>
   </div>
   <div class='ocr_carea' id='block_1_109' title="bbox 2070 4623 3725 4703">
    <p class='ocr_par' dir='ltr' id='par_1_109' title="bbox 2070 4623 3725 4703">
     <span class='ocr_line' id='line_1_111' title="bbox 2070 4623 3725 4703; baseline -0.005 -18"><span class='ocrx_word' id='word_1_765' title='bbox 2070 4631 2229 4703; x_wconf 82' lang='lat' dir='ltr'>nymi</span> <span class='ocrx_word' id='word_1_766' title='bbox 2262 4630 2546 4703; x_wconf 83' lang='lat' dir='ltr'>discimus</span> <span class='ocrx_word' id='word_1_767' title='bbox 2571 4633 2885 4703; x_wconf 82' lang='lat' dir='ltr'>sectatores</span> <span class='ocrx_word' id='word_1_768' title='bbox 2933 4627 3140 4703; x_wconf 82' lang='lat' dir='ltr'>Donati</span> <span class='ocrx_word' id='word_1_769' title='bbox 3172 4627 3469 4703; x_wconf 78' lang='lat' dir='ltr'>Montenses</span> <span class='ocrx_word' id='word_1_770' title='bbox 3491 4697 3500 4703; x_wconf 91' lang='lat'><em>_</em></span> <span class='ocrx_word' id='word_1_771' title='bbox 3525 4623 3725 4703; x_wconf 76' lang='lat' dir='ltr'>appel-</span> 
     </span>
    </p>
   </div>
   <div class='ocr_carea' id='block_1_110' title="bbox 2068 4696 3726 4775">
    <p class='ocr_par' dir='ltr' id='par_1_110' title="bbox 2068 4696 3726 4775">
     <span class='ocr_line' id='line_1_112' title="bbox 2068 4696 3726 4775; baseline -0.007 -18"><span class='ocrx_word' id='word_1_772' title='bbox 2068 4696 2237 4775; x_wconf 72' lang='lat' dir='ltr'>latos,</span> <span class='ocrx_word' id='word_1_773' title='bbox 2291 4703 2445 4773; x_wconf 89' lang='lat' dir='ltr'>quod</span> <span class='ocrx_word' id='word_1_774' title='bbox 2469 4701 2781 4757; x_wconf 76' lang='lat' dir='ltr'>Ecclesium</span> <span class='ocrx_word' id='word_1_775' title='bbox 2815 4706 3004 4775; x_wconf 43' lang='lat' dir='ltr'>Romae</span> <span class='ocrx_word' id='word_1_776' title='bbox 3048 4699 3105 4753; x_wconf 91' lang='lat' dir='ltr'>in</span> <span class='ocrx_word' id='word_1_777' title='bbox 3166 4704 3361 4775; x_wconf 81' lang='lat' dir='ltr'>monte</span> <span class='ocrx_word' id='word_1_778' title='bbox 3408 4696 3726 4775; x_wconf 74' lang='lat' dir='ltr'>habuerint</span> 
     </span>
    </p>
   </div>
   <div class='ocr_carea' id='block_1_111' title="bbox 2069 4767 3722 4843">
    <p class='ocr_par' dir='ltr' id='par_1_111' title="bbox 2069 4767 3722 4843">
     <span class='ocr_line' id='line_1_113' title="bbox 2069 4767 3722 4843; baseline -0.005 -15"><span class='ocrx_word' id='word_1_779' title='bbox 2069 4774 2148 4829; x_wconf 91' lang='lat' dir='ltr'>De</span> <span class='ocrx_word' id='word_1_780' title='bbox 2180 4767 2606 4843; x_wconf 75' lang='lat' dir='ltr'>Canipensibus</span> <span class='ocrx_word' id='word_1_781' title='bbox 2655 4790 2784 4827; x_wconf 83' lang='lat' dir='ltr'>vero</span> <span class='ocrx_word' id='word_1_782' title='bbox 2841 4776 2897 4827; x_wconf 91' lang='lat' dir='ltr'>et</span> <span class='ocrx_word' id='word_1_783' title='bbox 2943 4769 3374 4843; x_wconf 78' lang='lat' dir='ltr'>Tharsensibus</span> <span class='ocrx_word' id='word_1_784' title='bbox 3433 4767 3722 4819; x_wconf 66' lang='lat' dir='ltr'>hiereticis</span> 
     </span>
    </p>
   </div>
   <div class='ocr_carea' id='block_1_112' title="bbox 2069 4842 3721 4918">
    <p class='ocr_par' dir='ltr' id='par_1_112' title="bbox 2069 4842 3721 4918">
     <span class='ocr_line' id='line_1_114' title="bbox 2069 4842 3721 4918; baseline -0.006 -20"><span class='ocrx_word' id='word_1_785' title='bbox 2069 4845 2195 4899; x_wconf 77' lang='lat' dir='ltr'>vide</span> <span class='ocrx_word' id='word_1_786' title='bbox 2218 4842 2397 4914; x_wconf 85' lang='lat' dir='ltr'>supra</span> <span class='ocrx_word' id='word_1_787' title='bbox 2418 4844 2723 4918; x_wconf 79' lang='lat' dir='ltr'>epistolam</span> <span class='ocrx_word' id='word_1_788' title='bbox 2780 4845 3029 4918; x_wconf 87' lang='lat' dir='ltr'>primam</span> <span class='ocrx_word' id='word_1_789' title='bbox 3048 4842 3117 4895; x_wconf 90' lang='lat' dir='ltr'>ad</span> <span class='ocrx_word' id='word_1_790' title='bbox 3142 4842 3458 4918; x_wconf 74' lang='lat' dir='ltr'>Damasum</span> <span class='ocrx_word' id='word_1_791' title='bbox 3484 4852 3721 4916; x_wconf 51' lang='lat' dir='ltr'>papam:</span> 
     </span>
    </p>
   </div>
   <div class='ocr_carea' id='block_1_113' title="bbox 2065 4910 3722 4987">
    <p class='ocr_par' dir='ltr' id='par_1_113' title="bbox 2065 4910 3722 4987">
     <span class='ocr_line' id='line_1_115' title="bbox 2065 4910 3722 4987; baseline -0.006 -17"><span class='ocrx_word' id='word_1_792' title='bbox 2065 4910 2352 4970; x_wconf 52' lang='lat' dir='ltr'>MARTIAE‘J.</span> <span class='ocrx_word' id='word_1_793' title='bbox 2388 4910 2571 4987; x_wconf 14' lang='lat' dir='ltr'>——-7Ita</span> <span class='ocrx_word' id='word_1_794' title='bbox 2610 4910 2944 4987; x_wconf 65' lang='lat' dir='ltr'>Donaiislas</span> <span class='ocrx_word' id='word_1_795' title='bbox 2992 4930 3094 4982; x_wconf 84' lang='lat' dir='ltr'>per</span> <span class='ocrx_word' id='word_1_796' title='bbox 3154 4910 3477 4987; x_wconf 77' lang='lat' dir='ltr'>convicium</span> <span class='ocrx_word' id='word_1_797' title='bbox 3509 4910 3722 4987; x_wconf 37' lang='lat' dir='ltr'>.vocari</span> 
     </span>
    </p>
   </div>
   <div class='ocr_carea' id='block_1_114' title="bbox 2067 4979 3719 5056">
    <p class='ocr_par' dir='ltr' id='par_1_114' title="bbox 2067 4979 3719 5056">
     <span class='ocr_line' id='line_1_116' title="bbox 2067 4979 3719 5056; baseline -0.005 -14"><span class='ocrx_word' id='word_1_798' title='bbox 2067 4986 2494 5056; x_wconf 89' lang='lat' dir='ltr'>autumo,quod</span> <span class='ocrx_word' id='word_1_799' title='bbox 2531 4986 2585 5038; x_wconf 91' lang='lat' dir='ltr'>in</span> <span class='ocrx_word' id='word_1_800' title='bbox 2611 4984 2837 5055; x_wconf 86' lang='lat' dir='ltr'>campis</span> <span class='ocrx_word' id='word_1_801' title='bbox 2870 4979 3345 5056; x_wconf 48' lang='lat' dir='ltr'>aut—montibus</span> <span class='ocrx_word' id='word_1_802' title='bbox 3385 4979 3719 5056; x_wconf 74' lang='lat' dir='ltr'>habitarent;</span> 
     </span>
    </p>
   </div>
   <div class='ocr_carea' id='block_1_115' title="bbox 2068 5049 3721 5128">
    <p class='ocr_par' dir='ltr' id='par_1_115' title="bbox 2068 5049 3721 5128">
     <span class='ocr_line' id='line_1_117' title="bbox 2068 5049 3721 5128; baseline -0.005 -17"><span class='ocrx_word' id='word_1_803' title='bbox 2068 5064 2130 5112; x_wconf 90' lang='lat' dir='ltr'>ut</span> <span class='ocrx_word' id='word_1_804' title='bbox 2161 5076 2265 5113; x_wconf 86' lang='lat' dir='ltr'>vox</span> <span class='ocrx_word' id='word_1_805' title='bbox 2297 5049 2426 5128; x_wconf 76' lang='lat' dir='ltr'>ipsa</span> <span class='ocrx_word' id='word_1_806' title='bbox 2458 5049 2831 5128; x_wconf 50' lang='lat' dir='ltr'>loquiturfln</span> <span class='ocrx_word' id='word_1_807' title='bbox 2869 5053 3074 5128; x_wconf 70' lang='lat' dir='ltr'>gestis</span> <span class='ocrx_word' id='word_1_808' title='bbox 3118 5050 3483 5128; x_wconf 67' lang='lat' dir='ltr'>purgationis</span> <span class='ocrx_word' id='word_1_809' title='bbox 3543 5049 3721 5128; x_wconf 56' lang='lat' dir='ltr'>Cinci-</span> 
     </span>
    </p>
   </div>
   <div class='ocr_carea' id='block_1_116' title="bbox 2066 5122 3715 5198">
    <p class='ocr_par' dir='ltr' id='par_1_116' title="bbox 2066 5122 3715 5198">
     <span class='ocr_line' id='line_1_118' title="bbox 2066 5122 3715 5198; baseline -0.004 -15"><span class='ocrx_word' id='word_1_810' title='bbox 2066 5129 2209 5184; x_wconf 89' lang='lat' dir='ltr'>liani</span> <span class='ocrx_word' id='word_1_811' title='bbox 2260 5122 2734 5198; x_wconf 80' lang='lat' dir='ltr'>Carthaginensis</span> <span class='ocrx_word' id='word_1_812' title='bbox 2791 5122 3049 5198; x_wconf 72' lang='lat' dir='ltr'>episcopi</span> <span class='ocrx_word' id='word_1_813' title='bbox 3110 5141 3143 5198; x_wconf 81' lang='lat' dir='ltr'>a</span> <span class='ocrx_word' id='word_1_814' title='bbox 3198 5123 3432 5177; x_wconf 86' lang='lat' dir='ltr'>Baluzio</span> <span class='ocrx_word' id='word_1_815' title='bbox 3509 5122 3715 5176; x_wconf 88' lang='lat' dir='ltr'>editis:</span> 
     </span>
    </p>
   </div>
   <div class='ocr_carea' id='block_1_117' title="bbox 2066 5195 3719 5265">
    <p class='ocr_par' dir='ltr' id='par_1_117' title="bbox 2066 5195 3719 5265">
     <span class='ocr_line' id='line_1_119' title="bbox 2066 5195 3719 5265; baseline -0.005 -11"><span class='ocrx_word' id='word_1_816' title='bbox 2066 5225 2090 5249; x_wconf 95' lang='grc'><strong>‹‹</strong></span> <span class='ocrx_word' id='word_1_817' title='bbox 2129 5195 2528 5256; x_wconf 84' lang='lat' dir='ltr'>Nundinarius</span> <span class='ocrx_word' id='word_1_818' title='bbox 2559 5197 2841 5250; x_wconf 81' lang='lat' dir='ltr'>diaconus</span> <span class='ocrx_word' id='word_1_819' title='bbox 2872 5195 3019 5249; x_wconf 80' lang='lat' dir='ltr'>dixit</span> <span class='ocrx_word' id='word_1_820' title='bbox 3053 5214 3063 5250; x_wconf 93' lang='lat'><strong>:</strong></span> <span class='ocrx_word' id='word_1_821' title='bbox 3099 5196 3455 5265; x_wconf 84' lang='lat' dir='ltr'>Campenses</span> <span class='ocrx_word' id='word_1_822' title='bbox 3494 5198 3550 5247; x_wconf 88' lang='lat' dir='ltr'>et</span> <span class='ocrx_word' id='word_1_823' title='bbox 3599 5210 3719 5248; x_wconf 87' lang='lat' dir='ltr'>are-</span> 
     </span>
    </p>
   </div>
   <div class='ocr_carea' id='block_1_118' title="bbox 2065 5265 3719 5338">
    <p class='ocr_par' dir='ltr' id='par_1_118' title="bbox 2065 5265 3719 5338">
     <span class='ocr_line' id='line_1_120' title="bbox 2065 5265 3719 5338; baseline -0.004 -12"><span class='ocrx_word' id='word_1_824' title='bbox 2065 5273 2233 5327; x_wconf 82' lang='lat' dir='ltr'>niarii</span> <span class='ocrx_word' id='word_1_825' title='bbox 2266 5273 2527 5325; x_wconf 87' lang='lat' dir='ltr'>fecerunt</span> <span class='ocrx_word' id='word_1_826' title='bbox 2556 5268 2725 5322; x_wconf 90' lang='lat' dir='ltr'>illum</span> <span class='ocrx_word' id='word_1_827' title='bbox 2758 5268 3120 5338; x_wconf 88' lang='lat' dir='ltr'>episcopum.</span> <span class='ocrx_word' id='word_1_828' title='bbox 3160 5289 3180 5313; x_wconf 81' lang='lat'><em>»</em></span> <span class='ocrx_word' id='word_1_829' title='bbox 3218 5266 3412 5320; x_wconf 81' lang='lat' dir='ltr'>Prima</span> <span class='ocrx_word' id='word_1_830' title='bbox 3433 5265 3609 5338; x_wconf 77' lang='lat' dir='ltr'>editio</span> <span class='ocrx_word' id='word_1_831' title='bbox 3662 5267 3719 5319; x_wconf 87' lang='lat' dir='ltr'>et</span> 
     </span>
    </p>
   </div>
   <div class='ocr_carea' id='block_1_119' title="bbox 2066 5336 3712 5411">
    <p class='ocr_par' dir='ltr' id='par_1_119' title="bbox 2066 5336 3712 5411">
     <span class='ocr_line' id='line_1_121' title="bbox 2066 5336 3712 5411; baseline -0.004 -14"><span class='ocrx_word' id='word_1_832' title='bbox 2066 5345 2345 5399; x_wconf 87' lang='lat' dir='ltr'>Erasmus</span> <span class='ocrx_word' id='word_1_833' title='bbox 2372 5341 2634 5411; x_wconf 85' lang='lat' dir='ltr'>legerant</span> <span class='ocrx_word' id='word_1_834' title='bbox 2666 5336 2973 5410; x_wconf 42' lang='lat' dir='ltr'>Cam&#39;palesi</span> <span class='ocrx_word' id='word_1_835' title='bbox 3028 5339 3180 5393; x_wconf 88' lang='lat' dir='ltr'>Idem</span> <span class='ocrx_word' id='word_1_836' title='bbox 3212 5354 3365 5411; x_wconf 86' lang='lat' dir='ltr'>vero</span> <span class='ocrx_word' id='word_1_837' title='bbox 3400 5342 3459 5411; x_wconf 83' lang='lat' dir='ltr'>et</span> <span class='ocrx_word' id='word_1_838' title='bbox 3507 5336 3712 5411; x_wconf 45' lang='lat' dir='ltr'>yicta-</span> 
     </span>
    </p>
   </div>
   <div class='ocr_carea' id='block_1_120' title="bbox 2064 5405 3717 5483">
    <p class='ocr_par' dir='ltr' id='par_1_120' title="bbox 2064 5405 3717 5483">
     <span class='ocr_line' id='line_1_122' title="bbox 2064 5405 3717 5483; baseline -0.005 -14"><span class='ocrx_word' id='word_1_839' title='bbox 2064 5416 2186 5469; x_wconf 87' lang='lat' dir='ltr'>rius</span> <span class='ocrx_word' id='word_1_840' title='bbox 2219 5405 2459 5483; x_wconf 59' lang='lat' dir='ltr'>quoque</span> <span class='ocrx_word' id='word_1_841' title='bbox 2484 5405 2811 5466; x_wconf 79' lang='lat' dir='ltr'>Montenses</span> <span class='ocrx_word' id='word_1_842' title='bbox 2843 5430 2875 5466; x_wconf 89' lang='lat' dir='ltr'>a</span> <span class='ocrx_word' id='word_1_843' title='bbox 2909 5411 3160 5465; x_wconf 79' lang='lat' dir='ltr'>Montani</span> <span class='ocrx_word' id='word_1_844' title='bbox 3209 5408 3412 5465; x_wconf 71' lang='lat' dir='ltr'>hzcresi</span> <span class='ocrx_word' id='word_1_845' title='bbox 3474 5405 3717 5461; x_wconf 89' lang='lat' dir='ltr'>ridicule</span> 
     </span>
    </p>
   </div>
   <div class='ocr_carea' id='block_1_121' title="bbox 2064 5488 2545 5556">
    <p class='ocr_par' dir='ltr' id='par_1_121' title="bbox 2064 5488 2545 5556">
     <span class='ocr_line' id='line_1_123' title="bbox 2064 5488 2545 5556; baseline -0.01 -15"><span class='ocrx_word' id='word_1_846' title='bbox 2064 5488 2545 5556; x_wconf 87' lang='lat' dir='ltr'>interpretantur.</span> 
     </span>
    </p>
   </div>
  </div>
