4100 6156
416 290 538 355 494
1671 296 1738 363 S.
1785 298 2092 365 EUSEBII
2137 301 2581 372 HIERONYMI
3712 313 3826 380 192

425 424 668 525 legendo
701 421 1042 525 consistant,
1061 429 1161 487 sed
1220 431 1279 487 in
1329 430 1768 506 intelligendo‘.
1832 434 2067 508 Alioqui
2097 443 2153 509 Α
2186 457 2341 498 mam
2375 445 2596 502 refert:
2632 451 2690 502 tu
2738 447 2870 514 mei,
2921 452 2977 505 et
3028 465 3133 523 ego
3186 448 3420 507 erroris.
3478 447 3827 525 Utinamque

424 516 474 572 si
502 515 758 612 litteram
791 519 1129 612 sequimur,
1190 537 1507 592 possumus
1550 525 1605 578 et
1676 539 1781 579 nos
1839 541 2071 597 quoque
2181 531 2325 585 mihi
2359 533 2442 589 sic
2464 551 2695 608 semper
2719 536 3017 610 disputare
3048 515 3360 612 doetingat,
3388 545 3453 596 ut
3483 542 3552 596 ad
3587 515 3829 598 meliora

421 622 637 699 novum
669 607 837 664 nobis
869 609 1080 681 dogma
1113 627 1492 682 componere;
1529 617 1592 667 ut
1623 629 1957 669 asseramus
2007 615 2067 670 in
2180 623 2511 690 proﬁciens,
2556 607 2833 682 deseram:
2873 629 3028 699 quod
3080 607 3577 685 male'tenebam.
3638 631 3828 687 Unum

419 694 742 792 Ecclesium.
770 698 1300 792 non-recipiendos,
1361 701 1456 770 qui
1518 700 1756 757 calceati
1817 703 1955 768 sint,
2012 708 2068 758 et
2179 712 2372 766 tamen
2409 712 2512 767 tibi
2544 716 2844 786 conﬁteor,
2878 694 3016 787 quia
3049 735 3240 774 mores
3265 735 3529 774 meorum
3563 719 3826 792 apprime

419 785 578 880 alia?
620 785 1170 880 mnicas‘habeam;
1204 791 1261 843 ι·
1311 790 1433 844 Non
1496 789 1688 845 δοῖυῐη
1747 795 1800 845 te
1857 792 2068 848 ViCiSSB
2179 803 2330 871 novi,
2365 803 2595 859 facilius
2627 821 2724 860 eos
2755 785 2907 860 vinci
2950 823 3141 877 posse,
3174 825 3348 879 quam
3394 785 3756 880 persuaderi.

414 874 735 941 existimes,
768 876 1014 932 Vicimus
1055 878 1307 950 utrique,
1341 884 1586 952 uterque
1619 885 1883 935 nostrum
1936 881 2064 953 pal-

486 1057 500 1089 ¹
534 1055 848 1127 Desumpta
879 1056 1086 1111 iisdem
1119 1058 1309 1113 verbis
1327 1075 1396 1112 ex
1436 1063 1490 1112 S.
1519 1058 1732 1114 Hilario
1791 1060 1862 1113 ad
1917 1060 2064 1114 Cori-
2172 1054 2326 1110 enim
2361 1057 2417 1111 in
2451 1057 2928 1127 praevaricatione
2969 1063 3128 1121 sunt,
3189 1057 3288 1113 sed
3346 1059 3405 1112 in
3465 1058 3768 1114 charitate.
3798 1084 3822 1109 ››

411 1126 825 1200 stantiumJib.
855 1143 915 1192 ιι,
941 1146 995 1182 n.
1029 1129 1083 1193 9,
1107 1131 1434 1184 sententia:
1471 1154 1496 1177 α
1550 1130 1862 1200 Scripturae
1904 1131 2060 1185 enim
2172 1127 2312 1200 Vide
2341 1131 2396 1181 S.
2439 1126 2867 1200 Augustinum,
2915 1129 3163 1199 epistola
3222 1131 3342 1195 1'20,
3404 1130 3473 1184 ad
3531 1131 3820 1199 ϐοηδθηι-;

411 1214 526 1253 non
551 1198 609 1252 in
642 1199 886 1270 legendo
918 1206 1078 1267 sunt,
1112 1201 1210 1255 sed
1245 1201 1302 1254 in
1363 1198 1742 1272 intelligendo
1795 1219 1806 1255 :
1870 1219 2059 1274 neque
2167 1198 2580 1266 Athanasium,
2613 1205 2760 1254 orat.
2786 1204 2821 1254 2
2853 1198 3057 1254 contra
3103 1203 3369 1256 Arianos.

2865 1379 3266 1387 -—-v—-——-—_

412 1378 800 1386 W—_._—
807 1380 1492 1388 αρνᾉΨ-Ἢ-..ρ
1505 1382 1724 1387 —__—-.._
1739 1381 1968 1388 ..__._.__..__.

1278 1561 1429 1618 203
1475 1561 1544 1615 IN
1587 1561 1849 1618 LIBRUM
1890 1560 2458 1626 SUBSEQUENTEM
2499 1559 2931 1616 ADMONITIO.

474 1731 770 1788 Helvidius
793 1747 861 1788 ex
886 1729 1107 1803 aliquot
1129 1748 1304 1786 sacrae
1338 1731 1649 1802 Scriptura:
1682 1731 2034 1786 testimoniis
2066 1747 2368 1804 perperam
2429 1728 2758 1794 intellectis,
2793 1733 2850 1784 et
2897 1729 3150 1784 duorum
3209 1733 3492 1796 veterum,
3551 1733 3812 1799 Patrum,

403 1821 744 1880 Tertulliani
767 1820 990 1877 scilicet
1019 1827 1076 1876 et
1098 1820 1377 1875 Victorini
1413 1820 1870 1886 Petabionensis,
1905 1820 2353 1875 auctoritatibus
2387 1836 2589 1890 parum
2623 1818 2947 1890 perpensis,
2999 1817 3214 1872 librum
3266 1825 3702 1890 composuerat,
3756 1821 3815 1877 in

399 1913 553 1986 quod
587 1911 729 1967 illud
765 1911 1006 1980 probare
1038 1911 1442 1973 contendebat,
1478 1909 1717 1979 Mariam
1756 1909 2070 1981 Virginem,
2102 1914 2412 1981 postquam
2437 1909 2638 1963 Jesum
2674 1907 2772 1962 Dei
2796 1907 3006 1962 Filium
3040 1906 3200 1962 nulla
3233 1907 3491 1962 hominis
3513 1913 3815 1980 opera,sed

399 2001 656 2074 Spiritus
688 1999 873 2055 sancti
911 1999 1468 2071 peperisset,deinde
1493 2003 1550 2052 et
1576 1999 1788 2069 Josepb
1818 1998 2047 2064 marito,
2097 1998 2396 2054 communi
2439 2001 2776 2052 caeterorum
2806 1996 3112 2052 hominum
3148 2013 3327 2062 more,
3383 1996 3534 2052 filios
3593 1997 3818 2071 aliquot

395 2091 692 2164 genuisse,
726 2088 826 2162 qui
860 2091 1079 2144 Fratres
1111 2088 1330 2142 Domini
1362 2087 1732 2157 appellantur
1754 2087 1808 2141 in
1846 2085 2173 2157 Evangelio.
2206 2089 2389 2152 Quam
2423 2086 2714 2141 insaniam
2739 2090 2804 2140 ut
2834 2086 2962 2140 fuco
2992 2085 3235 2141 rationis
3271 2085 3473 2158 aliquo
3515 2087 3811 2154 obliniret,

392 2197 540 2236 novo
580 2195 773 2236 errore
799 2176 1149 2232 cumulavit:
1176 2175 1464 2246 siquidem
1499 2176 1866 2231 matrimonio
1890 2175 2130 2230 minime
2162 2182 2434 2246 praestare
2456 2175 2842 2247 virginitatem
2887 2174 3152 2237 effutivit,
3204 2175 3589 2246 adductisque
3645 2193 3814 2249 argu-

393 2269 630 2338 mentis,
652 2269 768 2322 imo
801 2265 1394 2336 mendaciis,probare
1415 2269 1659 2320 conatus
1680 2269 1788 2319 est.
1822 2266 1959 2320 Erat
1988 2263 2178 2329 ille,ut
2212 2264 2460 2331 videtur,
2523 2280 2552 2319 e
2609 2262 2823 2335 populo
2877 2262 3135 2335 vulgaris
3195 2263 3395 2329 homo,
3453 2265 3809 2334 rusticanus,

393 2363 451 2413 et
497 2358 589 2412 vix
612 2355 817 2429 primis
852 2371 1084 2427 quoque
1107 2355 1370 2408 imbutus
1404 2353 1631 2421 litteris,
1653 2360 1890 2426 tamque
1920 2354 2152 2410 obscuri
2185 2353 2461 2420 nominis,
2496 2358 2560 2408 ut
2583 2369 2920 2424 quanquam
2954 2352 3149 2406 Romae
3185 2352 3389 2408 eodem
3420 2369 3487 2408 ac
3535 2353 3811 2426 Hierony-

391 2463 525 2503 mus
550 2452 812 2518 temporc
840 2445 1250 2510 diversaretur,
1285 2460 1588 2514 nunquam
1622 2445 1694 2498 do
1718 2443 1858 2498 facie
1889 2443 2158 2515 cognitus
2190 2441 2274 2496 illi
2298 2442 2492 2512 luerit,
2517 2442 2614 2513 qui
2650 2441 2842 2508 albas,
2865 2445 2931 2496 ut
2971 2441 3155 2505 aiunt,
3190 2445 3380 2496 aterve
3437 2446 3612 2507 esset,
3649 2443 3808 2514 igno-

390 2540 563 2591 raret.
598 2531 1141 2598 AdditGennadius,
1174 2531 1465 2595 Auxentii,
1499 2532 1599 2602 qui
1631 2531 1830 2586 sedem
1863 2531 2355 2587 Mediolanensem
2377 2532 2689 2595 invaserat,
2731 2530 3081 2584 Arianorum
3139 2529 3504 2601 impiissimi,
3552 2530 3807 2603 discipu-

389 2625 535 2690 lum,
561 2629 618 2679 et
637 2621 995 2695 Symmachi,
1018 2623 1145 2690 ejus
1177 2637 1386 2691 nempe
1411 2620 1624 2675 ethnici
1659 2621 1946 2676 senatoris
1969 2621 2070 2692 qui
2107 2619 2498 2676 idololatriam
2553 2619 2786 2691 scriptis
2845 2619 3201 2687 defenderat,
3265 2618 3619 2674 imitatorem
3666 2637 3803 2676 eum

389 2713 701 2769 exstitisse.
741 2711 852 2766 Sed
879 2727 969 2764 me
993 2708 1134 2764 illud
1167 2710 1446 2764 Gennadii
1489 2709 1889 2764 testimonium
1922 2727 2035 2764 non
2086 2727 2204 2765 una
2232 2710 2304 2764 de
2324 2726 2503 2764 causa
2548 2713 2741 2764 movet
2769 2713 2825 2764 et
2866 2709 3205 2779 trajectione
3253 2712 3393 2779 puto
3451 2709 3802 2780 gravissima

392 2802 676 2868 laborare,
711 2799 924 2870 thuid
945 2798 1101 2853 enim
1131 2798 1189 2852 in
1221 2798 1650 2868 respondendo,
1684 2798 2031 2852 Auxentium
2067 2797 2309 2853 Helvidii
2343 2797 2695 2870 magistrum
2727 2796 3116 2869 Hieronymus
3147 2798 3468 2868 praeteriret
3489 2799 3516 2853 ?
3537 2802 3799 2870 Symma-

391 2890 568 2946 chum
589 2905 744 2955 vero,
776 2888 887 2944 nisi
920 2887 968 2943 si
991 2887 1476 2951 nocendianimo,
1510 2893 1684 2958 atque
1715 2887 2032 2959 impietate,
2068 2905 2186 2959 qua
2228 2888 2451 2942 ratione
2498 2886 2795 2942 Helvidius
2849 2887 3058 2941 fuisset
3115 2886 3403 2951 imitatus,
3443 2891 3541 2958 qui
3591 2890 3797 2945 librum

387 2991 560 3050 neque
589 2993 851 3040 sermone,
881 2992 1054 3048 neque
1075 2977 1287 3030 ratione
1314 2975 1572 3041 nitidum,
1598 2975 1738 3046 quin
1790 2976 1969 3031 etiam
2031 2975 2258 3031 solmcis
2314 2980 2633 3054 scatentem
2681 2975 2974 3030 ediderit?
3018 2976 3272 3031 Rursum
3327 2980 3374 3032 si
3428 2977 3795 3049 impietatem

385 3069 718 3132 aemulatur,
751 3083 864 3138 quo
886 3069 1053 3137 pacto
1081 3081 1216 3119 eum
1261 3063 1402 3118 dicit
1444 3064 1781 3119 Gennadius
1830 3065 2158 3137 scripsisse,
2203 3066 2504 3134 Religionis
2559 3064 2779 3120 studio?
2835 3065 2960 3120 Non
3022 3065 3144 3120 hmo
3191 3081 3331 3121 sane
3361 3071 3532 3122 recta:
3583 3067 3799 3122 rationi

385 3161 727 3220 consonant,
762 3160 825 3210 ut
846 3153 1061 3226 pariter
1092 3153 1288 3208 referri
1322 3153 1391 3208 ad
1423 3152 1747 3208 Helvidium
1773 3154 2019 3225 possint.

457 3247 613 3304 καί
646 3242 999 3316 Ejuslibello
1031 3242 1418 3314 Hieronymus
1452 3245 1726 3310 rogatusa
1770 3243 2042 3312 fratribus
2091 3243 2328 3297 demum
2393 3243 2714 3314 respondit,
2749 3259 2882 3297 cum
2948 3247 3145 3298 tamen
3215 3243 3402 3298 facere
3451 3243 3804 3314 distulisset,

382 3353 452 3393 ne
480 3332 846 3406 respondendo
873 3333 1076 3401 dignus
1096 3332 1191 3386 ille
1213 3333 1364 3398 ﬁeret
1397 3334 1491 3402 qui
1523 3333 1848 3386 vinceretur.
1884 3331 2087 3388 l’ederr
2113 3331 2294 3408 igitur
2323 3331 2667 3396 collaturus,
2686 3336 2987 3402 excerptas
3009 3331 3275 3404 singulas
3299 3331 3554 3388 haretiei
3590 3350 3804 3406 propo-

382 3425 632 3481 sitiones
661 3440 730 3478 ex
761 3420 966 3476 ordine
1004 3420 1334 3492 impugnat,
1360 3420 1668 3490 Scriptura:
1700 3419 1860 3485 locis,
1886 3424 2061 3491 atque
2092 3419 2191 3474 illo
2222 3420 2515 3492 imprimis
2545 3424 2705 3476 Matt.
2742 3439 2779 3486 1,
2814 3420 2904 3485 l8,
2956 3437 3072 3491 quo
3121 3421 3376 3476 maxime
3431 3422 3802 3480 adversarius

382 3509 1047 3582 abutebatur,expositis
1071 3509 1176 3563 rite
1198 3508 1256 3562 in
1291 3524 1426 3562 eum
1459 3523 1720 3575 sensum,
1782 3513 1843 3562 ut
1872 3508 2178 3579 Deiparam
2242 3508 2481 3563 Mariam
2539 3510 2812 3564 continuo
2870 3508 3154 3582 virginem
3211 3509 3554 3581 perstitisse,
3616 3528 3806 3584 neque

382 3601 548 3659 edito
575 3600 891 3661 Salvatore,
917 3598 1110 3652 virum
1140 3613 1399 3668 unquam
1432 3597 1794 3668 cognovisse,
1829 3613 1957 3668 quae
1990 3596 2291 3652 catholica:
2348 3597 2615 3653 Ecclesia;
2667 3599 2810 3654 ﬁdes
2865 3602 2976 3663 est,
3032 3597 3510 3655 manifestissime
3557 3603 3803 3671 evincat.

399 3691 718 3763 Eapropter
745 3687 980 3742 titulum
1013 3686 1162 3742 libro
1194 3685 1346 3740 fecit.
1385 3687 1459 3740 De
1489 3685 1666 3742 beata:
1710 3689 1906 3743 Mariae
1961 3688 2280 3757 Virginitate
2305 3687 2724 3758 perpet-uazqui
2773 3703 3008 3742 rursum
3050 3703 3083 3741 a
3127 3687 3426 3742 Gennadio
3483 3687 3700 3743 dicitur
3746 3689 3806 3744 in

389 3773 726 3836 Corbeiensi
761 3777 1234 3845 codice,egregius
1252 3783 1302 3830 et
1330 3779 1518 3844 gratus
1549 3775 1787 3842 libellus,
1850 3778 1904 3830 in
1965 3793 2067 3848 quo
2109 3776 2428 3831 ostenditur
2484 3777 2856 3832 beatissimam
2913 3777 3144 3830 Mariam
3175 3777 3507 3832 Genitrieem
3583 3778 3808 3844 Domini

380 3870 558 3926 nostri
607 3870 731 3924 Jesu
782 3866 1002 3933 Christi,
1064 3867 1204 3920 sicut
1248 3866 1516 3934 virginem
1567 3868 1694 3919 ante
1747 3869 1995 3938 partum,
2046 3867 2126 3921 ita
2183 3867 2452 3936 virginem
2482 3868 2848 3938 permansisse
2875 3869 2996 3936 post
3042 3868 3288 3936 partum.
3331 3866 3494 3930 Quod
3541 3870 3802 3922 veterum

385 3960 610 4030 spectat
639 3953 1066 4019 auctoritatem,
1091 3953 1237 4009 satis
1267 3953 1443 4008 habet
1471 3954 1542 4008 de
1572 3953 1930 4009 Tertulliano
1963 3953 2173 4018 dicere,
2203 3971 2335 4012 eum
2361 3953 2626 4009 Ecclesiae
2647 3953 2947 4009 hominem
2987 3969 3102 4008 non
3137 3953 3350 4020 fuisse;
3403 3954 3504 4009 sed
3553 3954 3802 4010 Victori-

382 4063 525 4104 num
559 4044 1040 4101 Petabionensem
1075 4042 1340 4113 ejusdem
1389 4059 1453 4099 ac
1475 4043 1846 4099 adversarius
1879 4043 2177 4098 sententia:
2208 4060 2357 4108 esse,
2392 4047 2698 4114 pernegat:
2731 4047 2856 4097 tum
2889 4042 3098 4098 seriem
3130 4041 3212 4096 ait
3267 4041 3618 4113 scriptorum
3675 4042 3806 4098 infi-

384 4137 567 4192 nitam
600 4148 962 4189 commovere
984 4148 1046 4187 se
1069 4147 1260 4203 posse,
1293 4136 1470 4204 atque
1500 4149 1810 4204 opponere.
1836 4132 2096 4203 Denique
2135 4131 2320 4186 multa
2343 4133 2411 4185 de
2470 4130 2641 4184 laude
2697 4130 3055 4202 virginitatis
3111 4129 3404 4195 edisserit,
3454 4131 3625 4201 cujus
3665 4149 3805 4204 prae-

381 4224 657 4282 stantiam
690 4226 822 4295 post
843 4220 1308 4277 luculentissime
1328 4221 1657 4293 expositum
1692 4221 1852 4276 Pauli
1885 4222 1955 4275 ad
1979 4219 2308 4276 Corinthios
2337 4220 2771 4284 testimonium,
2802 4236 2872 4274 ex
2897 4219 3238 4291 nuptiarum
3271 4235 3528 4290 quoque,
3551 4237 3679 4291 quae
3727 4222 3802 4276 ob

379 4314 578 4370 oculos
610 4311 1188 4385 ponit,incommodis
1218 4310 1461 4366 extollit.
1495 4310 1619 4373 Qua
1639 4310 1711 4364 de
1734 4326 1793 4364 re
1823 4325 1955 4363 cum
1991 4310 2064 4363 ad
2101 4307 2542 4363 Pammachium
2588 4313 2717 4379 post
2738 4324 2923 4363 annos
2951 4308 3150 4362 decem
3182 4307 3478 4375 scriberet,
3501 4308 3673 4380 epist.
3709 4310 3798 4391 48,

381 4420 547 4459 num.
576 4403 679 4456 l7:
711 4424 737 4448 ‹‹
773 4400 924 4455 Dum
957 4400 1266 4464 adviveret,
1299 4399 1511 4470 inquit,
1535 4402 1747 4453 sanctae
1780 4398 2072 4452 memoriae
2107 4399 2412 4462 Damasus,
2447 4396 2662 4452 librum
2688 4402 2891 4451 contra
2924 4395 3252 4452 Helvidium
3289 4397 3360 4452 de
3392 4396 3571 4451 beatae
3605 4397 3801 4453 Mariae

377 4489 724 4561 Virginitate
744 4493 1023 4559 perpetua
1043 4487 1411 4558 scripsimus,
1445 4487 1502 4540 in
1526 4502 1638 4555 quo
1670 4501 1905 4540 necesse
1954 4486 2064 4540 fuit
2115 4485 2284 4540 nobis
2329 4487 2399 4541 ad
2459 4485 2818 4556 virginitatis
2865 4485 3295 4540 beatitudinem
3341 4485 3801 4556 praedicandam,

379 4576 566 4633 multa
585 4576 657 4631 de
680 4575 966 4631 molestiis
996 4575 1186 4630 dicere
1207 4575 1568 4646 nuptiarum.
1620 4575 1770 4629 Num
1825 4574 1912 4628 vir
1949 4574 2239 4647 egregius,
2295 4577 2352 4629 et
2391 4573 2660 4630 eruditus
2692 4574 2749 4628 in
2810 4573 3156 4646 Scripturis,
3197 4577 3254 4629 et
3309 4573 3470 4645 virgo
3531 4573 3802 4631 Ecclesia:

376 4663 620 4737 virginis
649 4663 877 4727 Doctor,
911 4661 1132 4734 aliquid
1164 4662 1222 4716 in
1247 4660 1346 4718 illo
1378 4678 1646 4718 sermone
1677 4662 2092 4734 reprehendit?
2124 4686 2154 4713 »

451 4755 533 4810 Ex
556 4753 665 4808 hoc
685 4751 1020 4808 testimonio
1043 4750 1210 4806 facile
1241 4751 1417 4806 etiam
1450 4749 1762 4823 colligitur,
1796 4767 1908 4824 quo
1941 4756 2202 4824 tempore
2235 4751 2606 4824 conscriptus
2646 4751 2723 4807 sit
2750 4750 2916 4807 liber.
2948 4752 3167 4824 Nempe
3199 4754 3447 4807 exeunte
3491 4767 3648 4807 anno
3691 4752 3799 4807 384

375 4861 445 4901 ex
472 4847 732 4900 veterum
759 4839 1298 4914 Martyrologiorum
1323 4840 1433 4894 ﬁde
1462 4840 1749 4895 Damasus
1772 4840 1916 4896 obiit
1940 4859 1952 4896 :
1988 4841 2376 4914 Hieronymus
2407 4842 2560 4912 apud
2586 4841 2904 4896 Damasum
2933 4858 3047 4896 non
3079 4845 3212 4896 ante
3271 4841 3443 4895 ﬁdem
3503 4841 3640 4896 anni
3690 4842 3800 4896 382

376 4937 572 4988 Romae
603 4937 691 4988 est
721 4932 1072 4991 diversatus,
1107 4929 1607 5000 quemadmodum
1631 4929 1690 4983 in
1721 4929 2102 5001 epistolarum
2123 4930 2200 4987 49.
2218 4935 2275 4986 et
2307 4933 2380 4985 20
2407 4930 2839 5003 chronologicis
2898 4930 3260 5002 argumentis
3311 4931 3621 5002 probatum
3683 4933 3795 4996 est,

376 5020 600 5075 Biennii
655 5031 872 5085 autem,
907 5020 1061 5091 quod
1095 5018 1418 5083 intercedit,
1443 5019 1695 5090 priorem
1719 5036 1940 5073 annum
1974 5020 2093 5075 sive
2155 5022 2260 5075 383
2291 5020 2374 5076 illi
2417 5019 2840 5092 assignandum
2901 5021 3114 5075 evincit
3170 5019 3573 5076 testimonium
3618 5019 3799 5076 hocce

376 5107 627 5186 alterum
658 5126 725 5164 ex
755 5111 922 5179 epist.
957 5112 1059 5164 22:
1096 5109 1337 5176 Quantas
1365 5109 1640 5163 molestias
1671 5107 1910 5162 habeant
1936 5111 2174 5178 nuptiw,
2216 5113 2266 5164 et
2313 5112 2437 5182 quot
2493 5108 2961 5165 sollicitudinibus
3017 5110 3352 5174 vinciantur,
3414 5110 3477 5163 in
3518 5124 3589 5186 eo
3651 5107 3798 5165 libro

376 5211 536 5267 quem
562 5196 816 5252 adversus
841 5198 1156 5252 Helvidium
1183 5198 1249 5253 de
1289 5203 1350 5253 Β.
1411 5198 1602 5253 Maria:
1656 5205 1916 5268 perpetua
1967 5199 2285 5268 virginitate
2335 5199 2630 5267 edidimus,
2682 5207 2814 5269 puto
2864 5197 3096 5253 breviter
3150 5213 3486 5270 expressum.
3516 5185 3799 5252 'Pertinet

377 5284 532 5339 enim
566 5283 666 5338 illa
688 5285 961 5356 Epistola,
997 5291 1061 5340 ut
1081 5304 1188 5342 suo
1219 5287 1343 5342 loco
1375 5287 1765 5350 ostendimus.
1797 5286 1866 5342 ad
1898 5287 2034 5342 anni
2067 5288 2170 5342 384
2194 5289 2446 5360 priorem
2480 5292 2738 5360 partem;
2782 5287 3057 5359 hancque
3130 5287 3296 5358 adeo,
3357 5303 3532 5359 quem
3592 5284 3800 5342 laudat

379 5377 582 5432 Contra
605 5373 934 5430 Helvidium
968 5373 1207 5443 librum,
1235 5376 1480 5448 jamque
1497 5377 1569 5432 ad
1592 5375 1748 5447 vulgi
1784 5392 1995 5431 manus
2025 5375 2207 5432 fuisse
2239 5376 2483 5444 indicat,
2517 5375 2801 5448 superiori
2825 5376 2930 5431 383
2951 5380 3214 5448 oporteat
3251 5374 3488 5432 ascribi.
