5364 6558
962 306 1079 386 493

2104 299 2113 305 '
2160 302 2167 305 ’
2213 301 2278 378 s.
2326 298 2635 379 EUSEBII
2679 306 3123 379 HIEBONYMI
4244 298 4320 377 1'9

960 460 1077 513 erat
1097 473 1115 509 :
1168 454 1302 508 Cum
1329 454 1485 508 esset
1531 447 1851 521 desponsata
1896 454 2074 505 mater
2128 451 2244 521 ejus
2291 449 2471 503 Maria
2515 451 2603 504 Io-
2632 456 2690 523 Α
2721 464 2787 502 ea
2815 464 2945 519 qua:
2971 448 3221 521 cogitata
3250 452 3408 519 sunt,
3445 450 3665 506 ﬁerent.
3712 444 3897 523 Igitur
3931 464 4063 506 cum
4103 449 4360 522 Evange-

957 544 1108 617 seph,
1153 545 1484 614 priusquam
1520 540 1892 605 convenirent,
1918 539 2140 594 inventa
2176 546 2257 593 est
2298 537 2503 592 habens
2547 538 2607 591 in

2717 536 2855 593 lista
2920 538 3111 593 dicat:
3189 539 3523 611 Priusquam
3589 542 3963 607 convenirent,
4027 537 4354 611 proximum

960 641 1114 689 utero
1170 632 1237 687 de
1294 631 1509 701 Spiritu
1563 632 1765 684 sancto.
1819 628 1967 684 ποτ
2046 628 2239 698 Ioseph
2285 634 2467 682 autem
2521 628 2610 681 vir
2717 626 3055 697 nuptiarum
3104 631 3339 699 tempus
3396 628 3674 696 ostendit,
3727 634 3785 684 et
3836 629 3896 683 in
3957 644 4024 684 eo
4072 628 4198 698 jam
4235 643 4358 683 rem

955 724 1092 793 ejus,
1125 736 1249 778 cum
1279 726 1415 773 esset
1432 718 1637 789 justus,
1669 723 1720 771 et
1748 717 1912 771 nollet
1941 732 2064 771 eam
2093 716 2397 783 traducere,
2428 712 2608 770 voluit

958 811 1159 866 occulte
1207 807 1488 863 dimittere
1539 806 1710 861 eam‘.
1772 807 1892 860 "me
1959 807 2143 860 autem
2198 820 2258 859 eo
2310 805 2601 874 cogitante,

954 914 1070 954 ecce
1119 897 1345 965 angelus
1374 895 1595 950 Domini
1624 895 1683 948 in
1730 894 1935 948 somnis
1964 891 2224 963 apparuit
2273 892 2344 955 ei,
2388 890 2603 945 dicens:

953 985 1168 1058 Ioseph,
1200 986 1286 1056 ﬁli
1331 984 1527 1049 David,
1577 997 1647 1036 ne
1695 983 1890 1036 timeas
1934 981 2177 1050 accipere
2213 977 2443 1033 Mariam
2470 993 2601 1032 con-

945 1077 1135 1147 jugem
1163 1083 1340 1129 tuam.
1373 1071 1528 1142 Quod
1557 1072 1704 1125 enim
1732 1073 1927 1124 natum
1954 1077 2032 1124 est
2061 1070 2121 1122 in
2171 1084 2255 1133 ea,
2295 1067 2361 1123 de
2389 1067 2603 1139 Spiritu

954 1165 1139 1219 sancto
1168 1166 1248 1218 est
1297 1153 1506 1231 (Matth.
1542 1176 1583 1226 ι,
1624 1159 1692 1213 18
1738 1158 1903 1229 seqq).
1944 1158 2106 1224 Ecce,
2159 1154 2372 1228 inquit,
2420 1155 2600 1211 habes

952 1252 1350 1323 desponsatam,
1402 1264 1517 1303 non
1567 1245 2018 1313 commendatam,
2070 1249 2136 1300 ut
2178 1244 2343 1310 dicis,
2398 1247 2457 1298 at
2492 1243 2601 1298 uti-

947 1357 1060 1411 que
1091 1356 1206 1395 non
1260 1338 1338 1393 ob
1389 1335 1549 1391 aliud
1598 1336 2036 1407 desponsatam,
2087 1333 2201 1388 nisi
2245 1332 2599 1404 quandoque

947 1431 1292 1501 nupturam.
1321 1426 1521 1497 Neque
1553 1423 1710 1479 enim
1739 1423 1821 1479 de,
1849 1439 1965 1477 non
2014 1420 2383 1478 conventuris
2412 1420 2598 1475 Evan-

946 1516 1159 1589 gelista
1237 1514 1500 1570 dixisset.
1578 1514 1917 1584 Priusquam
2000 1511 2384 1567 convenirent:
2463 1508 2599 1579 quia

946 1622 1117 1661 nemo
1148 1605 1217 1660 de
1251 1621 1364 1661 non
1399 1619 1684 1675 pransuro
1718 1601 1878 1669 dicit,
1909 1604 2226 1672 antequam
2260 1598 2591 1671 pranderet.

945 1693 1164 1751 Deinde
1201 1694 1273 1749 ab
1305 1691 1544 1764 angelo‘2
1569 1706 1795 1746 uxorem
1851 1688 2204 1761 appellatam
2253 1692 2311 1743 et
2354 1688 2591 1757 conjun-

2716 713 2897 768 t'uisse
2925 718 3011 782 ut,
3044 730 3168 785 quae
3200 715 3363 787 prius
3395 733 3613 788 sponsa
3640 717 3850 783 fuerat,
3880 732 4009 773 esse
4038 733 4182 772 uxor
4211 715 4360 770 inci-

2713 805 2891 872 peret.
2925 802 3101 865 Quasi
3133 803 3341 859 dixerit
3372 820 3384 860 :
3417 809 3749 877 Antequam
3781 804 3983 862 oscula
4025 804 4358 876 amplexus-

2713 906 2826 961 que
2857 891 3205 957 miscerent;
3231 897 3545 964 antequam
3579 910 3699 949 rem
3731 897 3970 967 agerent
3990 894 4354 965 nuptiarum,

2713 977 2951 1035 inventa
2982 984 3074 1035 est
3104 980 3328 1036 habens
3356 981 3416 1036 in
3462 986 3648 1038 utero.
3702 983 3938 1038 Inventa
3978 988 4067 1038 est
4096 985 4290 1037 autem
4322 999 4355 1037 a

2713 1066 2874 1122 nullo
2905 1068 3040 1136 alio,
3076 1069 3189 1124 nisi
3221 1086 3255 1125 a
3283 1069 3520 1142 Joseph,
3568 1070 3669 1142 qui
3717 1087 3943 1142 sponsa:
3995 1073 4224 1126 uterum
4256 1074 4354 1124 tu-

2712 1160 2965 1212 mentem
3018 1174 3165 1228 pene
3194 1159 3215 1192 δ
3255 1160 3381 1227 jam
3430 1158 3667 1215 licentia
3717 1158 3992 1226 maritali,
4023 1164 4080 1216 et
4108 1158 4355 1216 curiosis

2709 1245 2895 1301 oculis
2925 1246 3326 1319 deprehendit.
3360 1248 3485 1303 Non
3526 1253 3721 1303 tamen
3770 1249 4055 1321 sequitur,
4105 1252 4171 1303 ut
4200 1248 4351 1319 prio-

2708 1333 2870 1389 ribus
2921 1334 3187 1391 docimus
3230 1335 3533 1409 exemplis,
3582 1353 3716 1392 eum
3757 1354 3892 1393 cum
3937 1337 4121 1393 Maria
4147 1352 4353 1393 conve-

2707 1421 2866 1478 nisse
2889 1427 3021 1495 post
3050 1429 3306 1496 partum,
3338 1426 3510 1496 cujus
3545 1425 3925 1482 conveniendi
3970 1426 4351 1493 desiderium,

2705 1511 2854 1566 uteri
2908 1513 3283 1585 conceptione
3325 1513 3625 1571 sublatum
3671 1520 3778 1571 est.
3842 1514 4005 1579 Quod
4047 1519 4240 1571 autem
4291 1515 4352 1570 in

2705 1600 2930 1656 somnis
2987 1596 3203 1657 dicitur
3257 1603 3328 1657 ad
3396 1603 3654 1676 Josepb:
3733 1605 3810 1659 Ne
3873 1604 4037 1659 timus
4108 1604 4356 1676 accipere

2702 1691 2944 1746 Mariam
2972 1706 3203 1746 uxorem
3246 1695 3420 1747 tuam.
3472 1693 3540 1748 Et
3589 1709 3861 1749 rursum:
3912 1695 4219 1765 Exsurgens
4248 1710 4354 1749 (ιιι-

941 1787 1104 1839 ctam.
1136 1781 1462 1838 Audiamus
1493 1796 1649 1835 nunc
1679 1778 1820 1850 quid
1852 1778 2155 1850 Scriptura
2203 1776 2581 1849 pronuntiet:
2624 1822 2667 1886 Β
2706 1784 2813 1831 Mn
2839 1778 3034 1850 Ioseph
3062 1796 3097 1834 a
3122 1794 3333 1840 somno.
3375 1782 3507 1850 fecit
3549 1783 3691 1837 sicut
3732 1783 3995 1853 praecepit
4040 1782 4097 1837 ei
4123 1782 4353 1861 angelus

944 1876 1252 1942 Exurgens,
1283 1870 1496 1941 inquit,
1526 1869 1731 1940 Ioseph
1755 1884 1791 1922 α
1838 1882 2047 1936 somno,
2099 1868 2229 1936 fecit
2273 1867 2412 1921 sicut
2434 1879 2585 1935 pra?-

942 1967 1159 2032 ceperat
1194 1961 1249 2015 ei
1284 1960 1509 2030 angelus
1538 1959 1802 2013 Domini:
1832 1961 1884 2011 et
1930 1957 2134 2026 accepit
2169 1970 2400 2009 uxorem
2428 1970 2587 2008 suam

941 2055 995 2105 et
1039 2066 1148 2106 non
1201 2049 1449 2118 cognovit
1495 2063 1638 2114 eam,
1686 2046 1852 2103 donec
1922 2047 2133 2117 peperit
2195 2042 2381 2114 filium
2427 2059 2590 2098 suum

944 2139 1157 2207 (Matth.
1193 2155 1234 2207 Ι,
1263 2138 1358 2202 24,
1378 2139 1490 2206 25).

1014 2228 1066 2281 4.
1099 2228 1477 2297 Hieronymus.
1510 2256 1579 2265 -—
1605 2224 1930 2296 Prazpositio
1981 2225 2115 2277 ante
2160 2221 2289 2293 quid
2338 2220 2590 2277 ostendit.

945 2318 1129 2374 Maria
1178 2331 1349 2387 quare
1391 2317 1546 2385 virgo
1593 2317 1853 2385 sponsata
1898 2312 2221 2383 conceperit.
2266 2341 2335 2350 -—
2381 2309 2590 2364 Curra-

947 2422 1082 2460 mus
1114 2420 1217 2476 per
1245 2402 1499 2476 singula.
1530 2406 1587 2457 et
1614 2401 1976 2474 impietatem
2004 2400 2235 2467 iisdem,
2267 2398 2481 2470 quibus
2511 2398 2595 2455 in-

948 2510 1151 2567 gressa
1180 2496 1288 2560 est,
1319 2491 1583 2563 vestigiis
1613 2493 2048 2563 persequentes,
2091 2487 2415 2561 pugnantia
2442 2486 2595 2541 inter

951 2599 1012 2637 sc
1066 2581 1283 2636 dixisse
1333 2581 1669 2636 doceamus.
1710 2580 2099 2650 Desponsalam
2157 2578 2464 2632 confitetur
2492 2591 2505 2629 :
2537 2578 2601 2629 et

952 2670 1151 2728 statim
1182 2684 1413 2724 uxorem
1440 2667 1566 2723 vult
1591 2683 1720 2722 esse
1751 2683 1928 2739 quam
1957 2666 2260 2721 confessus
2297 2669 2387 2719 est
2417 2679 2592 2735 spon-

951 2776 1101 2815 sam.
1135 2758 1391 2815 Rursum
1426 2772 1600 2828 quam
1636 2772 1875 2811 uxorem
1902 2754 2185 2819 nominat,
2211 2753 2352 2807 dicit
2380 2768 2493 2806 non
2518 2751 2591 2807 ob

954 2847 1109 2902 aliud
1143 2846 1579 2918 desponsatam,
1613 2844 1724 2899 nisi
1762 2843 2111 2916 quandoque
2154 2845 2493 2913 nupturam.
2527 2841 2594 2894 Et

952 2954 1025 2993 ne
1058 2952 1267 3009 parum
1320 2935 1429 2990 hoc
1487 2934 1874 2989 arbitremur:
1938 2930 2203 2997 «Habes,
2264 2928 2477 3001 inquit,
2505 2927 2594 2983 de-

949 3033 1284 3098 sponsatam,
1317 3029 1374 3078 et
1421 3039 1535 3078 non
1584 3022 2040 3087 commendatam,
2092 3019 2148 3074 id
2200 3023 2309 3078 est.
2343 3017 2591 3073 necdum

949 3131 1212 3180 uxorem,
1273 3112 1522 3168 necdum
1570 3109 1819 3166 maritali
1860 3108 2091 3164 vincqu
2122 3107 2475 3179 copulatam.
2530 3107 2591 3161 In

2706 1869 2946 1933 Domini,
2990 1876 3043 1923 et
3091 1869 3294 1940 accepit
3337 1885 3569 1926 uxorem
3613 1886 3792 1936 suam,
3843 1868 4072 1925 nullum
4122 1887 4354 1927 movere

2688 1957 2894 2024 “debet,
2924 1956 3094 2028 quasi
3125 1973 3194 2013 ex
3222 1973 3288 2012 eo
3315 1959 3471 2030 quod
3503 1974 3647 2014 uxor
3685 1968 3775 2014 est
3812 1957 4121 2031 appellata,
4154 1975 4353 2031 sponsa

2703 2061 2835 2102 esse
2882 2045 3158 2101 desierit:
3206 2062 3339 2102 cum
3389 2047 3539 2102 hanc
3597 2065 3724 2104 esse
3781 2048 4094 2120 Scriptum
4138 2048 4348 2104 divinae

2701 2134 3188 2190 consuetudinem
3264 2135 3622 2203 noverimus,
3701 2141 3767 2191 ut
3819 2152 4043 2209 sponsas
4099 2136 4353 2209 appellet

2701 2239 2918 2279 tutores.
2971 2222 3135 2278 Sicut
3176 2224 3237 2278 in
3286 2225 3672 2296 sequentibus
3719 2225 4151 2281 Deuteronomii
4181 2225 4354 2282 testi-

2702 2311 2914 2368 moniis
2943 2312 3343 2384 approbatur:
3376 2314 3437 2368 Si
3478 2316 3627 2385 quis,
3676 2314 3890 2385 inquit,
3936 2302 4213 2371 invenerit
4239 2316 4351 2370 vir-

2701 2403 2883 2470 ginem
2914 2400 3294 2473 desponsatam
3326 2404 3445 2458 viro
3505 2404 3567 2458 in
3619 2419 3828 2475 campo,
3888 2408 3939 2459 et
3994 2404 4109 2459 vim
4135 2405 4348 2476 faciens

2700 2490 2985 2545 dormierit
3011 2507 3135 2545 cum
3179 2508 3265 2559 ea,
3304 2496 3476 2547 morte
3519 2493 3812 2561 moriatur,
3853 2494 3984 2563 quia
4029 2493 4346 2549 humiliavit

2700 2594 2927 2634 umorem
2972 2581 3219 2650 proximi
3259 2581 3349 2635 sui
3408 2581 3585 2652 (Deut.
3633 2598 3769 2651 xvn,
3828 2582 3941 2651 25).
3990 2582 4061 2636 Et
4119 2581 4178 2636 in
4228 2581 4344 2638 alio

2699 2667 2866 2723 loco:
2926 2668 2987 2724 Si
3061 2678 3244 2723 autem
3308 2670 3481 2740 fuerit
3556 2669 3957 2725 adolescentula
4021 2671 4348 2741 desponsata

2700 2759 2838 2823 viro,
2872 2761 2921 2812 et
2955 2758 3228 2813 invenerit
3251 2758 3410 2813 homo
3441 2774 3565 2814 eam
3604 2760 3667 2813 in
3711 2760 3950 2826 civitate,
3999 2763 4053 2815 et
4100 2759 4351 2815 dormie-

2700 2847 2775 2901 rit
2823 2862 2948 2902 cum
2994 2862 3077 2914 ea,
3131 2846 3367 2902 cducetis
3440 2850 3733 2918 utrumque
3770 2845 3841 2901 ad
3880 2850 4066 2917 portas
4107 2849 4351 2903 civitatis

2701 2935 2878 3000 illius,
2952 2938 3005 2990 et
3087 2933 3481 3006 lapidabuntur
3538 2936 3834 3007 lapidibus,
3906 2939 3958 2991 et
4019 2937 4346 2992 Moriemur.

2699 3023 3110 3079 Adolescentula
3153 3023 3392 3096 quidem,
3443 3026 3576 3097 quia
3633 3041 3745 3081 non
3789 3022 4176 3097 proclamavit,
4225 3040 4351 3079 cum

2701 3117 2835 3170 esset
2880 3115 2939 3168 in
2988 3114 3244 3168 civitate:
3298 3115 3386 3169 vir
3432 3122 3633 3181 autem,
3688 3116 3820 3184 quia
3864 3114 4177 3169 hamiliavit
4204 3129 4350 3169 uxo-

952 3220 1016 3257 eo
1046 3218 1179 3256 vero
1209 3201 1362 3271 quod
1397 3201 1498 3264 ait.
1532 3199 1727 3272 Neque
1757 3199 1911 3253 enim
1945 3199 2017 3252 de
2062 3214 2173 3252 non
2222 3196 2593 3251 conventuris
2624 3191 2666 3258 C
2706 3220 2824 3256 rem
2852 3202 3101 3274 proximi
3126 3203 3218 3257 sui
3248 3219 3261 3257 :
3295 3206 3345 3257 et
3391 3202 3754 3258 eradicabitis
3782 3203 3997 3257 malum
4023 3202 4134 3274 [Αι.
4175 3200 4349 3257 mali-

946 3288 1318 3361 Evangelista
1393 3288 1694 3343 dixisset:
1782 3289 2114 3358 Priusquam
2182 3287 2593 3341 convenirent:

954 3379 1093 3452 quia
1117 3394 1288 3433 nemo
1317 3377 1387 3432 de
1416 3393 1530 3432 non
1563 3392 1851 3448 pransuro
1881 3374 2042 3440 dicit,
2076 3379 2392 3446 antequam
2424 3390 2594 3444 pran-

957 3469 1137 3533 deret,
1165 3466 1492 3531 doleamne,
1535 3482 1607 3519 an
1656 3464 1900 3530 rideam,
1952 3463 2170 3520 nescio.
2209 3487 2228 3511 ι
2288 3461 2592 3535 Imperitiae

957 3572 1223 3628 arguam,
1257 3571 1329 3609 an
1373 3553 1715 3610 temeritatis
1765 3552 2083 3608 accusem?
2133 3551 2309 3616 Quasi
2362 3551 2407 3605 si
2460 3550 2593 3622 quis

948 3645 1194 3701 dixerit:
1226 3645 1556 3714 Antequam
1586 3642 1645 3697 in
1695 3647 1864 3714 portu
1919 3643 2289 3713 prenderem,
2338 3640 2408 3694 ad
2440 3638 2590 3693 Afri-

949 3751 1076 3789 cam
1107 3732 1425 3805 navigavi3,
1456 3748 1572 3786 non
1610 3729 1798 3802 possit
1850 3733 2003 3785 stare
2051 3728 2362 3797 sententia,
2397 3728 2509 3782 nisi
2539 3727 2590 3781 ei

949 3823 1006 3877 in
1042 3827 1209 3894 portu
1242 3820 1647 3893 prandendum
1680 3819 2030 3891 quandoque
2080 3817 2175 3873 sit.
2210 3822 2325 3873 Aut
2372 3817 2419 3872 si
2451 3815 2590 3872 veli-

953 3927 1087 3965 mus
1117 3910 1310 3965 dicere
1342 3927 1354 3964 :
1390 3907 1610 3964 Paulus
1640 3907 1939 3979 apostolus
1958 3911 2273 3979 antequam
2295 3906 2366 3961 ad
2393 3905 2593 3977 Hispa-

951 3998 1079 4055 nias
1110 4002 1395 4071 pergeret,
1430 3998 1626 4053 Romaa
1657 3997 1717 4051 in
1747 3996 1981 4052 vincula
2010 3996 2307 4066 conjectus
2336 4000 2443 4051 est.
2477 4000 2593 4050 Aut

952 4092 1108 4143 certe
1136 4086 1282 4143 illud
1311 4104 1323 4141 :
1360 4086 1659 4142 Helvidius
1690 4090 2004 4157 antequam
2036 4085 2436 4157 pmnitentiam
2470 4100 2593 4154 age-

949 4183 1055 4236 ret.
1087 4181 1270 4232 morte
1299 4180 1628 4249 praventus
1671 4179 1796 4231 est:
1849 4174 2049 4230 statim
2099 4179 2200 4228 aut
2251 4171 2428 4229 Paulo
2459 4177 2593 4245 post

946 4266 1180 4323 vincula
1232 4266 1305 4322 ad
1346 4265 1658 4337 Hispanias
1705 4267 1782 4320 sit
1832 4264 2125 4321 eundum:
2177 4266 2281 4318 aut
2332 4261 2589 4317 Helvidio

946 4356 1288 4428 poenitentia
1317 4354 1542 4427 agenda
1581 4358 1712 4426 post
1760 4358 2046 4420 mortem;
2101 4367 2238 4406 cum
2291 4350 2592 4422 Scriptura

948 4444 1139 4498 dicat:
1218 4444 1280 4498 In
1355 4444 1573 4513 inferno
1643 4447 1834 4497 autem
1909 4442 2031 4512 quis
2085 4438 2432 4509 conﬁtebitur
2484 4439 2592 4494 tibi

948 4531 1118 4602 (Psal.
1146 4546 1224 4597 v1,
1274 4530 1376 4601 6)?
1424 4537 1507 4585 Ac
1547 4546 1663 4585 non
1712 4528 1906 4602 potius
1960 4528 2038 4583 sit
2084 4526 2589 4600 intelligendum‘,
2619 4557 2665 4622 D

948 4619 1102 4691 quod
1141 4619 1269 4673 ante
1313 4618 1667 4689 praepositio,
1723 4616 1857 4673 licet
1903 4634 2055 4689 szepe
2106 4616 2586 4688 consequentiam

947 4707 1186 4777 indicet,
1218 4710 1412 4763 tamen
1447 4706 1600 4762 208
1631 4722 2051 4778 nonnunquam
2083 4723 2151 4762 ea
2198 4710 2429 4761 tantum
2460 4722 2586 4777 quae

946 4796 1109 4869 prius
1139 4795 1566 4869 cogitabuntur,
1600 4794 1886 4849 ostendat.
1923 4793 2082 4850 Unde
2113 4811 2217 4850 nec
2248 4809 2482 4851 necesse
2512 4792 2590 4849 sit

947 4891 1012 4942 ut
1065 4887 1321 4961 cogitata
1368 4884 1532 4955 ﬁant,
1562 4900 1695 4939 cum
1729 4884 1884 4939 aliud
1918 4884 2047 4939 ideo
2088 4884 2484 4950 intervenerit,
2518 4899 2591 4939 ne

1018 5149 1034 5180 ι
1063 5144 1414 5201 Veronensis
1444 5147 1679 5204 voculas
1727 5164 1871 5215 eam,
1917 5150 1973 5204 et
2019 5152 2200 5205 autem
2248 5165 2360 5206 non
2390 5147 2584 5205 habet.

1016 5215 1038 5251 ²
1068 5217 1228 5272 Idem
1258 5235 1292 5271 a
1321 5218 1549 5274 Domino
1579 5236 1681 5289 pro
1726 5220 1793 5275 ab
1823 5222 2035 5287 angelo.

1015 5289 1196 5363 3AErat
1227 5291 1399 5343 antea
1449 5291 1747 5363 navigavit,
1798 5297 1855 5363 et
1897 5293 2011 5346 nisi
2059 5293 2117 5346 in
2182 5308 2242 5346 eo
2289 5295 2454 5363 portu
2486 5308 2589 5363 pro

944 5360 1137 5434 nisiei
1167 5362 1428 5430 inportu,
1482 5362 1637 5434 quod
1683 5378 1749 5416 ex
1796 5361 2146 5418 Veronensis
2201 5360 2311 5418 ms.
2349 5360 2585 5434 recipio.

1016 5433 1038 5465 ⁴
1064 5431 1221 5486 Idem
1269 5430 1618 5486 Veronensis
1658 5447 1723 5485 ac
1767 5447 1878 5485 non
1919 5435 2230 5505 potiusisic
2278 5430 2591 5505 intelligen-

943 5503 1093 5568 dum,
1117 5507 1174 5558 et
1204 5518 1338 5578 mox
1363 5516 1514 5578 saepe
1538 5505 1589 5557 et
1617 5503 1998 5578 consequentia
2041 5504 2289 5566 indicet;
2320 5511 2377 5561 et
2419 5503 2590 5578 paulo

949 5573 1249 5655 postunde
1278 5572 1626 5655 vocabulum
1658 5590 1772 5629 non
1807 5572 2002 5655 habet.

1017 5648 1038 5688 δ
1072 5647 1293 5711 Uterum
1349 5648 1641 5709 tumentem
1706 5660 1868 5727 pene,
1926 5650 2035 5705 etc.
2094 5645 2187 5704 Sic
2246 5647 2306 5709 in
2362 5648 2590 5725 caputI

2700 3291 2908 3363 gnum]
2946 3305 3016 3344 ea:
3074 3292 3469 3362 vobis-metipsis
3522 3289 3679 3360 (Ibid.
3738 3291 3831 3357 23,
3877 3291 3968 3345 24.
4028 3291 4261 3346 Necnon
4291 3295 4351 3347 et

2701 3377 2870 3435 alibi:
2902 3379 2966 3434 Et
3013 3381 3135 3450 quis
3185 3379 3282 3434 ille
3330 3378 3506 3447 homo,
3557 3381 3651 3433 cui
3695 3377 4018 3450 desponsata
4073 3388 4152 3435 est
4183 3395 4346 3447 uxor,

2696 3471 2749 3521 et
2778 3483 2885 3522 non
2917 3470 3123 3538 accepit
3157 3468 3239 3534 [Al
3280 3468 3533 3539 accipiet]
3590 3471 3757 3523 eam?
3805 3467 3972 3523 Vadat
4014 3477 4065 3523 et
4110 3476 4350 3525 reverta-

2702 3559 2794 3609 tur
2823 3557 2882 3609 in
2907 3555 3128 3611 domum
3168 3573 3352 3625 suam,
3397 3572 3469 3610 ne
3509 3557 3648 3626 forte
3678 3557 3951 3611 moriatur
3997 3557 4058 3611 in
4107 3557 4262 3623 bello,
4294 3566 4349 3614 et

2699 3645 2855 3700 homo
2884 3645 3032 3699 alius
3061 3646 3296 3715 accipiat
3325 3660 3447 3699 eam
3476 3644 3651 3716 (Deut.
3686 3661 3778 3709 xx,
3821 3647 3899 3714 7).
3941 3644 4001 3701 Si
4031 3646 4121 3701 cui
4151 3649 4348 3701 autem

2701 3732 3021 3805 scrupulus
3061 3738 3464 3790 commovetur
3511 3750 3691 3805 quare
3740 3735 4114 3806 desponsata,
4147 3738 4203 3788 et
4231 3750 4349 3789 non

2700 3810 2897 3895 potius
2937 3821 3063 3877 sine
3121 3838 3358 3894 sponso,
3418 3823 3537 3879 sive
3596 3823 3682 3894 (ut
3731 3822 4035 3894 Scriptura
4075 3820 4347 3895 appellat)

2702 3910 2930 3978 marito,
2987 3910 3151 3983 virgo
3211 3911 3561 3982 conceperit,
3630 3911 3777 3967 sciat
3825 3910 4113 3984 triplicem
4162 3911 4345 3966 fuisse

2699 3999 3006 4055 rationem.
3072 3999 3292 4070 Primo,
3354 4003 3420 4054 ut
3487 4015 3588 4071 per
3650 3998 4047 4072 genealogiam
4097 3997 4341 4070 Joseph,

2700 4089 2871 4158 cu'jus
2899 4087 3085 4143 Maria
3131 4090 3379 4158 cognata
3421 4092 3570 4154 erat,
3617 4088 3821 4161 origo6
3868 4104 4099 4159 quoque
4151 4087 4346 4143 Marias

2700 4180 3144 4233 monstraretur.
3207 4177 3380 4232 209.
3439 4176 3726 4245 Secundo,
3799 4193 3871 4232 ne
3927 4177 4099 4247 juxta
4153 4175 4345 4249 legem

2700 4266 2881 4339 Moysi
2912 4270 2978 4320 ut
3006 4264 3272 4323 adultera
3301 4265 3664 4338 Iapidaretur
3692 4284 3727 4323 a
3766 4265 4001 4339 populo.
4033 4265 4247 4333 Tertio,
4281 4270 4346 4323 ut

2698 4357 2772 4411 ad
2816 4356 3126 4429 {Egyptum
3175 4354 3404 4427 fugiens
3453 4355 3693 4412 haberet
3740 4355 4034 4425 solatium,
4084 4355 4346 4412 custodis

2700 4444 2901 4516 potius
2946 4460 3122 4516 quam
3174 4443 3390 4499 mariti.
3441 4444 3583 4509 Quis
3629 4445 3785 4500 enim
3833 4445 3894 4500 in
3942 4449 4202 4516 tempore
4244 4443 4346 4500 illo

2699 4532 3047 4590 credidisset
3073 4531 3296 4606 Virgini
3342 4533 3413 4589 de
3461 4536 3662 4589 sancto
3712 4549 3839 4590 eam
3889 4532 4110 4606 Spiritu
4143 4548 4348 4590 conce-

2699 4622 2892 4695 pisse;
2943 4620 3172 4677 venisse
3240 4620 3547 4695 angelum"
3594 4621 3848 4689 Gabriel,
3918 4621 4018 4678 Dei
4063 4622 4351 4701 detulisse

2699 4711 3045 4766 mandatum
3075 4727 3088 4777 ;
3119 4726 3185 4765 ac
3216 4725 3337 4767 non
3370 4712 3560 4784 magis
3588 4710 3757 4783 quasi
3802 4709 4152 4777 adulteram,
4177 4711 4351 4781 juxta

2699 4798 3030 4870 exemplum
3063 4799 3367 4866 Susanna,
3412 4800 3713 4855 sententiae
3763 4799 4028 4855 omnium
4071 4799 4349 4855 condem-

2698 4892 2958 4957 nassent,
2990 4904 3126 4944 cum
3162 4888 3350 4957 hodie,
3378 4892 3498 4944 toto
3521 4889 3648 4959 jam
3671 4888 3939 4945 credente
3971 4888 4213 4955 mundo,
4253 4904 4346 4943 ar-

2699 5148 2971 5219 Matthzei,
3005 5150 3109 5220 Qui
3134 5165 3270 5224 pene
3316 5146 3541 5204 licentia
3595 5149 3848 5207 maritali
3895 5147 4103 5224 fatum
4151 5148 4348 5204 uxoris

2697 5225 2882 5279 omnia
2913 5226 3152 5278 noverat.
3188 5222 3470 5276 MARTIAN.

2767 5296 2788 5329 δ
2818 5295 2879 5349 Id
2913 5310 2978 5349 eo
3011 5294 3124 5348 ﬁne
3155 5291 3478 5363 praestitum
3511 5295 3675 5348 notat
3715 5291 4029 5359 Victorius,
4074 5296 4140 5346 ut
4177 5290 4346 5363 ejus:

2699 5365 2831 5446 dem
2873 5362 3289 5446 tribu_s__fuisse
3334 5362 3517 5446 Maria
3565 5368 4026 5446 monstraretur,
4065 5362 4347 5446 ne‘quod

2699 5435 3213 5508 legcuprohibitum
3241 5438 3382 5501 erat,
3414 5435 3589 5508 Num.
3632 5452 3821 5500 xxxvr,
3868 5434 4104 5508 alterius
4153 5434 4349 5491 tribus

2698 5505 2903 5562 ab'ill'a
2929 5505 3167 5576 Josephi
3202 5505 3426 5561 assumi
3457 5507 3519 5561 in
3551 5523 3793 5562 uxorem
3825 5507 4150 5562 videretur.

2768 5579 2789 5613 ⁷
2837 5580 3017 5655 Vetus
3066 5576 3533 5655 edi_tio_.._venisse‘
3572 5577 3647 5655 ad
3690 5594 3818 5634 eum
3876 5578 4148 5655 angelum,
4196 5580 4345 5655 etc.;

2697 5652 2825 5712 tum
2854 5648 3206 5714 Veronensis
3233 5647 3403 5725 liber,
3431 5649 3534 5709 Dei
3556 5650 3733 5732 fuisse
3758 5647 4103 5713 mandatum.
