4100 6156
334 282 443 346 19⁸1

1125 280 1228 346 DE
1272 275 1693 347 PERPETUA
1736 274 2249 345 VlRGINITATE
2291 274 2365 343 Β.
2410 276 2683 344 MARl/E
2726 278 2984 345 LIBER.

3619 281 3737 346 £98

341 418 763 491 gumententur
789 416 998 486 Judmi,
1052 418 1237 473 Isaia1
1287 418 1536 484 dicente,
1581 419 1709 473 Ecce
1740 420 1892 486 virgo
1921 418 1981 471 in
2010 418 2063 483 Α
2095 432 2324 471 uxorem
2380 432 2558 483 suam,
2610 422 2661 471 et
2710 432 2816 472 non
2865 418 3214 486 cognoscebat
3252 430 3395 482 eam,
3438 417 3606 473 donec
3651 434 3737 489 pe—

330 517 482 563 utero
534 506 821 571 concipiet,
876 510 927 561 et
973 509 1155 579 pariet
1209 508 1392 578 ﬁlium
1447 508 1572 577 (Isa.
1603 524 1705 571 v11,
1754 507 1867 577 14,)
1913 506 1973 560 in
2079 505 2447 576 perit/ilium,
2481 514 2531 560 et
2570 508 2778 560 vocavit
2823 522 3022 561 nomen
3067 508 3181 577 ejus
3226 508 3408 563 Iesum
3451 507 3659 575 (Matth.
3696 524 3734 569 ι,

331 597 566 652 Hebraeo
588 594 948 664 juvenculam
1001 596 1284 667 scriptum
1345 612 1493 659 esse,
1534 612 1648 651 non
1680 596 1976 664 virginem,

330 685 389 738 id
449 688 559 750 est,
605 700 818 745 AALMA,
868 700 984 737 non
1046 684 1353 738 neruum?
1410 683 1707 739 Adversus
1738 699 1885 754 quos
1917 682 1977 736 in

335 771 453 827 alio
480 770 601 827 loco
658 770 1089 843 competentius
1137 772 1517 828 disseremus.
1578 772 1839 842 Denique
1889 786 1981 825 ex-

335 865 504 933 cepto
526 859 764 931 Ioseph,
799 867 854 915 et
882 858 1201 929 Elisabeth,
1231 865 1289 915 et
1326 860 1457 932 ipsa
1507 860 1708 927 Maria,
1743 860 1981 932 paucis—

331 964 448 1020 que
477 948 821 1013 admodum,
851 947 902 1003 si
930 966 1078 1021 quos
1127 950 1200 1004 ab
1250 948 1347 1004 his
1397 949 1633 1004 audisse
1663 964 1982 1020 possumus

258 1062 271 1071 ~
327 1037 645 1105 estimare,
669 1054 875 1092 omnes
902 1038 1104 1093 Iesum
1130 1037 1315 1093 ﬁlium
1340 1038 1711 1093 testimabant
1728 1037 1979 1109 Joseph;

324 1127 650 1191 intactum,
684 1128 749 1179 ut
787 1126 962 1179 etiam
1012 1125 1394 1197 Evangelistaa
1444 1125 1776 1198 Opinionem
1824 1124 1983 1197 vulgi

325 1214 743 1286 exprimentes,
777 1230 905 1283 quae
955 1230 1089 1269 vera
1140 1213 1397 1269 historia:
1447 1212 1535 1268 lex
1579 1218 1668 1268 est
1686 1215 1728 1281 ³,
1760 1218 1983 1285 patrem

323 1318 465 1358 eum
496 1301 755 1356 dixerint
786 1301 1125 1366 Salvatoris,
1160 1306 1225 1356 ut
1255 1301 1359 1368 ibi,
1399 1305 1475 1355 Et
1519 1304 1667 1357 venit
1696 1302 1755 1355 in
1785 1303 1987 1373 spiritu

324 1396 387 1446 in
417 1391 688 1462 templum
721 1390 900 1461 (haud
962 1390 1209 1445 dubium
1263 1390 1406 1462 quin
1467 1390 1747 1461 Simeon,)
1786 1398 1989 1445 etcum

325 1479 657 1535 inducerent
683 1488 933 1550 parentes
973 1479 1094 1550 ejus
1130 1495 1368 1550 puerum
1412 1481 1614 1543 Iesum,
1665 1487 1725 1535 ut
1751 1481 1992 1549 facerent

324 1569 392 1624 de
419 1568 520 1623 illo
570 1567 873 1623 secundum
918 1568 1367 1623 consuetudinem
1415 1569 1545 1638 legis
1583 1568 1735 1638 (Luc.
1769 1585 1831 1634 ιι,
1873 1567 1988 1637 27.)

325 1658 397 1712 Et
428 1655 610 1711 alibi:
645 1658 708 1710 Et
736 1660 905 1710 erant
949 1660 1108 1725 pater
1156 1658 1314 1711 illius
1362 1664 1413 1711 et
1448 1664 1626 1711 mater
1654 1656 1991 1711 admirantes

2084 595 2175 658 24,
2205 595 2321 661 25.)
2370 595 2428 648 In
2481 610 2596 664 quo
2622 594 2887 665 primum
2920 594 3286 650 adversarius
3319 596 3612 665 superﬂuo
3651 595 3736 650 la-

2087 683 2225 737 bore
2256 683 2527 745 desudat,
2561 683 2949 755 cognoscendi
2984 684 3223 738 verbum
3254 683 3324 737 ad
3357 682 3574 738 coitum
3607 700 3738 738 ma-

2087 770 2201 844 gis,
2233 786 2406 841 quam
2461 771 2531 825 ad
2595 771 2900 825 scientiam
2959 771 3367 827 referendum:
3428 771 3598 843 quasi
3629 771 3739 827 hoc

2090 860 2407 931 quisquam
2440 861 2755 930 negaverit,
2808 865 2864 915 et
2909 876 3008 914 eas
3054 858 3306 932 ineptias
3352 875 3502 930 quas
3542 860 3739 915 redar-

2090 948 2236 1020 guit,
2270 946 2587 1019 aliquando
2616 949 2877 1019 prudens
2927 948 3221 1020 quispiam
3255 948 3509 1020 potuerit
3541 948 3739 1020 suspi-

2092 1037 2228 1092 cari.
2269 1036 2483 1091 Deinde
2510 1036 2635 1091 vult
2664 1037 2887 1103 docere,
2939 1038 3093 1109 quod
3143 1039 3337 1103 donec,
3390 1037 3511 1092 sive
3550 1054 3739 1108 usque,

2093 1125 2429 1180 adverbium
2455 1126 2496 1191 ⁵,
2528 1131 2747 1179 certum
2782 1130 3016 1197 tempus
3065 1126 3392 1197 signiticet:
3429 1143 3543 1198 quo
3581 1142 3743 1181 com-

2095 1213 2248 1285 pleto
2282 1214 2385 1267 ﬁat
2413 1213 2493 1279 id,
2534 1214 2688 1284 quod
2723 1231 2910 1283 usque
2960 1215 3029 1267 ad
3083 1214 3230 1268 illud
3279 1214 3558 1286 temporis
3586 1214 3741 1285 quod

2097 1302 2503 1374 praescriptum
2552 1307 2661 1369 est,
2710 1319 2824 1357 non
2872 1302 3067 1367 ﬁebat,
3119 1301 3277 1355 velut
3316 1302 3373 1356 in
3428 1302 3738 1374 praesenti:

2098 1393 2163 1446 Et
2233 1407 2343 1445 non
2418 1391 2763 1461 cognoscebat
2818 1406 2958 1455 eam,
3029 1389 3195 1444 donec
3261 1392 3476 1461 peperit
3539 1390 3740 1459 ﬁlium.

2100 1483 2376 1550 Apparet,
2451 1478 2664 1550 inquit,
2720 1479 3014 1549 cognitam
3093 1494 3223 1533 esse
3295 1484 3430 1549 post
3485 1483 3741 1550 partum,

2099 1570 2269 1637 cujus
2300 1567 2691 1639 cognitionem
2720 1567 2821 1621 ﬁlii
2846 1572 3073 1622 tantum
3102 1567 3405 1623 differebat
3426 1568 3742 1637 generatio.

2100 1658 2170 1712 Et
2209 1656 2279 1711 ad
2332 1657 2440 1711 hoc
2492 1652 2934 1728 approbandum
2985 1657 3246 1728 congerit
3299 1656 3370 1711 de
3427 1656 3747 1728 Scripturis

286 1761 495 1816 .super
522 1745 610 1798 his
640 1761 760 1814 quae
789 1744 1114 1800 dicebantur
1165 1747 1240 1800 de
1295 1760 1354 1799 eo
1404 1745 1562 1815 (Ibid.
1614 1746 1726 1815 33.)
1765 1746 1833 1799 Et
1862 1762 1991 1799 rur-
2020 1784 2069 1847 B
2101 1744 2365 1816 exempla
2411 1745 2867 1816 quamplurima,
2928 1762 3089 1800 more
3140 1745 3564 1801 andabatarum
3622 1744 3748 1818 gla-

327 1850 467 1889 sum
491 1851 509 1886 :
543 1834 607 1887 Et
634 1834 792 1888 ibant
811 1837 1071 1904 parentes
1119 1834 1237 1903 ejus
1280 1849 1380 1903 per
1421 1850 1631 1887 annum
1669 1836 1731 1887 in
1759 1838 1990 1889 Jerusa-

330 1924 445 1979 lem
473 1924 535 1975 in
578 1922 813 1977 solemni
857 1921 946 1977 die
992 1920 1216 1977 Pascha:
1264 1921 1424 1992 (Ibid.
1470 1922 1579 1991 41.)
1629 1924 1707 1976 Ac
1737 1922 1984 1977 deinde:

338 2013 408 2066 Et
462 2011 729 2082 completis
786 2010 976 2065 diebus
1049 2026 1173 2065 eum
1238 2015 1658 2079 reverterentur,
1727 2014 1993 2067 remansit

337 2101 643 2173 puerIesus
674 2102 732 2153 in
777 2099 1106 2164 Jerusalem,
1154 2103 1207 2153 et
1257 2116 1368 2154 non
1397 2109 1758 2171 cognoverunt
1793 2117 1990 2172 paren-

343 2199 428 2244 tes
452 2190 567 2259 ejus
589 2187 750 2258 (Ibid.
779 2187 892 2258 43.)
942 2189 1073 2259 Ipsa
1118 2204 1350 2260 quoque
1398 2189 1581 2244 Maria
1618 2206 1745 2260 quae
1776 2191 1846 2244 ad
1880 2190 1990 2245 Ga-

337 2277 585 2334 brielem
640 2277 1042 2347 responderat,
1104 2277 1329 2345 dicens,
1386 2278 1659 2345 Quomodo
1713 2280 1817 2333 erit
1873 2278 1990 2344 hoc,

335 2368 470 2438 quia
502 2367 689 2419 virum
716 2381 827 2419 non
858 2366 1097 2434 cognovi,
1140 2365 1280 2435 quid
1330 2365 1400 2419 de
1446 2365 1658 2438 Juseph
1710 2364 1989 2436 loquitur,

334 2454 647 2510 ausculta:
699 2454 829 2516 Fili,
876 2453 1007 2524 quid
1052 2455 1235 2524 fecisti
1295 2454 1449 2508 nobis
1495 2456 1620 2508 sic?
1666 2456 1794 2509 Ecce
1841 2463 1995 2523 pater

334 2553 466 2599 tuus
520 2545 571 2596 et
631 2558 749 2610 ego,
808 2541 1046 2597 dolentes
1115 2542 1511 2613 qua’rcbamus'
1549 2547 1601 2598 te
1655 2543 1817 2610 (Ibid.
1879 2544 1992 2613 48.)

336 2632 463 2687 Non
495 2631 593 2684 hic
623 2630 960 2685 Judteorum
985 2632 1027 2697 ³,
1063 2638 1126 2685 ut
1175 2630 1435 2703 plerique
1484 2636 1991 2703 argumentantur,

336 2737 454 2776 non
484 2718 866 2774 illudentium
894 2736 1001 2774 vox
1048 2724 1154 2775 est.
1210 2719 1588 2792 Evangelistze
1639 2726 1864 2793 patrem
1895 2721 1994 2775 Jo-

338 2808 482 2880 seph
518 2808 764 2863 dicunt:
802 2811 1027 2879 patrem
1080 2808 1264 2864 Maria
1320 2810 1646 2865 conﬁtetur.
1681 2810 1804 2864 Non
1838 2811 1991 2882 quod

341 2900 429 2968 (ut
486 2896 766 2969 superius
820 2895 1091 2963 iudicavi)
1141 2913 1271 2952 vere
1333 2902 1497 2969 pater
1540 2898 1757 2970 Juseph
1825 2899 1999 2954 fuerit

339 2985 697 3052 Salvatoris;
734 2985 836 3039 sed
868 2985 1023 3055 quod
1055 2986 1124 3039 ad
1158 2986 1377 3041 famam
1410 2987 1603 3041 Mariae
1652 2980 1996 3043 conservan-

342 3074 504 3144 dam,
538 3079 706 3147 pater
737 3074 814 3128 sit
843 3074 916 3127 ab
949 3074 1224 3129 omnibus
1245 3075 1266 3107 ⁸
1313 3074 1658 3140 mstimatus,
1707 3077 1806 3147 qui
1837 3082 1997 3132 ante-

2099 1835 2263 1889 dium
2315 1835 2336 1867 ⁶
2395 1835 2451 1888 in
2513 1834 2772 1889 tenebris
2817 1833 3127 1897 ventilans,
3173 1839 3229 1888 et
3271 1832 3485 1906 linguae
3536 1850 3745 1889 sonum

2099 1924 2167 1978 ad
2200 1923 2587 1979 confodienda
2618 1923 2709 1977 sui
2742 1928 2969 1978 tantum
3006 1922 3265 1995 corporis
3314 1924 3580 1979 membra
3609 1940 3745 1978 cou-

2101 2012 2347 2067 cutiens.

2168 2103 2222 2155 6.
2255 2103 2632 2173 Hieronymus.
2663 2133 2731 2141 -——
2762 2103 2846 2155 Ad
2878 2102 3032 2173 quod
3078 2119 3183 2157 nos
3229 2102 3484 2157 breviter
3514 2119 3750 2175 respon-

2100 2191 2331 2255 demus,
2391 2197 2444 2244 et
2497 2192 2864 2260 cognoscebat,
2914 2199 2963 2245 ct
3020 2207 3205 2263 usque,
3274 2207 3629 2257 sermonem,
3689 2191 3748 2246 in

2101 2278 2419 2350 Scripturis
2469 2279 2713 2345 sanctis,
2768 2278 3080 2350 dupliciter
3131 2278 3395 2350 intelligi.
3450 2280 3516 2333 Et
3564 2280 3634 2334 de
3681 2296 3748 2334 eo

2102 2366 2336 2437 quidem
2370 2366 2523 2437 quod
2552 2367 2837 2438 scriptum
2867 2370 2976 2432 est,
3010 2367 3375 2435 cognoscebat,
3408 2367 3479 2420 ad
3525 2366 3747 2422 coitum

2102 2470 2230 2509 esse
2260 2453 2651 2519 referendum,
2686 2453 2812 2524 ipse
2848 2452 3165 2507 disseruit:
3217 2451 3378 2506 nullo
3420 2452 3746 2521 dubitante,

2102 2542 2244 2613 quin
2278 2542 2348 2596 ad
2380 2542 2682 2597 scientiam
2716 2558 2864 2613 smpe
2895 2542 3201 2610 referatur,
3252 2546 3317 2595 ut
3361 2541 3438 2595 ibi
3466 2557 3478 2594 :
3513 2542 3747 2596 Reman-

2101 2632 2171 2687 sit
2202 2648 2337 2702 puer
2363 2633 2517 2686 Iesus
2549 2632 2609 2685 in
2644 2631 2949 2686 Ierusalem
2989 2638 3040 2685 ct
3087 2646 3196 2685 non
3248 2634 3612 2700 cognoverunt
3644 2648 3750 2702 pa-

2104 2728 2281 2775 rentes
2309 2722 2444 2791 ejus.
2479 2720 2645 2774 Nune
2690 2717 2833 2774 illud
2883 2725 2971 2773 est
3019 2709 3469 2785 ostendendum,
3512 2724 3574 2773 ut
3605 2736 3748 2791 quo-

2106 2810 2278 2864 modo
2320 2808 2400 2862 ibi
2448 2807 2935 2863 consuetudinem
2994 2808 3304 2879 Seripturte
3356 2812 3592 2863 secutus
3639 2812 3747 2876 est,

2106 2898 2189 2952 sic
2219 2898 2395 2953 etiam
2429 2897 2487 2950 in
2518 2897 2703 2963 donec,
2756 2896 3020 2967 ejusdem
3063 2896 3379 2968 Scriptura:
3406 2897 3749 2953 auctoritate

2106 2987 2430 3057 frangatur,
2463 3002 2591 3056 quae
2622 3001 2772 3055 saepe
2804 2990 3027 3039 certum
3052 2988 3284 3056 tempus
3307 2984 3396 3056 (ut
3418 2985 3542 3055 ipse
3563 2985 3749 3040 disse-

2106 3076 2244 3146 ruit)
2276 3073 2333 3127 in
2368 3075 2497 3145 ejus
2519 3074 2922 3145 assumptione
2944 3073 3255 3145 signiﬁcat,
3282 3090 3433 3145 saepe
3453 3074 3749 3130 inﬁnitum

345 3180 524 3235 quam
567 3166 909 3218 moneretur
965 3163 1037 3217 ab
1086 3162 1329 3235 angelo:
1382 3164 1601 3234 Ioseph,
1659 3166 1746 3235 ﬁli
1802 3166 1993 3231 David,
2027 3152 2069 3217 C
2111 3168 2173 3218 ut
2202 3168 2291 3219 est
2319 3162 2486 3229 illud,
2519 3164 2672 3235 quod
2702 3162 2854 3218 Deus
2885 3162 2956 3216 ad
2987 3162 3277 3234 quosdam
3310 3163 3451 3219 211
3494 3161 3754 3235 loquitur

344 3268 416 3307 ne
441 3253 710 3309 timueris
755 3254 999 3323 accipere
1043 3252 1273 3306 Mariam
1321 3253 1605 3323 coniugem
1640 3256 1830 3314 tuam;
1860 3252 2000 3325 quod

351 3343 501 3395 enim
527 3344 589 3395 in
616 3356 681 3394 ea
710 3343 905 3394 natum
933 3343 1030 3406 est,
1080 3340 1146 3396 de
1191 3340 1403 3412 Spiritu
1450 3347 1640 3397 sancto
1672 3344 1749 3396 est
1781 3343 1995 3410 (Matth.

358 3446 397 3494 ι,
424 3429 539 3499 20,)
572 3428 867 3501 cogitabat
917 3428 1140 3484 occulte
1193 3430 1485 3485 dimittere
1536 3447 1683 3486 eam.
1722 3432 1876 3487 210
1906 3433 1998 3486 In-

356 3521 590 3572 tantum
646 3534 818 3573 suum
879 3534 990 3572 non
1049 3535 1199 3585 esse,
1256 3520 1357 3590 qui
1414 3525 1731 3591 conceptus
1790 3520 1997 3586 fuerat,

363 3606 702 3661 conﬁdebat.
734 3606 844 3662 Sed
873 3606 996 3676 jam
1055 3607 1198 3661 satis
1257 3608 1502 3663 docendi
1562 3610 1774 3680 magis,
1818 3626 1996 3679 quam

296 3711 319 3747 .·
389 3695 742 3766 espondendi
799 3696 995 3751 studio
1052 3695 1419 3767 disputatum
1476 3700 1584 3763 est,
1648 3715 1752 3752 cur
1778 3698 1995 3770 Juseph

344 3786 515 3855 pater
542 3783 795 3851 Domini,
823 3800 929 3839 cur
959 3784 1137 3840 Maria
1173 3783 1462 3857 appellata
1507 3786 1582 3840 sit
1628 3787 1842 3857 conjux
1872 3804 1884 3841 :
1936 3786 1995 3843 in

344 3888 464 3942 quo
494 3875 551 3926 et
582 3872 691 3927 hoc
734 3872 985 3928 breviter
1038 3872 1388 3941 continetur,
1445 3890 1550 3929 cur
1605 3875 1814 3930 fratres
1867 3877 1996 3947 ejus

344 3961 587 4032 quidam
612 3978 742 4017 esse
770 3962 1060 4017 dicantur.

410 4052 464 4105 5.
498 4051 802 4106 Helvidius.
834 4083 903 4091 —-
932 4051 1149 4107 Verum
1207 4052 1347 4124 quia
1404 4070 1580 4108 suum
1632 4053 1823 4110 locum
1858 4053 1994 4109 huic

342 4138 788 4211 quzestiunculm
838 4156 1225 4207 reservamus,
1284 4147 1342 4196 et
1398 4148 1468 4196 ad
1503 4141 1727 4215 reliqua
1758 4144 1994 4198 festinat

342 4228 574 4284 oratio:
639 4246 795 4284 nunc
851 4228 993 4284 illud
1054 4235 1143 4285 est
1199 4230 1633 4299 disserendum,
1695 4233 1990 4303 quomodo

342 4316 645 4389 Scriptura
677 4318 869 4374 dicat:
902 4320 1210 4389 Exsurgens
1237 4328 1420 4375 autem
1459 4322 1652 4392 Ioseph
1702 4339 1735 4375 a
1781 4337 1988 4389 somno,

337 4404 467 4471 fecit
516 4405 662 4459 sicut
714 4407 968 4476 prtecepit
1009 4407 1062 4460 ei
1116 4406 1342 4477 angelus
1392 4408 1631 4474 Domini,
1688 4411 1740 4464 et
1784 4411 1992 4481 accepit

411 4601 425 4633 ¹
460 4601 605 4678 Isaia
629 4601 862 4678 dicente.
897 4602 1101 4678 Addita
1125 4605 1272 4678 bene
1290 4605 1489 4678 multa.
1535 4605 1825 4678 reperiﬂac
1858 4624 1987 4662 mu-

339 4675 492 4757 tata.
518 4673 579 4726 in
611 4674 875 4757 antiquis
904 4675 1260 4757 editionibus
1288 4676 1466 4757 bnjus
1498 4673 1806 4757 apii-sculi;
1834 4679 1989 4757 sicut

340 4741 447 4822 boc
477 4742 627 4822 loco,
661 4741 803 4822 Isaia
832 4746 1054 4822 docente
1079 4747 1145 4801 de
1174 4748 1347 4803 Maria
1365 4741 1450 4822 iet
1483 4741 1817 4822 virginitate
1843 4753 1982 4822 ejus.

341 4814 476 4876 Qua
518 4814 578 4868 in
636 4815 1124 4893 nullo_legun_t_ur
1179 4819 1494 4892 exemplari
1533 4814 1983 4893 rmanuscripto,

342 4900 587 4959 qumque
616 4888 916 4959 superﬂua
970 4888 1607 4946 videbuntur—erudito
1664 4888 1888 4957 lectori,
1935 4888 1986 4948 si

341 4957 629 5029 tantisper
686 4957 914 5015 animos
972 4961 1286 5017 attenderit
1342 4964 1413 5017 ad
1472 4968 1807 5019 contextum
1859 4963 1987 5019 Hie-

338 5045 441 5082 ron
449 5029 586 5099 ymi.
622 5029 909 5086 MARTIAN.

409 5104 656 5177 ,—A_nte
706 5102 1109 5177 Martianaeum
1160 5103 1299 5158 editi
1348 5105 1595 5169 addunt,
1648 5107 1748 5160 sed
1781 5121 1985 5177 perpe-

336 5171 737 5250 ramndocente
766 5173 830 5228 de
850 5176 1037 5229 Maria
1067 5179 1118 5229 et
1152 5177 1468 5245 virginitate
1495 5171 1987 5250 ejus._il\‘to){A\_/’e—ro-

336 5245 538 5295 nensis
579 5245 799 5317 aASpirat
847 5260 1043 5301 voc-em
1081 5250 1340 5307 limum.
1384 5245 1562 5317 quam
1595 5247 1732 5302 alibi
1784 5248 1982 5302 Hiero-

334 5328 568 5391 nymus,
604 5315 662 5368 in
716 5317 1118 5391 Quiestionibus
1168 5315 1451 5391 llcbraicis
1502 5320 1557 5372 in
1601 5320 1895 5383 Genesim,
1930 5326 1986 5374 et

333 5388 390 5439 in
408 5388 872 5463 _C_0rr_)mentariis
907 5389 963 5442 in
1001 5388 1702 5463 [saiamrlucgulentissime
1726 5391 1980 5463 exponit.

403 5456 425 5487 ²
454 5454 679 5523 Istluec,
712 5474 838 5528 qua?
868 5477 992 5513 vera
1024 5462 1271 5514 Historia:
1322 5462 1412 5515 lca:
1439 5471 1536 5527 est,
1572 5463 1629 5517 in
1663 5454 1979 5517 Veroueusi

330 5541 446 5608 ins.
475 5543 591 5588 non
624 5527 937 5608 babentur,
989 5533 1165 5608 unde
1192 5532 1511 5589 subdubito
1559 5550 1626 5590 ex
1655 5535 1768 5590 alio
1800 5550 1975 5606 quam

329 5596 668 5673 Hieronymi
700 5596 929 5662 calamo
950 5602 1288 5679 profecisse.

2018 4520 2065 4584 D

2109 3253 2165 3307 in
2202 3252 2524 3324 Propheta:
2558 3254 2667 3321 Ego
2693 3269 2835 3316 sum,
2868 3267 2963 3321 ego
3007 3268 3152 3317 sum,
3196 3260 3249 3306 et
3295 3250 3462 3307 donec
3505 3268 3751 3308 senesca-

2106 3344 2177 3397 tis
2214 3358 2307 3413 ego
2328 3358 2451 3397 sum
2482 3343 2609 3412 (Isa.
2642 3357 2819 3407 mn;
2851 3343 3047 3397 Ierem.
3092 3340 3216 3411 vn.)
3260 3341 3558 3412 Numquid
3591 3345 3752 3413 post-

2110 3441 2285 3502 quam
2316 3429 2397 3484 illi
2428 3429 2747 3495 seuuerint,
2783 3433 2932 3485 Deus
2962 3445 3091 3484 esse
3122 3428 3408 3484 desistet?
3441 3430 3509 3484 Et
3550 3430 3752 3486 Salva-

2107 3524 2199 3575 tor
2224 3519 2280 3573 in
2314 3518 2624 3590 Evangelia
2677 3518 2747 3572 ad
2806 3516 3137 3589 Apostolos.
3198 3518 3325 3573 Ecce
3370 3534 3484 3589 ego,
3534 3519 3749 3591 inquit,

2106 3609 2377 3673 vobiscum
2406 3610 2533 3662 sunt
2562 3608 2810 3661 omnibus
2839 3607 3030 3662 diebus
3071 3622 3241 3677 usque
3291 3606 3360 3660 ad
3404 3622 3749 3663 consumma-

2106 3700 2309 3753 tionem
2352 3697 2540 3752 sazcuti
2586 3695 2802 3764 (Matth.
2852 3712 3049 3763 xxvm,
3092 3695 3208 3765 20.)
3255 3694 3404 3765 Ergo
3456 3699 3585 3766 post
3612 3712 3749 3750 con-

2106 3786 2559 3841 summationem
2608 3784 2801 3840 saeculi
2851 3800 2881 3838 a
2930 3783 3236 3855 discipulis
3285 3783 3409 3839 suis
3466 3784 3750 3842 Dominus

2105 3876 2397 3943 abscedet,
2430 3877 2489 3928 et
2518 3878 2657 3928 tunc
2688 3873 2923 3944 quando
2956 3873 3013 3927 in
3046 3872 3353 3928 duodecim
3388 3873 3550 3928 soliis
3586 3874 3749 3946 judi-

2105 3963 2291 4018 caturi
2323 3968 2462 4018 sunt
2491 3963 2803 4017 duodecim
2833 3962 3020 4016 tribus
3044 3960 3219 4017 Israel
3246 3963 3462 4027 (Matth.
3487 3980 3605 4030 xxx,
3634 3965 3749 4032 38,)

2104 4052 2333 4107 Domini
2384 4052 2676 4105 consortio
2728 4050 3201 4105 fraudabuntur?
3249 4050 3464 4105 Paulus
3514 4067 3748 4123 quoque

2103 4139 2401 4212 apostolus
2433 4138 2749 4194 Corinthiis
2782 4138 3082 4193 scribens:
3118 4139 3410 4205 Primitiae,
3444 4139 3544 4204 ait,
3590 4139 3747 4195 Chri-

2101 4239 2250 4286 stus:
2308 4229 2503 4284 deinde
2554 4229 2614 4283 hi
2662 4229 2759 4299 qui
2811 4234 2940 4281 sunt
2993 4226 3217 4291 Christi,
3266 4227 3363 4297 qui
3412 4228 3473 4281 in
3508 4226 3747 4284 adventu

2098 4321 2216 4391 ejus
2272 4317 2660 4374 crediderunt:
2704 4315 2897 4371 deinde
2952 4315 3103 4387 ﬁnis,
3157 4331 3282 4369 cum
3328 4314 3613 4371 tradiderit
3658 4331 3746 4370 re-

2098 4425 2267 4480 gnum
2296 4410 2398 4463 Deo
2430 4409 2481 4462 ct
2519 4406 2702 4473 Patri,
2736 4421 2860 4459 cum
2880 4404 3215 4461 destruxerit
3234 4419 3449 4460 omnem
3464 4406 3745 4478 principa-

2168 4605 2189 4638 ³
2218 4610 2339 4661 Νοη
2368 4605 2457 4660 hic
2504 4604 2847 4662 Judworum.
2904 4607 3013 4675 Pro
3063 4601 3173 4657 hac
3216 4603 3438 4675 optima
3473 4602 3741 4675 lectione,

2099 4693 2226 4747 quae
2258 4682 2345 4731 est
2376 4678 2640 4731 omnium
2688 4674 3169 4747 mssucodicum,
3222 4674 3500 4747 Erasmus
3530 4680 3589 4728 et
3616 4674 3740 4728 Ma-

2096 4745 2300 4802 rianus
2320 4748 2492 4802 istam
2518 4748 2771 4802 retinent
2795 4763 2807 4799 :
2833 4746 2947 4801 Non
2968 4748 3117 4801 enim
3135 4747 3249 4799 hmc
3270 4745 3605 4809 Iudaeorum,
3629 4748 3736 4798 etc.

2098 4819 2382 4874 Maurus.
2434 4850 2501 4859 —-
2551 4819 2705 4873 [dem
2762 4818 3106 4872 Veronensis
3153 4816 3246 4870 hic
3292 4814 3483 4885 Ioseph
3529 4830 3741 4869 nomen

2096 4907 2213 4944 non
2247 4890 2439 4957 habet,
2471 4891 2649 4943 ferme
2678 4888 3029 4958 elegantius.

2164 4963 2187 4994 ὀ
2215 4962 2393 5025 Idem,
2424 4956 2491 5015 ab
2524 4956 2839 5015 hominibus
2868 4974 2971 5029 pro
3019 4957 3313 5029 omnibus;
3344 4956 3572 5029 deinde,
3611 4960 3705 5029 Ma

2093 5036 2241 5088 riam
2270 5048 2498 5087 uxorem
2528 5048 2631 5101 pro
2660 5030 2947 5100 conjugem
2970 5044 2990 5088 ;
3022 5028 3271 5098 denique
3304 5028 3474 5094 infra,
3518 5028 3739 5097 conﬁte-

2097 5105 2258 5159 batur
2288 5120 2388 5175 pro
2420 5101 2735 5175 conﬁdebat.

2165 5177 2185 5209 ⁵
2198 5168 2331 5231 Erat
2348 5168 3078 5242 antea'a(tvcrbza,plurium
3095 5175 3421 5237 numero,et
3433 5172 3743 5242 signiﬁcent

2163 5248 2184 5281 ⁶
2216 5248 2355 5302 More
2399 5245 2804 5299 (indabatarum
2832 5240 3117 5312 gladium.
3162 5242 3286 5297 Mos
3326 5248 3447 5297 erat
3482 5240 3740 5298 andaba-

2094 5324 2305 5381 tarum,
2341 5318 2458 5370 sive
2490 5315 2813 5387 gladiatura
2846 5336 2873 5387 ιε
2914 5312 3273 5381 hujusmodi,
3306 5314 3522 5387 clausis
3552 5314 3739 5387 oculis

2095 5405 2373 5458 pugnare.
2428 5383 2589 5442 Unde
2636 5388 2761 5458 ipse
2812 5383 3217 5455 Hieronymus,
3268 5388 3422 5441 intra
3470 5386 3570 5440 lib.
3606 5386 3737 5458 uin

2091 5454 2463 5514 Jovinianum
2494 5476 2506 5512 :
2543 5482 2570 5506 ‹‹
2602 5454 2807 5512 Melius
2832 5454 3136 5510 tamen’cst
3159 5458 3396 5524 clausis,
3427 5458 3579 5529 quod
3603 5456 3742 5511 dici-

2096 5536 2206 5593 tur,
2236 5529 2443 5593 oculis,
2496 5530 2918 5583 amlabatarum
2964 5544 3484 5600 imoreLpugnare.
3524 5550 3551 5579 ››
3590 5529 3736 5585 Con-

2092 5601 2218 5661 sule
2246 5601 2539 5662 Chiliades
2570 5600 2931 5680 Adagiorum
2961 5597 3220 5656 Erasmi.‘
3244 5597 3529 5657 Menum.
