5364 6558
2248 284 2313 353 S.
2362 278 2673 361 EU’SEBII
2708 278 3184 365 ΗῑΒΒιΟΝΥΜΙ.
3320 336 3329 341 η
4297 288 4422 361 900

996 430 1114 479 tum
1142 429 1196 480 et
1223 436 1439 495 omnem
1470 420 1799 493 potestatem
1826 420 1880 478 et
1935 422 2221 477 virtutem.
2268 424 2491 493 Oportet
2517 422 2668 478 enim
2694 428 2747 494 Α
2779 426 2903 479 tera
2930 438 3063 479 vero
3094 424 3307 479 nostris
3336 416 3737 495 intelligentim
3768 416 4116 495 derelinqui.
4148 424 4210 483 Si
4258 424 4418 491 enim

994 512 1163 582 illum
1189 527 1441 583 regnare,
1462 510 1630 566 donec
1654 517 1826 580 ponat
1851 525 2038 566 omnes
2089 510 2346 565 inimicos
2374 510 2472 565 sub
2496 510 2664 581 pedi-
2774 510 2965 567 adhuc
3011 510 3229 579 recenti
3273 514 3555 583 tempore,
3605 512 3934 579 viventibus
3979 511 4074 568 his
4117 513 4221 585 qui
4258 512 4419 579 vids-

995 599 1092 655 bas
1119 600 1278 671 ejus;
1307 599 1498 654 omnia
1545 599 1700 654 enim
1750 598 1851 654 sub
1895 598 2130 671 pedibus
2171 600 2291 668 eius
2319 599 2585 669 subjecit‘
2617 599 2664 671 (1
2772 603 2905 654 rant
2959 599 3217 672 Moysen,
3278 598 3614 672 sepulcrum
3681 600 3810 672 ejus
3875 600 4065 673 potuit
4140 602 4419 674 ignorari,

992 687 1113 755 Cor,
1139 705 1234 758 xv,
1266 686 1358 755 23,
1387 687 1501 757 26.)
1532 686 1691 753 Esto,
1723 686 1800 742 de
1852 686 2092 742 homine
2138 686 2362 741 dictum
2407 686 2503 754 sit,
2543 704 2658 745 non
2771 686 2956 743 multo
3020 687 3213 760 magis
3260 687 3622 760 tot‘saeeulis
3676 689 4184 761 praetereuntibus.
4242 688 4421 755 Juxta

991 793 1277 850 negamus
1306 776 1377 841 de
1407 792 1474 832 eo
1506 776 1607 847 qui
1638 791 1852 848 passus
1886 780 1977 832 est
2023 791 2277 843 crucem,
2313 776 2413 847 qui
2457 781 2660 847 postea
2768 776 2923 847 quod
2955 781 3012 832 et
3040 774 3187 843 illud
3219 775 3566 849 intelligitur
3613 777 3684 847 de
3713 777 3952 849 Ioseph,
3980 777 4417 851 Evangelist

990 866 1194 921 sedere
1214 864 1791 935 jubeturadextris.
1844 864 1991 929 Quid
2046 864 2157 921 sibi
2207 863 2330 921 vult
2360 864 2470 920 hoc
2499 866 2655 937 quod
2768 863 2823 921 id
2871 864 3184 933 indicasse,
3236 865 3308 921 de
3357 881 3470 936 quo
3518 866 3862 933 scandalum
3898 868 4415 939 .poteratmoveri,

997 954 1096 1009 ait.
1135 954 1351 1026 Oportet
1400 955 1551 1011 enim
1579 954 1743 1009 illum
1772 970 2026 1025 regnare,
2057 954 2228 1010 donec
2270 958 2443 1024 ponat
2471 970 2655 1011 omnes
2764 969 2881 1009 non
2910 969 3041 1021 eam
3075 953 3371 1026 cognitam
3419 970 3548 1017 esse
3568 970 3603 1009 a
3635 954 3759 1014 viro
3804 971 3910 1021 suo
3958 956 4249 1027 usque.“
4278 972 4415 1028 PN-

976 289 1129 357 4‘99

995 1044 1252 1100 inimicos
1283 1043 1381 1098 sub
1408 1041 1636 1114 pedibus
1662 1043 1780 1114 ejus
1800 1045 1826 1096 .9
1873 1041 2175 1114 Numquid
2207 1042 2413 1098 tandiu
2444 1059 2653 1115 regna-

994 1136 1169 1189 turus
1197 1137 1289 1188 est
1317 1130 1627 1199 Dominus,
1670 1132 1855 1187 donec
1908 1130 2197 1203 incipiant
2247 1147 2376 1187 esse
2427 1131 2650 1187 inimici

994 1219 1109 1276 sub
1139 1219 1388 1292 pedibus
1437 1219 1603 1290 ejus;
1653 1223 1711 1274 et
1740 1223 2054 1291 postquam
2108 1218 2192 1274 illi
2242 1220 2355 1275 sub
2403 1220 2651 1291 pedibus

995 1307 1233 1374 fuerint,
1288 1322 1533 1379 regnare
1562 1305 1843 1363 desistet:
1878 1323 2014 1363 cum
2044 1308 2249 1380 utique
2288 1311 2431 1363 tunc
2461 1307 2650 1381 magis

993 1412 1239 1469 regnare
1267 1395 1526 1466 incipiet,
1559 1412 1696 1453 cum
1740 1394 1966 1452 inimici
2023 1397 2307 1468 cceperint
2359 1412 2487 1453 esse
2536 1397 2648 1452 sub

992 1486 1292 1559 pedibus?
1316 1485 1496 1541 David
1530 1500 1762 1557 quoque
1802 1485 1861 1539 in
1913 1490 2126 1556 quarto
2168 1485 2460 1557 graduum
2492 1484 2646 1557 psal-

988 1591 1125 1631 mo:
1173 1576 1332 1632 Sicut
1376 1574 1524 1631 oculi
1565 1573 1791 1629 ancillae
1833 1574 1896 1628 in
1945 1574 2203 1629 manibus
2232 1574 2467 1630 dominae
2510 1591 2643 1643 suae,

990 1664 1070 1719 ita
1112 1662 1261 1718 oculi
1300 1663 1475 1719 nostri
1512 1661 1584 1717 ad
1622 1662 1915 1716 Dominum
1963 1662 2137 1717 Deum
2174 1665 2440 1730 nostrum,
2480 1663 2647 1719 donec

2764 1045 2911 1109 tum,
2945 1046 3010 1099 ut
3039 1042 3225 1099 multo
3258 1041 3449 1113 magis
3478 1041 3938 1116 intelligeremus
3969 1044 4264 1119 cognitam
4294 1034 4441 1109 non.

2761 1129 2945 1188 fuisse
2973 1135 3106 1203 post
3134 1136 3391 1204 partum,
3425 1147 3459 1186 θ.
3488 1148 3606 1203 qua
3630 1136 3771 1188 tunc
3819 1149 3882 1193 se
3931 1132 4242 1199 abstinuit,
4273 1150 4411 1201 cum

2760 1218 2950 1275 adhuc
2979 1220 3050 1275 de
3078 1220 3300 1277 visione
3330 1223 3561 1292 poterat
3590 1219 3895 1286 fluctuare.

2826 1309 2883 1362 8.
2912 1307 2998 1363 Ad
3029 1324 3348 1375 summam,
3399 1306 3545 1373 illud
3594 1309 3852 1381 requiro,
3902 1325 4084 1378 quare
4124 1326 4188 1367 se
4227 1311 4411 1377 absti-

2758 1396 2953 1451 nuerit
2979 1395 3195 1468 Joseph
3228 1411 3417 1468 usque
3448 1396 3520 1451 ad
3550 1401 3756 1468 partus
3805 1397 3981 1463 diem.
4013 1399 4414 1471 Respondebit

2757 1484 2980 1556 utique,
3030 1484 3171 1555 quia
3217 1484 3491 1557 angelum
3565 1485 3820 1543 audierit
3877 1486 4205 1553 dicentem:
4242 1488 4412 1557 ,Quod

2756 1575 2905 1627 enim
2932 1575 2993 1629 in
3024 1590 3087 1630 ea
3122 1582 3314 1633 natum
3345 1581 3443 1640 est,
3483 1573 3551 1629 de
3589 1574 3802 1646 Spiritu
3837 1583 4028 1641 sancto
4066 1580 4148 1639 est
4195 1577 4410 1649 (Matth.

2728 1679 2795 1730 γι,
2826 1664 2943 1731 20.)
2969 1663 3055 1718 Ad
3091 1662 3248 1734 quod
3277 1679 3384 1719 nos
3432 1663 3762 1732 inferimus,
3812 1669 3872 1723 et
3918 1668 4073 1731 certe
4117 1666 4408 1734 audierat,

985 1753 1316 1808 misereatur
1372 1752 1548 1807 nostri
1613 1750 1786 1822 (Psal.
1845 1766 2021 1815 cxxn,
2079 1752 2160 1823 3.)
2215 1752 2364 1824 Ergo
2431 1753 2638 1809 tandiu
2676 1788 2723 1852 Β
2752 1751 2966 1822 Ioseph,
2999 1752 3086 1822 ﬁli
3113 1751 3307 1818 David,
3355 1768 3423 1809 ue
3464 1753 3655 1809 timeas
3698 1755 3950 1824 accipere
3993 1755 4230 1817 Mariam
4270 1771 4415 1833 uano:

990 1840 1275 1913 Propheta
1330 1838 1532 1896 oculos
1584 1838 1824 1895 habebit
1881 1840 1953 1895 ad
2011 1839 2349 1908 Dominum,
2382 1840 2644 1912 quandiu

987 1928 1457 1987 misericordiam
1488 1928 1786 2002 impetret,
1817 1932 1876 1984 et
1905 1932 2041 2001 post
2067 1928 2443 2001 impetratam
2476 1930 2646 1987 mise-

986 2018 1327 2087 ricordiam,
1377 2017 1579 2074 oculos
1627 2019 1927 2091 torquebit
1982 2018 2041 2073 in
2100 2018 2362 2074 terram?
2418 2019 2526 2083 Qui
2582 2020 2643 2074 in

987 2107 1102 2165 alio
1152 2107 1278 2165 loco
1328 2107 1507 2163 dicit:
1556 2106 1716 2163 Oculi
1758 2110 1869 2164 mei
1914 2107 2236 2179 defecerunt
2296 2108 2358 2162 in
2402 2109 2646 2165 salutare

985 2203 1143 2254 tuum
1168 2201 1223 2254 et
1253 2198 1312 2252 in
1342 2195 1572 2252 verbum
1591 2198 1832 2267 justitia:
1865 2205 1980 2254 tuae
2017 2196 2191 2267 (Psat.
2240 2212 2440 2264 cxvm,
2491 2197 2640 2263 425.)

986 2291 1258 2343 Poteram
1289 2302 1465 2357 super
1492 2285 1602 2341 hoc
1631 2284 2085 2343 innumerabilia
2130 2284 2395 2357 exempla
2432 2300 2642 2357 conge-

993 2390 1139 2443 rere,
1172 2379 1233 2429 et
1261 2390 1494 2430 omnem
1526 2372 1870 2430 lacessentis
1910 2373 2341 2446 procacitatem,
2375 2375 2641 2430 testimo-

987 2464 1221 2520 niorum
1254 2463 1410 2519 nube
1439 2461 1666 2530 celare;
1726 2480 1928 2518 verum
1986 2463 2178 2521 adhuc
2231 2479 2415 2535 pauca
2454 2462 2639 2534 subji-

986 2552 1139 2609 ciam
1160 2553 1202 2620 ²,
1236 2556 1303 2608 ut
1331 2551 1424 2607 his
1456 2549 1674 2611 similia
1703 2550 1826 2622 ipse
1857 2552 1969 2606 sibi
2001 2551 2183 2608 lector
2219 2551 2493 2607 inveniat.

1055 2641 1109 2695 7.
1146 2640 1433 2710 Loquitur
1460 2640 1520 2693 in
1568 2638 1776 2694 Genesi
1823 2656 2015 2695 sermo
2064 2639 2333 2695 divinus:
2368 2642 2433 2695 Et
2462 2641 2636 2696 tradi-

984 2728 1183 2785 derunt
1236 2727 1405 2785 Jacob
1451 2726 1576 2783 deos
1631 2728 1860 2793 alienos,
1923 2730 2020 2799 qui
2074 2733 2233 2784 erant
2287 2730 2349 2785 in
2378 2732 2637 2787 manibus

983 2832 1193 2887 eorum,
1225 2821 1282 2872 et
1303 2817 1529 2871 inaures
1566 2831 1688 2887 quae
1726 2825 1890 2872 erunt
1932 2818 1993 2872 in
2026 2818 2298 2873 auriculis
2330 2833 2539 2874 eorum.
2572 2820 2639 2874 Et

2754 1856 2872 1896 rem
2900 1847 3052 1896 tuam
3096 1840 3253 1911 (Ibid.
3285 1841 3401 1912 20,)
3450 1840 3817 1907 Prohibitum
3860 1841 3913 1903 ei
3962 1842 4153 1907 fuerat
4194 1858 4265 1907 ne
4292 1826 4411 1910 ‘1'9‘

2753 1928 3070 2001 linqueret,
3103 1945 3175 1986 ne
3196 1928 3524 1999 adulteram
3556 1929 3920 1995 existimaret
3938 1947 4200 1989 uxorem.
4220 1931 4412 1998 Num-

2755 2018 2895 2090 quid
2947 2022 3005 2074 et
3051 2035 3086 2074 a
3129 2034 3445 2091 congressu
3505 2018 3772 2091 conjugis
3825 2024 4134 2092 separatus
4191 2020 4406 2090 fuerat,

2752 2123 2887 2162 cum
2919 2106 3123 2179 utique
3152 2124 3224 2162 ne
3254 2112 3626 2179 separaretur
3655 2107 3845 2179 magis
3876 2108 4085 2173 fuisset
4134 2109 4408 2185 admoni-

2752 2194 2897 2251 tus?
2928 2196 2995 2251 Et
3024 2196 3298 2262 audebat,
3333 2196 3549 2268 inquit,
3597 2196 3684 2252 vir
3724 2197 3948 2268 justus,
3996 2197 4097 2254 Dei
4144 2197 4207 2257 in
4238 2203 4407 2263 utero

2753 2283 3000 2341 audiens
3029 2284 3237 2350 ﬁlium,
3275 2285 3347 2343 de
3379 2285 3575 2341 uxoris
3603 2285 3755 2341 coitu
3798 2286 4100 2358 cogitare?
4128 2285 4404 2355 Pulchrp.

2754 2373 2861 2437 Qui
2893 2390 3032 2446 ergo
3064 2373 3293 2429 somnio
3322 2377 3553 2430 tantum
3585 2373 3850 2443 credidit,
3898 2380 3964 2430 ut
4010 2391 4247 2437 uxorem
4280 2392 4404 2441 non

2753 2462 2904 2523 213
2963 2462 3204 2519 auderet
3261 2462 3583 2534 attingere:
3645 2463 3695 2518 is
3752 2467 4061 2535 postquam
4095 2469 4403 2536 pastorum

2750 2567 2886 2607 voce
2914 2555 3278 2623 cognoverat,
3321 2550 3597 2624 angelum
3646 2551 3876 2615 Domini
3922 2552 4152 2613 venisse
4182 2553 4253 2610 de
4282 2570 4405 2620 am-

2748 2639 2843 2706 lis,
2874 2644 2933 2695 et
2962 2640 3180 2703 dixisse
3212 2641 3284 2696 ad
3324 2657 3462 2696 eos:
3509 2641 3693 2697 Nolite
3727 2643 3962 2710 timere;
4000 2657 4118 2704 ecce
4161 2658 4404 2716 evange-

2747 2729 2854 2783 lizo
2872 2728 3022 2784 vobis
3043 2729 3311 2797 gaudium
3348 2744 3632 2798 magnum,
3674 2728 3815 2800 quod
3844 2731 3958 2791 erit
3985 2731 4139 2793 omni
4174 2731 4399 2802 populo,

2746 2818 2878 2888 quia
2916 2825 3082 2873 natus
3116 2821 3200 2873 est
3246 2816 3398 2875 vobis
3451 2818 3614 2881 hodie
3663 2818 3932 2885 Salvator,
3974 2821 4072 2892 qui
4126 2828 4205 2877 est
4237 2818 4403 2883 Chri-

986 2905 1273 2962 abscondit
1298 2906 1408 2961 ωδ
1450 2905 1613 2962 Iacob
1655 2905 1840 2963 subter
1882 2907 2272 2974 terebinthum,
2303 2921 2429 2979 qum
2464 2911 2544 2962 est
2572 2909 2634 2963 in
2740 2914 2859 2961 stus
2895 2907 3117 2962 Domini
3161 2906 3223 2961 in
3254 2906 3472 2962 civitate
3510 2906 3682 2962 David
3737 2907 3890 2978 (Luc.
3930 2924 3993 2974 ιι,
4047 2907 4137 2978 10,
4176 2908 4352 2980 seqq.)
4376 2926 4398 2963 :

985 2994 1265 3062 Sichimis,
1311 3002 1362 3050 et
1403 2992 1647 3065 perdidit
1694 3010 1757 3050 ea
1809 3010 1978 3067 usque
2009 2996 2069 3050 in
2115 2995 2440 3052 hodiernum
2484 2996 2632 3053 diem
2743 3000 2800 3049 et
2837 3011 2971 3050 cum
3023 3011 3089 3051 eo
3138 2994 3344 3051 laudes
3399 2994 3621 3051 militiae
3673 2997 4044 3057 concinuisse
4100 2996 4396 3057 ccclesiis:

984 3084 1138 3157 (Gen.
1196 3100 1360 3153 xxxv,
1391 3084 1422 3137 4
1470 3083 1607 3155 seq.)
1661 3082 1813 3141 212
1872 3084 2012 3140 Item
2070 3084 2126 3139 in
2182 3086 2297 3140 {ine
2356 3090 2630 3142 L‘eutero-
2673 3153 2702 3157 ᾧ
2746 3082 2937 3142 Gloria
2956 3086 3014 3138 in
3044 3084 3271 3143 excelsis
3290 3084 3417 3153 Deo,
3462 3089 3514 3140 ct
3540 3101 3705 3156 super
3747 3093 3952 3147 terram
3996 3102 4111 3157 pax
4157 3085 4399 3149 homini-

985 3153 1208 3229 nomii:
1254 3173 1320 3229 Et
1363 3153 1650 3243 defunctus
1691 3180 1771 3228 est
1814 3174 2019 3244 Moyses
2063 3190 2251 3229 servus
2296 3175 2517 3231 Domini
2571 3177 2628 3230 in
2661 3153 2703 3219 C
2744 3174 2842 3229 bus
2882 3173 3039 3230 bonae
3074 3174 3401 3229 voluntatis:
3437 3173 3537 3244 qui
3585 3153 3916 3231 Simeonem
3957 3153 4188 3246 justum
4239 3175 4400 3253 inter

983 3270 1135 3319 terra
1170 3261 1319 3318 Moab
1340 3277 1443 3332 per
1487 3262 1713 3317 verbum
1755 3262 1995 3330 Domini,
2045 3272 2096 3318 et
2130 3264 2465 3334 sepelierunt
2505 3280 2634 3319 eum
2743 3261 3547 3335 amplexus-parvulividerat
3567 3264 4182 3334 praedicantem,Nunc
4200 3263 4396 3325 dimit-

983 3353 1046 3408 in
1080 3349 1229 3425 Geth,
1273 3365 1446 3423 prope
1485 3349 1706 3406 domum
1751 3352 1981 3422 Phegor,
2028 3355 2080 3408 et
2126 3367 2283 3408 nemo
2329 3355 2429 3408 scit
2457 3353 2636 3424 sepul-

983 3456 1141 3497 crum
1192 3440 1309 3509 eius
1363 3455 1533 3511 usque
1588 3441 1647 3494 in
1703 3438 1850 3495 diem
1906 3442 2073 3496 istum
2127 3441 2306 3511 (Deut.
2354 3458 2543 3509 xxxiv,
2576 3444 2631 3511 6,

983 3545 1071 3585 sec
1115 3529 1295 3601 LXX.)
1343 3529 1506 3585 Certe
1571 3528 1888 3585 hodiernus
1937 3529 2062 3585 dies
2129 3529 2290 3584 illius
2352 3531 2633 3603 temporis

985 3618 1366 3675 aestimandus
1424 3622 1532 3686 est,
1584 3634 1701 3690 quo
1758 3618 2008 3674 historia
2057 3617 2189 3690 ipsa
2227 3622 2494 3675 contexta
2522 3625 2630 3687 est,

920 3770 923 3783 ν
984 3709 1104 3764 sive
1133 3708 1626 3781 Moysen‘dicere
1674 3707 1928 3764 volueris
1977 3710 2276 3764 auctorem
2330 3709 2632 3765 Pentateu-

983 3797 1097 3865 chi,
1149 3796 1268 3852 sive
1324 3797 1528 3852 Ezram
1578 3797 1843 3867 ejusdem
1899 3798 2351 3853 instauratorem
2418 3797 2632 3869 operis,

984 3900 1099 3941 non
1131 3898 1358 3941 recuso.
1408 3885 1574 3941 Nunc
1626 3885 1731 3941 hoc
1783 3885 2082 3957 quaeritur,
2134 3904 2207 3942 an
2258 3885 2317 3941 id
2358 3886 2509 3959 quod
2541 3887 2627 3943 di-

983 3977 1141 4029 ctum
1174 3977 1286 4041 est,
1312 3989 1483 4045 usque
1512 3975 1574 4029 in
1602 3973 1747 4029 diem
1791 3977 1980 4040 istum,
2032 3976 2102 4032 ad
2157 3974 2317 4031 illam
2352 3976 2636 4032 referatur

981 4065 1232 4129 atatem,
1266 4078 1384 4134 qua
1412 4061 1544 4118 libri
1579 4061 1718 4117 editi
1749 4062 1869 4119 sive
1902 4064 2215 4136 conscripti
2244 4068 2402 4119 sunt.
2426 4064 2637 4123 Doceat

980 4146 1161 4221 igitur
1190 4154 1322 4221 post
1348 4148 1511 4207 illam
1547 4149 1701 4206 diem
1744 4154 1830 4206 tot
1869 4152 1994 4221 jam
2028 4168 2314 4207 annorum
2346 4168 2533 4223 usque
2561 4153 2633 4207 ad

983 4255 1089 4295 nos
1117 4236 1515 4297 voluminibus
1558 4239 1798 4307 exactis,
1841 4245 1945 4295 aut
1975 4238 2151 4305 idola,
2185 4257 2312 4311 quas
2343 4241 2454 4295 sub
2487 4244 2633 4296 ters-

982 4327 1187 4384 bintbo
1217 4326 1450 4384 condita
1497 4327 1748 4393 fuerant,
1800 4332 2053 4400 reperta,
2091 4332 2191 4383 aut
2222 4327 2405 4399 Moysi
2436 4332 2632 4384 tumu-

961 4415 1106 4473 lum
1146 4415 1584 4488 investigatum,
1617 4415 1756 4487 quia
1799 4414 2009 4472 obnixe
2042 4415 2275 4481 asserit,
2310 4420 2442 4488 post
2468 4417 2636 4473 donec

2739 3352 2814 3406 tis
2841 3366 3060 3407 servum
3102 3359 3275 3415 tuum,
3327 3350 3575 3416 Domine,
3625 3351 3920 3408 secundum
3962 3352 4190 3411 verbum
4233 3355 4396 3416 tum

2744 3442 2801 3494 in
2864 3455 3033 3510 pace:
3080 3441 3213 3510 quia
3265 3440 3519 3497 viderunt
3577 3442 3725 3496 oculi
3777 3443 3891 3497 mei
3938 3442 4183 3499 salutare
4236 3450 4397 3507 tuum

2741 3528 2899 3599 (Ibid.
2927 3529 3056 3600 27:)
3087 3527 3187 3600 qui
3226 3528 3455 3589 Annam
3505 3528 3957 3601 prophetissam,
3992 3547 4216 3603 magos,
4250 3530 4398 3591 stal-

2739 3618 2880 3684 lam,
2935 3615 3241 3685 Herodem,
3298 3616 3537 3690 angelos
3611 3619 3879 3685 viderat;
3941 3619 4067 3690 qui,
4124 3619 4395 3691 inquam,

2741 3703 3029 3760 miracula
3057 3709 3221 3761 tanta
3251 3710 3615 3777 cognoverat,
3642 3705 3747 3761 Dei
3798 3705 4106 3778 templum,
4137 3706 4400 3778 Spiritus

2742 3793 2931 3850 sancti
2963 3792 3185 3861 sedem,
3233 3793 3459 3849 Domini
3510 3793 3603 3851 sui
3653 3794 3897 3853 Matrem
3940 3795 4397 3873 audebatiattip-

2740 3900 2875 3956 gere
2894 3882 2922 3938 ‘I
2951 3883 3022 3938 Et
3048 3887 3202 3938 certe
3229 3883 3417 3939 Mar-ia
3444 3883 3799 3943 conservabat
3841 3886 4031 3941 omnia
4061 3884 4219 3945 verba
4242 3883 4399 3961 haec,

2739 3972 3019 4043 conferens
3052 3972 3109 4025 in
3146 3971 3309 4026 corde
3332 3987 3429 4027 suo
3460 3971 3646 4044 (lbitd.
3673 3972 3789 4044 5|.)
3838 3974 3917 4028 Ac
3970 3988 4042 4029 nc
4073 3973 4400 4051 impuden-

2742 4064 2830 4115 ter
2860 4058 2974 4131 [Αι.
3006 4058 3430 4130 imprudenter]
3461 4076 3637 4133 neges
3666 4059 3780 4116 ista
3810 4061 4111 4133 ignorasse
4135 4061 4357 4136 Joseph
4382 4079 4396 4119 :

2743 4149 2808 4204 Et
2835 4152 3014 4214 erant,
3046 4146 3241 4219 inquit
3269 4147 3474 4215 Lucas,
3513 4157 3675 4220 pater
3719 4149 3875 4207 illius
3915 4153 3970 4205 et
4003 4157 4180 4206 mater
4204 4148 4401 4209 admi-

2743 4243 2928 4294 rantes
2956 4252 3122 4309 super
3152 4236 3239 4292 his
3269 4254 3393 4309 quae
3421 4238 3749 4295 dicebantur
3775 4239 3842 4296 de
3870 4255 3950 4297 co.
3982 4237 4134 4299 Licet
4152 4243 4217 4297 tu
4242 4239 4403 4301 mina

2742 4326 3107 4399 impudentia
3140 4326 3261 4382 haec
3291 4326 3350 4381 in
3382 4326 3597 4383 Graecis
3635 4327 3975 4384 codicibus6
4014 4327 4399 4389 falsatum!)-

2740 4416 2971 4484 tendas,
3004 4432 3132 4487 quae
3181 4431 3298 4475 non
3349 4415 3540 4472 solum
3590 4432 3795 4475 omnes
3825 4432 3970 4489 pene
4001 4416 4399 4487 Greciaatrs-

983 4506 1040 4558 et
1089 4518 1281 4573 usque,
1342 4519 1471 4559 esse
1529 4503 1808 4575 incipere,
1867 4504 2023 4575 quod
2078 4503 2281 4560 tandiu
2351 4522 2466 4561 non
2526 4507 2637 4562 fuit
2667 4520 2711 4586 ι)
2744 4509 2992 4560 ctatores
3021 4503 3079 4558 in
3108 4503 3233 4560 suis
3262 4503 3663 4561 voluminibus
3694 4505 4220 4578 reliquerunt;sed
4244 4523 4399 4564 non-

982 4590 1245 4664 quandiu
1276 4607 1446 4663 usque
1474 4591 1885 4661 compleretur,
1917 4596 1974 4647 et
2022 4591 2208 4648 donec.
2257 4593 2408 4658 Quin
2438 4595 2633 4667 potius

978 4680 1411 4738 animadvertat
1438 4679 1750 4751 Scriptura:
1801 4686 2019 4737 sancte
2062 4682 2299 4752 idiomo,
2344 4686 2401 4737 et
2433 4683 2630 4740 nobis-

981 4769 1223 4839 cum,in
1255 4786 1372 4843 quo
1401 4767 1727 4836 haesitabat,
1776 4769 2067 4843 intelligat
2113 4773 2241 4840 ea“,
2294 4772 2366 4828 de
2414 4773 2632 4844 quibus

982 4862 1178 4929 posset
1205 4857 1448 4932 ambigi,
1481 4858 1529 4915 si
1561 4875 1676 4915 non
1710 4859 1961 4915 fuissent
1987 4861 2226 4934 scripta,
2252 4862 2493 4935 signari,
2518 4880 2631 4919 cae-

1053 4984 1069 5019 ¹
1121 4983 1348 5059 Isthmo,
1395 4985 1766 5059 omngiagenim
1804 4984 1901 5039 sub
1946 4985 2174 5057 pedibus
2218 4987 2337 5055 eius
2381 4987 2628 5059 subjecit,

984 5051 1338 5110 Veronensis
1369 5073 1485 5110 non
1514 5056 1706 5111 habet.

1053 5123 1454 5202 f_\_leronensis_
1501 5127 1684 5182 multo
1735 5126 1946 5202 aliter:
1996 5130 2329 5202 Priusquam
2374 5130 2628 5202 innume-

982 5193 1391 5271 rabilia_super
1435 5196 1533 5271 hoc
1572 5199 1823 5271 exempla
1849 5193 2184 5269 σοηῃειναργη,⁸
2202 5210 2254 5256 et
2292 5216 2507 5256 omnem
2546 5200 2629 5256 la-

981 5267 1234 5341 cessentis
1274 5267 1685 5341 procacitatem,
1728 5267 2193 5329 testimoniorum
2241 5272 2388 5328 nube
2440 5272 2627 5341 celem,

983 5335 1166 5392 adhuc
1189 5335 1365 5408 pauca
1387 5335 1699 5408 subjiciam.

1051 5409 1073 5441 ³
1104 5408 1260 5464 Idem
1289 5409 1662 5477 Veronensis,
1696 5412 1971 5468 abscondit
1991 5430 2103 5469 eas.
2138 5417 2418 5471 Erasmus
2446 5431 2534 5470 eos
2554 5413 2631 5471 le-

968 5484 1168 5606 getrat,
1210 5478 1505 5568 Victorius
1534 5496 1598 5536 ea
1625 5484 1869 5552 utroque
1900 5484 1960 5539 in
2001 5484 2165 5542 loco:
2216 5487 2410 5543 Graece
2451 5487 2628 5543 etiam

984 5567 1048 5606 ΘΒ
1104 5569 1259 5606 αυτα.

984 5567 1076 5608 θεῖ.
1104 5567 1259 5608 αῡτα.

1052 5624 1083 5700 ξ
1105 5621 1519 5700 Tertullianus,
1566 5622 1717 5680 libro
1756 5623 1856 5700 _de_
1879 5624 2440 5700 Guttujeminarum.
2472 5645 2523 5687 c.
2553 5629 2626 5686 3:

989 5717 1019 5756 ιι
1047 5694 1231 5760 Omne
1260 5696 1722 5759 instrumentum
1748 5694 2004 5758 Iudaica
2032 5694 2372 5761 litteraturae
2402 5715 2507 5781 per
2530 5704 2629 5762 Es-

2745 4592 2892 4651 nulli
2922 4609 3158 4665 quoque
3187 4609 3217 4648 e
3249 4593 3494 4663 Latinis,
3528 4593 3607 4649 ita
3640 4598 3703 4650 ut
3730 4593 3788 4650 in
3823 4594 4038 4651 Graecis
4064 4595 4396 4675 habetur",

2742 4682 3190 4755 assumpserint.
3226 4682 3342 4739 Nec
3374 4699 3612 4740 necesse
3632 4688 3722 4741 est
3742 4701 3899 4745 nunc
3921 4685 3992 4745 de
4015 4684 4400 4757 exemplaria-

2741 4790 2872 4828 rum
2918 4771 3196 4828 varietate
3244 4776 3516 4841 tractare,
3563 4789 3698 4829 cum
3757 4789 3930 4830 omne
3975 4779 4033 4830 et
4078 4773 4305 4843 Veteris
4332 4779 4401 4831 et

2740 4862 2905 4917 Novae
2933 4861 3243 4934 Scriptura:
3275 4861 3737 4918 instrumentum
3768 4862 3827 4919 in
3862 4863 4135 4920 Latinum
4167 4879 4397 4921 sermo-

2741 4986 2909 5059 dram
2939 4989 3170 5059 constat
3191 4989 3611 5059 restauratum.
3648 5008 3677 5035 ››
3712 4986 3771 5059 in
3804 5004 3982 5059 quam
4035 4986 4396 5045 sententiam

2741 5057 2938 5130 plures
2968 5074 2999 5113 e
3024 5056 3237 5130 Graecis
3262 5056 3596 5130 Latinisque
3618 5056 3893 5130 (Patribus
3922 5059 4210 5114 abierunt.

2809 5130 2831 5163 ⁵
2864 5133 3043 5184 Vetus
3086 5127 3287 5201 editio.
3338 5129 3401 5183 In
3448 5127 3551 5200 quo
3607 5128 3893 5189 haesitabat
3969 5130 4267 5201 intelligat.
4297 5131 4399 5186 In-

2739 5201 2945 5268 telliget
2974 5215 3039 5255 ea
3063 5200 3127 5254 de
3157 5200 3375 5268 quibus,
3410 5203 3521 5256 etc.

2808 5272 2829 5306 ⁵
2860 5270 3077 5327 Saltem
3123 5270 3287 5337 illud,
3329 5273 3496 5342 pater
3545 5271 3724 5338 illius,
3770 5271 3828 5326 in
3877 5272 4089 5328 Graecis
4134 5289 4304 5339 mss.,
4340 5273 4397 5330 si

2739 5341 3463 5417 cantabrigensem,atque
3496 5359 3681 5399 unum
3732 5359 3802 5417 ex
3826 5343 4205 5417 _$tephanicis
4242 5346 4397 5401 exei-

2740 5413 2888 5539 péag,
2920 5430 3035 5539 n'on
3067 5413 3354 5482 habetur;
3387 5419 3477 5470 est
3505 5419 3701 5471 autem
3733 5414 3792 5469 in
3823 5413 4077 5489 Vulgata
4121 5416 4396 5474 versione

2740 5500 2770 5539 θ
2870 5501 2942 5539 on
2969 5501 3081 5539 ica.

2738 5489 2796 5539 et
2825 5485 3081 5556 Coptica.
3201 5554 3210 5556 _
3391 5554 3403 5556 _
3490 5554 3498 5556 _
3943 5485 3969 5489 ⁷
4170 5540 4177 5547 ,

2810 5556 2829 5589 ⁷
2860 5554 2999 5611 Erat
3043 5554 3322 5629 mendose
3350 5554 3608 5629 plurium
3651 5573 3897 5614 numero
3934 5557 4224 5616 habentur.
4256 5556 4394 5619 M0:

2736 5625 3090 5707 Veronensis
3119 5626 3287 5707 liber.
3337 5625 3410 5686 de
3454 5630 3921 5707 eaemptariorum
3962 5633 4229 5693 varietate
4262 5645 4396 5707 cons

2737 5698 2957 5763 tondere
2985 5715 3092 5783 pro
3118 5706 3373 5761 tractare.
3606 5698 3623 5707 '
4356 5705 4392 5719 ’⁴
