5364 6558
264 166 367 237 201

1074 167 1177 232 DE
1220 165 1640 242 PERPETUA
1678 166 2191 247 VIRGINITATE
2234 166 2304 231 B.
2350 167 2627 232 MARIJE
2667 167 2923 233 LIBER.
3034 208 3043 213 ι

3547 168 3668 253 eos

266 315 393 356 nem
425 298 637 383 exinde
666 301 1015 358 translatum
1040 302 1136 374 sit,
1159 308 1219 360 et
1240 302 1426 360 multo
1474 303 1675 376 purior
1703 320 1906 359 mana-
1936 305 1984 371 Α
2023 319 2085 371 n,
2118 303 2321 375 458W].
2358 302 2677 373 ):_nititur
2718 302 3044 387 approbaae
3088 303 3512 375 primogenitum
3548 319 3666 363 non

259 405 312 445 re
337 380 638 445 credenda
666 390 742 445 sit
772 390 951 447 fontis
985 392 1164 459 unda,
1197 409 1376 464 quam
1411 393 1535 448 rivi.

314 477 369 529 7.
402 477 711 533 Helvidius.
740 508 813 519 -—
841 502 871 529 ‹‹
906 479 1053 548 Ηεὲῧ,
1087 481 1195 551 ais,
1228 481 1383 552 apud
1417 496 1511 536 me
1541 496 1709 552 nugae
1741 484 1901 547 sunt,

250 564 299 619 et
322 567 873 638 argumentationes
906 570 1235 641 superﬂuas,
1269 574 1326 625 et
1352 569 1674 642 disputatio
1714 570 1904 642 magis

248 653 497 720 curiosa,
528 669 708 726 quam
737 672 892 712 vera.
929 657 1207 729 Nunquid
1240 675 1358 714 non
1389 657 1581 729 potuit
1601 658 1905 729 Scriptura

258 741 486 797 dicere:
515 744 580 798 Et
606 745 811 814 accepit
839 760 1072 802 mrem
1098 762 1274 813 suam,
1309 750 1360 802 et
1384 761 1494 801 non
1514 748 1626 817 fuit
1664 747 1905 818 amplius

260 846 427 884 ausus
468 833 786 901 contingere
828 850 952 889 eam
989 834 1139 905 (Gen.
1188 851 1427 903 xxxvm,
1475 835 1606 906 26):
1652 834 1808 891 sicut
1835 836 1904 890 de

257 917 510 974 Thamar
555 918 703 974 dixit
747 925 806 976 et
854 921 1060 977 Juda?
1099 924 1215 977 Aut
1262 922 1577 979 defuerunt
1631 922 1903 979 Mattth

244 1006 412 1062 verba
465 1008 687 1079 quibus
738 1008 796 1065 id
848 1011 1007 1083 quod
1084 1010 1334 1084 intelligi
1395 1012 1648 1078 volebat,
1708 1016 1906 1085 posset

245 1094 397 1150 effari
420 1096 451 1149 ‘?
481 1096 601 1151 Non
631 1101 889 1166 cognovit
917 1098 1131 1172 inquit,
1154 1116 1275 1156 eam
1294 1100 1465 1157 donec
1480 1104 1697 1173 peperit
1723 1102 1906 1171 ﬁlium

250 1184 457 1253 (Matth.
490 1202 530 1249 1,
573 1186 694 1257 25).
741 1187 880 1243 Post
932 1192 1165 1260 partum
1215 1205 1352 1262 ergo
1400 1190 1688 1263 cognovit,
1733 1191 1902 1263 cujus

248 1272 638 1345 cognitionem
673 1276 745 1330 ad
775 1281 1012 1348 partum
1045 1295 1234 1351 usque
1264 1278 1598 1335 distulerat.
1626 1302 1653 1328 ››

314 1360 368 1416 8.
402 1364 788 1435 Hieronymus.
822 1398 892 1406 —-
931 1366 988 1421 Si
1040 1371 1160 1423 tam
1205 1368 1604 1423 contentiosus
1653 1384 1736 1434 es,
1774 1369 1902 1439 jam

242 1467 391 1515 nunc
423 1456 527 1506 tua
556 1459 761 1509 mente
790 1454 1185 1526 superaberis.
1220 1455 1363 1512 Nolo
1390 1456 1537 1511 mihi
1562 1456 1796 1528 aliquod
1822 1458 1905 1512 in-

238 1544 319 1593 ter
346 1544 595 1611 partum
626 1547 687 1597 et
716 1542 936 1597 coitum
966 1548 1201 1615 tempus
1232 1543 1571 1601 interseras.
1606 1546 1765 1602 25-!
1790 1546 1903 1600 No-

236 1626 284 1682 lo
312 1628 481 1685 dicas
507 1647 523 1685 :
558 1630 761 1686 Mulier
789 1646 1131 1705 quaecunque
1161 1636 1404 1705 concepit
1425 1638 1476 1689 et
1510 1636 1721 1706 peperit
1751 1652 1901 1690 mas-

234 1717 438 1783 culum,
476 1718 774 1774 immunda
831 1721 934 1775 erit
966 1725 1169 1792 septem
1204 1721 1409 1786 diebus,
1471 1722 1768 1779 secundum
1793 1724 1908 1780 dies

236 1808 600 1862 secessionnis
638 1812 693 1863 et
731 1810 1081 1880 purgationis
1122 1826 1236 1868 sum
1275 1812 1627 1867 immundam
1668 1815 1811 1880 erit;
1852 1817 1906 1868 et

232 1902 415 1959 octauo
444 1895 542 1952 die
570 1897 926 1953 circumcidet
972 1914 1194 1954 carnem
1237 1902 1508 1972 praeputii
1551 1902 1687 1973 ejus,
1723 1910 1774 1957 et
1804 1902 1903 1956 tri-

235 1985 397 2051 ginta
452 1986 630 2041 tribus
678 1985 873 2042 diebus
922 1987 1128 2043 sedebit
1186 1990 1247 2043 in
1323 1991 1595 2058 sanguine
1637 2005 1798 2061 puro,
1855 1999 1906 2046 et

234 2086 396 2127 omne
438 2082 691 2130 sanctum
742 2091 852 2131 non
903 2080 1114 2146 tanget,
1174 2082 1233 2133 et
1276 2076 1506 2150 reliqua
1559 2079 1758 2150 (Levii.
1798 2096 1899 2148 xu,

230 2161 286 2231 2,
315 2164 396 2234 3).
430 2163 648 2219 Statim
700 2179 831 2220 eam
890 2164 1127 2221 invadat
1153 2166 1368 2238 Josepb
1399 2183 1412 2222 :
1468 2168 1667 2224 statim
1701 2168 1903 2223 audiat

233 2269 330 2326 per
375 2250 748 2309 Jeremiam:
810 2253 949 2326 Equi
1000 2256 1334 2312 insanientes
1383 2257 1448 2311 in
1495 2258 1738 2327 feminas
1765 2258 1905 2328 facti

228 2346 350 2398 sunt
383 2341 557 2409 mihi,
591 2344 942 2413 unusguique
974 2342 1043 2397 ad
1084 2358 1313 2398 uxorem
1355 2346 1605 2416 proximi
1643 2346 1736 2400 sui
1770 2344 1900 2400 hin—

230 2432 421 2490 niebat
453 2432 678 2499 (Jerem.
729 2447 782 2497 v,
816 2430 893 2500 8).
939 2429 1175 2502 Alioqui
1220 2433 1514 2504 quomodo
1553 2435 1707 2488 stare
1740 2437 1900 2505 pote-

232 2519 334 2587 rit,
365 2520 487 2576 Non
512 2521 770 2587 cognovit
796 2535 939 2587 eam,
968 2520 1135 2597 donec
1176 2521 1387 2592 peperit
1413 2521 1625 2591 filium:
1683 2521 1733 2576 si
1771 2525 1903 2593 post

232 2608 608 2681 purgationis
636 2612 882 2679 tempus
901 2613 1200 2680 exspectat
1227 2625 1239 2663 :
1275 2609 1325 2666 si
1356 2609 1747 2682 quadraginta
1777 2627 1905 2665 rur-

232 2714 367 2753 sum
402 2696 620 2752 diebus
649 2702 812 2752 tanto
842 2699 1104 2769 tempore
1135 2697 1315 2754 dilata
1361 2697 1543 2755 libido
1587 2698 1901 2754 differtur?

233 2786 545 2842 Pelluntur
575 2802 787 2841 cruore
831 2802 1153 2859 puerpera:
1206 2787 1546 2843 obstetrices
1572 2786 1902 2859 suscipiant

229 2874 551 2946 parvulum
583 2872 914 2946 vagientem
941 2890 955 2928 :
989 2874 1238 2931 maritus
1259 2874 1481 2932 lassam
1514 2881 1710 2932 teneat
1758 2892 1898 2931 uxo-

230 2964 414 3019 rem‘.
448 2962 548 3020 Sic
577 2962 868 3035 incipiant
910 2964 1147 3034 nuptiae,
1199 2981 1272 3021 ne
1316 2965 1683 3037 Evangelista
1736 2981 1899 3020 men-

1935 1676 1982 1741 B

2014 408 2185 463 posse
2216 392 2353 461 dici,
2385 391 2499 447 nisi
2530 408 2665 447 eum
2697 392 2797 464 qui
2856 391 3068 449 habeat
3117 396 3174 447 et
3224 393 3465 448 fratres:
3511 391 3667 448 sicut

2014 479 2353 553 unigenitus
2395 479 2493 536 ille
2541 485 2804 550 vocatur,
2853 480 2955 553 qui
3004 481 3345 553 parentibus
3392 480 3555 538 solus
3583 480 3666 537 sit

2014 569 2193 625 illius.

2083 658 2171 714 40.
2206 662 2598 731 Hieronymus.
2650 691 2717 702 —-
2769 659 2888 716 Nos
2935 661 3131 715 autem
3181 658 3261 714 ita
3308 657 3657 716 definimus:

2013 746 2216 805 Omnis
2265 748 2605 821 unigenitus
2655 753 2745 804 est
2791 748 3264 821 primogenitus:
3316 763 3432 803 non
3469 747 3663 804 omnis

2012 837 2438 910 primogenitus
2469 840 2557 894 est
2586 837 2951 911 unigenitus.
2980 836 3409 910 Primogenitus
3427 839 3663 906 est,non

2019 931 2248 981 tantum
2284 932 2415 998 post
2444 943 2619 997 quem
2650 932 2708 982 et
2739 925 2835 982 alii
2864 944 2877 982 :
2905 927 3010 982 sed
3060 930 3194 997 ante
3232 941 3407 997 quem
3439 923 3661 991 nullus.

2017 1016 2206 1084 Omne,
2241 1016 2392 1072 215
2426 1016 2620 1087 inquit
2646 1016 2935 1071 Dominus
2961 1016 3032 1070 ad
3063 1021 3282 1082 Aaron,
3312 1013 3453 1085 quod
3492 1016 3670 1087 aperit

2014 1106 2251 1171 vulvam,
2284 1105 2351 1160 ab
2375 1105 2528 1160 omni
2556 1120 2723 1160 carne
2751 1119 2878 1177 quae
2907 1101 3142 1177 offertur
3188 1104 3440 1173 Domino,
3467 1103 3535 1159 ab
3566 1104 3667 1159 ho-

2013 1195 2159 1249 mine
2189 1210 2358 1264 usque
2403 1192 2472 1248 ad
2525 1209 2704 1264 pecus,
2741 1193 2842 1248 tibi
2894 1196 3055 1248 erunt
3087 1209 3099 1247 :
3149 1192 3520 1251 tantummodo
3546 1208 3666 1263 pre-

2012 1283 2111 1336 tiis
2139 1281 2412 1337 redimunt
2468 1284 2838 1353 primogenita
2866 1281 3170 1348 hominum,
3203 1284 3255 1336 et
3292 1282 3663 1353 primogenita

2009 1386 2268 1442 pecorum
2333 1370 2778 1426 immundorum"
2845 1369 3035 1441 (Exod.
3108 1386 3299 1438 xxxw,
3374 1370 3461 1435 19,
3540 1369 3661 1439 20,“

2012 1460 2172 1514 Num.
2205 1475 2366 1529 xvm,
2402 1459 2512 1530 15).
2546 1458 2813 1515 Definitif
2836 1474 3029 1515 sermo
3059 1457 3182 1524 Dei,
3240 1456 3381 1528 quid
3430 1456 3509 1512 sit
3537 1455 3662 1528 pri-

2013 1548 2399 1619 mogenitum,
2461 1547 2648 1612 Omne,
2706 1546 2919 1619 inquit,
2975 1545 3116 1617 quod
3173 1546 3349 1617 aperit
3421 1544 3660 1607 vulvam.

2012 1634 2249 1707 Alioqui
2283 1636 2331 1689 si
2365 1652 2477 1690 non
2527 1640 2616 1690 est
2663 1633 3112 1707 primogenitus,
3165 1633 3281 1689 nisi
3327 1633 3380 1689 is
3407 1636 3662 1699 tantum,

2017 1740 2192 1795 quem
2222 1728 2553 1795 sequuntur
2583 1724 2791 1779 fratres
2822 1723 3028 1778 tandiu
3060 1720 3432 1779 sacrdotibus
3452 1720 3667 1794 primo-

2014 1812 2213 1884 genita
2270 1828 2383 1867 non
2446 1812 2751 1879 debentur,
2814 1811 3076 1884 quandiu
3133 1814 3190 1867 et
3262 1809 3377 1866 alia
3450 1809 3668 1866 fuerint

2012 1905 2349 1970 procreata;
2385 1916 2455 1956 ne
2485 1900 2630 1956 forte
2687 1905 2861 1972 partu
2918 1904 3121 1972 postea
3177 1915 3292 1955 non
3359 1902 3662 1970 sequente,

2012 1988 2351 2061 unigenitus
2411 1987 2508 2058 sit,
2565 1992 2623 2043 et
2678 2005 2793 2044 non
2848 1987 3299 2061 primogenitus.
3349 1987 3662 2059 Redemptio

2011 2075 2222 2147 inquit,
2255 2077 2372 2147 ejus
2399 2077 2505 2132 erit
2532 2077 2599 2132 ab
2654 2093 2768 2133 uno
2815 2094 3018 2146 mense,
3078 2078 3377 2134 (estimatio
3425 2078 3663 2150 quinque

2010 2164 2271 2221 siclorum
2300 2166 2341 2219 ‘.
2370 2164 2569 2233 Sielus,
2616 2166 2913 2222 secundum
2960 2166 3157 2222 siclum
3204 2167 3531 2235 sanctuarii,
3572 2166 3660 2220 vi-

2010 2255 2155 2323 ginti
2209 2254 2354 2310 oboli
2405 2258 2553 2309 sunt.
2618 2255 3003 2311 Tantummodo
3053 2256 3424 2327 primogenita
3469 2253 3659 2309 vitulo-

2009 2358 2154 2411 rum,
2187 2346 2237 2396 et
2279 2342 2653 2414 primogenita
2703 2342 2906 2408 ovium,
2956 2348 3008 2397 et
3053 2342 3420 2413 primogenita
3463 2356 3656 2412 capra-

2010 2447 2136 2486 rum
2165 2446 2276 2485 non
2300 2429 2532 2486 redimes
2571 2432 2702 2501 quia
2746 2438 2936 2485 sancta
2981 2434 3113 2485 sunt
3158 2430 3346 2501 (Num.
3395 2446 3557 2496 XVIII,
3588 2428 3659 2485 l6

2009 2519 2119 2591 l7).
2153 2519 2316 2592 Cogit
2358 2535 2453 2574 me
2505 2534 2697 2575 sermo
2745 2519 2866 2587 Dei,
2918 2524 2984 2574 ut
3034 2535 3226 2587 omne,
3286 2519 3443 2591 quod
3475 2517 3663 2591 aperit

2008 2607 2261 2677 vulvam,
2295 2608 2347 2663 si
2378 2608 2448 2664 de
2480 2608 2719 2664 mundis
2742 2608 3099 2664 animalibus
3121 2608 3219 2681 sit,
3242 2608 3359 2664 Deo
3379 2623 3619 2664 voveam
3643 2624 3659 2676 ;

2010 2696 2059 2752 si
2092 2697 2163 2752 de
2196 2697 2546 2763 immundis,
2574 2697 2883 2766 redimam,
2905 2698 3051 2754 dans
3073 2697 3324 2770 pretium
3348 2695 3659 2753 sacerdoti.

2010 2785 2254 2842 Possum
2289 2786 2661 2860 respondere,
2710 2790 2766 2842 et
2796 2786 3006 2843 dicere.
3058 2786 3207 2852 Quid
3252 2802 3346 2841 me
3392 2786 3451 2841 in
3483 2784 3660 2839 unius

2009 2875 2230 2931 mensis
2287 2875 2528 2948 stringis
2559 2875 2803 2931 articulo
2824 2874 2852 2929 ‘l
2881 2875 3029 2940 Quid
3049 2874 3509 2947 primogenitum
3554 2889 3658 2929 vo-

2008 2979 2127 3033 cas,
2157 2979 2329 3036 quem
2364 2981 2437 3020 an
2472 2965 2677 3020 fratres
2720 2967 3063 3036 sequantur,
3115 2964 3318 3036 ignoro
3335 2961 3658 3036 ‘lExspecta

229 3051 375 3108 litus
400 3051 502 3107 sit.
535 3051 651 3108 Sed
682 3052 858 3120 absit,
893 3057 958 3107 ut
1005 3052 1114 3108 hoc
1162 3053 1235 3108 de
1271 3056 1457 3109 matre
1500 3053 1813 3110 Salvatoris
1843 3041 1971 3108 etC
2010 3051 2193 3108 donec
2242 3057 2513 3109 nascatur
2554 3054 2871 3110 secundus.
2923 3051 3078 3109 Nihil
3128 3053 3307 3111 debeo
3345 3052 3653 3128 sacerdoti,

225 3142 352 3197 viro
395 3143 563 3211 justo
610 3141 693 3197 sit
735 3141 1172 3197 aestimandum.
1228 3140 1402 3198 Nulla
1460 3142 1541 3197 ibi
1581 3142 1898 3198 obstetrix:

231 3230 404 3293 nulla
461 3224 951 3286 muliercularum
1003 3230 1290 3286 sedulitas
1360 3231 1712 3288 intercessit.
1773 3230 1908 3303 Ipsa

234 3317 455 3389 pannis
486 3317 731 3374 involvit
758 3318 1067 3386 infantem,
1090 3318 1221 3390 ipsa
1250 3322 1307 3374 et
1338 3323 1528 3375 mater
1543 3323 1599 3374 et
1627 3319 1908 3375 obstetrix

228 3406 379 3472 fuit,
408 3407 472 3461 Et
496 3407 787 3462 collocavit
815 3423 961 3473 eum,
989 3407 1205 3479 inquit,
1240 3410 1296 3463 in
1328 3409 1622 3479 przesepio,
1646 3409 1777 3480 quia
1800 3423 1909 3463 non

242 3498 377 3549 erat
410 3497 463 3549 ei
492 3496 640 3550 locus
670 3498 725 3551 in
748 3497 1053 3552 diversorio
1081 3497 1215 3569 (Luc
1242 3513 1307 3568 Il,
1336 3497 1416 3568 7).
1451 3496 1585 3560 Quae
1616 3497 1909 3552 sententia

249 3586 319 3637 et
375 3583 829 3657 apocrypborum
897 3583 1287 3642 deliramenta
1324 3586 1346 3621 ²
1394 3585 1706 3651 convincit,
1766 3586 1907 3640 dum

244 3672 454 3733 Maria
492 3672 622 3745 ipsa
663 3675 870 3745 pannis
919 3672 1162 3730 involvit
1205 3674 1529 3742 infantem;
1580 3679 1636 3730 et
1665 3672 1911 3729 Helvidii

244 3763 476 3840 expleri
510 3776 625 3818 non
655 3763 878 3835 patitur
905 3762 1291 3836 voluptatem,
1320 3763 1461 3818 dum
1492 3762 1552 3818 in
1593 3761 1913 3818 diversorio

248 3856 424 3912 locus
455 3866 573 3909 non
595 3852 709 3908 fuit
739 3852 1102 3925 nuptiarum.

322 3946 382 3999 9.
414 3942 721 3999 Helvidius
756 3973 825 3983 —-
854 3942 1070 3997 Verum
1102 3940 1241 4013 quia
1253 3942 1380 4014 jam
1405 3941 1549 3998 satis
1568 3942 1917 4013 abundeque

247 4031 680 4106 neapondimus
730 4030 801 4085 ad
850 4029 906 4085 id
950 4031 1105 4102 quod
1159 4034 1564 4103 proposuerat,
1614 4030 1918 4101 Antequam

242 4122 635 4195 convenirent,
665 4122 742 4185 et,
778 4118 893 4174 Non
923 4121 1169 4189 cognovit
1215 4122 1376 4184 eam,
1407 4119 1575 4176 donec
1606 4120 1817 4191 peperit
1854 4119 1918 4189 ﬁ-

245 4212 414 4277 lium,
462 4209 538 4265 ad
597 4207 835 4263 tertiam
887 4207 1238 4263 veniendum
1285 4214 1373 4264 est
1418 4208 1824 4279 quaestionem,
1857 4211 1924 4261 ut

234 4302 421 4371 juxta
451 4295 884 4369 disputationis
914 4297 1043 4367 ejus
1073 4296 1361 4364 ordinem,
1392 4297 1567 4353 etiam
1620 4300 1799 4352 notrte
1832 4313 1920 4352 re-

238 4385 596 4462 sponsionis
628 4384 775 4439 ordo
807 4384 1106 4455 procedat.
1140 4383 1281 4439 Vult
1306 4385 1462 4440 enim
1511 4384 1656 4473 alios
1690 4401 1923 4475 quoque
1952 4409 1998 4475 Β

237 4478 408 4534 ﬁlios
438 4475 693 4532 Mariam
728 4489 1101 4546 procreasse;
1151 4477 1209 4529 et
1239 4489 1306 4529 ex
1337 4490 1402 4530 eo
1450 4470 1607 4547 quad
1638 4474 1921 4545 scriptum

238 4572 336 4623 est
373 4580 389 4619 :
424 4563 688 4621 Ascendit
718 4571 901 4619 autem
952 4563 1146 4635 Ioseph
1204 4564 1265 4618 in
1323 4565 1602 4620 civitatem
1629 4564 1824 4631 David,
1867 4572 1928 4619 ut

238 4656 619 4726 proﬁteretur
654 4668 779 4708 cum
823 4653 1001 4707 Maria
1046 4668 1220 4708 uxore
1266 4669 1370 4707 sua
1417 4661 1760 4724 praegnante.
1820 4654 1926 4708 Fa-

240 4748 409 4800 ctum
437 4746 517 4798 est
547 4744 734 4797 autem
764 4756 887 4796 cum
918 4742 997 4796 ibi
1024 4750 1216 4809 essent,
1269 4743 1485 4814 impleti
1524 4746 1651 4797 sunt
1695 4742 1830 4810 dies,
1866 4747 1927 4798 ut

237 4837 503 4907 pareret,
536 4835 588 4886 et
617 4830 831 4903 peperit
880 4829 1065 4900 ﬁlium
1109 4846 1271 4887 suum
1297 4832 1727 4904 primogenitum
1768 4833 1922 4903 (Luc.

322 5067 341 5101 ¹
376 5065 542 5121 Idem
592 5061 977 5130 Veronensis,
1052 5061 1325 5119 Obstetrix
1357 5064 1654 5136 parvulum
1700 5066 1924 5136 vagien-

235 5147 391 5206 tem,
423 5137 664 5192 maritus
696 5136 887 5189 laxam
916 5136 1099 5190 teneat
1124 5149 1370 5191 uxorem.

317 5283 346 5317 ²
378 5280 463 5337 Ra
489 5282 691 5351 autem
741 5292 880 5351 vera
924 5276 1000 5351 in_
1035 5276 1278 5351 Decreto
1330 5276 1545 5351 Gelasii
1595 5277 1747 5333 inter
1774 5280 1926 5351 Apo-

232 5351 482 5425 crypha
508 5349 776 5425 rejicitur
808 5348 1296 5425 singularislibcr
1325 5348 1391 5425 de
1420 5348 1474 5425 ξ.
1536 5352 1724 5425 Ma_ria
1752 5354 1804 5405 et
1825 5348 1926 5425 oo-

232 5420 506 5488 stet'rice,
532 5420 708 5492 cujus
764 5420 941 5476 etiam
975 5420 1196 5476 mentio
1227 5420 1591 5492 estingProto
1616 5420 1927 5492 Evangelia

232 5494 469 5557 Jacobi
500 5509 553 5552 ο.
587 5491 679 5551 4⁷9.
715 5492 851 5549 Mox
876 5508 983 5567 pro
1010 5492 1347 5566 voluptatem
1373 5491 1730 5554 Veronensis
1758 5491 1925 5567 liber,

593 5610 867 5687 Parion.
912 5617 1140 5685 XXIII.

2013 3140 2126 3196 nisi
2156 3145 2213 3197 et
2241 3141 2337 3199 ille
2367 3141 2543 3198 fuerit
2572 3146 2934 3214 procreatus,
2964 3157 3069 3214 per
3106 3158 3281 3214 quem
3308 3142 3360 3198 is
3391 3141 3491 3212 qui
3523 3145 3663 3213 ante~

2015 3235 2190 3285 natus
2220 3235 2327 3299 est,
2362 3230 2605 3304 incipiat
2632 3248 2762 3288 esse
2790 3231 3237 3304 primogenitus.
3267 3231 3470 3287 Nonne
3512 3229 3661 3286 milli

2012 3318 2126 3390 ipsi
2177 3319 2372 3390 apices
2419 3318 2753 3391 loquentur,
2786 3324 2845 3375 et
2874 3337 2967 3376 me
2988 3319 3247 3376 stultitiae
3288 3320 3659 3393 redarguent,

2015 3423 2151 3464 eum
2181 3424 2308 3464 esse
2338 3408 2564 3464 dictum
2608 3409 3088 3481 primogenitum,
3137 3409 3238 3480 qui
3287 3410 3511 3482 aperiat
3536 3409 3663 3467 vul-

2017 3511 2169 3562 vam,
2200 3513 2315 3551 non
2340 3496 2441 3569 qui
2467 3496 2681 3553 habeat
2710 3502 2767 3553 et
2792 3497 3000 3554 fratres
3019 3497 3047 3551 ‘?
3076 3497 3341 3570 Denique
3368 3498 3663 3571 interrogo

2020 3585 2090 3639 de
2118 3584 2363 3653 Joanne,
2397 3602 2574 3657 quem
2621 3590 2851 3641 constat
2897 3600 3025 3642 esse
3073 3586 3464 3658 unigenitum,
3505 3603 3578 3643 an
3609 3590 3668 3642 et

2022 3673 2449 3746 primogenitus
2481 3673 2702 3730 fuerit?
2730 3674 3014 3730 Utrumne
3061 3677 3118 3730 et
3168 3675 3294 3748 ipse
3339 3675 3665 3732 secundum

2021 3761 2236 3835 legem,
2267 3779 2371 3835 pro
2422 3767 2538 3819 toto
2584 3763 2637 3819 ei
2680 3760 2795 3836 legi
2844 3762 3021 3820 fuerit
3066 3763 3351 3821 obnoxius
3377 3764 3406 3820 ‘l
3434 3764 3667 3838 Ambigi

2025 3866 2141 3907 non
2170 3855 2381 3922 potest.
2416 3851 2579 3908 Certe
2608 3852 2681 3908 de
2710 3852 3009 3909 Salvatore
3037 3854 3336 3927 Scriptura
3364 3855 3449 3911 sic
3478 3854 3668 3928 loqui-

2025 3943 2156 3994 tur:
2193 3939 2327 3993 Cum
2354 3939 2561 4011 expleti
2586 3949 2760 3996 essent
2787 3939 2903 3995 dies
2926 3944 3272 4013 purgationis
3324 3957 3531 4010 eorum,
3572 3957 3669 4005 se-

2026 4027 2263 4083 cundum
2297 4026 2472 4098 legem
2499 4027 2691 4099 Moysi,
2739 4027 3016 4084 duxerunt
3065 4045 3191 4085 eum
3237 4031 3299 4085 in
3345 4030 3665 4103 Jerusalem.

2028 4120 2091 4171 ut
2119 4116 2375 4187 offerrent
2399 4132 2524 4171 eum
2553 4115 2779 4171 Domino
2800 4134 2822 4170 ,ι
2870 4118 3010 4171 sicut
3063 4119 3327 4187 scriptum
3352 4121 3432 4172 est
3461 4119 3519 4172 in
3560 4117 3673 4196 lege

2029 4206 2287 4267 Domini;
2333 4205 2474 4274 Quia
2518 4219 2675 4261 omne
2735 4205 3103 4260 masculinum
3161 4204 3485 4277 adaperiens
3545 4206 3673 4261 vul-

2030 4311 2176 4362 vam,
2207 4298 2461 4350 sanctum
2493 4294 2724 4351 Domino
2754 4292 3050 4360 vocabitur,
3082 4301 3134 4350 et
3160 4302 3219 4350 ut
3246 4293 3440 4349 darent
3472 4293 3675 4350 hostias

2029 4382 2326 4440 secundum
2353 4383 2491 4455 quod
2519 4382 2726 4439 dictum
2752 4387 2832 4439 est
2876 4385 2937 4438 in
2975 4382 3089 4455 lege
3133 4385 3372 4453 Domini,
3421 4400 3530 4456 par
3559 4387 3677 4440 tur-

2035 4476 2244 4544 turum,
2303 4476 2400 4528 aut
2449 4472 2579 4528 duos
2629 4473 2813 4544 pullos
2869 4472 3247 4529 columbarum
3294 4473 3445 4545 (Luc.
3508 4490 3567 4543 ιι,
3606 4474 3680 4529 22

2031 4562 2223 4637 seqq.).
2255 4560 2316 4616 Si
2344 4560 2466 4617 haec
2512 4560 2604 4618 lex
2646 4566 2879 4617 tantum
2928 4562 3001 4618 ad
3050 4561 3466 4636 primogenitos
3501 4556 3676 4635 perti-

2032 4654 2151 4717 net,
2182 4650 2641 4723 primogenitum
2676 4655 2870 4707 autem
2920 4656 3232 4723 sequentes
3277 4651 3519 4718 faciunt,
3560 4666 3676 4705 non

2032 4738 2234 4794 debuit
2262 4738 2389 4811 lege
2419 4739 2794 4812 primogeniti
2823 4739 3029 4808 teneri,
3061 4740 3164 4811 qui
3193 4741 3267 4795 de
3295 4738 3680 4810 sequentibus

2034 4828 2360 4900 ignorabat.
2390 4828 2500 4883 Sed
2532 4828 2671 4900 quia
2691 4827 3064 4901 teneturlege
3078 4827 3475 4900 primogeniti,
3501 4827 3680 4884 etiam

2033 5065 2090 5117 et
2118 5065 2394 5118 Erasmus
2425 5077 2656 5134 quoque
2685 5063 3019 5118 voluntatem
3043 5078 3061 5115 :
3112 5059 3223 5119 sed
3272 5058 3548 5132 impressi
3584 5058 3684 5117 alii

2035 5134 2169 5189 libri
2200 5133 2529 5203 voluptatem
2557 5133 2797 5189 habent.

2105 5207 2127 5239 ³
2155 5204 2507 5260 Veronensis
2564 5204 2691 5273 1ib.,
2751 5213 2802 5261 et
2841 5204 3215 5277 primogenita
3252 5203 3684 5261 immundorum.

2034 5277 2277 5349 Absque
2302 5292 2578 5348 pecorum.

2105 5350 2127 5381 ⁴
2162 5346 2612 5420 Ιᾶεξηὶμᾳαξηᾳηθ
2664 5348 2810 5420 sicti,
2870 5352 2927 5404 et
2982 5346 3281 5420 secundum
3329 5347 3524 5420 siclum
3561 5363 3689 5420 san-

2035 5416 2418 5550 ῑέιιῖηέῃξξιυιὸ
2449 5416 2624 5490 intra,
2660 5419 2723 5479 Ut
2750 5435 2911 5478 omne
2940 5418 3313 5480 masculinum
3340 5418 3482 5493 quod
3510 5419 3693 5491 aperit

2134 5508 2164 5550 υ
2264 5531 2278 5549 ,
2878 5522 2882 5525 γ

2034 5506 2278 5551 vulvam.
2878 5522 2882 5525 ν
