5364 6558
966 290 1085 358 203
1133 281 1135 285 ‘
1222 258 1245 279 ‘
1770 294 1805 327 κ
2209 292 2274 358 s.
2322 284 2637 359 nossem
2679 282 3084 357 Breucum

2340 284 2637 359 ensem
2679 282 3145 357 HIERONYMI.
3862 326 3871 336 -
4246 283 4365 352 204
4452 246 4458 253 ’

964 428 1063 485 ille
1111 443 1287 500 quem
1335 425 1489 485 216
1535 426 1745 484 fratres
1809 428 1999 485 caeteri
2066 445 2181 484 non
2238 431 2605 500 sequuntur:
2635 425 2693 493 Α
2723 425 3039 498 Apostolus
3091 427 3151 482 in
3198 426 3403 483 eadem
3450 423 3709 483 historiae
3756 419 3995 481 veritate
4058 422 4183 496 pari
4230 437 4369 480 voce

963 516 1259 589 colligitur
1304 534 1440 583 eum
1489 517 1947 589 primogenitum
1997 516 2211 586 vocari,
2255 516 2354 588 qui
2379 514 2612 571 vulvam
2724 515 3073 572 concordat:
3116 515 3345 572 Ascendi
3384 517 3566 571 autem
3601 513 3905 570 secundum
3946 510 4366 579 reuelationem,

963 604 1182 674 aperiat
1224 609 1281 660 et
1327 609 1460 660 ante
1506 621 1680 676 quem
1738 604 1936 660 nullus
1981 605 2060 660 sit
2109 623 2224 661 non
2275 621 2408 660 eum
2437 618 2614 674 quem
2724 608 2778 660 et
2822 606 3101 660 neminem
3145 604 3279 673 vidi,
3329 605 3445 660 nisi
3488 605 3712 660 Petrum
3746 606 3801 659 et
3838 602 4106 659 Jacobum
4139 602 4372 669 fratrem

961 693 1140 749 frater
1171 698 1303 765 post
1328 694 1562 766 genitus
1593 694 2011 766 subsequatur.
2046 694 2276 767 Moyses
2308 691 2512 748 scribit
2556 690 2614 746 in
2727 695 2950 751 Domini
2980 694 3177 763 (Galat.
3212 710 3275 761 ιι,
3305 695 3385 761 2).
3418 693 3489 748 Et
3517 708 3752 748 rursum
3786 690 3847 747 in
3878 689 3990 746 alio
4018 689 4183 745 loco:
4218 690 4365 746 ξιτ

962 781 1446 838 ExodozFactum
1468 786 1544 840 est
1575 787 1758 838 autem
1786 785 1934 838 circa
1980 782 2221 838 mediam
2265 784 2501 848 noctem,
2564 786 2619 835 et
2728 782 3003 854 Numquid
3042 798 3153 839 non
3209 782 3473 838 habemus
3524 784 3847 854 potestatem
3901 777 4280 835 manducandi
4325 784 4378 833 et

963 871 1229 927 Dominus
1279 873 1548 942 percussit
1604 887 1762 926 omne
1827 873 2262 943 primogenitum
2339 871 2400 925 in
2469 872 2617 924 terra
2728 871 2988 928 bibendi?
3033 871 3310 942 Numquid
3347 886 3457 927 non
3499 871 3758 926 habemus
3801 872 4122 941 potestatem
4148 865 4377 922 uxores8

964 960 1205 1030 Egypti,
1238 976 1272 1013 a
1311 961 1677 1031 primogenito
1704 961 2040 1025 Pharaonis,
2074 962 2170 1031 qui
2205 958 2420 1014 sedebat
2455 972 2620 1028 super

961 1048 1220 1103 thronum
1248 1049 1386 1119 ejus,
1431 1064 1600 1119 usque
1636 1047 1707 1102 ad
1750 1051 2183 1120 primogenitum
2224 1049 2461 1119 captivae
2495 1060 2620 1117 quae

961 1139 1039 1191 est
1066 1136 1141 1191 ad
1171 1137 1372 1203 lacum,
1404 1145 1455 1192 et
1499 1152 1659 1192 omne
1682 1138 2115 1207 primoqenitum
2168 1137 2375 1209 pecoris
2425 1133 2614 1207 (Exod.

962 1242 1065 1293 xu,
1095 1225 1209 1297 29).
1245 1225 1551 1296 Responde
1589 1224 1758 1292 mihi,
1787 1225 1895 1290 Qui
1946 1229 2086 1281 tunc
2132 1226 2205 1281 ab
2268 1223 2617 1280 extermina-

965 1317 1088 1368 tore
1114 1313 1347 1368 fuerant
1375 1312 1737 1384 interempti,
1772 1313 2150 1386 primogeniti
2181 1314 2418 1368 fuerunt
2446 1329 2518 1367 an
2563 1314 2621 1366 et

968 1401 1306 1474 unigeniti?
1355 1401 1414 1456 Si
1476 1401 1851 1473 primogeniti
1900 1405 2132 1457 tantum
2180 1401 2267 1456 illi
2314 1404 2617 1464 vocantur,

967 1491 1069 1562 qui
1098 1490 1307 1547 fratres
1338 1490 1555 1546 habent
1590 1506 1725 1563 ergo
1753 1492 1824 1546 ab
1855 1491 2279 1547 interhecione‘
2333 1488 2618 1562 unigeniti

966 1578 1193 1635 liberali
1225 1583 1381 1634 sunt.
1445 1579 1505 1635 Si
1567 1584 1763 1635 autem
1819 1583 1885 1634 ut
1942 1579 2229 1652 unigeniti
2286 1578 2420 1635 caesi
2459 1581 2617 1643 sunt,

970 1670 1172 1723 contra
1199 1668 1554 1723 sententiam
1604 1669 1823 1723 factum
1873 1671 1981 1737 est,
2032 1673 2099 1724 ut
2146 1669 2299 1724 inter
2328 1666 2621 1739 primoge-

2726 959 3188 1026 circumdueendi,
3238 961 3377 1015 sicut
3420 968 3469 1014 et
3524 960 3713 1017 caeteri
3770 958 4024 1031 apostoli,
4080 960 4131 1012 et
4178 957 4379 1027 fratres

2733 1051 2975 1105 Domini.
3043 1057 3094 1105 et
3156 1048 3359 1119 Cephas
3405 1048 3454 1117 (ι
3502 1048 3624 1104 Cor.
3703 1065 3779 1115 1x,
3847 1051 3899 1114 4,
3981 1045 4039 1115 5)
4078 1048 4104 1098 .9
4166 1045 4239 1100 Et
4305 1059 4378 1099 ne

2729 1139 2877 1194 forte
2923 1136 3136 1209 aliquis
3180 1137 3520 1193 Judaeorum
3560 1135 3963 1193 testimonium
4010 1150 4127 1190 non
4171 1130 4381 1189 admit-

2730 1231 2897 1294 teret,
2931 1226 3031 1299 qui
3060 1226 3238 1282 etiam
3269 1225 3509 1281 nomina
3538 1226 3783 1281 fratrum
3839 1224 3998 1280 illius
4046 1221 4377 1288 ediderunt,

2729 1315 2907 1372 simili
2937 1331 3036 1371 eos
3066 1329 3333 1371 asserens
3357 1313 3462 1387 [ΑΙ.
3495 1312 3732 1387 asseris]
3763 1314 3822 1369 in
3857 1311 4137 1368 fratribus
4185 1325 4379 1366 errore

2731 1405 3023 1476 deceptos,
3073 1420 3187 1475 quo
3237 1427 3264 1452 «
3318 1403 3377 1458 in
3428 1407 3588 1475 patre
3635 1401 3980 1458 aestimando
4020 1404 4160 1456 sunt
4205 1396 4378 1470 lapsi,

2732 1496 2933 1565 argute
2965 1492 3255 1564 praecavit,
3289 1496 3346 1547 et
3389 1491 3505 1546 ait:
3561 1491 3692 1546 Haec
3738 1490 3943 1546 eadem
3988 1485 4271 1545 vocabula
4307 1485 4382 1541 ab

2730 1579 3106 1654 ovangelistis
3132 1579 3192 1634 in
3223 1579 3337 1636 alio
3363 1580 3487 1636 loco
3519 1578 3833 1645 nominari,
3874 1583 3932 1634 et
3976 1576 4214 1634 eosdem
4253 1590 4384 1631 esse

2731 1670 2943 1725 fratres
2974 1668 3230 1735 Domini,
3265 1666 3418 1724 ﬁlios
3448 1667 3661 1724 Mariae.
3700 1689 3729 1717 ››
3760 1666 4070 1723 Mattheus
4093 1664 4379 1737 loquitur:

972 1756 1126 1813 nitos
1157 1761 1214 1812 et
1242 1756 1530 1829 unigeniti
1561 1761 1948 1813 morerentur.
1980 1758 2094 1812 Aut
2126 1748 2461 1829 unigenitos
2482 1754 2619 1810 libe-
2650 1791 2697 1855 Β
2731 1761 2902 1814 Erant
2928 1767 3113 1814 autem
3144 1757 3222 1812 ibi
3247 1756 3445 1829 [(baud
3493 1756 3740 1812 dubium
3795 1755 3938 1829 quin
3986 1758 4119 1811 ante
4147 1767 4382 1810 crucem

970 1845 1130 1901 rabis
1158 1861 1193 1899 a
1216 1862 1407 1916 poena,
1432 1851 1489 1900 et
1518 1844 1801 1901 ridiculus
1832 1846 1946 1900 eris
1977 1862 1990 1899 :
2025 1849 2127 1900 aut
2158 1845 2208 1900 si
2247 1843 2617 1901 conﬁteberis
2650 1843 2696 1855 "
2729 1846 3022 1918 Domini‘)
3084 1854 3143 1902 et
3203 1846 3462 1902 mulieres
3513 1846 3706 1903 multae
3765 1861 3800 1899 a
3854 1844 4012 1914 longe
4067 1849 4382 1916 spectantes,

970 1933 1323 2002 interfectos,
1383 1932 1627 2006 ingratis
1685 1933 2104 2000 obtinebimus,
2168 1939 2225 1989 et
2286 1932 2618 2006 unigenitos
2728 1951 2852 2009 quae
2881 1943 3081 1992 secutae
3130 1937 3354 2007 fuerant
3376 1936 3558 1991 Iesum
3615 1952 3649 1990 a
3689 1932 3941 2002 Galilaea,
4006 1933 4388 1988 ministrantes

971 2022 1394 2094 primogenitos
1424 2021 1725 2094 appellari.
2729 2026 2840 2080 illi.
2892 2026 3040 2081 Inter
3095 2040 3231 2095 quas
3276 2031 3434 2079 erant
3487 2025 3664 2080 Maria
3708 2021 4055 2095 Magdalene,
4102 2024 4160 2077 et
4201 2021 4389 2078 Maria

2729 2115 2935 2184 Jacobi,
2967 2122 3018 2169 et
3043 2112 3236 2184 Ioseph
3264 2116 3459 2179 mater,
3517 2121 3568 2169 et
3618 2120 3797 2168 mater
3853 2112 4098 2181 filiorum
4138 2108 4391 2167 Zebedaei

1048 2199 1134 2257 11.
1167 2199 1406 2254 Helvidii
1434 2200 1625 2255 ultima
1651 2202 1971 2272 propositio.
2024 2231 2093 2241 -
2116 2201 2381 2256 Extrema
2412 2215 2621 2272 propo-
2732 2203 2951 2274 (Matth.
2982 2220 3160 2268 xxvn,
3189 2203 3282 2269 55,
3312 2202 3424 2272 56).
3461 2203 3604 2257 Item
3647 2201 3880 2257 Marcus
3905 2217 3918 2256 :
3970 2204 4157 2256 Erant
4200 2202 4391 2254 autem

977 2288 1111 2345 sitio
1144 2288 1255 2343 fuit
1298 2287 1454 2359 (licet
1502 2288 1559 2343 id
1608 2288 1803 2360 ipsum
1845 2290 1903 2345 in
1954 2289 2340 2362 primogenito
2378 2287 2625 2344 voluerit
2733 2301 2783 2348 et
2838 2292 3097 2348 mulieres
3140 2308 3175 2347 a
3223 2292 3379 2362 longe
3429 2291 3774 2362 aspicientes,
3814 2291 3981 2345 inter
4027 2304 4160 2361 quas
4215 2295 4377 2344 erant

979 2375 1330 2446 ostendere),
1363 2376 1571 2431 fratres
1600 2376 1829 2432 Domini
1860 2376 1921 2431 in
1961 2377 2285 2449 Evangeliis
2312 2376 2623 2444 nominari,

983 2468 1047 2521 ut
1076 2465 1156 2521 ibi
1184 2480 1197 2518 :
1225 2467 1368 2520 Ecce
1394 2472 1570 2519 mater
1596 2467 1712 2537 ejus
1740 2468 1792 2519 et
1818 2469 2025 2536 fratres
2079 2467 2197 2538 ejus
2224 2466 2439 2521 stabant
2467 2467 2624 2537 foris,

981 2557 1281 2627 quaerentes
1333 2554 1481 2624 loqui
1533 2570 1657 2608 cum
1712 2570 1773 2609 eo
1826 2556 1977 2623 (Luc.
2036 2572 2160 2623 vm,
2208 2556 2319 2623 20).
2353 2556 2421 2610 Et
2448 2553 2624 2610 alibi:

982 2646 1111 2699 Post
1140 2643 1257 2699 lues
1285 2642 1564 2699 descendit
1624 2643 2004 2714 Caphanaum,
2037 2644 2151 2715 ipse
2179 2647 2232 2698 et
2275 2651 2448 2698 mater
2489 2644 2626 2715 ejus,

981 2739 1034 2788 et
1058 2734 1259 2803 fratres
1298 2733 1414 2802 ejus
1468 2732 1626 2801 (Joan
1682 2748 1743 2799 ιι,
1778 2731 1888 2802 12).
1940 2732 2009 2786 Et
2056 2731 2175 2787 ibi:
2234 2733 2508 2787 Dixerunt
2542 2747 2631 2788 er-

981 2836 1048 2891 go
1076 2822 1273 2890 fratres
1304 2820 1419 2891 ejus
1444 2819 1515 2875 ad
1541 2835 1702 2875 eum:
1738 2820 1931 2875 Transi
1960 2820 2107 2889 hinc,
2156 2827 2208 2876 et
2249 2821 2383 2876 vade
2435 2822 2496 2875 in
2534 2822 2629 2876 Ju-

986 2909 1186 2976 dzam,
1210 2914 1271 2964 ut
1297 2912 1348 2964 et
1376 2908 1636 2981 discipuli
1663 2910 1751 2963 tui
1776 2908 1997 2965 videant
2024 2925 2192 2980 opera
2242 2917 2336 2964 tua
2384 2924 2510 2981 qum
2551 2912 2633 2981 fa-

2737 2382 2913 2437 Maria
2963 2380 3309 2451 Magdalene,
3358 2384 3410 2435 et
3457 2381 3634 2435 Maria
3678 2379 3866 2436 Jacobi
3904 2378 4157 2444 minoris,
4194 2384 4247 2432 et
4288 2377 4383 2433 Jo-

2735 2471 2865 2542 seph
2921 2474 3103 2525 mater
3158 2468 3373 2525 Salome
3432 2468 3617 2541 (Marc.
3676 2484 3769 2537 xv,
3828 2466 3958 2538 40):
4018 2466 4216 2537 ibique
4247 2467 4396 2537 post

2738 2559 3035 2615 modicum
3065 2575 3077 2613 :
3110 2559 3176 2613 Et
3203 2559 3335 2613 aliae
3369 2557 3565 2615 multa”
3605 2573 3724 2629 qux
3779 2556 4141 2612 ascenderant
4178 2570 4304 2610 cum
4329 2568 4397 2609 eo

2738 2651 2799 2705 in
2827 2647 3144 2705 Jerusalem.
3188 2647 3422 2704 Necnon
3472 2650 3530 2702 et
3571 2646 3789 2702 Lucas:
3834 2646 4005 2701 Erant
4043 2648 4227 2700 autem
4268 2644 4395 2701 Ma-

2740 2740 2827 2793 ria
2856 2736 3169 2807 Magdalene
3195 2740 3249 2793 et
3275 2736 3515 2805 Joanna,
3544 2739 3596 2791 et
3626 2735 3816 2791 Maria
3841 2733 4062 2799 Jacobi,
4094 2735 4147 2788 et
4171 2738 4398 2790 eceterae

2738 2843 2864 2881 cum
2895 2827 2974 2881 eis
3004 2825 3157 2896 (Luc.
3189 2841 3347 2891 xxw,
3382 2825 3496 2895 40).

2812 2914 2903 2970 l2.
2948 2915 3334 2986 Hieronymus.
3386 2943 3455 2955 -ο
3503 2912 3632 2969 Haec
3678 2911 3896 2968 idcirco
3953 2897 4396 2983 replicavimus,

986 3000 1084 3054 eis.
1132 3000 1297 3054 Nemo
1345 3013 1495 3053 enim
1540 2998 1755 3071 aliquid
1805 3000 1860 3054 in
1906 2999 2110 3054 occulto
2156 3000 2382 3070 faciens,
2437 3000 2637 3070 quxrit
2742 3019 2815 3059 ne
2844 3002 3241 3059 calumnietur
3269 3006 3327 3057 et
3356 3001 3641 3069 clamitet,
3672 3017 3740 3057 ea
3765 3017 3892 3072 quae
3923 3016 4027 3072 pro
4058 3016 4121 3055 se
4150 2998 4395 3065 faciant,

988 3090 1106 3159 ipse
1129 3089 1189 3142 in
1242 3087 1430 3157 palam
1457 3104 1589 3143 esse.
1623 3088 1685 3142 Si
1713 3089 1831 3145 haec
1864 3090 2023 3159 facis,
2081 3090 2375 3159 manifesta
2405 3090 2635 3160 teipsum
2674 3154 2705 3160 _
2744 3110 2778 3148 a
2807 3091 2975 3148 nobis
3001 3108 3129 3148 esse
3178 3091 3496 3156 subtracta,
3531 3093 3588 3146 et
3637 3089 3987 3146 sententiam
4035 3105 4226 3155 suam,
4274 3102 4398 3143 non

989 3154 1191 3231 mundo
1220 3154 1373 3247 (Joan
1403 3193 1505 3241 v11,
1536 3177 1590 3243 3,
1624 3177 1699 3247 4).
1748 3154 1970 3232 Joanne
2010 3154 2270 3248 desuper
2315 3154 2630 3233 inferente:
2665 3154 2707 3220 C
2745 3181 3097 3237 testimoniis
3124 3154 3581 3252 Scripturarum,
3615 3178 3716 3234 sed
3744 3176 3970 3233 lubrica
3995 3176 4401 3250 disputatione

982 3269 1171 3336 Neque
1194 3266 1343 3318 enim
1369 3266 1569 3333 fratres
1599 3264 1719 3335 ejus
1750 3273 1878 3319 tunc
1904 3265 2189 3321 credebant
2220 3266 2279 3320 in
2305 3281 2431 3321 eum
2471 3265 2629 3336 (Ibid.

983 3354 1061 3425 5).
1096 3353 1240 3407 Item
1299 3352 1530 3407 Marcus
1588 3357 1645 3406 et
1698 3353 2040 3409 Mattheus:
2100 3359 2165 3410 Et
2208 3354 2429 3410 docebat
2455 3370 2543 3411 eos
2573 3357 2633 3411 in

983 3456 1265 3514 synagoya
1288 3456 1476 3497 eorum
1514 3443 1575 3496 in
1600 3444 1784 3512 patria
1812 3458 1932 3509 sua,
1963 3444 2045 3498 ita
2069 3447 2128 3497 ut
2155 3447 2449 3518 stuperent,
2476 3448 2526 3499 et
2552 3444 2633 3500 di-

982 3530 1191 3587 cerent:
1213 3530 1359 3587 Unde
1368 3531 1499 3587 huic
1514 3532 1692 3586 omnis
1708 3531 1823 3587 haec
1840 3534 2121 3603 sapientia
2135 3536 2185 3587 et
2199 3534 2425 3589 virtutes
2446 3536 2631 3589 ?Non-

981 3636 1052 3676 ne
1074 3620 1163 3675 hic
1180 3624 1259 3675 est
1285 3619 1434 3690 fabri
1453 3619 1617 3690 filius
1638 3623 1663 3673 .9
1676 3636 1857 3676 nonne
1877 3625 2055 3676 mater
2073 3623 2191 3693 ejus
2209 3621 2416 3678 dicitur
2434 3622 2628 3689 Maria,

975 3717 1035 3765 vet
1060 3712 1263 3781 fratres
1286 3709 1405 3780 ejus
1432 3710 1661 3765 Iacobus
1679 3718 1730 3765 et
1758 3711 1973 3782 Ioseph,
2007 3713 2055 3765 et
2083 3712 2277 3766 Simon
2298 3720 2348 3767 et
2367 3712 2553 3779 Iudas,
2582 3719 2634 3767 et

979 3812 1188 3855 sorores
1215 3799 1333 3870 ejus
1362 3813 1546 3853 omnes
1575 3798 1721 3870 apud
1748 3815 1847 3855 nos
1876 3807 2002 3855 sunt
2032 3799 2238 3871 (Matth.
2271 3802 2504 3869 χιιι,54,
2527 3802 2629 3863 55;

980 3887 1144 3941 Marc.
1176 3904 1255 3956 vx,
1283 3886 1402 3954 4-3)
1423 3886 1451 3940 ?
1492 3892 1677 3943 Lucas
1703 3904 1933 3959 quoque
1963 3888 2022 3943 in
2050 3888 2288 3945 Actibus
2336 3890 2629 3962 apostolo-

981 3990 1114 4031 rum
1141 3976 1224 4031 ita
1252 3976 1461 4031 refert:
1495 3978 1565 4031 Hi
1591 3993 1774 4032 omnes
1802 3986 1958 4034 erant
1984 3981 2250 4035 instantes
2303 3981 2629 4036 unanimes’

981 4066 1040 4120 in
1099 4064 1346 4120 oratione
1391 4080 1517 4121 cum
1558 4066 1887 4123 mulieribus
1942 4071 1995 4123 et
2050 4068 2226 4123 Maria
2282 4077 2457 4124 matre
2480 4071 2627 4138 Jesu,

977 4161 1031 4210 et
1054 4153 1324 4225 fratribus
1373 4155 1547 4224 ipsius
1595 4156 1728 4227 (Act.
1780 4174 1818 4225 ι,
1860 4156 1967 4228 14).
2021 4157 2256 4213 Necnon
2306 4162 2365 4212 et
2411 4156 2627 4213 Paulus

1051 4280 1068 4315 ¹
1099 4278 1388 4352 Victorius
1446 4267 1882 4352 interemptione,
1941 4297 2075 4335 cum
2133 4285 2325 4336 tamen
2382 4283 2625 4337 interne-

978 4352 1211 4408 cionein
1243 4351 1374 4407 aliis
1405 4351 1838 4424 exemplaribus
1872 4351 2209 4407 invenisset.
2242 4352 2393 4406 Olim
2424 4352 2626 4408 vitiose

978 4427 1104 4477 erat
1126 4424 1594 4492 interpretatione.

2743 3267 3105 3324 convulsam.
3139 3290 3166 3317 ‹‹
3201 3268 3340 3322 Ecce
3369 3264 3586 3337 inquit,
3626 3264 3880 3321 Jacobus
3926 3268 3983 3320 et
4027 3262 4245 3335 Joseph
4281 3259 4397 3316 filii

2741 3357 2949 3425 Marias,
2984 3357 3201 3412 iidem‘
3232 3371 3379 3427 quos
3428 3354 3615 3410 Judaei
3664 3353 3873 3409 fratres
3931 3350 4396 3425 appellaverunt.

2741 3447 2885 3501 Ecce
2916 3445 3100 3501 Maria
3129 3443 3329 3500 Jacobi
3365 3442 3609 3499 minoris
3638 3445 3696 3498 et
3723 3441 3939 3498 Josetis
3969 3448 4176 3496 mater.
4207 3439 4403 3496 Mino-

2740 3536 2822 3590 ris
2852 3538 3044 3590 autem
3077 3533 3300 3599 Jacobi,
3331 3532 3402 3588 ad
3434 3531 3872 3587 distinctionem
3922 3529 4184 3600 majoris,
4235 3526 4399 3585 218

2739 3624 2839 3695 qui
2869 3627 2993 3679 erat
3020 3621 3178 3678 illius
3206 3620 3485 3688 Zebedxi,
3516 3619 3669 3676 sicut
3697 3624 3753 3675 et
3811 3619 3871 3674 in
3901 3617 4015 3674 alio
4072 3616 4198 3672 loco
4235 3614 4395 3670 Marb

2739 3730 2843 3768 cus
2874 3712 3038 3784 ponit
3065 3727 3078 3767 :
3112 3712 3288 3767 Maria
3317 3718 3501 3766 autem
3528 3707 3860 3780 Magdalene,
3884 3715 3940 3763 et
3959 3705 4133 3762 Maria
4198 3703 4394 3761 Jacobi

2738 3810 2790 3858 et
2845 3803 3059 3868 Josetis,
3112 3801 3371 3856 viderunt
3425 3798 3524 3855 ubi
3566 3800 3874 3869 poneretur
3928 3814 3941 3852 :
3990 3799 4042 3851 et
4105 3800 4391 3850 transacto

2738 3890 2993 3957 Sabbato,
3049 3891 3295 3945 emerunt
3351 3895 3623 3954 aromata,
3672 3893 3722 3941 et
3766 3890 4031 3941 venerunt
4085 3881 4157 3937 ad
4184 3895 4391 3936 monac

2735 3981 2999 4035 mentum.
3035 3977 3101 4032 Et
3131 3978 3333 4049 utique
3362 3976 3477 4032 ait:
3511 3977 3697 4041 Quam
3728 3972 4011 4030 miserum
4043 3970 4155 4027 erit
4182 3973 4240 4025 et
4268 3969 4393 4025 im-

2738 4068 2900 4139 pium
2954 4066 3026 4121 de
3056 4065 3243 4120 Maria
3271 4064 3381 4121 hoc
3430 4064 3667 4131 sentire,
3705 4066 3772 4118 ut
3814 4078 3949 4118 cum
3996 4059 4123 4117 aliae
4154 4056 4388 4115 feminae

2736 4172 2936 4211 curam
2967 4152 3280 4225 sepultura:
3309 4157 3447 4208 Jesu
3480 4152 3814 4218 habuerint,
3847 4154 4094 4207 matrem
4133 4149 4263 4220 ejus
4292 4146 4395 4203 di-

2735 4283 2821 4334 ret
2851 4294 2985 4333 eum
3015 4277 3087 4332 de
3132 4276 3261 4332 aliis
3309 4276 3530 4332 sanctis
3578 4276 3797 4332 dixisse
3844 4272 4211 4339 mulieribus,
4260 4288 4391 4344 quae

2728 4352 3148 4422 juxlamorem
3177 4348 3515 4422 Judaicum,
3548 4346 3856 4422 magistris
3875 4346 3947 4401 de
3976 4362 4085 4401 sua
4113 4344 4394 4422 substan-

2734 4413 2818 4500 tia
2834 4420 3281 4500 ministrabant,
3304 4420 3459 4500 sicut
3477 4413 3728 4500 legimus
3747 4417 3860 4490 ipsi
3884 4431 4117 4500 quoque
4139 4413 4390 4499 Domino

1048 4484 1288 4585 ἴασι]ςέ
1316 4492 1688 4585 Verpnensis,
1718 4494 2007 4585 unanimes
2033 4493 2274 4547 orationi
2295 4494 2625 4551 cuntmulie-
2655 4521 2701 4585 D
2737 4492 3067 4585 factitatum
3122 4510 3146 4540 ο
3186 4484 3299 4547 etc.
3338 4495 3414 4544 Ex
3444 4484 3661 4585 quibus
3699 4484 3919 4585 tamen:
3951 4484 4194 4543 minime
4230 4484 4395 4585 evita;

979 4562 1163 4634 ribus,
1189 4567 1245 4616 et
1274 4578 1393 4631 qum
1421 4566 1529 4634 fuit
1558 4565 1725 4619 Mater
1750 4564 1897 4629 Jesu,
1930 4568 2037 4617 etc.

1049 4632 1071 4665 ³
1099 4631 1390 4706 Victorius
1421 4631 1679 4706 mulieres
1706 4634 1979 4706 legitpro
2001 4650 2220 4700 uxores,
2253 4635 2351 4706 qui
2385 4640 2441 4691 et
2490 4634 2621 4691 falsi

979 4704 1327 4778 impressam
1359 4702 1663 4778 lectionem
1696 4702 1969 4778 pluribus
1984 4702 2451 4778 (accusanatque
2468 4723 2536 4762 ex
2557 4723 2623 4763 eo

1020 4776 1265 4848 raecipue
1297 4776 1451 4864 quod
1483 4776 1615 4831 etsi
1648 4792 1715 4855 ex
1746 4776 1870 4864 ipso
1928 4776 2265 4864 Hieronymi
2300 4776 2477 4861 sensu
2516 4796 2624 4864 vox

1033 4847 1175 4922 raaca
1205 4847 1340 4920 γυνή
1377 4850 1707 4922 communis
1738 4848 1814 4902 sit
1846 4847 2008 4902 uxori
2040 4852 2097 4922 et
2125 4847 2377 4922 mulieri
2398 4850 2621 4922 signiﬁ-

977 4918 1194 4990 candis,
1220 4918 1445 4974 certum
1478 4920 1553 4975 sit
1582 4925 1800 4986 tamen,
1833 4918 2177 4990 Apostolum
2210 4920 2316 4975 hoc
2365 4918 2489 4976 loco
2532 4922 2621 4976 in-

974 4987 1236 5062 telligere
1258 4992 1329 5045 de
1354 4991 1722 5057 mulieribus,
1748 4987 2166 5062 quaaapostolis
2183 4992 2616 5047 ministrabant.

974 5059 1038 5134 In
1071 5062 1240 5131 cujus
1270 5062 1351 5116 rei
1382 5059 1784 5118 testimonium
1816 5059 1983 5117 ati'ert
2011 5062 2360 5134 Sarnoctoris
2391 5064 2615 5134 exposi-

971 5130 1192 5202 tionem
1223 5148 1291 5185 ex
1322 5134 1509 5202 primo
1539 5144 1732 5190 contra
1750 5135 2049 5190 Joviniam.
2073 5131 2173 5189 lib.
2203 5152 2216 5189 :
2247 5157 2275 5184 «
2304 5134 2363 5189 Si
2395 5130 2614 5199 autem,

972 5201 1183 5273 inquit,
1217 5201 1385 5257 nobis
1415 5205 1559 5277 illud
1589 5206 1926 5277 opposuerit
1955 5205 2027 5260 ad
2052 5206 2441 5276 probandum,
2461 5205 2616 5277 quod

970 5289 1175 5348 omnes
1205 5274 1454 5345 apostoli
1487 5274 1725 5331 uxorein
1766 5274 2121 5348 habuerint:
2175 5277 2463 5348 numquid
2479 5274 2615 5332 ‘non

970 5344 1258 5417 habemus
1288 5349 1633 5417 potestatem
1664 5347 1959 5413 mulieres,
1988 5346 2076 5402 vel
2110 5364 2315 5403 uxores
2338 5344 2614 5403 _circum-

971 5415 1242 5492 ducendi,
1277 5415 1416 5487 quia
1440 5418 1574 5492 γε)γὴ
1607 5418 1761 5488 apud
1792 5418 2363 5492 QrzecosAutrumque
2396 5418 2617 5492 signiti-

971 5492 1095 5560 cat;
1126 5486 1311 5560 sicut
1347 5486 1552 5560 caeteri
1582 5486 1852 5560 apestoli,
1906 5494 1973 5560 et,
2013 5486 2282 5560 Cephas;
2321 5495 2377 5545 et
2407 5486 2615 5546 fratres

969 5557 1224 5630 Domini,
1253 5559 1466 5630 jungat
1498 5557 1641 5613 illud
1674 5559 1827 5630 quod
1863 5564 1920 5612 et
1962 5559 2022 5613 in
2062 5557 2274 5616 Griecis
2314 5562 2613 5619 codicibus

969 5634 1060 5687 est
1075 5629 1424 5704 :ANumquid
1474 5647 1590 5686 non
1652 5629 1939 5704 habemus
1985 5634 2335 5704 potestatem
2382 5648 2612 5691 sorores

968 5701 1246 5765 mulieres
1274 5700 1363 5762 vel
1393 5717 1603 5761 uxores
1626 5700 2144 5762 circumducendi!
2172 5702 2254 5761 Ex
2283 5719 2398 5779 quo
2430 5721 2613 5781 appa-

2734 4563 2885 4620 citur
2920 4563 3183 4633 mulieres
3214 4579 3317 4633 pro
3348 4557 3550 4633 uxores
3602 4560 3858 4633 legisso_;_
3884 4560 4032 4633 bene
4080 4572 4213 4633 vero
4243 4557 4391 4629 quid

2732 4652 2799 4691 eo
2827 4632 3107 4690 vocabulo
3137 4629 3293 4689 esset
3315 4629 3785 4703 intelligendum.
3813 4629 4164 4703 Hujusmodi
4188 4633 4390 4703 autem

2735 4723 2827 4762 res
2857 4711 2964 4772 est,
2998 4722 3113 4760 non
3144 4720 3342 4760 uxores
3370 4699 3622 4768 tantum,
3656 4709 3759 4758 aut
3788 4703 4047 4758 mulieres
4069 4699 4248 4772 legi;
4279 4700 4388 4755 sed

2724 4770 2979 4849 junctim
3016 4776 3103 4849 vel
3133 4777 3423 4831 mulierem
3461 4790 3723 4849 sororem,
3754 4777 3821 4829 ut
3851 4774 3908 4849 in
3961 4770 4176 4849 [:atino'
4202 4770 4389 4849 inter-

2732 4844 2932 4920 prete;
2982 4847 3071 4903 vel
3117 4846 3710 4920 sororem_mulierem,
3750 4849 3816 4900 ut
3862 4844 3923 4899 in
3972 4844 4167 4920 Graeco
4196 4846 4385 4920 textu,

2732 4911 2972 4995 ἃδελφήν
3037 4917 3533 4995 yova‘ixaLPlurqs
3578 4922 3798 4995 aut_em_
3829 4932 3898 4995 ex
3933 4913 4213 4995 antiquis.
4249 4911 4389 4995 plp-

2729 4984 2889 5046 rium'
2913 4984 3155 5045 numero
3179 4990 3437 5045 mulieres
3486 4987 3705 5046 legunt.
3753 4984 4149 5042 Tertullianus
4178 4984 4246 5040 de
4273 4984 4388 5039 Μο-

2727 5064 2986 5135 nogamia
3004 5078 3131 5135 cap.
3164 5063 3198 5116 8
3248 5066 3305 5117 et
3347 5061 3415 5116 de
3449 5055 3859 5135 Pudicitiam,
3908 5055 4391 5135 Hieronymugin

2728 5126 3275 5197 Mattheeum'xxvn,
3308 5135 3366 5186 et
3415 5131 3485 5185 ad
3533 5129 3938 5196 Eustochium,
3988 5126 4237 5201 epistola
4262 5126 4387 5193 22;

2731 5204 3180 5270 Ambrosiaster,
3211 5201 3509 5272 Sedulius,
3561 5202 3798 5272 aliique,
3846 5198 4056 5272 sorores
4093 5198 4389 5254 mulieres.

2726 5275 2834 5341 Qui
2863 5291 2997 5330 vero
3026 5290 3221 5330 uxores
3248 5271 3594 5345 simpliciter
3621 5271 3899 5344 legerent.
3932 5271 4220 5327 hactenus
4258 5284 4393 5324 non

2724 5345 3077 5401 invenimus.

2794 5418 2816 5451 ‘
2846 5418 3121 5472 Mendosa
3148 5413 3488 5486 trajectione
3521 5416 3663 5478 erat,
3685 5414 3774 5486 ibi
3801 5421 3862 5469 et
3911 5414 4171 5469 mulieres
4195 5409 4388 5486 (haud

2721 5487 2953 5543 dubium
2981 5489 3118 5554 quin
3142 5485 3269 5541 ante
3287 5503 3503 5542 crucem
3534 5485 3776 5554 Domini)
3806 5486 4005 5552 multa,
4035 5488 4146 5539 etc.
4194 5485 4387 5538 Vero-

2724 5558 2923 5615 nensis
2953 5557 3101 5613 liber
3129 5557 3479 5614 emendavit.

2792 5631 2813 5664 ⁵
2860 5629 3071 5686 Vocem
3096 5700 3099 5701 ν
3129 5628 3296 5685 iidem
3367 5645 3443 5701 ex_
3481 5626 3800 5701 Veronensi
3847 5626 4217 5701 supplemus,
4275 5623 4388 5700 qui

2721 5704 3060 5763 constanter
3087 5700 3241 5761 infra
3265 5697 3541 5781 Josephtis
3562 5714 3667 5786 pro
3689 5702 3726 5764 J
3743 5700 3903 5762 osetis
3923 5697 4093 5783 legit.
