4100 6156
371 288 478 353 205

1134 290 1237 353 DE
1279 286 1701 353 PERPETUA
1741 284 2252 353 VIRGINITA'I‘E
2296 287 2367 349 B.
2417 286 2691 351 MARIJE
2732 286 2989 351 LIBER.

3643 287 3761 353 206

372 438 564 478 camus
594 422 934 479 absentem:
969 428 1071 480 aut
1119 424 1360 482 alteram
1411 441 1537 480 esse
1585 424 1853 491 Mariam,
1900 438 2000 479 ne-
2032 425 2085 489 Α
2114 423 2386 478 columine
2412 437 2528 476 esse
2548 421 2744 491 (Galat.
2781 440 2843 489 ιι,
2872 423 2950 490 9).
3012 422 3097 479 Ne
3140 426 3337 480 autem
3386 422 3544 479 hunc
3589 428 3763 497 putes

370 510 477 566 scio
506 527 709 583 quam.
738 513 1144 585 conﬁngamus
1175 530 1187 567 :
1215 514 1537 584 praesertim
1572 529 1708 567 cum
1742 517 2001 585 Evange-

367 600 501 654 lium
528 600 773 655 Joannis
824 606 1072 656 testetur
1093 606 1432 673 praesentem
1464 618 1592 657 eam
1636 601 1755 656 illic
1796 602 1997 657 fuisse.

361 690 583 760 quando
616 688 780 744 illam
813 691 883 745 de
916 708 1087 746 cruce
1116 692 1405 747 Dominus
1429 692 1556 762 jam
1590 691 1830 746 viduam
1862 692 1900 757 ¹,
1938 695 2003 745 ut

365 783 597 833 matrem
625 777 835 832 Joanni
868 781 1333 835 commendabat.
1366 783 1482 834 Aut
1505 781 1794 851 numquid
1827 796 1995 835 evan-

366 866 565 938 gelista:
592 871 649 921 et
679 866 964 922 falluntur
993 873 1049 923 et
1096 867 1330 931 fallunt,
1368 872 1431 923 ut
1483 884 1688 923 eorum
1754 868 1997 923 Mariam

364 962 596 1010 matrem
627 955 912 1024 dicerent,
944 974 1091 1028 quos
1121 958 1306 1013 Judrei
1340 957 1549 1012 fratres
1578 957 1717 1012 Jesu
1752 973 1879 1011 esse
1910 957 1995 1011 di-

354 1044 597 1099 xerunt?
632 1069 657 1093 ››

416 1134 502 1187 13.
539 1133 582 1188 Ο
615 1135 777 1189 furor
806 1151 1013 1203 caicus,
1047 1140 1105 1190 et
1134 1135 1192 1189 in
1224 1135 1525 1207 proprium
1560 1135 1802 1189 exitium
1830 1151 1995 1190 mens

347 1223 602 1277 vesana!
652 1222 810 1278 Dicis
854 1224 926 1278 ad
977 1240 1208 1279 crucem
1259 1222 1489 1278 Domini
1560 1228 1808 1278 matrem
1866 1224 1995 1294 ejus

349 1310 524 1365 fuisse
550 1316 924 1382 praesentem,
955 1311 1098 1367 dicis
1130 1312 1369 1366 Joannis
1402 1311 1689 1383 discipulo
1720 1313 1792 1367 ob
1813 1312 1995 1366 vidui-

343 1403 519 1454 tatem
549 1405 608 1454 et
640 1399 1010 1455 solitudidem
1059 1400 1573 1455 commendatam:
1612 1401 1779 1472 quasi
1825 1402 1994 1471 juxta

342 1492 390 1540 te
438 1504 563 1542 non
615 1487 857 1543 haberet
912 1493 1164 1559 quatuor
1214 1488 1387 1543 fiilios
1445 1490 1487 1554 ³,
1546 1493 1601 1543 et
1652 1489 1993 1545 innumeras

340 1575 514 1643 filias,
550 1593 802 1647 quarum
837 1578 1130 1632 consortio
1176 1578 1465 1632 frueretur
1490 1578 1516 1631 ‘?
1548 1577 1799 1633 Viduam
1852 1595 1991 1650 quo-

338 1682 443 1737 que
488 1665 789 1730 nominas,
845 1666 1001 1737 quod
1058 1666 1365 1737 Scriptura
1422 1683 1538 1721 non
1599 1666 1880 1738 loquitur.
1925 1668 1992 1722 Et

337 1770 470 1808 cum
508 1755 708 1809 omnia
737 1754 1232 1826 evangelistarum
1266 1755 1531 1825 exempla
1556 1773 1870 1827 proponas,
1902 1773 1992 1812 so-

334 1841 443 1897 lius
508 1841 617 1896 tibi
654 1842 901 1897 Joannis
928 1844 1105 1899 verba
1135 1860 1249 1899 non
1283 1844 1534 1915 placent.
1572 1845 1727 1899 Dicis
1770 1846 1985 1899 transi-

334 1931 501 1995 torie,
536 1931 606 1985 ad
640 1948 870 1986 crucem
922 1932 1155 1987 Domini
1205 1950 1334 1988 eam
1385 1933 1569 1988 fuisse
1618 1938 1985 2006 praesentem,

334 2037 401 2075 ne
452 2021 721 2075 consulto
772 2021 1119 2091 praeteriisse
1172 2020 1465 2077 videaris:
1501 2026 1557 2077 et
1604 2027 1801 2078 tamen
1861 2039 1987 2093 quae

342 2124 474 2162 cum
508 2107 603 2164 illa
640 2108 915 2163 mulieres
971 2109 1206 2177 fuerint,
1260 2110 1419 2165 siles.
1467 2112 1833 2182 Ignoscerem
1882 2127 1985 2165 ne-

340 2196 563 2263 scienti,
598 2196 713 2252 nisi
767 2196 1021 2252 viderem
1078 2197 1344 2253 consulto
1393 2199 1755 2254 reticentem.
1807 2199 1986 2266 Audi,

332 2284 550 2356 itaque,
594 2286 854 2340 Joannes
903 2287 1040 2357 quid
1095 2286 1287 2342 dicat:
1323 2286 1553 2342 Stabant
1598 2293 1781 2342 autem
1822 2290 1988 2357 juxta

328 2390 542 2429 crucem
572 2376 700 2429 Jesu
729 2377 904 2429 mater
932 2376 1068 2445 ejus,
1100 2380 1153 2430 et
1190 2392 1348 2430 soror
1395 2379 1591 2431 matris
1638 2377 1755 2448 ejus
1806 2378 1987 2433 Maria

331 2462 601 2535 Cleophaz,
638 2470 689 2518 et
716 2463 892 2518 Maria
922 2463 1247 2532 Magdalene
1278 2466 1458 2535 (Joan.
1491 2483 1608 2530 xxx,
1667 2466 1779 2537 25).
1832 2463 1985 2519 Nulli

327 2552 577 2606 dubium
613 2556 721 2619 est,
772 2553 925 2607 219
985 2553 1133 2608 duos
1193 2553 1377 2609 fuisse
1435 2552 1730 2624 apostolos
1785 2553 1985 2608 Jacobi

334 2639 627 2695 vocabulo
657 2646 1051 2712 nuncupatos,
1084 2641 1367 2697 Jacobum
1398 2642 1681 2709 Zebedzei,
1714 2646 1771 2696 et
1812 2642 1986 2697 Jaco-

330 2730 477 2784 bum
518 2728 790 2801 Alpbaei.
828 2731 1032 2797 Istum,
1066 2730 1263 2785 nescio
1294 2747 1467 2802 quem
1502 2731 1788 2786 minorem
1820 2731 1986 2786 Jaco-

328 2818 681 2889 bum,quem
716 2818 910 2873 Mariae
942 2818 1265 2886 ﬁlium,nec
1288 2822 1484 2874 tamen
1519 2820 1722 2874 matris
1754 2818 1985 2875 Domini

326 2906 635 2978 Scriptura
682 2912 1125 2975 commemorat,
1193 2907 1524 2979 apostolum
1573 2908 1658 2963 vis
1708 2923 1856 2975 esse,
1909 2925 1983 2963 an

329 3011 438 3050 non
462 2995 492 3049 ?
524 2994 582 3051 Si
614 2995 921 3066 apostolus
959 3000 1066 3051 est.
1098 2996 1320 3068 Alpbaai
1375 2996 1531 3051 filius
1578 2996 1706 3062 erit,
1760 3000 1818 3051 et
1861 3013 1983 3052 cre-

328 3084 423 3137 det
450 3083 512 3138 in
542 3084 786 3151 Iesum;
822 3088 877 3139 et
931 3101 1043 3140 non
1093 3084 1203 3139 erit
1257 3085 1327 3140 de
1384 3083 1501 3139 illis
1554 3084 1851 3152 fratribus,
1914 3085 1984 3140 de

2111 512 2395 566 Jacobum
2430 511 2618 566 filium
2650 511 2927 579 Zcbedaei,
2962 510 3089 583 lege
3119 514 3296 568 Actus
3336 512 3759 585 apostolorum.

2111 599 2141 653 J
2150 617 2241 653 am
2271 600 2342 654 ab
2376 600 2599 654 Herode
2632 599 2823 654 fuerat
2853 598 3261 671 interemptus.
3290 600 3491 656 Restat
3519 601 3759 658 conclu-

2110 688 2218 752 sio,
2265 692 2327 742 ut
2370 688 2551 743 Maria
2600 688 2712 743 ista
2758 705 2885 761 quae
2934 687 3137 743 Jacobi
3189 688 3431 744 minoris
3481 690 3761 746 scribitur

2113 782 2317 839 mater,
2352 776 2525 831 fuerit
2556 793 2702 831 uxor
2729 775 2977 849 Alphzei,
3011 780 3068 832 et
3114 792 3278 831 soror
3325 776 3518 832 Marias
3550 777 3756 834 matris

2108 864 2359 933 Domini,
2392 882 2570 937 quam
2607 865 2848 921 Mariam
2880 864 3145 938 Cleophis
3200 866 3461 921 Joannes
3509 882 3754 938 evange-

2107 952 2246 1010 lista
2285 955 2679 1027 cognominat,
2714 955 2835 1009 sive
2867 972 2899 1010 a
2919 954 3229 1026 patre,sive
3245 954 3571 1026 gentilitate
3592 955 3757 1011 fami-

2106 1042 2195 1097 liae
2227 1048 2329 1098 aut
2360 1059 2713 1115 quacunque
2743 1044 2860 1098 alia
2890 1060 3065 1099 causa
3098 1044 3149 1099 ei
3182 1061 3395 1100 nomen
3418 1045 3752 1117 imponens.

2105 1132 2164 1186 Si
2197 1133 2304 1203 [AL
2338 1132 2461 1203 Sin]
2494 1137 2689 1188 autem
2724 1132 2855 1187 inde
2886 1130 2991 1187 tibi
3021 1131 3135 1187 alia
3164 1138 3339 1205 atque
3367 1132 3484 1189 alia
3502 1133 3752 1202 videtur,

2105 1222 2260 1293 quod
2293 1220 2430 1276 alibi
2475 1222 2732 1276 dicatur:
2764 1220 2939 1276 Maria
2992 1223 3179 1277 Jacobi
3234 1224 3469 1277 minoris
3522 1228 3702 1279 mater
3731 1241 3751 1278 :

2104 1315 2159 1365 et
2190 1310 2283 1366 hic
2333 1313 2517 1367 Maria
2575 1310 2826 1382 Clt’ophél?
2861 1312 2986 1376 [AL
3036 1310 3303 1383 Cleopbe]
3337 1330 3349 1366 :
3386 1312 3544 1368 disce
3594 1312 3748 1368 Scri-

2105 1404 2288 1469 ptura:
2305 1400 2811 1467 consuetudinem,
2837 1400 3107 1454 eumdem
3152 1399 3456 1455 hominem
3506 1400 3753 1456 diversis

2103 1486 2441 1542 nominibus
2475 1488 2825 1559 nuncupari.
2860 1489 3062 1557 Raguel
3092 1505 3255 1544 socer
3292 1488 3499 1561 Moysi,
3549 1493 3607 1543 et
3654 1491 3748 1546 Je-

2100 1576 2222 1632 thro
2254 1578 2487 1633 dicitur.
2547 1576 2776 1645 Gedeon,
2809 1575 2988 1632 nullis
3045 1577 3240 1633 causis
3296 1576 3590 1633 immutati
3647 1595 3751 1633 no-

2103 1666 2280 1721 minis
2309 1672 2443 1721 ante
2472 1666 2815 1737 praemissis,
2848 1666 3042 1721 subito
3072 1666 3325 1721 Jerobaal
3347 1664 3753 1738 legitur.0zias

2100 1771 2198 1809 rex
2244 1754 2413 1821 Iuda,
2446 1754 2704 1810 vicissim
2736 1756 2962 1809 Azarias
3000 1758 3258 1810 vocatur.
3306 1754 3472 1810 Mons
3518 1754 3750 1822 Thabor,

2098 1843 2413 1914 Itabyrium
2443 1842 2677 1899 dicitur.
2713 1843 2969 1898 Rursum
3004 1848 3269 1899 Hermum
3299 1843 3602 1900 Pbcenices
3653 1860 3747 1900 co-

2095 1931 2443 2002 gnominant
2475 1932 2692 2000 Sanior,
2726 1938 2783 1988 et
2813 1938 3145 1987 Amorrzeus
3194 1932 3569 2005 cognominat
3610 1949 3747 1989 eum

2094 2022 2287 2087 Sanir,
2321 2021 2531 2076 Eadem
2575 2021 2699 2077 coeli
2763 2020 2937 2093 plaga
2991 2021 3182 2077 tribus
3242 2021 3580 2079 nominibus
3639 2039 3747 2095 ap-

2097 2109 2365 2181 pellatur,
2417 2110 2618 2181 Nageb,
2681 2112 2932 2178 Theman,
2993 2112 3214 2177 Darom,
3278 2111 3403 2183 lege
3462 2110 3744 2167 Ezechiel.

2100 2200 2309 2264 Petrus,
2344 2203 2399 2253 et
2425 2198 2615 2253 Simon
2645 2199 2881 2270 dicitur,
2914 2204 2971 2255 et
3020 2199 3243 2270 Cephas.
3293 2199 3323 2253 J
3334 2200 3479 2255 udas
3526 2202 3744 2270 zelotes,

2098 2288 2155 2341 in
2183 2286 2297 2341 alio
2342 2286 2651 2357 Evangelio
2700 2287 2856 2343 220
2910 2287 3203 2341 Thaddwus
3252 2285 3497 2342 dicitur:
3533 2288 3746 2344 multa-

2097 2392 2208 2446 que
2241 2374 2354 2430 alia
2385 2392 2514 2446 quae
2540 2376 2611 2429 ad
2644 2375 2974 2447 exemplum
3007 2375 3218 2430 horum
3271 2375 3565 2447 pertinent
3614 2376 3745 2448 ipse

2096 2464 2208 2518 sibi
2242 2463 2312 2518 de
2358 2464 2633 2519 omnibus
2682 2464 3008 2535 Scripturis
3039 2462 3219 2519 lector
3262 2464 3472 2537 poterit
3500 2479 3743 2538 congre-

2095 2567 2253 2623 gare.

2166 2641 2426 2695 14.Nunc
2448 2640 2593 2696 illud
2616 2644 2705 2696 est
2727 2642 2882 2712 quod
2907 2658 3189 2697 conamur
3210 2643 3746 2716 ostendere,quem-

2096 2729 2414 2785 admodum
2448 2730 2656 2788 fratres
2688 2730 2917 2785 Domini
2952 2730 3319 2802 appellentur
3368 2731 3474 2786 filii
3524 2737 3745 2788 mater-

2094 2823 2231 2873 term
2261 2819 2410 2889 ejus,
2444 2817 2659 2884 Marim,
2694 2820 2793 2890 qui
2828 2822 2998 2874 antea
3029 2836 3145 2874 non
3184 2819 3508 2886 credentes,
3540 2825 3746 2893 postea

2095 2907 2487 2962 crediderunt.
2518 2906 2670 2962 Licet
2726 2908 2848 2963 fieri
2907 2908 3185 2979 potuerit,
3240 2913 3304 2962 ut
3370 2925 3486 2964 uno
3541 2910 3741 2965 statim

2095 2996 2383 3063 credente,
2418 2995 2515 3051 alii
2551 2995 2649 3050 diu
2683 2995 2965 3051 increduli
2999 2996 3232 3063 fuerint,
3265 3002 3322 3052 et
3358 2996 3511 3051 banc
3560 2996 3744 3052 fuisse

2096 3088 2341 3140 matrem
2372 3084 2574 3140 Jacobi
2605 3089 2664 3139 et
2692 3084 2928 3151 Josetis,
2963 3084 3019 3139 id
3049 3089 3159 3152 est,
3194 3084 3438 3140 Mariam
3469 3085 3736 3158 CleOphm

330 3173 551 3243 quibus
575 3173 863 3244 scriptum
896 3178 1019 3229 est:
1053 3175 1233 3245 Neque
1262 3175 1411 3227 enim
1441 3178 1571 3228 tunc
1616 3174 1822 3245 fratres
1862 3174 1980 3244 ejus
2009 3159 2051 3225 C
2091 3188 2327 3228 uxorem
2358 3171 2602 3245 Alpbzei,
2636 3177 2692 3227 et
2722 3172 2869 3228 hanc
2888 3172 3103 3229 dictam
3137 3173 3379 3229 Mariam
3401 3173 3603 3230 Jacobi
3626 3173 3733 3230 mi-

331 3261 639 3317 eredebant
668 3264 724 3315 in
752 3278 895 3316 eum.
930 3262 988 3317 Si
1039 3278 1153 3317 non
1211 3267 1299 3317 est
1343 3261 1664 3334 apostolus,
1718 3263 1819 3317 sed
1868 3267 1983 3317 ter-

334 3350 454 3405 tius
479 3350 677 3406 nescio
732 3349 829 3421 qui
887 3350 1143 3405 Jacobus
1198 3352 1239 3417 ³,
1312 3351 1606 3421 quomodo
1661 3354 1750 3405 est
1810 3350 1989 3406 frater

338 3439 568 3494 Domini
604 3440 925 3511 putandus,
961 3443 1016 3494 et
1064 3440 1358 3511 quomodo
1404 3441 1612 3495 tertius
1661 3440 1731 3494 ad
1779 3439 1985 3495 distin-

340 3528 594 3582 ctionem
626 3529 865 3599 majoris
897 3527 1286 3600 appellabitur
1319 3528 1530 3597 minor,
1562 3545 1693 3583 cum
1720 3531 1909 3599 major
1933 3532 1993 3585 et

350 3616 566 3681 minor,
598 3633 704 3671 non
736 3618 889 3671 inter
916 3622 1054 3685 tres,
1089 3618 1188 3673 sed
1218 3617 1372 3671 inter
1396 3618 1543 3672 duos
1568 3616 1794 3673 soleant
1842 3635 1991 3690 prae-

355 3704 496 3758 bere
551 3703 880 3761 distantiam
910 3724 922 3773 ;
959 3712 1014 3761 et
1048 3707 1224 3762 frater
1271 3706 1502 3761 Domini
1537 3706 1837 3778 apostolus
1894 3706 1994 3777 sit,

344 3791 528 3847 Paulo
557 3793 815 3849 dicente:
852 3796 1055 3851 Deinde
1075 3803 1196 3866 post
1244 3796 1547 3851 triennium
1594 3798 1720 3851 veni
1774 3798 1993 3852 Jerusa-

345 3884 456 3937 lem
488 3883 682 3938 videre
712 3887 1008 3951 Petrum,et
1038 3887 1222 3939 mansi
1252 3885 1406 3956 apud
1435 3885 1595 3939 illum
1626 3885 1816 3940 diebus
1837 3888 1995 3957 quin-

348 3972 547 4027 decim.
578 3972 762 4027 Alium
809 3982 987 4028 autem
1024 3973 1387 4045 apostolorum
1422 3973 1536 4028 vidi
1564 3976 1859 4041 neminem,
1882 3976 1997 4029 nisi

338 4060 604 4116 Jaeobum
630 4063 866 4132 fratrem
898 4063 1120 4116 Domi-ni
1149 4060 1348 4133 (ίὶαἱαι.
1400 4079 1439 4128 ι,
1494 4063 1579 4130 18,
1636 4063 1773 4133 19)?
1821 4064 1889 4118 Et
1936 4063 1994 4117 in

338 4151 549 4204 eadem
595 4147 858 4221 Epistola
890 4167 902 4203 :
934 4152 1000 4204 Et
1047 4152 1263 4219 cognita
1313 4153 1520 4219 gratia,
1575 4168 1694 4222 quae
1740 4150 1867 4206 data
1917 4155 1999 4207 est

336 4240 501 4303 mihi,
530 4240 727 4293 Petrus
758 4246 808 4293 et
835 4239 1065 4295 Jacobus
1096 4243 1147 4295 et
1205 4240 1462 4305 Joannes,
1515 4242 1613 4310 qui
1667 4240 1999 4296 videbantur

416 4400 431 4431 ¹
486 4398 630 4472 Hinc
690 4403 940 4465 constat,
990 4399 1200 4472 inquit,
1244 4400 1559 4472 Victorius,
1619 4416 1684 4455 eo
1741 4404 2001 4472 tempore

340 4486 461 4541 quo
493 4470 768 4544 Christus
802 4486 1014 4544 passus
1043 4470 1151 4537 est,
1172 4471 1390 4544 Joseph
1420 4472 1610 4526 virum
1644 4472 1840 4528 Marias
1864 4470 1997 4544 iam

338 4547 677 4596 extremum
711 4542 867 4603 diem
901 4541 1137 4598 obiisse.

414 4613 437 4645 ²
498 4612 736 4685 Scilicet
788 4614 1091 4685 asserebat
1155 4611 1461 4685 Helvidius
1514 4612 1771 4685 Josepho
1831 4614 2010 4670 fuisse

339 4687 612 4755 quatuor
659 4682 833 4755 ﬁlios,
859 4688 916 4738 et
963 4683 1114 4739 filias
1161 4684 1526 4755 innumeras.
1573 4682 2010 4741 EViunumeras

356 4754 596 4809 iuidem
629 4754 743 4809 dici
794 4755 1069 4827 opinatur
1124 4754 1467 4821 Cotelerius,
1565 4756 1679 4811 uod
1742 4758 1801 4811 in
1863 4774 2008 4813 novo

338 4772 733 4881 1l‘estamento
766 4843 882 4881 non
913 4833 1317 4881 numerentur.
1351 4842 1458 4881 nec
1502 4771 1706 4881 lqattb.
1760 4845 1883 4881 xm.
1916 4830 2005 4881 56.

393 4832 733 4881 estamento
766 4826 882 4881 non
913 4833 1317 4892 numerentur,
1351 4842 1458 4897 nec
1502 4826 1706 4881 Matth.
1760 4845 1883 4896 xm,
1916 4830 2005 4897 56,

343 4913 459 4953 nec
496 4896 679 4951 Marc.
714 4914 795 4963 γι,
827 4898 881 4952 3.
934 4898 1047 4953 Sed
1082 4897 1312 4952 variant
1358 4896 1553 4968 reipsa
1610 4902 1829 4954 veteres
1882 4905 2007 4955 tum

341 4970 511 5024 circa
534 4984 849 5023 numerum
882 4973 1010 5023 tum
1056 4969 1211 5023 circa
1259 4968 1499 5023 nomina
1546 4968 1800 5023 filiarum
1847 4971 2010 5027 Jose-

343 5040 485 5113 pbi,
522 5040 585 5094 In
618 5039 903 5113 Chronico
934 5039 1243 5113 Hippolyti
1261 5038 1825 5113 Thebaniacanisio
1848 5043 2012 5113 editi,

341 5108 610 5172 Τέςσαρας
668 5114 763 5173 γὰρ
826 5110 956 5166 υἱοὺς
1012 5108 1167 5175 ’ἔὰχεῆ
1225 5108 1251 5157 ὁ
1316 5111 1513 5173 Ἰωσὴφ.
1573 5112 1655 5157 καὶ
1718 5110 1803 5159 δύο
1868 5108 2012 5175 θυγαξ

339 5182 519 5244 τέρας.
578 5181 677 5239 Τήν
738 5197 790 5228 τε
844 5182 1017 5244 Ἐσθὴρ
1072 5198 1153 5228 και
1205 5180 1297 5239 τήν
1353 5181 1551 5243 Μάρθαν
1610 5180 1665 5227 ἐκ
1708 5184 1794 5240 τῆς
1847 5199 2013 5244 γυναι-

343 5254 439 5306 ub;
531 5250 682 5299 αὐταῦ
775 5255 861 5311 τῆς
953 5251 1214 5314 Σαλώμης.
1307 5251 1539 5315 Θυγατρὸς
1623 5252 1844 5314 Ἀγγαίου
1925 5256 2011 5302 τοῦ

340 5330 577 5395 ἅδε).ξαῦ
634 5332 894 5395 Ζαχαρίου,
955 5330 1063 5378 etc.
1134 5325 1336 5395 Quator
1400 5340 1553 5395 enim,
1624 5323 1767 5392 ﬁlios
1825 5325 2014 5381 habuit

338 5394 579 5464 Joseph,
605 5399 657 5448 et
685 5394 819 5450 duas
868 5396 1033 5466 ﬁlias.
1081 5394 1271 5449 Esther
1299 5402 1350 5449 et
1397 5394 1666 5449 Mart/mm
1713 5411 1783 5450 ea:
1838 5412 2014 5453 uxore

340 5482 461 5519 sua
492 5466 730 5538 Salome,
754 5481 893 5538 quae
928 5469 1040 5538 fuit
1067 5467 1189 5538 ﬁlia
1235 5466 1425 5535 Aggaei
1469 5468 1662 5535 fratris
1706 5467 2010 5534 Zachariae,

341 5542 469 5593 etc.
504 5537 659 5609 Bina;
691 5537 865 5609 etiam
894 5540 964 5593 ab
998 5537 1327 5609 Epiphanio
1360 5540 1862 5609 recens‘entur,sed
1884 5540 2014 5597 aliis

341 5608 705 5667 nominibus
733 5608 908 5667 Maria
937 5613 987 5667 et
1013 5607 1261 5667 S'alome.
1295 5613 1369 5664 At
1395 5608 1447 5664 S.
1484 5607 1747 5669 Hilarius
1773 5610 1834 5673 in
1864 5610 2014 5675 Mat-

2032 4530 2077 4594 D
2113 4530 2442 4599 Dominum
2468 4547 2737 4595 nostrum
2772 4541 2979 4596 fratres
3008 4530 3405 4595 habuisse'sit
3452 4544 3541 4595 tra

2095 3262 2274 3317 noris.
2310 3263 2443 3327 Quae
2477 3262 2524 3317 si
2557 3267 2713 3318 esset
2744 3266 2927 3317 mater
2967 3262 3221 3330 Domini,
3252 3263 3443 3335 magis
3470 3278 3621 3331 eam,
3674 3267 3741 3319 ut

2095 3350 2154 3404 in
2187 3351 2461 3405 omnibus
2490 3350 2654 3418 locis,
2690 3356 2936 3406 matrem
2969 3351 3130 3406 illius
3161 3350 3513 3424 appellasset
3542 3356 3599 3409 et
3624 3368 3741 3408 non

2098 3437 2345 3493 aliorum
2378 3438 2624 3494 dicendo
2658 3443 2928 3506 matrem,
2964 3438 3201 3495 alterius
3246 3440 3527 3496 voluisset
3571 3438 3743 3495 intel-

2100 3527 2219 3599 ligi.
2251 3526 2467 3583 Verum
2498 3527 2557 3581 in
2592 3527 2699 3583 hac
2731 3532 2894 3600 parte
2925 3530 3352 3584 contentiosum
3384 3528 3583 3584 funem
3629 3545 3748 3585 non

2102 3616 2291 3683 traho,
2325 3616 2439 3672 alia
2470 3617 2643 3671 fuerit
2675 3616 2858 3672 Maria
2888 3616 3174 3688 Cleophis,
3206 3617 3321 3672 alia
3347 3617 3526 3673 Maria
3545 3616 3751 3673 Jacobi

2102 3711 2157 3762 et
2186 3706 2425 3771 Josetis,
2477 3706 2799 3761 dummodo
2847 3710 3093 3770 constet,
3145 3722 3261 3760 non
3307 3706 3574 3761 eamdem
3626 3706 3751 3760 Ma-

2104 3796 2250 3851 riam
2282 3794 2483 3850 Jacobi
2516 3800 2573 3850 et
2601 3795 2816 3850 Josetis
2846 3810 3180 3866 esse,quam
3212 3797 3458 3850 matrem
3493 3793 3750 3850 Domini.

2105 3885 2173 3938 Et
2197 3884 2353 3938 unde
2380 3884 2490 3952 ais,
2525 3884 2732 3939 fratres
2789 3883 3020 3938 Domini
3079 3882 3216 3938 dicti
3279 3887 3437 3949 sunt,
3483 3882 3583 3954 qui
3636 3897 3753 3938 non

2104 3977 2271 4029 erant
2298 3972 2504 4027 fratres
2535 3972 2563 4025 ?
2587 3972 2721 4027 Jam
2754 3988 2909 4027 nunc
2940 3972 3531 4043 doceberis,quatuor
3561 3971 3755 4028 modis

2104 4063 2163 4117 in
2196 4061 2510 4132 Scripturis
2563 4060 2778 4116 divinis
2828 4061 3035 4116 fratres
3086 4061 3222 4129 dici,
3273 4066 3502 4123 natura,
3551 4065 3744 4133 gente,

2106 4150 2472 4224 cognatione,
2506 4149 2736 4204 atlectu.
2770 4149 3010 4215 Natura,
3059 4149 3233 4215 Esau,
3280 4148 3481 4217 Jacob,
3532 4149 3752 4204 duode-

2106 4239 2220 4294 cim
2249 4236 2592 4311 patriarchae
2622 4238 2664 4303 ⁸,
2694 4237 2956 4292 Andreas
3010 4241 3068 4292 et
3118 4236 3347 4305 Petrus,
3393 4237 3647 4293 Jacobus
3689 4242 3748 4292 et

2112 4399 2246 4455 tbaai
2295 4415 2424 4471 cap.
2462 4416 2475 4471 ι
2512 4420 2539 4471 (ς
2594 4398 2891 4471 Homines,
2949 4396 3163 4471 inquit,
3220 4394 3552 4471 pravissimi
3600 4412 3757 4471 pre-

2111 4467 2679 4541 sumunt'opinionis
2709 4486 2828 4524 sum
2882 4467 3311 4537 aucturitatem,
3358 4467 3511 4539 quod
3546 4467 3760 4594 (plures

2114 4542 2433 4594 Dominum
2468 4547 2737 4594 nostrum
2772 4541 2979 4594 fratres
3008 4538 3284 4594 habuisse
3327 4539 3405 4594 sit
3452 4544 3541 4594 tra
3588 4540 3758 4594 itum.

3588 4555 3758 4594 ltum.

2120 4612 2227 4677 Qui
2259 4612 2309 4669 si
2341 4612 2533 4667 Mariae
2565 4612 2669 4666 filii
2720 4613 2991 4677 fuissent,
3041 4616 3097 4667 et
3142 4628 3258 4666 non
3299 4610 3494 4682 potius
3544 4610 3763 4682 Joseph

2120 4702 2188 4740 ex
2217 4684 2407 4755 priore
2428 4683 2703 4755 conjugio
2736 4683 3013 4755 suscepti,
3056 4681 3360 4755 nunquam
3396 4681 3455 4735 in
3503 4681 3765 4755 tempore

2122 4751 2413 4827 passionis
2442 4751 2654 4809 Joanni
2687 4751 2947 4827 apostolb
2978 4751 3333 4825 transcripta
3360 4756 3513 4808 esset
3540 4751 3599 4806 in
3631 4751 3765 4808 'ma-

2120 4834 2289 4882 trem.
2326 4847 2352 4874 ››
2384 4830 2492 4880 etc.

2192 4868 2386 4950 ’3V’ide
2438 4896 2631 4968 ipsum
2684 4895 3104 4968 Hieronymum
3155 4895 3214 4948 in
3258 4893 3656 4968 Commentar.
3708 4892 3770 4968 in

2125 4968 2335 5025 Isaiam
2384 4964 2509 5039 cap.
2540 4984 2679 5039 xyn.
2708 4964 3094 5039 N’elus'_enim
3136 4982 3200 5019 ac
3247 4964 3487 5020 rancida
3529 4964 3769 5036 quazslio

2123 5045 2213 5097 est
2243 5042 2312 5095 de
2342 5036 2533 5093 tribus
2562 5036 3027 5103 Jacobis,multis
3058 5042 3185 5091 tum
3214 5040 3635 5104 veterum,tum
3680 5053 3768 5092 re-

2123 5112 2449 5168 centiorum
2478 5108 2975 5179 disputationibus
3005 5107 3240 5178 agitata.

2194 5186 2215 5217 ι
2244 5178 2619 5246 Veronensis,
2667 5179 2951 5235 nonnullis
3002 5181 3183 5233 causis
3231 5178 3564 5234 immutandi
3590 5180 3771 5236 nomi-

2120 5257 2210 5310 nis
2236 5260 2343 5309 etc.

2194 5327 2214 5360 ⁵
2244 5327 2457 5381 Locum
2494 5323 2649 5377 hunc
2680 5337 2749 5376 ex
2789 5322 3139 5394 Hieronymo
3176 5322 3454 5394 irecitans
3512 5322 3769 5394 Isidorus

2123 5396 2428 5469 Originum
2450 5394 2575 5469 lib:
2599 5412 2673 5458 Ix,
2707 5409 2832 5469 cap.
2868 5395 2924 5469 (ἦ,
2946 5392 3062 5449 duo
3094 5393 3296 5449 istbaec
3324 5393 3525 5469 verba,
3571 5392 3768 5469 duode-

2122 5464 2254 5522 cim'
2302 5466 2659 5539 patriarchae,
2718 5464 2955 5539 omittit.
3019 5464 3371 5539 Veronensis
3423 5481 3556 5521 vero
3626 5464 3773 5523 liber

2122 5536 2333 5597 Natura
2364 5541 2424 5594 ut
2450 5537 2615 5606 Esau,
2640 5540 2692 5595 et
2714 5538 2902 5608 Jacob,
2934 5540 2986 5597 et
3012 5536 3315 5607 duodecim,
3349 5539 3455 5593 etc.
