4100 6156
376 312 498 377 207

1615 315 1678 378 8.
1726 312 2037 379 EUSEBII
2077 312 2550 381 HIERONYMI.

3657 315 3780 381 208

362 445 654 505 Joannes.
687 446 888 517 Gente,
920 463 1036 521 qua
1066 463 1272 506 omnes
1316 447 1504 505 Judaei
1535 448 1690 505 inter
1719 465 1781 506 se
1811 449 2020 506 fratres
2047 458 2104 525 Α
2134 450 2511 523 stringendus
2532 466 2595 507 es
2620 450 2967 521 vinculis,ne
2990 447 3270 524 querulus
3292 448 3571 515 sibilos,et
3590 444 3776 518 dicas,

377 539 682 606 vocantur,
732 540 799 593 ut
843 535 904 592 in
970 535 1454 605 Deuteronomio;
1488 539 1553 594 Si
1597 546 1779 593 autem
1827 540 2022 593 emeris

376 623 609 696 fratrem
640 632 813 694 tuum,
845 626 941 698 qui
966 628 1047 681 est
1072 626 1346 694 Hebraeus,
1373 627 1457 683 vel
1505 643 1625 699 quae
1663 632 1740 682 est
1768 628 2019 695 Hebraea,

375 706 583 770 serviet
591 712 692 770 tibi
720 730 818 771 sea:
840 716 1044 780 annis;
1072 723 1127 772 et
1162 716 1387 787 septimo
1421 731 1567 771 anno
1613 715 1853 771 dimittes
1898 732 2024 771 eum

379 790 616 859 liberum
644 803 737 859 abs
766 804 1015 875 te(Deut.
1046 821 1139 873 xv,
1191 804 1300 877 12).
1354 805 1425 860 Et
1471 805 1530 859 in
1574 805 1779 860 eodem
1825 823 1844 860 .-
1893 804 2025 861 Con—

377 891 649 949 stituendo
679 894 969 950 constitues
993 909 1160 966 super
1210 898 1263 950 te
1311 895 1642 967 principem,
1702 910 1859 965 quem
1916 894 2021 950 ele-

375 982 519 1052 gerit
553 981 816 1037 Dominus
844 983 983 1039 Deus
1017 986 1159 1052 tuus,
1196 999 1321 1038 eum
1345 984 1442 1053 qui
1486 998 1556 1038 ex
1600 983 1869 1053 fratribus
1914 985 2025 1039 tuis

354 1070 466 1125 sit.
495 1069 615 1127 Non
640 1070 788 1126 enim
838 1073 1043 1142 poteris
1070 1072 1398 1127 constituere
1445 1087 1611 1142 super
1665 1080 1715 1127 te
1749 1070 2023 1128 hominem

376 1156 772 1230 alienigenam,
819 1160 947 1233 quia
996 1158 1171 1231 (Fort.
1225 1160 1341 1232 qui]
1404 1176 1516 1216 non
1561 1163 1638 1215 est
1683 1162 1860 1231 frater
1901 1164 2025 1216 tuus

380 1242 556 1318 (Deut.
589 1265 693 1316 xu,
728 1248 782 1319 1,
825 1248 904 1321 2).
951 1248 1021 1305 Et
1063 1266 1298 1305 rursum
1343 1267 1356 1305 :
1407 1249 1485 1305 Ne
1528 1250 1643 1304 viso
1689 1249 1864 1305 vitulo
1906 1250 2026 1319 fra-

338 1332 343 1335 ⁴
380 1337 480 1392 tris
509 1338 615 1403 tui,
646 1337 729 1392 vel
757 1353 852 1395 ove
898 1338 1018 1410 ejus
1065 1339 1384 1394 errantibus
1422 1355 1522 1410 per
1560 1339 1732 1407 viam,
1782 1338 2028 1409 negligas

376 1434 441 1482 ea
469 1444 489 1481 :
519 1429 832 1484 reversione
860 1428 1081 1484 reduces
1116 1444 1182 1483 ea
1225 1430 1399 1498 fratri
1445 1436 1536 1483 tuo
1567 1429 1605 1481 ¹.
1660 1427 1806 1495 Quod
1838 1428 1889 1482 si
1915 1442 2025 1483 non

375 1518 778 1589 appropinquat
824 1516 928 1571 tibi
964 1517 1143 1587 frater
1201 1519 1348 1587 tuus,
1398 1532 1570 1589 neque
1617 1516 1832 1571 noveris
1879 1532 2024 1585 eum,

375 1604 595 1675 colliges
623 1621 689 1661 ea
729 1607 879 1662 intra
925 1603 1147 1661 domum
1193 1610 1386 1673 tuam;
1419 1610 1472 1661 et
1517 1611 1684 1660 erunt
1708 1607 1886 1659 tecum
1931 1604 2025 1660 do-

374 1709 475 1751 nec
504 1702 717 1766 quaerat
735 1710 802 1750 ea
827 1697 1007 1766 frater
1034 1702 1180 1764 tuus,
1222 1701 1274 1750 et
1320 1693 1509 1749 reddes
1556 1696 1610 1749 ei
1648 1696 1837 1763 (Deut.
1888 1710 2023 1748 xvn.

376 1782 487 1855 Η).
540 1782 608 1837 Et
652 1782 952 1856 apostolus
1012 1782 1249 1849 Paulus,
1317 1782 1601 1855 Optabam,
1661 1783 1874 1855 inquit,
1932 1798 2027 1854 ego

376 1866 493 1946 ipse
528 1872 821 1929 anathema
875 1888 988 1928 esse
1036 1890 1071 1928 a
1128 1871 1338 1929 Christo
1391 1888 1493 1944 pro
1540 1873 1808 1944 fratribus
1863 1873 2022 1938 meis,

374 1963 621 2035 cognatis
647 1962 943 2019 secundum
970 1978 1211 2031 carnem,
1244 1962 1340 2033 qui
1365 1964 1493 2016 sunt
1540 1962 1809 2018 Israelita?
1847 1961 2020 2032 (Rom.

374 2067 453 2119 1x,
483 2051 538 2122 3,
572 2052 649 2125 4),
701 2052 877 2108 Porro
918 2050 1264 2124 cognatione
1306 2050 1519 2106 fratres
1565 2052 1867 2114 vocantur,
1920 2049 2022 2121 qui

377 2142 619 2215 suntde
650 2157 771 2198 una
796 2134 1039 2206 familia,
1072 2138 1131 2195 id
1163 2144 1273 2207 est,
1319 2140 1509 2210 patria
1541 2140 1563 2172 ²
1591 2156 1604 2194 :
1636 2155 1783 2211 quas
1832 2136 2021 2193 Latini

377 2230 525 2290 221
556 2230 918 2304 paternitates
948 2228 1412 2302 interpretantur
1444 2244 1458 2283 :
1493 2243 1627 2283 cum
1657 2244 1727 2283 ex
1764 2245 1882 2283 una
1931 2244 2022 2282 ra-

374 2323 502 2380 dice
534 2320 722 2379 multa
748 2317 978 2394 generis
1009 2316 1181 2373 turba
1205 2314 1575 2383 diffunditur,
1608 2319 1673 2370 ut
1700 2314 1759 2370 in
1791 2314 2020 2371 Genesi.

358 2398 528 2471 Dixit
556 2420 740 2469 autem
790 2408 1067 2466 Abraham
1122 2406 1193 2462 ad
1240 2410 1374 2462 Lot:
1404 2406 1527 2461 Non
1580 2406 1654 2460 sit
1704 2406 1833 2459 ri'xa
1882 2406 2026 2460 inter

376 2518 463 2559 me
488 2510 538 2559 et
598 2505 668 2571 te,
722 2503 773 2556 et
830 2501 976 2555 inter
1027 2504 1267 2569 pastores
1290 2510 1435 2551 meos
1490 2502 1541 2549 et
1585 2496 1832 2565 pastores
1885 2497 2021 2560 tuos,

378 2592 511 2665 quia
542 2589 795 2647 homines
822 2591 1023 2661 fratres
1052 2587 1075 2620 ³
1100 2602 1199 2641 nos
1228 2582 1687 2653 sumus..lbique
1738 2583 1823 2649 ,Et
1866 2582 2027 2652 elegit

377 2679 510 2737 sibit
541 2678 635 2735 Lot
657 2678 938 2749 regionem
968 2674 1243 2743 Iordanis,
1274 2676 1325 2728 et
1353 2674 1585 2729 elevavit
1610 2672 1705 2727 Lot
1726 2671 1793 2727 ab
1831 2670 2023 2726 Orien-

376 2770 451 2837 te,
480 2775 533 2826 et
558 2767 919 2824 discesserunt
958 2762 1334 2834 unusquisque
1398 2778 1432 2815 a
1487 2761 1665 2831 fratre
1717 2776 1814 2815 suo
1867 2758 2022 2828 (Gen.

374 2874 505 2928 xm,
534 2859 590 2925 8,
621 2854 732 2930 Η).
768 2858 836 2911 Et.
863 2857 1016 2910 certe
1047 2852 1153 2908 Lot
1208 2867 1325 2907 non
1380 2854 1465 2905 est
1519 2849 1698 2905 frater
1755 2847 2023 2914 Abrahae,

376 2948 481 3007 sed
505 2946 663 3003 ﬁlius
692 2943 891 3005 fratris
915 2943 1045 3016 ejus
1073 2943 1268 2998 Aram.
1314 2938 1511 2995 Thara
1556 2937 1774 3010 quippe
1823 2937 2027 3009 genuit

373 3036 671 3097 Abraham
703 3039 761 3091 et
788 3030 1019 3090 Nachor
1047 3036 1107 3086 et
1133 3030 1304 3085 Aram
1332 3046 1344 3084 :
1378 3032 1436 3083 et
1452 3029 1627 3082 Aram
1660 3026 1864 3099 genuit
1897 3026 2021 3081 Lot.

377 3127 449 3184 Et
477 3140 716 3183 rursum
757 3122 1034 3179 Abraham
1081 3128 1265 3175 autem
1311 3125 1431 3173 erat
1482 3132 1759 3171 annorum
1813 3119 2026 3187 septua-

2054 1833 2102 1898 B

2130 542 2186 594 te
2215 540 2404 612 magis
2436 539 3045 611 argumentationibus
3075 540 3376 609 tortuosis,
3411 554 3591 611 quam
3621 540 3776 594 Scri-

2131 630 2437 700 pturarum
2471 628 2712 685 veritate
2742 632 3107 701 superatum.
3158 628 3361 695 Jacob,
3408 628 3569 684 Isaac
3617 625 3778 683 filius

2132 733 2198 772 ac
2228 717 2520 784 Rebeccae,
2554 733 2689 773 cum
2723 718 2918 774 fratris
2965 717 3212 773 insidias
3244 721 3530 776 metuens,
3585 715 3772 772 Meso-

2132 805 2451 877 potamiam
2505 807 2875 878 perrexisset,
2946 807 3192 863 accessit
3241 811 3297 861 et
3340 803 3589 862 devolvit
3629 804 3776 876 lapi-

2135 893 2269 948 dem
2302 894 2374 949 ab
2407 911 2505 950 ore
2534 896 2715 966 putei,
2750 902 2807 950 et
2836 896 3149 967 adaquavit
3177 911 3311 951 oves
3342 895 3537 950 Laban
3583 892 3783 949 fratris

2134 981 2339 1038 matris
2386 999 2504 1038 sum
2536 983 2692 1052 (Gen.
2726 1001 2903 1039 xxvm
2942 990 2997 1039 et
3028 984 3202 1056 xxix).
3234 986 3302 1038 Et
3354 983 3636 1040 osculatus
3699 992 3781 1038 est

2131 1072 2299 1127 Jacob
2332 1072 2555 1134 Rachel,
2588 1074 2637 1126 et
2668 1073 2987 1128 exclamans
3039 1088 3169 1128 voce
3218 1089 3343 1140 sua,
3399 1071 3666 1144 ploravit,
3724 1076 3780 1127 et

2134 1160 2411 1216 indicavit
2441 1159 2665 1225 Rachel,
2698 1162 2833 1233 quia
2860 1164 3047 1232 frater
3076 1170 3157 1217 est
3180 1161 3362 1233 patris
3381 1165 3527 1234 ejus,
3559 1156 3612 1216 et
3644 1162 3781 1232 quia

2134 1249 2284 1318 filius
2312 1250 2571 1307 Rebecca:
2599 1257 2681 1305 est
2709 1251 2867 1320 (Gen.
2901 1268 3057 1317 xxix,
3109 1251 3218 1322 11).
3270 1250 3414 1307 Ecce
3459 1254 3515 1306 et
3559 1249 3654 1306 hic
3684 1265 3780 1306 ea-

2134 1338 2264 1393 dem
2297 1337 2423 1410 lege
2453 1356 2569 1410 qua
2598 1355 2797 1411 supra,
2833 1339 3028 1406 frater,
3062 1339 3282 1396 sororis
3313 1338 3471 1394 filius
3519 1338 3781 1411 appella-

2133 1429 2251 1481 tur.
2314 1426 2383 1480 Et
2438 1425 2681 1493 iterum;
2717 1428 2879 1483 Dixit
2936 1436 3129 1484 autem
3188 1428 3388 1483 Laban
3447 1428 3517 1482 ad
3570 1429 3777 1484 Jacob:

2133 1516 2419 1585 Quoniam
2444 1517 2639 1586 frater
2686 1532 2842 1572 meus
2883 1533 2959 1583 es,
3008 1533 3118 1572 non
3158 1517 3369 1572 servies
3404 1517 3551 1573 mihi
3597 1519 3785 1586 gratis

2135 1602 2286 1675 (Gen.
2314 1621 2472 1671 xxxx,
2508 1606 2616 1677 19).
2649 1604 2751 1661 Dic
2783 1604 2948 1675 mihi,
2982 1623 3111 1677 qua:
3139 1605 3217 1662 sit
3246 1622 3471 1662 merces
3520 1609 3643 1661 tua.
3676 1606 3784 1660 Ex-

2134 1692 2307 1765 pletis
2337 1693 2535 1765 itaque
2562 1693 2765 1766 viginti
2798 1695 2988 1763 annis,
3021 1712 3155 1751 cum
3189 1695 3498 1768 ignorante
3546 1711 3771 1760 socero,

2139 1780 2415 1838 uxoribus
2459 1780 2716 1854 filiisque
2764 1782 3077 1840 comitatus
3126 1787 3511 1839 reverteretur
3556 1783 3627 1838 ad
3679 1799 3781 1856 pa-

2134 1869 2331 1938 triam,
2365 1875 2720 1927 consecutus
2751 1875 2841 1927 est
2871 1871 3024 1928 υτ
3057 1888 3190 1927 cum
3226 1872 3423 1927 Laban
3477 1872 3537 1927 in
3582 1877 3781 1928 monte

2132 1958 2372 2014 Galaad.
2398 1960 2466 2014 Et
2496 1976 2630 2015 cum
2664 1959 2819 2015 idola
2850 1977 2975 2032 qua:
3009 1956 3222 2017 Rachel
3254 1958 3586 2016 occultabat
3626 1977 3782 2033 quaa-

2136 2048 2251 2103 sita
2279 2064 2393 2103 non
2427 2048 2749 2105 invenisset
2797 2048 2858 2103 in
2910 2049 3181 2116 sarcinis,
3231 2049 3535 2122 respondit
3577 2050 3779 2117 Jacob,

2132 2140 2188 2192 et
2217 2136 2364 2192 dixit
2394 2137 2465 2192 ad
2505 2138 2693 2193 Laban
2732 2155 2744 2193 :
2779 2138 2917 2205 Quae
2945 2139 3111 2210 culpa
3148 2156 3282 2195 mea
3310 2156 3388 2207 es,
3420 2144 3474 2195 et
3520 2139 3667 2212 quod
3688 2138 3783 2195 de-

2137 2227 2337 2281 lictum
2366 2243 2573 2294 meum,
2626 2228 2779 2299 quod
2830 2237 3162 2298 persecutus
3218 2244 3273 2282 es
3330 2244 3416 2283 me
3445 2231 3553 2282 ?et
3607 2244 3785 2300 quare

2129 2314 2406 2371 scrutatus
2435 2332 2492 2369 es
2535 2318 2730 2371 omnia
2760 2332 2887 2371 vasa
2906 2333 3035 2373 mea
3054 2321 3079 2369 γ
3103 2316 3247 2385 Quid
3280 2317 3544 2373 invenisti
3569 2317 3638 2373 de
3656 2333 3783 2374 om-

2131 2403 2297 2460 nibus
2320 2405 2431 2459 tuis
2448 2406 2469 2438 ⁴
2489 2409 2512 2460 ?
2532 2405 2686 2459 Pone
2705 2403 2798 2460 hic
2817 2406 2877 2459 in
2896 2416 3195 2477 conspectu
3213 2407 3478 2477 fratrum
3493 2415 3720 2462 tuorum
3731 2409 3785 2463 el

2131 2492 2395 2567 fratrum
2421 2509 2675 2548 meorum
2699 2510 2711 2548 :
2736 2504 2790 2550 et
2812 2494 3157 2568 redarguent
3177 2495 3329 2551 inter
3346 2511 3445 2552 nos
3472 2495 3605 2551 duos
3626 2496 3779 2567 (Gen.

2133 2599 2288 2652 XXXI,
2312 2583 2404 2648 36,
2435 2582 2862 2656 37).Responde
2893 2584 2991 2657 qui
3024 2584 3143 2640 sint
3174 2585 3269 2640 isti
3297 2584 3509 2641 fratres
3527 2585 3558 2641 J
3566 2587 3705 2642 acob
3723 2590 3780 2643 et

2134 2670 2459 2743 Lahan,qui
2488 2675 2628 2726 tunc
2658 2672 2891 2727 fuerant
2920 2674 2979 2728 in
3013 2674 3463 2744 prmsenti.Esau
3495 2678 3648 2730 certe
3670 2674 3781 2731 fra-

2133 2764 2218 2815 ter
2237 2759 2418 2815 Jacob
2441 2760 2653 2817 absens
2668 2766 2881 2829 eratet
2895 2761 3094 2817 Laban
3113 2761 3269 2818 filius
3282 2762 3529 2819 Bathucl
3550 2763 3782 2829 fratres,

2135 2856 2372 2920 excepta
2402 2865 2598 2905 sorore
2625 2850 2901 2918 Rebecca,
2926 2867 3043 2906 non
3077 2850 3301 2906 habuit.

2206 2938 2292 2993 15.
2328 2937 2787 2995 Innumerabilia
2818 2943 2958 2995 sunt
2988 2940 3324 2996 istiusmodi
3363 2940 3532 2996 libris
3564 2940 3785 2997 inserta

2135 3025 2366 3083 divinis.
2402 3026 2516 3082 Sed
2540 3043 2611 3082 ne
2638 3026 2882 3099 longum
2916 3028 3149 3099 faciam,
3181 3030 3253 3084 ad
3284 3033 3607 3086 extremam
3636 3028 3785 3085 divi-

2136 3113 2321 3171 sionis
2351 3120 2576 3188 partem
2604 3120 2877 3179 revertar,
2913 3116 2969 3172 id
3024 3121 3134 3184 est,
3193 3122 3250 3173 et
3306 3117 3515 3174 affectu
3574 3118 3785 3175 fratres

384 3218 543 3293 ginta
577 3215 835 3287 quinque,
880 3227 1007 3266 cum
1050 3210 1228 3265 exiret
1273 3206 1339 3263 de
1396 3205 1633 3261 Charan.
1691 3206 1755 3261 Et
1798 3207 2029 3277 sumpsit
2057 3199 2101 3266 C
2140 3202 2275 3270 dici,
2307 3203 2408 3276 qui
2440 3205 2499 3260 in
2526 3204 2642 3261 duo
2673 3205 2980 3271 scinditur,
3013 3205 3072 3261 in
3104 3205 3366 3278 spiritale
3390 3207 3411 3242 ⁵
3441 3210 3499 3262 et
3527 3207 3586 3262 in
3625 3223 3784 3263 com-

385 3305 664 3362 Abraham
694 3299 889 3357 Saram
918 3313 1145 3355 uxorem
1176 3313 1360 3361 suam,
1392 3299 1443 3350 et
1474 3296 1570 3351 Lot
1617 3295 1800 3365 ﬁlium
1834 3296 2029 3365 fratris

384 3395 476 3451 sui
503 3384 639 3463 (Gen
691 3407 793 3459 x11,
844 3390 921 3459 4).
972 3386 1135 3455 Quod
1186 3385 1236 3441 si
1283 3383 1473 3440 adhuc
1520 3383 1756 3440 dubitas
1787 3384 2027 3440 fratrem

380 3482 583 3540 fratris
612 3480 802 3539 ﬁlium
850 3475 1201 3549 nuncupari,
1250 3473 1446 3546 accipe
1489 3473 1844 3545 exemplum.
1895 3472 2031 3529 Cum

346 3580 569 3630 .autem
597 3569 844 3631 audisset
886 3565 1191 3631 Abraham,
1238 3564 1372 3636 quia
1419 3564 1671 3635 captivus
1716 3562 1906 3619 ductus
1953 3568 2031 3619 est

350 3724 353 3729 ,
380 3663 484 3733 Lat
505 3663 687 3734 frater
704 3674 859 3728 suus,
904 3655 1220 3713 numeravit
1268 3652 1590 3708 vernaculos
1616 3667 1739 3707 suos
1769 3660 2031 3709 trecentos

383 3760 574 3819 decora
616 3762 673 3816 et
726 3765 843 3819 octo
900 3754 1055 3829 (Gen.
1126 3752 1267 3824 xw).
1326 3751 1396 3805 Et
1455 3766 1591 3806 cum
1649 3749 1866 3805 caedem
1925 3767 2030 3806 no-

346 3902 351 3911 .
382 3849 579 3909 aturai
627 3849 852 3921 impetu
908 3841 1339 3915 descripsisset,
1400 3837 1613 3911 adjecit
1651 3855 1663 3893 :
1698 3840 1767 3894 Et
1805 3839 2030 3896 reduxit

382 3954 611 3998 onlnem
637 3937 962 4009 equitatum
980 3931 1370 3997 Sodomorum,
1392 3933 1447 3983 et
1468 3928 1571 3983 Lot
1591 3928 1831 3999 fratrem
1861 3945 2031 3985 suum

380 4028 668 4087 revocavit
713 4023 877 4099 (Ibid.
939 4023 1048 4094 16).
1108 4018 1416 4076 Sufﬁciant
1471 4016 1593 4072 haec
1649 4016 1722 4072 ad
1782 4033 1851 4073 ea
1901 4034 2031 4090 qua:

345 4167 359 4173 -
382 4120 644 4178 diximus
674 4113 1073 4190 approbanda.
1108 4110 1219 4167 Sed
1252 4125 1324 4166 ne
1362 4108 1422 4163 in
1472 4106 1670 4179 aliquo
1719 4106 2029 4174 cavillaris,

382 4213 443 4269 et
467 4213 527 4267 te
556 4207 727 4282 quasi
757 4203 1019 4261 lubricus
1049 4199 1261 4274 anguis
1282 4196 1535 4265 evolvas,
1557 4195 2030 4252 testimoniorum

457 4332 676 4391 ‘Addit
710 4327 1063 4387 Veronensis
1119 4324 1287 4394 liber,
1346 4325 1412 4378 Et
1469 4320 1663 4377 reddes
1736 4336 1807 4376 ea
1855 4320 2034 4394 fratri

376 4413 570 4533 “gold
603 4483 689 4530 est
722 4544 725 4545 ν
739 4472 961 4545 patria.
1021 4462 1823 4545 Cenuinmhaecestnlectio
1869 4478 2028 4545 mss.

383 4532 674 4614 codicum,
709 4532 1014 4617 facilisque
1043 4537 1245 4617 lectori
1275 4535 1323 4591 si
1344 4532 1769 4617 .subiqtelligat
1788 4534 2029 4617 patrias,

380 4605 440 4678 id
472 4622 582 4691 est,
617 4605 766 4691 quas
799 4605 1020 4691 patrias
1039 4610 1171 4691 sive
1218 4607 1475 4691 familias
1521 4605 1722 4691 Latini.
1760 4606 2030 4691 pater-nil-

378 4676 531 4751 tates
558 4676 1185 4761 interprétantprNide
1214 4695 1411 4761 supra
1428 4676 2025 4761 Comment-.inﬂpist.

380 4749 460 4822 ad
481 4749 854 4836 Ephesfcap.
883 4756 918 4812 3
940 4755 1226 4836 ΜΑΒΤΙΑΝ.
1260 4749 1557 4836 f-"Malim
1589 4764 1695 4836 ego
1724 4749 1838 4836 )3in
1871 4749 2027 4836 ατε-

374 4820 452 4895 ea
472 4820 1207 4905 nui-sgm'quémadmodum
1235 4828 1293 4905 et
1323 4820 1842 4905 Victoriusﬁahe't,
1891 4835 2028 4905 cum

380 4891 555 4964 antea
577 4891 888 4978 'perpEram
918 4902 1074 4978 esset
1094 4896 1338 4978 patriae:
1364 4892 1599 4978 tametsi
1622 4891 1824 4948 Latine
1840 4892 2030 4978 patria

383 4913 555 4964 antea
584 4917 888 4978 perperam
918 4913 1074 4956 esset
1094 4913 1338 5025 patriae:
1364 4913 1599 4949 tametsi
1622 4913 1824 4948 Laune
1840 4913 2026 4972 patria

383 4994 529 5035 mss.
560 4976 826 5052 efferant,
876 4968 1383 5052 atquemsidorus.
1437 4967 1625 5052 Atque
1652 4980 1760 5052 ἐξ
1777 4963 2026 5052 quidem

380 5065 491 5106 vox
515 5047 732 5121 patria,
790 5035 1241 5127 a.Tertulliano
1296 5035 1543 5119 servata
1583 5039 1673 5091 est
1719 5035 1914 5090 Poem.
1974 5050 2028 5088 IV

381 5121 663 5177 adversus
684 5118 1060 5177 Marcionem,
1093 5112 1193 5168 ubi
1220 5112 1291 5167 de
1319 5108 1549 5166 Christo
1575 5123 1587 5162 :

381 5136 663 5178 adversus
685 5136 1060 5184 marcionem,
1094 5136 1193 5168 uul
1220 5136 1291 5167 uu
1319 5136 1549 5166 uueru
1576 5151 1587 5162 .

474 5235 554 5287 Ad
583 5246 746 5298 quem
774 5243 830 5281 se
850 5241 1086 5298 curvare
1117 5240 1259 5298 genu
1289 5224 1446 5298 plane
1475 5235 1633 5298 omne
1655 5221 1877 5298 fatetur)

476 5298 555 5349 Ex
580 5287 689 5361 duo
717 5293 894 5344 omnis
922 5303 1097 5342 raram
1125 5293 1183 5339 tu
1218 5287 1353 5338 cmlo
1382 5290 1632 5348 terraque
1650 5287 1890 5342 vocatur,

379 5405 858 5476 Desumptnmqex
888 5395 1148 5476 Epistola
1175 5394 1247 5472 ad
1278 5390 1561 5476 Ephesios
1592 5406 1718 5476 cap.
1750 5405 1837 5455 ιιι,
1870 5388 2019 5475 νε15;

376 5481 465 5536 Ea;
490 5464 807 5543 qua.omnis
835 5464 1148 5543 paternitas
1168 5464 1405 5543 inpletis
1423 5467 1480 5517 et
1511 5464 1569 5517 in
1590 5467 1749 5543 terra
1768 5464 2024 5543 nomina-

376 5493 465 5536 ιε
524 5493 595 5533 ua
624 5493 807 5529 omnis
835 5493 1148 5543 patenum:
1168 5493 1227 5521 lu
1248 5493 1402 5519 υιτιω
1423 5493 1475 5517 σι
1512 5493 1569 5517 ιιι
1590 5493 1664 5517 ιω
1680 5493 1696 5516 ι
1716 5493 1749 5515 u
1771 5493 2022 5515 nuruum-

373 5493 562 5607 turfln
584 5559 759 5619 quem
777 5542 971 5619 locum
984 5543 1183 5596 noster
1203 5535 1591 5619 Hieronymus
1620 5533 2022 5619 patemitatem

375 5602 750 5702 statim
775 5617 837 5702 ςη
865 5618 1058 5702 ceso
1076 5602 2017 5702 assesasses

374 5675 835 5768 idjest'cdgnatie
858 5686 942 5747 vel
968 5675 1219 5764 familia
1249 5680 1489 5752 dicitur,
1529 5675 2021 5737 etc.Martianaeus

2141 3309 2337 3350 mune.
2372 3293 2436 3348 In
2469 3292 2751 3367 spiritale,
2797 3294 2936 3366 quia
2964 3311 3169 3351 omnes
3211 3294 3525 3351 Christiani
3575 3295 3784 3353 fratres

2139 3399 2434 3449 vocamur,
2469 3388 2535 3438 ut
2565 3382 2645 3438 ibi
2675 3399 2687 3437 :
2720 3384 2852 3438 Ecce
2882 3401 3053 3456 quam
3083 3387 3284 3440 bonum
3314 3390 3370 3439 et
3393 3401 3501 3455 qua
3523 3401 3559 3439 η
3574 3386 3785 3457 jucun-

2138 3472 2271 3529 dum
2300 3472 2557 3526 habitare
2581 3475 2797 3544 fratres
2828 3474 2887 3528 in
2943 3491 3117 3529 unum
3146 3474 3316 3545 (Psal.
3376 3491 3648 3543 cxxxvm,
3708 3475 3782 3547 ί).

2141 3562 2210 3617 Et
2240 3562 2298 3615 in
2332 3559 2445 3616 alio
2493 3559 2720 3631 psalmo
2777 3559 3076 3618 Salvator:
3117 3564 3385 3631 Narrabo,
3443 3563 3638 3635 inquit
3694 3579 3789 3619 no-

2138 3665 2266 3705 men
2294 3652 2453 3703 tuum
2488 3650 2760 3719 fratribus
2815 3652 2952 3706 meis
3010 3651 3182 3723 (Psal.
3237 3669 3317 3721 x1,
3365 3650 3473 3719 23).
3507 3651 3578 3706 Et
3605 3650 3783 3707 alibi:

2146 3738 2302 3808 Vade,
2341 3737 2431 3793 die
2456 3738 2725 3809 fratribus
2752 3741 2889 3795 meis
2943 3740 3121 3811 (Joan.
3181 3758 3280 3807 xx,
3339 3740 3449 3812 17).
3508 3744 3683 3797 Porro
3725 3740 3786 3795 in

2140 3842 2473 3894 commune,
2507 3827 2647 3899 quia
2675 3843 2878 3884 omnes
2907 3844 2977 3885 ex
3007 3846 3125 3885 uno
3156 3834 3316 3902 patre
3348 3829 3489 3897 nati,
3536 3827 3664 3901 pari
3693 3829 3789 3885 in-

2140 3922 2229 3973 ter
2254 3932 2361 3972 nos
2406 3916 2791 3988 germanitate
2839 3918 3276 3990 conjungimur.
3326 3918 3502 3974 Dicite
3547 3917 3649 3986 ait,
3699 3919 3788 3973 his

2141 4008 2239 4078 qui
2264 4004 2495 4060 oderunt
2518 4020 2627 4073 vos,
2662 4007 2867 4076 fratres
2922 4009 3101 4064 nostri
3139 4009 3266 4064 estis
3296 4008 3426 4080 (Isa.
3488 4006 3594 4063 ult.
3654 4023 3788 4081 cap.

2139 4111 2247 4153 sec.
2283 4093 2454 4165 LXX).
2514 4093 2583 4149 Et
2635 4094 2953 4166 Apostolus
3014 4096 3086 4151 ad
3117 4095 3447 4153 Corinthios
3478 4097 3536 4152 °:
3570 4096 3629 4152 Si
3667 4098 3794 4169 quis

2138 4189 2315 4256 frater
2342 4185 2665 4245 nominatur
2686 4185 3012 4254 fornicator,
3045 4193 3143 4241 aut
3197 4202 3419 4254 avarus,
3480 4193 3576 4241 aut
3626 4184 3793 4242 idolis

2143 4310 2240 4382 qui
2274 4309 2367 4364 hic
2398 4306 2506 4383 loci
2540 4306 2903 4383 subintelligi
2939 4310 3105 4379 jubet
3158 4311 3391 4381 patrias,
3432 4310 3489 4366 id
3531 4318 3612 4366 est
3653 4326 3795 4383 quas

2138 4380 2376 4464 patrias,
2408 4381 2521 4434 sive
2562 4380 2814 4464 familias
2856 4380 3063 4464 ’_Latini_
3109 4380 3478 4464 paternitates.
3503 4380 3796 4464 _intefpre-

2138 4452 2353 4578 tantutr,
2381 4465 2622 4505 sensum
2654 4452 2908 4507 auctoris
2939 4452 3123 4508 nostri
3155 4452 3397 4509 minime
3428 4452 3795 4509 videtur’as-

2146 4541 2278 4581 secu
2312 4539 2402 4579 us.
3333 4570 3341 4577 .

2066 4575 2109 4640 D
2146 4570 2455 4651 "Veliae
2513 4596 2683 4648 antea
2742 4592 3045 4650 obtinebat
3108 4611 3315 4661 omnes,
3390 4611 3525 4651 cum
3597 4594 3793 4652 Graece

2138 4668 2313 4724 etiam
2342 4670 2421 4724 sit
2448 4671 2692 4735 ἂνθρωποι
2719 4671 2941 4735 ἀδελφοί.

2209 4739 2231 4773 ⁸
2258 4737 2607 4797 Veronensis
2639 4735 2805 4801 liber,
2836 4735 2901 4791 de
2929 4738 3180 4793 omnibus
3208 4737 3371 4793 rebus
3399 4739 3531 4793 luis.

2208 4812 2229 4844 ⁵
2279 4810 2560 4881 Isidorus,
2600 4809 2685 4881 Δ1η
2734 4809 3099 4881 δρίνὶίαιεήει
3151 4825 3459 4881 commune,
3516 4807 3790 4881 Spiritale

2134 4897 2239 4956 quo
2267 4897 2452 4941 omnes
2483 4878 2812 4945 Christiani,
2843 4882 2951 4956 etc.
2986 4880 3056 4934 Et
3091 4880 3263 4956 infra,
3313 4878 3609 4956 Commune
3654 4896 3785 4956 cum

2135 4951 2319 5009 omnes
2351 4956 2596 5012 homines
2625 4966 2693 5005 ea:
2721 4965 2829 5005 uno
2850 4953 3008 5022 patre
3049 4954 3192 5019 nati,
3246 4955 3405 5024 patri
3457 4951 3591 5026 (leg.
3636 4954 3790 5024 pari)

2134 5028 2282 5081 inter
2306 5043 2425 5084 nos.
2458 5030 2567 5082 etc.

2204 5071 2862 5171 iniilvgiitvus-interpres
2889 5092 3067 5171 habet
3111 5093 3267 5162 filiis,
3318 5097 3415 5166 qui
3457 5096 3635 5171 frater
3682 5108 3786 5150 no-

2134 5165 2408 5238 minatuF,
2441 5172 2519 5225 est
2554 5165 2878 5238 fornicator,
2922 5167 3019 5218 aut
3069 5181 3291 5238 auarus.
3331 5165 3464 5221 ’etc.’
3504 5165 3787 5236 Hierony-

2133 5242 2344 5297 mianzs
2373 5234 2641 5297 lectionis
2662 5236 2968 5291 diversitas
2999 5252 3067 5291 ex
3096 5234 3277 5292 Graeci
3326 5241 3521 5292 textus
3547 5245 3583 5303 ἦ
3610 5234 3787 5292 vocu-

2133 5311 2191 5367 la
2219 5313 2565 5381 derivatur;
2591 5307 2639 5363 si
2671 5306 2826 5381 enim
2858 5308 2892 5367 ἥ
2935 5306 3184 5381 legatur,
3240 5307 3537 5380 significat
3585 5315 3718 5375 aut;
3752 5308 3789 5372 ᾗ

2133 5388 2329 5439 autem
2386 5379 2819 5455 signiﬁcat_sit.
2876 5379 3019 5455 jam"
3054 5402 3122 5444 τις
3193 5379 3376 5455 saxeo;
3429 5385 3785 5455 evapocdpsve;

2094 5468 2099 5475 ‘
2130 5457 2196 5531 ᾗ.
2218 5457 2324 5531 (vel
2354 5456 2409 5525 ἦ)
2438 5449 2633 5531 ἆόρχος.
2675 5449 2951 5531 Apppsite
2980 5465 3130 5531 vero
3189 5449 3497 5531 lectionem
3520 5449 3526 5450 “
3546 5450 3790 5531 θχρορίι

2130 5519 3200 5608 Νζόορὶιόιιυεςϐοηᾳρθέιιὶὶηοροιίᾳιιιιιε
3230 5519 3646 5608 ορρ.13ῖ,αρρᾶ
3676 5522 3786 5577 Co-

2129 5591 2685 5663 telerium,volum.3
2714 5591 3228 5648 Monumentorum
3251 5591 3779 5651 Ecclesiw'Graace:

2127 5676 2185 5730 Ei
2232 5692 2301 5739 τις
2354 5674 2560 5746 ἀδελφὸς
2613 5669 2972 5739 ὀνομαζόμενος
3025 5667 3061 5735 ἦ
3114 5672 3311 5744 πὸρνοςο
3372 5670 3471 5742 οὐχ
3523 5672 3581 5724 δν
3642 5666 3779 5725 δεῖνα
