4100 6156
1109 325 1211 393 DE
1254 324 1676 394 PERPE'I‘UA
1718 324 2234 392 VIRGINITA’I‘E
2276 328 2348 393 B.
2395 326 2691 394 MARLE.
2740 319 3000 394 LIBER:

3601 317 3738 402 110

339 466 699 535 serviens,aut
750 462 1068 529 maledicus,
1119 470 1212 520 aut
1267 465 1528 528 ebriosus,
1604 474 1701 520 aut
1779 480 1978 536 rapax,
2011 464 2066 531 Α
2094 463 2351 538 Virginis
2380 470 2544 522 tuam
2577 466 2799 522 rabiem
2825 463 3144 535 contulisti,
3167 462 3226 521 in
3247 452 3581 539 exemplum
3600 460 3736 537 ejus

340 571 450 610 cum
479 553 752 624 eiusmodi
781 571 879 609 nec
906 556 1091 610 cibum
1130 570 1344 610 sumere
1372 555 1418 624 (1
1475 553 1594 609 Cor.
1657 571 1693 607 ν
1750 552 1771 607 Ι
1788 554 1860 624 1),
1921 559 1977 609 et

341 648 535 706 cetera
565 644 660 698 his
709 643 945 700 similia.
1006 643 1300 715 Interrogo
1348 660 1523 709 nunc,
1575 644 1745 713 juxta
1801 660 1974 714 quem

339 733 569 790 modum
602 733 815 788 fratres
837 732 1066 788 Domini
1090 731 1149 786 in
1178 731 1482 804 Evangelio
1523 731 1818 804 intelligas
1873 749 1975 803 ap-

344 821 554 896 pellari.
585 822 763 878 Juxta
794 821 1102 877 naturam!
1138 821 1247 877 Sed
1281 821 1585 893 Scriptura
1638 839 1754 877 non
1812 821 1974 887 dicit,

343 928 442 967 nec
469 911 652 965 Maria
694 927 794 966 eos
850 927 1063 966 vocans
1123 909 1296 977 ﬁlios,
1353 927 1456 966 nec
1514 910 1752 983 Joseph.
1802 912 1978 967 Juxta

338 1004 563 1072 gentem
585 1000 612 1053 ?
641 999 753 1054 Sed
784 999 1108 1054 absurdum
1140 1004 1248 1065 est,
1286 1005 1348 1053 ut
1406 1000 1575 1071 pauci
1633 1016 1703 1055 ex
1757 999 1976 1056 Judaeis

332 1089 516 1144 vocati
548 1090 668 1144 sint
698 1088 907 1144 fratres
939 1105 1073 1143 cum
1135 1105 1337 1144 omnes
1395 1089 1493 1159 qui
1547 1089 1624 1143 ibi
1671 1093 1839 1144 erant
1869 1090 1978 1144 hac

331 1178 454 1251 lege
479 1178 688 1242 Judaei,
720 1179 930 1232 fratres
962 1178 1261 1249 potuerint
1292 1177 1591 1249 appellari.
1627 1179 1808 1234 Juxta
1838 1179 1974 1233 affe-

329 1273 490 1324 ctum
520 1266 941 1337 humanijuris
976 1283 1041 1321 ac
1069 1266 1360 1337 spiritus?
1394 1267 1606 1322 Verum
1643 1267 1691 1322 si
1721 1268 1826 1333 sic,
1876 1268 1974 1339 qui

330 1357 520 1428 magis
554 1356 763 1412 fratres
794 1372 969 1426 quam
999 1354 1270 1427 apostoli,
1304 1372 1451 1427 quos
1481 1356 1721 1411 docebat
1768 1356 1974 1411 intrin-

326 1461 520 1511 secus,
552 1461 706 1516 quos
736 1450 954 1500 matres
977 1444 1222 1499 vocabat
1253 1450 1309 1499 et
1342 1446 1548 1500 fratres
1578 1445 1605 1499 ‘2
1634 1448 1746 1500 Aut
1775 1445 1823 1501 si
1853 1462 1975 1500 om-

326 1551 426 1590 nes
479 1533 620 1605 quia
677 1532 1014 1597 homines‘,
1075 1533 1283 1589 fratres
1340 1534 1492 1590 223
1553 1534 1799 1589 stultum
1870 1535 1980 1588 fuit

325 1622 587 1678 nuntiari
619 1622 791 1692 quasi
824 1623 1146 1693 proprium,
1171 1624 1301 1678 Ecce
1329 1625 1530 1692 [ratres
1563 1625 1646 1678 tui
1676 1631 1978 1696 qumrentes

324 1713 427 1783 [Αἰ.
454 1710 750 1783 quaerunt]
781 1715 866 1765 te:
900 1727 1034 1766 cum
1065 1710 1414 1782 generaliter
1447 1729 1652 1768 omnes
1709 1711 1978 1768 homines

2085 572 2259 627 quem
2292 555 2499 611 fabulae
2552 557 2766 622 ferunt,
2808 572 2940 610 cum
2974 554 3147 627 vulgo
3179 559 3335 612 esset
3389 554 3648 628 ignotus,
3671 557 3732 614 et

2087 644 2231 699 nihil
2267 645 2404 700 boni
2439 649 2636 716 posset
2667 643 2943 700 facinoris
2971 644 3314 716 excogitare,
3347 660 3464 715 quo
3516 640 3731 700 nobilis

2087 734 2268 801 fieret,
2302 733 2495 789 Dianae
2527 733 2858 790 incendisse
2915 732 3243 806 templum:
3278 738 3336 789 et
3382 733 3544 789 nullo
3597 745 3731 805 pro-

2087 823 2257 878 dente
2288 822 2680 896 sacrilegium,
2708 823 2892 878 fertur
2920 823 3044 894 ipse
3090 823 3148 877 in
3199 822 3460 878 medium
3499 837 3733 893 proces-

2086 912 2256 977 sisse,
2286 911 2596 968 clamitans
2613 929 2739 968 sese
2760 911 3098 968 incendium
3125 910 3452 984 subjecisse
3483 927 3497 967 :
3540 910 3734 966 scisci-

2084 1002 2346 1057 tantibus
2376 1001 2588 1073 Ephesi
2621 1001 3009 1073 principibus,
3035 1017 3213 1074 quam
3245 1001 3318 1056 ob
3338 1015 3582 1056 causam
3613 998 3728 1055 hoc

2086 1092 2273 1148 facere
2302 1091 2602 1157 voluisset,
2626 1091 3043 1162 respondisse:
3091 1091 3164 1146 Ut
3220 1090 3360 1162 quia
3413 1091 3562 1145 bene
3613 1105 3730 1145 non

2087 1183 2368 1252 pot-eram,
2403 1179 2554 1234 male
2576 1180 2852 1235 omnibus
2882 1179 3331 1236 innotescerem.
3366 1179 3433 1234 Et
3453 1178 3563 1235 hoc
3602 1177 3736 1250 qui-

2088 1269 2217 1324 dem
2259 1269 2455 1324 Grzeca
2512 1274 2712 1324 narrat
2745 1268 2992 1326 historia
3025 1271 3064 1323 ‘.
3111 1270 3200 1324 Tu
3253 1285 3386 1324 vero
3445 1267 3732 1341 templum

2088 1359 2242 1415 νη
2275 1357 2557 1413 Dominici
2591 1359 2852 1430 corporis
2904 1358 3281 1424 succendisti,
3340 1361 3405 1413 tu
3445 1356 3734 1413 contami-

2089 1447 2242 1502 nasti
2275 1447 2678 1502 sanctuarium
2728 1447 2984 1520 Spiritus
3042 1446 3248 1514 sancti,
3305 1461 3374 1502 ex
3431 1461 3546 1517 quo
3576 1445 3598 1480 ⁵
3644 1444 3734 1500 vis

2089 1535 2437 1608 quadrigam
2470 1536 2748 1604 fratuum,
2783 1543 2837 1592 et
2867 1552 3136 1592 sororum
3180 1534 3538 1607 processisse
3588 1549 3734 1590 con-

2087 1624 2327 1697 geriem.
2360 1625 2623 1696 Denique
2647 1642 2780 1680 cum
2815 1624 3034 1680 Judaeis
3085 1640 3222 1680 voce
3274 1625 3516 1690 sociata,
3541 1623 3730 1679 diois:

2087 1715 2273 1770 Nonne
2304 1714 2394 1769 hic
2423 1719 2499 1769 est
2537 1714 2694 1788 fabri
2720 1715 2869 1784 ﬁlius
2889 1719 2914 1767 .9
2941 1717 3136 1770 Nonne
3161 1721 3336 1769 mater
3363 1713 3479 1785 ejus
3528 1713 3737 1769 dicitur

323 1801 432 1858 hoc
449 1802 584 1871 jure
614 1800 734 1856 sint
754 1801 982 1898 fratres.
1026 1801 1229 1856 Restat
1258 1801 1458 1872 igitur,
1493 1806 1560 1856 ut
1581 1802 1750 1872 juxta
1805 1818 1978 1874 supe-
2013 1838 2061 1902 B
2088 1805 2283 1869 Maria,
2319 1807 2370 1858 et
2397 1806 2599 1876 fratres
2631 1805 2746 1875 ejus
2773 1805 3027 1871 Jacobus,
3087 1807 3139 1858 et
3191 1803 3357 1868 loses,
3415 1807 3466 1858 et
3523 1801 3736 1869 Simon,

321 1891 540 1948 riorem
570 1887 992 1961 expositionem
1016 1889 1224 1944 fratres
1247 1906 1346 1945 eos
1397 1889 1690 1962 intelligas
1731 1889 1982 1964 appella-

324 1986 440 2046 tos,
476 1977 840 2052 cognatione,
885 1995 999 2034 non
1031 1979 1277 2045 affectu;
1306 1995 1422 2033 non
1453 1980 1474 2012 ²
1510 1979 1698 2051 gentis
1757 1980 1983 2051 privile-

329 2071 570 2141 gio,non
599 2072 827 2124 natura.
857 2069 1154 2133 Quomodo
1207 2069 1313 2123 Lot
1375 2069 1641 2135 Abrahze,
1687 2071 1980 2140 quomodo

330 2158 514 2214 Jacob
545 2158 735 2212 Laban
768 2161 858 2212 est
887 2156 1212 2228 appellatus
1245 2158 1438 2225 frater,
1477 2160 1770 2229 quomodo
1811 2164 1870 2214 et
1920 2160 1978 2213 ti-

327 2247 421 2302 lia
456 2245 744 2318 Salphaad
775 2246 1072 2317 accipiunt
1099 2246 1330 2302 Clerum
1361 2246 1515 2303 inter
1563 2249 1772 2303 fratres
1817 2266 1976 2312 suos,

326 2335 626 2408 quomodo
654 2338 712 2391 et
735 2334 1032 2390 Abraham
1063 2335 1190 2407 ipse
1239 2336 1442 2391 Suram
1498 2354 1758 2393 sororem
1809 2354 1978 2392 suam

322 2424 536 2482 habuit
561 2424 1069 2480 uxorem.Etenim
1103 2424 1203 2490 ait,
1238 2425 1368 2480 Vere
1395 2441 1552 2481 soror
1605 2442 1728 2480 mea
1784 2430 1862 2482 est
1917 2426 1982 2481 de

317 2524 503 2586 patre,
536 2514 630 2569 sed
653 2528 761 2567 non
793 2512 858 2568 de
899 2522 1073 2568 matre
1101 2513 1257 2581 (Gen.
1309 2531 1402 2582 xx,
1456 2516 1566 2584 11),
1593 2515 1650 2569 id
1706 2519 1814 2583 est,
1864 2516 1978 2570 fra-

315 2605 424 2660 tris
461 2607 554 2658 est
584 2601 849 2669 ﬁlia,non
872 2601 1108 2656 sororis.
1142 2601 1374 2674 Alioqui
1405 2603 1575 2674 quale
1595 2605 1976 2672 est,utAbra-

315 2692 462 2749 ham
496 2691 1012 2762 virjustus,patris
1043 2690 1136 2747 sui
1167 2691 1348 2746 ﬁliam
1381 2693 1694 2764 conjugem
1713 2709 1979 2765 sumpse-

319 2782 395 2840 rit
425 2783 475 2846 ³,
505 2797 642 2836 cum
704 2780 763 2834 in
818 2780 1025 2852 primis
1071 2780 1411 2837 hominibus
1451 2787 1688 2854 prOpter
1744 2783 1977 2837 aurium

316 2870 701 2926 sanctitatem
731 2869 989 2940 idipsum
1027 2870 1293 2942 Scriptur
1340 2887 1456 2926 non
1507 2871 1787 2938 nominet,
1849 2889 1978 2927 ma-

315 2959 449 3016 lens
482 2957 757 3030 intelligi,
792 2973 967 3029 quam
993 2959 1270 3030 proferri;
1305 2965 1361 3015 et
1390 2960 1544 3015 Deus
1591 2959 1718 3033 lege
1781 2965 1980 3032 postea

319 3049 575 3117 sanciat,
599 3064 667 3103 ac
695 3046 981 3103 minetur:
1033 3050 1149 3120 Qui
1207 3051 1470 3120 acceperit
1529 3065 1767 3104 sororem
1822 3066 1982 3105 suam

316 3140 385 3194 de
409 3141 577 3210 patre
607 3152 728 3202 suo,
758 3137 836 3190 vel
862 3136 930 3191 de
958 3145 1129 3192 matre
1157 3154 1279 3204 sua,
1327 3141 1378 3192 et
1428 3137 1625 3193 viderit
1685 3138 1979 3209 turpitudi-

317 3208 451 3283 nem
491 3227 628 3297 ejus,
677 3227 797 3295 ipsa
843 3225 1046 3281 viderit
1093 3225 1490 3297 turpitudinem
1551 3228 1728 3291 illius,
1779 3208 1976 3299 oppro-
2008 3208 2050 3274 ί]

321 3319 511 3373 brium
540 3323 651 3370 est:
686 3319 735 3369 et
765 3317 1324 3371 esterminanbuntur
1345 3333 1530 3372 coram
1569 3318 1704 3386 ﬁliis
1762 3319 1977 3385 generis

319 3409 429 3461 sui.
495 3403 909 3475 Turpitudinem
963 3407 1166 3460 sororis
1216 3421 1335 3462 suae
1401 3406 1627 3473 detexit,
1699 3416 1979 3477 peccatum

317 3511 484 3550 suum
512 3495 736 3564 recipiet
757 3495 954 3560 (Leuit.
988 3511 1149 3562 xvm,
1182 3497 1262 3566 9).

406 3582 493 3636 16.
519 3580 958 3652 lmperitissime
986 3582 1315 3650 hominum,
1348 3583 1464 3659 ista
1495 3600 1610 3638 non
1654 3583 1900 3656 legeras,
1925 3588 1981 3640 et

333 3675 460 3727 toto
505 3669 856 3742 Scripturam
917 3671 1123 3744 pelago
1193 3661 1491 3740 derelicto,
1554 3673 1627 3728 ad
1702 3672 1979 3744 injuriam

327 3883 437 3942 εἶδε
467 3885 817 3961 πρρνεύοντα,
852 3883 1053 3961 λέγειν⁸
1089 3883 1257 3952 δοκεῖ,
1302 3883 1447 3961 ᾀλλά
1501 3887 1606 3940 τὸν·
1641 3886 1982 3961 ὀνομαζόμε-

324 3980 443 4026 νον,
477 3956 611 4011 asyro:
643 3963 774 4010 πᾶσι
821 3956 1244 4030 γινώσκόμενον.
1303 3959 1365 4013 Si
1418 3961 1539 4030 quis
1595 3956 1770 4029 [mter
1814 3956 1988 4016 nomi-

324 4031 653 4100 natur(sive
684 4035 860 4085 notus
891 4032 996 4100 est)
1029 4033 1361 4101 fornicator:
1395 4047 1505 4085 non
1535 4031 1762 4087 videtur
1807 4032 1985 4087 dicere

326 4119 492 4175 quem
517 4116 794 4175 nonnemo
822 4104 1186 4171 fornicantem
1226 4102 1400 4170 vidit;
1460 4103 1552 4157 sed
1611 4105 1983 4170 nominatum,

322 4173 442 4229 sive
469 4173 538 4228 ab
569 4174 822 4228 omnibus
851 4175 1152 4241 cognitum.

402 4248 418 4278 ¹
454 4243 803 4316 Isthmo/lu!
827 4245 1089 4316 silomnes
1147 4247 1278 4316 quia
1337 4245 1599 4312 homines,
1649 4248 1872 4315 fratres,
1927 4245 1983 4299 in

323 4315 661 4372 Veronensi
686 4313 835 4369 libro
867 4313 1293 4372 desiderantur.

399 4389 518 4467 {In
553 4387 760 4442 eodem
792 4402 903 4441 ms.
936 4403 1047 4442 non
1093 4388 1249 4442 istud
1301 4388 1679 4459 expungitur,
1739 4387 1986 4442 fortasse

323 4475 553 4516 verius.

401 4533 424 4565 ³
456 4529 646 4601 Sentit
679 4527 995 4583 Abrahami
1049 4534 1330 4601 tempore,
1365 4530 1546 4601 nefas
1585 4529 1766 4584 fuisse
1826 4545 1984 4584 soro-

325 4620 428 4658 res
451 4618 520 4657 ex
553 4599 736 4655 altero
768 4605 1008 4672 parente
1055 4581 1286 4666 ducere,
1318 4581 1445 4671 quae
1478 4600 1722 4656 aliorum
1754 4617 1988 4672 quoque
2021 4581 2066 4645 D

325 4675 576 4730 Patrum
609 4671 902 4726 sententia
923 4676 1030 4740 est,
1056 4678 1113 4727 et
1145 4673 1466 4745 praesertim
1521 4671 1830 4745 Augustini
1882 4671 1984 4745 lib.

323 4763 458 4824 x_xu
485 4747 680 4824 contra
706 4745 987 4824 Faustum,
1014 4747 1244 4824 cap
1280 4744 1432 4824 .Sed_
1457 4743 1839 4824 refragantur_
1871 4743 1990 4824 ple-

329 4818 503 4887 rique
535 4813 660 4887 alii,
709 4813 808 4884 qui
856 4813 1434 4887 Saramsbrahami
1494 4813 1753 4870 sororem
1813 4813 1994 4887 fuisse

329 4885 456 4967 non
488 4885 977 4967 dubitari-Lquod
1020 4887 1390 4967 Abrahamus
1430 4887 1554 4967 ipse
1608 4890 1748 4967 Gen.
1808 4903 1886 4950 x1,
1927 4886 1991 4967 ‘9,

329 4961 556 5017 diserte
581 4955 905 5028 proﬁtetur.
941 4959 1092 5022 Quin
1126 4961 1301 5014 etiam
1333 4955 1568 5012 Davidis
1609 4962 1872 5028 tempore
1926 4955 1993 5010 li-

331 5030 537 5088 cuisse
568 5027 676 5102 alii
702 5027 940 5102 volunt:
978 5029 1198 5102 alioqui
1229 5030 1487 5084 Thamar
1540 5027 1766 5082 Amnon
1828 5027 1994 5082 fratri

329 5119 451 5159 suo
472 5117 590 5156 non
621 5099 885 5172 dixisset,
919 5106 982 5156 ut
1013 5119 1074 5156 so
1105 5099 1412 5172 conjugem
1443 5116 1486 5172 7a
1509 5103 1744 5172 parente
1795 5103 1995 5172 postu-

331 5172 590 5238 laret,“
619 5171 759 5243 Reg.
802 5188 931 5238 x111,
981 5169 1605 5254 quanquamscim’us‘
1651 5169 1770 5251 haec
1832 5169 2000 5224 aliter

282 5302 298 5318 ,
333 5260 452 5318 pro
484 5258 595 5322 sua
629 5258 986 5313 quemquem
1018 5244 1305 5324 sententia
1333 5244 1744 5324 interpretariz,

418 5313 609 5368 ‘Vide
659 5314 1005 5369 Strabonem
1055 5314 1154 5380 Ιώ,
1214 5332 1330 5378 xiv,
1379 5312 1642 5368 Solinum
1695 5312 1795 5366 lib.
1842 5329 1998 5380 XLIII,

331 5358 1155 5452 val.'isi£x."1ii§."$ﬁi,"é.is:
1189 5358 1298 5440 εςῖἐζ

418 5459 440 5493 ⁵
470 5456 664 5511 Codex
738 5455 1109 5521 Veronensis,
1189 5459 1258 5512 Tu
1343 5455 1734 5509 contaminasti
1814 5470 1999 5508 sacra-

337 5531 502 5586 rium
539 5543 609 5582 ex
639 5543 763 5597 quo,
796 5532 906 5582 etc.

420 5595 989 5668 “Albus'utaiunt.
1051 5598 1247 5654 Cicero
1309 5597 1416 5652 hoc
1500 5596 1579 5651 ait
1650 5595 1898 5668 Philipp.
1926 5614 2002 5664 11;

340 5667 881 5743 Quintilianuslib.
916 5687 980 5743 ii,
1007 5687 1132 5743 cap.
1165 5673 1238 5738 2;
1290 5669 1426 5725 item
1461 5667 1764 5743 _I_loratius_
1804 5667 1892 5722 lib
1943 5685 2002 5738 ιι,

342 5745 524 5816 epist.
559 5741 632 5799 ad
661 5740 891 5799 Jnlium
923 5740 1184 5813 Florum,
1217 5747 1326 5799 etc.
1359 5773 1430 5784 —
1460 5740 1618 5798 Idem
1645 5740 1874 5798 curiose
1909 5756 2001 5795 sa-

2091 1901 2141 1948 et
2161 1893 2346 1960 ludas,
2380 1897 2431 1948 et
2486 1908 2695 1948 sorores
2749 1909 2932 1949 omnes
2982 1891 3130 1962 apud
3179 1908 3280 1948 nos
3334 1895 3463 1947 sunt
3526 1891 3735 1960 (Matth.

2091 1999 2215 2044 x111,
2247 1983 2355 2049 55;
2387 1981 2550 2037 Marc.
2581 1999 2657 2050 v1,
2689 1983 2744 2053 3)
2768 1982 2798 2038 ?
2823 1983 3059 2050 Omnes,
3093 1981 3208 2037 nisi
3240 1982 3310 2037 de
3363 1981 3558 2046 turba,
3619 1995 3736 2035 non

2090 2071 2322 2126 dicitur.
2357 2071 2516 2139 Quis,
2543 2079 2595 2127 te
2621 2088 2742 2137 oro,
2780 2074 2914 2127 ante
2963 2071 3116 2127 hanc
3154 2069 3589 2143 blasphemiam
3640 2085 3741 2125 no-

2089 2164 2268 2215 verat.
2311 2160 2446 2231 quis
2479 2159 2761 2232 dupondii
2794 2161 3156 2232 supputabat
3181 2159 3210 2214 ?
3257 2161 3618 2216 Consecutus
3673 2174 3736 2214 es

2090 2249 2244 2320 quod
2276 2249 2528 2316 volebas,
2556 2247 2770 2304 nobilis
2799 2264 2862 2304 es
2890 2249 3078 2304 factus
3106 2247 3165 2303 in
3195 2247 3431 2304 scelere.
3464 2247 3582 2320 Ego
3613 2245 3738 2319 ipse

2090 2337 2190 2408 qui
2222 2342 2426 2393 contra
2454 2342 2511 2393 te
2541 2337 2754 2403 scribo,
2823 2353 2957 2392 cum
3008 2337 3069 2391 in
3127 2337 3331 2392 eadem
3389 2340 3585 2391 tecum
3634 2351 3738 2390 ur-

2090 2427 2158 2481 be
2180 2427 2504 2481 consistam
2537 2425 2706 2482 albus
2737 2427 2778 2494 δ,
2814 2430 2879 2480 ut
2907 2426 3096 2492 aiunt,
3138 2429 3330 2481 aterve
3385 2424 3492 2491 sis,
3510 2423 3734 2480 nescio.

2088 2514 2472 2570 Praatermitto
2521 2514 2662 2569 vitia
2711 2514 3022 2582 sermonis,
3075 2513 3292 2585 quibus
3342 2511 3534 2570 omnis
3588 2511 3739 2568 liber

2087 2608 2227 2659 tuus
2249 2607 2451 2660 scatet.
2484 2604 2668 2659 Taceo
2691 2602 3007 2658 ridiculum
3047 2602 3372 2659 exordium.
3413 2601 3458 2658 Ο
3517 2605 3741 2674 tempo-

2089 2710 2153 2748 ra
2185 2694 2196 2747 !
2229 2709 2261 2748 ο
2295 2692 2520 2749 mores!
2554 2694 2680 2748 Non
2711 2709 2907 2765 quaero
2932 2691 3326 2765 eloquentiam
3364 2709 3377 2760 ;
3405 2706 3585 2764 quam
3607 2690 3738 2764 ipse

2090 2799 2202 2838 non
2250 2782 2494 2852 habens,
2540 2782 2599 2836 in
2651 2771 2830 2838 fratre
2878 2782 3163 2838 Craterio"
3217 2778 3537 2852 requisisti.
3588 2778 3737 2846 Non,

2092 2871 2353 2943 inquam,
2379 2871 2574 2943 ﬂagito
2596 2871 2808 2943 linguae
2833 2870 3103 2935 nitorem,
3136 2869 3344 2926 animae
3398 2885 3594 2941 quisro
3633 2885 3740 2940 pu-

2090 2959 2318 3016 ritatem
2337 2961 2378 3015 δ.
2410 2961 2577 3032 Apud
2608 2959 2967 3014 Christianos
2999 2959 3156 3014 enim
3195 2957 3564 3014 solcecismus
3584 2957 3606 2992 ⁹
3651 2960 3741 3022 est

2090 3065 2339 3122 magnus
2370 3054 2425 3104 et
2454 3047 2682 3112 vitium,
2718 3053 2887 3120 turpe
2917 3047 3059 3118 quid
3089 3045 3179 3102 vel
3224 3062 3481 3112 narrare,
3510 3044 3599 3102 vel
3659 3045 3738 3109 fa-

2088 3154 2234 3193 cere.
2271 3139 2352 3192 Ad
2387 3137 2604 3194 calcem
2635 3137 2824 3205 venio,
2853 3141 2910 3192 et
2939 3141 2994 3192 te
3017 3139 3262 3192 cornuta
3285 3135 3739 3207 interrogatione

2088 3227 2596 3298 concludo,sicque
2627 3231 2819 3282 tecum
2853 3243 3046 3298 agam,
3078 3225 3247 3298 quasi
3281 3223 3553 3298 superius
3587 3223 3738 3280 nihil

2087 3316 2303 3387 egerim
2331 3333 2342 3370 :
2369 3316 2570 3370 eodem
2603 3317 2773 3371 modo
2806 3315 2993 3371 dictos
3042 3331 3172 3371 esse
3231 3315 3439 3369 fratres
3477 3312 3732 3370 Domini.

2087 3422 2204 3476 quo
2232 3405 2447 3476 Joseph
2483 3405 2678 3461 dictus
2710 3409 2797 3460 est
2818 3409 3003 3478 pater,
3037 3406 3168 3473 Ego,
3216 3403 3429 3475 inquit,
3477 3405 3528 3458 et
3577 3405 3738 3476 pater
3821 3392 3824 3394 ’

2090 3503 2230 3560 tuus,
2263 3494 2500 3549 dolentes
2530 3495 2905 3566 quaerebamus
2927 3498 2976 3549 te
3004 3496 3156 3562 (Luc.
3190 3509 3230 3559 1,
3263 3492 3374 3563 48).
3401 3492 3585 3548 Mater
3614 3491 3739 3548 hac

2089 3583 2369 3655 loquitur,
2401 3598 2516 3637 non
2545 3582 2754 3639 Judaei.
2784 3583 2853 3638 Et
2882 3582 3007 3654 ipse
3037 3579 3398 3653 evangelista
3425 3580 3685 3637 referens
3721 3596 3734 3635 :

2091 3674 2154 3728 Et
2181 3679 2340 3729 erant
2364 3681 2519 3742 pater
2546 3677 2596 3728 et
2623 3679 2801 3727 mater
2830 3671 2986 3726 illius
3044 3669 3382 3725 admirantes
3437 3684 3603 3740 super
3654 3668 3741 3724 his

2095 3888 2190 3955 tis,
2219 3888 2394 3953 alvus,
2426 3891 2486 3941 ut
2514 3888 2695 3951 aiunt,
2747 3889 2930 3941 uterve
2986 3888 3082 3951 sis,
3141 3888 3264 3954 etc.,
3318 3882 3502 3956 quasi
3546 3881 3741 3939 alvum

2095 3954 2210 4014 utri
2242 3956 2772 4029 comparet.‘Vetus
2802 3957 2954 4012 Edit.
3009 3955 3170 4012 addit
3227 3954 3402 4012 etiam
3450 3954 3746 4029 glgssema

2096 3976 2210 4014 utri
2242 3976 2368 4012 com
2418 3976 2559 4012 aret.
2603 3976 2772 4012 vetus
2807 3976 2954 4012 uolt.
3009 3976 3170 4012 audit
3227 3976 3402 4012 etiam
3450 3976 3744 4029 glossema

2096 3976 2452 4093 istiusmodi,
2512 4045 2684 4099 quare
2733 4029 2970 4084 balbutis
3021 4037 3070 4084 et
3128 4031 3447 4084 erubescis?
3505 4027 3744 4099 Prover-

2095 4102 2256 4156 bium
2281 4099 2423 4154 illud
2457 4098 2662 4155 notum
2697 4116 2765 4155 ex
2793 4099 3083 4166 Cicerone,
3126 4099 3504 4164 Quintiliano,
3563 4098 3743 4152 Hora-

2094 4173 2196 4238 tio,
2231 4171 2501 4242 aliisque,
2530 4175 2768 4226 notante
2797 4172 3024 4242 Gravio,
3059 4170 3238 4242 Paulo
3271 4174 3404 4241 post
3443 4184 3546 4240 pro
3601 4166 3742 4242 ridi-

2095 4237 2283 4298 culum
2337 4237 2645 4307 ciordium,
2708 4241 2907 4297 malim
2971 4256 3076 4312 ego
3133 4237 3744 4312 ridiculum'exodium

2095 4315 2229 4443 léegi.
2258 4315 2406 4370 Nota
2461 4314 2690 4370 scenica
2739 4313 2975 4368 exordia
3007 4307 3075 4367 ct
3123 4310 3391 4367 ridicula.
3478 4307 3743 4365 Catullus

2143 4403 2288 4442 arm.
2321 4402 2447 4441 xei:

2143 4403 2264 4442 arm
2277 4429 2288 4441 .
2321 4404 2413 4441 XCI
2435 4402 2447 4441 Ξ

2221 4503 2300 4551 Nil
2331 4502 2558 4550 nimium
2588 4499 2800 4557 studeo,
2830 4499 3021 4556 Ctesar,
3050 4499 3145 4548 tibi
3177 4497 3308 4548 velle
3337 4497 3562 4561 placere,

2345 4565 2450 4613 Nec
2479 4565 2611 4613 scire
2645 4566 2823 4612 utrum
2857 4563 2929 4611 sis
2956 4562 3108 4612 albus
3138 4575 3205 4610 an
3232 4560 3349 4611 ater
3375 4560 3561 4610 homo.

2170 4673 2188 4704 ⁷
2225 4673 2283 4725 In
2345 4669 2475 4724 aliis
2533 4669 2698 4724 libris
2756 4669 3005 4724 habetur
3062 4669 3328 4724 Carterio.
3398 4665 3751 4722 Veronensis

2099 4759 2232 4798 cum
2257 4739 2611 4812 aspiratione
2637 4741 2938 4812 Cartherio.
2960 4740 3113 4812 Num
3135 4737 3550 4812 Cauteriusille
3579 4736 3736 4812 inde-

2103 4820 2267 4868 catur
2297 4806 2366 4866 de
2397 4829 2510 4882 quo
2544 4812 2602 4865 in
2635 4811 2901 4883 epistolis
2927 4811 2999 4866 ad
3059 4809 3413 4883 Marcellam,
3449 4811 3506 4862 et
3551 4807 3623 4883 ad

2103 4875 2522 4996 Augpstinum,
2555 4887 2614 4937 et
2643 4875 2700 4937 in
2731 4881 3178 4938 Commentariis
3208 4881 3269 4934 in
3299 4881 3510 4934 Jonam
3565 4875 3751 4948 loqui-

2104 4962 2200 4996 lnr
2230 4963 2242 4976 ‘

2104 4962 2200 5011 tur
2230 4962 2249 5010 ’ἐ

2175 5029 2194 5061 ⁸
2227 5024 2594 5081 Martianzeus
2618 5027 2750 5095 post
2790 5023 3098 5076 Erasmum
3143 5018 3598 5095 pietatem__legit
3648 5035 3752 5092 pro

2102 5091 2735 5171 puritatem._Vic_torius
2769 5109 2904 5171 vero
2921 5110 3004 5171 ex
3053 5091 3549 5171 emendatioribus
3606 5091 3750 5148 mss.

2107 5163 2191 5224 ita
2221 5166 2448 5224 restitui
2479 5166 2679 5238 voluit,
2715 5163 3054 5234 notavitque
3083 5163 3166 5219 sic
3198 5163 3387 5238 magis
3427 5179 3754 5237 congruere

2109 5258 2242 5298 cum
2275 5237 2552 5294 vocabulo
2580 5239 2832 5291 nitorem.

2180 5315 2200 5347 θ
2223 5312 2418 5367 Cicero
2451 5309 2521 5363 ad
2567 5308 2822 5362 Atticum
2853 5305 2955 5362 lib.
2993 5323 3056 5371 II,
3098 5305 3267 5378 epist.
3299 5305 3375 5378 ll
3413 5305 3584 5364 Ludos
3639 5305 3754 5361 An-

2108 5385 2179 5438 tii
2201 5386 2444 5454 spectare
2467 5395 2572 5434 non
2601 5379 2800 5454 placet,
2827 5382 2927 5454 est
2985 5374 3149 5433 enim
3193 5374 3573 5454 ὑπρσᾷλοικον,
3600 5394 3758 5454 lcum

2111 5449 2276 5510 veli-in
2305 5455 2480 5506 vitare
2510 5449 2724 5505 omnem
2753 5449 3105 5522 deliciarum,
3138 5451 3524 5522 suspicionem.
3589 5449 3756 5522 Sidae

2114 5527 2246 5579 nius
2279 5524 2461 5594 Epist.
2498 5522 2568 5576 ad
2603 5522 2905 5594 Faustum.
2969 5521 3202 5589 Quidam
3229 5521 3760 5594 ibarbarismus_est

2113 5590 2555 5666 morumLsermo
2577 5591 2876 5666 jucundus,
2905 5596 2956 5647 et
2984 5595 3202 5666 animus
3231 5595 3492 5666 afﬂictus,
3541 5595 3598 5666 et
3640 5590 3760 5666 Lu:

2113 5659 2654 5794 citanus'llterculém
2686 5663 2746 5719 in
2802 5679 2978 5721 scena
3022 5659 3300 5737 μονῳδεῖῖ
3341 5659 3618 5717 σολοικίαν
3676 5659 3761 5716 ait

2113 5755 2169 5794 v1
2215 5753 2320 5794 eri.
2353 5753 2384 5793 e
2411 5752 2463 5792 c.

2113 5736 2320 5804 videri,
2353 5741 2463 5793 etc.
