5364 6558
963 313 1086 382 2M-
2217 317 2284 385 S.
2329 314 2643 386 EUSEBII

2685 313 3155 383 HIEBONYMI.
3587 320 3590 322 ⁷
4224 314 4330 386 ﬁt!

960 456 1079 525 ηυδε
1106 441 1519 508 dicebanturde
1574 465 1634 509 eo
1691 451 1872 525 (Ibid.,
1930 454 2044 525 33),
2103 458 2161 510 et
2214 454 2308 510 bis
2365 453 2602 519 similia,
2635 457 2684 522 Α
2717 452 2928 508 seriem
2961 466 3361 507 commovere:
3409 449 3727 523 Ignatium,
3773 444 4168 522 Polycarpum,
4225 453 4340 509 Ire-

963 555 1092 614 quae
1114 539 1242 609 jam
1267 540 1830 608 enumeravimus,in
1862 542 2080 614 quibus
2112 546 2386 614 parentes
2412 558 2617 596 vocan-

962 631 1080 683 tur.
1103 629 1182 684 Ac
1215 645 1284 684 ne
1317 629 1463 684 forte
1492 629 1562 684 de
1594 629 2082 702 exemplariorum
2113 629 2388 685 varietate
2421 630 2435 663 ¹
2483 645 2618 684 cau-

965 716 1136 786 seris,
1170 716 1310 789 quia
1339 717 1445 772 tibi
1463 717 1812 773 stultissime
1837 718 2179 790 persuasisti
2232 719 2461 773 Graecos
2522 734 2616 772 co-

965 805 1127 862 dices
1153 804 1554 873 esset'alsatos,
1602 806 1673 861 ad
1711 807 1955 862 Joannis
2013 805 2391 879 Evangelium
2421 806 2611 872 venio,

963 894 1027 950 in
1067 910 1184 965 quo
1217 893 1561 966 planissime
1591 893 1904 950 scribitur:
1931 897 2145 951 Invenit
2177 896 2466 966 Philippus
2494 899 2613 950 Na-

966 983 1210 1049 thanael,
1230 987 1282 1039 et
1309 984 1391 1038 ait
1447 984 1576 1038 illi:
1637 984 1804 1051 Quem
1849 985 2063 1054 scripsit
2121 983 2320 1055 Moyses
2386 985 2445 1038 in
2501 984 2616 1054 lege

965 1075 1016 1128 et
1042 1074 1344 1145 prophetae,
1375 1073 1680 1126 invenimus
1707 1073 1892 1127 Iesum
1938 1073 2120 1142 ﬁlium
2171 1072 2365 1144 Ioseph
2419 1089 2453 1126 a
2505 1073 2614 1126 Na-

966 1162 1156 1218 zareth
1184 1163 1372 1230 (Joan.
1407 1177 1449 1225 ι,
1479 1161 1590 1228 45).
1625 1159 1789 1216 Certe
1818 1161 1971 1218 225
2005 1159 2114 1216 hoc
2163 1160 2223 1216 in
2274 1165 2375 1217 tuo
2420 1161 2615 1216 codice

963 1250 1315 1307 continetur.
1345 1248 1652 1320 Responde
1674 1247 1841 1319 mihi,
1875 1250 2164 1321 quomodo
2193 1251 2365 1306 Jesus
2418 1251 2496 1306 sit
2549 1250 2615 1305 fio

964 1339 1083 1398 lius
1110 1336 1350 1409 Joseph,
1384 1353 1561 1408 quem
1592 1342 1824 1410 constat
1852 1338 1924 1394 de
1953 1338 2173 1411 Spiritu
2233 1344 2434 1396 sancto
2488 1356 2616 1396 esse

963 1429 1336 1498 procreatum
1357 1425 1386 1479 Ἰ
1412 1429 1557 1480 Vere
1585 1426 1805 1499 Joseph
1829 1431 1992 1499 pater
2031 1427 2187 1483 fuit?
2217 1429 2492 1494 Quamvis
2532 1429 2615 1484 sis

963 1515 1165 1585 hebes,
1201 1515 1394 1571 dicere
1444 1531 1561 1571 non
1601 1516 1894 1572 audebis?
1945 1521 2034 1571 An
2092 1517 2451 1588 putabatur?
2507 1518 2613 1573 Eo-

960 1606 1098 1662 dem
1128 1604 1301 1661 modo
1331 1602 1699 1660 aestimentur
1727 1610 1784 1662 et
1828 1605 2056 1674 fratres,
2113 1623 2229 1679 quo
2287 1607 2614 1663 aestimatus

963 1699 1056 1752 est
1079 1698 1138 1751 et
1156 1697 1340 1766 pater.

1038 1785 1124 1841 17.
1145 1784 1256 1840 Sed
1288 1783 1569 1855 quoniam
1594 1784 1723 1855 jam
1754 1800 1785 1840 e
1815 1785 2088 1841 cautibus
2135 1790 2190 1841 et
2251 1786 2613 1859 confragosis

967 1873 1114 1940 locis
1133 1872 1459 1945 enavigavit
1486 1873 1693 1942 oratio,
1727 1874 1996 1946 padenda
2043 1880 2184 1931 sunt
2236 1875 2384 1942 vela,
2441 1881 2498 1931 et
2557 1875 2615 1930 in

966 1961 1229 2044 epilogos
1247 1960 1409 2016 illius
1438 1959 1803 2031 irruendum,
1831 1962 1890 2018 in
1913 1963 2130 2035 quibus
2163 1963 2380 2020 sciolus
2406 1964 2517 2019 sibi
2532 1964 2615 2018 vi-

969 2066 1095 2118 sus,
1127 2047 1552 2105 Tertullianum
1584 2048 1643 2104 in
1665 2050 2068 2107 testimonium
2101 2053 2122 2086 ²
2164 2057 2350 2120 vocat,
2411 2057 2468 2107 et
2520 2052 2619 2106 Vi-

969 2138 1179 2194 ctorini
1201 2137 1683 2194 Petabionensis’
1729 2139 1985 2212 episcopi
2013 2142 2190 2197 verba
2220 2142 2510 2214 proponit.
2554 2143 2623 2196 Et

973 2227 1045 2284 de
1073 2225 1430 2282 Tertulliano
1463 2227 1702 2299 quidem
1730 2228 1877 2283 nihil
1911 2229 2170 2302 amplius
2234 2231 2385 2298 dico,
2442 2248 2620 2303 quam

971 2314 1241 2373 Ecclesia:
1272 2313 1575 2371 hominem
1605 2332 1720 2372 non
1754 2317 1958 2374 t'uisse.
1982 2319 2062 2374 De
2079 2319 2370 2375 Victorino
2400 2337 2532 2375 vero
2565 2321 2622 2375 id

972 2420 1193 2472 assero,
1225 2404 1380 2476 quod
1403 2408 1461 2459 et
1490 2404 1560 2460 de
1588 2405 1980 2478 evangelistis,
2015 2408 2220 2464 fratres
2259 2425 2394 2464 eum
2438 2409 2622 2464 dixis-

972 2509 1038 2551 se
1066 2492 1326 2561 Domini,
1356 2509 1471 2548 non
1493 2492 1640 2549 filios
1673 2495 1887 2550 Marize.
1921 2496 2151 2552 Fratres
2172 2502 2366 2552 autem
2398 2513 2464 2552 eo
2487 2513 2624 2553 sen-

973 2598 1066 2650 su,
1127 2594 1307 2652 quem
1366 2580 1641 2651 superius
1699 2583 2098 2653 exposuimus.
2164 2586 2624 2658 propinquitate,

974 2685 1092 2725 non
1125 2673 1338 2724 natura
1360 2669 1400 2721 ‘.
1421 2667 1634 2723 Verum
1666 2686 1854 2742 nugas
1883 2671 2150 2740 terimus,
2181 2679 2238 2728 et
2283 2674 2438 2730 fonte
2476 2676 2626 2731 veri-

977 2753 1119 2811 tatis
1146 2753 1390 2822 omisso,
1411 2755 1756 2827 opinionum
1789 2758 2004 2814 rivulos
2022 2765 2448 2818 consectamur.
2473 2764 2628 2820 Nun-

985 2842 1130 2916 quid
1162 2858 1279 2898 non
1301 2859 1543 2914 possum
1573 2845 1678 2900 tibi
1719 2849 1898 2902 totam
1959 2853 2219 2904 veterum
2277 2853 2629 2924 scriptorum

1066 3003 1084 3042 ¹
1115 3003 1393 3084 Legimus
1417 3020 1484 3084 ex
1503 3005 1821 3084 Veronensi
1850 3010 2127 3084 varietate,
2188 3015 2341 3084 quod
2391 3014 2636 3071 Gravius

998 3076 1486 3158 quoqueprobat,
1519 3082 1576 3132 et
1608 3081 2070 3158 moxexreodem
2109 3076 2448 3158 plenissime.
2501 3088 2637 3143 Erat

1000 3148 1287 3224 autemin
1318 3148 1490 3224 editis
1520 3153 1780 3224 varietate
1808 3157 1867 3224 et
1888 3148 2225 3224 plenissime.

1065 3218 1261 3275 'Puto
1284 3219 1623 3293 caulibrode
1678 3218 1922 3277 velandis
1985 3227 2316 3293 Virginibus.
2378 3243 2407 3280 c
2467 3228 2520 3283 6.
2575 3246 2632 3283 n.

947 3293 1081 3358 .48,
1109 3293 1211 3346 aut
1239 3309 1308 3347 ex
1333 3289 1452 3358 illo,
1512 3293 1579 3347 de
1637 3295 1820 3348 Carne
1857 3289 2095 3360 Christi;
2141 3312 2190 3349 c.
2249 3297 2338 3360 23,
2387 3314 2443 3352 n.
2499 3301 2625 3358 164.

993 3360 1340 3435 Tertulliani
1371 3364 1774 3419 auctoritatem
1808 3365 2132 3435 proferebat
2159 3365 2478 3424 Helvidius.

1061 3435 1082 3468 ³
1113 3434 1376 3507 Victorini
1404 3434 1822 3491 Petabionensis
1840 3438 2093 3507 episcopi,
2155 3438 2321 3492 Redit
2351 3456 2511 3497 error
2538 3459 2631 3497 ve-

991 3510 1182 3562 terum
1212 3506 1562 3579 editionum,
1586 3523 1746 3579 quas,
1807 3506 1878 3561 ut
1927 3506 2106 3579 supra
2164 3509 2311 3564 libro
2362 3511 2426 3566 de
2477 3516 2633 3568 Viris

989 3577 1332 3652 illustribus,
1355 3576 1559 3652 legunt
1583 3576 1678 3633 hic
1708 3576 2073 3652 Pictavicnsis
2102 3581 2356 3652 episc0pi,
2406 3599 2508 3652 pro
2565 3601 2630 3640 eo

987 3649 1144 3730 quod
1177 3648 1590 3730 fetabionensis
1637 3651 1893 3730 episcopi.
1956 3648 2631 3730 Vide—suprauannota-

986 3720 1542 3795 ti_un_culas_noStra_s
1574 3720 1898 3795 inilibrum
1957 3721 2028 3777 de
2083 3720 2473 3795 Scriptoribus
2531 3728 2630 3783 Ec-

986 3790 1329 3847 clesiasticis
1359 3791 1416 3845 in
1449 3791 1767 3848 Victorino.
1804 3793 2094 3848 MARTIAN.

1057 3862 1296 3936 ‘Codex
1330 3862 1702 3936 Veronensis,
1734 3866 2163 3936 propinquitate,
2193 3881 2303 3919 non
2333 3876 2530 3933 matre,
2576 3875 2631 3925 et

984 3933 1200 3988 rectius
1215 3931 1385 4005 paulo
1408 3931 2165 4008 infra,veteramscriptorum
2188 3935 2415 3996 Grzecz'ae
2433 3931 2628 3996 seriem

983 4017 1333 4060 commovere.

1019 4074 1074 4156 .5
1105 4075 1262 4132 Idem
1294 4074 1674 4156 Veronensis
1688 4079 2064 4156 lignantinum
2121 4078 2258 4150 legit
2284 4085 2377 4156 __et_
2436 4082 2627 4156 Valen-

982 4147 1163 4202 tinum
1191 4163 1304 4202 non
1338 4148 1621 4274 agnoscit.
1654 4147 1946 4204 Viatorius
1987 4147 2221 4220 quoque
2283 4152 2624 4208 Valentinum

982 4215 1039 4273 in
1073 4219 1274 4274 multis
1306 4235 1372 4274 co
1420 4219 1607 4274 icibus
1637 4219 1954 4274 desiderari
1976 4220 2140 4274 testis
2167 4225 2273 4274 est.
2308 4221 2624 4274 CutPlerius

979 4215 1039 4273 in
1073 4219 1274 4275 multis
1306 4215 1607 4275 codicibus
1637 4219 1954 4275 desiderari
1976 4215 2143 4276 testis
2167 4225 2273 4276 est.
2308 4221 2626 4280 Cutelerius

978 4295 1176 4376 autem
1208 4291 1586 4376 Byzantinum
1610 4291 1666 4376 in
1699 4292 1896 4376 codice
1927 4291 2184 4376 quodam.
2213 4292 2390 4376 regio,
2451 4300 2625 4374 atque

976 4360 1109 4433 aliis
1140 4360 1379 4430 invenit,
1413 4361 1513 4418 sed
1549 4363 1895 4417 Valentinum
1946 4360 2008 4416 in
2069 4361 2248 4433 regio,
2281 4360 2478 4418 “veluti
2527 4360 2622 4420 va-

977 4430 1223 4512 riantem
1257 4432 1564 4488 lectionem
1615 4434 1803 4489 notari
1863 4433 1946 4488 ait
2003 4433 2074 4487 ad
2133 4430 2507 4504 Bymntinum
2563 4438 2621 4492 in

979 4516 1266 4558 margine.

1041 4517 1272 4647 fg
1288 4577 1378 4628 est
1399 4571 2141 4647 proverbium,qui_aliquid
2171 4573 2364 4647 inepte
2397 4577 2619 4634 faciunt

969 4642 1056 4697 vel
1091 4643 1379 4700 indecore.
1400 4642 1558 4700 ’Vide
1577 4642 1842 4700 nostrum
1877 4642 2293 4718 Hieronymum
2344 4648 2403 4702 in
2455 4651 2615 4706 Isaiae

971 4729 1020 4769 ϐ.
1058 4732 1246 4772 LXVIII.

1037 4787 1057 4819 ⁷
1087 4786 1402 4861 sumptum
1433 4804 1501 4844 ex
1532 4785 1752 4861 Tertul.
1781 4786 1884 4842 lib.
1929 4786 1996 4861 de
2049 4802 2214 4842 carne
2252 4790 2465 4861 Christi
2497 4834 2510 4857 ,
2563 4810 2610 4849 c.

964 4855 1056 4937 βε),
1091 4859 1190 4915 ubi
1221 4855 1424 4937 contra
1455 4859 1853 4937 Marcionem,‘
1887 4882 1914 4907 «
1969 4859 2195 4937 Perora,
2246 4860 2460 4932 inquit,
2500 4855 2614 4937 age

970 4927 1110 5006 iam.
1137 4931 1451 5006 spurcitiae
1472 4930 1818 5006 genitalium
1841 4930 1898 4984 in
1931 4934 2092 5006 utero
2113 4927 2614 5006 elemen'torumEt

1012 5000 1234 5056 umoris
1263 5008 1320 5057 et
1348 5000 1676 5075 sanguinis,
1713 5001 1863 5057 fmda
1882 5000 2128 5074 coagula
2157 5005 2350 5060 carnis
2397 5023 2465 5060 ex
2517 5023 2610 5061 e0-

963 5066 1098 5146 dem
1148 5087 1309 5146 emno
1340 5066 1576 5146 alenda;
1622 5091 1722 5146 per
1772 5066 2280 5146 novemvmenses:
2349 5077 2611 5132 describe

961 5140 1198 5218 uterum
1230 5142 1301 5197 de
1322 5144 1413 5199 die
1447 5147 1502 5200 in
1534 5140 1689 5201 diem
1711 5144 2180 5218 insolescentem,
2204 5161 2472 5218 gravem,
2505 5165 2606 5203 an-

961 5215 1147 5281 xium,
1183 5228 1392 5268 nexum
1435 5220 1646 5281 totum,
1708 5216 1991 5271 insertum
2053 5215 2336 5274 libidinus
2394 5219 2607 5274 fastidii

960 5283 1018 5360 et
1038 5279 1209 5360 gulis.
1246 5283 1517 5360 Invehere
1539 5279 1665 5356 jam
1696 5287 1841 5360 etin
1877 5287 2358 5360 ipsummulieris
2389 5290 2606 5346 eniten-

959 5351 1041 5427 tis
1075 5351 1427 5427 pudorem...
1453 5351 1663 5411 Horres
1687 5351 1975 5427 utique'et
1998 5357 2283 5414 infantem
2316 5378 2448 5416 cum
2482 5364 2606 5417 suis

957 5419 1394 5497 impedimentis
1427 5428 1728 5497 profusum
1760 5419 1963 5497 utique
2019 5433 2076 5482 et
2140 5431 2408 5494 oblitum,
2436 5457 2461 5482 ››
2493 5440 2602 5489 etc.

1026 5491 1321 5576 8Illnxponit
1346 5491 1522 5576 hunc
1545 5491 2090 5576 Hieronimi-locum
2137 5501 2195 5554 S.
2220 5491 2604 5576 __llideiphon-

952 5565 1404 5641 su§_To|etanus
1435 5569 1764 5641 episcopus,
1791 5569 1890 5641 qui
1923 5568 2074 5641 circa
2105 5573 2364 5629 medium
2407 5565 2602 5632 saeculi

953 5650 989 5690 ι
1015 5635 1246 5713 Christo
1278 5645 1412 5696 nato
1445 5635 1679 5713 septimi
1712 5635 2019 5713 {1969mm
2053 5640 2320 5713 Sermore
2371 5647 2434 5702 de
2463 5651 2601 5703 Par-

955 5709 1221 5769 turitione
1248 5721 1299 5770 et
1329 5709 1726 5783 Puriﬁeatione
1756 5710 2026 5777 S.Mariaz,
2061 5712 2230 5780 cujus
2254 5716 2601 5789 verba,tam-

2723 559 2937 608 naum,
2966 541 3265 596 Justinum
3298 545 3632 612 martyrem,
3664 537 3994 610 multosque
4023 538 4160 596 alios
4206 557 4336 613 apo-

2725 629 2961 686 stolicos
2990 635 3048 685 et
3075 629 3412 701 eloquentes
3440 629 3614 695 viros,
3638 628 3738 699 qui
3765 628 4040 683 adversus
4054 627 4338 699 Ebionem,

2723 723 2782 774 et
2807 718 3539 789 Theodotum,Byzantium
3563 717 3604 783 ⁵,
3623 714 4139 780 Valentinum,hzec
4151 717 4339 772 eadem

2723 807 3338 878 sententientes,plena
3353 805 3650 878 sapientiae
3663 803 3962 860 volumina
4007 805 4346 876 conscripse-

2723 901 2906 953 runt?
2931 897 3064 960 Quae
3096 895 3398 968 silegisses
3413 893 3747 966 aliquando,
3804 893 3936 966 plus
3976 909 4223 965 saperes.
4245 897 4345 950 Sed

2725 985 2934 1041 melius
2971 989 3110 1056 puto
3143 983 3391 1040 breviter
3418 983 3491 1037 ad
3527 981 3762 1054 singula
3789 982 4154 1053 respondere,
4182 999 4349 1055 quam

2724 1074 2944 1131 diutius
2970 1073 3358 1141 immorando,
3388 1072 3663 1127 volumen
3694 1071 4019 1126 extendere.

2796 1163 3055 1220 22618.
3090 1164 3152 1217 In
3185 1161 3327 1217 illud
3360 1161 3537 1216 inunc
3570 1165 3830 1232 mpetum
3865 1159 4095 1229 facio,in
4143 1177 4256 1231 quo
4287 1165 4347 1214 tu

2723 1251 3114 1324 virginitatem
3145 1254 3202 1306 et
3232 1252 3466 1321 nuptias
3487 1248 3901 1321 comparando,
3939 1247 4191 1304 disertus
4236 1264 4356 1304 esse

2722 1340 2979 1398 voluisti.
3004 1339 3266 1395 Risimus
3297 1338 3354 1394 in
3387 1346 3443 1394 te
3463 1337 4150 1410 proverbium,Ca-melum
4167 1339 4188 1373 θ
4208 1338 4348 1393 vide-

2722 1445 2844 1484 mus
2871 1430 3234 1485 saltitantem.
3267 1427 3458 1482 Dicis:
3495 1450 3523 1476 «
3565 1425 3839 1498 Nunquid
3902 1425 4172 1482 meliores
4231 1430 4364 1482 sunt

2721 1518 2976 1591 virgines
3004 1516 3508 1584 Abraham,lsaac,
3535 1520 3592 1569 et
3620 1514 3824 1586 Jacob,
3841 1514 3944 1586 qui
3965 1513 4221 1570 habuere
4237 1531 4360 1570 con-

2721 1607 2934 1681 jugis?
2958 1605 3232 1678 Nunquid
3267 1621 3384 1660 non
3409 1603 3671 1676 quotidie
3702 1603 3804 1659 Dei
3836 1601 4114 1659 manibus
4167 1620 4366 1675 parvu-

2722 1696 2763 1752 li
2811 1697 3117 1769 ﬁnguntur
3167 1695 3224 1749 in
3273 1693 3592 1764 ventribus,
3626 1697 3690 1748 ut
3761 1691 3970 1748 merito
4041 1692 4368 1749 erubescere

2724 1784 3322 1852 debeamus,Mariam
3363 1782 3635 1855 nupsisse
3693 1787 3826 1854 post
3873 1781 4163 1855 partum?
4213 1782 4370 1846 Quod

2728 1873 2951 1931 sicillis
2997 1887 3169 1946 turpe
3215 1872 3463 1942 videtur,
3525 1874 3793 1943 superest
3843 1875 3909 1925 ut
3958 1887 4076 1926 non
4113 1870 4366 1935 credant,

2727 1964 2903 2020 etiam
2934 1964 3116 2019 Deum
3140 1978 3243 2034 per
3271 1959 3549 2034 genitalia
3573 1959 3817 2032 virginis
3849 1964 4079 2016 natum.
4122 1958 4373 2031 Turpius

2727 2057 2819 2110 est
2847 2053 3003 2108 enim
3029 2053 3197 2122 juxta
3227 2067 3345 2118 eos,
3365 2051 3549 2106 Deum
3581 2065 3684 2121 per
3711 2048 3956 2120 virginis
3988 2049 4263 2121 pudenda
4290 2063 4378 2120 ge-

2731 2141 2944 2208 nitum,
2976 2157 3154 2212 quam
3177 2139 3462 2211 virginem
3494 2155 3601 2194 suo
3622 2137 3745 2193 viro
3779 2138 4060 2209 nupsisse
4082 2141 4216 2210 post
4244 2154 4374 2209 par-

2736 2237 2879 2287 tum.
2916 2252 2944 2280 »
2974 2230 3167 2301 Junge
3195 2229 3216 2262 7
3239 2229 3289 2284 si
3322 2227 3463 2283 libet
3491 2232 3548 2283 et
3576 2225 3721 2282 alias
3752 2230 3976 2282 natura:
3999 2225 4377 2292 contumelas,

2733 2337 2940 2375 novem
2960 2318 3264 2374 mensibus
3311 2321 3544 2372 uterum
3591 2314 4070 2380 insolescentem,
4131 2314 4380 2380 fastidia,

2733 2413 2990 2482 partum,
3029 2407 3399 2478 sanguinem,
3430 2420 3676 2476 pannos.
3702 2404 3831 2476 ipse
3861 2404 3970 2459 tibi
4024 2404 4385 2461 describatur

2733 2497 2950 2566 infans,
2981 2495 3732 2569 tegminemembranorum
3793 2492 3966 2548 solito
4021 2492 4381 2549 convolutus.

2736 2587 3073 2642 Interantur
3102 2586 3216 2640 dur
3245 2582 3551 2656 praesepia,
3592 2580 3825 2654 vagitus
3875 2581 4126 2654 parvuli,
4182 2586 4388 2636 octavas

2737 2676 2851 2731 diei
2873 2673 3262 2741 circumcisio,
3294 2677 3528 2742 tempus
3570 2669 3959 2743 purgationis,
3995 2676 4063 2726 ut
4113 2671 4388 2743 probetur

2740 2764 3102 2820 immundus.
3127 2762 3254 2817 Non
3276 2759 3821 2826 erubescimus,non
3844 2758 4348 2826 silemus.Quanto
4369 2759 4389 2792 ⁸

2741 2856 2879 2910 sunt
2908 2850 3221 2907 humiliora
3241 2865 3368 2920 quin
3400 2864 3502 2919 pro
3525 2862 3618 2901 me
3647 2862 3858 2917 passus
3905 2851 4018 2913 est,
4054 2851 4219 2902 tanto
4265 2845 4390 2917 plus

2648 1831 2696 1896 B

2743 3012 2851 3068 etsi
2885 3012 3026 3066 forte
3077 3009 3246 3081 plura
3283 3023 3461 3080 quam
3511 3011 3784 3081 notarum
3843 3007 4103 3081 brevitas
4153 3009 4390 3081 patitur,

2745 3078 3284 3138 describere'tamen
3303 3078 3595 3150 estoperae
3628 3079 3882 3150 pretium
3906 3096 3985 3151 ;η‹‹
4023 3078 4172 3136 Juré
4219 3078 4394 3151 igitur

2746 3155 2957 3231 inquit,
3015 3152 3248 3231 Chritus
3293 3149 4113 3231 primogenitus“appellatur
4158 3149 4398 3231 Aex‘yir-

2747 3220 2901 3298 girie,
2934 3242 3050 3298 non
3071 3223 3226 3298 quod
3242 3220 3471 3298 vulvam
3490 3220 4097 3298 vexaverit‘Virginis,
4116 3227 4175 3298 et
4201 3220 4394 3298 aulam

2744 3291 3374 3375 reseraverifpudoris,
3408 3293 3507 3375 sed
3529 3291 3668 3364 quia
3696 3291 3797 3375 qui
3827 3291 4051 3375 eratab
4084 3292 4251 3375 initio
4280 3292 4397 3375 pri-

2744 3368 3078 3440 mogenitus
3107 3366 3287 3440 totius
3317 3368 3614 3430 creaturae,
3648 3369 3824 3440 natus
3853 3369 3942 3440 est
3969 3381 4046 3420 ex
4077 3381 4146 3420 eo
4177 3370 4234 3421 et
4276 3366 4398 3436 ipse

2742 3435 3244 3509 taniunigenitus,
3276 3452 3451 3509 quem
3483 3441 3540 3490 et
3576 3435 4030 3509 primogenitae,
4063 3454 4134 3492 eo
4165 3453 4281 3508 quo
4302 3435 4397 3509 vo:

2742 3511 2850 3565 luit
2873 3505 3065 3574 modo,
3095 3509 3219 3563 sine
3251 3505 3725 3581 gemitu_,_et'sine
3747 3505 3947 3581 dolore
3976 3505 4388 3581 parturientis.

2741 3582 2962 3646 Quibus
2994 3577 3589 3653 profecto'catbolicaa
3646 3577 4210 3653 veritatisregulis,
4262 3578 4397 3653 hinc

2740 3653 2875 3725 inde
2906 3649 3065 3725 patet
3094 3668 3338 3707 sensus:
3374 3650 3513 3725 quia
3542 3665 3740 3725 nemo,
3760 3649 3894 3720 nisi,
3927 3649 4272 3717 haereticus,
4305 3649 4390 3704 di-

2739 3724 2814 3779 cit
2835 3720 3133 3780 Christum
3165 3721 3464 3778 communi
3496 3720 3619 3793 lege
3652 3724 3871 3793 natura:
3902 3727 4148 3777 natum:
4207 3737 4398 3792 neque

2740 3795 2910 3851 aliter
2939 3812 3115 3867 quam
3139 3793 3409 3867 utcmteri
3443 3792 3768 3867 nascuntur
3792 3792 4073 3849 infantes.
4111 3793 4398 3867 Quamvis

2737 3867 2894 3922 enim
2926 3863 3128 3922 doctor
3157 3866 3546 3936 Hieronymus
3575 3863 3634 3917 in
3665 3879 3731 3918 eo
3756 3880 3948 3936 opere,
3984 3866 4151 3936 quod
4195 3869 4397 3920 contra

2738 3939 3068 3994 Helvidium
3091 3954 3159 3993 ex
3189 3938 3296 3992 hoc
3325 3936 3462 4006 egit,
3482 3935 3747 4006 videatur
3789 3935 3836 3990 ei
3887 3935 4182 4005 cessisse;
4227 3940 4286 3991 et
4335 3951 4399 3991 eo

2713 4009 2794 4066 ..in
2828 4010 2951 4066 loco
2975 4010 3075 4064 ubi
3098 4009 3200 4076 ait,
3233 4009 3304 4062 de
3337 4005 3587 4076 Hospitio
3613 4005 3792 4060 vulvae
3824 4023 4029 4062 novem
4069 4008 4394 4068 mensium,

2735 4086 2793 4136 et
2825 4082 2894 4136 de
2923 4079 3168 4136 veritate
3203 4077 3500 4145 nascendi,
3535 4077 3689 4148 quod
3719 4077 3816 4133 ille
3849 4077 4165 4134 haereticus
4205 4076 4394 4134 insul-

2736 4152 2912 4224 tando
2944 4155 3350 4224 proposuerat,
3384 4150 3552 4224 quasi
3607 4150 3901 4224 maiestati
3959 4149 4402 4224 divinzeuesset

2736 4219 3071 4294 indignum:
3102 4223 3174 4278 ad
3203 4219 3428 4294 tantam
3459 4219 3853 4290 dignationem
3904 4237 3979 4294 se
4015 4220 4395 4294 humiliasse,

2734 4298 2800 4348 ut
2829 4291 2978 4349 inter
3011 4295 3233 4349 viscera
3263 4293 3320 4347 in
3349 4297 3513 4348 utero
3541 4298 3873 4347 versaretur
3914 4291 4187 4364 Virginis
4226 4309 4238 4346 :
4301 4295 4402 4364 aut

2733 4365 2887 4420 inter
2925 4366 3148 4421 femora
3203 4364 3452 4419 feminea
3481 4368 3818 4418 nasceretur
3845 4369 3965 4417 tam
3989 4362 4402 4418 sordibusSic

2732 4435 2882 4491 enim
2912 4437 3110 4492 omnia
3131 4437 3186 4490 in
3212 4435 3570 4491 contrarium
3595 4451 3894 4506 opponens
3934 4436 4113 4506 quasi
4174 4433 4402 4506 haereti-

2731 4525 2855 4573 cus,
2889 4514 2954 4562 ut
2983 4509 3312 4564 destrueret
3343 4506 3476 4560 fidei
3507 4505 3815 4562 CathOlicm
3861 4505 4201 4562 veritatem.
4236 4505 4342 4562 Cui
4375 4520 4404 4560 θ

2649 4569 2694 4632 D
2727 4569 3018 4634 contrario
3049 4576 3323 4650 egregius
3355 4576 3451 4632 ille
3476 4576 3745 4650 veritatis
3771 4581 4048 4650 assertor,
4086 4594 4234 4650 quoin
4280 4593 4396 4650 _ce-

2727 4651 3010 4714 dendo,ut
3037 4647 3136 4704 isti
3166 4647 3496 4721 volunt,sed
3529 4649 3928 4721 dignationem
3950 4647 4397 4719 gloriosissime

2727 4721 3080 4776 humilitatis
3103 4721 3203 4777 Dei
3229 4720 3484 4792 amplius
3507 4719 3996 4786 commendando,
4021 4720 4112 4775 ait
4141 4738 4153 4775 :
4184 4721 4404 4792 Quanto

2725 4793 2924 4848 viliora
2957 4795 3006 4846 et
3037 4792 3414 4849 inhonestiora
3451 4808 3549 4863 pro
3605 4793 3760 4847 nobis
3819 4791 3920 4847 illa
3977 4793 4248 4862 majestas
4308 4791 4402 4846 di-

2726 4866 2858 4918 vina
2884 4865 3135 4935 suscepit,
3170 4872 3259 4918 aut
3287 4865 3728 4926 sustinuit,tanto
3749 4865 3971 4935 charius
3996 4879 4098 4917 nos
4131 4863 4400 4926 redemit,

2720 4940 2772 4990 et
2799 4933 3125 5006 propensius
3155 4935 3503 4990 honorandus
3544 4943 3639 4989 est.
3692 4933 3817 4989 Tali
3867 4950 4133 5006 namque
4185 4950 4400 5006 sensu,

2720 5004 2826 5061 etsi
2862 5004 2976 5061 non
3007 5006 3229 5062 eisdem
3261 5006 3474 5072 verbis,
3503 5006 3561 5060 in
3595 5010 3884 5076 quantum
3916 5004 4134 5068 recelo.
4195 5005 4398 5060 eidem

2721 5079 3086 5150 respondens
3114 5077 3414 5150 haaretico,
3466 5077 3694 5150 videtur
3751 5077 3931 5131 beate:
3984 5076 4230 5148 Virgini
4283 5092 4404 5150 non

2718 5147 3023 5205 infamiam
3070 5149 3248 5203 ullius
3299 5147 3666 5211 colluvionis,
3720 5153 3820 5202 aut
3866 5147 4121 5218 pennam?
4163 5147 4401 5217 peccati

2716 5219 2988 5276 intulisse
3023 5237 3035 5274 :
3071 5221 3172 5275 sed
3195 5219 3593 5291 dignationem
3617 5217 3881 5291 divinam
3905 5225 3964 5273 et
4019 5217 4398 5291 exinanitis-

2717 5308 2852 5346 nem
2877 5289 3341 5350 immensam.'et
3372 5292 3430 5346 in
3463 5294 3649 5346 forma
3672 5290 3842 5357 servi,
3878 5293 4224 5345 reverenter
4247 5289 4404 5344 satis

2715 5363 3181 5435 commendasse.
3213 5362 3334 5416 Non
3372 5368 3438 5435 ut
3457 5361 3754 5435 Virginem
3783 5366 4046 5435 vexatam
4064 5377 4100 5414 a
4126 5359 4400 5435 Domino

2713 5438 2769 5488 et
2789 5434 3209 5488 exhonoratam
3242 5431 3608 5500 ostenderet;
3642 5434 3742 5488 sed
3775 5439 3840 5488 ut
3871 5431 4267 5488 clementiam
4315 5431 4400 5502 pii

2713 5503 3031 5577 conditoris
3050 5504 3222 5558 etiam
3244 5504 3581 5577 hujusmodi
3605 5504 4398 5577 haereticisdemonstraret.

2714 5575 2930 5632 Idcirco
2973 5592 3088 5629 non
3147 5574 3336 5630 cessit
3370 5578 3498 5632 istis
3529 5594 3664 5632 cum
3697 5575 3956 5631 Helvidio
4005 5574 4396 5638 errantibus,

2711 5645 3161 5729 sedhcorripuit:
3190 5653 3252 5729 ut
3272 5648 3599 5729 discerenl,‘
3611 5664 3726 5704 non
3751 5647 4034 5729 infamare
4056 5642 4392 5729 Virginem

2709 5723 2767 5774 et
2795 5714 3028 5776 Domini
3051 5734 3165 5774 non
3197 5720 3475 5793 derogare
3495 5719 3554 5777 in
3569 5714 3761 5777 forma
3780 5719 3928 5776 servi
3944 5714 4390 5776 humilitatem.

2667 3201 2708 3267 C
