5364 6558
774 235 892 309 M8

1549 239 1651 310 DE
1695 239 2114 310 PEBPETUA
2155 235 2672 308 VIRGINITATE
2713 241 2783 306 B.
2832 240 3103 310 MAR.le
3144 244 3400 311 LIBER.

4038 233 4173 319 3M

776 374 859 435 illi
887 376 1096 437 debeo.
1129 378 1198 438 Et
1224 396 1361 438 cum
1400 381 1599 438 omnia
1644 380 2035 454 replicaveris,
2058 394 2228 435 cruce
2270 374 2417 432 nihil
2444 376 2502 444 Α
2526 377 2746 445 mulier,
2778 386 2831 434 et
2859 381 3034 451 virgo.
3066 380 3207 438 Vide
3226 386 3455 454 quantae
3486 379 3777 441 felicitatis
3806 381 3902 453 sit,
3935 384 4063 457 quea
4096 379 4176 441 ‘et

775 466 1256 527 contumeliosius
1287 469 1581 543 proferes:
1616 486 1795 542 quam
1811 468 2178 541 proﬁtemur,
2207 470 2264 523 et
2294 481 2424 520 cre-

777 557 993 626 dimus,
1025 563 1085 614 et
1113 559 1172 615 in
1204 576 1323 632 qua
1349 560 1422 615 de
1450 559 1723 616 hostibus
1760 557 2220 630 triumphamus.
2252 546 2256 550 ’

846 647 935 703 19.
966 647 1081 704 Sed
1113 652 1179 704 ut
1207 648 1329 704 haec
1360 665 1490 721 quae
1515 649 1736 720 scripta
1759 650 1919 713 sunt,
1966 662 2083 701 non
2113 660 2421 717 negamus,

782 733 1108 808 itaeaqum
1136 753 1256 793 non
1304 736 1542 810 scripta,
1593 735 1919 793 tenuimus.
1969 738 2186 790 Natum
2237 734 2421 789 Deum

782 840 906 881 esse
930 826 1002 880 de
1024 825 1266 899 Virgine
1296 827 1448 884 227
1483 825 1800 893 credimus,
1834 824 1976 897 quia
2001 823 2273 896 legimus.
2309 821 2426 877 Ma-

779 914 921 969 riam
948 914 1229 987 nupsisse
1246 919 1378 987 post
1397 920 1654 989 partum,
1678 931 1794 971 non
1812 913 2131 979 credimus,
2153 911 2293 985 quia
2308 927 2424 966 non

772 1001 1047 1075 legimus.
1078 1002 1199 1060 Nec
1240 1004 1351 1059 hoc
1390 1004 1520 1060 ideo
1561 1003 1836 1069 dicimus,
1875 1019 1990 1075 quo
2020 1001 2257 1074 nuptias
2288 1017 2426 1057 con-

773 1091 1146 1162 demnemus,
1168 1092 1302 1166 ipsa
1334 1092 1555 1166 quippe
1595 1092 1900 1166 virginitas
1931 1092 2159 1147 fructus
2200 1095 2289 1146 est
2318 1107 2425 1144 nu-

778 1180 1071 1252 ptiarum:
1107 1181 1211 1237 sed
1244 1181 1402 1254 quod
1433 1181 1603 1238 nobis
1643 1183 1714 1237 de
1763 1182 1983 1237 sanctis
2030 1179 2172 1235 viris
2210 1183 2427 1234 temere

784 1270 1067 1326 estimare
1093 1269 1247 1326 nihil
1276 1270 1472 1327 liceat.
1501 1272 1826 1328 Possumus
1856 1270 2011 1326 enim
2044 1270 2153 1325 hac
2182 1267 2430 1325 aestima-

781 1359 936 1415 tione
962 1358 1373 1431 possibilitatis
1401 1360 1772 1425 contendere,
1803 1359 2001 1432 plures
2030 1374 2263 1431 quoque
2293 1374 2428 1412 uxo-

776 1463 865 1504 res
884 1446 1176 1504 habuisse
1194 1448 1435 1521 Joseph,
1460 1448 1601 1521 quia
1619 1448 1817 1522 plures
1828 1446 2426 1516 habueritAbraham,

770 1534 972 1610 plures
1020 1536 1303 1593 habuerit
1348 1538 1564 1605 Jacob;
1613 1541 1671 1593 et
1715 1538 1787 1593 de
1838 1537 1932 1593 his
1975 1554 2100 1593 esse
2150 1536 2428 1592 uxoribus

770 1624 983 1682 fratres
1013 1625 1276 1691 Domini,
1306 1627 1461 1698 quod
1507 1625 1771 1698 plerique
1818 1643 1935 1682 non
1965 1630 2088 1682 tam
2110 1625 2207 1697 pia
2248 1639 2429 1697 quam

767 1714 983 1770 audaci
1010 1714 1347 1771 temeritate
1374 1715 1734 1788 confingunt.
1770 1716 1857 1770 Tu
1878 1714 2026 1770 dicis
2048 1715 2291 1770 Mariam
2313 1713 2429 1767 vir-

768 1803 973 1876 ginem
1006 1819 1130 1860 non
1179 1803 1614 1876 permansisse:
1668 1820 1773 1877 ego
1821 1803 1969 1859 mihi
2016 1802 2153 1877 plus
2200 1801 2432 1857 vindico

768 1892 953 1949 etiam
983 1892 1189 1965 ipsum
1217 1892 1439 1965 Joseph
1470 1892 1756 1966 virginem
1801 1893 1986 1949 fuisse
2028 1909 2131 1964 per
2160 1891 2430 1958 Mariam,

775 1986 843 2036 ut
870 1997 944 2036 ex
966 1979 1247 2053 virginali
1276 1981 1551 2054 conjugio
1591 1983 1756 2055 virgo
1788 1981 1949 2037 ﬁlius
1979 1985 2336 2038 nasceretur.
2370 1979 2430 2035 Si

781 2069 940 2125 enim
958 2068 1017 2124 in
1037 2069 1234 2125 virum
1250 2076 1522 2125 sanctum
1540 2070 1847 2127 fornicatio
1864 2087 1978 2126 non
1997 2070 2174 2135 cadit,
2188 2074 2243 2126 et
2256 2067 2430 2125 aliam

776 2173 913 2214 eum
946 2174 1192 2214 uxorem
1222 2158 1503 2215 habuisse
1525 2175 1639 2215 non
1661 2159 1970 2215 scribitur:
2006 2159 2201 2214 Marias
2233 2162 2429 2213 autem

772 2263 954 2319 quam
971 2251 1221 2319 putatus
1238 2252 1331 2303 est
1350 2246 1650 2315 habuisse,
1669 2253 1869 2304 custos
1886 2248 2082 2320 potius
2099 2247 2228 2314 fuit,
2252 2262 2430 2318 quam

770 2336 1032 2392 maritus
1056 2352 1071 2391 :
1097 2334 1474 2407 relinquitur,
1497 2334 1781 2409 virginem
1807 2354 1943 2393 eum
1974 2336 2266 2392 mansisse
2295 2352 2431 2391 cum

772 2424 978 2493 Maria,
1010 2424 1118 2497 qui
1150 2428 1320 2497 pater
1347 2425 1577 2481 Domini
1608 2424 1823 2481 meruit
1852 2424 2153 2497 appellari.

842 2514 937 2572 20.
967 2515 1045 2570 Et
1073 2513 1218 2586 quia
1263 2513 1335 2569 de
1380 2514 1813 2586 comparatione
1854 2513 2207 2586 virginitatis
2236 2518 2294 2569 et
2324 2530 2432 2568 nu-

773 2605 1035 2676 ptiarum
1062 2619 1201 2659 sum
1215 2600 1415 2675 aliqua
1429 2603 1966 2671 dicturus,obsecro
1979 2602 2234 2659 lecturos
2252 2619 2324 2658 ne
2340 2618 2433 2657 me

769 2696 982 2765 putent
1006 2690 1237 2764 nuptiis
1259 2691 1580 2748 detraxisse
1601 2691 1662 2747 in
1694 2691 1992 2764 virginum
2015 2689 2210 2757 laude,
2249 2695 2307 2746 et
2327 2690 2433 2746 ali-

770 2798 952 2855 quam
981 2781 1207 2837 fecisse
1224 2780 1567 2836 distantiam
1604 2780 1758 2836 inter
1804 2784 2038 2837 sanctos
2081 2778 2291 2835 veteris
2320 2781 2434 2835 Te-

767 2870 1058 2928 stamenti
1092 2872 1153 2925 et
1181 2869 1337 2936 novi,
1365 2868 1425 2924 id
1456 2874 1566 2936 est,
1590 2870 1741 2925 inter
1760 2885 1859 2925 eos
1890 2869 1991 2941 qui
2014 2869 2269 2925 habuere
2292 2884 2433 2923 con-

762 2960 957 3033 jugia,
999 2963 1062 3015 et
1102 2958 1215 3014 hos
1258 2956 1360 3029 qui
1398 2975 1433 3013 a
1479 2956 1785 3031 complexu
1836 2958 2150 3014 mulierum
2200 2956 2435 3028 penitus

768 3052 1171 3113 recesserunt,
1200 3062 1403 3105 verum
1437 3064 1540 3118 pro
1588 3046 1922 3104 conditione
1968 3052 2299 3119 temporum
2333 3044 2430 3100 alii

2533 481 2746 523 nomen
2778 484 2950 525 sexus
2977 470 3260 527 amiserit.
3281 471 3456 545 Virgo
3480 473 3606 543 jam
3630 473 3840 530 mulier
3862 491 3978 530 non
3999 489 4173 530 voca-

2531 558 2646 609 tur.
2682 557 2810 624 Quw
2834 574 2947 613 non
2974 567 3053 614 est
3079 564 3270 632 nupta,
3303 564 3506 629 cogitat
3536 577 3662 634 quae
3686 573 3812 618 sunt
3840 564 4079 631 Domini,
4112 563 4174 618 ut

2530 644 2603 698 sit
2631 649 2822 700 sancta
2848 663 3069 718 corpore
3096 655 3147 703 et
3171 650 3392 721 spiritu.
3426 650 3683 722 Virginis
3714 650 3996 719 definitio,
4034 668 4171 707 san-

2532 735 2686 788 ctam
2718 750 2846 790 esse
2884 752 3125 807 corpore
3172 742 3228 792 et
3282 738 3532 810 spiritu;
3588 739 3728 811 quia
3784 739 3930 794 nihil
3985 739 4173 811 prosit

2532 836 2767 877 carnem
2800 822 3012 880 habere
3041 825 3345 897 virginem,
3372 827 3422 883 si
3454 832 3648 884 mente
3694 828 3830 900 quis
3887 828 4173 900 nupserit.

2535 911 2669 979 Quae
2695 928 2818 967 vero
2843 918 3013 984 nupta
3042 924 3140 982 est,
3179 917 3380 985 cogitat
3420 932 3545 988 quae
3587 925 3716 973 sunt
3769 917 3986 985 mundi,
4043 932 4176 989 quo-

2536 1000 2694 1056 modo
2718 1002 2935 1072 placeat
2961 1005 3096 1058 viro.
3134 1004 3288 1059 Idem
3322 1010 3384 1059 tu
3443 1009 3615 1077 putas
3671 1022 3802 1062 esse
3858 1006 4066 1063 diebus
4123 1009 4181 1063 et

2536 1089 2807 1145 noctibus
2837 1107 3041 1146 vacare
3080 1093 3346 1156 orationi,
3410 1111 3613 1150 vacare
3662 1094 3942 1166 jejuniis;
4001 1098 4058 1151 et
4109 1094 4181 1149 ad

2536 1178 2851 1235 adventum
2875 1180 3066 1237 mariti
3082 1180 3338 1254 expolire
3349 1182 3578 1250 faciem,
3599 1199 3869 1255 gressum
3890 1184 4178 1257 frangere,

2536 1266 2815 1324 simulare
2836 1268 3151 1325 blanditias
3170 1270 3199 1324 ?
3218 1268 3326 1325 Illa
3347 1271 3455 1327 hoc
3485 1271 3624 1344 agit,
3659 1276 3723 1327 ut
3750 1272 3978 1343 turpior
4007 1288 4182 1344 appa-

2536 1359 2678 1424 reut,
2713 1361 2769 1412 et
2799 1361 3021 1413 naturae
3052 1357 3270 1415 bonum
3301 1359 4030 1430 infuscetiniuriaﬂascad
4048 1370 4179 1432 spe-

2537 1444 2734 1500 culum
2750 1446 3104 1519 pingitur,et
3135 1448 3195 1503 in
3226 1447 3642 1505 contumeliam
3676 1449 3915 1506 artificis
3937 1453 4182 1504 conatur

2538 1533 2837 1603 pulchrior
2848 1551 2977 1591 esse
2999 1552 3177 1608 quam
3199 1541 3336 1592 nata
3348 1542 3453 1594 est.
3473 1538 3611 1593 [nde
3625 1538 3878 1593 infantes
3890 1536 4178 1610 garriunt,

2538 1620 2760 1679 familia
2790 1625 3121 1697 perstrepit,
3156 1625 3323 1683 liberi
3354 1629 3375 1661 ³
3405 1627 3478 1682 ab
3508 1626 3692 1683 oculis
3723 1631 3778 1683 et
3825 1627 3896 1682 ab
3928 1643 4028 1682 ore
4081 1626 4180 1682 de~

2539 1713 2813 1783 pendent,
2847 1718 3265 1786 computantur
3294 1719 3590 1789 sumptus,
3622 1715 3923 1788 impendia
3960 1732 4186 1789 praepa-

2541 1805 2765 1857 rantur.
2799 1802 2945 1857 Hinc
2972 1819 3241 1859 cocorum
3275 1804 3534 1861 accincta
3563 1821 3775 1861 manus
3794 1821 3999 1861 carnes
4024 1804 4183 1871 terit,

2538 1888 2678 1945 hinc
2734 1890 3039 1947 textricum
3094 1894 3269 1949 turba
3323 1897 3820 1950 commurmurat:
3884 1893 4189 1949 nuntiatur

2540 1977 2777 2035 interim
2808 1980 2897 2035 vir
2922 1982 3152 2037 venisse
3183 1998 3316 2037 cum
3348 1983 3542 2039 sociis.
3577 1982 3683 2039 Illa
3720 1984 3791 2038 ad
3849 1981 4189 2038 hirundinis

2541 2069 2781 2123 modum
2809 2069 3020 2125 lustrat
3050 2071 3322 2127 universa
3351 2071 3689 2143 penetralia,
3723 2071 3773 2127 si
3794 2076 3950 2128 totus
3982 2071 4189 2145 rigeat,

2540 2157 2589 2212 si
2622 2157 2956 2229 pavimenta
2983 2160 3285 2228 verrerint,
3320 2161 3368 2216 si
3409 2163 3615 2216 ornata
3660 2160 3779 2216 sint
3801 2159 4007 2231 pocula
4036 2162 4095 2227 ⁸,,
4138 2158 4190 2215 si

2541 2245 2855 2316 prandium
2876 2253 3287 2319 praeparatum.
3312 2249 3637 2320 Responde,
3663 2265 3879 2319 quaeso,
3904 2247 4188 2303 interista

2541 2334 2641 2388 ubi
2673 2334 2752 2389 sit
2780 2335 2883 2391 Dei
2913 2336 3184 2408 cogitatio
3203 2336 3231 2391 ‘t
3256 2338 3324 2392 Et
3354 2336 3442 2391 hee
3481 2336 3681 2393 felices
3716 2338 3929 2392 domus
3956 2334 3984 2389 ‘l
4004 2335 4185 2391 Caete-

2542 2439 2673 2477 rum
2692 2423 2790 2478 ubi
2809 2427 3089 2497 tympana
3109 2430 3341 2491 sonant,
3370 2424 3513 2480 tibia
3532 2425 3814 2495 clamitat,
3836 2424 3963 2497 lyra
3979 2423 4185 2497 garrit,

2541 2512 2897 2584 cymballum
2940 2517 3268 2585 concrepat.
3313 2514 3445 2586 quis
3490 2513 3571 2569 ibi
3618 2513 3722 2570 Dei
3771 2513 4186 2570 timor?Para-

2543 2601 2695 2657 situs
2727 2600 2787 2655 in
2822 2601 3196 2658 contumeliis
3228 2602 3550 2675 gloriatur:
3583 2603 3994 2676 ingrediuntur
4015 2619 4186 2674 expo-

2543 2690 2667 2746 sita:
2697 2690 3011 2746 libidinum
3034 2690 3302 2759 victimae,
3341 2696 3397 2746 et
3437 2692 3722 2748 tenuitate
3759 2692 4009 2748 vestium
4033 2691 4188 2747 unde

2542 2778 2857 2851 impudicis
2906 2778 3093 2835 oculis
3124 2779 3492 2852 ingeruntur.
3526 2780 3628 2835 His
3660 2780 3860 2836 infelix
3890 2797 4055 2849 uxor,
4087 2783 4189 2835 aut

2542 2867 2790 2936 laetatur,
2841 2871 2896 2922 et
2963 2867 3147 2939 perit:
3199 2873 3301 2923 aut
3351 2869 3684 2939 offenditur,
3742 2874 3799 2925 et
3847 2869 4094 2923 maritus
4125 2868 4184 2923 in

2535 2956 2736 3029 jurgia
2766 2955 3144 3012 concitatur“.
3179 2957 3324 3012 Hinc
3354 2957 3669 3024 discordia,
3691 2957 4071 3014 seminarium
4094 2972 4186 3012 re-

2545 3046 2728 3118 pudii.
2760 3048 2877 3100 Aut
2906 3046 2956 3101 si
2989 3045 3186 3118 aliqua
3215 3045 3508 3102 invenitur
3552 3048 3787 3113 domus,
3835 3046 3895 3101 in
3926 3064 4044 3119 qua
4074 3046 4188 3101 ista

766 3154 871 3195 eos
897 3142 1048 3194 tunc
1079 3134 1452 3207 subjacuisse
1476 3136 1797 3203 sententiae,
1818 3139 1877 3191 et
1905 3134 2003 3190 alii
2033 3151 2159 3201 nos,
2192 3132 2253 3189 in
2284 3149 2431 3205 quos
2462 3115 2505 3181 C
2545 3151 2661 3190 non
2685 3134 2846 3203 ﬁant,
2871 3151 2999 3206 quin
3022 3153 3152 3190 rara
3173 3135 3295 3190 avis
3335 3141 3424 3192 est
3452 3154 3465 3204 ;
3496 3141 3695 3193 tamen
3729 3136 3860 3209 ipsa
3883 3137 4186 3208 dispensa-

768 3228 921 3283 ﬁnes
952 3223 1312 3282 saeculorum
1342 3225 1745 3282 decurrerunt.
1776 3224 2045 3289 Quandiu
2069 3223 2160 3280 lex
2190 3222 2291 3278 illa
2309 3239 2434 3295 per-

773 3315 1037 3372 mansit:
1102 3313 1357 3381 Crescite,
1400 3317 1453 3369 et
1500 3314 1978 3386 multiplicamini,
2008 3318 2061 3368 et
2092 3313 2290 3385 replete
2326 3315 2434 3367 ter-

774 3420 899 3460 ram
948 3403 1086 3474 (Gen
1144 3420 1182 3458 ι.
1224 3403 1354 3475 28);
1414 3407 1491 3469 et,
1545 3403 1834 3459 Maledicta
1885 3403 2110 3469 sterilis,
2168 3416 2294 3475 quae
2320 3417 2432 3456 non

784 3494 933 3563 parit
964 3493 1220 3547 semenin
1270 3492 1443 3548 Israel
1475 3508 1494 3546 ι
1537 3492 1729 3563 (Exod,
1778 3508 1941 3560 xxm,
1973 3492 2087 3564 26),
2137 3490 2437 3546 nubebant

795 3594 1028 3646 omnes,
1062 3582 1122 3634 et
1138 3579 1527 3647 nubebantur,
1548 3584 1605 3635 et
1628 3579 1934 3637 derelectis
1954 3578 2317 3650 parentibus,
2340 3579 2437 3634 ﬁe-

791 3667 933 3724 bant
966 3683 1085 3723 una
1122 3683 1271 3725 caro.
1323 3667 1567 3734 Quando
1612 3684 1746 3724 vero
1794 3670 1902 3724 v’ox
1950 3667 2051 3723 illa
2102 3665 2433 3740 pertonuit:

785 3758 1015 3831 Tempus
1041 3758 1347 3813 breviatum
1370 3765 1486 3813 est:
1535 3755 1819 3829 reliquum
1866 3765 1964 3823 est,
2011 3760 2074 3812 ut
2118 3760 2170 3812 et
2210 3758 2305 3828 qui
2347 3756 2440 3811 ha-

778 3847 909 3905 bent
942 3862 1167 3915 uxores,
1217 3848 1297 3902 sic
1339 3848 1469 3914 sint,
1518 3848 1680 3918 quasi
1756 3863 1869 3903 non
1916 3846 2188 3902 habeant:
2258 3846 2438 3902 «idhic-

778 3941 961 3992 rentes
986 3936 1246 4005 Domino,
1280 3950 1423 3990 unus
1451 3951 1578 3990 cum
1597 3950 1657 3990 eo
1684 3934 1964 4006 efﬁcimur
1981 3936 2213 4006 spiritus
2233 3936 2278 4003 (ι
2315 3934 2436 3990 Cor.

779 4041 884 4097 vn,
914 4026 1034 4096 29).
1067 4024 1141 4080 Et
1169 4040 1352 4096 quare
1371 4027 1397 4076 ?
1427 4024 1569 4091 Quia
1597 4025 1696 4094 qui
1729 4026 1849 4080 sine
1894 4040 2066 4079 uxore
2111 4027 2211 4091 est,
2240 4025 2444 4092 cogitat

774 4130 845 4170 ea
872 4131 997 4188 quae
1026 4115 1132 4169 Dei
1164 4117 1316 4184 sunt,
1361 4113 1627 4187 quomodo
1668 4114 1895 4185 placeat
1942 4114 2065 4169 Deo.
2109 4112 2215 4180 Qui
2259 4120 2442 4167 autem

775 4218 906 4258 cum
935 4217 1121 4257 mre
1146 4209 1246 4267 est,
1270 4202 1542 4257 sollicitus
1570 4204 1667 4269 est,
1700 4217 1827 4273 qua
1861 4204 1992 4257 sunt
2030 4201 2193 4273 hujus
2222 4200 2439 4265 mundi,

774 4291 1051 4364 quomodo
1077 4291 1297 4363 placeat
1324 4293 1512 4347 uxori.
1542 4295 1610 4347 Et
1636 4291 1822 4347 divisa
1850 4299 1928 4347 est
1957 4290 2188 4356 mulier,
2233 4298 2285 4345 et
2325 4291 2440 4344 vir-

772 4396 845 4451 σο
877 4382 925 4451 ³,
956 4393 1091 4452 qua?
1118 4395 1231 4435 non
1248 4382 1327 4435 est
1354 4383 1546 4451 nupta,
1586 4381 1789 4449 cogitat
1844 4397 1962 4451 quae
2017 4384 2149 4436 sunt
2201 4379 2320 4445 Dei,
2379 4382 2442 4434 ut

2541 3223 2623 3278 tio
2655 3223 2886 3290 domus,
2912 3223 3226 3279 liberorum
3249 3225 3539 3291 educatio,
3566 3226 3946 3282 necessitates
3967 3224 4184 3291 mariti,

2544 3312 2824 3367 correctio
2847 3312 3232 3379 servulorum,
3262 3330 3440 3385 quam
3480 3332 3514 3369 a
3554 3315 3656 3370 Dei
3694 3313 4045 3388 cogitatione
4071 3326 4187 3391 non

2544 3400 2830 3456 avocent?
2858 3403 3200 3471 Defecerunt,
3224 3402 3417 3475 inquit
3445 3402 3766 3475 Scriptura,
3807 3402 3965 3460 Sara?
3985 3400 4193 3459 mulie-

2546 3490 2667 3545 bria
2699 3490 2858 3562 (Gen.
2899 3507 3061 3558 xvm,
3111 3492 3171 3545 11
3202 3507 3215 3544 :
3245 3494 3378 3562 post
3425 3492 3580 3562 quod
3630 3492 3843 3546 dicitur
3888 3491 3962 3546 ad
4008 3491 4193 3546 Abra-

2545 3577 2726 3633 ham:
2775 3580 2975 3635 Omnia
3019 3594 3353 3651 quaa’cunpue
3397 3580 3530 3634 dicit
3576 3580 3680 3634 tibi
3717 3584 3882 3646 Sara,
3931 3579 4068 3634 audi
4094 3593 4191 3634 vo-

2545 3684 2659 3723 cem
2704 3670 2821 3740 ejus
2869 3667 3019 3739 (ϐίη.
3070 3685 3186 3734 xxx,
3236 3669 3343 3736 12).
3397 3668 3529 3731 Quae
3580 3684 3696 3723 non
3743 3671 3831 3724 est
3876 3666 3938 3722 in
3986 3670 4191 3739 partus

2548 3756 2939 3811 anxietatibus
2965 3760 3022 3812 et
3049 3755 3266 3821 dolore,
3298 3773 3424 3827 quae
3476 3756 3883 3812 deficientibus
3904 3755 4193 3812 menstrui

2548 3843 2771 3900 cruoris
2802 3844 3033 3911 officiis,
3058 3843 3269 3899 mulier
3287 3861 3414 3901 esse
3435 3844 3630 3912 desiit,
3650 3863 3684 3900 a
3706 3845 3807 3902 Dei
3829 3843 4197 3901 maledictio-

2550 3950 2622 3989 ne
2670 3934 2735 3987 ﬁt
2782 3932 2999 3988 libera:
3061 3949 3166 3988 nec
3214 3937 3304 3989 est
3351 3935 3423 3989 ad
3475 3935 3665 3990 virum
3716 3936 4014 3991 conversio
4045 3934 4194 4006 ejus,

2550 4023 2651 4078 sed
2683 4039 2712 4077 e
2739 4022 3028 4077 contrario
3058 4023 3145 4076 vir
3172 4021 3485 4092 subjicitur
3514 4024 3588 4085 ci,
3621 4027 3677 4078 et
3707 4024 3942 4079 Domini
3973 4023 4025 4078 ei
4057 4038 4196 4077 voce

2550 4111 2905 4184 praecipitur,
2939 4112 3091 4168 229
3125 4108 3323 4166 Omnia
3354 4128 3688 4183 quaecunque
3726 4112 3829 4167 tibi
3875 4111 4010 4166 dicit
4039 4111 4199 4177 Sara,

2550 4200 2691 4256 audi
2720 4216 2901 4256 vocem
2923 4202 3043 4273 ejus
3072 4200 3223 4269 (Gen.
3260 4199 3383 4271 m):
3429 4205 3486 4255 et
3534 4201 3619 4254 sic
3665 4199 3954 4271 incipiunt
3997 4213 4201 4252 vacare

2551 4289 2818 4345 orationi.
2853 4288 2999 4353 Quia
3028 4289 3289 4361 quandiu
3321 4287 3379 4341 in
3420 4286 3689 4361 conjugio
3734 4285 3994 4343 debitum
4023 4284 4201 4342 solvi-

2549 4382 2665 4446 tur,
2700 4378 2904 4434 orandi
2932 4377 3259 4451 praeteritur
3297 4378 3601 4434 instantia.

770 4471 852 4526 sit
881 4477 1081 4525 sancta
1109 4484 1333 4541 corpore
1359 4472 1411 4524 et
1437 4470 1658 4540 spiritu.
1688 4468 1828 4524 Nam
1856 4484 1982 4542 quae
2009 4477 2180 4541 nupta
2200 4476 2294 4537 est,
2352 4483 2441 4523 σο·
2471 4473 2521 4541 D
2620 4470 2680 4523 21
2720 4468 2845 4524 Non
2879 4485 3161 4540 negamus
3189 4467 3418 4534 viduas,
3450 4484 3564 4522 non
3589 4482 3875 4540 negamus
3896 4465 4202 4522 maritatas

770 4560 942 4630 gitat,
976 4573 1102 4630 quae
1129 4562 1259 4615 sunt
1285 4557 1501 4625 mundi,
1535 4560 1803 4629 quomodo
1836 4559 2052 4630 placeat
2106 4560 2224 4614 viro
2283 4556 2442 4629 (Ibid.

770 4648 876 4715 32,
906 4648 981 4703 33
1009 4646 1186 4719 seqq.)
1216 4645 1365 4711 Quid
1393 4644 1618 4702 oblatas
1638 4646 1666 4701 ‘l
1722 4645 1863 4718 quid
1920 4646 2261 4721 repugnas?
2318 4649 2435 4701 Vas

774 4734 1098 4792 electionis
1129 4735 1251 4791 haec
1299 4733 1584 4807 loquitur,
1629 4734 1783 4792 228
1814 4735 2003 4790 Divisa
2057 4743 2156 4802 est,
2214 4734 2443 4801 dicens,

776 4990 918 5042 Non
948 4984 1113 5040 enim
1144 4982 1490 5056 pudicitiam
1524 4984 1653 5056 ejus
1683 4983 1742 5056 in
1773 4981 1971 5056 aliquo
2002 4982 2199 5038 laesam
2258 4984 2445 5056 docet,

778 5056 896 5132 qui
926 5052 1165 5132 tantum
1196 5054 1255 5132 in
1286 5056 1416 5128 ejus
1440 5052 1614 5132 laude
1642 5052 2008 5132 triumphat:
2043 5069 2230 5132 neque
2255 5054 2331 5132 ad
2351 5054 2453 5109 ho-

779 5125 922 5207 rfam
942 5127 1133 5207 gessit
1162 5125 1540 5207 adversariis,
1558 5126 1671 5207 _qui
1699 5141 1804 5207 pro
1826 5125 1904 5207 εδ.
1932 5129 2187 5207 tantum,
2216 5129 2274 5207 et
2331 5142 2449 5207 tam

780 5200 897 5257 diu
927 5196 1236 5254 dimicavit
1250 5197 1409 5269 verbi
1441 5195 1671 5269 gladio:
1700 5195 1798 5269 cui
1826 5196 1980 5269 Deus
2011 5200 2232 5269 contra,
2253 5196 2451 5253 hostes

779 5272 947 5344 ejus,
967 5274 1200 5344 tantam
1223 5266 1534 5325 resistendi
1555 5266 1804 5323 contulit
1825 5267 2096 5340 gratiam,
2121 5267 2452 5344 revincendi

779 5339 1048 5417 praebuit
1078 5342 1378 5410 virtutem,
1411 5344 1476 5396 ut
1508 5356 1679 5395 nemo
1708 5339 1913 5395 contra
1941 5355 2072 5395 eum
2116 5340 2331 5395 audeat
2360 5339 2449 5393 in-

781 5428 1375 5567 ῗιῖῗιιξέἐᾏααβοη
1402 5483 1541 5567 facit
1564 5497 1767 5567 semen,
1802 5485 1911 5563 etc.
1946 5480 2009 5536 In
2038 5480 2291 5567 Yulgata
2342 5483 2455 5567 La-

783 5557 931 5614 tina
954 5553 1217 5614 editione
1240 5553 1361 5612 haec
1389 5553 1683 5613 sententia
1714 5569 1830 5610 non
1860 5553 2181 5624 invenitur;
2219 5570 2338 5626 qua
2385 5554 2456 5611 de

2556 4556 2668 4627 [Αι.
2704 4556 2989 4628 maritas],
3024 4561 3255 4613 sanctas
3289 4556 3565 4613 mulieres
3600 4556 3882 4625 inveniri;
3933 4555 4035 4612 sed
4074 4572 4200 4626 qua:

2558 4663 2768 4701 uxores
2797 4662 2927 4701 esse
2956 4646 3256 4712 desierint,
3290 4663 3416 4718 quae
3446 4645 3503 4701 in
3536 4644 3664 4718 ipsa
3696 4645 4040 4701 necessitate
4069 4658 4203 4698 con-

2549 4735 2701 4807 jugii
2735 4734 3031 4808 virginum
3062 4735 3370 4792 imitentur
3390 4735 3736 4791 castitatem.
3759 4734 3877 4789 Hoc
3905 4736 4016 4801 est,
4045 4731 4202 4803 quod

2559 5002 2620 5041 re
2649 4983 2788 5039 alibi
2818 4982 3096 5038 diximus.

2629 5057 2651 5090 ²
2681 5054 2888 5111 Recole
2920 5071 3045 5125 qua:
3079 5054 3134 5108 in
3188 5052 3342 5125 notis
3385 5053 3457 5125 ad
3490 5052 3723 5125 epistol.
3771 5057 3842 5109 22
3888 5054 3960 5109 ad
3994 5054 4208 5110 Eusto-

2560 5127 2761 5184 chium
2793 5123 3051 5181 diximus
3084 5126 3155 5179 de
3185 5124 3363 5195 hujus
3391 5123 3654 5180 lectione.

2629 5200 2652 5233 ³
2681 5196 3253 5259 Veronensis,l.iberi
3267 5198 3335 5250 ab
3348 5197 3568 5262 osculis,
3601 5196 3764 5252 liberi
3796 5197 3863 5252 ab
3892 5213 3986 5254 ore
4005 5198 4208 5269 depen-

2560 5270 2706 5335 dent,
2740 5276 3084 5340 computatur
3118 5270 3389 5339 sumptus,
3421 5274 3529 5324 etc.

2631 5342 2654 5374 ‘
2686 5338 2870 5421 Idem.—
2898 5339 2959 5394 Si
2985 5338 3297 5421 pavimenta
3321 5340 3666 5421 uerruerint,
3697 5340 3748 5421 si
3792 5338 4054 5396 ordinata
4099 5338 4219 5392 sint

2558 5412 2777 5484 pocula,
2808 5416 2865 5466 et
2894 5411 3067 5483 paulo
3100 5415 3251 5482 post,
3283 5414 3333 5465 et
3364 5411 3484 5469 haec
3514 5411 3691 5483 felicis
3714 5409 3924 5464 domus.

2634 5484 2654 5516 ⁵
2684 5482 2864 5538 Vetus
2903 5483 3102 5547 editio,
3162 5482 3264 5536 Aut
3312 5485 3586 5547 tristatur,
3634 5478 3933 5551 offenditur
3982 5477 4230 5537 maritus

2561 5558 2612 5612 et
2641 5554 2768 5609 hinc
2788 5555 2994 5625 jurgia
3026 5554 3389 5612 concitantur.

4028 5808 4059 5815 Α.-

3868 5834 3979 5999 τί
