5364 6558
1094 322 1213 396 iis

2329 327 2394 399 S.
2438 325 2753 401 EUSEBII
2794 318 3261 400 HIERONYMI.

4346 330 4457 400 916

1093 463 1415 541 Apostolus
1439 462 1711 539 breviter,
1743 464 1969 527 Christo
1989 468 2049 525 in
2082 486 2143 526 se
2167 454 2460 541 loquente,
2483 472 2732 525 testatus
2762 471 2813 537 Α
2843 469 3085 541 virginis
3119 469 3272 524 enim
3308 468 3776 540 permanserunt.
3819 463 4081 523 Observa
4125 464 4253 539 quid
4285 464 4460 542 signi-

1096 557 1219 611 est:
1250 558 1488 630 Innupta
1516 558 1714 629 cogitat
1763 575 1883 630 quz
1938 560 2037 615 Dei
2088 563 2234 624 sunt,
2293 557 2554 629 quomodo
2606 558 2734 629 pla-

1090 649 1209 700 ceat
1238 647 1341 703 Deo
1372 648 1388 683 ¹
1415 664 1427 701 :
1462 654 1634 719 nupta
1660 664 1785 704 vero
1813 650 2010 719 cogitat
2039 662 2165 720 qum
2191 651 2320 702 sunt
2350 645 2562 714 mundi,
2602 662 2732 717 quo-

1093 734 1250 790 modo
1275 736 1491 807 placeat
1518 738 1636 791 viro
1665 737 1811 806 (Cor.
1867 754 1967 803 vn,
1994 737 2121 808 34):
2182 734 2351 791 nobis
2394 750 2572 807 super
2624 734 2733 789 hoc

1091 838 1364 896 campum
1393 823 1786 897 intelligentia:
1815 824 2245 897 derelinquens.
2287 824 2487 896 Neque
2539 826 2732 879 tamen

1092 912 1267 967 alicui
1299 914 1702 970 necessitatem
1732 914 1984 986 imponit
2028 917 2129 969 aut
2166 912 2464 984 laqueum,
2525 911 2625 967 sed
2674 911 2733 966 id

1092 1002 1249 1072 quod
1280 1001 1591 1058 honestum
1623 1007 1713 1058 est
1741 1005 1763 1037 ³
1801 1003 2027 1069 suadet,
2089 1001 2289 1057 volens
2345 1016 2548 1056 omnes
2605 1016 2734 1056 esse

1092 1090 1247 1145 sicut
1275 1091 1557 1163 seipsum.
1590 1094 1660 1147 Et
1688 1108 2027 1164 quanquam
2070 1091 2141 1146 de
2198 1090 2530 1163 virginitate
2590 1107 2732 1162 prae-

1089 1184 1325 1252 ceptum
1356 1180 1588 1236 Domini
1620 1197 1737 1236 non
1762 1180 2014 1237 habeat:
2059 1180 2197 1253 quia
2254 1178 2409 1234 ultra
2465 1178 2733 1234 homines

1087 1272 1212 1337 est;
1246 1274 1304 1324 et
1332 1269 1765 1340 quodammodo
1807 1268 2169 1341 impudentis
2222 1272 2366 1338 erat,
2424 1268 2732 1323 adversum

1089 1362 1363 1413 naturam
1419 1374 1643 1430 cogere,
1674 1357 1905 1431 alioque
1965 1358 2139 1414 modo
2193 1358 2401 1414 dicere.
2460 1356 2601 1412 Volo
2629 1373 2732 1412 vos

1087 1462 1240 1514 esse,
1265 1447 1420 1519 quod
1455 1445 1647 1519 angeli
1678 1451 1856 1503 sunt:
1902 1447 2060 1503 unde
2115 1450 2173 1502 et
2226 1446 2382 1516 virgo
2440 1445 2681 1515 maioris
2710 1446 2733 1479 ³

1085 1540 1177 1592 est
1207 1536 1514 1606 mercedis,
1544 1537 1685 1591 dum
1718 1535 1775 1590 id
1805 1535 2146 1601 contemnit,
2204 1535 2359 1606 quod
2419 1535 2467 1589 si
2510 1534 2727 1601 fecerit,

1084 1642 1201 1681 non
1224 1622 1540 1697 delinquit;
1569 1624 1953 1680 nihilominus
1984 1624 2045 1679 in
2076 1623 2503 1679 cohaerentibus
2523 1622 2727 1679 infert:

1084 1713 1389 1771 Consilium
1417 1716 1601 1768 autem
1627 1712 1714 1781 do,
1749 1722 2012 1785 tanquam
2067 1713 2503 1769 misericordiam
2546 1728 2726 1768 conse-

1079 1805 1237 1858 cutus
1265 1819 1300 1857 a
1328 1802 1575 1868 Domino,
1611 1805 1673 1856 ut
1716 1803 1824 1856 sim
1879 1801 2076 1872 ﬁdelis.
2134 1802 2398 1857 Existimo
2451 1816 2576 1872 ergo
2632 1800 2730 1856 hoc

1084 1891 1283 1947 bonum
1307 1906 1420 1947 esse
1441 1898 1663 1962 propter
1682 1893 1978 1946 instantem
2016 1890 2404 1958 necessitatem,
2450 1892 2579 1962 quia
2636 1890 2729 1945 bo-

1089 1997 1226 2035 num
1256 1987 1336 2036 est
1364 1980 1576 2035 homini
1603 1982 1681 2035 sic
1708 1995 1833 2035 esse.
1868 1979 2001 2043 Qua:
2061 1983 2149 2035 est
2193 1978 2308 2034 ista
2362 1978 2678 2035 necessitas
2701 1979 2730 2033 ‘l

1086 2070 1177 2127 Va’
1198 2070 1613 2142 praegnantibus
1640 2073 1695 2123 et
1714 2068 2084 2124 nutrientibus
2113 2070 2174 2123 in
2198 2127 2203 2130 ,
2223 2069 2327 2123 illa
2383 2067 2471 2123 die
2517 2067 2725 2135 (Matth.

1080 2175 1233 2225 xxxv,
1261 2158 1350 2225 49,
1384 2161 1435 2213 et
1468 2158 1632 2213 Marc.
1672 2175 1797 2222 XIII,
1832 2158 1944 2229 17).
2004 2158 2135 2212 Ideo
2194 2157 2339 2213 silva
2391 2156 2727 2223 succressit,

1080 2252 1147 2303 ut
1177 2250 1378 2319 postea
1402 2246 1712 2303 recidatur.
1756 2247 1891 2301 Ideo
1922 2262 2060 2319 ager
2087 2246 2323 2311 seritur,
2357 2249 2422 2301 ut
2452 2249 2725 2302 metatur.

1077 2335 1208 2392 Jam
1242 2334 1452 2408 plenus
1480 2340 1570 2391 est
1590 2334 1768 2401 orbis,
1792 2339 1949 2390 terra
1978 2350 2082 2389 nos
2112 2351 2226 2390 non
2255 2334 2427 2405 capit.
2460 2333 2729 2397 Quotidie

1077 2423 1232 2481 bella
1261 2425 1415 2482 280
1437 2440 1544 2480 nos
1573 2428 1792 2491 secant,
1814 2423 2003 2479 morbi
2025 2423 2400 2489 subtrahunt,
2425 2424 2731 2496 naufragia

1078 2513 1414 2581 absorbent,
1447 2517 1506 2570 et
1535 2512 1921 2569 nihilominus
1951 2512 2023 2567 de
2053 2512 2325 2568 terminis
2375 2512 2677 2585 litigamus
2702 2514 2730 2567 ?

1079 2602 1163 2658 De
1190 2602 1300 2657 hoc
1327 2618 1571 2657 numero
1598 2605 1738 2657 sunt
1793 2600 1901 2669 illi,
1957 2600 2056 2673 qui
2116 2605 2349 2673 Agnum
2403 2606 2732 2673 sequuntur

1078 2690 1260 2762 (Apoc.
1295 2690 1381 2760 ιι),
1410 2689 1511 2761 qui
1539 2689 1887 2745 vestimenta
1908 2705 2018 2744 sua
2039 2705 2156 2744 non
2180 2688 2725 2761 coinquinaverunt,

1154 2850 1169 2884 ¹
1203 2849 1408 2905 Isthmo
1437 2850 1671 2919 innupta
1712 2850 1915 2917 cogitat
1956 2864 2077 2919 qum
2128 2850 2226 2904 Dei
2274 2857 2418 2914 sunt,
2466 2850 2730 2921 quomodo

1079 2922 1308 2993 placeat
1335 2922 1461 2989 Deo,
1494 2924 1622 2993 tum
1654 2935 1909 2993 sequens
1935 2936 2057 2975 vero
2085 2921 2428 2977 adverbium
2460 2921 2520 2976 in
2556 2921 2729 2977 Vero-

1082 2989 1284 3049 nensis
1316 3009 1426 3049 ms.
1461 3009 1576 3048 non
1608 2989 1919 3047 habentur.
2448 3004 2457 3015 ’

1152 3065 1174 3098 ³
1205 3064 1538 3136 Legendum
1568 3079 1771 3119 revera
1791 3062 2076 3127 videatur,
2105 3062 2196 3118 sed
2226 3062 2295 3117 ad
2313 3064 2371 3118 id
2402 3064 2540 3133 quod
2571 3063 2729 3120 hone-

1083 3143 1229 3191 stum
1255 3143 1351 3191 est.

2842 558 2995 625 ﬁcet,
3027 559 3573 629 coinquinaverunt‘.
3626 557 3742 629 Ego
3786 572 3902 612 non
3949 556 4132 611 audeo
4175 573 4458 627 exponere,

2844 663 2916 701 ne
2946 645 3244 702 Helvidius
3274 645 3682 702 calumnietur.
3723 643 3884 711 Quod
3934 648 4127 700 autem
4178 643 4260 700 ais
4296 662 4459 717 quas-

2843 735 2979 790 dam
3008 752 3137 792 esse
3164 735 3417 808 virgines
3442 734 3824 801 tabernarias,
3858 749 3965 806 ego
4006 732 4109 787 tibi
4164 732 4289 805 plus
4317 734 4457 803 dico,

2842 840 2970 881 esse
3000 825 3058 879 in
3103 824 3195 880 his
3243 829 3301 880 et
3349 822 3667 891 adulteras,
3718 827 3793 889 et,
3843 838 3957 894 quo
3995 820 4180 893 magis
4223 820 4461 889 mireris,

2841 913 3082 969 clericos
3124 929 3253 969 esse
3300 928 3614 984 caupones,
3662 915 3721 967 et
3764 910 4081 967 monachos
4128 910 4460 981 impudicos.

2842 1003 2951 1059 Sed
2984 1004 3117 1075 quis
3166 1019 3279 1058 non
3328 1002 3527 1057 statim
3576 999 3887 1072 intelligat,
3939 1016 4041 1055 nec
4084 999 4464 1054 tabernariam

2840 1091 3149 1164 virginem,
3182 1107 3287 1147 nec
3309 1089 3641 1146 adulterum
3663 1088 4041 1154 monachum,
4066 1103 4171 1142 nec
4203 1086 4465 1142 clericum

2842 1197 3013 1254 posse
3058 1197 3187 1236 esse
3230 1183 3601 1257 cauponem?
3652 1177 3928 1249 Nunquid
3972 1175 4324 1248 virginitatis
4369 1176 4467 1245 [Αι.

2840 1269 3165 1343 virginitas]
3211 1273 3297 1324 est
3344 1267 3534 1340 culpa,
3582 1268 3630 1323 si
3678 1265 3988 1324 simulator
4034 1263 4387 1337 virginitatis
4415 1263 4469 1319 in

2841 1358 3087 1413 crimine
3115 1363 3205 1413 est
3225 1357 3253 1412 Ἰ
3273 1358 3390 1429 Ego
3408 1361 3582 1425 certe,
3606 1361 3671 1411 ut
3692 1356 3825 1417 aliis
3846 1354 4117 1428 personis
4140 1352 4472 1425 praetermis-

2841 1448 2925 1504 sis
2954 1448 3025 1503 ad
3052 1446 3352 1519 Virginem
3399 1445 3667 1502 veniam:
3720 1462 3847 1517 quas
3891 1443 4217 1500 institorias
4261 1446 4475 1497 exercet

2838 1552 3016 1602 artes,
3047 1536 3241 1592 nescio
3274 1552 3346 1592 an
3380 1551 3618 1607 corpore
3664 1534 3819 1606 quod
3872 1534 4013 1600 scio,
4065 1530 4277 1604 spiritu
4323 1530 4474 1604 virgo

2841 1643 2956 1682 non
2990 1633 3311 1698 permanet.

2908 1717 2999 1770 22.
3028 1712 3379 1770 Rhetoricati
3410 1730 3640 1781 sumus,
3675 1716 3732 1769 et
3762 1712 3822 1768 in
3855 1728 4079 1768 morem
4129 1710 4475 1766 declamato-

2840 1821 2992 1871 rum,
3026 1803 3334 1875 paululum
3358 1802 3632 1858 lusimus.
3666 1803 3754 1857 Tu
3784 1818 3908 1869 nos,
3946 1800 4195 1869 Helvidi,
4230 1799 4478 1873 coegisti,

2841 1892 3090 1965 quijam
3134 1891 3443 1964 Evangelio
3491 1893 3855 1957 cnruscante,
3908 1890 4181 1961 ejusdem
4229 1888 4318 1944 vis
4364 1903 4482 1944 esse

2839 1980 3034 2053 glorise
3060 1979 3317 2052 virgines
3348 1983 3407 2035 et
3437 1980 3743 2035 maritatae
3764 1980 3872 2050 [Αἱ.
3922 1977 4219 2048 maritas].
4262 1977 4329 2031 Et
4356 1975 4485 2048 quia

2840 2069 3090 2126 arbitror
3137 2074 3195 2124 te
3241 2068 3478 2124 veritate
3527 2072 3890 2140 superatum,
3938 2068 4014 2123 ad
4069 2064 4482 2122 detractionem

2838 2158 2965 2214 vitae
2997 2173 3137 2213 mea:
3168 2161 3226 2212 et
3254 2158 3326 2212 ad
3357 2156 3670 2212 maledicta
3688 2156 3942 2212 converti
3961 2154 4183 2228 (solent
4200 2154 4357 2210 enim
4380 2152 4483 2209 hoc

2840 2251 2897 2302 et
2951 2244 3307 2302 mulierculas
3378 2246 3586 2312 facere,
3655 2262 3783 2316 quas
3839 2244 4171 2300 victoribus
4238 2241 4485 2298 dominis

2840 2333 2991 2390 male
3020 2338 3226 2406 optant
3254 2334 3312 2388 in
3338 2332 3613 2406 angulis),
3637 2332 3782 2389 illud
3804 2333 3932 2389 dico
3955 2332 4347 2405 praeveniens,
4368 2329 4485 2403 glo-

2841 2424 2938 2478 rias
2971 2422 3113 2478 mihi
3146 2423 3266 2478 fore
3295 2426 3399 2478 tua
3426 2422 3707 2488 convicia,
3739 2439 3872 2478 cum
3904 2423 4118 2479 eodem
4151 2438 4269 2494 quo
4301 2419 4484 2475 Mariae

2842 2512 3165 2579 detraxisti,
3199 2528 3296 2568 ore
3318 2528 3410 2567 me
3438 2510 3678 2578 laceres,
3729 2516 3786 2567 et
3822 2511 4102 2568 caninam
4157 2508 4486 2566 facundiam

2841 2617 3043 2657 servus
3074 2599 3302 2657 Domini
3333 2600 3550 2673 pariter
3589 2606 3644 2657 et
3676 2604 3880 2657 mater.

2841 2851 2913 2933 ab
2945 2867 3011 2933 eo
3042 2853 3217 2933 atque
3245 2850 3713 2933 aliispeccatum
3743 2854 3852 2917 est,
3880 2852 4057 2933 .quod
4091 2868 4232 2907 mox
4261 2849 4499 2933 legerint

2839 2922 3131 2993 dereliquit
3170 2939 3273 2993 pro
3312 2922 3601 2992 delinquit,
3648 2922 4159 2993 quemadmodum
4210 2938 4283 2977 ex
4327 2922 4499 2993 γεω-

2841 2990 3035 3051 ιιθιιιοῖ
3059 2990 3570 3049 θωέηάαιιιιιεῘ-
3599 2990 3939 3065 ΜᾱῙΟΓίξλεδι
3985 2993 4266 3051 mercedis
4329 2990 4497 3057 Editi,

2840 3066 3070 3137 majoris
3097 3068 3175 3137 est
3204 3066 3391 3119 meriti
3413 3082 3432 3126 ;
3463 3069 3523 3119 at
3551 3063 3693 3120 mss.
3718 3063 3967 3137 codices,
3991 3067 4241 3137 majoris
4262 3072 4343 3119 est
4364 3079 4502 3137 mer:

2840 3135 3002 3201 cedis,
3034 3135 3121 3191 vel
3149 3137 3376 3205 majoris
3407 3143 3487 3190 est
3525 3136 3735 3207 pretii;
3765 3135 3961 3191 nullus
4012 3135 4229 3204 habet,
4280 3135 4505 3203 maioris

1151 3208 1174 3271 ξ
1202 3206 1437 3261 Veteres
1465 3203 1627 3272 editi,
1660 3206 1888 3277 majoris
1917 3206 1996 3260 est
2044 3206 2232 3277 meriti
2280 3205 2634 3262 Veronensis
2657 3205 2729 3260 li-
2759 3209 2802 3274 C
2840 3217 2918 3264 est
2949 3208 3154 3263 meriti.
3202 3203 3489 3262 ΜΑιιτιΑΝ.

1081 3278 1204 3345 ber,
1255 3278 1503 3349 majoris,
1529 3280 1610 3333 est
1654 3275 1870 3349 mercis.
1919 3275 2251 3349 Mar-timens
2277 3277 2576 3349 mercedis,
2607 3278 2729 3349 qui

2912 3280 2933 3313 ‘
2966 3278 3414 3351 Pragponebatur
3442 3277 3694 3351 negandi
3726 3277 4034 3350 particula,
4092 3295 4279 3350 quam
4306 3294 4375 3335 ex
4403 3277 4504 3331 νε-

1080 3354 1139 3406 et
1161 3346 1412 3422 pretii'in
1434 3346 1657 3421 aliquot
1684 3365 1832 3404 mss.
1856 3347 2148 3403 invenisse
2176 3364 2238 3403 se
2258 3348 2421 3404 dicit.
2449 3349 2561 3404 Sed
2585 3346 2729 3405 illud
2843 3349 3074 3406 ronensi

2843 3348 3487 3406 ronensi'sustulimus.

1830 3679 1903 3735 IN
1934 3680 2087 3747 SEO.
2124 3679 2379 3737 LIBROS
2406 3680 2786 3738 ADVERSUS
2816 3680 3266 3739 JOVINIANUM
3297 3680 3719 3737 ADMONITIO.

1147 3958 1556 4015 28l-2861.
1581 3956 2091 4013 FuitJoviniamus
2109 3957 2468 4030 professione
2486 3959 2831 4027 monachus,
2852 3959 3048 4027 homo,
3072 3960 3120 4016 si
3138 3958 3263 4013 vitae
3285 3959 3769 4015 consuetudinem
3804 3957 4112 4031 inspicias,
4140 3959 4314 4017 luxui
4343 3961 4504 4017 dedi-

1071 4049 1167 4103 tus
1182 4065 1250 4103 ac
1271 4045 1846 4115 dissolutus,divitiis
1862 4047 2107 4103 abutens
2127 4047 2279 4102 male
2301 4047 2504 4120 partis,
2524 4053 2582 4104 et
2599 4050 2696 4121 qui
2714 4066 2818 4120 per
2845 4048 3150 4104 infamiam
3180 4048 3438 4103 nominis
3456 4050 3717 4120 Epicurus
3736 4047 4194 4105 Christianorum
4214 4050 4503 4105 meruerit

1072 4136 1311 4205 audire:
1347 4135 1394 4191 si
1427 4134 1650 4191 cultum
1684 4135 1864 4190 animi
1897 4152 1962 4190 ac
1993 4136 2319 4191 doctrinam
2354 4136 2637 4208 requiras,
2671 4136 2927 4209 vulgaris
2958 4136 3148 4207 plane,
3180 4153 3284 4192 nec
3324 4136 3629 4207 eloquens,
3685 4152 3787 4193 nec
3836 4137 4145 4207 eruditus;
4198 4140 4309 4196 sed
4344 4140 4499 4212 quod

1069 4224 1411 4299 hujusmodi
1435 4223 1790 4281 nebulonum
1814 4223 2116 4297 ingenium
2133 4228 2243 4289 est,
2268 4225 2615 4296 procacitate
2637 4241 2703 4278 ac
2726 4225 3001 4296 superbia
3023 4224 3241 4278 nemini
3266 4227 3730 4296 postponendus.
3768 4226 3847 4279 Ex
3868 4242 3984 4298 qua
4004 4227 4157 4283 urbe
4185 4228 4371 4284 fuerit
4398 4245 4500 4285 seu

1068 4315 1264 4387 potius
1293 4332 1362 4371 ex
1387 4331 1500 4386 quo
1531 4314 1813 4386 prodierit
1844 4313 2218 4379 monasterio,
2251 4313 2432 4367 dubia
2463 4330 2553 4368 res
2580 4317 2668 4367 est
2696 4330 2709 4379 ;
2734 4314 2978 4385 jamque
3009 4313 3215 4368 exinde
3247 4331 3280 4368 a
3311 4314 3556 4369 Baronio
3582 4314 3847 4386 plerique
3897 4331 4031 4370 eum
4081 4316 4502 4374 Mediolanen-

1067 4419 1192 4458 sem
1224 4407 1535 4459 autumant
1566 4402 1897 4458 exstitisse:
1933 4401 2202 4457 nonnulli
2233 4418 2367 4455 cum
2398 4400 2711 4456 Purricello
2744 4402 3073 4458 Romanum
3106 4401 3346 4464 faciunt,
3378 4404 3568 4474 Atque
3599 4402 3809 4458 horum
3857 4403 4097 4474 quidem
4137 4405 4360 4462 malim
4391 4421 4498 4479 ego

1064 4490 1368 4546 sententia:
1389 4491 1678 4559 accedere,
1698 4507 1834 4545 nam
1848 4490 2108 4546 etllomze
2126 4488 2567 4562 primitusjacta
2583 4491 2813 4546 nefariae
2830 4491 3105 4546 doctrinis
3129 4491 3375 4557 semina,
3396 4490 3591 4562 ibique
3611 4490 3865 4564 virgines
3883 4492 4109 4564 aliquot
4132 4510 4355 4551 sacras
4371 4511 4507 4567 pro-

1064 4582 1240 4634 vecta:
1264 4579 1391 4649 jam
1418 4578 1603 4633 etatis
1634 4580 1904 4650 deceptas
1931 4578 2003 4632 ab
2036 4594 2121 4644 eo,
2153 4582 2217 4631 ut
2243 4577 2530 4633 nuberent
2566 4578 2725 4647 viris,
2757 4582 2812 4634 S.
2844 4580 3213 4651 Augustinus
3260 4580 3407 4635 libro
3456 4581 3520 4636 de
3567 4581 3870 4636 Haeresibus
3920 4582 4119 4637 tradit.
4154 4584 4245 4639 Ex
4295 4582 4506 4653 Syricii

1066 4684 1300 4742 quoque
1331 4666 1577 4741 epistola
1606 4667 1912 4732 evincitur,
1945 4660 2256 4723 damnatos
2286 4667 2343 4720 in
2375 4668 2634 4723 Romana
2664 4669 2885 4741 synodo
2915 4670 3044 4740 ejus
3075 4668 3330 4725 asseclas
3362 4672 3738 4742 postmodum
3781 4671 4185 4728 Mediolanum
4246 4678 4508 4730 conten-

1063 4757 1241 4823 disse,
1268 4760 1663 4829 aucupaturos
1694 4754 1805 4811 sibi
1838 4756 2103 4810 animum
2136 4755 2541 4827 imperatoris:
2576 4774 2755 4812 novos
2803 4774 2934 4812 vero
2966 4762 3144 4829 atque
3198 4758 3458 4830 hospites
3497 4759 3635 4814 illuc
3677 4759 4000 4828 advenisse,
4043 4761 4327 4818 declarat
4358 4762 4504 4817 Am-

1061 4846 1240 4903 brosii
1270 4845 1551 4919 synodica
1578 4844 1827 4918 epistola
1857 4845 1927 4900 ad
1961 4846 2233 4900 eumdem
2252 4844 2538 4917 Syricium
2570 4847 2679 4901 sub
2713 4847 2887 4901 linem
2913 4863 2925 4900 :
2952 4847 3095 4901 Cum
3116 4846 3309 4917 inquit
3342 4847 3487 4919 apud
3510 4850 3837 4917 magistrum
3857 4856 4015 4918 atque
4033 4848 4334 4906 doctorem
4368 4850 4509 4922 (Ro-

1064 4951 1169 4990 mae
1201 4934 1444 5002 scilicet,
1477 4940 1654 5008 atque
1683 4934 1836 5007 apud
1870 4933 2232 5004 Pontiﬁcem)
2254 4934 2373 5006 jam
2407 4934 2637 5005 dignum
2662 4937 2962 5007 praemium
2992 4935 3281 4990 retulerint
3316 4936 3403 4990 illi
3434 4936 3875 5007 (Jovinianistze)
3899 4937 4154 5008 perfidiae
4186 4954 4345 5006 sum,
4388 4939 4509 4994 ideo

1058 5036 1229 5092 usque
1264 5025 1369 5078 huc
1397 5031 1677 5091 venerunt,
1709 5039 1777 5080 ne
1804 5026 2109 5095 superesset
2139 5024 2305 5087 locus,
2339 5024 2400 5078 in
2430 5038 2531 5094 quo
2562 5039 2671 5079 non
2700 5022 3118 5080 damnarentur.
3143 5025 3207 5080 Et
3241 5023 3412 5097 paulo
3452 5029 3604 5096 post.
3658 5024 3855 5081 Omnes
3885 5027 3981 5097 qui
4029 5026 4163 5083 illos
4200 5027 4504 5093 viderunt,

1059 5112 1223 5179 quasi
1250 5112 1517 5179 quaedam
1552 5115 1805 5184 contagia
1834 5116 2175 5184 refugerunt.

1132 5201 1184 5250 2.
1218 5196 1363 5251 Cum
1395 5214 1700 5272 erumpere
1723 5202 1781 5255 in
1816 5201 2378 5273 apertam'baeresim
2408 5199 2611 5266 voluit,
2648 5216 2764 5271 quo
2798 5205 2994 5274 posset
3022 5201 3266 5257 liberius
3309 5208 3635 5272 pervertere
3682 5208 3908 5259 mentes
3952 5203 4306 5271 hominum,
4346 5221 4506 5259 nun-

1060 5284 1211 5340 tium
1245 5286 1582 5341 monastica:
1610 5287 1742 5342 vitae
1776 5289 2074 5345 remisisse
2102 5308 2115 5357 ;
2149 5296 2206 5345 et
2228 5294 2368 5344 sunt
2399 5289 2497 5360 qui
2530 5293 2760 5360 putent,
2805 5294 2861 5344 et
2891 5289 3279 5359 Hieronymus
3303 5289 3537 5346 videtur
3566 5291 3848 5360 indicare,
3879 5308 4010 5348 cum
4045 5291 4126 5347 illi
4165 5295 4516 5366 exprobrat

1058 5372 1161 5429 lib.
1196 5390 1234 5438 ι,
1271 5388 1411 5428 num
1446 5374 1532 5440 40,
1566 5376 1719 5444 quod
1750 5380 1870 5446 post
1892 5378 2165 5434 sordidam
2221 5381 2484 5439 tunicam.
2508 5387 2559 5433 et
2588 5378 2761 5432 nudos
2795 5378 2974 5449 pedes,
3024 5386 3074 5434 et
3115 5379 3387 5433 cibarium
3429 5395 3651 5450 panem,
3704 5385 3755 5435 et
3802 5396 3959 5452 aquae
3996 5385 4217 5453 potam,
4256 5382 4336 5436 ad
4367 5399 4509 5437 can-

1058 5462 1213 5518 didas
1242 5465 1429 5527 vestes,
1460 5466 1513 5518 et
1535 5462 1778 5518 nitidam
1815 5467 2007 5530 cutem,
2040 5467 2110 5524 ad
2158 5469 2399 5523 mulsum
2445 5471 2493 5522 et
2543 5468 2851 5523 elaboratas
2898 5482 3109 5531 carnes,
3159 5465 3229 5520 ad
3268 5467 3402 5537 jura
3448 5469 3623 5540 Apitii
3676 5473 3728 5525 et
3803 5472 4060 5539 Paxami,
4111 5470 4195 5528 ad
4262 5471 4513 5529 balneas

1056 5566 1264 5624 quoque
1290 5549 1340 5605 el
1369 5551 1697 5623 lricticulas,
1729 5559 1780 5607 et
1808 5554 2036 5622 popinas
2080 5570 2209 5609 sese
2253 5554 2581 5612 contulerit.
2635 5558 2784 5612 Tum
2817 5555 2963 5611 libro
3011 5554 3266 5611 secundo
3316 5554 3467 5611 circa
3516 5557 3816 5614 medium:
3863 5560 4014 5625 Ante,
4071 5559 4313 5628 inquit,
4350 5559 4511 5614 nudo

1056 5658 1175 5698 eras
1225 5641 1398 5714 pede;
1426 5639 1581 5698 modo
1603 5656 1715 5698 non
1743 5642 1915 5696 solum
1948 5642 2206 5710 calceata,
2235 5646 2331 5699 sed
2359 5649 2411 5699 et
2439 5654 2662 5702 ornato:
2695 5655 2825 5702 tunc
2853 5662 2991 5701 vexa
3042 5646 3228 5700 tunica
3275 5649 3327 5701 et
3386 5647 3545 5717 nigra
3591 5648 3859 5703 subucula
3923 5647 4257 5705 vestiebaris
4293 5665 4315 5710 ;
4349 5664 4514 5705 nunc
