5364 6558
267 208 381 277 ’Π
951 202 1368 277 ΛΒνΕΒΒῙΙΒ
1413 204 1922 275 JOVINIANUM.
1943 203 2159 273 LIBRI
2200 202 2385 270 DUO.

1563 204 1922 273 INIANUM.
1943 203 2159 273 LIBRI
2200 202 2388 270 DUO.
2418 233 2499 253 —
2525 198 2992 273 ADMONITIO.
3557 204 3678 287 218

270 347 441 406 lineis
466 351 527 405 et
556 346 761 407 sericis
781 349 1049 416 vestibus,
1071 359 1126 404 et
1158 350 1490 405 Atrebatum
1511 353 1568 401 et
1606 344 1908 403 Laodicea
1936 342 2285 401 indumentis
2331 348 2578 399 ornatus
2600 343 2846 403 incedis.
2866 343 3017 409 Quin
3048 343 3221 405 etiam
3243 348 3298 405 S.
3332 346 3678 413 Ambrosius

270 438 327 494 in
361 437 676 511 Rescripta
695 440 767 494 ad
799 438 1086 511 Syricium
1122 455 1136 493 :
1167 441 1242 493 Se
1268 436 1486 502 dolent,
1507 434 1722 506 inquit,
1737 434 1835 490 isti
1855 432 2169 503 (Joviniani
2202 431 2457 504 asseclis)
2479 432 2672 506 aliquo
2693 438 2950 506 tempore
2978 450 3095 493 esse
3126 441 3518 507 maceratos,et
3533 455 3678 512 pro-

263 528 461 600 priam
490 529 858 584 ulciscuntur
887 527 1171 598 injuriam
1194 525 1660 599 quotidianisque
1689 522 1958 579 conviviis
1986 537 2198 592 usuque
2231 522 2480 577 luxuriae
2503 522 2760 579 laborem
2779 523 3143 581 abstinentiae
3159 527 3500 598 propulsare
3518 529 3677 587 desi-

264 618 491 673 derant.
526 618 641 690 Ego
672 616 732 672 in
766 621 1080 689 utramque
1113 619 1335 688 partem
1366 614 1543 685 recipi
1576 612 1781 668 isthmc
1808 616 1866 667 et
1894 611 2105 667 disseri
2136 626 2308 684 posse
2365 609 2479 668 alo.
2538 611 2599 667 Si
2658 612 2756 684 qui
2785 612 3172 670 monasticam
3203 613 3381 672 vitam
3406 618 3676 676 moribus

266 705 579 773 inﬁcistur,
607 705 697 761 illi
726 705 853 761 vale
882 704 1099 760 dixisse
1157 702 1456 774 putandus
1511 705 1621 767 est,
1650 700 1995 756 Jovinianus
2052 699 2377 755 monachus
2404 716 2537 756 esse
2585 700 2808 756 destitit
2842 718 2854 757 :
2892 706 3092 763 contra
3150 702 3201 758 si
3252 704 3675 776 professionem

259 794 405 849 vitia
433 811 549 849 non
579 795 915 859 destruunt,
949 791 1275 848 monachus
1305 790 1581 847 continuo
1613 790 1741 845 fuit.
1773 789 1845 844 Et
1872 787 2229 845 monachum
2261 803 2324 844 se
2355 787 2593 859 quidem
2647 789 3020 861 impudenter
3043 792 3308 862 jactabat
3335 793 3482 866 ipse,
3515 796 3672 868 quod

263 881 656 954 Hieronymus
686 882 865 954 priori
893 880 1018 937 loco
1047 881 1212 953 exegi
1243 885 1326 947 at,
1357 878 1529 952 quasi
1559 877 1905 951 ementitum
1936 875 2210 948 operibus
2241 892 2475 933 nomen.
2529 877 2809 935 Mutatam
2840 894 2974 934 vero
3026 879 3096 936 ab
3128 897 3195 937 eo
3226 885 3473 951 vestem,
3536 889 3678 950 sunt

258 971 354 1041 qui
384 971 469 1026 ita
499 972 731 1027 dictum
764 970 1119 1043 intelligant,
1152 973 1216 1025 ut
1262 972 1397 1024 ante
1425 982 1758 1040 perversam
1813 965 2290 1039 praedicationem
2349 966 2625 1023 affectatae
2685 967 2884 1023 sordes
2936 984 3071 1024 cum
3120 975 3427 1044 assumpta
3486 972 3678 1039 molli-

256 1059 335 1115 tie
407 1061 567 1115 aeris
646 1061 1093 1131 exprobrentur.
1156 1058 1443 1115 Fortassis
1489 1060 1686 1113 autem
1745 1056 1856 1112 sub
1912 1071 2027 1130 quo
2086 1054 2335 1129 quisque
2391 1053 2571 1112 voluit
2627 1055 2972 1117 indumento
3022 1058 3377 1123 monachum
3453 1065 3681 1134 poterat

261 1150 545 1221 proﬁteri.
3175 1203 3181 1207 _

337 1240 391 1293 3.
420 1239 556 1295 Jam
586 1239 827 1296 haeresis
857 1239 987 1311 ejus
1016 1239 1210 1313 capita
1241 1238 1363 1294 haec
1393 1240 1562 1294 erant
1596 1255 1607 1293 :
1640 1236 1924 1303 Primum,
1957 1234 2230 1308 virgines,
2261 1235 2485 1301 viduas,
2545 1240 2603 1293 et
2642 1235 2903 1306 maritas,
2934 1254 3061 1310 quas
3120 1237 3298 1295 semel
3350 1239 3410 1295 in
3442 1239 3672 1298 Christo

260 1326 394 1383 lota
416 1333 579 1394 sunt,
610 1331 882 1400 ejusdem
938 1344 1066 1384 esse
1122 1327 1340 1392 meriti,
1373 1327 1422 1382 si
1481 1328 1539 1382 in
1598 1324 1839 1397 reliquis
1866 1325 1994 1383 vitae
2051 1325 2323 1397 operibus
2354 1340 2469 1380 non
2500 1324 2918 1398 discreparent.
2952 1326 3229 1399 Alterum,
3259 1344 3358 1385 eos
3389 1328 3490 1401 qui
3544 1345 3676 1386 vere

254 1417 533 1488 baptizati
565 1425 732 1485 sunt,
765 1434 799 1472 a
829 1415 1062 1473 diabolo
1091 1416 1349 1474 subverti
1378 1416 1535 1472 haud
1568 1431 1756 1487 posse.
1784 1413 2219 1481 Tertium,nihil
2253 1414 2470 1469 distare
2493 1413 2643 1469 inter
2661 1418 2988 1471 vescentem
3011 1416 3179 1484 cibis,
3208 1420 3265 1473 et
3282 1417 3675 1489 jejunantem,

250 1506 300 1561 si
322 1522 457 1562 cum
480 1505 817 1578 gratiarum
841 1505 1067 1561 actione
1091 1505 1380 1561 comedat.
1407 1504 1795 1571 Postremum,
1819 1501 1879 1557 in
1906 1518 2083 1574 regno
2105 1502 2382 1557 cmlorum
2409 1520 2514 1575 par
2543 1503 2809 1559 omnium
2863 1504 2982 1561 fore
3007 1505 3341 1577 praemium,
3373 1506 3476 1580 qui
3498 1524 3676 1565 suum

249 1593 554 1667 baptisma
582 1593 962 1651 servaverint.
994 1597 1242 1650 Sanctus
1263 1592 1627 1666 Augustinus
1645 1592 1792 1647 duas
1824 1595 2343 1663 praeterea,casque
2373 1591 2554 1647 ferme
2570 1590 2929 1649 exitiosiores
2959 1592 3363 1665 blasphemiae
3384 1593 3469 1649 illi
3488 1595 3676 1651 ascri-

249 1683 350 1751 bit,
382 1699 655 1755 quarum
681 1681 867 1739 altera
895 1687 983 1738 est
1016 1701 1028 1739 :
1063 1682 1272 1738 Omnia
1301 1685 1540 1755 peccata
1567 1695 1695 1737 esse
1728 1680 1892 1753 paria
1926 1698 1938 1735 :
1974 1678 2177 1748 altera,
2210 1678 2519 1752 Deiparam
2551 1679 2849 1753 Virginem
2870 1681 3010 1737 Jesu
3035 1686 3285 1741 matrem
3316 1699 3431 1739 non
3458 1683 3519 1738 in
3543 1700 3678 1740 con-

250 1772 521 1844 cipiendo
552 1772 821 1843 quidem,
853 1772 956 1827 sed
990 1773 1049 1826 in
1083 1766 1361 1845 pariendo
1394 1769 1575 1827 fuisse
1604 1768 1901 1826 violatam.
1963 1769 2090 1825 Haec
2120 1768 2236 1824 duo
2262 1768 2651 1841 Hieronymus
2712 1769 2830 1825 fere
2861 1769 3217 1838 dissimulat,
3251 1775 3354 1827 aut
3382 1776 3536 1829 certe
3568 1788 3678 1845 pe-

246 1860 457 1915 culiari
479 1861 543 1915 in
572 1859 739 1916 hisce
761 1860 928 1915 libris
960 1858 1339 1932 responsione
1370 1875 1488 1914 non
1519 1858 1829 1931 impugnat
1861 1875 1874 1912 :
1905 1875 2030 1929 qua:
2088 1857 2316 1913 Erasmi
2347 1856 2715 1930 aliorumque
2747 1862 2880 1931 post
2908 1857 3079 1915 illum
3111 1858 3257 1916 ratio
3288 1864 3396 1929 est,
3430 1865 3496 1916 ut
3539 1860 3678 1919 inde

255 1949 596 2016 conficiant,
622 1949 1025 2022 Augustinum
1054 1948 1359 2004 Joviniano
1416 1947 1683 2019 quaedam
1730 1946 2024 2002 immerito
2056 1945 2415 2014 attribuisse,
2448 1962 2575 2018 quae
2619 1963 2853 2003 rumore
2919 1950 3149 2003 tantum
3180 1948 3445 2021 populari
3463 1950 3677 2022 jactari

250 2037 329 2093 de
357 2037 462 2093 illo
490 2041 712 2094 temere
742 2038 1068 2093 didicisset.
1101 2036 1385 2109 Equidem
1418 2053 1547 2108 quas
1579 2036 1817 2108 scripsit
1845 2035 1954 2091 hac
1980 2036 2051 2091 de
2079 2035 2286 2090 haeresi
2316 2034 2629 2107 epiSOOpus
2667 2035 3081 2108 Hipponensis,
3114 2037 3188 2092 ab
3245 2037 3377 2094 aliis
3429 2055 3493 2095 se
3549 2055 3677 2111 pro-

249 2126 455 2182 fitetur
508 2127 808 2200 accepisse
835 2144 849 2181 :
884 2125 1069 2182 nihilo
1123 2126 1315 2181 secius
1347 2125 1475 2181 falsi
1505 2125 1729 2198 aliquid
1759 2124 1983 2196 imponi
2015 2123 2127 2180 sibi
2157 2140 2421 2197 passum,
2452 2129 2510 2179 et
2539 2140 2720 2195 supra
2749 2124 2904 2195 quod
2932 2141 3137 2181 verum
3167 2131 3342 2195 esset,
3374 2127 3670 2186 Joviniani

243 2232 470 2272 errores
503 2215 868 2282 cumulasse,
901 2232 1020 2271 non
1051 2219 1210 2286 puto.
1244 2214 1553 2270 Enimvero
1583 2213 2015 2271 ridiculum-de
2069 2218 2441 2286 peccatorum
2497 2212 2829 2285 aequalitate
2887 2219 3285 2271 commentum
3343 2232 3412 2272 ex
3466 2217 3676 2273 iisdem

243 2309 446 2359 manat
479 2304 823 2359 Stoicorum
857 2302 1139 2368 fontibus,
1164 2302 1321 2358 unde
1355 2303 1661 2358 haereticus
1677 2302 1976 2371 hauserat,
2010 2305 2187 2373 atque
2220 2318 2290 2357 ex
2320 2318 2389 2357 ea
2419 2318 2600 2374 quam
2632 2301 3148 2373 impudentissime
3177 2304 3677 2373 asserebat,meri-

240 2398 442 2449 torum
473 2392 815 2465 aequalitate
847 2392 1015 2464 quasi
1048 2392 1377 2447 necessario
1408 2392 1536 2447 ﬂuit
1569 2410 1581 2448 :
1616 2392 1766 2447 hanc
1795 2408 1968 2463 porro
1999 2390 2389 2462 Hieronymus
2417 2388 2554 2445 totis
2603 2388 2771 2446 libris
2802 2390 3123 2463 redarguit.
3156 2390 3417 2448 Alteram
3448 2393 3522 2449 de
3549 2408 3674 2451 cor-

248 2486 423 2552 rupta
454 2481 517 2536 Β.
550 2481 753 2535 Mariae
782 2472 1103 2551 virginitati
1136 2480 1195 2534 in
1226 2484 1421 2551 partu,
1453 2480 1866 2553 dignissimam
1892 2478 2158 2536 omnium
2181 2478 2577 2535 exsecratione
2605 2484 2781 2551 atque
2809 2479 2941 2535 odio
2974 2478 3429 2552 blasphemiam,
3453 2498 3526 2537 ex
3544 2483 3673 2555 ipso

241 2571 295 2625 S.
327 2569 632 2627 Ambrosii
662 2568 969 2642 Rescripto
1002 2569 1073 2625 ad
1105 2568 1395 2642 Syricium
1425 2569 1711 2625 evincitur
1741 2569 1813 2623 ab
1846 2567 1945 2624 illo
1975 2567 2218 2639 suisque
2246 2565 2488 2623 asseclis
2522 2567 2705 2639 impie
2728 2567 3014 2638 jactatam
3049 2585 3064 2623 :
3099 2568 3221 2636 Sed,
3253 2568 3464 2641 inquit.
3512 2569 3677 2627 devia

234 2661 633 2731 perversitatis
657 2659 995 2732 produntur
1022 2657 1226 2724 dicere,
1263 2659 1419 2729 Virgo
1445 2662 1723 2730 concepit,
1757 2657 1852 2714 sed
1879 2674 1995 2712 non
2030 2659 2199 2730 Virgo
2229 2656 2512 2728 generavit
2543 2675 2561 2711 :
2602 2657 2757 2728 quod
2790 2656 2930 2713 item
2970 2657 3271 2714 confutare
3300 2659 3678 2732 persequitur

235 2751 355 2803 toto
388 2747 492 2803 illo
525 2752 589 2803 et
621 2748 893 2820 sequenti
924 2748 1133 2819 capite.
1164 2747 1249 2802 Ad
1280 2747 1402 2802 haec
1462 2747 1849 2820 Hieronymus
1898 2745 2025 2819 ipse
2054 2745 2214 2801 istud
2246 2745 2472 2817 passim
2502 2748 2702 2799 contra
2731 2744 3069 2801 beneﬁcum
3098 2749 3269 2819 urget
3298 2762 3364 2802 ac
3397 2747 3662 2820 replicat,

231 2834 530 2892 illibatam
564 2836 973 2908 permansisse
1003 2840 1059 2891 et
1091 2836 1149 2891 in
1186 2842 1471 2909 conceptu
1502 2841 1558 2891 et
1585 2836 1647 2891 in
1678 2839 1848 2908 partu
1879 2834 2140 2906 Deiparae
2193 2834 2613 2906 integritatem,
2647 2832 2978 2905 Christique
3008 2850 3221 2907 corpus
3269 2834 3487 2893 clausis
3517 2837 3667 2893 sacri

233 2925 386 2982 uteri
417 2925 730 2998 repagulis
759 2925 964 2981 eodem
999 2925 1172 2981 modo
1204 2927 1358 2981 foras
1391 2925 1699 2996 prodiisse,
1733 2941 1849 2996 quo
1906 2925 1978 2979 ad
2012 2921 2331 2994 discipulos
2360 2922 2647 2978 obseratis
2688 2923 2913 2978 foribus
2943 2923 3283 2995 penetravit.
3337 2925 3499 2981 Idem
3528 2943 3669 2983 con-

232 3015 320 3068 tra
350 3013 721 3069 Helvidium:
753 3017 815 3070 et
842 3012 1184 3069 Tertulliani
1216 3013 1581 3070 levissimum
1613 3013 2019 3070 testimonium
2048 3012 2198 3068 libro
2228 3011 2295 3067 de
2338 3028 2515 3068 carne
2545 3011 2901 3084 Christi,cap.
2933 3013 3004 3068 32
3036 3027 3049 3066 :
3076 3011 3213 3068 Cum
3230 3015 3528 3086 Apostolus
3550 3032 3668 3073 non

228 3119 297 3157 ea:
326 3105 593 3177 virgine,
624 3103 724 3157 sed
749 3119 822 3157 ea:
877 3103 1115 3158 muliere
1145 3104 1357 3159 editum
1389 3104 1598 3159 Filium
1626 3104 1725 3160 Dei
1777 3102 2193 3174 pronuntiavit,
2239 3103 2468 3170 agnovit
2525 3101 2824 3173 adaperta:
2852 3102 3029 3156 vulvae
3083 3102 3396 3174 nuptialem
3447 3107 3667 3176 passio-

228 3207 387 3259 nem,
419 3191 634 3247 multis
665 3190 1098 3263 Scripturarum
1132 3191 1389 3248 oraculis
1418 3193 1896 3265 comprobaverat
1928 3210 1942 3247 :
1974 3192 2150 3263 idque
2183 3191 2429 3247 fortasse
2458 3190 2517 3245 in
2548 3206 2730 3246 causa
2755 3194 2864 3259 est,
2890 3190 3044 3263 quod
3076 3192 3220 3248 satis
3254 3190 3463 3248 habuit
3488 3192 3665 3251 lecto-

230 3295 359 3335 rem
392 3280 463 3335 ad
495 3296 638 3336 eum
669 3278 886 3335 librum
921 3281 1261 3349 amandare,
1301 3298 1372 3337 ne
1402 3282 1672 3337 eamdem
1706 3280 1797 3337 hic
1826 3280 2005 3337 telam
2038 3284 2336 3336 retexeret.

307 3369 365 3422 4.
399 3368 530 3424 Hec
558 3367 741 3441 igitur
768 3368 1051 3425 Romanis
1083 3369 1323 3425 auribus
1355 3387 1539 3426 novus
1570 3369 1959 3426 Ecclesiarum
2020 3367 2301 3441 magister
2326 3383 2551 3424 venena
2579 3368 2952 3441 propinabat,
2985 3386 3114 3443 qua
3145 3373 3211 3425 ut
3238 3369 3415 3427 latius
3454 3387 3660 3445 serpe-

237 3460 407 3521 rent,
436 3472 621 3512 ausus
651 3461 737 3512 est
762 3457 940 3514 etiam
971 3458 1143 3514 editis
1173 3459 1679 3516 Commentariolis
1710 3459 1958 3532 posteris
1990 3457 2422 3514 commendare.
2479 3457 2557 3512 Ex
2586 3457 2931 3530 fragmentis
2961 3461 3157 3515 autem
3204 3456 3323 3515 illis
3353 3476 3496 3516 sane
3544 3461 3664 3517 exi-

249 3544 420 3616 guis,
478 3561 608 3615 qua:
666 3546 1044 3620 Hieronymus
1090 3552 1283 3604 servat
1338 3549 1448 3605 sub
1502 3548 1737 3604 initium
1794 3546 1952 3615 libri,
2011 3546 2180 3603 facile
2236 3545 2507 3618 colligere
2559 3550 2667 3613 est,
2730 3561 2907 3617 quam
2966 3547 3245 3602 abnorme
3303 3550 3458 3604 esset
3512 3565 3662 3621 opus

242 3630 426 3700 illud,
459 3634 840 3702 ineruditum,
864 3636 1182 3701 insulsum,
1214 3636 1274 3692 in
1333 3654 1448 3709 quo
1506 3641 1563 3693 et
1591 3637 1781 3693 insam
1808 3636 2066 3693 hominis
2097 3636 2395 3692 sententiae
2426 3633 2893 3691 obscurrissimis
2912 3634 3104 3691 verbis
3135 3634 3663 3706 involvebantur,et

230 3721 375 3795 ipsa
402 3723 775 3779 stomachum
808 3726 1076 3780 movebat
1104 3726 1451 3798 turpissima
1478 3726 1615 3800 styli
1665 3726 1988 3782 barbaries.
2046 3724 2463 3790 Nihilominus,
2499 3728 2564 3779 ut
2607 3723 2917 3780 usuvenirc
2947 3723 3113 3793 solet,
3144 3741 3279 3781 cum
3308 3724 3467 3783 vitiis
3495 3726 3663 3784 frena

228 3809 534 3879 laxantur,
562 3818 626 3868 ut
656 3813 976 3885 Augustini
1007 3815 1202 3871 verbis
1235 3820 1387 3883 utar,
1422 3819 1637 3871 tantum
1666 3816 1842 3871 valuit
1871 3817 1933 3869 in
1962 3814 2094 3870 urbe
2124 3815 2313 3881 Roma,
2344 3813 2743 3868 ut'nonnullas
2761 3814 2932 3869 etiam
2959 3814 3434 3883 sanctimoniam,
3466 3814 3534 3872 de
3561 3832 3664 3887 quo

222 3918 359 3956 rum
379 3901 663 3972 pudicitia
692 3905 932 3973 suspicio
959 3904 1116 3959 nulla
1143 3912 1515 3976 prazcesserat,
1546 3903 1801 3975 dejecisse
1823 3906 1884 3959 in
1914 3905 2136 3975 nuptias
2167 3902 2456 3958 diceretur.
2520 3904 2586 3957 Et
2639 3904 2886 3957 virorum
2942 3904 3111 3958 etiam
3160 3906 3475 3960 sanctorum
3517 3922 3655 3962 san-

224 3995 383 4045 ctum
410 3992 728 4046 caelibatum
762 3996 1273 4049 commemoratione
1299 3994 1532 4049 Patrum
1562 4002 1611 4049 et
1653 3995 2061 4067 comparatione
2088 3994 2396 4063 frangeret.
2457 3990 2757 4047 Demirare
2812 3996 3012 4048 autem
3060 3991 3319 4049 hominis
3368 3993 3656 4051 malitiam

214 4078 464 4135 malam.
506 4084 662 4152 Ipse,
686 4081 789 4150 qui
812 4083 1086 4152 virginum
1120 4084 1380 4137 meritum
1410 4084 1678 4154 azquando
1706 4082 1997 4155 puditiciae
2026 4081 2323 4154 conjugali,
2358 4079 2635 4135 omnibus
2662 4080 2858 4135 uxoris
2920 4081 3197 4136 ducendas
3225 4086 3433 4137 auctor
3464 4082 3660 4138 fuerat

220 4183 465 4223 uxorem
496 4166 716 4223 adduci
749 4185 862 4223 nen
897 4171 1085 4241 potuit
1116 4176 1178 4223 ut
1200 4170 1310 4226 sibi
1335 4171 1403 4226 ad
1404 4171 1697 4244 jungeret.
1726 4171 1978 4227 Causam
2001 4169 2352 4244 praetexebat
2373 4168 2544 4241 longe
2569 4167 3108 4240 iniquissimam,ne
3129 4167 3351 4225 scilicet
3369 4168 3656 4225 molestiis

219 4257 578 4330 nuptiarum
608 4256 1000 4329 impediretur
1038 4276 1049 4313 :
1084 4259 1328 4315 minime
1359 4277 1490 4316 vero
1516 4264 1581 4315 ut
1608 4260 1883 4317 meritum
1917 4259 2027 4316 sibi
2058 4259 2194 4315 inde
2226 4257 2462 4330 aliquod
2496 4262 2881 4330 compararet,
2914 4256 3023 4313 hoc
3052 4262 3160 4326 est,
3211 4274 3324 4313 non
3357 4262 3423 4313 ut
3453 4256 3658 4314 melior

220 4345 513 4409 esset,sed
548 4348 617 4398 ut
645 4342 905 4400 liberior.
940 4345 1112 4402 Porro
1145 4346 1401 4403 asseclas
1431 4346 1638 4403 habuit
1664 4350 1979 4420 aliquantos
2008 4349 2289 4415 Romanos,
2325 4352 2390 4403 ut
2439 4346 2498 4402 in
2530 4345 2735 4419 Syricii
2766 4345 3028 4418 Epistola
3055 4345 3333 4402 scribitur
3366 4363 3380 4401 ι
3415 4347 3487 4403 de
3546 4362 3654 4403 no-

216 4433 383 4490 mine
413 4433 807 4500 Auxentium,
837 4433 1156 4501 Genialem,
1190 4435 1676 4501 Germinatorem,
1711 4436 1981 4502 Felicem,
2015 4437 2333 4505 Plotinum,
2358 4436 2738 4506 Martianum,
2769 4436 3138 4503 Januarium,
3161 4440 3221 4492 et
3247 4436 3653 4510 Ingeniosum.

221 4521 327 4578 His
358 4523 425 4578 S.
460 4522 815 4578 Ambrosius
845 4524 1014 4595 epist.
1077 4525 1147 4579 ad
1206 4524 1602 4582 Vercellenses
1659 4527 1822 4582 addit
1878 4527 2285 4582 Barbationem
2334 4526 2648 4598 quemdam
2704 4530 2764 4583 et
2817 4526 3268 4592 Sarmatlonem,
3327 4525 3531 4599 utique
3578 4543 3656 4583 ex

214 4609 336 4680 his,
366 4628 526 4684 quos
559 4627 697 4666 cum
727 4610 1126 4668 Mediolanum
1151 4613 1427 4683 venisset,
1462 4631 1569 4671 suo
1592 4616 1870 4686 junxerat
1899 4614 2192 4672 satellitio.
2224 4619 2441 4671 Verum
2473 4614 2771 4688 impendio
2829 4614 3029 4686 plures
3060 4614 3144 4671 illi
3204 4616 3432 4672 censuit
3459 4615 3652 4671 adha-

214 4699 375 4755 sisse
410 4698 832 4771 Hieronymus,
895 4717 1029 4756 cum
1090 4702 1200 4758 sub
1265 4702 1401 4759 libri
1457 4704 1700 4760 secundi
1756 4706 1932 4761 ﬁnem
1967 4723 1980 4760 :
2014 4705 2093 4760 Ne
2147 4705 2405 4773 glorieris
2461 4704 2673 4775 inquit,
2706 4704 2847 4775 quod
2876 4705 3071 4761 multos
3102 4705 3394 4775 discipulos
3432 4704 3650 4759 habeas.

210 4788 396 4843 Filius
428 4789 531 4844 Dei
556 4789 741 4844 docuit
770 4790 828 4843 in
858 4789 1063 4858 ludam,
1095 4800 1146 4846 et
1174 4791 1459 4847 duodecim
1489 4801 1698 4848 tantum
1730 4794 1890 4849 illum
1920 4793 2151 4865 apostoli
2177 4793 2542 4863 sequebantur
2571 4811 2589 4847 :
2622 4797 2688 4847 ut
2715 4798 2911 4847 autem
2961 4792 3132 4847 multi
3179 4791 3530 4860 exstiterint,
3563 4795 3649 4849 te-

210 4881 420 4933 statur
449 4877 827 4949 Augustinus
859 4878 1151 4934 neminem
1181 4897 1212 4935 e
1241 4881 1629 4949 sacerdotibus,
1662 4886 1759 4937 aut
1788 4884 2025 4954 alicujus
2052 4882 2297 4938 nominis
2324 4882 2539 4937 clericis
2564 4882 2636 4937 ab
2667 4880 2767 4937 illo
2797 4880 2859 4935 in
2885 4896 3140 4936 errorem
3172 4880 3325 4935 trahi
3358 4880 3653 4953 potuisse,

280 4967 344 5020 5.
386 4966 620 5021 lnsanze
650 4964 856 5021 haeresi
889 4965 1045 5022 illico
1077 4967 1511 5038 Pammachius,
1547 4969 1891 5026 notissimus
1922 4971 2018 5027 ille
2073 4970 2409 5043 Hieronymi
2469 4968 2713 5035 amicus,
2776 4970 3219 5024 Christianorum
3274 4969 3650 5027 nobilissimus

206 5056 503 5111 nobilium
530 5056 1053 5126 christianissimus,
1086 5074 1152 5112 ex
1182 5059 1423 5115 adverso
1453 5059 1790 5128 insurrexit,
1824 5076 2074 5133 cumque
2123 5059 2275 5126 aliis,
2307 5062 2374 5115 ut
2400 5058 2654 5131 Syricius
2707 5056 2990 5130 loquitur,
3019 5056 3355 5129 ﬁdelissimis
3380 5058 3650 5117 Christia-

204 5147 297 5201 nis
352 5146 516 5212 viris,
548 5161 747 5216 genere
770 5147 1015 5217 optimis,
1082 5148 1346 5219 religione
1374 5149 1663 5221 praclaris,
1696 5148 1901 5205 sedulo
1948 5151 2067 5223 egit
2097 5150 2251 5222 apud
2313 5148 2670 5214 Pontiﬁcem,
2703 5152 2767 5203 ut
2821 5148 3003 5204 subito
3056 5150 3334 5222 scriptura
3388 5149 3652 5221 horriﬁca

200 5232 541 5301 (Joviniani
570 5234 1009 5305 Commentarii)
1067 5238 1400 5295 sicerdotali
1442 5238 1653 5310 judicio
1702 5238 1908 5295 detecta
1935 5239 2141 5295 divinae
2190 5239 2297 5309 legi
2347 5236 2647 5301 contraria,
2708 5237 2995 5309 spirituali
3045 5239 3317 5295 sententia
3370 5239 3652 5296 deleretur

198 5322 466 5378 Factum
496 5321 559 5377 id
589 5320 883 5395 intelligas
911 5339 980 5379 ex
1009 5325 1159 5381 serie
1188 5325 1317 5400 ipsa
1347 5344 1543 5384 rerum
1577 5330 1646 5385 ad
1681 5345 1902 5385 annum
1934 5316 2151 5385 Christi
2181 5327 2308 5395 390,
2344 5325 2416 5381 ad
2447 5341 2623 5397 quem
2653 5330 2711 5382 et
2740 5325 2980 5383 laudata
3011 5327 3217 5401 Syricii
3267 5327 3467 5385 referri
3499 5327 3652 5385 solet

200 5408 493 5483 epistola,
527 5425 664 5465 cum
692 5410 789 5465 vix
820 5415 938 5467 toto
970 5413 1205 5470 biennio
1236 5432 1475 5488 serpens
1508 5417 1729 5473 malum
1764 5434 1912 5489 quas
1942 5414 2277 5472 clanculum
2311 5418 2600 5485 potuerat,
2649 5420 2875 5472 mentes
2907 5415 3215 5472 hominum
3274 5419 3649 5489 occupasset.

200 5498 491 5554 Percussi
525 5498 896 5556 anathemate
926 5500 1202 5571 haeretici,
1237 5504 1584 5577 expulsique
1613 5510 1818 5573 Roma,
1868 5504 2065 5560 statim
2124 5500 2538 5571 Mediolanum,
2570 5503 2724 5576 quod
2757 5508 2814 5561 et
2869 5521 3051 5577 supra
3106 5509 3374 5562 notatum
3432 5505 3523 5559 est
3571 5503 3653 5558 ad

202 5588 641 5660 imperatorem
668 5586 1065 5648 Theodosium
1096 5594 1560 5663 contenderunt;
1595 5594 1889 5667 siquidem
1937 5596 2232 5650 testantur
2261 5590 2542 5650 historica
2569 5608 2772 5652 eorum
2801 5596 3135 5667 temporum
3220 5589 3663 5649 munumento

200 5673 507 5737 Kalendis
534 5677 875 5755 Bepembris
898 5681 1225 5756 superioris
1244 5683 1416 5755 enni,
1456 5682 1597 5741 illuc
1653 5685 2066 5757 imperatorem
2101 5680 2346 5743 rediisse
2374 5698 2510 5743 cum
2540 5683 2737 5745 Romae
2768 5683 2997 5742 dudum
3027 5678 3403 5751 triumphum
3426 5668 3669 5742 οεὶειει

3554 5802 3695 5905 ᾸΑ

666 5966 677 5977 ο

82 6028 645 6128 *ω

642 6118 693 6127 ..ι-
770 6122 789 6127 ir
