5364 6558
1176 295 1298 369 219
2415 301 2483 368 S.
2527 297 2837 370 EUSEBII
2878 300 3346 371 HlEBONYMl.
4412 309 4518 380 2m

1179 441 1252 498 de
1282 438 1556 497 Maximo.
1591 435 1632 494 E
1661 436 1907 510 vestigio
1936 437 2300 494 advenerunt
2327 453 2461 494 cum
2493 439 2698 512 Syricii
2727 439 2937 496 litteris
2966 441 3037 496 ad
3069 441 3442 498 Ambrosium
3476 440 3643 498 missi
3672 457 3742 498 ex
3772 442 3917 498 urbe
3946 443 4264 518 presbyteri,
4285 444 4522 517 Crescens,

1180 529 1505 602 Leopardus,
1534 535 1589 585 et
1626 526 1956 596 Alexander,
1988 535 2172 584 sancto
2194 530 2462 600 ferventes
2489 529 2712 600 spiritu,
2745 545 2995 600 quorum
3026 545 3202 602 opera
3231 529 3471 586 collecta
3502 531 3760 604 synodus
3798 531 4191 590 haereticorum
4228 537 4526 593 damnatio-

1178 621 1238 678 ni
1267 618 1635 691 subscripsit,
1663 633 1878 690 eosque
1908 619 2154 673 omnium
2181 619 2556 673 exsecratione
2581 617 2866 673 damnatos
2895 618 3286 674 Mediolanensi
3313 635 3383 674 ex
3411 619 3544 674 urbe
3571 622 3732 692 quasi
3769 622 4029 692 profugos
4076 623 4282 693 repulit.
4337 625 4529 681 Exinde

1174 713 1363 766 terras
1394 707 1540 764 aiias
1574 709 1913 779 pervagatos
1945 705 2126 762 fuisse
2157 709 2320 762 extra
2350 704 2599 772 Italiam,
2633 709 2772 760 sunt
2800 705 2900 777 qui
2957 722 3028 761 ex
3057 706 3184 778 ipso
3218 706 3564 780 Hieronymo
3597 712 3846 780 arguant
3874 707 4038 764 initio
4066 708 4194 765 libri
4222 711 4364 766 tertii
4407 727 4529 767 con-

1175 803 1266 855 tra
1295 795 1655 869 Pelagianos,
1691 794 1791 850 ubi
1818 796 2100 851 Joviniani
2124 796 2447 850 sententiam
2475 794 2612 849 olim
2667 795 2854 852 Romae
2908 802 2962 850 et
3013 794 3219 850 dudum
3281 797 3341 850 in
3395 796 3582 866 Africa
3635 795 4050 852 condemnatam
4102 797 4278 853 docet.
4341 798 4528 854 Verum

1175 885 1360 943 multo
1419 882 1755 941 credibilius
1785 886 1893 946 est,
1923 881 2173 938 Coelestii
2224 881 2672 954 impoc'cantiam
2704 882 2892 954 innui,
2925 900 3103 955 quam
3133 892 3190 939 et
3229 884 3578 941 Jovinianus
3607 885 3963 952 defenderat,
3992 902 4105 941 non
4136 885 4321 958 ipsum
4350 887 4416 942 de
4443 905 4530 943 no-

1173 976 1332 1032 mine
1359 972 1733 1030 Jovinianum
1763 987 1961 1042 quem,
1994 975 2142 1026 teste
2172 969 2522 1043 Augustino,
2554 969 2753 1026 Africa
2785 971 3018 1043 penitus
3045 971 3353 1044 ignoravit.
3405 972 3666 1044 Denique
3722 977 3780 1029 et
3837 973 4122 1046 imperiali
4179 975 4439 1047 rescripto
4483 976 4533 1029 in

1171 1063 1509 1120 hereticum
1536 1059 2006 1116 animadversum
2039 1058 2210 1132 vulgo
2240 1059 2516 1126 creditur,
2551 1063 2856 1131 exstatque
2915 1060 3179 1116 subnexa
3207 1059 3298 1116 lex
3327 1061 3396 1116 53
3426 1060 3485 1116 in
3542 1061 3750 1116 Codice
3804 1061 4222 1128 Theodosiano,
4259 1063 4342 1118 tit.
4397 1063 4431 1116 5
4476 1063 4536 1117 de

1171 1150 1488 1218 Haereticis,
1520 1165 1698 1221 quam
1728 1151 1786 1204 et
1814 1147 1887 1203 cl.
1921 1147 2314 1204 Gothofredus
2345 1147 2656 1215 recensuit,
2689 1152 2746 1204 et
2775 1147 3146 1205 Martianaaus
3178 1149 3236 1204 in
3264 1150 3605 1206 Carnotensi
3629 1167 3763 1219 ms.,
3789 1151 3860 1206 ad
3893 1149 4105 1207 calcem
4138 1149 4538 1221 Hieronymiani

1171 1241 1362 1315 operis
1392 1237 1630 1311 reperit.

1995 1353 2357 1410 HONORIUS
2395 1354 2484 1409 ET
2520 1353 2962 1411 THEODOSIUS
3000 1354 3213 1413 AUGG.
3257 1354 3484 1411 FELICI
3523 1355 3640 1410 PR.
3684 1354 3743 1409 P.

1239 1463 1593 1521 Jovinianum
1622 1459 1735 1533 [ΑΙ.
1765 1462 2078 1533 Iovianum]
2109 1462 2400 1532 sacrilegos
2458 1478 2616 1532 agere
2669 1465 2962 1518 conventus
3019 1469 3178 1517 extra
3231 1477 3415 1516 muros
3474 1461 3635 1518 Urbis
3689 1462 4102 1528 sacratissimx,
4165 1461 4539 1532 episcorporum

1170 1552 1394 1625 querela
1418 1550 1664 1623 deplorat
1694 1569 1711 1604 :
1743 1565 1912 1622 quare
1935 1565 2110 1622 supra
2135 1554 2498 1606 memoratum
2523 1551 2730 1622 corripi
2749 1550 3027 1621 jubemus,
3056 1559 3108 1606 et
3134 1557 3419 1606 contusum
3473 1549 3695 1621 plumbo
3749 1566 3874 1604 cum
3921 1551 4132 1606 exteris
4177 1551 4291 1604 suis
4341 1551 4545 1620 partici-

1164 1643 1328 1713 pibus
1355 1644 1410 1696 et
1435 1638 1730 1706 ministris,
1761 1639 1954 1694 exsilio
1984 1639 2222 1693 coerceri
2252 1653 2265 1692 :
2300 1639 2587 1709 ipsumque
2614 1637 3046 1694 machinatorem
3073 1640 3133 1694 in
3165 1639 3405 1694 insulam
3432 1640 3602 1694 Boam
3657 1640 3858 1709 festina
3910 1639 4192 1695 celeritate
4220 1637 4436 1699 deduci;
4461 1653 4547 1692 cae-

1166 1731 1300 1787 teris
1327 1732 1486 1802 prout
1511 1728 1754 1792 libuerit,
1785 1726 2071 1782 dummodo
2099 1727 2458 1796 supersitiosa
2485 1727 2608 1798 conj
2618 1729 2800 1784 uratio
2828 1728 3024 1783 exsilii
3076 1729 3253 1800 ipsius
3295 1727 3622 1784 discretione
3651 1728 3916 1795 solvatur,
3974 1729 4260 1792 solitariis,
4313 1734 4363 1782 et
4412 1727 4547 1797 longo

1167 1820 1345 1893 spatio
1375 1820 1520 1874 inter
1546 1832 1602 1872 se
1619 1817 1812 1886 positis
1843 1816 2062 1886 insutis,
2097 1816 2157 1869 in
2182 1819 2507 1886 perpetuum
2555 1816 2869 1888 deportatis.
2929 1815 2990 1871 Si
3017 1818 3140 1890 quis
3153 1825 3347 1879 autem
3400 1817 3677 1888 pertinaci
3732 1815 4083 1888 improbitate
4108 1818 4274 1872 vetita
4315 1823 4363 1870 et
4411 1814 4550 1869 dam-

1167 1913 1301 1964 nata
1329 1907 1628 1980 repetierit,
1657 1907 1797 1962 sciat
1824 1920 1884 1960 se
1913 1907 2246 1960 severiorem
2273 1907 2608 1960 sententiam
2634 1905 2966 1962 subiturum.

1243 2015 1363 2070 Dat.
1397 2011 1552 2068 Prid.
1584 2011 1720 2067 Non.
1756 2010 1892 2065 Mar.
1919 2009 2054 2077 Med.
2088 2011 2320 2066 Honorio
2348 2027 2471 2065 vnn
2501 2019 2552 2067 et
2581 2011 2770 2068 Theod.
2804 2030 2839 2070 v
2867 2012 2975 2068 AA.
3007 2027 3139 2068 coss.

1240 2122 1294 2176 6.
1330 2120 1463 2186 Sed,
1497 2123 1564 2174 ut
1590 2117 1784 2174 dicam
1815 2117 1970 2190 quod
2003 2116 2419 2185 sentiolibere,
2455 2135 2528 2172 an
2559 2117 2660 2173 lux
2687 2117 2888 2174 isthaac
2912 2134 3196 2191 garmana
3224 2117 3463 2174 omnino
3494 2133 3610 2173 non
3639 2120 3748 2185 est,
3793 2121 3894 2172 aut
3921 2115 3981 2172 in
4012 2116 4143 2188 eius
4174 2121 4372 2173 contra
4397 2131 4545 2188 quem

1169 2210 1373 2278 fertur,
1405 2206 1642 2263 nomine
1673 2206 2006 2278 depravata,
2039 2205 2114 2260 ad
2171 2204 2545 2261 Jovinianum
2578 2223 2692 2262 non
2725 2211 2967 2279 spectat.
3001 2207 3410 2279 Hieronymus,
3441 2223 3618 2279 quem
3649 2205 3774 2262 falli
3806 2206 4068 2278 potuisse
4123 2207 4182 2262 in
4237 2207 4367 2261 facti
4395 2205 4548 2275 hujus

1167 2296 1434 2365 historia,
1465 2311 1636 2351 nemo
1667 2294 1778 2350 sibi
1808 2295 2176 2366 persuadeat,
2209 2298 2411 2350 contra
2438 2294 2821 2368 Vigilantiam
2851 2295 3115 2353 scribens
3143 2312 3294 2351 anno
3324 2296 3454 2363 406,
3481 2295 3580 2367 qui
3649 2296 3803 2351 Sexti
3855 2295 4176 2350 consulatus
4222 2293 4432 2349 Arcadii
4456 2293 4550 2348 Au-

1164 2388 1318 2460 gusti
1345 2389 1396 2442 et
1425 2385 1611 2441 Anicii
1637 2384 1807 2440 Probi
1830 2385 1989 2455 fastis
2017 2399 2213 2440 nomen
2272 2385 2548 2455 imposuit,
2584 2383 2811 2439 dudum
2842 2400 2872 2439 e
2926 2382 3074 2439 vivis
3114 2382 3434 2439 excessisse
3459 2381 3837 2439 Jovinianum
3869 2386 4028 2438 certo
4061 2382 4279 2439 certius
4311 2385 4546 2437 testatur.

1168 2474 1456 2547 Quomodo.
1488 2473 1683 2545 inquit
1713 2472 1824 2528 sub
1856 2471 2090 2527 initium
2120 2473 2249 2543 ejus
2281 2472 2436 2539 libri,
2469 2473 2790 2545 Euphorbus
2847 2475 2909 2528 in
2936 2473 3251 2544 Pythagora
3279 2475 3502 2528 renatus
3558 2487 3669 2527 esse
3692 2471 4036 2544 perhibetur,
4095 2472 4175 2527 sic
4203 2473 4263 2527 in
4318 2471 4412 2525 isto
4441 2467 4551 2537 (Vi-

1164 2563 1431 2638 gilantio)
1455 2563 1737 2618 Joviniani
1762 2578 1912 2617 mens
1937 2578 2109 2633 prava
2137 2563 2446 2618 surrexit...
2478 2563 2577 2617 Ille
2605 2565 2870 2619 Romanis
2927 2563 3184 2619 Ecclesiae
3239 2563 3570 2617 auctoritate
3625 2560 3918 2616 damnatus
3973 2562 4123 2616 inter
4147 2559 4397 2631 phasides
4447 2572 4553 2612 aves

1163 2657 1217 2709 et
1243 2668 1432 2707 carnes
1460 2651 1655 2706 suillas
1683 2666 1794 2705 non
1815 2658 1928 2705 tam
1956 2651 2138 2705 emisit
2165 2652 2445 2722 spiritum,
2478 2667 2638 2721 quem
2665 2653 2948 2707 cruciavit.
2981 2652 3112 2707 Jam
3146 2650 3325 2724 igitur
3373 2655 3594 2722 septem
3652 2654 3718 2704 ut
3748 2649 4062 2705 minimum
4125 2665 4406 2705 annorum
4431 2661 4556 2702 ana-

1163 2740 1501 2797 chronismo
1533 2737 1627 2794 lex
1658 2743 1876 2810 peccat,
1907 2755 2034 2810 quae
2066 2739 2321 2795 Honorio
2353 2757 2406 2794 ιν
2431 2744 2489 2794 et
2517 2739 2844 2797 Theodosio
2874 2756 2909 2795 ν
2939 2757 3088 2796 coss.
3124 2739 3245 2796 sive
3274 2756 3427 2795 anno
3455 2739 3560 2795 442
3584 2739 3719 2794 data
3747 2743 3836 2794 est
3868 2756 3881 2794 :
3914 2754 4179 2812 eumque
4233 2738 4372 2793 adeo
4423 2733 4557 2792 exsi-

1159 2828 1238 2885 lio
1297 2826 1580 2894 multarit,
1617 2827 1716 2898 qui
1749 2831 1997 2882 mortem
2024 2827 2250 2898 jamdiu
2281 2831 2445 2882 antea
2479 2827 2817 2900 oppetierat.
2851 2829 3012 2892 Quod
3045 2828 3094 2884 si
3126 2829 3268 2884 velis
3295 2829 3576 2884 mendum
3607 2828 3665 2882 in
3741 2827 4026 2899 temporis
4057 2843 4196 2883 esse
4253 2829 4401 2891 nota,
4449 2823 4554 2879 sive

1165 2917 1506 2974 consulatus
1537 2915 1940 2988 inscriptione,
1974 2933 2102 2987 qua:
2143 2915 2515 2972 librariorum
2548 2919 2740 2989 potuit
2766 2934 2895 2974 esse
2923 2917 3254 2984 oscitantis,
3286 2918 3358 2974 ad
3391 2921 3824 2988 quemcumque
3853 2932 3981 2972 eam
4013 2933 4090 2971 an
4105 2932 4246 2972 num
4298 2912 4556 2978 retrahas,

1165 3006 1409 3062 minime
1437 3005 1655 3061 efﬁcies
1686 3008 1750 3060 ut
1779 3006 1906 3076 ejus
1937 3004 2140 3060 dictati
2171 3005 2458 3062 sententia
2488 3023 2622 3062 cum
2654 3007 2988 3080 Hieronymi
3030 3007 3365 3063 testimonio
3397 3009 3640 3062 constet.
3673 3005 3837 3072 Puta,
3900 3005 4053 3076 quod
4121 3009 4179 3061 et
4235 3001 4556 3080 Gothofredo

1163 3096 1468 3169 probatur,
1501 3092 1838 3150 haereticum
1862 3094 1990 3165 jam
2024 3095 2096 3149 ab
2119 3111 2270 3151 anno
2301 3095 2424 3160 390,
2458 3100 2583 3151 tum
2640 3097 2825 3153 Roma
2852 3101 2979 3152 tum
3013 3095 3335 3152 Mediolano
3359 3096 3695 3168 profugum,
3729 3094 3800 3150 ad
3833 3095 4165 3150 Romanam
4198 3091 4478 3150 dimcesim
4505 3105 4558 3146 se

1163 3181 1502 3248 contulisse,
1534 3181 1870 3254 ibidemque
1896 3182 2041 3237 adeo
2071 3187 2232 3239 extra
2263 3199 2463 3240 muros
2493 3183 2730 3240 solitum
2757 3188 3074 3240 conventus
3105 3201 3275 3256 agere
3301 3201 3314 3239 :
3349 3201 3491 3240 num
3525 3183 3626 3256 qui
3657 3183 3766 3239 hac
3797 3183 3869 3238 de
3897 3199 4076 3237 causa
4111 3187 4560 3254 correptus,con-

1161 3277 1333 3329 tusus
1366 3271 1630 3344 plumbo,
1662 3275 1719 3328 at
1744 3270 1806 3326 in
1837 3269 2140 3327 Dalmatiae
2170 3272 2426 3328 insulam
2458 3273 2681 3330 exsiliis
2710 3273 2929 3329 claram
2961 3274 3302 3346 deportatus
3331 3277 3440 3341 est,
3474 3274 3625 3330 inter
3655 3272 3934 3344 phasides
3963 3287 4103 3328 aves
4135 3276 4195 3328 et
4223 3269 4422 3327 suillas
4451 3284 4559 3324 car-

1161 3377 1265 3418 nes
1294 3361 1585 3417 diceretur
1609 3360 1681 3415 ob
1717 3359 1961 3416 nimiam
1995 3360 2330 3432 creapulam
2363 3361 2635 3434 spiritum
2668 3362 3044 3418 evomuisse?
3075 3363 3193 3418 Hoc
3225 3366 3379 3418 certe
3433 3362 3676 3435 propius
3707 3363 3777 3417 ad
3839 3361 4012 3416 fidem
4044 3368 4140 3418 est
4167 3379 4199 3418 e
4231 3362 4288 3418 S.
4321 3355 4560 3416 Doctoris

1158 3448 1520 3520 testimonio,
1552 3449 1832 3506 infamem
1864 3449 2219 3505 monachum
2252 3449 2413 3506 luxui
2441 3451 2725 3516 deditum,
2757 3457 3058 3522 utcunque
3088 3450 3269 3507 semel
3301 3455 3476 3523 atque
3506 3449 3720 3506 iterum
3751 3451 4124 3520 damnatum,
4187 3448 4333 3506 nihil
4385 3445 4559 3520 potius

1159 3538 1458 3606 habuisse,
1494 3555 1670 3610 quam
1694 3538 1864 3610 genio
1895 3537 2221 3611 indulgere,
2250 3543 2309 3594 et
2338 3539 2544 3606 ventri,
2581 3544 2640 3595 et
2668 3540 2797 3596 cibo
2825 3540 3077 3612 vinoque
3105 3539 3537 3613 ingurgitatum
3568 3539 3860 3595 maturius
3891 3537 4247 3612 exspirasse.

1235 3629 1291 3681 7.
1323 3627 1457 3684 Jam
1490 3629 1687 3699 itaque
1716 3626 1810 3682 his
1840 3626 1912 3682 de
1942 3626 2163 3682 nefaria
2191 3626 2397 3683 haeresi
2425 3626 2746 3700 praalibatis
2805 3644 2932 3701 quae
2964 3633 3066 3684 aut
3121 3644 3329 3700 parum
3382 3632 3521 3684 nota
3575 3631 3759 3695 erant,
3819 3630 3921 3682 aut
3975 3626 4305 3683 terroribus
4359 3621 4558 3696 passim

1157 3715 1451 3783 obvoluta,
1486 3716 1558 3772 ad
1593 3715 2055 3787 Hieronymianaa
2083 3715 2500 3772 confutationis
2529 3715 2839 3773 lectionem
2871 3733 3006 3773 cum
3039 3717 3230 3773 fructu
3272 3717 3533 3784 accedas,
3599 3732 3724 3787 qua:
3782 3713 4063 3770 Catholici
4125 3713 4422 3788 dogmatis
4449 3724 4565 3766 me-

1159 3805 1405 3860 moriam
1436 3805 1828 3860 commendat.
1853 3806 2019 3860 Anno
2048 3805 2175 3872 393,
2207 3809 2309 3860 aut
2337 3805 2635 3877 superiore
2659 3806 2731 3862 ad
2759 3805 2980 3861 exitum
3031 3811 3325 3879 vergente,
3385 3806 3534 3861 duos
3589 3803 3764 3860 hosce
3822 3802 4001 3859 libros
4056 3801 4358 3859 Joviniani
4413 3799 4567 3856 Com-

1159 3891 1522 3948 mentariolis
1554 3893 1611 3948 S.
1646 3893 1857 3948 Doctor
1884 3893 2177 3966 opposuit,
2211 3895 2416 3951 eodem
2475 3895 2741 3951 hortante
2801 3895 3198 3962 Pammachio,
3231 3895 3332 3968 qui
3364 3895 3588 3966 pridem
3616 3891 3952 3950 haereticum
4003 3894 4412 3949 accusaverat.
4442 3887 4573 3960 Ejus

1157 3980 1389 4053 epochaa
1417 3979 1562 4036 illud
1591 3979 1849 4052 palmare
1878 3987 2291 4055 argumentum
2324 3988 2432 4050 est,
2466 3985 2621 4057 quod
2657 3983 2898 4040 minime
2924 3984 3068 4040 istos
3099 3989 3395 4040 recenseat
3416 3983 3475 4038 in
3508 3998 3749 4038 suarum
3773 3980 4143 4037 lucubration
4162 3998 4264 4038 um
4289 3975 4565 4048 Catalogo,

1158 4086 1334 4142 quem
1367 4071 1436 4126 ad
1470 4087 1692 4126 annum
1723 4087 1911 4143 usque
1940 4071 2065 4138 392,
2099 4073 2409 4130 Theodosii
2458 4072 2741 4145 principis
2786 4073 3386 4144 decimumquartum,
3443 4071 3716 4143 produxit
3751 4089 3763 4127 :
3796 4073 4081 4125 memoret
4135 4086 4280 4126 vero
4339 4069 4398 4123 iu
4453 4063 4572 4122 aliis

1156 4157 1324 4214 libris
1353 4175 1502 4231 quos
1533 4159 1793 4230 proxime
1824 4158 2024 4223 abillo
2085 4159 2407 4216 adornavit.
2466 4160 2526 4214 In
2589 4160 2928 4215 Prxfatione
2985 4160 3484 4216 Commentarium
3545 4159 3602 4215 in
3660 4158 3893 4225 Jonam,
3947 4158 4303 4226 Triennium,
4366 4152 4569 4226 inquit,

1155 4250 1372 4305 circiter
1421 4249 1609 4318 ﬂuxit,
1669 4257 1953 4320 postquam
2005 4251 2246 4321 quinque
2294 4249 2586 4320 prophetas
2643 4251 3038 4320 interpretatus
3093 4265 3236 4318 sum,
3297 4247 3595 4318 Michceam,
3637 4247 3877 4315 Nahum,
3912 4246 4193 4311 Habacuc,
4229 4243 4571 4317 Sophoniam,

1156 4339 1441 4408 Hagaeum,
1470 4345 1522 4392 et
1549 4337 1661 4392 alio
1688 4352 1846 4408 opere
1871 4337 2121 4392 detentus
2149 4352 2261 4391 non
2289 4337 2450 4406 potui
2479 4335 2706 4406 implere
2737 4335 2875 4407 quod
2899 4352 3189 4408 coeperam.
3223 4337 3436 4408 Scripsi
3481 4338 3633 4393 enim
3681 4336 3887 4390 librum
3930 4334 4000 4390 de
4049 4332 4380 4390 Illustribus
4443 4329 4574 4387 Viris

1154 4429 1207 4480 et
1251 4425 1538 4481 adversum
1571 4425 1928 4480 Jovinianum
1975 4423 2082 4479 duo
2109 4423 2412 4480 volumina.
2445 4424 2854 4494 Apologeticum
2886 4440 3114 4496 quoque,
3145 4429 3199 4481 et
3226 4425 3292 4480 de
3318 4426 3528 4497 Optimo
3575 4440 3773 4495 genere
3828 4423 4240 4494 interpretandi
4292 4420 4365 4476 ad
4419 4423 4573 4474 Pam-

1154 4513 1454 4578 machium,
1479 4518 1588 4568 etc.
1623 4512 1894 4582 Baronio,
1925 4511 2228 4583 doctisque
2257 4510 2386 4566 aliis
2416 4509 2556 4567 viris
2587 4512 2687 4583 qui
2738 4512 2914 4570 aliam
2970 4514 3255 4570 rationem
3315 4514 3540 4580 ineunt,
3601 4517 3777 4584 atque
3826 4527 4050 4568 annum
4081 4511 4399 4584 assignant
4425 4506 4576 4563 hisce

1155 4599 1324 4658 libris
1354 4601 1479 4665 390,
1514 4600 1706 4656 fraudi
1737 4600 1858 4656 fuit.
1873 4616 2123 4671 pannus,
2155 4616 2328 4672 quem
2360 4616 2430 4656 ex
2459 4600 2568 4657 hac
2599 4601 2726 4675 ipsa
2757 4602 3098 4660 Praefatione
3129 4603 3446 4660 novissimo
3477 4602 3733 4676 Catalogi
3763 4601 3889 4658 loco
3946 4617 4243 4656 nonnemo
4277 4596 4573 4655 studiosus

1156 4689 1378 4757 assuit;
1409 4692 1633 4745 certum
1693 4704 1948 4760 namque
1991 4694 2080 4744 est
2109 4705 2178 4745 ex
2207 4689 2334 4761 ipso
2366 4695 2568 4748 contra
2596 4691 2974 4749 Jovinianum
3001 4691 3148 4748 libro
3176 4710 3218 4760 1,
3250 4709 3413 4748 num.
3443 4695 3534 4760 26,
3567 4708 3742 4764 quem
3793 4692 4080 4747 memorat
4109 4689 4181 4744 de
4211 4686 4375 4757 Viris
4405 4683 4578 4741 Illus-

1163 4778 1380 4848 tribus,
1416 4784 1678 4852 tempore
1729 4778 2117 4850 praecessisse.
2178 4779 2343 4835 Nunc
2384 4781 2512 4851 ejus
2569 4797 2868 4838 summam
2898 4781 3314 4854 disputationis
3345 4782 3673 4854 praedocere
3719 4781 3962 4853 longum
4021 4778 4119 4835 sit.
4177 4777 4381 4834 Priore
4437 4773 4577 4828 libro

1157 4868 1432 4942 primam,
1462 4868 1643 4924 altero
1673 4871 1792 4923 tres
1824 4866 1970 4922 alias
1997 4865 2289 4924 Joviniani
2319 4869 2744 4941 propositiones
2801 4869 3128 4944 impugnat.
3164 4872 3476 4927 Innumera
3505 4869 3815 4942 Scripturae
3847 4867 4054 4925 divina:
4112 4865 4262 4932 loca,
4307 4859 4579 4921 historia-

1156 4973 1286 5012 rum
1320 4955 1678 5026 testimonia,
1703 4954 2186 5029 philosophorum
2214 4956 2361 5013 scita
2392 4957 2541 5013 miro
2565 4959 2761 5014 studio
2807 4959 3058 5032 explicat
3089 4976 3103 5015 :
3137 4959 3429 5032 siquidem
3485 4957 3811 5030 versipellis
3868 4954 4177 5011 heareticus
4219 4953 4309 5008 ita
4334 4947 4570 5008 blandis

1158 5043 1451 5102 illecebris
1483 5047 1803 5103 multorum
1838 5045 2067 5102 animos
2099 5046 2502 5113 fascinaverat,
2533 5052 2600 5102 ut
2627 5047 2800 5120 vulgo
2838 5050 3183 5120 jactaretur,
3217 5066 3332 5106 non
3391 5065 3562 5120 posse
3620 5047 3705 5103 illi
3735 5047 4153 5119 Hieronymum
4211 5039 4572 5115 respondere

1155 5148 1283 5187 cum
1314 5134 1491 5199 laude,
1519 5136 1610 5190 sed
1638 5152 1761 5192 cum
1795 5138 2193 5208 vituperatione
2219 5137 2483 5208 conjugii.
2517 5137 2872 5208 Supererant
2930 5145 2988 5194 et
3034 5137 3357 5208 Manichzei,
3391 5139 3490 5209 qui
3549 5137 3786 5210 nuptias
3843 5135 4226 5199 damnabunt,
4289 5131 4581 5198 cautoque

1158 5220 1302 5276 adeo
1333 5221 1518 5293 gradu
1551 5222 1938 5280 incedendum
1969 5225 2050 5281 illi
2085 5230 2209 5282 erat
2238 5242 2310 5280 ne
2336 5225 2478 5280 dum
2509 5227 2668 5280 totus
2699 5225 2758 5279 in
2788 5225 3142 5298 virginitatis
3172 5226 3680 5282 commendatione
3709 5228 4060 5290 versaretur,
4121 5223 4328 5277 contra
4388 5213 4580 5272 homi-

1159 5323 1294 5362 nem
1323 5307 1424 5380 qui
1454 5307 1613 5364 illam
1645 5312 1916 5382 aaquabat
1945 5312 2235 5386 conjugio,
2271 5314 2330 5369 in
2362 5312 2605 5369 alteram
2638 5317 2866 5385 partem
2897 5314 3110 5370 favoris
3159 5314 3558 5388 suspicionem
3615 5313 3897 5386 injiceret.
3959 5311 4156 5383 Neque
4209 5311 4422 5363 tamen
4477 5303 4586 5388 hoc

1160 5395 1357 5481 studio
1388 5397 1570 5453 evasit
1599 5398 2066 5456 adversariorum
2099 5401 2449 5469 calumnias,
2481 5417 2616 5457 nam
2650 5404 2707 5457 et
2735 5401 3116 5475 rumigerulis
3145 5387 3472 5470 monachis,
3521 5407 3580 5460 et
3635 5402 3750 5476 piis
3800 5401 4026 5475 aliquot
4080 5395 4395 5455 catholicae
4454 5387 4588 5447 ﬁdei

1158 5485 1554 5541 assertoribus
1585 5487 1821 5556 nuptias
1849 5489 2186 5560 despexisse
2213 5491 2375 5548 visus
2406 5496 2516 5548 est.
2545 5491 2745 5548 Editos
2773 5490 2953 5548 libros
3011 5492 3136 5564 ipse
3191 5493 3603 5549 Pammachius
3662 5507 3927 5548 revocare
3984 5487 4248 5552 studuit;
4287 5483 4398 5540 sed
4454 5495 4588 5537 cum

1165 5572 1312 5630 nihil
1343 5573 1648 5647 proliceret
1672 5574 1996 5648 diligentia,
2030 5581 2234 5634 auctor
2261 5579 2611 5653 Hieronymo
2641 5580 2773 5648 fuit,
2796 5584 2862 5635 ut
2917 5596 3064 5637 novo
3093 5580 3310 5654 scripto
3365 5580 3688 5639 multorum
3744 5578 4056 5637 offensioni
4084 5573 4455 5634 occurreret.
4487 5565 4590 5624 Ille

1159 5662 1595 5737 Apologeticam
1626 5663 1954 5738 epistolam,
1988 5665 2047 5721 in
2078 5677 2281 5723 nostra
2303 5668 2639 5725 recensione
2668 5671 2756 5738 48,
2789 5669 2862 5726 ad
2892 5668 3336 5727 Pammachium
3368 5670 3690 5744 rescripsit,
3751 5685 3931 5743 quam
3977 5681 4166 5740 operm
4193 5659 4467 5739 pretium
4497 5657 4587 5714 εει

1165 5751 1334 5813 lectis
1360 5751 1522 5813 hisce
1551 5752 1719 5812 libris
1749 5751 2018 5812 recolere.
2051 5753 2278 5813 Interea
2307 5755 2475 5823 istos,
2507 5758 2663 5826 quod
2694 5762 3030 5818 nostrarum
3061 5759 3317 5833 partium
3347 5759 3478 5831 fuit,
3509 5759 3582 5819 ad
3631 5775 3778 5820 mss.
3837 5757 4066 5819 codices
4121 5746 4591 5826 diligentissime

1933 6055 2122 6123 Α
