4100 6156
456 281 578 361 2.83

1682 291 1760 357 'S.
1806 287 2122 360 EUSEBII
2144 309 2148 314 ‘
2167 291 2630 360 HIERONYMI.

3743 283 3864 356 224

457 427 713 501 exceptis
732 425 1082 484 testimoniis
1100 426 2103 501 Scripturarnm,qua:illovenustis-
2129 437 2186 499 Α
2217 434 2459 501 expertae
2491 430 2786 502 quondam
2841 427 3160 502 voluptatis
3205 427 3496 488 illecebris
3545 423 3863 495 abstinere,

465 518 698 576 tissime
728 517 1070 590 eloquentia:
1103 534 1221 574 suae
1252 517 1392 580 ﬂore
1411 522 1638 575 mutare
1661 535 1775 574 non
1797 536 1976 574 ausus
1999 523 2106 586 est,

451 607 715 680 reliquus
748 623 940 663 sermo
967 607 1126 664 omni
1159 607 1417 663 materiae
1448 608 1732 674 convenit,
1766 609 1906 680 quia
1963 607 2104 662 nulli

450 713 516 754 eo
549 697 726 753 venit.
762 696 895 760 Quae
927 713 1026 752 res
1059 695 1202 753 mihi
1236 696 1493 767 aliquam
1527 697 1915 768 suspicionem
1945 696 2106 751 intel-

448 785 700 860 ligentiae
733 786 912 853 dedit,
943 785 1087 842 velle
1117 802 1249 841 eum
1283 787 1365 842 ita
1414 787 1651 857 nuptias
1670 785 2002 858 praedicare,
2037 790 2103 840 ut

458 876 776 949 virginitati
813 875 1096 930 detrahat.
1125 877 1366 940 Quando
1401 876 1558 931 enim
1603 876 1831 930 minora
1863 876 2099 946 majori-

453 965 567 1020 bus
599 968 994 1036 coaequantur,
1029 964 1321 1020 inferioris
1352 963 1726 1036 comparatio,
1783 964 2102 1036 superioris

455 1053 679 1124 injuria
708 1058 815 1108 est.
850 1057 1048 1125 Neque
1077 1070 1210 1109 vero
1245 1070 1351 1109 nos
1373 1052 1691 1108 Marcionis
1715 1057 1772 1108 et
1799 1051 2098 1108 Manichsei

457 1143 671 1215 dogma
700 1145 1008 1208 sectantes,
1042 1142 1264 1214 nuptiis
1295 1141 1694 1206 detrahimus;
1730 1158 1833 1198 nec
1872 1141 2099 1198 Tatiani

455 1230 741 1303 principis
800 1231 1229 1286 Encratitarum
1288 1247 1482 1286 errore
1551 1231 1796 1302 decepti,
1865 1247 2096 1285 omnem

447 1320 672 1375 coitum
704 1335 985 1390 spurcum
1021 1324 1334 1392 putamus;
1370 1321 1468 1391 qui
1504 1337 1616 1375 non
1649 1319 1839 1376 solum
1859 1320 2096 1391 nuptias

454 1409 557 1463 sed
590 1408 750 1463 cibos
782 1425 1013 1481 quoque
1046 1426 1193 1480 quos
1224 1409 1378 1464 Deus
1409 1412 1622 1465 creavit
1667 1409 1738 1463 ad
1788 1409 2093 1475 utendum,

448 1497 692 1553 damnat
721 1501 779 1552 et
810 1497 1100 1570 reprobat.
1133 1497 1367 1554 Scimus
1398 1497 1456 1552 in
1488 1499 1661 1552 domo
1713 1514 1944 1570 magna,
1979 1514 2094 1552 non

446 1585 639 1642 solum
669 1603 809 1642 vasa
840 1603 968 1642 esse
999 1603 1175 1643 aurea
1203 1591 1259 1642 et
1297 1592 1593 1659 argentea,
1645 1587 1746 1642 sed
1799 1593 1857 1642 et
1904 1587 2095 1658 lignea

438 1679 496 1730 et
525 1675 746 1730 ﬁctilia.
797 1676 867 1730 Et
909 1692 1086 1747 super
1143 1676 1593 1730 fundamentum
1642 1675 1876 1742 Christi,
1937 1676 2090 1747 quod

441 1763 656 1819 Paulus
686 1763 1034 1820 archilectus
1066 1763 1280 1836 posuit,
1342 1763 1488 1820 alios
1540 1765 1826 1820 aedificare
1859 1781 2088 1820 aurum.
2125 1802 2172 1866 Β

449 1856 779 1924 argentum,
810 1853 1034 1924 lapides
1079 1852 1364 1924 pretiosos
1391 1871 1402 1908 :
1438 1853 1585 1909 alios
1617 1871 1647 1908 e
1677 1853 1966 1910 contrario
2011 1855 2093 1908 fe-

441 1958 613 2008 num,
646 1941 829 2015 ligna,
863 1941 1160 2015 stipulam.
1193 1943 1319 1997 Non
1350 1942 2092 2014 ignoramusﬂonorabiles

436 2033 692 2103 nuptias,
746 2040 796 2087 et
845 2041 1026 2087 lorum
1083 2033 1097 2065 ¹
1157 2033 1575 2087 immaculatum
1619 2033 1799 2102 (Hebr.
1830 2050 1949 2098 xm,
2012 2033 2087 2104 ις).

444 2120 731 2193 Legimus
761 2120 1012 2178 primam
1045 2121 1145 2177 Dei
1173 2121 1542 2187 sententiam,
1578 2123 1732 2178 240
1763 2122 1993 2177 Crescite
2038 2125 2089 2176 et

435 2210 924 2281 multiplicamini,
955 2215 1005 2265 et
1034 2213 1234 2282 replete
1263 2218 1470 2265 terram
1516 2210 1668 2283 (Gen.
1729 2229 1769 2279 1,
1818 2213 1916 2280 28)
1948 2229 1960 2279 ;
1989 2213 2087 2267 sed

435 2297 520 2353 ita
556 2299 793 2371 nuptias
823 2298 1164 2371 recipimus,
1196 2304 1260 2354 ut
1289 2298 1705 2372 virginitatem,
1740 2318 1864 2373 qua:
1897 2302 1965 2357 de
1987 2319 2091 2356 nu-

443 2385 582 2458 ptiis
643 2387 925 2453 nascitur,
1000 2387 1401 2460 praeferamus.
1460 2388 1735 2461 Nunquid
1780 2396 2090 2462 argentum

447 2492 563 2532 non
596 2475 707 2532 erit
736 2477 1125 2548 argentum,si
1150 2493 1358 2532 aurum
1382 2482 1622 2550 argento
1645 2479 1958 2550 pretiosius
1974 2479 2091 2534 est?

437 2567 556 2619 Aut
587 2564 814 2620 arboris
844 2569 902 2620 et
947 2565 1162 2637 segetis
1193 2565 1550 2621 contumelia
1579 2571 1687 2634 est,
1715 2567 1763 2622 si
1813 2567 1990 2623 radici
2035 2572 2092 2622 et

441 2652 816 2718 foliis,culmo
847 2657 904 2706 et
933 2652 1328 2725 aristis,poma
1348 2655 1730 2726 praeferantur
1750 2659 1806 2711 et
1836 2656 2091 2712 fructus?

450 2739 523 2795 Ut
552 2756 724 2811 poma
754 2756 822 2795 ex
851 2741 1444 2806 arbore,frumentum
1475 2758 1506 2797 e
1537 2741 1774 2815 stipula,
1807 2743 1887 2800 ita
1915 2744 2089 2818 virgi-

444 2831 620 2884 nutas
649 2845 679 2884 e
709 2828 954 2900 nuptiis.
987 2828 1352 2885 Centesimus
1383 2833 1440 2885 et
1468 2830 1866 2904 sexagesimus
1897 2837 1953 2887 et
1981 2832 2088 2887 tri-

441 2917 698 2974 cesimus
747 2918 971 2972 fructus
1023 2934 1360 2989 quanquam
1410 2919 1480 2974 de
1529 2937 1645 2974 una
1690 2925 1862 2987 terra,
1914 2927 1971 2977 et
2018 2922 2089 2977 de

443 3023 561 3062 una
611 3011 870 3062 semente
919 3011 1212 3074 nascatur,
1262 3011 1456 3064 tamen
1503 3008 1752 3064 multum
1804 3010 1996 3065 ditl‘ert
2027 3011 2083 3065 in

445 3095 984 3167 numero.Triginta
1003 3097 1335 3151 referuntur
1355 3099 1426 3151 ad
1454 3096 1862 3169 nuptias.Nam
1885 3102 1940 3153 et
1960 3097 2087 3170 ipsa

440 3184 758 3257 digitorum
792 3185 1125 3255 conjunctio
1153 3187 1192 3238 ³.
1227 3185 1393 3256 quasi
1419 3185 1579 3240 molli
1612 3203 1673 3241 se
1711 3187 2084 3258 complexans
2117 3171 2158 3236 ί]

435 3267 656 3342 esculo,
691 3278 747 3329 et
778 3274 1086 3339 foederans,
1121 3274 1396 3330 maritum
1429 3273 1615 3345 pingit
1645 3279 1702 3330 et
1747 3278 2077 3349 conjugem.

435 3362 748 3435 Sexaginta
783 3379 915 3419 vero
941 3363 1017 3418 ad
1047 3363 1275 3431 viduas,
1309 3380 1375 3418 eo
1416 3364 1571 3435 quod
1604 3364 1664 3418 in
1713 3365 1985 3436 augustia
2025 3371 2082 3420 et

431 3451 809 3508 tribulatione
839 3456 977 3508 sunt
1001 3452 1223 3524 positas.
1269 3453 1429 3508 Unde
1459 3457 1516 3508 et
1563 3453 1850 3525 superiori
1899 3454 2080 3528 digito

433 3541 849 3613 deprimuntur
889 3560 902 3611 ;
938 3545 1276 3614 quantoque
1335 3542 1523 3615 major
1580 3547 1669 3598 est
1710 3543 1732 3576 ³
1761 3543 2080 3599 difﬁcultas

506 3667 521 3700 ¹
553 3667 608 3722 S.
645 3665 846 3721 Crucis
869 3665 927 3721 in
958 3665 1283 3722 Jerusalem
1313 3666 1385 3721 de
1436 3665 1586 3722 Urbe
1638 3671 1696 3722 et
1727 3666 2080 3723 Veronensis

435 3755 580 3794 mss.
612 3738 793 3792 cubile
823 3738 1260 3793 immaculatum.
1295 3737 1466 3794 Hebr.
1496 3755 1619 3803 xm,
1647 3740 1698 3793 4.

507 3812 528 3843 ²
549 3808 812 3880 Explicat
831 3813 1090 3881 veterum
1107 3825 1328 3881 morem
1352 3825 1454 3880 per
1474 3809 1686 3881 digitos
1708 3810 2077 3879 numerandi,

435 3880 506 3934 de
536 3879 652 3950 quo
686 3879 972 3952 nonnulla
989 3881 1143 3951 apud
1167 3879 1440 3952 antiquos
1461 3879 1798 3936 testimonia
1821 3882 2081 3938 invenire

435 3955 536 4024 est
557 3967 589 4024 :_
604 3951 936 4024 expressius
960 3955 1153 4024 tamen
1179 3951 1326 4007 ratio
1345 3957 1466 4024 tota
1490 3953 1756 4024 proditur
1776 3970 1810 4008 a
1829 3953 2080 4010 Venera-

436 4020 540 4077 bili
573 4020 745 4088 Beda,
797 4026 854 4089 et
899 4023 1164 4078 omnium
1213 4020 1582 4079 exactissime
1630 4041 1661 4080 a
1699 4025 1893 4081 Graeco
1943 4025 2082 4079 scri-

436 4099 599 4168 ptore
629 4092 864 4168 Nicolao
896 4094 1200 4168 Smyrnae,
1221 4095 1404 4168 cujus
1437 4097 1551 4168 fere
1589 4094 1854 4168 ignotum
1905 4113 2078 4168 opus-

436 4164 633 4221 Culum
657 4165 877 4220 editum
897 4170 988 4220 est
1007 4164 1050 4220 Va
1071 4164 1328 4222 Possino.
1354 4167 1516 4222 Beda:
1537 4164 1662 4222 loc-'a
1683 4173 1855 4223 sunt:
1882 4190 1909 4215 «
1935 4164 2079 4222 Cum

434 4236 676 4311 triginta
706 4243 905 4311 potare
934 4236 1210 4311 volueris,
1243 4255 1471 4311 ungues
1501 4238 1710 4311 indicis
1748 4244 1806 4293 et
1856 4237 2080 4309 pollicis

434 4308 650 4380 blando
681 4310 1001 4380 conjunges
1029 4308 1513 4380 amplexquum
1559 4309 1706 4364 dicis
1759 4308 2078 4380 sexaginta,

438 4379 710 4451 pollicem
736 4378 1064 4448 curvatum,
1091 4378 1292 4451 judice
1324 4380 1719 4451 circumflexo,
1771 4378 2084 4451 diligenter

435 4449 469 4524 ᾇ
500 4450 688 4506 fronte
739 4452 1115 4524 praecinges.»
1147 4449 1490 4524 Videetiam
1520 4449 1828 4521 Apuleium
1864 4449 1922 4505 in
1945 4453 2082 4522 Apo-

438 4522 540 4591 log.
574 4521 945 4594 orat.2’.iQuod
960 4521 1150 4594 'porro
1182 4521 1264 4576 ait
1294 4521 1703 4594 Hieronymus,
1732 4521 2084 4578 centesimum

437 4607 728 4646 numerum
757 4593 822 4647 de
875 4592 1103 4648 sinistra
1128 4593 1420 4662 transferri
1448 4592 1523 4647 ad
1569 4592 2085 4660 dexterammotum

437 4678 506 4718 ex
555 4662 818 4717 Cassiani
849 4663 1208 4728 testimonio,
1241 4661 1431 4718 cellat.
1464 4665 1553 4731 24,
1588 4680 1637 4719 c.
1669 4665 1773 4720 26:
1809 4688 1835 4713 «
1887 4669 2086 4721 Cente-

437 4735 641 4790 narius
663 4751 944 4790 numerus
970 4735 1042 4790 de
1062 4734 1303 4790 sinistra
1319 4735 1740 4791 transferturin
1765 4737 2084 4805 dexteram;

437 4811 495 4862 et
523 4805 660 4862 licet
688 4806 953 4881 eamdem
977 4806 1041 4881 in
1061 4805 1474 4881 supputatione
1497 4806 1811 4881 digitorum
1838 4809 2087 4881 figuram

436 4883 632 4952 tenere
661 4879 952 4943 videatur,
987 4877 1235 4952 nimium
1267 4883 1463 4952 tamen
1487 4877 1834 4952 quantitatis
1864 4877 2087 4952 magni-

440 4950 645 5006 tudine
676 4949 1085 5022 supercrescit.
1125 4972 1160 5022 ››Δ
1177 4949 1484 5022 νιῖυνθηαιὶε
1507 4949 1756 5022 quoque
1805 4949 2090 5007 Satin-19-

439 5037 610 5077 versu
641 5019 770 5089 2vl6;
802 5023 873 5077 de
904 5038 1036 5095 rege
1068 5019 1262 5093 Pylio:

507 5118 750 5182 Ἢ..Ιτεῃιὶχ
781 5119 1036 5168 nimirum
1068 5118 1159 5182 qui
1187 5131 1286 5182 per
1314 5122 1392 5168 tot
1423 5118 1618 5168 saecula
1644 5122 1867 5168 mortem

503 5179 730 5238 Distulit,
761 5185 919 5243 atque
951 5179 1215 5244 suos'jam
1247 5181 1435 5231 dextra
1463 5185 1736 5243 computat
1766 5196 1953 5231 annos.

439 5265 586 5351 Vinde
610 5267 876 5349 Nnicarchi
911 5269 1120 5351 veteris
1151 5274 1333 5351 poetae
1395 5271 1451 5325 in
1481 5271 1827 5351 _antho.l_ogia
1873 5270 1975 5328 lib.
2025 5291 2084 5339 ιι,

576 5339 960 5420 epigramma.
989 5338 1339 5420 Quinetiam
1364 5348 1631 5420 nostrum
1669 5338 2086 5420 Hieronymum

441 5410 696 5493 epistola
721 5412 840 5493 t23,
874 5412 944 5465 ad
966 5411 1384 5493 .Ageruchiam,
1433 5413 1558 5493 ubi,
1606 5410 1943 5493 tricenarius
1989 5418 2089 5493 [ae-

441 5481 574 5536 dera
602 5484 924 5550 nuptiarum
953 5481 1074 5553 ipsa
1103 5483 1403 5550 digitorum
1437 5487 1817 5556 conjunctione
1836 5481 2086 5542 testatur.

443 5551 643 5608 Obiter
671 5569 803 5608 vero
834 5554 1125 5608 notandus
1157 5553 1450 5608 Victorius
1481 5561 1587 5612 est.
1641 5558 1740 5612 oui
1792 5558 1966 5612 aliam
2017 5559 2088 5612 ab

443 5574 643 5608 UDILBI‘
671 5574 803 5608 ΥΡΓο
834 5574 1125 5608 ιιοιθηαυδ
1167 5574 1450 5608 νιοιοπιυδ
1481 5574 1587 5623 Οὸῐ,
1641 5574 1740 5628 QUI
1792 5574 1966 5612 aliam
2017 5574 2088 5613 an

436 5623 680 5696 Apuleio
710 5624 845 5681 iniri
877 5629 1080 5698 gestus
1126 5624 1415 5682 rationem
1467 5631 1633 5698 putat
1682 5629 1740 5684 in
1792 5629 2088 5686 tricesimo

2217 523 2379 574 tanto
2412 521 2605 590 majus
2635 525 2723 574 est
2752 521 3264 590 praemium.Porro
3286 519 3646 577 centesimus
3661 533 3868 575 nume-

2215 625 2316 663 rus
2347 607 2696 680 (diligenter,
2732 625 2947 680 quaeso,
2982 608 3181 676 lector,
3215 609 3472 677 attende)
3507 609 3577 663 de
3622 607 3864 664 sinistra

2216 698 2564 754 transfertur
2592 699 2663 754 ad
2696 701 3014 758 dexteram.
3044 705 3100 755 et
3125 700 3332 755 iisdem
3371 699 3609 771 quidem
3641 697 3861 770 digitis,

2215 788 2312 842 sed
2349 805 2461 843 non
2495 804 2628 842 eum
2658 804 2857 852 manu,
2893 788 3111 859 quibus
3141 788 3200 842 in
3233 787 3372 842 laeva
3402 791 3599 858 nuptae
3633 785 3864 857 signiti-

2213 880 2421 930 cantur
2449 880 2506 930 et
2535 875 2739 944 viduae,
2774 875 3061 931 circulum
3092 875 3333 941 faciens,
3368 875 3645 947 exprimit
3689 872 3862 945 virgi-

2213 965 2737 1034 nitatiszcoronam.
2772 964 2901 1018 Haec
2933 964 3002 1019 de
3032 964 3404 1035 impatientia
3447 963 3636 1034 magis
3684 979 3859 1034 quam

2203 1054 2373 1125 juxta
2402 1053 2669 1109 ordinem
2722 1045 3136 1124 disputationis
3188 1051 3455 1108 dixerim.
3508 1051 3651 1106 Cum
3704 1051 3860 1106 enim

2209 1142 2398 1198 adhuc
2428 1142 2520 1198 vix
2553 1144 2572 1177 ⁴
2600 1142 2672 1197 de
2693 1146 2861 1214 portu
2894 1142 3178 1214 egrediar,
3230 1146 3288 1196 et
3337 1140 3690 1195 rudentibus
3732 1139 3860 1195 vela

2209 1230 2543 1298 sustollam,
2584 1229 2643 1284 in
2704 1229 2965 1285 medium
3027 1246 3118 1284 me
3178 1230 3536 1301 quaetionum
3597 1227 3859 1300 pelagus,

2209 1320 2440 1375 subitus
2488 1319 2766 1391 loquendi
2817 1323 2992 1374 (estus
3045 1318 3322 1390 abripuit.
3371 1318 3534 1374 Unde
3578 1317 3858 1373 cohibebo

2207 1425 2467 1474 cursum,
2498 1413 2553 1464 et
2579 1407 2879 1480 paulisper
2908 1407 3076 1464 sinus
3107 1407 3449 1463 contraham
3477 1426 3488 1474 ;
3528 1423 3633 1462 nec
3664 1406 3858 1461 indul-

2206 1498 2352 1571 gebo
2382 1499 2670 1562 mucroni,
2697 1498 2821 1568 jam
2856 1514 3011 1552 nunc
3042 1514 3143 1568 pro
3185 1496 3519 1569 virginitate
3549 1495 3721 1551 ferire
3761 1511 3857 1550 cu-

2205 1586 2670 1659 pienti.|Ballista
2692 1591 2912 1658 quanto
2936 1584 3069 1657 plus
3091 1585 3428 1652 retrahitur,
3455 1588 3617 1640 tanto
3645 1583 3853 1639 fortius

2205 1677 2404 1731 mittit.
2438 1677 2563 1732 Non
2595 1680 2684 1731 est
2716 1677 2998 1730 damnum
3023 1674 3250 1742 dilatio,
3286 1674 3384 1730 ubi
3418 1673 3631 1729 certior
3676 1673 3742 1727 fit
3788 1689 3859 1727 ex

2203 1765 2480 1821 dilatione
2528 1765 2790 1820 victoria.
2865 1764 3191 1836 Proponam
3243 1763 3493 1819 breviter
3541 1761 3857 1818 adversarii

2202 1854 2544 1922 sententias,
2579 1857 2636 1909 et
2666 1855 2737 1909 de
2787 1852 3114 1908 tenebrosis
3144 1851 3312 1908 libris
3341 1853 3361 1886 δ
3393 1853 3520 1923 ejus
3564 1851 3732 1923 quasi
3786 1851 3857 1905 de

2202 1943 2380 1999 foveis
2413 1947 2712 2015 serpentes
2742 1935 3102 2013 protraham,
3135 1957 3325 2012 neque
3357 1941 3547 1997 sinam
3601 1955 3854 1995 veneno-

2202 2049 2334 2087 sum
2367 2036 2560 2104 caput,
2595 2031 2770 2104 spiris
2803 2028 3087 2085 maculosi
3118 2028 3397 2100 corporis.
3432 2029 3579 2085 241
3617 2028 3854 2083 Pateat6

2201 2121 2356 2192 quod
2389 2101 2771 2190 noxiumiest,
2806 2123 2870 2174 ut
2900 2117 3086 2190 possit
3119 2117 3365 2185 conteri,
3392 2134 3527 2172 cum
3579 2115 3850 2189 potuerit.

2273 2233 2300 2259 ‹‹
2334 2209 2503 2278 Dicit,
2538 2209 2818 2282 virgines,
2851 2207 3077 2275 viduas,
3123 2211 3179 2262 et
3215 2207 3542 2272 maritatas,
3577 2222 3704 2277 quae
3755 2222 3849 2260 se-

2201 2299 2316 2355 mel
2348 2299 2406 2354 in
2439 2298 2670 2354 Christo
2699 2297 2827 2354 lotae
2859 2301 3016 2362 sunt,
3051 2296 3099 2351 si
3137 2313 3251 2351 non
3281 2295 3853 2368 discrepentcaateris

2200 2389 2497 2461 operibus,
2531 2388 2798 2460 ejusdem
2831 2402 2958 2442 esse
2992 2384 3208 2440 meriti.

2275 2477 2552 2532 «Nititur
2583 2476 2906 2549 approbare
2949 2491 3067 2542 eos,
3119 2473 3220 2545 qui
3255 2473 3428 2546 plena
3479 2473 3590 2528 fide
3639 2473 3698 2527 in
3748 2473 3850 2528 ha-

2201 2566 2476 2638 ptismate
2507 2566 2691 2621 renati
2715 2569 2873 2629 sunt,
2907 2581 2939 2619 a
2971 2563 3200 2620 diabolo
3225 2579 3337 2618 non
3369 2578 3541 2634 posse
3568 2559 3846 2616 subverti.

2272 2679 2299 2705 «
2333 2653 2596 2710 Tertium
2628 2654 2920 2726 proponit,
2955 2653 3106 2709 inter
3135 2651 3552 2709 abstinentiam
3586 2650 3848 2706 ciborum

2198 2749 2420 2799 etcum
2480 2744 2803 2815 gratiarum
2862 2743 3091 2799 actione
3148 2740 3580 2812 perceptionem
3624 2755 3847 2809 eorum,

2197 2833 2417 2889 nullam
2446 2849 2573 2888 esse
2603 2833 2966 2888 distantiam.

2270 2923 2622 2987 «Quartum
2675 2921 2831 2992 quod
2886 2925 2944 2976 et
3000 2924 3348 2985 extremum,
3406 2936 3535 2975 esse
3582 2918 3843 2974 omnium

2196 3010 2298 3082 qui
2331 3027 2505 3066 suum
2544 3010 2842 3082 baptisma
2893 3009 3275 3078 servaverint,
3331 3025 3508 3063 unam
3558 3007 3616 3061 in
3669 3023 3844 3079 regno

2199 3099 2478 3154 OCBIOP'JII]
2512 3099 3067 3155 remunerationem.
3101 3121 3128 3148 ))

2269 3190 2300 3242 4
2349 3190 2502 3243 Artes
2541 3187 2770 3244 diaboli.
2830 3190 3009 3244 Virtus
3059 3187 3204 3260 apud
3253 3187 3506 3244 Ethnicos
3542 3186 3849 3260 praefertur

2188 3279 2477 3348 voluptati.
2512 3309 2579 3317 —
2607 3278 2738 3333 Haec
2770 3281 2911 3332 sunt
2940 3277 3114 3332 sibila
3144 3275 3433 3348 serpentis
3470 3274 3715 3348 antiqui,
3751 3274 3845 3331 his

2189 3365 2454 3422 consiliis
2485 3368 2658 3422 draco
2691 3367 2762 3421 de
2793 3366 3066 3438 paradiso
3097 3364 3400 3421 hominem
3431 3363 3669 3437 expulit.
3695 3363 3843 3419 Nam

2189 3459 2246 3511 et
2275 3455 2646 3511 saturitatem
2665 3454 2917 3525 jejuniis
2949 3453 3336 3526 praeferendo,
3370 3450 3708 3524 repromisit
3745 3467 3844 3507 eos

2189 3543 2555 3600 immortales
2586 3545 2840 3612 futuros,
2872 3544 3041 3616 quasi
3089 3557 3397 3615 nunquam
3445 3543 3687 3612 possent
3716 3556 3839 3595 cor-

2191 3685 2457 3735 numero,
2493 3669 2591 3724 ubi
2620 3668 2872 3725 indicem
2905 3673 2963 3724 et
2991 3666 3261 3740 pollicem
3293 3665 3638 3740 aperiendps
3678 3664 3840 3732 dicit,

2190 3742 2248 3797 id
2276 3744 2366 3796 est
2395 3740 2647 3796 molliter
2676 3757 2880 3796 eorum
2912 3737 3286 3796 summitates
3312 3737 3675 3793 lambendas.

2260 3813 2281 3846 ³
2312 3813 2372 3867 1n
2403 3811 2663 3885 Epistola
2684 3812 2756 3868 ad
2790 3810 3256 3880 Pammachium,
3281 3811 3412 3882 quia
3441 3813 3643 3882 quanto
3663 3809 3842 3879 major

2190 3891 2291 3948 est,
2325 3889 2432 3938 etc.

2193 4026 2226 4082 h
2262 3954 2591 4081 *bVoculam
2627 3955 2719 4009 vix
2751 3954 3095 4010 Veronensis
3117 3956 3173 4009 et
3202 3954 3257 4008 S.
3287 3952 3488 4007 Crucis
3516 3967 3661 4007 mss.
3714 3966 3831 4006 non

2237 4043 2267 4080 a
2315 4031 2431 4081 ent.

2237 4027 2431 4081 abenL

2261 4099 2281 4132 ⁵
2302 4096 2693 4168 Reposuimus
2727 4096 2884 4168 libris
2913 4113 2981 4150 ex
3009 4093 3700 4168 Casanaten_sis,aliisque
3729 4093 3842 4147 tri-

2190 4168 2303 4224 bus
2334 4166 2476 4223 mss.
2513 4173 2569 4222 et
2597 4166 2772 4222 veteri
2820 4168 3093 4223 editione.
3147 4166 3372 4221 Alludit
3421 4179 3629 4237 nempe
3675 4171 3844 4236 βιϐλία

2192 4248 2437 4306 σκοτεινά,
2473 4244 2536 4292 ut
2575 4239 2644 4294 de
2675 4237 2962 4294 Heraclito
3001 4239 3223 4293 dictum
3269 4243 3358 4293 est
3407 4253 3606 4308 supra.
3656 4239 3846 4291 Antea

2193 4311 2470 4366 mendose
2501 4315 2626 4364 erat
2657 4310 2904 4365 latebris.

2261 4384 2282 4416 δ
2314 4381 2584 4454 Demere
2614 4380 3026 4454 Casanatensis
3062 4380 3348 4454 praeponit
3401 4379 3710 4454 Disputatio
3755 4379 3847 4434 Jo-

2193 4453 2434 4525 viniani,
2462 4458 2603 4525 tum
2644 4450 3257 4525 propositiones—ipsas
3307 4450 3587 4525 Romanis
3636 4465 3848 4525 nume-

2195 4523 2330 4578 ricis
2365 4523 2518 4578 notis
2550 4523 2884 4593 distinguit,
2916 4523 3271 4595 tandemque
3301 4523 3362 4577 in
3404 4523 3518 4577 ﬁne
3571 4524 3704 4593 post
3755 4537 3848 4595 re-

2195 4598 2657 4660 munerationem,
2705 4591 2858 4666 Finit
2905 4591 3198 4666 disputatio
3247 4591 3850 4666 Iovinian.i.'Synodi-

2198 4683 2266 4722 ca
2291 4672 2486 4722 autem
2519 4665 2763 4737 epistola
2793 4667 2850 4722 S.
2883 4664 3174 4722 Ambrosii
3207 4666 3277 4721 ad
3309 4664 3591 4737 Syricium
3636 4679 3845 4737 papam

2198 4739 2368 4804 duas,
2402 4733 2651 4810 primam
2701 4737 2968 4794 videlicet
3009 4742 3065 4810 et
3097 4733 3494 4810 postremam.
3555 4733 3848 4810 Jovinia‘ni

2200 4804 2628 4882 propositiones
2659 4810 2930 4882 exagitat,
2965 4804 3266 4882 nimirum,
3291 4807 3582 4882 «__Nullam
3609 4804 3855 4877 virgini-

2198 4876 2335 4937 tatis
2367 4880 2636 4951 gratiam,
2671 4876 2901 4937 nullum
2933 4881 3216 4936 castitatis
3239 4879 3506 4951 ordinem
3524 4876 3846 4951 reservare,

2199 4949 2536 5024 promiscua
2591 4953 2791 5008 omnia
2848 4951 2994 5024 velle
3041 4952 3418 5016 contundere,
3479 4949 3848 5006 diversorum

2199 5023 2419 5096 gradus
2450 5024 2729 5096 abrogare
2757 5023 3184 5096 meritorum,et
3212 5025 3615 5096 paupertatem
3636 5035 3851 5096 qu_am-

2199 5091 2334 5151 dam
2365 5091 2691 5151 caelestium
2723 5091 3257 5151 remunerationem
3288 5091 3583 5149 inducere.
3633 5091 3669 5142 ››“
3698 5091 3849 5147 Rur-

2199 5185 2332 5223 sum
2363 5183 2498 5223 vero
2529 5165 2710 5222 alium
2741 5166 3050 5222 Joviniano
3081 5182 3336 5224 errorem
3351 5165 3422 5222 de
3444 5163 3637 5222 soluta
3653 5161 3850 5217 Maria:

2198 5238 2532 5310 integritate
2565 5238 2622 5292 in
2655 5254 2849 5308 par.n,
2882 5255 2940 5293 n.
2978 5240 3029 5293 4.
3063 5238 3392 5310 exprobrat,
3436 5235 3591 5308 quod
3630 5248 3843 5310 nempe

2197 5306 2399 5390 diceret
2422 5306 2704 5390 Qhristum
2732 5325 2815 5390 ἐκ
2868 5312 3087 5390 virgine
3121 5306 3518 5390 non-potuisse
3563 5306 3844 5390 genprari.

2197 5381 2384 5444 Quam
2418 5380 2866 5452 blasphemiam,
2888 5376 3136 5452 tametsi
3167 5399 3200 5438 a
3229 5376 3578 5452 Hieronymo
3609 5376 3848 5452 silentio

2198 5452 2506 5524 premitur,
2541 5447 2809 5508 haeretico
2840 5451 2924 5507 illi
2956 5458 3155 5508 tamen
3187 5451 3367 5508 etiam
3419 5447 3849 5524 abAugustino

2199 5523 2415 5578 diserte
2471 5523 2812 5580 attribuitur
2840 5524 2989 5580 libro
3008 5532 3196 5580 contra
3227 5529 3469 5580 Haereses
3499 5523 3636 5578 hazr.
3669 5523 3761 5588 82,
3792 5523 3857 5575 et

2200 5598 2401 5651 contra
2429 5593 2734 5652 Julianum
2767 5611 2944 5668 saepe,
2976 5601 3154 5668 atque
3186 5596 3343 5664 alibi.
