5364 6558
527 246 637 311 Ξῢ

1613 244 2034 321 ADVERSUS
2077 249 2568 324 JOVINIANUM
2614 256 2762 324 LIB.
2809 258 2856 326 l.

3821 260 3940 331 226

527 398 693 438 ruere
720 402 734 445 ;
768 389 825 439 et
857 385 1004 441 dum
1027 382 1393 442 divinitatem
1415 387 1696 459 (aqualem
1719 388 1832 446 Deo
1852 390 2180 462 pollicetur,
2212 393 2264 460 Α
2301 393 2470 461 Enos,
2501 394 2759 463 Cainam,
2792 395 3935 468 Malaleel,Jared,Enoch,Mathusalem’,

523 472 771 544 expullit
802 489 905 529 eos
936 475 1009 530 de
1038 475 1332 546 paradiso,
1367 480 1432 530 ut
1470 476 1565 548 qui
1618 478 1758 532 nudi
1816 484 1874 534 et
1903 480 2176 552 expediti,

519 566 574 616 et
600 563 829 634 absque
861 561 983 618 ulla
1024 563 1256 619 macula
1278 565 1556 637 virgines,
1605 567 1837 622 Domini
1888 569 2179 625 consortio

518 650 892 718 fruebantur,
915 652 1209 724 dejectiin
1256 653 1464 710 vallem
1514 655 1926 728 lacrymarum,
1961 659 2180 713 tunicis

516 741 793 796 consutis
840 747 894 796 et
933 742 1194 813 pelliceis
1252 744 1626 800 vestirentur.
1667 746 1774 801 Sed
1806 763 1878 802 ne
1907 747 2179 803 lectorem

517 830 756 884 diutius
775 833 1500 905 morer,scquarvestigia'
1521 833 1856 906 partitionis
1885 837 2176 908 expositae,

516 923 576 974 et
610 920 896 975 adversus
925 919 1194 992 singulas
1227 922 1654 994 propositiones
1684 925 1834 994 ejus,
1859 923 2184 997 Scriptura-

518 1024 652 1062 rum
684 1007 775 1063 vel
810 1009 1069 1064 maxime
1098 1010 1256 1065 nitar
1312 1012 1708 1067 testimoniis:
1771 1029 1844 1068 ne
1897 1014 2182 1086 querulus

515 1098 740 1168 garria,
775 1114 838 1152 se
864 1097 1201 1169 eloquentia
1229 1101 1423 1173 magis
1452 1118 1632 1173 quam
1663 1087 2181 1175 v'eritategsupera-

518 1193 672 1240 lum.
697 1185 863 1248 Quod
897 1185 946 1242 si
980 1186 1304 1259 explevere,
1338 1193 1394 1243 et
1430 1188 1597 1244 illum
1628 1189 1934 1263 utriusque
1964 1191 2181 1246 instru-

521 1275 717 1330 menti
749 1275 897 1330 nube
928 1292 1258 1348 opressero,
1293 1294 1572 1333 assuman
1621 1280 1886 1352 exempla
1943 1280 2183 1336 saecula-

522 1364 612 1418 ris
645 1380 875 1435 quoque
906 1363 1268 1430 litteraturae,
1303 1367 1373 1420 ad
1408 1383 1582 1438 quam
1617 1372 1673 1422 et
1713 1367 1840 1439 ipse
1889 1373 2179 1440 provocat.

517 1450 870 1524 Doceboque
897 1453 1075 1507 etiam
1100 1453 1253 1509 inter
1285 1454 1666 1527 philosophos
1700 1461 1756 1512 et
1805 1457 2070 1530 egregios
2124 1459 2183 1513 in

514 1539 827 1612 republica
858 1540 1036 1608 viros,
1069 1542 1318 1596 virtutes
1347 1542 1832 1614 voluptatibus,id
1866 1545 2186 1617 est,Pytha-

512 1645 745 1700 geram,
781 1628 1089 1686 Platonem
1124 1635 1182 1686 et
1209 1631 1549 1697 Aristidem,
1582 1633 1903 1706 Aristippo,
1939 1635 2185 1706 Epicuro

513 1724 564 1774 et
593 1719 896 1774 Alcibiadi
930 1720 1004 1775 ab
1036 1719 1312 1777 omnibus
1341 1722 1524 1776 solere
1556 1723 1836 1794 praeferri.
1873 1727 2187 1796 Vos,quaa-

514 1826 600 1874 so,
633 1810 957 1880 utriusque
989 1827 1162 1865 sexus
1194 1809 1450 1882 virgines
1483 1815 1538 1866 et
1571 1813 1954 1877 continentes,
1989 1814 2182 1869 mariti

510 1917 756 1971 quoque
786 1903 848 1954 et
869 1899 1189 1971 digami,ut
1219 1905 1467 1956 conatus
1507 1916 1669 1956 meos
1693 1902 2057 1958 orationibus
2088 1903 2185 1958 ad-

504 1988 742 2059 juvetis
765 1987 1122 2043 Cunctorum
1155 1988 1214 2043 in
1257 2005 1567 2044 commune
1594 1989 1942 2046 Jovinianus
1995 1991 2184 2047 hostis

516 2082 636 2133 est.
671 2077 822 2132 Nam
854 2077 948 2148 qui
981 2076 1230 2148 aequalia
1261 2077 1528 2132 omnium
1561 2077 1769 2132 asserit
1802 2080 2028 2145 merita,
2062 2085 2182 2136 tam

519 2165 850 2238 virginitati
882 2165 1016 2244 facit
1048 2165 1499 2235 injuriam,dum
1531 2184 1659 2222 eam
1690 2168 1913 2240 nuptiis
1945 2185 2182 2241 compa-

515 2262 628 2320 rat,
665 2272 850 2327 quam
872 2261 929 2309 et
956 2254 1198 2326 nuptiis,
1234 2254 1319 2310 sic
1351 2255 1503 2311 242
1534 2271 1634 2310 cas
1666 2255 1859 2311 licitas
1891 2274 2179 2325 asserens,

518 2351 584 2401 ut
617 2345 888 2400 secunda
916 2349 975 2399 et
1007 2343 1178 2400 tertia
1208 2344 1729 2400 matrimonia.Sed
1764 2351 1820 2400 et
1849 2346 2102 2417 digamis
2128 2351 2185 2402 et

521 2435 799 2508 trigamis
850 2433 1223 2489 adversarius
1255 2438 1363 2501 est,
1412 2433 1491 2489 ibi
1553 2451 1774 2505 ponens
1833 2439 2184 2492 scortatores

523 2524 826 2597 quondam
853 2527 912 2578 et
945 2521 1469 2578 libidinosissimos
1502 2527 1630 2595 post
1653 2523 2182 2595 pcenitentiam,ubi

521 2613 824 2686 duplicata
854 2618 913 2667 et
947 2610 1242 2683 triplicata
1266 2612 1677 2667 matrimonia:
1737 2612 1852 2681 nisi
1909 2613 2061 2684 quod
2123 2614 2180 2668 in

516 2721 584 2760 eo
615 2701 846 2775 digami
879 2707 938 2757 et
967 2700 1206 2772 trigami
1239 2699 1431 2756 dolere
1462 2717 1576 2756 non
1611 2701 1844 2769 debent,
1868 2703 2007 2773 quia
2028 2702 2181 2757 idem

517 2796 812 2849 scortator
839 2795 896 2846 et
930 2789 1222 2861 paenitens
1253 2788 1312 2858 in
1347 2805 1525 2862 regno
1559 2789 1839 2846 ccelorum
1871 2790 2047 2846 etiam
2078 2791 2184 2845 vir-

515 2877 1671 2955 ginibusadaequaturProponamigitur
1685 2878 2184 2936 manifestioribus

518 2971 714 3026 verbis
745 2975 805 3024 et
836 2966 1196 3023 habentibus
1225 2967 1481 3039 aliquam
1526 2968 2030 3040 consequentiam,
2092 2985 2182 3023 ar-

518 3064 810 3134 gumenta
840 3059 974 3127 ejus
1001 3060 1057 3112 et
1103 3055 1367 3128 exempla
1422 3057 1493 3112 de
1553 3056 1796 3128 nuptiis,
1857 3058 2184 3129 eodemque

2291 483 2559 552 Lamech,
2590 485 2728 553 Noe,
2763 503 2967 542 omnes
3017 487 3294 542 habuisse
3327 503 3554 555 uxores,
3606 492 3662 544 et
3713 506 3780 544 ex
3835 491 3940 547 Dei

2289 572 2578 627 sententia
2608 573 2759 629 filios
2795 591 3130 646 procreasse
3164 575 3350 645 (quasi
3384 577 3774 647 generationis
3798 580 3940 635 ordo

2289 663 2346 713 et
2375 660 2622 716 historia
2655 662 3005 718 conditionis
3029 663 3318 729 humanae,
3352 663 3477 719 sine
3502 663 3852 737 conjugibus
3883 673 3942 724 et

2290 747 2488 805 liberis
2522 752 2775 821 potuerit
2803 753 3084 823 enarrari)
3113 769 3125 806 :
3154 776 3178 801 ‹‹
3217 753 3350 819 Iste,
3375 753 3586 824 inquit,
3615 761 3703 808 est
3724 757 3938 820 Enoch,

2291 837 2387 908 qui
2432 839 2752 894 ambulavit
2782 857 2914 895 cum
2950 841 3086 907 Deo,
3121 847 3178 896 et
3209 846 3409 912 raptus
3451 842 3509 896 in
3568 841 3776 898 cmlum
3831 849 3942 900 est.

2293 927 2562 993 lsteNoe,
2594 929 2717 1000 qui.
2753 945 2885 983 cum
2937 934 3134 984 essent
3202 930 3402 1002 utique
3463 931 3632 986 multi
3689 931 3945 1004 virgines

2291 1020 2525 1086 propter
2553 1022 2803 1084 aetatem,
2835 1017 2996 1072 solus
3031 1035 3162 1072 cum
3198 1018 3334 1073 filiis
3366 1025 3423 1074 et
3454 1020 3735 1076 uxoribus
3799 1039 3946 1077 nau-

2292 1105 2452 1176 frago
2467 1105 2603 1161 orbe
2622 1112 2883 1162 servatus
2910 1112 3017 1161 est.
3044 1107 3268 1161 Rursus
3292 1113 3422 1178 post
3442 1107 3752 1178 diluvium,
3774 1111 3946 1182 quasi

2292 1191 2470 1248 altero
2493 1193 2776 1265 principio
2798 1196 3028 1266 generis
3053 1195 3592 1266 humani,vivorum
3615 1202 3673 1253 et
3695 1215 3943 1254 uxorum

2295 1281 2456 1353 paria
2479 1284 2816 1355 junguntur
2845 1288 2899 1338 et
2928 1300 2996 1338 ex
3027 1283 3250 1355 integro
3291 1284 3685 1355 generationis
3723 1286 3944 1342 instau-

2294 1375 2456 1425 ratur
2486 1371 2844 1427 benedictio:
2881 1372 3128 1439 Crescite,
3161 1373 3761 1443 etmultiplicamini,et
3786 1375 3939 1430 243

2294 1461 2494 1530 replete
2521 1464 2725 1514 terram
2761 1460 2911 1531 (Gen.
2945 1478 3070 1523 vm,
3102 1462 3187 1524 17,
3244 1462 3294 1514 el
3347 1478 3424 1527 1x,
3481 1460 3554 1529 l).
3619 1485 3646 1509 »
3698 1461 3944 1534 Insuper

2293 1547 2467 1602 etiam
2491 1549 2982 1604 comedendarum
3015 1549 3280 1604 carnium
3314 1547 3548 1604 licentia
3606 1548 3939 1605 relaxatur:

2295 1638 2357 1690 Et
2387 1652 2546 1691 omne
2576 1636 2713 1706 quod
2739 1645 3001 1703 movetur,
3047 1639 3149 1692 erit
3209 1638 3357 1691 vobis
3408 1639 3466 1702 in
3527 1653 3746 1698 escam;
3804 1639 3945 1694 sicut

2296 1725 2442 1779 olera
2482 1725 2775 1780 herbarum
2804 1725 2929 1781 dedi
2958 1729 3106 1782 vobis
3139 1727 3394 1782 universa
3437 1726 3598 1797 (Ibid.
3657 1727 3733 1797 9).
3794 1731 3942 1783 Cur-

2298 1813 2371 1868 rit
2400 1815 2469 1868 ad
2505 1814 2823 1883 Abraham,
2861 1816 3040 1879 Isaac,
3073 1822 3128 1871 et
3157 1816 3352 1883 Jacob,
3406 1819 3463 1871 et
3517 1816 3732 1888 quibus
3786 1815 3946 1889 prior

2295 1903 2603 1975 trigamus,
2638 1905 2934 1959 secundus
2987 1921 3396 1976 monogamus,
3431 1905 3637 1960 tertius
3695 1909 3948 1976 quatuor

2295 2008 2542 2047 uxorum
2575 1998 2700 2049 est:
2741 1993 2866 2058 Lize,
2922 1992 3158 2055 Rachel,
3219 1991 3389 2059 Balaz,
3450 1997 3508 2048 et
3565 1993 3829 2065 Zelphie;
3889 1999 3948 2051 et

2293 2082 2503 2136 asserit
2535 2082 2831 2136 Abraham
2863 2082 2935 2137 ob
2968 2082 3101 2137 fidei
3133 2082 3431 2149 meritum,
3478 2083 3945 2140 benedictionem

2295 2169 2352 2223 in
2383 2170 2754 2242 generatione
2789 2169 2889 2224 filii
2923 2170 3236 2240 accepisse.
3274 2171 3480 2225 Saram
3514 2171 3569 2225 in
3601 2176 3805 2243 typum
3839 2172 3944 2228 Ec-

2293 2257 2501 2324 clesiae,
2535 2258 2625 2312 cui
2686 2258 3019 2312 defecerant
3080 2256 3412 2325 muliebria,
3470 2258 3944 2314 maledictionem

2294 2346 2641 2412 sterilitatis,
2718 2351 2921 2418 partus
2981 2346 3381 2404 benedictione
3440 2352 3720 2403 mutasse.
3780 2349 3942 2412 Quod

2293 2435 2548 2490 Rebecca
2562 2435 2694 2490 ierit
2710 2436 2875 2506 quasi
2902 2435 3208 2507 prophetes
3229 2435 3587 2508 interrogare
3602 2435 3941 2505 Dominum,

2294 2530 2349 2579 et
2379 2523 2628 2578 audierit
2659 2525 2730 2578 ab
2762 2541 2849 2591 eo,
2881 2525 3016 2582 Duze
3043 2533 3226 2595 gentes
3257 2529 3312 2579 et
3339 2524 3445 2579 dua
3469 2526 3656 2596 pepuli
3699 2527 3759 2580 in
3789 2533 3941 2582 utero

2295 2618 2384 2668 tuo
2415 2617 2540 2668 sunt
2569 2612 2719 2684 (Gen.
2755 2631 2880 2681 xxv,
2914 2613 3028 2685 23).
3063 2613 3225 2676 Quod
3256 2613 3436 2669 Jacob
3468 2631 3572 2685 pro
3612 2631 3788 2670 uxore
3818 2631 3936 2670 ser-

2293 2703 2491 2758 vierit:
2527 2706 2584 2757 et
2613 2702 2984 2758 existimante
3019 2701 3256 2769 Rachel,
3288 2701 3396 2757 viri
3424 2719 3552 2758 esse
3601 2702 3737 2759 dare
3795 2703 3940 2760 libe-

2296 2809 2412 2858 ros,
2446 2807 2508 2845 ac
2541 2791 2806 2846 dicente:
2839 2792 2918 2846 Da
2948 2791 3092 2846 mihi
3118 2789 3298 2860 ﬁlios:
3350 2792 3440 2845 sin
3497 2795 3684 2847 autem
3730 2795 3943 2848 moriar

2294 2880 2444 2951 (Gen.
2508 2898 2635 2947 xxx,
2691 2880 2782 2951 4);
2871 2879 3270 2951 responderit:
3353 2880 3630 2950 Numquid
3679 2897 3778 2952 pro
3836 2882 3942 2936 Deo

2295 2986 2388 3041 ego
2411 2986 2551 3037 sum,
2581 2971 2679 3039 qui
2707 2978 2756 3024 te
2784 2969 3048 3023 conclusit
3072 2967 3234 3038 (Ibid.
3267 2970 3364 3039 2)?
3425 2969 3486 3022 In
3546 2972 3799 3037 tantum,
3848 2968 3944 3024 in-

2295 3059 2442 3130 quit,
2531 3057 2752 3114 sciebat
2817 3058 3042 3112 fructus
3095 3057 3434 3128 nuptiarum
3502 3057 3733 3113 Domini
3792 3075 3943 3125 esse,

518 3132 726 3205 ordine
758 3146 986 3211 omnia,
1020 3162 1135 3216 quo
1167 3145 1239 3200 ab
1273 3162 1338 3200 eo
1375 3145 1532 3200 dicta
1562 3150 1719 3211 sunt,
1752 3145 2034 3218 digeram.
2069 3146 2182 3201 Nec
2213 3132 2255 3198 C
2296 3165 2409 3202 non
2443 3146 2658 3202 mariti.
2693 3147 2854 3212 Quod
2885 3146 3098 3217 Joseph
3134 3146 3220 3200 vir
3247 3150 3489 3201 sanctus
3537 3150 3710 3218 atque
3740 3147 3947 3203 castis-

519 3237 846 3294 molestum
880 3234 1080 3292 lectori
1113 3235 1210 3301 sit,
1245 3234 1292 3290 si
1348 3251 1626 3290 nauseam
1657 3236 1783 3306 ejus
1814 3241 1872 3290 et
1898 3235 2182 3290 vomitum

518 3326 714 3398 legere
746 3321 1159 3395 compellatur.
1217 3323 1519 3379 Libentius
1578 3323 1907 3378 antidotum
1968 3323 2182 3378 Christi

521 3415 884 3483 bibet,cum
939 3410 1154 3468 diaboli
1213 3427 1433 3466 venena
1491 3411 1915 3483 prmcesserint.
1976 3412 2185 3468 Audite

529 3503 854 3574 patienter,
884 3501 1161 3571 virgines;
1211 3501 1430 3568 audite,
1481 3517 1677 3572 quazso
1730 3501 2186 3573 voluptuosissi-

538 3607 713 3646 mum
747 3589 1222 3656 concionatorem,
1258 3589 1376 3644 imo
1409 3589 1576 3661 quasi
1621 3591 1944 3646 sirenatum
1977 3595 2185 3645 cantus

532 3687 596 3737 et
631 3678 862 3735 fabulas
893 3678 1084 3735 clausa
1114 3695 1256 3735 aure
1305 3679 1568 3735 transite.
1601 3679 1837 3735 Vestras
1869 3680 2010 3735 ferte
2043 3697 2183 3752 pau-

531 3770 719 3842 lisper
748 3768 1035 3839 injurias;
1067 3772 1267 3840 putate
1300 3786 1400 3823 vos
1432 3785 1565 3823 cum
1599 3767 1827 3825 Christo
1855 3769 2182 3836 cruciﬁxas,

531 3859 964 3914 Pharisaeorum
998 3857 1200 3912 audire
1230 3857 1686 3930 blasphemias'.

596 3950 651 4003 5.
684 3949 1034 4003 Iovinianus.
1070 3947 1227 4002 Liber
1253 3947 1664 4003 Deuteronomii
1691 3948 1789 4002 sub
1819 3949 1967 4003 Josia
1997 3964 2184 4020 reper-

519 4044 610 4093 tus
645 4040 704 4091 in
737 4035 962 4107 templo.
999 4067 1066 4075 —
1095 4039 1312 4102 Primo,
1347 4036 1560 4108 inquit,
1595 4035 1695 4091 Dei
1728 4037 2019 4092 sententia
2074 4041 2184 4102 est,

517 4128 759 4197 Propter
783 4123 928 4196 quod
957 4124 1195 4180 dimittet
1233 4125 1388 4180 homo
1416 4129 1627 4196 patrem
1659 4130 1708 4180 et
1767 4133 1999 4181 matrem
2027 4142 2186 4180 suam

515 4220 565 4270 et
595 4215 899 4270 adhaerebit
931 4215 1097 4268 uxori
1119 4229 1228 4270 suae
1257 4223 1307 4269 et
1355 4219 1518 4269 erunt
1576 4215 1682 4271 duo
1740 4215 1798 4269 in
1857 4231 2024 4271 carne
2072 4232 2185 4270 una

509 4304 666 4374 (Gen.
701 4321 767 4374 ιι,
799 4304 892 4368 24,
927 4308 980 4357 et
1005 4301 1188 4358 Matth.
1219 4320 1336 4370 xxx,
1387 4304 1463 4375 5).
1497 4306 1577 4358 Ac
1638 4321 1707 4359 ne
1767 4304 1911 4360 forte
1965 4304 2185 4360 dicere—

509 4409 649 4448 mus
683 4393 798 4447 hoc
831 4389 1122 4462 scriptum
1159 4391 1214 4444 in
1242 4391 1422 4446 veteri
1473 4391 1869 4458 Testamento,
1911 4393 2122 4448 asserit
2152 4410 2186 4447 a

509 4482 760 4537 Domino
793 4496 1033 4553 quoque
1063 4479 1322 4552 idipsum
1355 4480 1411 4535 in
1463 4479 1771 4553 Evangelio
1827 4482 2181 4536 confirmari.
2212 4502 2260 4567 D

507 4571 661 4639 Quod
693 4573 836 4626 Deus
867 4571 1184 4636 coniunxit,
1216 4568 1370 4624 homo
1395 4585 1502 4625 non
1553 4577 1804 4635 separet:
1862 4569 2180 4641 statimque

505 4658 833 4723 subnectit,
870 4658 1108 4713 Crescite
1138 4662 1189 4713 et
1220 4659 1702 4730 multiplicamini,
1739 4666 1790 4713 et
1839 4661 2039 4730 replete
2071 4664 2178 4715 ter-

507 4767 632 4804 ram
663 4748 824 4816 (Gen.
865 4765 905 4818 ι,
935 4750 1072 4815 28);
1125 4752 1181 4804 et
1210 4763 1315 4819 per
1369 4746 1636 4802 ordinem
1697 4746 1960 4819 replicat,
2018 4747 2176 4814 Seth,

587 4947 599 4977 ‘
636 4941 1062 5014 Casanatensis
1093 4941 1498 5014 liber,vestigza
1524 4945 1915 5014 propositionis
1935 4946 2178 5014 exposita

583 5019 605 5050 ¹
639 5016 901 5071 Rursum
934 5013 1353 5069 Casanatensis
1411 5015 1556 5069 liber
1609 5015 1892 5086 praeponit
1947 5013 2175 5087 epigra-

505 5089 690 5167 ph_em
726 5087 1349 5167 Diputatiofouiriiani,

581 5161 602 5192 ³
644 5156 900 5214 Gravius
934 5156 1136 5212 mallet
1166 5156 1445 5213 Matusale.

581 5234 600 5263 δ
635 5230 802 5284 Alias
831 5235 976 5284 erat.
1015 5245 1117 5284 nec
1151 5231 1318 5295 bene,
1375 5243 1556 5284 semen
1611 5229 1934 5298 nuptiarum
1991 5228 2175 5284 dedita

503 5320 675 5372 opera
698 5301 992 5380 perdebgt,
1022 5300 1260 5380 Antiqui
1301 5299 1692 5380 librinxlnnam
1721 5315 1822 5380 pro
1845 5301 2023 5380 Quam
2061 5301 2172 5356 fre-

505 5371 807 5446 quentius
850 5371 1121 5446 efferunt.

505 5442 704 5500 Graeco
741 5442 913 5496 Αὖνὰν
949 5448 1006 5498 et
1036 5443 1188 5498 infra
1220 5443 1428 5499 Chabcr
1471 5459 1574 5514 pro
1635 5442 1836 5514 Haber.
1899 5475 1965 5483 —
2027 5445 2170 5511 Quia

505 5519 676 5586 fratri
709 5515 963 5571 invidens
991 5531 1191 5570 semen.
1229 5520 1289 5570 In
1322 5513 1520 5570 codice
1552 5529 1662 5569 ms.
1699 5513 2171 5585 Sangermancn-

509 5590 565 5646 εἰ
595 5587 890 5663 legimus:
925 5587 1068 5657 Quia
1095 5589 1265 5660 fratri
1295 5586 1572 5659 invidens,
1605 5594 1921 5645 sanctorum
1949 5589 2176 5662 nuptia-

1233 5376 1358 5428 ccte
1416 5370 1770 5426 Veronensis
1831 5373 2047 5426 Annam
2105 5389 2174 5428 ex
2280 5371 2435 5426 duret
2465 5386 2645 5426 semen
2677 5378 2839 5439 fratri
2870 5383 2989 5422 suo.

2281 5444 2375 5505 tri,
2409 5447 2466 5514 et
2496 5441 2624 5496 ideo
2657 5442 2996 5514 nuptiarum
3028 5457 3203 5512 Opera
3239 5442 3538 5514 perdebat.
3571 5444 3857 5514 Ιιμιγι-ιᾼΝ.

2291 3237 2504 3301 simus,
2539 3241 2596 3292 et
2626 3251 2831 3292 omnes
2863 3233 3207 3308 patriarchae
3237 3250 3448 3290 uxores
3478 3234 3946 3307 habuerint,qui-

2293 3327 2401 3380 bus
2434 3323 2737 3396 aequaliter
2758 3340 2859 3396 per
2890 3323 3125 3395 Moysen
3157 3323 3465 3379 benedicat
3523 3327 3696 3381 Deus.
3725 3323 3942 3380 Judam

2294 3429 2527 3485 quoque
2556 3411 2844 3485 proponii,
2886 3416 2942 3467 et
2992 3411 3284 3467 Thamar:
3339 3416 3396 3466 et
3443 3412 3703 3468 occisum
3757 3411 3944 3467 Onam

2293 3502 2633 3576 perstringit
2661 3519 2694 3556 a
2717 3501 2987 3567 Domino,
3020 3502 3160 3572 quia
3192 3501 3352 3557 fratri
3399 3500 3663 3557 invidens
3721 3517 3943 3567 semen,

2294 3591 2633 3664 nuptiarum
2679 3607 2853 3664 opera
2883 3592 2904 3624 ⁵
2957 3589 3250 3662 perdebat.
3303 3593 3534 3661 Moysen
3567 3589 3859 3661 proponit,
3891 3593 3949 3645 et

2294 3681 2479 3736 Maria:
2513 3680 2754 3752 lepram,
2791 3681 2950 3752 quas"
2982 3678 3142 3733 fratri
3213 3694 3316 3748 pro
3378 3693 3550 3733 uxore
3585 3676 3942 3750 (detrahens,

2295 3769 2446 3824 illico
2471 3769 2570 3824 Dei
2605 3769 2822 3823 ultione
2855 3783 3133 3839 percussa
3161 3772 3268 3822 est.
3307 3766 3530 3821 Laudat
3585 3766 3860 3832 Samson,
3891 3770 3949 3821 et

2296 3857 2561 3913 uxorium
2593 3856 2927 3912 Nazarenam
2961 3855 3126 3910 miris
3158 3855 3326 3912 atl‘ert
3355 3855 3680 3928 praeconiis.
3716 3853 3950 3910 Debbo-

2295 3963 2415 4002 ram
2444 3961 2674 4018 quoque
2708 3945 2946 4017 replicat
2976 3950 3032 3999 et
3064 3943 3304 4012 Barach,
3343 3945 3497 4015 quod
3532 3945 3752 4016 absque
3774 3943 3950 4016 virgi-

2296 4036 2495 4090 nitatis
2526 4033 2696 4089 bonis
2728 4033 2984 4089 Sisaram
3017 4037 3074 4088 et
3099 4032 3293 4087 Jabim
3344 4036 3410 4110 et
3453 4050 3661 4088 currus
3724 4033 3940 4088 ferreos

2294 4123 2658 4180 debellarint.
2690 4121 2854 4179 Jahel
2898 4137 3135 4177 uxorem
3170 4121 3357 4176 Haber
3383 4120 3554 4193 Cynei
3597 4120 3827 4176 adducii
3886 4119 3946 4176 in

2297 4213 2584 4276 medium,
2619 4216 2677 4267 et
2707 4210 2838 4284 palo
2880 4214 3167 4266 armatam
3193 4209 3469 4281 praedicat
3499 4225 3764 4263 manum.
3791 4209 3948 4263 Inter

2292 4303 2500 4375 Jephte
2531 4306 2754 4374 patrem
2787 4304 2844 4355 et
2873 4297 3052 4354 filiam
3081 4298 3389 4371 virginem,
3449 4314 3580 4370 quae
3642 4296 3943 4353 immolata

2295 4392 2372 4446 sit
2400 4390 2668 4453 Domino,
2703 4389 2844 4445 dicit
2873 4387 3096 4444 nullam
3139 4388 3320 4443 fuisse
3353 4386 3697 4442 distantiam
3725 4405 3737 4455 ;
3801 4383 3942 4458 quin

2293 4481 2490 4551 potius
2523 4480 2698 4536 fidem
2732 4479 2915 4550 patris
2946 4478 3175 4550 praafert
3199 4476 3407 4548 ei,quae
3442 4493 3591 4532 czesa
3611 4477 3688 4532 sit
3710 4474 3939 4549 lugens.

2292 4568 2461 4624 Venit
2487 4569 2560 4624 ad
2593 4566 2826 4623 Samuel
2861 4565 3111 4622 alterum
3153 4566 3488 4624 Nazarenam
3546 4564 3802 4635 Domini,
3835 4565 3937 4636 qui

2290 4657 2362 4712 ab
2395 4656 2644 4711 infantia
2675 4655 2932 4711 nutritus
2964 4655 3022 4710 in
3081 4654 3457 4712 tabernaculo
3488 4659 3660 4723 est,et
3688 4655 3935 4710 vestitus

2287 4747 2488 4801 Eenon
2521 4762 2648 4812 ean,
2683 4745 2836 4816 quod
2870 4745 3305 4816 interpretatur,
3338 4745 3578 4801 vestibus
3605 4744 3807 4799 lineis:
3847 4741 3936 4798 di-

2288 4958 2412 4996 rum
2441 4957 2605 5014 Opera
2631 4940 2906 5011 perdebat.
2933 4943 2995 4995 In
3031 4957 3147 4995 uno
3179 4937 3937 5014 Celbertinagllibliothecze,

2284 5008 2482 5068 semen'
2505 5008 2841 5084 nuptiarum
2862 5015 2917 5084 in
2952 5016 3097 5066 terra
3125 5010 3406 5081 fundebat.
3449 5008 3560 5064 Alii
3594 5009 3825 5084 codices
3855 5008 3937 5066 le-

2285 5089 2526 5157 guntiut
2559 5080 2664 5157 nos
2716 5083 3050 5157 edidimus:
3104 5080 3366 5136 nostram
3423 5097 3556 5136 vero
3611 5080 3934 5157 genuinam

2286 5151 2415 5212 csse
2449 5156 2753 5212 lectionem
2786 5153 3016 5226 probari
3048 5157 3241 5226 potest
3271 5169 3338 5208 ex
3370 5151 3640 5209 contextu
3675 5151 3812 5209 LXX
3849 5153 3946 5208 In-

2285 5233 2628 5301 terpretum,
2653 5222 2803 5282 Gen:
2827 5222 3086 5301 Χχκνιιιξ
3120 5222 3306 5301 Sciens
3339 5234 3521 5280 autem
3554 5226 3948 5301 Annanpquia

2283 5295 2395 5355 non
2421 5301 2529 5356 sibi
2558 5306 2940 5354 eratsemen...
2991 5295 3184 5423 e/{udit
3238 5313 3400 5368 super
3458 5302 3683 5364 terram,
3717 5299 3776 5351 ut
3829 5311 3952 5356 non

2283 5371 2435 5423 duret
2465 5386 2645 5423 semen
2679 5378 2839 5423 tratri
2870 5383 2989 5422 suo.
3068 5367 3341 5423 nvidebat
3371 5369 3554 5423 igitur
3589 5384 3786 5422 semen
3821 5367 3952 5423 fra-

3068 5367 3341 5424 nvidebat
3371 5369 3554 5437 igitur
3589 5384 3786 5422 semen
3821 5367 3954 5425 fra-

2351 5515 2372 5548 δ
2401 5513 2493 5569 Sic
2524 5510 2763 5588 corrigit
2792 5511 3039 5570 Vallars.
3068 5510 3080 5570 Ξ
3115 5510 3360 5571 Martian
3393 5529 3449 5584 v,
3482 5513 3552 5570 lO
3598 5510 3775 5568 habet
3802 5510 3980 5578 quiq,

2279 5584 2442 5644 Em'r.
