5364 6558
1074 216 1232 284 .227

2355 213 2418 281 S.
2451 206 2767 282 EUSEBII
2809 206 3281 278 HIERONYMI.

4388 202 4512 274 228

1109 350 1306 423 citque
1336 364 1469 406 eum
1502 342 1655 405 ﬁlios
1684 360 2042 421 procreasse,
2076 364 2181 406 nec
2210 348 2627 407 sacerdotalem
2658 364 2763 421 pu-
2793 349 2843 414 Α
2876 345 3253 423 rhetoricum,
3279 349 3338 402 et
3366 344 3503 400 facit
3530 339 3946 416 apostropham
3975 339 4049 397 ad
4077 339 4386 414 virginem,
4418 339 4509 396 di-

1108 437 1372 495 dicitiam
1402 437 1600 494 uxoris
1645 437 2021 495 imminutam
2067 455 2196 495 esse
2224 439 2550 512 complexu.
2607 438 2762 493 Booz
2868 450 3039 492 cens:
3074 460 3102 486 ‹‹
3134 436 3261 492 Non
3311 433 3417 490 tibi
3475 433 3643 502 facio,
3700 432 3886 506 virgo,
3913 429 4228 503 i'njuriam:
4289 427 4509 502 elegisti

1107 543 1243 583 cum
1274 544 1387 585 sua
1417 526 1603 583 Ruth‘
1634 525 1695 583 in
1726 544 1860 584 area
1889 527 2152 595 collocat,
2181 532 2240 584 et
2293 529 2480 594 Jesse,
2532 543 2598 582 ac
2647 526 2755 582 Da-

1103 615 1198 672 vid
1232 617 1387 674 241
1421 616 1554 672 inde
1583 617 1871 688 producit.
1905 617 2106 690 Ipsum
2137 633 2370 690 quoque
2416 615 2594 672 David
2652 615 2758 671 du-

1105 704 1290 761 centis
1320 703 1675 778 praeputiis’,
1704 704 1879 760 etiam
1913 722 2048 761 cum
2076 705 2207 760 vitae
2250 704 2506 777 periculo
2522 704 2566 759 ⁸.
2599 703 2756 777 regis

1105 793 1237 849 filias
1271 793 1552 866 quaesisse
1580 793 1948 850 concubitus.
1976 794 2125 860 Quid
2157 794 2348 850 dicam
2389 794 2459 849 de
2491 792 2753 849 Salomo-

1104 898 1198 949 ne,
1229 897 1405 954 quem
1432 898 1654 954 ponens
1676 883 1734 937 in
1766 881 2028 955 catalogo
2060 881 2751 954 maritorum,imaginem

1102 971 1312 1027 asserit
1342 970 1658 1027 Salvatoris
1677 970 1705 1024 ‘2
1733 972 1880 1027 etde
1924 970 2025 1027 illo
2082 970 2207 1027 vult
2234 987 2367 1027 esse
2423 970 2708 1042 scriptum
2734 988 2747 1026 :

1101 1062 1251 1115 Deus
1265 1058 1546 1131 judicium
1563 1062 1724 1114 tuum
1758 1060 1880 1130 regi
1917 1059 2006 1128 da,
2039 1063 2090 1115 et
2118 1060 2401 1131 justitiam
2430 1066 2583 1115 tuam
2634 1060 2753 1130 ﬁlio

1101 1149 1265 1218 regis.
1300 1147 1391 1216 Et,
1432 1147 1664 1203 Dabitur
1692 1148 1746 1203 ei
1799 1147 1865 1203 de
1921 1164 2057 1204 auro
2111 1149 2352 1216 Arabiae,
2413 1156 2464 1203 et
2518 1147 2751 1203 orabunt

1092 1251 1195 1308 pro
1223 1252 1288 1292 eo
1317 1250 1546 1308 semper.
1578 1238 1659 1291 Ac
1699 1244 1936 1309 repente
1972 1237 2335 1294 transcendit
2373 1236 2446 1292 ad
2476 1235 2660 1292 Eliam
2694 1241 2751 1292 et

1099 1322 1409 1393 Eliseaum,
1443 1327 1500 1381 et
1525 1330 1725 1381 narrat
1754 1326 1923 1397 quasi
1955 1326 2176 1399 grande
2191 1325 2560 1399 mysterium,
2593 1325 2748 1398 quod

1096 1412 1444 1483 requieverit
1475 1411 1721 1484 spiritus
1750 1412 1884 1468 Elite
1913 1412 1975 1468 in
2006 1412 2215 1469 Elisan
2243 1431 2257 1469 :
2290 1417 2347 1468 et
2374 1429 2480 1468 cur
2516 1411 2627 1467 hoc
2660 1411 2746 1467 di-

1093 1500 1263 1570 xerit,
1295 1504 1487 1557 tacet:
1526 1500 1638 1556 nisi
1674 1501 1822 1557 forte
1850 1500 2034 1558 Eliam
2078 1517 2313 1574 quoque
2359 1506 2416 1557 et
2472 1501 2744 1557 Elisosum

1094 1587 1374 1645 habuisse
1402 1589 1720 1645 arbitretur
1752 1606 1978 1646 uxores.
2012 1589 2249 1646 Transit
2277 1590 2349 1645 ad
2400 1588 2702 1646 Ezechiam
2727 1605 2740 1618 ·

1093 1682 1152 1734 et
1180 1694 1313 1734 cum
1346 1678 1405 1733 in
1430 1680 1559 1751 ejus
1589 1678 1865 1736 laudibus
1887 1679 2452 1748 immoretur,miror
2470 1695 2576 1733 cur
2595 1677 2740 1735 obli-

1093 1770 1191 1823 tus
1215 1767 1295 1823 sit
1322 1767 1514 1823 dicere
1538 1784 1557 1822 :
1584 1768 1786 1824 Amodo
1813 1769 1961 1839 ﬁlios
1981 1770 2196 1838 faciam
2226 1768 2354 1839 (Isa.
2386 1783 2600 1835 xxxm,
2631 1784 2737 1824 sec.

1090 1856 1256 1928 LXX).
1288 1855 1513 1912 Josiam
1543 1855 2174 1928 virumjustissimum,
2208 1857 2320 1914 sub
2351 1874 2465 1930 quo
2497 1856 2558 1912 in
2576 1861 2740 1913 Tem-

1092 1944 1188 2017 plo
1228 1944 1661 2002 Deuteronbmii
1720 1945 1870 2002 liber
1927 1949 2194 2018 repertus
2251 1949 2360 2011 est,
2421 1946 2493 2001 ab
2555 1944 2740 2001 Holda

1094 2048 1270 2090 uxore
1298 2031 1518 2089 Sellum
1549 2034 1905 2090 instructum
1951 2033 2154 2090 refert.
2191 2032 2388 2089 Daniel
2420 2036 2740 2106 quoque,et

1090 2126 1212 2179 tres
1239 2138 1452 2194 pueros
1483 2122 1637 2179 inter
1666 2122 1910 2179 maritos
1940 2121 2103 2195 ponit
2134 2123 2240 2194 [ΑΙ.
2258 2122 2644 2190 numerat].Et
2664 2121 2735 2178 ad

1090 2210 1469 2283 Evangelium
1501 2216 1739 2284 repente
1768 2210 2209 2280 transcendens,
2256 2211 2618 2279 Zachariam,
2679 2215 2739 2267 et

1087 2298 1406 2368 Elisabeth,
1440 2300 1677 2356 Petrum
1709 2300 1896 2372 ponit,
1927 2304 1984 2356 et
2013 2316 2245 2359 socrum
2275 2301 2426 2371 ejus,
2478 2305 2740 2356 caeteros-

1089 2404 1202 2460 que
1232 2386 1548 2461 apostolos.
1574 2389 1645 2444 Et
1678 2394 2105 2461 consequenter
2132 2388 2309 2445 infert
2348 2389 2584 2445 dicens:
2621 2410 2649 2440 «
2680 2387 2740 2444 Si

1090 2480 1286 2533 autem
1316 2475 1609 2533 voluerint
1653 2493 1955 2534 assumere
2009 2495 2219 2534 vanam
2278 2478 2736 2545 defensionem‘,

1095 2570 1153 2621 et
1183 2566 1680 2637 obtendere,quod
1712 2566 2148 2622 rudismundus
2170 2566 2394 2640 eguerit
2417 2565 2744 2623 incremen-

1089 2657 1175 2718 to,
1207 2652 1449 2709 audiant
1477 2653 1724 2710 Paulum
1750 2656 2084 2726 loquentem
2105 2675 2125 2710 :
2169 2655 2624 2713 Adolescentiores
2651 2656 2740 2711 vi-

1091 2741 1227 2798 duas
1253 2742 1377 2799 volo
1401 2742 1780 2814 nubere,ﬁlios
1804 2759 2102 2816 procreare
2121 2745 2144 2779 ¹
2182 2744 2228 2813 (1
2256 2745 2388 2799 Tim.
2420 2762 2476 2812 ν,
2504 2745 2616 2816 lli).
2650 2745 2739 2800 Et.

1096 2831 1448 2888 Honorabiles
1477 2833 1710 2903 nuptiae,
1742 2836 1795 2888 et
1849 2831 2029 2888 cubile
2083 2833 2501 2889 immaculatum
2557 2833 2736 2904 (Hebr.

1096 2935 1219 2987 ani,
1273 2920 1351 2989 4).
1410 2919 1497 2989 Et,
1554 2919 1751 2976 Mulier
1796 2921 2040 2993 alligata
2114 2930 2193 2977 est
2274 2923 2414 2993 viro,
2496 2922 2743 2994 quandiu

1097 3010 1233 3065 vivit
1258 3010 1347 3064 vir
1381 3009 1519 3081 ejus.
1551 3009 1614 3065 Si
1638 3012 1822 3065 autem
1876 3019 2125 3067 mortuus
2179 3012 2372 3082 fuerit,
2431 3010 2601 3067 nubat
2652 3012 2745 3067 cui

2868 523 3213 596 pudicitiam
3239 528 3479 597 propter
3514 525 3859 595 praesentem
3917 517 4363 597 necessitatem:
4396 517 4509 591 pla-

2865 612 2987 668 cuit
3013 612 3140 681 tibi,
3173 616 3239 667 ut
3269 612 3354 668 sis
3382 623 3585 667 sancta
3613 626 3851 682 corpore
3879 612 3935 665 et
3965 596 4173 680 spiritu
4199 622 4213 662 :
4276 622 4349 663 ne
4408 624 4504 664 su-

2865 700 3134 773 perbiae:
3168 699 3431 772 ejusdem
3463 690 3731 755 Ecclesia:
3775 699 4107 753 membrum
4137 710 4221 764 es,
4254 696 4421 767 cujus
4446 702 4505 752 et

2864 794 3062 861 nuptae
3093 790 3291 845 sunt".
3327 811 3354 838 ››

2929 880 2985 933 6.
3018 880 3407 949 Hieronymus.
3431 910 3499 917 —
3527 877 3758 933 Nimius
3788 877 4034 934 fortasse
4082 878 4292 935 fuerim
4323 879 4380 935 in
4407 895 4501 935 ex-

2862 967 3148 1040 positione
3180 967 3650 1041 propositionum
3683 967 3831 1038 ejus,
3864 970 3921 1022 et
3949 965 4177 1039 legendi
4207 967 4499 1024 fastidium

2859 1056 3093 1113 fecerim
3120 1074 3134 1125 ;
3162 1056 3264 1113 sed
3290 1054 3433 1111 utile
3452 1060 3615 1111 ratus
3638 1071 3772 1110 sum
3795 1059 4004 1110 cuncta
4024 1054 4331 1112 molimina
4355 1056 4498 1128 ejus,

2859 1145 3028 1218 quasi
3059 1145 3407 1201 instructam
3439 1143 3621 1200 aciem
3650 1147 3853 1199 contra
3882 1159 3975 1199 me
4000 1148 4299 1217 ponere,et
4317 1148 4500 1200 totum

2858 1232 3135 1303 hostilem
3167 1232 3482 1289 exercitum
3515 1249 3648 1288 cum
3679 1231 3803 1288 suis
3859 1231 4075 1288 turmis
4131 1248 4197 1288 ac
4254 1233 4499 1290 ducibus

2856 1337 3229 1395 congregare,
3264 1339 3336 1378 ne
3365 1325 3497 1393 post
3544 1323 3794 1394 primam
3826 1319 4153 1389 victoriam,
4186 1320 4302 1378 alia
4357 1321 4500 1378 mihi

2856 1410 3130 1483 deinceps
3160 1409 3360 1483 praelia
3387 1413 3785 1466 nascerentur.
3819 1408 4007 1482 Igitur
4042 1425 4158 1466 non
4211 1410 4498 1465 dimicabo

2855 1504 3059 1556 contra
3087 1499 3376 1573 singulos,
3410 1514 3516 1554 nec
3548 1514 3867 1570 paucorum
3917 1513 4016 1554 ero
4066 1498 4320 1571 passim8
4362 1515 4498 1556 con-

2855 1587 3153 1661 gressione
3183 1593 3492 1644 contentus
3517 1605 3530 1643 :
3555 1591 3675 1643 toto
3706 1588 4049 1643 certandum
4108 1592 4198 1643 est
4246 1587 4497 1660 agmine,

2854 1683 2911 1733 et
2941 1677 3311 1750 incompositi
3341 1677 3601 1733 hostium
3634 1677 3825 1741 cunei,
3877 1693 3943 1733 ac
4004 1676 4293 1733 latrocinii
4338 1693 4499 1733 more

2850 1769 3202 1840 pugnantes,
3236 1766 3523 1822 instructa
3552 1769 3610 1821 et
3655 1765 3925 1821 ordinata
3979 1764 4102 1821 acie
4158 1763 4493 1837 repellendi.

2851 1855 3155 1928 Opponam
3184 1855 3243 1910 in
3275 1853 3465 1928 prima
3505 1855 3691 1910 fronte
3740 1852 4071 1926 apostolum
4117 1853 4382 1921 Paulum,
4437 1857 4496 1910 et

2849 1945 3018 2016 quasi
3065 1943 3454 2001 fortissimum
3487 1943 3718 2011 ducem,
3752 1943 3877 1999 suis
3906 1941 4059 2014 telis,
4092 1942 4150 1998 id
4203 1946 4312 2011 est,
4373 1941 4493 1999 suis

2850 2033 3091 2089 armabo
3119 2031 3447 2089 sententiis.
3482 2030 3929 2088 Sciscitautibus
3958 2030 4115 2087 enim
4163 2046 4339 2104 super
4389 2031 4493 2087 hac

2850 2121 3173 2194 quastione
3202 2120 3539 2189 Corinthiis,
3574 2119 3913 2193 plenissime
3944 2119 4245 2193 respondit
4291 2120 4494 2176 doctor

2850 2211 3136 2285 gentium,
3168 2216 3225 2266 et
3273 2209 3553 2283 magister
3606 2208 3894 2265 Ecclesiae.
3943 2208 4239 2281 Quidquid
4296 2212 4489 2264 autem

2850 2299 3139 2367 statuerit,
3172 2298 3283 2354 hoc
3314 2297 3527 2355 Christi
3557 2298 3615 2352 in
3648 2314 3714 2354 eo
3762 2296 4077 2369 loquentis,
4109 2295 4298 2370 legem
4328 2300 4490 2369 pute-

2852 2404 3004 2443 mus.
3039 2386 3345 2459 Simulque
3393 2403 3466 2444 ne
3516 2385 3748 2443 lectoris
3803 2385 3979 2442 tacita
4024 2385 4295 2458 cogitatio
4355 2401 4490 2442 cum

2850 2476 3198 2550 coeperimus
3229 2475 3481 2549 singula,
3514 2492 3641 2548 qua:
3672 2477 3974 2548 proposita
4029 2478 4189 2543 sunt,
4247 2473 4490 2543 diluere,

2851 2583 3082 2639 semper
3110 2567 3181 2622 ad
3216 2563 3555 2637 Apostolum
3590 2581 3651 2621 se
3681 2568 3952 2633 reservet,
3995 2568 4054 2620 et
4111 2563 4306 2620 studio
4357 2562 4497 2620 vali-

2851 2655 3231 2714 dissimarum
3263 2653 3675 2727 quaestionum,
3712 2653 3904 2725 priora
3934 2650 4270 2726 negligens”
4299 2651 4369 2709 ad
4401 2667 4495 2708 ex-

2852 2748 3041 2800 trema
3069 2744 3320 2802 festinet.

2920 2835 2976 2889 τ’.
3003 2833 3159 2891 Nihil
3186 2833 3322 2889 bono
3366 2833 3724 2899 contrarium,
3772 2833 3886 2887 nisi
3946 2831 4180 2887 malum.
4243 2831 4498 2886 Exterior

2851 2924 3007 2979 homo
3036 2925 3341 2994 corruptus.
3386 2952 3450 2964 -
3486 2923 3641 2978 Inter
3668 2925 3873 2977 caetera
3897 2919 4180 2976 Corinthii
4213 2935 4316 2993 per
4342 2916 4497 2975 litte-

2854 3029 2950 3068 ras
2980 3010 3352 3083 quassierant,
3381 3014 3579 3066 utrum
3612 3013 3745 3082 post
3781 3009 3955 3065 ﬁdem
3986 3007 4201 3064 Christi
4261 3005 4497 3063 ccelibes

1095 3100 1231 3164 vult,
1264 3102 1483 3154 tantum
1507 3098 1565 3153 in
1597 3098 1828 3155 Domino
1856 3100 1906 3169 (I
1933 3098 2054 3155 Cor.
2107 3117 2207 3168 vn,
2256 3100 2369 3172 39).
2429 3101 2520 3168 Et,
2570 3100 2743 3156 Adam
2773 3085 2815 3152 C
2850 3116 2980 3157 esse
3009 3100 3305 3167 deberent,
3336 3102 3393 3155 et
3417 3097 3785 3154 continentiae
3814 3114 3995 3155 causa
4023 3113 4171 3170 quas
4200 3095 4498 3153 habebant

1091 3203 1203 3243 non
1256 3194 1334 3243 est
1396 3186 1646 3243 seductus
1668 3205 1687 3242 :
1739 3188 1943 3243 mulier
2014 3191 2196 3245 autem
2278 3188 2517 3255 seducta,
2593 3191 2742 3261 facta

1089 3284 1168 3333 est
1196 3278 1256 3332 in
1281 3277 1815 3349 pravaricalionem.
1843 3278 2009 3334 Salva
2042 3282 2224 3334 autem
2259 3278 2353 3350 ﬁet
2368 3295 2472 3351 per
2497 3279 2741 3349 ﬁliorum

1089 3366 1492 3437 generationem
1518 3366 1570 3421 si
1614 3368 1982 3437 permanserit
2037 3368 2098 3422 in
2150 3366 2257 3438 ﬁde
2313 3370 2365 3423 et
2430 3367 2736 3424 dilectione.

1089 3459 1143 3510 et
1169 3456 1600 3527 sanctiﬁcatione
1625 3472 1751 3511 cum
1776 3455 2071 3511 sobrietate
2100 3456 2147 3527 (I
2175 3457 2307 3512 Tim.
2332 3473 2396 3522 ιι,
2445 3457 2545 3528 lli).
2605 3457 2737 3513 Cer-

1092 3548 1150 3599 te
1207 3546 1398 3600 cessat
1451 3544 1548 3600 hic
1604 3543 1750 3600 illud
1804 3544 2211 3617 apostolicum,
2266 3547 2331 3601 Et
2386 3547 2484 3617 qui
2540 3545 2738 3602 habent

1090 3634 1401 3702 uxores,sic
1420 3634 1537 3689 sint
1562 3634 1725 3704 quasi
1746 3649 1858 3689 non
1885 3633 2119 3690 habeant
2143 3651 2157 3701 ;
2191 3634 2305 3690 nisi
2341 3633 2485 3691 forte
2509 3634 2734 3703 dicetis,

1090 3726 1393 3794 propterea
1424 3720 1550 3777 vult
1580 3738 1679 3778 eas
1710 3724 1949 3790 nubere,
1983 3724 2124 3795 quia
2145 3723 2270 3795 jam
2301 3723 2567 3795 quadam
2600 3739 2736 3780 con-

1089 3825 1269 3865 verse
1298 3813 1438 3865 sunt
1468 3814 1620 3866 retro
1650 3815 1782 3883 post
1811 3811 2123 3868 Satanam:
2169 3812 2339 3884 quasi
2366 3862 2367 3865 η
2393 3828 2463 3868 ex
2497 3812 2737 3885 virgini-

1090 3896 1203 3953 bus
1235 3894 1398 3953 nulla
1426 3899 1617 3966 cadat,
1648 3904 1705 3955 et
1725 3916 1842 3956 non
1873 3900 1950 3958 sit
1991 3916 2194 3957 earum
2226 3902 2415 3973 major
2434 3901 2625 3957 ruina.
2659 3901 2740 3957 Ex

1090 4002 1208 4060 quo
1237 3986 1617 4043 manifestum
1643 3991 1733 4045 est
1759 4005 1861 4046 vos
1908 3988 2361 4046 Manichaeorum
2404 3990 2618 4062 dogma
2648 4005 2739 4046 se-

1091 4075 1256 4144 ctari,
1290 4075 1726 4149 prohibentium
1778 4078 2018 4148 nubere,
2065 4083 2124 4135 et
2178 4079 2333 4135 vesci
2391 4078 2557 4147 cibis,
2591 4094 2739 4150 quos

1090 4169 1244 4223 Deus
1274 4165 1487 4222 creavit
1516 4167 1588 4223 ad
1621 4167 1927 4239 utendum,
1947 4168 2361 4224 cauteriatam“
2391 4166 2737 4222 habentium

1091 4254 1529 4313 conscientiam.
1564 4278 1592 4306 »
1641 4257 1712 4313 Et
1766 4262 1900 4329 post
1957 4257 2109 4314 245
2162 4256 2366 4324 multa,
2424 4271 2550 4328 qua:
2582 4271 2738 4310 nunc

1091 4344 1345 4401 otiosum
1378 4349 1465 4401 est
1500 4344 1808 4415 revOlvers,
1841 4345 2062 4402 excutit
2108 4360 2170 4401 se
2199 4343 2368 4417 quasi
2427 4343 2486 4399 in
2543 4342 2734 4400 locum

1163 4539 1180 4573 ¹
1209 4538 1276 4594 In
1308 4539 1440 4596 aliis
1470 4539 1637 4598 libris
1657 4557 1781 4597 cum
1808 4557 1964 4597 serva
1994 4541 2153 4597 Ruth.

1160 4611 1183 4645 ²
1210 4611 1816 4684 Ducentis‘prwputiis.
1851 4610 2020 4668 Falso
2050 4611 2110 4666 in
2166 4610 2340 4667 editis
2397 4612 2624 4671 Erasm.
2682 4618 2740 4670 et

1090 4682 1334 4768 Marian.
1391 4681 1646 4768 legimus
1673 4692 1893 4739 centum
1917 4683 2377 4768 praeputiismum
2400 4684 2619 4768 fuerint
2638 4685 2742 4741 du-

1090 4754 1677 4837 ceptprumyirorum
1707 4754 2427 4837 praaputiaannumerata.
2451 4761 2736 4837 Maurum.

1160 4827 1183 4862 ³
1213 4827 1279 4883 In
1310 4826 1504 4883 tribus
1538 4826 1753 4883 nostris
1782 4842 1925 4883 mss.
1956 4828 2123 4882 etiam
2159 4842 2281 4882 cum
2303 4829 2571 4899 periculo,
2605 4830 2738 4886 abs-

1136 4914 1208 4954 ue
1227 4900 1375 4954 vitae.
1464 4914 1473 4923 ⁴

1136 4915 1208 4954 ue
1227 4915 1375 4954 vitae.
1464 4915 1473 4923 '

1094 4915 1192 5047 gf.
1214 4968 1617 5047 Cisterciensis
1641 4969 1760 5027 sive
1785 4969 1845 5026 S.
1880 4968 2080 5026 Crucis
2112 4985 2247 5037 ms.,
2279 4985 2554 5047 assumere
2574 4987 2743 5026 unam

1091 5040 1479 5096 defensionem.

1209 5109 1402 5182 Yerba
1429 5113 1574 5182 ﬁlios
1604 5129 1890 5170 orocreare
1920 5113 1977 5169 in
2011 5110 2172 5168 nullo
2203 5127 2234 5167 e
2280 5110 2497 5167 nostris
2527 5112 2739 5168 codici-

1092 5177 1538 5255 bushabentur,
1572 5185 2069 5254 quemadmodum
2101 5188 2159 5239 et
2187 5183 2303 5239 duo
2335 5182 2451 5238 alia
2496 5184 2586 5239 vir
2603 5183 2738 5255 ejus.

1158 5250 1506 5333 .‘lPel‘dilﬁ-‘Q
1534 5250 1743 5333 ηὲφρᾳ
1768 5256 2266 5333 a_c_depravatam._
2308 5258 2554 5333 sumpta
2609 5250 2742 5333 ser}-

1094 5323 1280 5402 tentia
1307 5337 1376 5376 ex
1404 5323 1589 5402 Epist.
1624 5325 1643 5378 Ι
1673 5323 1747 5380 ad
1779 5323 2043 5402 T_im_._iv,
2073 5327 2125 5402 l,
2169 5325 2278 5402 ubi
2302 5325 2373 5381 ad
2431 5323 2628 5402 servos
2659 5324 2741 5382 al-

1093 5390 1320 5464 ludit_u_r
1350 5390 1643 5464 qui‘noxse
1674 5396 1920 5452 convicti
1950 5390 2219 5453 candenti
2250 5396 2401 5452 ferro
2437 5396 2745 5453 inureban-

1094 5469 1211 5521 tur.
1245 5462 1406 5540 Unde
1433 5466 1956 5540 xanaurppiacpévov
1978 5468 2330 5540 transfertur
2349 5468 2430 5540 ad,
2455 5468 2744 5526 nefarium

1094 5534 1433 5625 quempiam
1462 5534 1941 5619 signiﬁcandum.
1972 5538 2032 5598 8.
2068 5540 2343 5610 Irenaus,
2374 5539 2480 5600 lib.
2530 5558 2572 5615 ι,
2604 5557 2655 5600 c.
2686 5542 2742 5615 9,

2766 4461 2813 4525 D

2851 3206 3060 3246 uxores
3090 3188 3407 3259 dimittere,
3440 3204 3513 3244 an
3546 3186 3595 3243 si
3628 3186 3885 3259 virgines
3933 3185 4340 3253 credidissent,
4390 3184 4497 3240 ini.

2850 3278 3115 3350 rent[Al.
3159 3275 3327 3350 inire]
3385 3275 3810 3332 matrimonia?
3861 3274 3927 3330 Et
3982 3290 4117 3331 cum
4176 3290 4208 3331 e
4262 3273 4497 3330 duobus

2848 3366 3121 3435 ethnicis,
3156 3382 3310 3422 unus
3337 3363 3681 3421 credidisset
3720 3365 3780 3420 in
3812 3364 4128 3430 Christum,
4153 3367 4501 3421 utrumnam

2852 3457 3093 3513 credens
3124 3454 3436 3528 reliquerat
3464 3470 3581 3509 non
3634 3454 3965 3510 credentem
3986 3453 4015 3508 ?
4043 3453 4113 3509 Et
4170 3452 4217 3508 si
4276 3456 4499 3520 essent,

2851 3546 3129 3602 ducendis
3158 3542 3753 3612 uxores,Christianas
3773 3546 4004 3598 tantum
4036 3541 4219 3615 accipi
4237 3541 4502 3615 juberet,

2853 3653 2929 3692 an
2959 3640 3015 3692 et
3044 3634 3310 3691 ethnicus
3334 3633 3684 3690 ?Videamus
3713 3632 3896 3707 igitur
3919 3633 4059 3706 quid
4091 3632 4165 3688 ad
4196 3631 4317 3688 hac
4346 3633 4502 3688 Pau-

2855 3724 2947 3781 lus
2981 3724 3377 3797 rescripserit:
3408 3724 3485 3778 De
3512 3722 3598 3779 his
3625 3726 3813 3778 autem
3841 3738 3960 3794 quae
4015 3722 4315 3793 scripsistis
4354 3720 4503 3779 mihi

2856 3818 3057 3871 bonum
3076 3814 3174 3886 {est
3201 3812 3416 3869 homini
3441 3813 3732 3868 mulierem
3758 3827 3866 3868 non
3914 3819 4154 3882 tangere.
4216 3811 4505 3881 Pr0pter1°

2846 3903 3273 3974 fornicationem
3301 3908 3485 3957 autem
3512 3901 3885 3972 unusquisque
3920 3915 4150 3955 uxorem
4196 3915 4357 3955 suam
4402 3898 4507 3955 ha;

2851 3992 2989 4056 beat,
3021 3995 3071 4047 et
3100 4004 3447 4061 unaqqu
3475 3991 3660 4046 virum
3694 4005 3857 4044 suum
3912 3988 4126 4045 habeat.
4188 3989 4357 4045 Uxori
4410 3989 4508 4044 uir

2849 4080 3091 4136 debitum
3119 4079 3274 4136 240
3303 4078 3511 4145 reddat,
3533 4078 3795 4134 similiter
3840 4086 3898 4134 et
3958 4093 4103 4133 uxor
4154 4078 4293 4134 viro.
4350 4077 4507 4134 Uxor

2847 4169 3070 4240 praprii
3098 4168 3336 4240 corporis
3364 4182 3475 4223 non
3503 4167 3661 4223 habet
3682 4170 4021 4238 potestatem,
4052 4166 4145 4222 sed
4172 4167 4278 4221 vir.
4328 4165 4507 4221 Simi—

2853 4257 2978 4327 liter
3006 4257 3170 4311 etvir
3221 4257 3472 4327 corporis
3522 4257 3616 4312 sui
3664 4270 3774 4310 non
3833 4254 3989 4311 habet
4039 4256 4376 4326 potestatem,
4408 4253 4509 4310 sed

2849 4361 3009 4402 uxor.
3042 4345 3219 4402 Nolite
3246 4343 3517 4417 fraudare
3557 4345 3810 4409 invicem,
3858 4344 3974 4400 nisi
4003 4345 4145 4415 forte
4189 4342 4259 4399 ad
4290 4347 4510 4415 tempus

2848 4542 3096 4600 feminas
3145 4559 3179 4598 a
3216 4540 3593 4614 Mgarcosianis
3649 4536 4225 4614 deceptas,_a'lriveq,
4284 4538 4511 4610 inquit,

2847 4612 3371 4689 nexaotnpiaapévai
3400 4611 3497 4689 τῂν
3543 4607 3886 4689 ,συνείδηᾶινο
3927 4607 4290 4689 Ὀᾳμιενίιιιαδ
4337 4607 4514 4689 ,ᾠηθ-

2847 4681 3392 4756 cientias'habentes.
3419 4682 3598 4740 Paulo
3631 4688 3763 4756 post
3818 4699 3923 4756 pro
3962 4685 4197 4739 otiosum
4250 4681 4510 4755 quidam

2850 4774 2994 4813 mss.
3027 4757 3272 4812 odiosum
3301 4755 3518 4812 habent.

2919 4829 2939 4864 "
2964 4828 3176 4883 Subdit
3203 4825 3614 4883 Casanatensis
3642 4827 3713 4884 de
3754 4841 3951 4882 more:
3995 4826 4148 4882 Finis
4202 4824 4516 4898 disputatio

2846 4901 3145 4957 Ioviniani.

2890 4972 2942 5056 .3
2971 4969 3164 5056 Mallet
3191 4968 3436 5026 Gravius
3475 4969 3693 5040 passiva
3749 4969 4144 5039 congressione,
4205 4984 4311 5040 pro
4367 4983 4519 5040 pas-

2850 5047 3385 5170 ”Tbitganatensis
3411 5112 3600 5183 priora
3622 5126 3731 5167 non
3755 5111 3957 5181 legens,
3984 5110 4055 5166 ad
4081 5114 4354 5176 extrema,
4386 5113 4519 5166 etc.

2923 5186 3157 5258 1“Mss”
3199 5182 3454 5258 plurium
3510 5199 3761 5258 numero
3811 5185 4033 5258 prapter
4083 5183 4518 5258 fornicationes.

2852 5257 3055 5318 Graec"
3077 5256 3174 5317 τὰς
3197 5252 3472 5328 ἆτορνείας.
3505 5253 3727 5328 Sicque
3746 5252 3922 5328 infra;
3948 5252 4096 5323 Mox,
4148 5255 4232 5309 vir
4257 5254 4525 5328 corporis

2850 5329 2958 5396 sui,
3004 5328 3225 5399 absque
3275 5325 3487 5382 vocula
3537 5325 3790 5399 proprii:
3850 5325 4090 5399 insuper
4134 5329 4203 5399 et
4239 5325 4524 5399 _verbum

2852 5393 3199 5456 revertimini
3220 5414 3359 5471 _non
3392 5393 3717 5471 agnoscunt
3735 5393 4034 5470 hic,atqu'e
4061 5393 4528 5469 infra.Denique

2851 5471 2960 5544 Ego
2986 5478 3173 5528 autem
3200 5468 3339 5538 dico,
3374 5468 3501 5545 pro,
3533 5472 3651 5527 Hoc
3679 5476 3880 5541 autem,
3924 5468 4032 5526 etc.
