2682 3279
6 2815 328 3067 L.

648 70 855 107 ADVERSUS
877 70 1121 108 JOVINI'ANUM
1143 75 1219 107 L‘lB.
1241 75 1264 107 l.

1747 80 1809 114 230

109 147 140 167 et
162 145 311 172 eorum,
325 140 359 166 ut
381 140 482 167 vacuis
506 141 637 168 orationi.
658 142 690 168 Et
717 143 820 170 iterum
834 142 871 170 ad
886 143 927 170 id-
942 144 971 176 Α
986 142 1078 178 canis,
1103 151 1137 170 ne
1162 142 1303 178 paulatim
1327 143 1407 171 virus
1431 147 1569 180 serperet,
1585 145 1706 181 pallium
1728 149 1806 183 quod

109 185 195 220 ipsum
222 184 411 216 revertimini,
433 192 468 212 ne
494 186 576 213 tentet
601 193 646 213 vos
675 186 803 220 Satanas,
818 191 931 223 propter

107 230 337 259 inminentia":
364 233 496 257 vestram.
512 231 572 258 Hoc
599 235 690 258 autem
706 230 767 259 dico
785 231 870 266 juxta
886 233 929 259 in-

105 276 285 312 dulgentiam,
301 281 358 302 non
368 273 455 309 juxta
471 274 627 310 imperium.
647 275 710 303 Volo
732 278 823 303 autem
838 284 930 303 omnes

103 320 228 348 homines
237 327 295 347 esse
309 320 340 346 ut
352 325 398 346 me
407 319 517 354 ipsum;
527 318 574 346 sed
586 321 773 355 unusquisque
786 321 931 356 proprium

103 364 206 392 donum
220 363 298 391 habet
309 371 347 391 ea:
361 362 426 395 Deo,
441 362 516 390 alius
542 363 652 399 quidem
670 365 720 397 sic,
736 364 810 391 alius
839 366 931 392 autem

104 410 152 437 sic.
169 409 235 437 Dico
247 409 342 436 autem
366 407 490 443 innuptis
505 409 534 435 et
554 407 656 441 viduis,
672 408 775 436 bonum
789 411 828 436 est
842 409 890 442 eis,
906 409 931 436 si

102 454 141 481 sic
150 452 362 489 permanserint
377 453 406 479 ut
432 459 492 487 ego.
509 451 539 479 Si
553 455 642 480 autem
658 460 686 480 se
700 460 755 480 non
778 454 929 485 continent,

103 498 214 526 nubant.
230 497 331 525 Helius
359 499 402 524 est
427 497 502 524 enim
520 496 633 529 nubere,
658 505 742 532 quam
769 498 816 525 uri
831 497 855 532 (Ι
867 498 929 525 Cor.

103 550 149 576 m,
163 542 177 569 ι
191 541 290 578 seqq).
305 540 498 568 Revertantur
510 540 547 568 ad
562 543 650 576 caput
677 541 837 569 testimonii
854 550 860 568 :
880 542 930 568 Bo-

102 595 168 614 num
183 587 235 619 est,
258 584 366 621 inquit,
381 585 489 612 homini
510 585 659 613 mulierem
681 594 737 614 non
765 590 884 621 tangere.
901 586 930 614 Si

102 631 216 658 bonum
228 631 273 658 est
284 628 441 657 mulierem
455 637 514 657 non
529 631 660 665 tangere,
677 630 788 658 malum
804 633 849 658 est
863 638 931 666 ergo

102 678 238 711 tangere:
246 672 321 701 nihil
327 673 406 702 enim
414 673 492 702 bono
498 674 677 702 contrarium
689 677 733 702 est
744 674 800 702 nisi
808 674 929 703 malum.

100 719 128 747 Si
141 721 246 747 autem
273 717 388 746 malum
404 720 459 751 est,
476 720 506 746 et
528 718 702 755 ignoscitur,
718 719 782 747 ideo
798 719 931 747 concedi-

99 766 153 797 tur,
170 771 209 791 ne
223 762 307 790 malo
319 762 389 798 quid
406 762 538 790 deterius
553 762 613 790 ﬁat.
631 763 722 795 Quale
735 766 833 792 autem
861 763 931 791 illud

101 808 207 836 bonum
224 809 284 841 est,
301 806 380 843 quod
395 807 561 835 conditione
574 807 726 835 deterioris
742 808 930 836 conceditur?

103 852 260 889 Nunquam
291 852 371 880 enim
395 851 581 887 subjeoisset,
602 853 789 888 unusquisque
816 861 931 880 umorem

101 905 179 925 ita»
193 895 310 930 habeat,
329 895 388 923 nisi
412 895 614 931 praemisisset,
629 900 737 932 propter
766 897 929 934 fornicatio-

102 949 163 969 nem
195 942 303 969 autem
327 939 410 968 Tolle
439 939 672 975 fornicationem,
703 942 732 968 et
755 949 812 968 non
844 941 929 975 dicet,

101 985 294 1021 mitisque
316 992 435 1013 uxorem
460 992 540 1012 suam
567 984 674 1012 habeat.
695 984 781 1012 Velut
810 984 834 1012 si
864 985 931 1021 quis

102 1029 229 1058 deﬁniat
244 1038 252 1057 :
267 1029 379 1057 Bonum
395 1030 442 1057 est
455 1028 568 1057 triticeo
588 1037 662 1065 pane
685 1029 773 1064 vesci,
790 1031 818 1057 et
846 1030 931 1058 edere

102 1073 297 1111 purissimam
319 1073 460 1102 similam.
475 1074 586 1101 Tamen
608 1082 644 1101 ne
666 1074 733 1108 quis
758 1074 930 1110 compulsus

103 1119 179 1148 fama
211 1117 353 1146 comedat
376 1119 492 1146 stercus
511 1118 669 1151 bubulum,
695 1119 822 1146 concedo
846 1119 882 1153 ei,
899 1121 931 1146 ut

101 1165 237 1192 vescatur
247 1163 278 1191 et
291 1161 414 1190 hordeo.
428 1161 505 1189 Num
527 1162 635 1190 idcirco
663 1162 845 1191 frumentum
872 1172 929 1192 non

102 1206 224 1235 habebit
236 1205 398 1243 puritatem
413 1214 509 1239 suam,
525 1206 550 1233 si
567 1206 636 1234 fimo
661 1206 804 1235 hordeum
829 1208 930 1243 praefe-

103 1250 211 1280 ratur?
219 1251 334 1279 Bonum
348 1252 395 1279 et
409 1249 481 1278 illud
498 1251 679 1285 naturaliter,
689 1251 766 1286 quod
782 1260 931 1288 compara-

102 1296 214 1325 tionem
226 1303 288 1324 non
304 1295 396 1323 habet
415 1294 496 1329 mali,
512 1295 591 1331 quod
617 1295 785 1331 przelatione
810 1296 931 1325 alterius

103 1348 161 1369 nan
188 1340 398 1369 obumbratur.
425 1339 578 1376 Simulque
602 1339 860 1369 animadvertenda
888 1344 932 1369 est

104 1384 236 1422 Δρωιωὶ
249 1384 419 1421 prudentia.
435 1384 498 1412 Non
514 1384 595 1418 dixit,
612 1385 722 1413 bonum
737 1387 783 1413 est
811 1394 930 1414 uxorem

104 1437 161 1458 non
172 1429 307 1458 habere:
324 1429 388 1464 sed,
405 1429 505 1457 bonum
519 1431 558 1457 est
572 1429 718 1457 mulierem
731 1438 787 1458 non
801 1432 929 1466 tangere:

105 1473 187 1510 mani
201 1476 234 1502 ot
245 1472 278 1501 in
295 1474 375 1501 tactu
388 1499 390 1501 .
401 1472 565 1509 periculum
580 1472 619 1501 sit
636 1481 642 1501 :
660 1473 744 1509 quasi
768 1474 818 1509 qui
846 1473 928 1502 illam

104 1517 243 1555 ωεοοήι,
258 1525 320 1546 non
331 1517 447 1551 evadat,
462 1524 524 1553 qua
538 1518 661 1546 virorum
673 1519 807 1553 pretiosas
819 1519 929 1546 animas

104 1563 203 1599 rupi“,
226 1569 294 1598 qua
322 1561 393 1590 facit
421 1560 651 1590 adolescentium
679 1561 791 1590 evolare
818 1563 929 1590 corda:

103 1606 240 1643 Δωριέι
253 1606 317 1643 quia
332 1607 362 1634 in
376 1606 442 1634 sinu
455 1606 597 1643 ignem,el
611 1614 667 1634 non
678 1607 872 1635 comburetur?
882 1608 931 1635 aut

106 1650 264 1680 ..διωᾱ
294 1658 377 1687 ηραν
412 1651 547 1679 carbones
575 1652 660 1686 ignis,
688 1652 713 1678 et
740 1659 798 1679 non
826 1652 933 1680 ardebit

111 1694 406 1732 (Proo-v1:21,‘28)?
419 1695 571 1728 Quomodo
586 1695 676 1731 igitur
690 1695 740 1731 qui
769 1696 867 1732 ignem
889 1699 930 1724 te-

107 1738 336 1776 tigering
344 1739 478 1768 aduritur
499 1748 506 1767 :
531 1739 572 1767 ita
586 1739 640 1767 viri
655 1742 751 1768 tactus
766 1742 796 1768 et
815 1740 930 1769 femina:

111 1782 208 1812 sentit
221 1784 354 1812 nuarum
365 1790 461 1817 suam,
472 1785 501 1812 et
510 1783 709 1812 diversitatem
725 1792 812 1812 sexus
828 1784 932 1813 intelli-

105 1827 160 1866 git.
182 1826 309 1857 Nam
328 1829 358 1857 et
376 1827 534 1865 gentilium
558 1827 684 1855 fabulaa‘
700 1828 772 1856 247
792 1828 930 1857 Mithram

107 1875 139 1901 at
155 1871 394 1906 Echionium,
406 1871 452 1900 vel
477 1873 508 1900 in
531 1871 628 1908 lapide
638 1872 659 1906 ³,
673 1872 718 1900 vel
741 1873 770 1900 in
792 1875 878 1907 terra,
895 1874 931 1902 de

104 1915 254 1947 domin
264 1915 399 1946 libidinis
412 1924 478 1945 esse
501 1918 664 1953 generatos.
682 1917 763 1945 Unde
781 1920 809 1945 et
832 1920 932 1946 noster

102 1960 227 1998 Ιυοῤ,
240 1960 445 1998 quiatangere
464 1969 532 1989 eum
555 1961 671 1990 volebat
697 1961 840 1998 Egyptia',
856 1962 932 1999 fugit

106 2013 142 2035 ex
152 2005 296 2035 mnibus
306 2005 385 2042 eius,
397 2007 428 2034 et
439 2005 524 2042 quasi
537 2006 572 2034 ad
588 2014 721 2034 morsum
736 2006 930 2035 rabidissimaa

126 2073 287 2123 {Codices
300 2085 395 2116 nostri
417 2093 530 2123 omnes,
544 2089 573 2115 et
594 2089 678 2115 vetus
700 2095 818 2123 quoque
842 2087 931 2116 editio

178 2122 286 2189 ﬂ
298 2123 431 2151 Granum
446 2122 564 2160 ἀγρεύει.
708 2122 717 2123 7
769 2122 777 2123 ί

178 2159 190 2172 ”
311 2158 438 2187 Ιίιιιπιπι
460 2163 485 2186 et
509 2158 727 2187 Erichthonium.
750 2159 780 2186 Si
804 2161 932 2187 exstaret

298 2123 438 2187 Οἴδῗὲαῇ
446 2122 727 2187 éeTtPséiichthonium.
750 2122 780 2186 Si
804 2161 932 2187 exstaret

99 2193 249 2231 lubntes,
263 2193 318 2231 qui
327 2193 485 2231 historiam
493 2194 605 2222 πιαιινκ
614 2193 716 2222 multis
730 2194 930 2231 voluminibus
944 2190 969 2223 D

383 2229 620 2270 intplligeremus
631 2230 790 2270 quomodo
813 2230 926 2270 Mithras

99 2263 306 2302 δέ
321 2263 507 2302 libidinissi't
520 2263 687 2302 generatus.
702 2265 756 2302 Sed
773 2265 835 2302 haec
850 2266 924 2294 Gen-

179 2308 202 2341 !
211 2300 319 2341 ωιιιὲι
326 2308 385 2341 aee
394 2300 734 2341 ιξεψίειηὲογίνίξιῖορςῖε
748 2301 926 2341 εαιίε.ςιάιξμρ

274 2335 318 2365 De
332 2336 522 2370 Erichthonio,
536 2336 596 2364 sive
612 2336 766 2371 Erichtheo,
778 2336 861 2365 nulla
870 2337 925 2365 dit”-

227 2371 360 2402 :Icilnus
373 2371 452 2400 enim
467 2371 552 2400 illum
566 2371 709 2400 creditum
726 2372 816 2401 fuisse
830 2372 925 2401 ﬁlium

179 2339 182 2341 ’
274 2339 318 2365 De
332 2339 522 2370 Erichthonio,
536 2339 596 2364 sive
612 2339 766 2371 Erichtheo,
778 2339 861 2365 nulla
870 2339 925 2365 dif-

227 2371 360 2414 :Icitnus
373 2371 452 2413 enim
467 2371 552 2400 illum
566 2371 709 2400 creditum
726 2372 816 2401 fuisse
830 2372 925 2415 ﬁlium

97 2339 925 2484 ἓξὲξξιῗέῗαὲἱέῗιῗῖζ⁸ιιξίὲὲ¹ἒῗξὲἔθέἀῗῗὲ¹πῗἸ,εὲξὲ

147 2442 387 2477 Μαῖα
398 2442 525 2477 dicitur;
542 2445 630 2477 atque
645 2443 713 2471 inde
734 2444 846 2472 editum
861 2453 925 2473 esse

335 2479 497 2508 draconum
512 2475 646 2514 pedibus,
663 2481 718 2507 etc.
733 2488 740 2514 ;
757 2479 869 2515 primus
880 2480 925 2507 in-

97 2512 205 2543 ‘ﬂ
222 2514 340 2543 amnti
363 2513 420 2543 fuit
438 2516 467 2543 et
488 2522 603 2542 currus.
629 2514 702 2542 Vide
726 2515 808 2543 Ovid.
834 2515 885 2543 lib.
905 2524 925 2543 ιι

267 2535 342 2586 ΤΞὐῖ
358 2535 645 2587 ﬁdi-5:135:31;
655 2535 808 2587 ’ἓέρῗίῖξ
817 2535 924 2579 εἴέὲὲἒ

305 2580 574 2623 m‘ﬂggy.Vr'gilii.
631 2580 637 2584 ’
675 2621 682 2623 _
699 2580 709 2587 ’
732 2580 869 2623 manus.

309 2628 328 2650 ο
338 2621 438 2664 lapide
464 2621 650 2664 generatum‘
667 2621 922 2664 dorentnscr‘ipto-

107 2656 762 2704 m_ﬂi5£¥99919199“$
770 2656 870 2704 31.199.-
894 2658 923 2704 3'3

93 2691 262 2724 ω
275 2691 315 2723 ω·
400 2692 427 2730 in
446 2701 455 2722 :
468 2691 541 2724 θιὸξ
549 2691 580 2720 ἐκ
592 2692 704 2731 πέτρας.
725 2693 865 2722 Justinus
894 2693 924 2722 in

93 2726 296 2770 “cum
305 2692 474 2770 mione,
491 2727 615 2766 Quando,
631 2728 738 2767 inquit,
755 2730 802 2761 illi
817 2731 865 2768 qui
877 2729 924 2760 tlt-

387 2727 474 2767 hdno,
491 2727 615 2766 Quando,
631 2727 738 2767 inquit,
755 2730 802 2761 illi
817 2731 865 2768 qui
877 2729 925 2760 tlt-

946 827 968 858 B

944 1506 965 1539 C

984 187 1252 223 tetigerat,abjecit.
1266 188 1380 223 Propter
1387 189 1599 223 fornicationem
1612 193 1703 218 autem
1718 200 1807 220 unus-

985 232 1100 268 quisque
1124 239 1237 259 uxorcm
1260 240 1340 260 suam
1363 232 1473 266 habeat,
1489 236 1516 261 et
1528 242 1701 271 unaqquue
1715 238 1807 265 virum

985 284 1066 303 suum
1100 276 1210 304 habeat.
1235 277 1296 304 Non
1329 277 1411 311 dixit,
1437 280 1555 313 propter
1586 279 1806 309 fornicationem

986 321 1191 356 unusquisque
1206 321 1293 347 ducat
1308 330 1426 349 uxorem
1440 331 1446 355 ;
1464 322 1593 358 alioquin
1610 323 1664 351 hac
1685 333 1808 353 excusa-

986 365 1062 392 tione
1096 365 1209 392 libidini
1246 365 1328 393 frena
1360 365 1496 398 laxasset,
1521 369 1553 394 ut
1577 368 1809 405 quotiescunque

987 417 1059 436 uxor
1074 409 1209 442 moritur,
1224 409 1310 436 toties
1331 410 1464 438 ducenda
1488 411 1527 438 sit
1546 411 1613 445 alia,
1626 421 1662 440 ne
1686 413 1809 441 fornice-

987 462 1071 487 mur;
1088 453 1149 485 sed,
1166 461 1278 480 uxorem
1292 462 1371 481 suam
1386 454 1492 483 habeat.
1514 456 1615 489 Suam,
1632 456 1738 492 inquit,
1755 457 1810 485 ha-

987 498 1062 530 bent,
1079 505 1132 525 sua
1147 499 1255 530 utatur,
1269 505 1355 533 quam
1364 498 1489 526 habebat
1499 502 1657 536 antequam
1669 501 1809 535 crederet,

987 550 1074 577 quam
1100 542 1209 569 bonum
1234 544 1296 569 erat
1326 550 1383 570 non
1407 545 1554 579 tangere‘,
1571 546 1599 571 et
1623 547 1689 580 post
1721 546 1809 573 ﬁdem

987 586 1092 613 Christi
1110 593 1238 613 sororem
1254 588 1368 614 tantum
1380 595 1475 620 nosse,
1495 596 1551 615 non
1568 589 1734 625 conjugem,
1752 589 1810 617 nisi

987 630 1139 657 fornicatio
1159 632 1270 657 tactum
1298 631 1362 665 ejus
1385 632 1580 659 excusabilem
1601 633 1717 660 faceret.
1736 634 1811 661 Uxor

986 676 1094 711 proprii
1106 680 1226 713 corporis
1246 686 1301 705 non
1319 676 1401 704 habet
1412 680 1580 712 potestatem,
1596 677 1642 704 sed
1656 678 1707 704 vir.
1724 677 1811 705 Simi-

988 721 1052 748 liter
1075 723 1100 748 et
1122 722 1167 749 vir
1188 724 1232 750 sui
1255 722 1375 759 corpqﬁs
1397 729 1452 748 non
1479 721 1556 748 habet
1581 723 1748 756 potestatem,
1763 722 1809 749 sed

987 773 1065 792 uxor.
1084 766 1185 794 Omnis
1200 767 1259 794 haec
1274 765 1395 802 quaestio
1411 766 1445 793 de
1462 765 1508 793 his
1522 765 1572 801 qui
1600 766 1629 792 in
1655 766 1810 794 matrimo-

988 810 1035 837 nio
1061 811 1160 845 sunt“,
1186 820 1222 838 an
1247 811 1289 839 eis
1314 810 1400 838 liceat
1420 818 1523 838 uxores
1548 809 1706 845 dimittere,
1732 811 1810 847 quod

985 856 1013 881 et
1028 854 1170 882 Dominus
1188 855 1216 882 in
1238 855 1391 891 Evangelia
1407 854 1564 890 prohibuit.
1583 854 1663 883 Unde
1687 856 1715 883 et
1734 856 1810 891 Apo—

986 898 1089 931 stolus.
1108 900 1213 927 Bonum
1241 904 1279 927 cst
1308 899 1426 932 homini,
1442 899 1492 932 ait,
1523 907 1636 927 uxorem
1663 907 1719 928 non
1744 901 1808 927 tan-

985 944 1076 979 gere".
1094 944 1149 971 Sed
1165 944 1233 980 quia
1249 943 1299 980 qui
1324 943 1414 971 semel
1442 943 1525 970 duxit
1550 951 1680 978 uxorem,
1697 943 1754 971 nisi
1775 951 1811 972 ex

985 996 1140 1020 consensu,
1157 996 1188 1016 se
1203 996 1261 1015 non
1281 987 1358 1015 valet
1381 987 1539 1021 abstinere,
1557 996 1609 1016 nec
1632 988 1701 1016 dare
1726 996 1811 1024 repu-

985 1032 1067 1059 dium
1079 1040 1136 1059 non
1151 1032 1292 1068 peccanti.
1302 1032 1404 1060 reddat
1414 1031 1531 1067 conjugi
1548 1032 1694 1060 debitum:
1706 1034 1810 1069 sponte

986 1076 1093 1112 quippe
1119 1085 1150 1104 se
1174 1076 1312 1112 alligavit,
1330 1084 1362 1103 ul.
1387 1075 1506 1103 reddere
1536 1079 1697 1112 cogeretur.
1721 1076 1810 1104 Nolite

983 1120 1120 1156 fraudare
1131 1122 1259 1153 invicem,
1275 1121 1332 1147 nisi
1345 1122 1416 1155 forte
1431 1128 1467 1147 ea:
1488 1128 1620 1147 consensu
1639 1121 1676 1148 ad
1690 1122 1809 1155 tempus,

985 1166 1014 1192 ut
1031 1166 1129 1193 vacetis
1144 1165 1272 1192 orationi.
1290 1165 1345 1192 Oro
1362 1166 1399 1197 te,
1413 1164 1500 1200 quale
1520 1164 1592 1191 illud
1617 1164 1728 1192 bonum
1752 1166 1807 1200 est,

986 1209 1062 1245 quod
1088 1217 1170 1237 orare
1193 1208 1349 1244 prohibet?
1365 1208 1442 1244 quod
1467 1216 1574 1244 corpus
1597 1208 1705 1237 Christi
1729 1209 1806 1236 acci-

986 1261 1052 1290 pere
1076 1254 1085 1270 ’¹
1111 1261 1167 1281 non
1192 1252 1365 1289 permittit?
1391 1252 1537 1284 Quamdiu
1565 1253 1672 1289 impleo
1709 1253 1806 1281 mariti

986 1298 1126 1332 ofﬁcium,
1156 1306 1213 1325 non
1240 1297 1373 1333 impleo8
1398 1297 1584 1325 continentis.
1614 1297 1702 1326 Jubet
1729 1298 1808 1327 idem

986 1342 1136 1379 apostolus
1170 1342 1199 1370 in
1228 1341 1284 1369 alio
1312 1341 1375 1369 loco
1399 1341 1423 1377 (1
1450 1342 1538 1369 Thess.
1563 1342 1603 1377 ν),
1627 1344 1660 1370 ut
1693 1350 1809 1379 semper

986 1395 1113 1414 oremus.
1131 1387 1160 1414 Si
1181 1394 1297 1422 semper
1321 1386 1464 1413 orandum
1484 1388 1540 1420 est,
1567 1394 1720 1422 nunquam
1739 1395 1808 1423 ergo

986 1431 1121 1467 conjugio
1163 1431 1360 1466 serviendum,
1392 1430 1531 1465 quoniam
1573 1430 1806 1466 quotiescunque

986 1476 1068 1504 uxori
1090 1475 1222 1503 debitum
1247 1475 1347 1508 reddo,
1364 1483 1446 1502 orare
1465 1483 1522 1502 non
1549 1483 1680 1510 possum.
1704 1477 1807 1503 Petrus

986 1520 1134 1556 apostolus
1144 1519 1375 1556 experimentum
1391 1519 1503 1547 habens
1524 1519 1723 1556 conjugalium
1743 1520 1806 1548 vin-

985 1564 1127 1598 culorum,
1143 1565 1208 1592 vide
1227 1564 1373 1600 quomodo
1396 1564 1533 1591 informet
1552 1563 1719 1598 Ecclesium,
1735 1564 1807 1601 quid

985 1610 1087 1636 doceat
1101 1608 1281 1636 Christianos
1298 1616 1304 1635 :
1317 1608 1452 1636 Similiter
1465 1608 1521 1636 viri
1532 1608 1808 1644 cohabitantesjuxta

985 1654 1139 1686 scientiam,
1162 1653 1240 1689 quasi
1277 1653 1430 1688 inﬁrmiori
1457 1652 1567 1680 vasculo
1595 1653 1728 1680 muliebri
1756 1654 1807 1681 tri-

986 1698 1094 1726 buentes
1119 1697 1197 1726 248
1219 1698 1358 1731 honorem,
1377 1699 1403 1724 et
1425 1697 1497 1724 sicut
1527 1696 1679 1725 cohaercdes
1710 1698 1807 1725 multi-

982 1743 1064 1778 plicis
1084 1743 1191 1778 gratia',
1207 1744 1237 1769 ut
1258 1749 1312 1769 non
1336 1741 1527 1777 impediantur
1549 1742 1686 1769 orationes
1710 1745 1808 1770 vestra

986 1788 1090 1823 (IPetr.
1107 1795 1149 1820 III,
1170 1787 1204 1820 7).
1219 1786 1292 1814 Ecce
1316 1786 1419 1814 eodem
1443 1793 1542 1818 sensu,
1560 1785 1629 1821 quia
1652 1786 1753 1813 eodem
1779 1788 1808 1813 et

986 1832 1102 1868 spiritu,
1119 1830 1254 1867 impediri
1270 1830 1341 1858 dicit
1363 1829 1509 1857 orationes
1529 1829 1625 1856 ofﬁcio
1648 1829 1806 1866 conjugali.

985 1875 1066 1908 Quod
1088 1877 1185 1903 autem
1201 1875 1251 1908 ait,
1266 1874 1406 1907 similiter,
1423 1873 1530 1902 idcirco
1556 1874 1591 1901 ad
1612 1873 1807 1903 imitationem

985 1921 1122 1956 provocat
1135 1919 1223 1951 viros,
1238 1918 1307 1954 quia
1313 1919 1376 1954 jam
1393 1926 1482 1954 supra
1497 1917 1636 1946 uxoribus
1664 1925 1807 1955 praecepe-

985 1966 1039 2000 rat,
1065 1963 1192 1992 dicens:
1221 1963 1252 1992 Ut
1288 1963 1396 1990 videant
1437 1963 1492 1990 viri
1521 1964 1551 1989 in
1583 1964 1681 1991 timore
1704 1968 1808 1992 castam

984 2014 1105 2037 vestram
1136 2008 1379 2040 conversationem,
1411 2015 1528 2043 quarum
1564 2008 1602 2034 sit
1638 2015 1693 2035 non
1731 2011 1807 2036 exte-

983 2089 1053 2117 thra:
1069 2089 1150 2116 initia
1164 2087 1288 2120 tradunt,
1303 2094 1318 2114 e
1329 2090 1409 2122 petra
1427 2095 1490 2114 eum
1504 2090 1600 2114 natum
1622 2094 1680 2115 esse
1702 2094 1807 2114 memo-

984 2129 1057 2153 ranl.
1075 2127 1110 2152 Et
1123 2121 1350 2152 Commodianus
1364 2121 1415 2150 lib.
1431 2123 1461 2150 In
1476 2123 1592 2150 truciion
1606 2131 1615 2149 :

1032 2182 1148 2208 Invictus
1161 2181 1194 2206 de
1208 2183 1285 2213 petra
1298 2182 1378 2213 natus
1392 2180 1414 2213 si
1426 2180 1496 2213 Deus
1509 2180 1631 2213 habetur,

1031 2215 1106 2238 Nunc
1121 2219 1185 2245 ergo
1200 2211 1273 2237 r'etro
1288 2219 1336 2237 vos
1349 2212 1382 2237 de
1400 2212 1457 2245 istis
1474 2211 1535 2236 date
1548 2212 1681 2243 priorem;

1029 2245 1098 2270 Vicit
1113 2243 1187 2276 petra
1202 2245 1294 2274 Deum,
1310 2243 1473 2275 querendus
1487 2245 1527 2268 est
1541 2245 1624 2275 petras
1636 2244 1751 2268 creator.

981 2302 1021 2330 De
1036 2300 1222 2329 Erichthonio
1238 2299 1336 2328 tabula
1350 2302 1395 2328 est
1406 2300 1509 2328 notior.
1772 2319 1775 2322 μ

1016 2339 1026 2355 ⁸
1043 2337 1213 2376 Amovimus
1246 2336 1315 2376 hinc
1347 2344 1462 2376 _vacem_
1486 2344 1612 2369 uxorem,
1635 2343 1701 2376 qua:
1730 2335 1803 2376 falso

981 2372 1196 2402 intrudebatur.
1213 2380 1266 2399 nec
1281 2372 1310 2399 in
1327 2371 1385 2399 ullo
1401 2373 1567 2400 nostrorum
1591 2371 1735 2404 codicum,
1753 2373 1804 2399 aut

979 2408 1068 2437 veteri
1085 2407 1209 2436 editione
1221 2407 1355 2435 habetur.

1015 2445 1026 2461 ³
1038 2443 1254 2477 Casanatensis,
1263 2443 1316 2477 Qui
1328 2444 1359 2470 in
1368 2443 1546 2470 matrimonio
1555 2445 1618 2469 sunt
1629 2441 1801 2478 deprehensi,

979 2489 1027 2512 an,
1043 2483 1098 2508 etc.

1015 2516 1025 2533 ⁸
1041 2516 1121 2544 Idem
1136 2522 1203 2543 cum
1219 2513 1307 2542 veteri
1322 2513 1461 2547 editione,
1476 2514 1505 2541 et
1520 2512 1800 2549 rectius,mutiercm,

980 2560 1037 2579 non
1053 2559 1178 2579 uxorem.

1014 2587 1025 2604 ⁷
1037 2589 1106 2615 Erat
1116 2586 1213 2622 accipi,
1231 2584 1421 2622 renuentibus
1434 2592 1506 2612 mss.

1014 2623 1024 2639 '
1040 2623 1140 2659 lmpleo
1154 2619 1328 2649 continentis.
1341 2619 1442 2648 Plures
1457 2628 1528 2659 mss.
1539 2619 1653 2659 codices
1674 2620 1801 2659 retinent

978 2656 1143 2697 continenti:
1168 2665 1289 2697 _v9cem,
1314 2664 1366 2693 pro
1394 2656 1495 2697 verbo
1530 2656 1696 2697 φιν-ἐδήιιηὶι
1721 2657 1802 2697 quod

979 2694 1086 2730 legitur
1100 2693 1177 2730 apud
1193 2691 1360 2726 Erasmuin,
1375 2693 1404 2720 et
1418 2692 1448 2721 in
1462 2692 1562 2730 paucis
1585 2691 1802 2728 exemplaribus

978 2738 1051 2764 mss.
1606 2735 1746 2757 ΜΑΒΤΙΛΝ.
