5364 6558
1050 316 1065 328 ι
1080 291 1198 367 235

2328 305 2394 368 S.
2437 305 2751 371 EUSEBII
2792 306 3238 376 HIERONYMI

4352 318 4462 383 236

1082 430 1237 519 sicut
1264 445 1363 486 eos
1408 430 1728 491 invenisset
1774 435 1940 501 fides,
1999 440 2057 493 et
2103 454 2588 513 unumquemque
2635 441 2724 497 vel
2752 443 2809 510 Α
2835 443 3153 514 Christum,
3186 446 3236 503 si
3268 447 3652 506 circumcisus
3681 451 3920 508 vocatus
3973 464 4038 509 es
4086 450 4169 508 ab
4187 466 4382 519 uxore,
4408 456 4462 508 et

1082 516 1367 591 caelibem,
1399 522 1485 577 vel
1516 522 1795 579 maritum
1845 525 1926 580 ita
1968 526 2179 583 durare
2234 531 2299 583 ut
2328 532 2482 585 esset
2511 529 2725 585 Christi

1080 608 1436 679 baptismate
1486 611 1905 684 deprehensus,
1956 614 2133 671 infert
2171 616 2371 673 subito
2417 617 2725 690 parabolas

1082 696 1236 754 253
1265 698 1595 757 circumcisi
1626 706 1683 758 et
1731 703 1967 771 ethnici,
2000 705 2150 762 servi
2187 710 2246 761 et
2274 705 2441 762 liberi
2468 723 2481 760 :
2528 710 2585 761 et
2614 707 2724 763 sub

1082 788 1424 860 metaphora
1454 806 1655 847 earum
1687 793 1758 847 de
1806 793 2005 865 nuptis
2056 794 2321 865 disputat
2348 798 2406 849 et
2434 795 2718 868 innuptis.

1085 876 1450 934 Circumcisus
1479 880 1683 951 aliquis
1720 886 1936 937 vocatus
1964 887 2061 949 est,
2101 899 2214 939 non
2241 882 2475 938 adducat
2498 900 2723 955 praepu-

1083 968 1242 1021 tium.
1289 968 1352 1021 In
1397 971 1668 1040 praeputio
1714 979 1931 1026 vocatus
1977 981 2079 1041 est,
2137 987 2249 1027 non
2275 972 2718 1027 eircumcidatur.

1085 1056 1434 1111 Circumcisio
1484 1057 1631 1111 nihil
1678 1063 1775 1123 est,
1832 1064 1884 1113 et
1905 1060 2243 1131 praeputium
2287 1060 2433 1114 nihil
2480 1063 2557 1115 est
2584 1077 2605 1122 ;
2633 1060 2723 1115 sed

1082 1147 1383 1201 observatio
1440 1147 1827 1203 mandatorum
1885 1149 1999 1203 Dei.
2068 1150 2441 1220 Unusquisque
2498 1151 2557 1203 in
2616 1165 2724 1220 qua

1080 1238 1358 1291 vocatione
1386 1244 1623 1302 vocatus,
1672 1242 1772 1302 est,
1807 1239 1866 1291 in
1907 1254 1969 1292 ea
2012 1246 2352 1306 permaneat.
2384 1240 2586 1293 Servus
2640 1254 2725 1292 vo-

1078 1331 1229 1378 catus
1259 1339 1333 1390 es,
1366 1339 1477 1378 non
1504 1326 1574 1379 sit
1603 1326 1707 1379 tibi
1734 1341 1903 1382 curse.
1936 1326 2037 1381 Sed
2065 1334 2116 1382 et
2151 1328 2202 1381 si
2227 1331 2377 1399 potes
2409 1328 2549 1382 liber
2576 1328 2722 1396 ﬁeri,

1077 1413 1253 1481 magis
1284 1420 1452 1468 utere.
1489 1414 1596 1477 Qui
1624 1416 1771 1469 enim
1808 1415 1868 1468 in
1896 1416 2124 1470 Domino
2154 1424 2368 1472 vocatus
2409 1420 2485 1471 est
2513 1431 2719 1482 servus,

1079 1501 1307 1555 libertus
1338 1509 1416 1557 est
1462 1504 1701 1557 Domini.
1763 1504 2032 1559 Similiter
2086 1507 2135 1559 et
2163 1506 2262 1575 qui
2315 1504 2455 1560 liber
2499 1508 2722 1559 vocatus

1077 1598 1171 1659 est,
1224 1606 1409 1645 servus
1459 1600 1537 1646 est
1597 1592 1815 1648 Christi.
1866 1595 2049 1648 Pretio
2104 1597 2278 1665 empti
2323 1596 2493 1648 estis:
2552 1593 2722 1649 nolite

1074 1678 1203 1747 ﬁeri
1229 1682 1375 1734 servi
1401 1680 1704 1735 hominum.
1742 1683 2117 1753 Unusquisque
2144 1698 2268 1753 ergo
2299 1684 2314 1716 ί
2355 1684 2416 1736 in
2437 1698 2540 1753 quo
2563 1698 2718 1737 voca-

2835 533 3044 590 coelehs
3101 552 3230 591 eras
3265 554 3277 593 :
3314 536 3434 593 noli
3472 538 3684 596 ducere
3731 556 3993 607 uxorem,
4039 539 4148 596 hoc
4174 544 4306 611 est,
4353 539 4460 597 noli

2834 623 3121 680 adducere
3144 627 3513 697 preputium,
3529 643 3602 684 ne
3618 628 4084 685 circumcisionis
4104 633 4163 685 et
4181 628 4459 701 pudicitiae

2831 707 3160 768 libertatem
3209 729 3414 771 oneres
3471 715 3701 771 sarcina
3739 715 4102 789 nuptiarum.
4136 720 4386 772 Rursum
4416 716 4463 773 si

2832 798 2892 853 in
2936 802 3216 872 prmputio
3248 802 3380 874 quis
3425 809 3664 861 vocatus
3696 809 3803 875 est,
3836 822 3952 861 non
3992 805 4456 861 circumcidatur.

2831 889 3119 959 Habebas,
3169 891 3381 964 inquit,
3432 909 3693 962 uxorem,
3743 910 3879 950 cum
3944 894 4244 951 credidisti
4288 911 4301 948 :
4347 894 4455 951 noli

2831 979 3008 1034 fidem
3040 979 3253 1037 Christi
3285 986 3491 1053 putare
3511 999 3751 1038 causam
3788 982 4038 1051 dissidii,
4073 984 4214 1055 quia
4242 983 4302 1040 in
4331 1000 4461 1056 pace

2829 1068 3053 1123 vocavit
3082 1085 3189 1125 nos
3215 1074 3384 1125 Deus.
3421 1070 3770 1127 Circumcisio
3820 1072 3965 1127 nihil
4019 1077 4118 1140 est,
4148 1075 4201 1128 et
4244 1087 4459 1145 praepu-

2831 1159 2967 1211 tium
3025 1157 3170 1213 nihil
3224 1163 3306 1214 est
3332 1175 3352 1219 ;
3399 1160 3495 1215 sed
3556 1160 3854 1216 observatio
3916 1160 4310 1217 mandatorum
4368 1163 4458 1218 Dei

2832 1245 2989 1313 (Ibid.
3047 1246 3157 1315 49).
3207 1246 3363 1303 Nihil
3414 1249 3571 1303 enim
3640 1250 3878 1320 prodest
3917 1249 4141 1322 absque
4190 1251 4456 1322 operibus

2831 1332 3157 1401 cmlibatus,
3189 1340 3248 1390 et
3277 1336 3663 1408 nuptia3,cum
3693 1337 3870 1393 etiam
3900 1338 4067 1406 ﬁdes,
4091 1354 4218 1410 qua!
4240 1340 4459 1412 proprie

2830 1421 3295 1480 Christianorum
3324 1429 3431 1491 est,
3465 1425 3516 1480 si
3547 1442 3722 1497 opera
3760 1442 3876 1482 non
3915 1425 4205 1494 habuerit,
4238 1431 4461 1483 mortua

2830 1527 2959 1570 esse
2987 1512 3233 1580 dicatur,
3267 1516 3324 1568 et
3368 1513 3479 1569 hac
3525 1514 3650 1587 lege
3698 1514 3955 1587 virgines
4000 1531 4233 1587 quoque
4261 1515 4460 1584 Veste,

2830 1604 2888 1657 et
2928 1600 3179 1656 Junonis
3230 1601 3468 1657 univirae
3512 1602 3571 1658 in
3622 1607 3961 1659 sanctarum
4012 1608 4236 1675 queant
4266 1605 4461 1662 ordine

2830 1689 3173 1744 numerari:
3212 1691 3588 1762 Unusquisque
3634 1694 3694 1745 in
3742 1708 3851 1762 qua
3913 1694 4192 1749 vocatione
4255 1699 4462 1750 vocatus

1074 1770 1162 1822 tus
1189 1771 1276 1877 es:
1294 1771 1487 1877 frater,
1637 1787 1696 1825 eo
1738 1776 2054 1870 permaneat
2099 1771 2247 1870 apud
2296 1773 2465 1877 Deum
2514 1771 2716 1877 (I‘Cor.
2750 1809 2799 1877 B
2830 1787 2927 1845 est,
2957 1779 3016 1833 in
3063 1794 3127 1833 ea
3168 1784 3490 1849 permanent
3536 1780 3721 1851 (Ibid.,
3770 1781 3883 1851 24).
3918 1782 4160 1846 Quando
4203 1782 4459 1854 credidit,

1077 1874 1176 1925 vn,
1213 1859 1278 1911 18
1304 1860 1494 1930 seqq.).
1540 1861 1619 1915 Ac
1671 1861 1953 1932 primum,
2013 1860 2152 1931 quia
2208 1859 2523 1916 nonnullos
2566 1859 2719 1915 hanc
2750 1859 2798 1877 ⁴⁹
2829 1866 2947 1922 sive
2979 1866 3251 1936 habebat,
3281 1868 3401 1923 sive
3430 1884 3545 1923 non
3576 1868 3827 1925 habebat
3854 1886 4115 1940 uxorem,
4147 1870 4207 1926 in
4238 1888 4303 1927 eo
4333 1889 4463 1944 per-

1076 1948 1525 2021 intelligentiam
1597 1949 2054 2021 reprehensuros
2134 1950 2401 2017 arbitror,
2471 1950 2718 2004 interro-

1073 2054 1213 2112 gare
1260 2039 1401 2095 libet
1432 2056 1559 2111 quae
1617 2039 1695 2094 sit
1750 2038 2186 2111 consequentia,
2247 2043 2312 2094 ut
2367 2039 2439 2094 de
2490 2037 2719 2093 maritis

1076 2135 1134 2187 et
1162 2130 1441 2186 uxoribus
1481 2129 1809 2201 disputans,
1857 2132 2092 2200 repente
2124 2127 2400 2183 transiret
2444 2128 2517 2182 ad
2558 2143 2716 2182 com-

1075 2220 1440 2293 parationem
1470 2218 1658 2274 Judazi
1708 2223 1765 2272 et
1821 2216 2058 2283 ethnici,
2093 2216 2242 2272 servi
2286 2219 2341 2270 et
2393 2214 2598 2271 liberi:
2660 2218 2719 2270 et

1075 2325 1336 2376 rursum,
1360 2307 1467 2362 hac
1490 2306 1887 2375 disputatione
1910 2305 2096 2371 finita,
2125 2305 2339 2361 rediret
2360 2304 2431 2360 ad
2462 2303 2717 2377 virgines

1073 2399 1274 2454 dicens
1300 2416 1311 2453 :
1345 2398 1421 2451 De
1447 2396 1759 2465 virginibus
1788 2398 1971 2450 autem
1998 2402 2331 2466 praeceptum
2361 2394 2582 2448 Domini
2606 2408 2718 2448 non

1074 2490 1239 2545 habeo
1272 2490 1319 2558 (Ι
1343 2488 1463 2542 Cor.
1504 2502 1606 2555 vn,
1654 2487 1731 2553 5).
1782 2484 1931 2547 Quid
1981 2483 2092 2539 sibi
2139 2481 2259 2538 vult
2310 2483 2462 2538 inter
2509 2483 2717 2553 conju-

1075 2578 1170 2650 gia
1194 2581 1251 2634 et
1278 2576 1697 2647 virginitatem,
1730 2573 1918 2628 Judaei
1974 2577 2032 2628 et
2084 2572 2323 2640 ethnici,
2373 2570 2523 2627 servi
2573 2570 2716 2626 libe-

1073 2668 1240 2737 rique
1271 2664 1502 2719 collatio
1523 2664 1549 2718 ?
1582 2663 1847 2719 Secundo
1896 2662 2189 2733 quomodo
2234 2661 2419 2733 possit
2446 2658 2715 2732 intelligi,

1076 2756 1439 2811 Circumcisus
1469 2754 1672 2824 aliquis
1722 2756 1942 2807 vocatus
1985 2759 2085 2821 est,
2116 2766 2226 2806 non
2281 2750 2513 2805 adducat
2567 2763 2714 2820 prae-

1070 2847 1289 2917 putium
1321 2842 1479 2915 (Ibid.
1513 2842 1641 2913 18)?
1671 2840 1945 2912 Nunquid
1994 2839 2094 2910 qui
2126 2838 2303 2895 semel
2345 2841 2717 2911 amputatum

1073 2936 1249 2992 habet
1278 2932 1652 3006 praeputium,
1685 2934 1874 3003 potest
1894 2932 1914 2963 ²
1944 2928 1992 2985 si
2023 2929 2163 2986 velit
2210 2944 2415 2984 rursus
2445 2926 2589 2982 illud
2624 2928 2720 2983 ad-

1076 3024 1328 3081 ducere?
1387 3021 1606 3077 Deinde
1660 3035 1773 3091 quo
1804 3036 1982 3075 sensu
2040 3017 2445 3090 exponendum
2479 3015 2575 3083 sit,
2612 3016 2719 3084 Qui

1072 3120 1221 3176 enim
1251 3118 1311 3170 in
1342 3114 1573 3170 Domino
1615 3114 1835 3165 vocatus
1879 3111 1956 3164 est
2001 3124 2209 3177 servus,
2242 3107 2467 3161 libertus
2504 3113 2585 3161 est
2611 3108 2714 3162 Do-

1066 3209 1250 3265 mini?
1299 3203 1567 3260 Similiter
1629 3202 1726 3271 qui
1788 3199 1925 3253 liber
1973 3200 2192 3252 vocatus
2249 3200 2345 3265 est,
2395 3211 2583 3251 servus
2637 3176 2788 3251 estC

1078 3296 1284 3353 Christi
1315 3293 1501 3364 (Ibid,
1532 3289 1668 3358 22)?
1700 3289 1937 3354 Quarto,
1989 3286 2279 3357 quomodo
2313 3285 2408 3340 ille
2439 3285 2537 3356 qui
2570 3302 2713 3357 prae-

1070 3386 1225 3457 cepit
1262 3382 1443 3438 servis
1474 3378 1707 3436 obedire
1728 3376 1984 3431 dominis
2033 3373 2388 3442 carnalibus,
2440 3390 2595 3429 nunc
2625 3375 2713 3429 di-

1068 3479 1201 3531 cat:
1237 3474 1411 3528 Nolitc
1438 3470 1560 3541 ﬁeri
1601 3468 1744 3523 servi
1800 3466 2083 3521 hominum
2130 3463 2290 3535 (Ibid.
2322 3463 2463 3533 23)?
2510 3463 2594 3516 Ad
2626 3479 2715 3517 ex-

1066 3571 1346 3630 tremum,
1380 3559 1518 3631 quid
1553 3560 1837 3629 pertineat
1867 3556 1937 3611 ad
1961 3554 2323 3620 servitutem,
2347 3552 2435 3608 vel
2467 3553 2713 3608 circum-

1068 3653 1375 3716 cisionem,
1410 3648 1785 3719 Unusquisque
1814 3646 1874 3699 in
1922 3660 2027 3714 quo
2075 3651 2289 3698 vocatus
2318 3646 2394 3697 est
2423 3645 2617 3707 frater,
2651 3643 2711 3695 in

1064 3759 1124 3800 eo
1153 3748 1471 3814 permaneat
1499 3736 1644 3808 apud
1676 3736 1846 3790 Deum
1866 3738 1890 3785 .9
1937 3733 2083 3787 Nam
2132 3735 2190 3787 ct
2234 3730 2589 3786 contrarium
2622 3733 2712 3785 est

1066 3828 1353 3901 superiori
1385 3825 1704 3881 sententiae.
1735 3822 1794 3877 Si
1825 3822 1980 3877 enim
2013 3820 2157 3875 illud
2199 3820 2568 3875 audivimus:
2602 3821 2706 3875 No-

1066 3915 1165 3973 lite
1193 3917 1316 3986 ﬁeri
1344 3916 1487 3970 servi
1516 3914 1815 3978 hominum,
1840 3928 1956 3983 qua
1978 3911 2199 3967 ratione
2224 3926 2541 3983 possumus
2562 3909 2621 3964 in
2640 3926 2708 3966 ea

1064 4021 1406 4080 permanere
1435 4002 1733 4059 vocatione
1763 4018 1878 4072 qua
1905 3999 2094 4058 vocati
2116 4016 2343 4067 sumus,
2368 4015 2502 4055 cum
2534 3998 2705 4054 multi

1062 4093 1423 4153 crediderint
1474 4092 1754 4147 habentes
1813 4089 2077 4146 carnales
2134 4090 2425 4158 dominos,
2490 4088 2704 4161 quibus

1064 4202 1224 4241 nunc
1250 4183 1465 4240 servire
1497 4180 1925 4255 prohibentur?
1961 4179 2134 4235 Porro
2191 4180 2263 4233 ad
2305 4177 2701 4234 circumcisio-

1063 4291 1198 4331 nem
1230 4273 1369 4345 quid
1401 4272 1535 4327 facit
1566 4285 1908 4343 permanere
1938 4268 1997 4323 in
2030 4284 2099 4323 ea
2123 4267 2440 4334 vocatione,
2483 4267 2542 4321 in
2586 4283 2703 4337 qua

1060 4362 1249 4420 vocati
1296 4378 1525 4425 sumus,
1576 4374 1710 4415 cum
1742 4359 1798 4413 in
1831 4357 1942 4413 alio
1995 4356 2119 4412 loco
2175 4354 2331 4410 idem
2388 4354 2699 4426 Apostolus

1059 4451 1365 4507 clamitet:
1427 4452 1561 4506 Ecce
1639 4447 1852 4503 Paulus
1915 4445 2033 4501 dico
2107 4444 2275 4510 vobis,
2334 4444 2595 4514 quoniam
2652 4446 2701 4499 si

2828 1960 3083 2023 maneat,
3132 1956 3188 2011 in
3237 1973 3351 2029 quo
3396 1960 3637 2013 vocatus
3680 1961 3787 2013 est.
3824 1963 3907 2012 Ac
3937 1975 4040 2030 per
4070 1958 4178 2014 hoc
4209 1976 4321 2016 non
4345 1965 4462 2017 tam

2826 2045 3083 2117 virgines
3113 2045 3269 2117 cogit
3300 2050 3365 2101 ut
3394 2045 3636 2113 nubant,
3669 2062 3848 2118 quam
3885 2046 4133 2120 repudia
4177 2048 4459 2120 prohibet.

2827 2134 2896 2190 Et
2934 2134 3086 2189 sicut
3122 2134 3475 2191 habentibus
3513 2151 3721 2191 uxores
3768 2134 3921 2192 tollit
3948 2135 4245 2193 licentiam
4275 2138 4464 2195 dimit-

2826 2224 2986 2279 tendi
3018 2239 3136 2292 eas,
3170 2223 3254 2279 sic
3283 2223 3611 2297 virginibus
3642 2224 3900 2280 nubendi
3930 2230 4198 2297 amputat
4235 2226 4465 2284 faculta-

2825 2317 2943 2368 tem
2977 2330 2989 2367 :
3023 2312 3217 2368 Servus
3246 2321 3464 2368 vocatus
3492 2330 3568 2381 es,
3598 2329 3709 2369 non
3736 2315 3809 2369 sit
3845 2314 3948 2370 tibi
3992 2330 4181 2378 curae;
4208 2316 4305 2372 sed
4339 2320 4388 2371 et
4413 2318 4467 2372 si

2821 2407 2970 2480 potes
3025 2404 3162 2458 liber
3208 2404 3353 2474 ﬁeri,
3386 2404 3563 2472 magis
3607 2410 3775 2459 utere.
3811 2403 3997 2460 Etiam
4047 2404 4097 2461 si
4137 2404 4339 2472 habes,
4371 2406 4467 2461 in-

2826 2493 2973 2565 quit,
3008 2495 3341 2558 uxorem,et
3367 2490 3453 2546 illi
3476 2491 3748 2564 alligatus
3778 2508 3860 2560 es,
3894 2496 3951 2548 et
3980 2491 4157 2550 solvis
4180 2494 4464 2561 debitum,

2826 2587 2883 2637 et
2912 2598 3028 2637 non
3068 2581 3249 2636 habes
3297 2579 3384 2635 tui
3427 2581 3688 2653 corporis
3725 2585 4115 2653 potestatem;
4151 2586 4324 2655 atque
4379 2584 4466 2656 (ut

2827 2668 3199 2726 manifestius
3230 2668 3457 2741 loquar)
3489 2686 3692 2725 servus
3723 2670 3921 2726 uxoris
3948 2686 4032 2741 es,
4059 2671 4178 2726 noli
4231 2675 4467 2744 propter

2825 2758 2935 2814 hoc
2964 2758 3179 2814 habere
3206 2757 3649 2827 tristitiam,nec
3679 2759 3750 2813 de
3772 2759 3991 2815 amissa
4016 2758 4351 2832 virginitate
4371 2777 4468 2815 su-

2828 2847 3036 2919 spires.
3060 2847 3170 2903 Sed
3201 2847 3377 2903 etiam
3409 2847 3459 2902 si
3490 2851 3656 2919 potes
3696 2864 3905 2903 causas
3936 2846 4163 2919 aliquas
4208 2848 4465 2904 invenire

2827 2936 3108 3003 dissidiis,
3143 2940 3207 2991 ut
3234 2935 3499 2992 libertate
3532 2936 3823 3008 pudicitia
3854 2935 4194 3009 perfruaris,
4227 2936 4345 2992 noli
4366 2953 4460 2993 sa-

2826 3026 3008 3081 lutem
3038 3029 3201 3081 tuam
3237 3040 3369 3080 cum
3398 3023 3637 3081 alterius
3678 3024 3918 3081 interitu
3950 3041 4225 3097 quaerere.
4248 3025 4467 3081 Habeto

2825 3115 3123 3188 paulisper
3152 3130 3413 3180 uxorem,
3448 3130 3553 3169 nec
3596 3129 3914 3185 prmcurras
3961 3118 4286 3170 morantem
4317 3131 4330 3168 :
4364 3131 4469 3171 ex-

2827 3210 3027 3278 specta
3073 3204 3214 3259 dum
3265 3203 3552 3275 sequitur.
3590 3202 3649 3258 Si
3697 3202 3885 3275 egeris
3918 3202 4223 3274 patienter,
4255 3204 4471 3275 conjux

2825 3292 3149 3351 mutabitur
3177 3292 3236 3347 in
3269 3306 3527 3347 sororem
3563 3308 3575 3346 :
3612 3293 3720 3360 Qui
3746 3294 3894 3347 enim
3935 3294 3995 3347 in
4035 3292 4264 3348 Domino
4313 3308 4468 3348 voca-

2820 3388 2909 3439 tus
2935 3387 3011 3438 est
3032 3397 3237 3450 servus,
3274 3379 3500 3436 libertus
3547 3389 3629 3435 est
3658 3381 3879 3437 Domini
3907 3399 3926 3436 :
3954 3382 4225 3437 similiter
4248 3383 4356 3463 qui
4401 3382 4473 3437 li-

2825 3474 2917 3529 ber
2960 3473 3177 3527 vocatus
3225 3473 3320 3537 est,
3370 3485 3555 3525 servus
3595 3472 3673 3524 est
3725 3469 3956 3525 Christi.
4001 3469 4211 3524 Reddit
4257 3486 4472 3526 causas

2822 3578 2927 3617 cur
2975 3559 3118 3615 nolit
3163 3574 3373 3614 uxores
3420 3558 3631 3614 deseri.
3663 3557 3879 3613 Idcirco
3921 3557 4002 3613 ait
4035 3575 4048 3613 :
4081 3557 4379 3630 Principio,
4400 3562 4475 3615 ut

2821 3651 2881 3705 in
2918 3650 3215 3706 Christum
3265 3647 3335 3703 de
3400 3646 3727 3720 gentilitate
3793 3647 4093 3703 credentes
4137 3646 4286 3703 inita
4331 3651 4474 3703 ante

2821 3739 2996 3794 fidem
3028 3736 3404 3792 matrimonia
3431 3752 3549 3791 non
3595 3733 3933 3807 relinquant
3969 3752 3981 3790 :
4007 3734 4145 3807 quia
4175 3735 4279 3808 qui
4307 3734 4466 3792 255

2818 3843 3058 3884 uxorem
3105 3825 3329 3881 habens
3367 3823 3631 3892 credidit,
3683 3840 3799 3881 non
3867 3827 4030 3880 tanto
4085 3824 4180 3879 Dei
4229 3824 4470 3881 servitio

2816 3916 3127 3983 detinetur,
3160 3918 3375 3987 quanto
3423 3912 3679 3986 virgines
3722 3917 3780 3969 et
3820 3913 4115 3985 innuptae;
4169 3913 4271 3968 sed
4315 3928 4473 3984 quo-

2815 4005 3129 4062 dammodo
3160 4008 3249 4059 est
3276 4002 3531 4071 liberior,
3556 4006 3613 4058 et
3632 4001 3930 4059 servitutis
3954 4001 4037 4057 illi
4073 4001 4237 4057 frena
4260 4000 4473 4058 laxan-

2813 4097 2946 4160 tur;
2981 4096 3039 4147 et
3084 4092 3226 4147 dum
3271 4089 3469 4146 uxoris
3517 4094 3606 4146 est
3657 4106 3881 4159 servus,
3917 4094 3983 4145 ut
4011 4090 4092 4145 ita
4139 4089 4356 4159 dicam,
4394 4087 4475 4144 li-
4542 4114 4555 4124 ο

2813 4182 3014 4236 bertus
3042 4183 3130 4235 est
3148 4179 3403 4235 Domini.
3436 4179 3611 4234 Porro
3642 4178 3741 4251 qui
3782 4195 4020 4236 uxorem
4061 4195 4179 4234 non
4209 4178 4474 4246 habens,

2812 4270 3079 4338 credidit,
3111 4274 3167 4325 et
3195 4268 3345 4325 liber
3365 4286 3399 4324 a
3427 4268 3704 4325 servitute
3734 4268 3995 4342 conjugii
4029 4273 4272 4325 vocatus
4301 4272 4399 4324 est
4429 4284 4473 4324 a

2810 4359 3077 4427 Domino,
3110 4357 3207 4413 ille
3236 4373 3370 4413 vere
3401 4374 3603 4414 servus
3633 4362 3722 4413 est
3776 4356 4011 4415 Christi.
4044 4360 4272 4424 Quanta
4328 4356 4472 4413 feli-

2809 4448 2974 4517 citas,
3009 4465 3121 4503 non
3172 4447 3371 4502 uxoris
3430 4463 3664 4502 servum
3716 4462 3865 4514 esse,
3898 4448 4000 4503 sed
4048 4446 4304 4513 Christi;
4341 4462 4475 4502 non

1057 4538 1551 4605 circumcidamini,
1606 4538 1853 4591 Christus
1903 4535 2053 4590 vobis
2097 4533 2242 4587 nihil
2276 4532 2516 4603 proderit
2568 4534 2697 4605 (Ga-
2726 4542 2775 4608 ι)
2806 4537 2965 4593 carni
3000 4536 3233 4602 servire,
3266 4535 3367 4590 sed
3408 4535 3683 4606 spiritui!
3719 4536 3823 4603 Qui
3868 4538 4021 4591 enim
4058 4535 4301 4591 adheret
4352 4539 4477 4592 Do-

1056 4632 1154 4686 lat.
1188 4646 1243 4696 γ,
1276 4626 1379 4698 2)?
1430 4627 1629 4681 Restat
1678 4625 1875 4697 igitur,
1929 4627 1990 4678 ut
2041 4622 2409 4677 circumcisio
2453 4623 2606 4680 254
2644 4628 2702 4680 et

1053 4716 1427 4793 praeputium,
1453 4731 1653 4771 servus
1666 4714 1897 4780 etliber,
1913 4712 2195 4785 superiori
2222 4713 2419 4768 sensui
2434 4718 2701 4785 coapten-

1055 4815 1176 4878 tur,
1208 4812 1265 4865 et
1298 4808 1369 4862 de
1400 4802 1877 4862 antecedentibus
1925 4802 2233 4874 pendeant.
2288 4802 2656 4858 Circumcisus
2676 4802 2698 4837 ³

1056 4900 1269 4969 aliquis
1324 4899 1542 4952 vocatu;
1620 4896 1718 4957 est,
1776 4907 1883 4947 non
1934 4890 2165 4945 adducat
2206 4892 2560 4963 praeputium.
2597 4892 2694 4962 Eo,

1049 4988 1261 5059 inquit,
1314 4992 1575 5059 tempore
1624 4999 1738 5056 quo
1768 4984 2007 5038 vocatus
2037 4997 2121 5050 es,
2181 4984 2239 5035 et
2287 4980 2586 5036 credidisti
2633 4980 2693 5036 in

1118 5199 1448 5255 *Voculam
1506 5219 1630 5272 ergo
1688 5218 1793 5258 nec
1852 5202 2085 5258 Graecus
2140 5199 2334 5268 habet,
2389 5216 2493 5255 nec
2542 5216 2686 5256 mss.

1044 5270 1679 5345 Hieronymiani,_tum
1726 5276 1925 5343 fratres
1974 5272 2227 5345 plurium
2274 5288 2687 5345 numero,non

1030 5345 1223 5414 frater
1253 5342 1470 5397 habent
1517 5343 1612 5397 hic
1664 5342 1838 5414 atque
1885 5342 2038 5400 infra
2069 5360 2201 5399 curn
2256 5346 2453 5400 Graeco
2485 5342 2687 5399 itidem

1045 5410 1293 5468 αδελφοί.
1328 5413 1586 5469 Deniuue
1617 5431 1720 5469 pro
1759 5430 1883 5469 quae
1910 5418 1980 5469 sit
2026 5420 2428 5469 consequentia.
2463 5414 2684 5469 legunt.

1116 5433 1293 5468 εικωοι.
1328 5433 1586 5471 υθῐιιαυθ
1617 5433 1720 5471 DI‘O
1759 5433 1883 5471 qua?
1910 5433 1980 5470 ,ςιι
2026 5433 2370 5471 007188οα811Ιέ

1045 5420 1293 5491 αδελφοί.
1328 5420 1586 5482 Denique
1617 5431 1720 5486 pro
1759 5430 1883 5484 quae
1910 5420 1980 5470 sit
2026 5420 2428 5486 consequentia,
2463 5420 2684 5488 legunt,

1042 5488 1263 5560 quaesit
1288 5500 1628 5560 consequens
1641 5488 1927 5560 sententia.
2036 5557 2044 5560 _

1115 5561 1135 5593 ²
1166 5558 1353 5613 Sentit
1382 5556 1772 5629 superadduci
1804 5557 2153 5628 praeputium
2185 5574 2300 5613 non
2333 5573 2524 5629 posse,
2556 5575 2687 5614 con-

1041 5635 1133 5695 tre.
1174 5647 1348 5707 quam
1380 5627 1516 5688 alibi
1566 5627 1703 5707 plus
1732 5627 1979 5687 fortasse
2012 5643 2191 5701 quam
2225 5627 2367 5687 satis
2398 5629 2680 5689 diximus.

2808 4627 2980 4691 mino,
3013 4641 3156 4680 unus
3204 4625 3437 4696 spiritus
3487 4631 3563 4680 est
3611 4626 3661 4692 (Ι
3698 4625 3817 4680 Cor.
3858 4640 3938 4692 vr,
3974 4624 4082 4696 l7).
4116 4625 4193 4680 Ac
4224 4640 4297 4680 ne
4341 4623 4477 4680 for-

2808 4715 2984 4771 sitam
3010 4714 3067 4769 in
3097 4730 3185 4779 eo,
3219 4713 3375 4785 quod
3408 4730 3589 4785 supra
3613 4711 3855 4778 dixerat,
3889 4713 4089 4768 Servus
4126 4716 4354 4769 vocatus
4382 4728 4473 4779 es,

2805 4820 2917 4859 non
2944 4805 3017 4858 sit
3045 4803 3154 4859 sibi
3181 4818 3332 4860 cura:
3364 4802 3493 4858 :sed
3522 4807 3571 4856 et
3610 4805 3663 4857 si
3723 4806 3870 4873 potes
3910 4802 4049 4858 liber
4082 4803 4223 4872 ﬁeri,
4271 4803 4477 4874 magis

2803 4900 2976 4958 utere,
3007 4891 3354 4966 suggillasse
3376 4892 3797 4948 continentiam
3825 4891 4140 4959 videretur,
4173 4895 4230 4947 et
4267 4891 4329 4946 in
4365 4893 4469 4947 fa-

2805 4982 3093 5039 mulatum
3122 4999 3228 5039 nos
3257 4980 3571 5038 tradidisse
3615 4981 3956 5053 conjugum,
3989 4980 4166 5037 infert
4215 4984 4474 5036 senten-

2801 5198 2946 5255 Vide
2976 5198 3104 5268 ejus
3133 5195 3243 5254 loci
3273 5195 3640 5268 interpretes.

2870 5272 2891 5306 ³
2920 5271 2982 5325 In
3004 5266 3321 5326 Veronensi
3352 5273 3411 5323 et
3430 5266 3809 5324 Cisterciensi
3839 5268 4107 5325 omnium
4152 5266 4470 5338 antiquis-

2798 5342 2969 5398 simis
3016 5358 3159 5397 mss.
3212 5339 3410 5395 isthaec
3446 5340 3826 5396 subduntur:
3868 5363 3889 5390 ι
3924 5339 4004 5395 De
4054 5338 4472 5396 circumcisio.

2799 5413 2891 5468 nis
2922 5410 3427 5484 cognominatione
3458 5411 3632 5484 ferias
3662 5410 3925 5484 libidinis
3954 5411 4146 5477 docet,
4180 5410 4322 5483 quia
4344 5408 4471 5484 illa

2798 5501 2932 5557 pars
2959 5479 3217 5557 corporis
3272 5483 3602 5557 tru‘ncanda
3638 5488 3747 5557 est,
3781 5483 3951 5557 cujus
3981 5479 4359 5557 exspectatur
4389 5479 4471 5538 in

2795 5552 2970 5611 rebus
2997 5552 3416 5627 erubescendis
3445 5554 3792 5627 periculum.
3830 5552 3863 5603 »ἱ
3893 5556 4020 5626 Ipse
4063 5552 4219 5611 intra
4245 5552 4477 5613 Hiero-

2791 5643 3025 5705 nymus,
3058 5625 3267 5684 discant
3281 5625 3641 5703 prius/cria:
3664 5625 4007 5701 nuptiarum.
