4100 6156
268 358 383 439 ἑτέ

1339 337 1755 438 ADVERSUS
1799 364 2285 436 JovaANUM
2333 365 2477 435 LIB.
2522 371 2573 435 ι.

3540 379 3662 446 238

272 510 426 574 tiam,
458 496 587 580 qua“:
620 517 856 563 omnem
899 508 1159 578 amputet
1203 503 1631 563 cavillationem
1661 523 1673 560 :
1723 507 1908 561 Pretio
1936 508 1990 574 Α
2021 504 2331 577 exigimur,
2356 505 2456 559 sed
2488 505 2783 561 docemur.
2818 506 2965 571 Quia
2994 506 3094 562 ubi
3123 510 3433 567 consilium
3464 512 3660 583 datur,

270 601 428 671 empti
454 598 605 663 estis,
657 597 829 651 nolite
876 595 999 666 ﬁeri
1041 596 1187 651 servi
1243 595 1548 651 hominum.
1604 593 1911 666 Redempti

270 703 469 745 sumus
500 684 931 759 pretiosissimo
970 682 1253 757 sanguine
1283 683 1498 740 Christi
1524 702 1536 738 :
1570 681 1911 738 immolatus

268 781 354 833 est
382 792 486 848 pro
526 773 696 830 nobis
740 790 953 846 agnus,
1000 777 1057 829 et
1098 773 1321 845 aspersi
1366 772 1726 828 calidissimo
1784 788 1912 826 rore

270 865 531 937 hyssopi,
560 879 795 919 omnem
830 861 1104 935 pituitam
1151 863 1337 917 noxiae
1392 860 1707 933 voluptatis
1751 875 1914 916 exco-

267 954 482 1009 ximus.
514 952 736 1017 Quibus
764 952 827 1006 in
881 951 1235 1023 baptismate
1283 955 1553 1006 mortuus
1598 954 1705 1019 est,
1758 949 1909 1004 Pha-

264 1060 363 1098 rao
396 1044 432 1113 ',
465 1046 523 1096 et
550 1042 865 1096 universus
894 1041 1023 1111 ejus
1077 1041 1398 1096 suffocatus
1457 1043 1546 1095 est
1600 1038 1908 1108 exercitus,

262 1150 363 1188 cur
390 1148 633 1187 rursum
665 1131 981 1204 Egyptum
1013 1130 1352 1201 quaerimus,
1386 1135 1443 1185 et
1490 1134 1622 1202 post
1670 1145 1907 1191 manna,

261 1219 602 1293 angelorum
634 1219 856 1284 cibum,
887 1218 1023 1274 allia
1056 1224 1111 1274 et
1141 1235 1279 1291 cepe
1309 1223 1366 1274 et
1394 1234 1670 1292 pepones,
1706 1222 1762 1273 et
1790 1234 1919 1273 car-.

263 1326 358 1367 nes
388 1308 642 1364 Pharias
674 1308 1043 1380 suspiramus
1076 1308 1097 1341 ²
1124 1307 1152 1362 ?

326 1400 413 1453 l2.
449 1398 639 1467 Quare
662 1398 801 1453 Deus
830 1398 1212 1466 virginitatem
1256 1412 1365 1452 non
1404 1398 1685 1468 praecepit.
1734 1396 1911 1452 Feria:

258 1491 585 1560 nuptiarum
654 1490 827 1557 quae?
856 1487 1036 1554 Quare
1080 1487 1206 1557 plus
1261 1488 1411 1541 amat
1464 1487 1705 1555 virgines
1754 1484 1909 1539 Chri-

262 1586 390 1632 stus.
444 1575 836 1645 Signiﬁcantia
882 1575 1169 1630 verborum
1215 1573 1625 1630 consideranda.
1674 1604 1741 1613 —
1790 1572 1910 1627 Ma-

265 1665 512 1720 ritornm
544 1668 602 1719 et
655 1662 1080 1720 continentium
1130 1663 1528 1735 disputatione
1586 1661 1909 1734 praemissa,

262 1755 503 1810 tandem
553 1754 625 1808 ad
675 1752 929 1823 virgines
995 1753 1173 1818 venit,
1219 1756 1277 1807 et
1324 1752 1442 1807 ait:
1480 1756 1560 1807 De
1605 1752 1913 1820 virginibus

259 1850 438 1898 autem
458 1845 796 1915 praeceptum
824 1842 1047 1896 Domini
1090 1857 1201 1896 non
1252 1840 1458 1901 habeo;
1485 1841 1777 1895 consilium
1817 1857 1914 1895 au-
1941 1875 1990 1940 Β

257 1936 358 1986 tem
399 1931 495 1995 do,
544 1934 810 2002 tanquam
868 1929 1306 1985 misericordiam
1362 1937 1670 1985 consecutus
1726 1946 1760 1984 a
1808 1930 1909 1985 Do-

259 2022 447 2086 mino,
477 2028 543 2075 ut
567 2021 674 2074 sim
702 2019 911 2089 ﬁdelis.
945 2020 1213 2074 Existimo
1244 2034 1369 2090 ergo
1406 2018 1503 2073 hoc
1555 2020 1754 2074 bonum
1799 2034 1913 2074 esse

258 2118 494 2180 prepter
522 2111 808 2163 instantem
857 2109 1249 2173 necessitatem,
1299 2108 1556 2178 quoniam
1606 2107 1803 2162 bonum
1832 2116 1912 2162 est

262 2198 496 2253 homini
522 2198 600 2252 sic
630 2213 739 2252 esse
766 2198 790 2231 ³
818 2198 867 2263 (I
917 2196 1036 2251 Cor.
1060 2213 1159 2260 vn,
1206 2196 1297 2263 25,
1353 2195 1464 2267 26).
1502 2195 1603 2250 Hic
1643 2196 1911 2251 adversa-

256 2285 385 2342 rius
417 2288 539 2340 tota
572 2284 957 2341 exsultatione
986 2284 1341 2352 bacchatur;
1374 2283 1481 2339 hoc
1518 2282 1676 2339 velut
1718 2283 1911 2340 fortis-

258 2375 411 2430 simo
446 2374 653 2438 ariete.
683 2372 1039 2446 virginitatis
1066 2389 1303 2428 murum
1342 2373 1650 2443 quatiens:
1685 2395 1713 2424 ‹‹
1746 2373 1910 2439 Ecce,

260 2465 489 2536 inquit,
518 2461 837 2536 Apostolus
868 2462 1174 2534 proﬁtetur
1203 2462 1273 2517 de
1310 2461 1638 2534 virginibus
1682 2461 1911 2518 Domini

258 2570 317 2609 se
348 2569 475 2632 non
506 2551 724 2607 habere
749 2554 1101 2623 prmceptum
1128 2568 1139 2606 :
1173 2553 1230 2606 et
1264 2550 1366 2623 qui
1406 2567 1540 2607 cum
1572 2550 1915 2606 auctoritate

259 2642 329 2698 de
356 2640 604 2697 maritis
626 2646 684 2695 et
704 2640 984 2695 uxoribus
998 2641 1401 2711 jusserat,non
1429 2641 1604 2695 audet
1624 2639 1914 2712 imperare

257 2730 412 2803 quod
453 2729 743 2785 Dominus
775 2744 890 2784 non
921 2728 1215 2800 przecepit.
1251 2728 1317 2783 Et
1346 2732 1515 2784 recte.
1549 2729 1711 2793 Quod
1756 2730 1914 2784 enim

254 2817 617 2891 pmcipitnr,
671 2817 997 2888 imperatur
1041 2835 1054 2884 ;
1106 2816 1260 2888 quod
1307 2816 1646 2888 imperatur,
1681 2833 1916 2873 necesse

253 2915 339 2965 est
370 2907 547 2975 ﬁeri;
586 2906 739 2978 quod
774 2912 1008 2961 necesse
1037 2910 1127 2961 est
1165 2904 1309 2973 ﬁeri,
1362 2905 1475 2960 nisi
1514 2905 1633 2973 ﬁat,
1684 2923 1915 2979 poenam

258 2997 464 3053 habet.
498 2996 741 3051 Frustra
771 2994 927 3050 enim
953 2995 1214 3066 jubetur,
1249 2983 1401 3065 quad
1437 2994 1503 3048 in.
1526 2994 1766 3050 arbitrio
1787 2997 1916 3066 ejus

259 3087 526 3148 uenitur,
562 3083 657 3138 cui
689 3086 929 3153 jussum
976 3086 1084 3138 est.
1140 3105 1168 3131 ››
1216 3080 1471 3154 256ζεὶ
1521 3082 1914 3155 virginitatem

258 3169 1491 3243 Dominusimperasset,videbaturnuptias
1503 3172 1912 3238 condemnare,

2021 594 2315 649 offerentis
2357 594 2667 650 arbitrium
2712 600 2835 651 est:
2872 595 2972 651 ubi
3019 605 3395 672 praeceptum.
3462 619 3661 659 neces-

2021 682 2164 736 sitas
2196 688 2286 736 est
2316 682 2620 738 servientis
2668 684 2709 737 δ.
2760 688 3130 756 Ρνιῖορριυηι,
3181 688 3394 759 inquit,
3441 692 3665 748 Domini

2020 787 2132 824 non
2166 770 2332 826 habeo
2352 790 2377 835 ;
2403 773 2699 827 consilium
2730 781 2920 828 autem
2945 773 3031 842 do,
3060 783 3320 847 tanquam
3349 779 3661 835 misericor-

2019 858 2169 915 diam
2198 865 2515 915 consecutus
2545 878 2579 916 a
2611 862 2834 917 Domino
2866 862 2914 933 (Ι
2959 863 3079 918 Cor.
3128 881 3229 931 v11,
3265 866 3378 937 25).
3433 866 3494 921 Si
3545 884 3663 923 non

2020 947 2203 1004 habes
2234 954 2589 1021 praeceptum
2621 950 2876 1019 Domini,
2911 968 3092 1023 quare
3124 953 3307 1009 audes
3338 955 3476 1011 dare
3519 972 3664 1011 con-

2020 1036 2244 1105 silium,
2275 1038 2346 1093 de
2377 1053 2492 1108 quo
2522 1054 2637 1093 non
2660 1038 2840 1093 habes
2855 1041 3183 1109 jussionem
3210 1043 3238 1097 ‘I
3267 1042 3665 1116 Respondebit

2022 1125 2165 1180 mihi
2195 1126 2544 1199 Apostolus:
2573 1127 2641 1181 Et
2668 1127 2756 1183 vis
2800 1133 2867 1184 ut
2902 1145 3007 1200 ego
3040 1130 3302 1199 jubeam,
3347 1133 3503 1204 quod
3555 1133 3663 1189 Do-

2021 1215 2220 1270 minus
2248 1213 2459 1270 obtulit
2481 1214 2697 1285 potius,
2730 1233 2905 1288 quam
2931 1218 3207 1290 praecepit
3241 1223 3264 1274 Ρ
3293 1219 3395 1275 Ille
3438 1226 3664 1277 creator

2019 1307 2076 1358 et
2100 1302 2317 1375 ﬁgulus
2348 1304 2539 1359 sciens
2564 1304 2941 1377 fragilitatem
2979 1306 3222 1373 vasculi,
3258 1310 3411 1379 quod
3464 1326 3663 1382 opera-

2020 1397 2116 1447 tus
2145 1395 2252 1459 est,
2283 1392 2678 1464 virginitatem
2707 1393 2766 1448 in
2790 1395 3083 1451 audientis
3103 1399 3388 1466 potestate
3414 1396 3660 1466 dimisit,

2019 1485 2075 1535 et
2105 1496 2210 1553 ego
2242 1481 2444 1536 doctor
2471 1482 2757 1553 gentium,
2793 1483 2893 1554 qui
2925 1484 3203 1540 omnibus
3233 1486 3432 1541 omnia
3473 1487 3664 1542 factus

2021 1586 2153 1624 sum
2179 1571 2227 1637 (I
2262 1568 2381 1625 Cor.
2415 1587 2491 1638 1x,
2522 1572 2636 1642 ‘22),
2680 1575 2745 1626 ut
2791 1588 2996 1627 omnes
3041 1573 3472 1640 lucrifacerem,
3513 1592 3663 1632 onus

2021 1663 2314 1731 perpetua:
2347 1658 2633 1715 castitatis
2654 1660 2853 1715 statim
2884 1660 2944 1715 in
2969 1661 3256 1734 principio
3298 1663 3664 1719 credentium

2020 1747 2319 1818 imponam
2375 1748 2698 1805 cervicibus
2746 1749 3117 1806 inﬁrmorum
3159 1751 3188 1806 ?
3218 1752 3454 1807 Discant
3501 1752 3665 1824 prius

2022 1835 2194 1891 ferias
2226 1835 2588 1908 nuptiarum,
2620 1842 2825 1894 vacent
2872 1839 2943 1894 ad
3001 1842 3235 1912 tempus
3282 1841 3553 1910 orationi,
3603 1845 3669 1897 ut

2021 1928 2258 1997 accepto
2284 1929 2461 1997 gustu
2491 1926 2808 1998 pudicitiae,
2842 1927 2901 1982 id
2933 1945 3166 2001 semper
3194 1929 3408 1986 habere
3445 1930 3669 1987 deside-

2021 2017 2169 2084 rent,
2204 2031 2318 2084 quo
2355 2016 2421 2069 ad
2487 2015 2785 2071 modicum
2843 2016 3109 2074 delectati
3162 2022 3319 2074 sunt.
3381 2019 3667 2075 Dominus

2021 2106 2281 2159 tentatus
2337 2120 2371 2159 a
2431 2104 2759 2174 Pharismis,
2829 2109 3029 2161 utrum
3088 2108 3411 2164 secundum
3476 2108 3667 2182 legem

2021 2192 2206 2264 Moysi
2238 2209 2448 2248 uxores
2477 2191 2678 2249 liceret
2706 2194 3022 2263 dimittere,
3073 2197 3315 2253 omnino
3363 2198 3490 2254 ﬁeri
3536 2214 3666 2267 pro-

2022 2279 2232 2335 hibuit.
2262 2280 2423 2344 Quod
2457 2281 2733 2353 discipuli
2759 2282 3220 2353 considerantes,
3266 2285 3540 2341 dixerunt
3568 2286 3620 2342 ei
3650 2304 3664 2341 :

2019 2371 2085 2425 Si
2115 2370 2246 2424 talis
2274 2373 2351 2424 est
2398 2386 2561 2425 causa
2609 2370 2848 2426 hominis
2886 2387 3009 2426 cum
3056 2389 3248 2440 uxore,
3298 2390 3409 2430 non
3451 2374 3668 2446 expedit

2022 2459 2245 2513 nubere.
2299 2458 2503 2526 Quibus
2546 2459 2641 2515 ille
2692 2460 3006 2531 respondit:
3040 2461 3155 2516 Non
3204 2478 3389 2519 omnes
3443 2465 3668 2534 capiunt

2023 2548 2263 2611 verbum,
2288 2547 2379 2602 sed
2412 2548 2607 2618 quibus
2654 2547 2842 2603 datum
2880 2553 2979 2605 est.
3022 2549 3159 2605 Sunt
3204 2553 3354 2607 enim
3408 2553 3669 2620 eunuchi,

2022 2638 2120 2709 qui
2138 2635 2204 2691 de
2232 2639 2385 2691 utero
2414 2638 2611 2691 matris
2642 2639 2721 2692 ita
2766 2639 2889 2692 nati
2933 2647 3085 2707 sunt,
3142 2648 3194 2695 et
3237 2644 3365 2695 sunt
3409 2641 3668 2710 eunuchi,

2024 2727 2121 2795 qui
2149 2726 2216 2779 ab
2244 2726 2557 2781 hominibus
2578 2725 2932 2783 eunuchizati
2960 2730 3090 2783 sunt
3112 2745 3133 2790 ;
3163 2734 3212 2785 et
3240 2739 3370 2787 sunt
3409 2732 3668 2800 eunuchi,

2024 2814 2122 2885 qui
2147 2829 2203 2868 se
2231 2821 2610 2869 castraverunt
2642 2824 2866 2887 propter
2911 2816 3058 2873 257
3112 2833 3343 2889 regnum
3387 2821 3666 2877 caelorum.

2027 2905 2133 2972 Qui
2157 2906 2329 2975 potest
2394 2920 2607 2975 capere,
2665 2906 2845 2975 capiat
2894 2905 3103 2977 (Matth.
3165 2924 3278 2971 χιχ,
3345 2908 3414 2961 10
3471 2909 3667 2980 seqq.).

2027 2992 2089 3045 In
2120 2988 2429 3062 propatulo
2460 2996 2549 3045 est
2578 3006 2683 3045 cur
2710 2990 3024 3062 Apostolus
3052 2991 3280 3058 dixerit,
3313 2994 3388 3049 De
3433 2996 3667 3066 virgini-

2026 3080 2123 3135 bus
2152 3088 2334 3134 autem
2380 3083 2714 3150 prmeeptum
2758 3081 2976 3134 Domini
3020 3096 3131 3135 non
3179 3082 3386 3145 habeo;
3412 3084 3669 3155 profecto

2026 3170 2129 3240 qui
2187 3167 2550 3241 praemiserat
2604 3168 2888 3224 Dominus
2939 3184 2952 3224 :
3008 3170 3125 3224 Non
3192 3187 3375 3227 omnes
3444 3176 3670 3245 capiunt

254 3267 308 3317 et
336 3241 668 3318 hominum
712 3261 941 3315 auferre
998 3241 1406 3329 seminarium,
1466 3260 1620 3315 unde
1676 3265 1730 3316 et
1789 3261 1916 3333 ipsa
1944 3241 1987 3308 (ἶ
2026 3259 2271 3324 verbum,
2304 3256 2397 3311 sed
2444 3257 2639 3328 quibus
2686 3257 2874 3313 datum
2920 3267 3014 3314 est.
3066 3260 3154 3326 Et,
3206 3261 3314 3329 Qui
3349 3241 3524 3333 potest
3571 3280 3669 3319 ca-

250 3349 575 3423 virginitas
606 3349 888 3404 nascitur.
923 3347 981 3403 Si
1030 3347 1395 3420 praecidisset
1442 3348 1721 3416 radicem,
1774 3366 1917 3421 quo-

260 3439 442 3495 modo
473 3437 675 3509 fruges
705 3436 1041 3509 quaereret?
1070 3436 1194 3492 Nisi
1237 3439 1370 3491 ante
1418 3436 1803 3492 fundamenta
1838 3438 1923 3508 je-

258 3528 473 3593 cisset,
522 3543 639 3598 qua
684 3525 910 3581 ratione
940 3525 1251 3580 aediﬁcium
1298 3529 1640 3587 exstrueret,
1673 3530 1730 3580 et
1757 3542 1922 3599 oper-

269 3619 485 3668 tarum
517 3619 717 3686 cuncta
756 3614 1011 3686 desuper
1059 3614 1291 3670 culmen
1341 3613 1713 3686 imponeret?
1743 3614 1925 3669 Multo

270 3700 487 3757 labore
517 3684 792 3757 fossorum
827 3684 1255 3759 subvertuntur
1284 3684 1551 3770 montes;
1586 3707 1877 3759 terrarum
1908 3706 1928 3737 ‘

272 3806 428 3862 sene
468 3788 696 3845 inferna
742 3795 1144 3862 penetrantur,
1195 3796 1261 3847 ut
1314 3791 1646 3847 inveniatur
1693 3808 1924 3847 aurum.

268 3879 545 3951 Cumque
576 3878 645 3933 de
675 3879 872 3950 granis
923 3879 1342 3936 minutissimis
1373 3880 1538 3953 prius
1584 3880 1930 3936 conﬂatione

274 3968 554 4036 fornacis,
588 3967 798 4023 deinde
828 3967 1043 4024 callida
1072 3969 1316 4024 artificis
1348 3985 1527 4024 manu
1578 3968 1756 4024 fuerit
1806 3986 1930 4024 mo-

268 4056 390 4112 nile
421 4060 822 4127 compactum,
855 4073 972 4111 non
1003 4055 1103 4111 ille
1130 4057 1340 4112 beatus
1381 4061 1640 4124 vocatur,
1702 4057 1802 4128 qui
1862 4058 1933 4112 de

267 4146 399 4202 luto
429 4143 691 4201 excrevit
719 4160 954 4214 aurum,
986 4145 1089 4200 sed
1124 4146 1224 4217 qui
1265 4144 1392 4200 auri
1442 4144 1628 4200 utitur
1672 4144 1933 4217 pulchri-

268 4233 501 4290 tudine.
536 4231 670 4289 Noli
708 4231 891 4305 igitur
934 4232 1231 4304 admirari,
1278 4234 1327 4289 si
1376 4233 1529 4289 inter
1572 4233 1936 4290 titillationes

263 4324 490 4393 carnis,
523 4325 585 4378 et
616 4322 913 4377 incentiva
934 4322 1588 4395 vitiorum,angelorum
1607 4324 1788 4379 vitam
1818 4340 1934 4379 non

341 4450 357 4482 ¹
398 4447 575 4520 Haud
607 4446 858 4501 dubium
893 4446 1036 4520 quin
1067 4451 1393 4520 peccatum,
1420 4452 1524 4520 aut
1552 4447 1810 4514 Daemon,
1842 4464 1939 4503 cu-

259 4523 369 4593 jus
401 4518 640 4593 Bharaq
666 4522 873 4591 typum
905 4518 1086 4590 gerit.‘
1106 4518 1392 4575 Solemnis
1423 4519 1546 4574 hazc
1587 4520 1741 4591 apud
1784 4524 1936 4576 vete-

263 4588 367 4648 res
389 4588 702 4661 allegoria;

2027 3362 2179 3419 pere,
2213 3349 2393 3416 capat.
2453 3346 2733 3417 Proponit
2781 3356 3086 3417 ἀγωνοθέτης
3143 3350 3475 3421 praemium,
3531 3352 3676 3407 invi-

2030 3440 2116 3490 tat
2147 3435 2216 3491 ad
2251 3452 2514 3499 cursum,
2545 3438 2705 3490 tenet
2735 3436 2792 3491 in
2825 3453 3002 3491 manu
3026 3437 3381 3510 virginitatis
3410 3440 3677 3498 bravium

2034 3524 2291 3580 ostendit
2320 3523 2705 3596 purissimum
2725 3525 2965 3592 fontem,
2988 3529 3045 3581 et
3073 3526 3335 3582 clamitat
3361 3544 3374 3583 :
3410 3529 3518 3597 Qui
3534 3530 3679 3596 sitit,

2036 3616 2238 3680 veniat,
2285 3619 2339 3667 et
2400 3614 2568 3668 bibat.
2625 3614 2732 3681 Qui
2784 3618 2955 3686 potest
3000 3632 3210 3687 capere,
3261 3620 3444 3689 capiat
3498 3620 3677 3690 (Joan.

2036 3720 2138 3770 vn,
2163 3703 2273 3773 37).
2308 3702 2432 3757 Non
2466 3701 2627 3767 dicit,
2657 3701 2847 3758 velitis
2886 3702 3103 3774 nolitis,
3145 3704 3465 3760 bibendum
3516 3707 3682 3762 vobis

2039 3795 2148 3858 est,
2181 3794 2357 3861 atque
2380 3790 2735 3845 currendum
2764 3808 2777 3857 ;
2809 3790 2908 3846 sed
2955 3791 3055 3863 qui
3103 3791 3368 3860 voluerit,
3430 3795 3529 3866 qui
3586 3811 3686 3867 po-

2038 3879 2217 3935 tuerit
2246 3894 2498 3943 currere,
2532 3883 2709 3950 atque
2738 3883 2962 3950 potare,
2994 3878 3092 3936 ille
3134 3880 3344 3950 vincet,
3376 3881 3474 3939 ille
3500 3884 3685 3939 satia-

2041 3967 2214 4023 bitur.
2254 3967 2324 4021 Et
2352 3966 2482 4021 ideo
2512 3966 2647 4037 plus
2696 3972 2855 4022 amat
2902 3967 3158 4041 virgines
3206 3969 3495 4039 Christus,
3550 3973 3688 4043 quia

2043 4059 2248 4127 sponte
2278 4054 2567 4120 tribuunt,
2602 4056 2754 4126 quod
2788 4056 2901 4111 sibi
2932 4073 3048 4112 non
3080 4058 3269 4113 fuerat
3311 4060 3686 4132 imperatum.

2044 4142 2400 4215 Majorisque
2431 4142 2630 4215 gratiae
2659 4149 2750 4198 est
2804 4144 3009 4199 otl‘erre
3068 4147 3222 4217 quod
3283 4164 3399 4202 non
3448 4148 3685 4217 debeas,

2045 4249 2223 4306 quam
2255 4232 2494 4287 reddere
2516 4232 2668 4301 quod
2696 4232 2968 4304 exigaris.
2994 4234 3250 4305 Apostoli
3283 4235 3481 4291 uxoris
3509 4252 3690 4292 onera

2048 4319 2459 4394 contemplati:
2494 4319 2555 4375 Si
2584 4311 2711 4375 talis
2750 4325 2847 4387 est,
2880 4321 3176 4393 inquiunt,
3225 4338 3393 4378 causa
3446 4325 3688 4381 hominis

2048 4449 2112 4503 Et
2141 4462 2333 4503 carnes
2361 4446 2545 4520 varias
2586 4447 2945 4520 suspiramus.
3003 4446 3090 4502 Ita
3142 4447 3285 4520 legit
3341 4449 3520 4505 codex
3575 4465 3689 4507 ms.

2053 4518 2599 4591 Sangermanensis,
2633 4516 2690 4573 et
2718 4516 2864 4591 alter
2890 4516 3292 4575 Larnutensis.
3327 4521 3695 4580 Corbeiensis

1972 4607 2017 4671 ι)
2049 4590 2243 4671 autem
2276 4590 2468 4671 prima
2498 4605 2699 4671 manu,
2730 4590 2795 4643 Et
2822 4606 3013 4671 carnes
3067 4592 3260 4671 Farias
3308 4608 3694 4671 suspiramus;

2050 4662 2152 4718 sed
2182 4660 2375 4732 Furias
2406 4660 2654 4732 mutavit
2682 4661 2967 4732 recentior
2995 4678 3208 4718 manus
3236 4663 3293 4718 in
3335 4660 3541 4732 varias,
3596 4665 3695 4719 ad-

2052 4734 2198 4788 dens
2227 4731 2285 4785 in
2319 4731 2604 4802 margine,
2638 4731 2694 4785 id
2745 4736 2824 4787 est
2869 4735 3219 4789 Faraonicas.
3246 4735 3410 4791 Unus
3457 4731 3696 4802 Regius,

2052 4808 2110 4860 et
2137 4803 2285 4858 alter
2314 4802 2705 4876 Col_b_ertinus,
2737 4802 2942 4876 legunt
2971 4806 3165 4873 ambo,
3198 4808 3264 4861 Et
3310 4821 3501 4860 carnes
3543 4802 3694 4859 Pha-

2053 4876 2377 4930 raoniticas.
2412 4872 2575 4928 Unus
2606 4872 2945 4930 monasterii
2985 4872 3167 4930 nostri
3225 4878 3280 4932 S.
3345 4877 3500 4931 Petri
3560 4875 3696 4930 Car-

2055 4944 2346 5017 nutensis,
2377 4946 2429 5017 et
2454 4961 2645 4999 carnes
2673 4948 2901 5017 ferinas.
2950 4946 3212 5017 Denique
3270 4947 3450 5017 codex
3503 4945 3700 5002 Sancti

2054 5015 2365 5088 Ebrulphi,
2404 5016 2467 5069 Et
2513 5015 2704 5071 carnes
2736 5019 2941 5082 varias,
2974 5017 3072 5072 hoc
3119 5015 3205 5071 est
3259 5016 3696 5073 Pharaoniticas.

2058 5090 2216 5144 Hanc
2241 5087 2509 5143 codicum
2544 5103 2685 5142 mss.
2720 5087 3144 5142 dissonantium
3177 5088 3286 5144 hoc
3320 5088 3445 5144 loco
3495 5089 3701 5145 docere

2057 5160 2353 5216 voluimus
2383 5157 2658 5213 lectorem
2693 5159 3014 5225 curiosum,
3046 5163 3111 5213 ut
3140 5175 3210 5214 ex
3241 5164 3403 5215 tanta
3422 5161 3701 5216 varietate

2058 5230 2332 5302 conjiciat
2354 5228 2685 5302 quantasit
2712 5228 2772 5283 in
2804 5229 2948 5302 aliis
2966 5229 3272 5287 sententiis
3300 5231 3546 5287 minoris
3577 5249 3703 5288 mo-

2062 5299 2242 5358 menti
2283 5299 2445 5375 sylva
2483 5300 2775 5375 variarum
2822 5299 3161 5371 lectionum,
3210 5319 3461 5375 quarum
3505 5309 3703 5359 tamen

2060 5391 2174 5430 non
2209 5373 2608 5427 meminimus.
2643 5372 2928 5427 MARTIAN.

2130 5444 2309 5498 3Haec
2331 5444 2622 5514 pericopa.
2648 5445 2910 5513 quoniam
2967 5443 3169 5499 bonum
3223 5451 3299 5502 est
3354 5448 3568 5503 homini
3627 5449 3707 5502 sic

2062 5534 2197 5579 esse,
2230 5516 2285 5568 in
2313 5515 2528 5568 nostris
2560 5514 2857 5569 codicibus
2888 5532 3001 5569 non
3034 5517 3348 5573 invenitur.

2133 5589 2153 5621 ⁴
2186 5586 2537 5642 Sull‘ecimus
2560 5603 2755 5641 vocem
2789 5591 3063 5642 terrarum
3106 5606 3175 5644 ex
3230 5606 3521 5646 consensu
3561 5605 3704 5645 mss.

2063 5664 2120 5715 et
2146 5657 2325 5714 veteri
2358 5655 2633 5714 editione.

2135 5731 2156 5769 ⁵
2185 5728 2311 5788 Duo
2341 5728 2778 5806 praestantiores
2816 5732 3270 5791 mssmecessitas
3304 5739 3381 5793 est
3405 5730 3705 5791 servitutis.

327 4665 356 4696 ³
390 4658 723 4732 ﬂuensque
755 4658 1017 4732 obtinuit
1061 4676 1267 4732 carnes,
1296 4660 1499 4725 varias,
1559 4661 1793 4717 tametsi
1836 4664 1936 4717 Fa-

260 4735 389 4789 rias
422 4733 486 4787 in
534 4730 684 4787 mss.
735 4730 1036 4803 plerisque
1081 4731 1323 4787 inveniri
1384 4732 1510 4803 ipse
1567 4732 1939 4789 Martianmus

262 4805 555 4860 fateatur.
583 4804 680 4874 ita
702 4801 981 4873 equidem
1014 4803 1132 4859 duo
1162 4803 1347 4859 nostri
1388 4801 1877 4874 praestantissimi,
1911 4822 1945 4860 a

262 4890 533 4948 quorum
558 4872 687 4948 _ﬁde
718 4872 835 4928 non
870 4878 961 4948 est
983 4872 1660 4948 recedendumITantum
1684 4876 1945 4948 aspirare

260 4940 467 5003 malui
499 4943 763 5017 Pharias,
792 4961 806 4998 :
847 4945 1051 5017 sicque
1080 4940 1303 5017 θὶςιὶιίοο
1350 4944 1675 5017 appellatas
1722 4940 1789 5003 ei
1820 4946 1945 5002 loco

264 5017 379 5073 ubi
415 5014 1225 5088 carnes_Hebrieus'populus
1256 5014 1588 5088 concupivit
1621 5035 1634 5072 :
1670 5018 1725 5072 id
1757 5025 1845 5073 est
1886 5020 1949 5073 In

262 5086 586 5144 solitudine
630 5086 884 5154 Pharan,
928 5086 1027 5142 ubi
1050 5086 1361 5213 Iastidiens
1406 5086 1678 5143 caelestem
1722 5105 1944 5159 panem,

262 5159 675 5213 Eauntiorum
704 5173 904 5213 carnes
933 5158 1051 5213 desi
1087 5176 1337 5213 erans....
1371 5161 1577 5213 accepit
1622 5161 1944 5213 coturnices.

257 5159 904 5231 Egyptiorumcarnes
933 5158 1337 5215 desiderans....
1371 5161 1577 5231 accepit
1622 5158 1944 5227 coturnices,

260 5228 569 5300 eiusque
627 5228 696 5300 ad
750 5245 1017 5284 nauseam
1069 5235 1122 5285 et
1187 5234 1453 5286 vomitum
1491 5228 1750 5295 'dcvorat,
1814 5237 1947 5299 etc.,

264 5299 795 5383 quemadmodum
829 5300 903 5354 ab
933 5300 1425 5383 ipsonllieronym.
1458 5301 1821 5383 explicatum
1863 5308 1953 5357 est

263 5369 335 5429 in
381 5369 650 5445 Epistola
681 5370 754 5445 de
785 5369 1218 5439 mansionibus,
1254 5369 1441 5427 m‘ans.
1463 5369 1745 5428 x1i1.Vide
1774 5373 1947 5445 Num.

264 5442 613 5517 nnversu
656 5442 723 5517 t3_
746 5447 805 5497 et
834 5444 1274 5517 seq._Czeterum
1321 5445 1441 5517 scio
1492 5445 1729 5501 Pharias
1777 5444 1951 5517 vulgo

482 5514 816 5588 haraonicas
872 5514 1051 5588 accipi
1103 5516 1277 5587 juxta
1337 5514 1477 5570 illud
1539 5517 1841 5573 Prudentii
1883 5514 1949 5572 in

266 5531 397 5595 pro
424 5531 609 5595 Δ

489 5600 613 5641 8081
638 5600 650 5636 2

268 5594 415 5661 APO

393 5738 520 5796 Haec
552 5733 698 5804 regis
723 5734 903 5792 Pharii
931 5750 1157 5809 regnum
1176 5738 1339 5793 ferale
1358 5737 1597 5793 resolvit.
