  <div class='ocr_page' id='page_1' title='image "/cluster/home/n/w/nwhite01/storage/ocr_20150623/23/hvd.32044052772480/127.png"; bbox 0 0 4100 6156; ppageno 0'>
   <div class='ocr_carea' id='block_1_1' title="bbox 390 288 508 352">
    <p class='ocr_par' dir='ltr' id='par_1_1' title="bbox 390 288 508 352">
     <span class='ocr_line' id='line_1_1' title="bbox 390 288 508 352; baseline 0.008 -1"><span class='ocrx_word' id='word_1_1' title='bbox 390 288 508 352; x_wconf 77' lang='grc'>239</span> 
     </span>
    </p>
   </div>
   <div class='ocr_carea' id='block_1_2' title="bbox 1636 286 2545 360">
    <p class='ocr_par' dir='ltr' id='par_1_2' title="bbox 1636 286 2545 360">
     <span class='ocr_line' id='line_1_2' title="bbox 1636 286 2545 360; baseline 0.004 -6"><span class='ocrx_word' id='word_1_2' title='bbox 1636 291 1704 355; x_wconf 82' lang='grc'>8.</span> <span class='ocrx_word' id='word_1_3' title='bbox 1748 286 2058 355; x_wconf 84' lang='lat' dir='ltr'>EUSEBII</span> <span class='ocrx_word' id='word_1_4' title='bbox 2100 287 2545 360; x_wconf 81' lang='lat' dir='ltr'>HIERONYMI</span> 
     </span>
    </p>
   </div>
   <div class='ocr_carea' id='block_1_3' title="bbox 3672 296 3795 367">
    <p class='ocr_par' dir='ltr' id='par_1_3' title="bbox 3672 296 3795 367">
     <span class='ocr_line' id='line_1_3' title="bbox 3672 296 3795 367; baseline 0.024 -3"><span class='ocrx_word' id='word_1_5' title='bbox 3672 296 3795 367; x_wconf 72' lang='lat'>240</span> 
     </span>
    </p>
   </div>
   <div class='ocr_carea' id='block_1_4' title="bbox 390 423 3789 502">
    <p class='ocr_par' dir='ltr' id='par_1_4' title="bbox 390 423 3789 502">
     <span class='ocr_line' id='line_1_4' title="bbox 390 423 3789 502; baseline 0.003 -24"><span class='ocrx_word' id='word_1_6' title='bbox 390 440 513 480; x_wconf 88' lang='lat' dir='ltr'>cum</span> <span class='ocrx_word' id='word_1_7' title='bbox 536 439 728 494; x_wconf 72' lang='lat' dir='ltr'>uxore,</span> <span class='ocrx_word' id='word_1_8' title='bbox 757 439 869 479; x_wconf 87' lang='lat' dir='ltr'>non</span> <span class='ocrx_word' id='word_1_9' title='bbox 898 424 1117 496; x_wconf 74' lang='lat' dir='ltr'>expedit</span> <span class='ocrx_word' id='word_1_10' title='bbox 1162 426 1385 482; x_wconf 86' lang='lat' dir='ltr'>nubere.</span> <span class='ocrx_word' id='word_1_11' title='bbox 1428 428 1689 492; x_wconf 89' lang='lat' dir='ltr'>Quorum</span> <span class='ocrx_word' id='word_1_12' title='bbox 1744 424 2031 481; x_wconf 88' lang='lat' dir='ltr'>Dominus</span> <span class='ocrx_word' id='word_1_13' title='bbox 2059 423 2117 491; x_wconf 79' lang='grc' dir='ltr'><strong>Α</strong></span> <span class='ocrx_word' id='word_1_14' title='bbox 2146 425 2553 498; x_wconf 81' lang='lat' dir='ltr'>circumcisus,</span> <span class='ocrx_word' id='word_1_15' title='bbox 2581 430 2750 487; x_wconf 90' lang='lat' dir='ltr'>tertio</span> <span class='ocrx_word' id='word_1_16' title='bbox 2800 431 2968 502; x_wconf 86' lang='lat' dir='ltr'>liber,</span> <span class='ocrx_word' id='word_1_17' title='bbox 3025 432 3097 489; x_wconf 91' lang='lat' dir='ltr'>ad</span> <span class='ocrx_word' id='word_1_18' title='bbox 3149 435 3493 490; x_wconf 87' lang='lat' dir='ltr'>extremum-</span> <span class='ocrx_word' id='word_1_19' title='bbox 3531 432 3789 491; x_wconf 91' lang='lat' dir='ltr'>solutus.</span> 
     </span>
    </p>
   </div>
   <div class='ocr_carea' id='block_1_5' title="bbox 392 513 2033 587">
    <p class='ocr_par' dir='ltr' id='par_1_5' title="bbox 392 513 2033 587">
     <span class='ocr_line' id='line_1_5' title="bbox 392 513 2033 587; baseline 0 -20"><span class='ocrx_word' id='word_1_20' title='bbox 392 513 742 569; x_wconf 89' lang='lat' dir='ltr'>sententiam</span> <span class='ocrx_word' id='word_1_21' title='bbox 781 513 1074 586; x_wconf 89' lang='lat' dir='ltr'>probans:</span> <span class='ocrx_word' id='word_1_22' title='bbox 1110 516 1280 571; x_wconf 86' lang='lat' dir='ltr'>Recte</span> <span class='ocrx_word' id='word_1_23' title='bbox 1336 515 1574 587; x_wconf 85' lang='lat' dir='ltr'>quidem</span> <span class='ocrx_word' id='word_1_24' title='bbox 1623 514 1875 579; x_wconf 80' lang='lat' dir='ltr'>sentitis,</span> <span class='ocrx_word' id='word_1_25' title='bbox 1933 513 2033 579; x_wconf 92' lang='lat' dir='ltr'>ait,</span> 
     </span>
    </p>
   </div>
   <div class='ocr_carea' id='block_1_6' title="bbox 394 602 2036 675">
    <p class='ocr_par' dir='ltr' id='par_1_6' title="bbox 394 602 2036 675">
     <span class='ocr_line' id='line_1_6' title="bbox 394 602 2036 675; baseline 0 -19"><span class='ocrx_word' id='word_1_26' title='bbox 394 602 549 673; x_wconf 91' lang='lat' dir='ltr'>quod</span> <span class='ocrx_word' id='word_1_27' title='bbox 580 618 696 657; x_wconf 91' lang='lat' dir='ltr'>non</span> <span class='ocrx_word' id='word_1_28' title='bbox 726 602 992 674; x_wconf 82' lang='lat' dir='ltr'>expediat</span> <span class='ocrx_word' id='word_1_29' title='bbox 1023 602 1245 659; x_wconf 86' lang='lat' dir='ltr'>homini</span> <span class='ocrx_word' id='word_1_30' title='bbox 1290 604 1361 659; x_wconf 92' lang='lat' dir='ltr'>ad</span> <span class='ocrx_word' id='word_1_31' title='bbox 1398 606 1674 659; x_wconf 78' lang='lat' dir='ltr'>caelorum</span> <span class='ocrx_word' id='word_1_32' title='bbox 1707 618 1887 675; x_wconf 86' lang='lat' dir='ltr'>regna</span> <span class='ocrx_word' id='word_1_33' title='bbox 1911 604 2036 657; x_wconf 89' lang='lat' dir='ltr'>ten-</span> 
     </span>
    </p>
   </div>
   <div class='ocr_carea' id='block_1_7' title="bbox 395 690 2040 764">
    <p class='ocr_par' dir='ltr' id='par_1_7' title="bbox 395 690 2040 764">
     <span class='ocr_line' id='line_1_7' title="bbox 395 690 2040 764; baseline 0 -19"><span class='ocrx_word' id='word_1_34' title='bbox 395 690 577 759; x_wconf 88' lang='lat' dir='ltr'>denti,</span> <span class='ocrx_word' id='word_1_35' title='bbox 624 691 885 764; x_wconf 89' lang='lat' dir='ltr'>accipere</span> <span class='ocrx_word' id='word_1_36' title='bbox 934 709 1203 762; x_wconf 81' lang='lat' dir='ltr'>uxorem;</span> <span class='ocrx_word' id='word_1_37' title='bbox 1239 694 1340 749; x_wconf 91' lang='lat' dir='ltr'>sed</span> <span class='ocrx_word' id='word_1_38' title='bbox 1387 691 1640 748; x_wconf 85' lang='lat' dir='ltr'>difﬁcilis</span> <span class='ocrx_word' id='word_1_39' title='bbox 1696 708 1789 747; x_wconf 90' lang='lat' dir='ltr'>res</span> <span class='ocrx_word' id='word_1_40' title='bbox 1841 694 1948 760; x_wconf 90' lang='lat' dir='ltr'>est,</span> <span class='ocrx_word' id='word_1_41' title='bbox 1983 694 2040 746; x_wconf 88' lang='lat' dir='ltr'>et</span> 
     </span>
    </p>
   </div>
   <div class='ocr_carea' id='block_1_8' title="bbox 397 780 2039 853">
    <p class='ocr_par' dir='ltr' id='par_1_8' title="bbox 397 780 2039 853">
     <span class='ocr_line' id='line_1_8' title="bbox 397 780 2039 853; baseline -0.001 -18"><span class='ocrx_word' id='word_1_42' title='bbox 397 796 511 835; x_wconf 89' lang='lat' dir='ltr'>non</span> <span class='ocrx_word' id='word_1_43' title='bbox 544 797 751 836; x_wconf 87' lang='lat' dir='ltr'>omnes</span> <span class='ocrx_word' id='word_1_44' title='bbox 782 780 1020 853; x_wconf 90' lang='lat' dir='ltr'>capiunt</span> <span class='ocrx_word' id='word_1_45' title='bbox 1045 782 1291 837; x_wconf 84' lang='lat' dir='ltr'>verbum</span> <span class='ocrx_word' id='word_1_46' title='bbox 1350 781 1528 849; x_wconf 84' lang='lat' dir='ltr'>istud,</span> <span class='ocrx_word' id='word_1_47' title='bbox 1586 797 1791 836; x_wconf 90' lang='lat' dir='ltr'>verum</span> <span class='ocrx_word' id='word_1_48' title='bbox 1823 780 2039 852; x_wconf 84' lang='lat' dir='ltr'>quibus</span> 
     </span>
    </p>
   </div>
   <div class='ocr_carea' id='block_1_9' title="bbox 394 867 2038 936">
    <p class='ocr_par' dir='ltr' id='par_1_9' title="bbox 394 867 2038 936">
     <span class='ocr_line' id='line_1_9' title="bbox 394 867 2038 936; baseline -0.002 -12"><span class='ocrx_word' id='word_1_49' title='bbox 394 869 598 925; x_wconf 89' lang='lat' dir='ltr'>datum</span> <span class='ocrx_word' id='word_1_50' title='bbox 630 874 736 926; x_wconf 88' lang='lat' dir='ltr'>est.</span> <span class='ocrx_word' id='word_1_51' title='bbox 769 870 929 926; x_wconf 91' lang='lat' dir='ltr'>Alios</span> <span class='ocrx_word' id='word_1_52' title='bbox 959 870 1259 926; x_wconf 87' lang='lat' dir='ltr'>eunuchos</span> <span class='ocrx_word' id='word_1_53' title='bbox 1291 874 1501 926; x_wconf 91' lang='lat' dir='ltr'>natura</span> <span class='ocrx_word' id='word_1_54' title='bbox 1549 869 1703 936; x_wconf 83' lang='lat' dir='ltr'>facit,</span> <span class='ocrx_word' id='word_1_55' title='bbox 1756 867 1901 924; x_wconf 88' lang='lat' dir='ltr'>alios</span> <span class='ocrx_word' id='word_1_56' title='bbox 1947 868 2038 924; x_wconf 86' lang='lat' dir='ltr'>vis</span> 
     </span>
    </p>
   </div>
   <div class='ocr_carea' id='block_1_10' title="bbox 393 957 2039 1033">
    <p class='ocr_par' dir='ltr' id='par_1_10' title="bbox 393 957 2039 1033">
     <span class='ocr_line' id='line_1_10' title="bbox 393 957 2039 1033; baseline 0 -21"><span class='ocrx_word' id='word_1_57' title='bbox 393 957 724 1014; x_wconf 89' lang='lat' dir='ltr'>hominum.</span> <span class='ocrx_word' id='word_1_58' title='bbox 755 959 898 1015; x_wconf 91' lang='lat' dir='ltr'>Mihi</span> <span class='ocrx_word' id='word_1_59' title='bbox 928 958 1012 1014; x_wconf 90' lang='lat' dir='ltr'>illi</span> <span class='ocrx_word' id='word_1_60' title='bbox 1044 959 1295 1015; x_wconf 89' lang='lat' dir='ltr'>eunuchi</span> <span class='ocrx_word' id='word_1_61' title='bbox 1327 959 1732 1033; x_wconf 89' lang='lat' dir='ltr'>placent,quos</span> <span class='ocrx_word' id='word_1_62' title='bbox 1762 957 2039 1014; x_wconf 83' lang='lat' dir='ltr'>castravit</span> 
     </span>
    </p>
   </div>
   <div class='ocr_carea' id='block_1_11' title="bbox 392 1046 2039 1117">
    <p class='ocr_par' dir='ltr' id='par_1_11' title="bbox 392 1046 2039 1117">
     <span class='ocr_line' id='line_1_11' title="bbox 392 1046 2039 1117; baseline -0.001 -14"><span class='ocrx_word' id='word_1_63' title='bbox 392 1064 509 1103; x_wconf 90' lang='lat' dir='ltr'>non</span> <span class='ocrx_word' id='word_1_64' title='bbox 540 1049 879 1117; x_wconf 85' lang='lat' dir='ltr'>necessitas,</span> <span class='ocrx_word' id='word_1_65' title='bbox 913 1050 1013 1104; x_wconf 89' lang='lat' dir='ltr'>sed</span> <span class='ocrx_word' id='word_1_66' title='bbox 1034 1048 1602 1105; x_wconf 90' lang='lat' dir='ltr'>voluntas.Libenter</span> <span class='ocrx_word' id='word_1_67' title='bbox 1631 1046 1763 1102; x_wconf 92' lang='lat' dir='ltr'>illos</span> <span class='ocrx_word' id='word_1_68' title='bbox 1786 1046 1846 1102; x_wconf 94' lang='lat' dir='ltr'>in</span> <span class='ocrx_word' id='word_1_69' title='bbox 1877 1062 2039 1102; x_wconf 91' lang='lat' dir='ltr'>meos</span> 
     </span>
    </p>
   </div>
   <div class='ocr_carea' id='block_1_12' title="bbox 392 1137 2038 1210">
    <p class='ocr_par' dir='ltr' id='par_1_12' title="bbox 392 1137 2038 1210">
     <span class='ocr_line' id='line_1_12' title="bbox 392 1137 2038 1210; baseline -0.001 -18"><span class='ocrx_word' id='word_1_70' title='bbox 392 1137 561 1193; x_wconf 90' lang='lat' dir='ltr'>sinus</span> <span class='ocrx_word' id='word_1_71' title='bbox 590 1138 828 1206; x_wconf 84' lang='lat' dir='ltr'>recipio,</span> <span class='ocrx_word' id='word_1_72' title='bbox 863 1138 962 1210; x_wconf 88' lang='lat' dir='ltr'>qui</span> <span class='ocrx_word' id='word_1_73' title='bbox 1008 1156 1069 1194; x_wconf 92' lang='lat' dir='ltr'>se</span> <span class='ocrx_word' id='word_1_74' title='bbox 1118 1142 1523 1193; x_wconf 87' lang='lat' dir='ltr'>castraverunt</span> <span class='ocrx_word' id='word_1_75' title='bbox 1575 1140 1811 1209; x_wconf 86' lang='lat' dir='ltr'>propter</span> <span class='ocrx_word' id='word_1_76' title='bbox 1859 1150 2038 1207; x_wconf 89' lang='lat' dir='ltr'>regna</span> 
     </span>
    </p>
   </div>
   <div class='ocr_carea' id='block_1_13' title="bbox 393 1224 2035 1296">
    <p class='ocr_par' dir='ltr' id='par_1_13' title="bbox 393 1224 2035 1296">
     <span class='ocr_line' id='line_1_13' title="bbox 393 1224 2035 1296; baseline -0.002 -14"><span class='ocrx_word' id='word_1_77' title='bbox 393 1225 694 1293; x_wconf 68' lang='lat' dir='ltr'>caelorum,</span> <span class='ocrx_word' id='word_1_78' title='bbox 728 1232 785 1282; x_wconf 88' lang='lat' dir='ltr'>et</span> <span class='ocrx_word' id='word_1_79' title='bbox 816 1228 888 1283; x_wconf 94' lang='lat' dir='ltr'>ob</span> <span class='ocrx_word' id='word_1_80' title='bbox 929 1228 1042 1283; x_wconf 89' lang='lat' dir='ltr'>mei</span> <span class='ocrx_word' id='word_1_81' title='bbox 1085 1227 1308 1283; x_wconf 88' lang='lat' dir='ltr'>cultum</span> <span class='ocrx_word' id='word_1_82' title='bbox 1353 1226 1669 1283; x_wconf 86' lang='lat' dir='ltr'>noluerunt</span> <span class='ocrx_word' id='word_1_83' title='bbox 1709 1241 1837 1281; x_wconf 90' lang='lat' dir='ltr'>esse</span> <span class='ocrx_word' id='word_1_84' title='bbox 1880 1224 2035 1296; x_wconf 91' lang='lat' dir='ltr'>quod</span> 
     </span>
    </p>
   </div>
   <div class='ocr_carea' id='block_1_14' title="bbox 392 1315 2034 1388">
    <p class='ocr_par' dir='ltr' id='par_1_14' title="bbox 392 1315 2034 1388">
     <span class='ocr_line' id='line_1_14' title="bbox 392 1315 2034 1388; baseline -0.002 -17"><span class='ocrx_word' id='word_1_85' title='bbox 392 1317 513 1372; x_wconf 87' lang='lat' dir='ltr'>nati</span> <span class='ocrx_word' id='word_1_86' title='bbox 555 1320 712 1372; x_wconf 90' lang='lat' dir='ltr'>sunt.</span> <span class='ocrx_word' id='word_1_87' title='bbox 764 1315 1066 1388; x_wconf 88' lang='lat' dir='ltr'>Simulque</span> <span class='ocrx_word' id='word_1_88' title='bbox 1112 1318 1418 1372; x_wconf 87' lang='lat' dir='ltr'>tractanda</span> <span class='ocrx_word' id='word_1_89' title='bbox 1475 1315 1790 1372; x_wconf 83' lang='lat' dir='ltr'>sententia:</span> <span class='ocrx_word' id='word_1_90' title='bbox 1824 1316 1935 1384; x_wconf 88' lang='lat' dir='ltr'>Qui</span> <span class='ocrx_word' id='word_1_91' title='bbox 1960 1328 2034 1381; x_wconf 89' lang='lat' dir='ltr'>se,</span> 
     </span>
    </p>
   </div>
   <div class='ocr_carea' id='block_1_15' title="bbox 393 1402 2036 1478">
    <p class='ocr_par' dir='ltr' id='par_1_15' title="bbox 393 1402 2036 1478">
     <span class='ocr_line' id='line_1_15' title="bbox 393 1402 2036 1478; baseline -0.001 -19"><span class='ocrx_word' id='word_1_92' title='bbox 393 1404 608 1476; x_wconf 88' lang='lat' dir='ltr'>inquit,</span> <span class='ocrx_word' id='word_1_93' title='bbox 639 1408 1011 1461; x_wconf 86' lang='lat' dir='ltr'>castraverunt</span> <span class='ocrx_word' id='word_1_94' title='bbox 1036 1410 1259 1478; x_wconf 84' lang='lat' dir='ltr'>propter</span> <span class='ocrx_word' id='word_1_95' title='bbox 1296 1421 1466 1474; x_wconf 87' lang='lat' dir='ltr'>regna</span> <span class='ocrx_word' id='word_1_96' title='bbox 1512 1405 1790 1460; x_wconf 63' lang='lat' dir='ltr'>calorum.</span> <span class='ocrx_word' id='word_1_97' title='bbox 1837 1402 1895 1456; x_wconf 90' lang='lat' dir='ltr'>Si</span> <span class='ocrx_word' id='word_1_98' title='bbox 1944 1419 2036 1458; x_wconf 90' lang='lat' dir='ltr'>ca-</span> 
     </span>
    </p>
   </div>
   <div class='ocr_carea' id='block_1_16' title="bbox 393 1489 2037 1565">
    <p class='ocr_par' dir='ltr' id='par_1_16' title="bbox 393 1489 2037 1565">
     <span class='ocr_line' id='line_1_16' title="bbox 393 1489 2037 1565; baseline -0.004 -15"><span class='ocrx_word' id='word_1_99' title='bbox 393 1495 563 1550; x_wconf 83' lang='lat' dir='ltr'>strati</span> <span class='ocrx_word' id='word_1_100' title='bbox 596 1495 924 1551; x_wconf 89' lang='lat' dir='ltr'>mercedem</span> <span class='ocrx_word' id='word_1_101' title='bbox 946 1494 1164 1549; x_wconf 89' lang='lat' dir='ltr'>habent</span> <span class='ocrx_word' id='word_1_102' title='bbox 1192 1494 1357 1565; x_wconf 88' lang='lat' dir='ltr'>regni</span> <span class='ocrx_word' id='word_1_103' title='bbox 1404 1491 1705 1558; x_wconf 81' lang='lat' dir='ltr'>caelorum,</span> <span class='ocrx_word' id='word_1_104' title='bbox 1751 1507 1887 1563; x_wconf 91' lang='lat' dir='ltr'>ergo</span> <span class='ocrx_word' id='word_1_105' title='bbox 1935 1489 2037 1561; x_wconf 88' lang='lat' dir='ltr'>qui</span> 
     </span>
    </p>
   </div>
   <div class='ocr_carea' id='block_1_17' title="bbox 395 1578 2039 1653">
    <p class='ocr_par' dir='ltr' id='par_1_17' title="bbox 395 1578 2039 1653">
     <span class='ocr_line' id='line_1_17' title="bbox 395 1578 2039 1653; baseline -0.002 -15"><span class='ocrx_word' id='word_1_106' title='bbox 395 1597 457 1638; x_wconf 91' lang='lat' dir='ltr'>se</span> <span class='ocrx_word' id='word_1_107' title='bbox 488 1599 602 1637; x_wconf 91' lang='lat' dir='ltr'>non</span> <span class='ocrx_word' id='word_1_108' title='bbox 634 1586 1053 1650; x_wconf 87' lang='lat' dir='ltr'>castraverunt,</span> <span class='ocrx_word' id='word_1_109' title='bbox 1087 1581 1281 1638; x_wconf 91' lang='lat' dir='ltr'>locum</span> <span class='ocrx_word' id='word_1_110' title='bbox 1332 1599 1448 1637; x_wconf 90' lang='lat' dir='ltr'>non</span> <span class='ocrx_word' id='word_1_111' title='bbox 1480 1584 1731 1653; x_wconf 89' lang='lat' dir='ltr'>possunt</span> <span class='ocrx_word' id='word_1_112' title='bbox 1776 1578 2039 1651; x_wconf 87' lang='lat' dir='ltr'>accipere</span> 
     </span>
    </p>
   </div>
   <div class='ocr_carea' id='block_1_18' title="bbox 392 1670 2036 1743">
    <p class='ocr_par' dir='ltr' id='par_1_18' title="bbox 392 1670 2036 1743">
     <span class='ocr_line' id='line_1_18' title="bbox 392 1670 2036 1743; baseline -0.002 -17"><span class='ocrx_word' id='word_1_113' title='bbox 392 1674 802 1726; x_wconf 82' lang='lat' dir='ltr'>caetratorum.</span> <span class='ocrx_word' id='word_1_114' title='bbox 860 1673 966 1740; x_wconf 91' lang='lat' dir='ltr'>Qui</span> <span class='ocrx_word' id='word_1_115' title='bbox 1018 1676 1209 1743; x_wconf 81' lang='lat' dir='ltr'>potest,</span> <span class='ocrx_word' id='word_1_116' title='bbox 1279 1671 1490 1743; x_wconf 88' lang='lat' dir='ltr'>inquit,</span> <span class='ocrx_word' id='word_1_117' title='bbox 1548 1686 1762 1742; x_wconf 81' lang='lat' dir='ltr'>capere,</span> <span class='ocrx_word' id='word_1_118' title='bbox 1836 1670 2036 1741; x_wconf 84' lang='lat' dir='ltr'>capiat.</span> 
     </span>
    </p>
   </div>
   <div class='ocr_carea' id='block_1_19' title="bbox 2224 517 3790 594">
    <p class='ocr_par' dir='ltr' id='par_1_19' title="bbox 2224 517 3790 594">
     <span class='ocr_line' id='line_1_19' title="bbox 2224 517 3790 594; baseline 0.004 -23"><span class='ocrx_word' id='word_1_119' title='bbox 2224 517 2305 571; x_wconf 80' lang='lat' dir='ltr'>l3.</span> <span class='ocrx_word' id='word_1_120' title='bbox 2341 517 2588 587; x_wconf 82' lang='lat' dir='ltr'>Virgines</span> <span class='ocrx_word' id='word_1_121' title='bbox 2618 520 2837 576; x_wconf 69' lang='lat' dir='ltr'>incesta:</span> <span class='ocrx_word' id='word_1_122' title='bbox 2864 523 2920 577; x_wconf 88' lang='lat' dir='ltr'>si</span> <span class='ocrx_word' id='word_1_123' title='bbox 2946 524 3234 593; x_wconf 87' lang='lat' dir='ltr'>nupserint</span> <span class='ocrx_word' id='word_1_124' title='bbox 3260 529 3383 594; x_wconf 86' lang='lat' dir='ltr'>post</span> <span class='ocrx_word' id='word_1_125' title='bbox 3431 523 3790 578; x_wconf 86' lang='lat' dir='ltr'>consecratio-</span> 
     </span>
    </p>
   </div>
   <div class='ocr_carea' id='block_1_20' title="bbox 2144 606 3797 682">
    <p class='ocr_par' dir='ltr' id='par_1_20' title="bbox 2144 606 3797 682">
     <span class='ocr_line' id='line_1_20' title="bbox 2144 606 3797 682; baseline 0.007 -26"><span class='ocrx_word' id='word_1_126' title='bbox 2144 619 2289 658; x_wconf 90' lang='lat' dir='ltr'>nem.</span> <span class='ocrx_word' id='word_1_127' title='bbox 2324 606 2547 677; x_wconf 83' lang='lat' dir='ltr'>Tempus</span> <span class='ocrx_word' id='word_1_128' title='bbox 2574 609 2701 664; x_wconf 68' lang='lat' dir='ltr'>vita:</span> <span class='ocrx_word' id='word_1_129' title='bbox 2754 625 2913 666; x_wconf 87' lang='lat' dir='ltr'>omne</span> <span class='ocrx_word' id='word_1_130' title='bbox 2957 610 3113 667; x_wconf 87' lang='lat' dir='ltr'>breve</span> <span class='ocrx_word' id='word_1_131' title='bbox 3166 619 3262 667; x_wconf 87' lang='lat' dir='ltr'>est.</span> <span class='ocrx_word' id='word_1_132' title='bbox 3310 612 3622 682; x_wconf 70' lang='lat' dir='ltr'>Praeceptor</span> <span class='ocrx_word' id='word_1_133' title='bbox 3674 612 3797 667; x_wconf 84' lang='lat' dir='ltr'>Hie-</span> 
     </span>
    </p>
   </div>
   <div class='ocr_carea' id='block_1_21' title="bbox 2144 695 3798 772">
    <p class='ocr_par' dir='ltr' id='par_1_21' title="bbox 2144 695 3798 772">
     <span class='ocr_line' id='line_1_21' title="bbox 2144 695 3798 772; baseline 0.007 -27"><span class='ocrx_word' id='word_1_134' title='bbox 2144 696 2369 764; x_wconf 86' lang='lat' dir='ltr'>ronymi</span> <span class='ocrx_word' id='word_1_135' title='bbox 2415 695 2707 767; x_wconf 81' lang='lat' dir='ltr'>Gregorius</span> <span class='ocrx_word' id='word_1_136' title='bbox 2754 700 3163 756; x_wconf 66' lang='lat' dir='ltr'>Nazianzenus.</span> <span class='ocrx_word' id='word_1_137' title='bbox 3212 700 3524 772; x_wconf 87' lang='lat' dir='ltr'>Virginitas</span> <span class='ocrx_word' id='word_1_138' title='bbox 3565 714 3691 771; x_wconf 66' lang='lat' dir='ltr'>qua?</span> <span class='ocrx_word' id='word_1_139' title='bbox 3726 702 3798 756; x_wconf 73' lang='lat' dir='ltr'>sit</span> 
     </span>
    </p>
   </div>
   <div class='ocr_carea' id='block_1_22' title="bbox 2145 782 3789 862">
    <p class='ocr_par' dir='ltr' id='par_1_22' title="bbox 2145 782 3789 862">
     <span class='ocr_line' id='line_1_22' title="bbox 2145 782 3789 862; baseline 0.005 -27"><span class='ocrx_word' id='word_1_140' title='bbox 2145 782 2321 837; x_wconf 87' lang='lat' dir='ltr'>hostia</span> <span class='ocrx_word' id='word_1_141' title='bbox 2353 783 2575 841; x_wconf 82' lang='lat' dir='ltr'>Christi.</span> <span class='ocrx_word' id='word_1_142' title='bbox 2632 787 2772 855; x_wconf 84' lang='lat' dir='ltr'>Quid</span> <span class='ocrx_word' id='word_1_143' title='bbox 2819 790 3038 845; x_wconf 80' lang='lat' dir='ltr'>intersit</span> <span class='ocrx_word' id='word_1_144' title='bbox 3093 790 3238 845; x_wconf 86' lang='lat' dir='ltr'>inter</span> <span class='ocrx_word' id='word_1_145' title='bbox 3274 790 3497 862; x_wconf 82' lang='lat' dir='ltr'>nuptias</span> <span class='ocrx_word' id='word_1_146' title='bbox 3535 793 3587 844; x_wconf 89' lang='lat' dir='ltr'>et</span> <span class='ocrx_word' id='word_1_147' title='bbox 3615 791 3789 859; x_wconf 82' lang='lat' dir='ltr'>virgi-</span> 
     </span>
    </p>
   </div>
   <div class='ocr_carea' id='block_1_23' title="bbox 2144 872 3795 951">
    <p class='ocr_par' dir='ltr' id='par_1_23' title="bbox 2144 872 3795 951">
     <span class='ocr_line' id='line_1_23' title="bbox 2144 872 3795 951; baseline 0.005 -26"><span class='ocrx_word' id='word_1_148' title='bbox 2144 872 2398 929; x_wconf 83' lang='lat' dir='ltr'>nitatem.</span> <span class='ocrx_word' id='word_1_149' title='bbox 2441 905 2510 913; x_wconf 86' lang='lat'>—-</span> <span class='ocrx_word' id='word_1_150' title='bbox 2565 878 2879 933; x_wconf 78' lang='lat' dir='ltr'>Curramus</span> <span class='ocrx_word' id='word_1_151' title='bbox 2937 895 3039 950; x_wconf 92' lang='lat' dir='ltr'>per</span> <span class='ocrx_word' id='word_1_152' title='bbox 3095 877 3343 951; x_wconf 90' lang='lat' dir='ltr'>reliqua,</span> <span class='ocrx_word' id='word_1_153' title='bbox 3405 893 3597 950; x_wconf 88' lang='lat' dir='ltr'>neque</span> <span class='ocrx_word' id='word_1_154' title='bbox 3636 879 3795 934; x_wconf 90' lang='lat' dir='ltr'>enim</span> 
     </span>
    </p>
   </div>
   <div class='ocr_carea' id='block_1_24' title="bbox 2148 961 3799 1036">
    <p class='ocr_par' dir='ltr' id='par_1_24' title="bbox 2148 961 3799 1036">
     <span class='ocr_line' id='line_1_24' title="bbox 2148 961 3799 1036; baseline 0.005 -22"><span class='ocrx_word' id='word_1_155' title='bbox 2148 976 2254 1015; x_wconf 92' lang='lat' dir='ltr'>nos</span> <span class='ocrx_word' id='word_1_156' title='bbox 2286 961 2506 1032; x_wconf 90' lang='lat' dir='ltr'>patitur</span> <span class='ocrx_word' id='word_1_157' title='bbox 2550 966 2890 1036; x_wconf 80' lang='lat' dir='ltr'>magnitudo</span> <span class='ocrx_word' id='word_1_158' title='bbox 2937 966 3253 1023; x_wconf 86' lang='lat' dir='ltr'>voluminis</span> <span class='ocrx_word' id='word_1_159' title='bbox 3291 967 3518 1024; x_wconf 90' lang='lat' dir='ltr'>diutius</span> <span class='ocrx_word' id='word_1_160' title='bbox 3559 967 3621 1022; x_wconf 90' lang='lat' dir='ltr'>in</span> <span class='ocrx_word' id='word_1_161' title='bbox 3669 966 3799 1023; x_wconf 92' lang='lat' dir='ltr'>sin-</span> 
     </span>
    </p>
   </div>
   <div class='ocr_carea' id='block_1_25' title="bbox 2145 1047 3795 1127">
    <p class='ocr_par' dir='ltr' id='par_1_25' title="bbox 2145 1047 3795 1127">
     <span class='ocr_line' id='line_1_25' title="bbox 2145 1047 3795 1127; baseline 0.005 -26"><span class='ocrx_word' id='word_1_162' title='bbox 2145 1047 2300 1121; x_wconf 84' lang='lat' dir='ltr'>gulis</span> <span class='ocrx_word' id='word_1_163' title='bbox 2339 1049 2662 1108; x_wconf 87' lang='lat' dir='ltr'>immorari.</span> <span class='ocrx_word' id='word_1_164' title='bbox 2723 1055 2789 1110; x_wconf 88' lang='lat' dir='ltr'>Si</span> <span class='ocrx_word' id='word_1_165' title='bbox 2841 1061 3020 1110; x_wconf 85' lang='lat' dir='ltr'>autem</span> <span class='ocrx_word' id='word_1_166' title='bbox 3073 1057 3345 1127; x_wconf 82' lang='lat' dir='ltr'>acceperis</span> <span class='ocrx_word' id='word_1_167' title='bbox 3400 1071 3649 1124; x_wconf 75' lang='lat' dir='ltr'>uxorem,</span> <span class='ocrx_word' id='word_1_168' title='bbox 3683 1072 3795 1112; x_wconf 86' lang='lat' dir='ltr'>non.</span> 
     </span>
    </p>
   </div>
   <div class='ocr_carea' id='block_1_26' title="bbox 2141 1139 3792 1214">
    <p class='ocr_par' dir='ltr' id='par_1_26' title="bbox 2141 1139 3792 1214">
     <span class='ocr_line' id='line_1_26' title="bbox 2141 1139 3792 1214; baseline 0.005 -24"><span class='ocrx_word' id='word_1_169' title='bbox 2141 1140 2402 1207; x_wconf 83' lang='lat' dir='ltr'>peccasti.</span> <span class='ocrx_word' id='word_1_170' title='bbox 2431 1139 2605 1197; x_wconf 89' lang='lat' dir='ltr'>Aliud</span> <span class='ocrx_word' id='word_1_171' title='bbox 2633 1146 2722 1197; x_wconf 89' lang='lat' dir='ltr'>est</span> <span class='ocrx_word' id='word_1_172' title='bbox 2751 1158 2867 1197; x_wconf 91' lang='lat' dir='ltr'>non</span> <span class='ocrx_word' id='word_1_173' title='bbox 2910 1159 3169 1214; x_wconf 86' lang='lat' dir='ltr'>peccare,</span> <span class='ocrx_word' id='word_1_174' title='bbox 3221 1143 3380 1200; x_wconf 87' lang='lat' dir='ltr'>aliud</span> <span class='ocrx_word' id='word_1_175' title='bbox 3428 1144 3792 1201; x_wconf 80' lang='lat' dir='ltr'>benefacere.</span> 
     </span>
    </p>
   </div>
   <div class='ocr_carea' id='block_1_27' title="bbox 2148 1229 3791 1306">
    <p class='ocr_par' dir='ltr' id='par_1_27' title="bbox 2148 1229 3791 1306">
     <span class='ocr_line' id='line_1_27' title="bbox 2148 1229 3791 1306; baseline 0.004 -25"><span class='ocrx_word' id='word_1_176' title='bbox 2148 1229 2215 1282; x_wconf 88' lang='lat' dir='ltr'>Et</span> <span class='ocrx_word' id='word_1_177' title='bbox 2241 1230 2292 1283; x_wconf 88' lang='lat' dir='ltr'>si</span> <span class='ocrx_word' id='word_1_178' title='bbox 2338 1231 2590 1300; x_wconf 82' lang='lat' dir='ltr'>nupserit</span> <span class='ocrx_word' id='word_1_179' title='bbox 2646 1233 2818 1300; x_wconf 84' lang='lat' dir='ltr'>virgo,</span> <span class='ocrx_word' id='word_1_180' title='bbox 2873 1248 2985 1288; x_wconf 83' lang='lat' dir='ltr'>non</span> <span class='ocrx_word' id='word_1_181' title='bbox 3036 1235 3280 1304; x_wconf 88' lang='lat' dir='ltr'>peccavit</span> <span class='ocrx_word' id='word_1_182' title='bbox 3337 1232 3445 1305; x_wconf 89' lang='lat' dir='ltr'>(Al.</span> <span class='ocrx_word' id='word_1_183' title='bbox 3502 1233 3791 1306; x_wconf 82' lang='lat' dir='ltr'>peccabit).</span> 
     </span>
    </p>
   </div>
   <div class='ocr_carea' id='block_1_28' title="bbox 2146 1316 3790 1391">
    <p class='ocr_par' dir='ltr' id='par_1_28' title="bbox 2146 1316 3790 1391">
     <span class='ocr_line' id='line_1_28' title="bbox 2146 1316 3790 1391; baseline 0.004 -20"><span class='ocrx_word' id='word_1_184' title='bbox 2146 1317 2272 1373; x_wconf 89' lang='lat' dir='ltr'>Non</span> <span class='ocrx_word' id='word_1_185' title='bbox 2305 1316 2404 1373; x_wconf 90' lang='lat' dir='ltr'>illa</span> <span class='ocrx_word' id='word_1_186' title='bbox 2430 1318 2614 1391; x_wconf 90' lang='lat' dir='ltr'>virgo,</span> <span class='ocrx_word' id='word_1_187' title='bbox 2638 1336 2765 1391; x_wconf 67' lang='lat' dir='ltr'>quae</span> <span class='ocrx_word' id='word_1_188' title='bbox 2799 1336 2861 1376; x_wconf 92' lang='lat' dir='ltr'>se</span> <span class='ocrx_word' id='word_1_189' title='bbox 2890 1321 3070 1377; x_wconf 89' lang='lat' dir='ltr'>semel</span> <span class='ocrx_word' id='word_1_190' title='bbox 3101 1321 3201 1378; x_wconf 93' lang='lat' dir='ltr'>Dei</span> <span class='ocrx_word' id='word_1_191' title='bbox 3233 1321 3416 1378; x_wconf 89' lang='lat' dir='ltr'>cultui</span> <span class='ocrx_word' id='word_1_192' title='bbox 3465 1322 3790 1382; x_wconf 85' lang='lat' dir='ltr'>dedicavit:</span> 
     </span>
    </p>
   </div>
   <div class='ocr_carea' id='block_1_29' title="bbox 2146 1405 3793 1481">
    <p class='ocr_par' dir='ltr' id='par_1_29' title="bbox 2146 1405 3793 1481">
     <span class='ocr_line' id='line_1_29' title="bbox 2146 1405 3793 1481; baseline 0.005 -21"><span class='ocrx_word' id='word_1_193' title='bbox 2146 1405 2355 1461; x_wconf 89' lang='lat' dir='ltr'>barum</span> <span class='ocrx_word' id='word_1_194' title='bbox 2386 1407 2542 1462; x_wconf 90' lang='lat' dir='ltr'>enim</span> <span class='ocrx_word' id='word_1_195' title='bbox 2573 1408 2622 1464; x_wconf 90' lang='lat' dir='ltr'>si</span> <span class='ocrx_word' id='word_1_196' title='bbox 2647 1424 2761 1481; x_wconf 91' lang='lat' dir='ltr'>qua</span> <span class='ocrx_word' id='word_1_197' title='bbox 2784 1410 3069 1481; x_wconf 87' lang='lat' dir='ltr'>nupserit,</span> <span class='ocrx_word' id='word_1_198' title='bbox 3098 1410 3335 1467; x_wconf 88' lang='lat' dir='ltr'>habebit</span> <span class='ocrx_word' id='word_1_199' title='bbox 3355 1410 3793 1468; x_wconf 87' lang='lat' dir='ltr'>damnationem</span> 
     </span>
    </p>
   </div>
   <div class='ocr_carea' id='block_1_30' title="bbox 2147 1495 3799 1568">
    <p class='ocr_par' dir='ltr' id='par_1_30' title="bbox 2147 1495 3799 1568">
     <span class='ocr_line' id='line_1_30' title="bbox 2147 1495 3799 1568; baseline 0.004 -17"><span class='ocrx_word' id='word_1_200' title='bbox 2147 1495 2286 1568; x_wconf 89' lang='lat' dir='ltr'>quia</span> <span class='ocrx_word' id='word_1_201' title='bbox 2314 1495 2566 1567; x_wconf 88' lang='lat' dir='ltr'>primam</span> <span class='ocrx_word' id='word_1_202' title='bbox 2627 1498 2803 1554; x_wconf 83' lang='lat' dir='ltr'>fidem</span> <span class='ocrx_word' id='word_1_203' title='bbox 2834 1498 3061 1555; x_wconf 91' lang='lat' dir='ltr'>irritam</span> <span class='ocrx_word' id='word_1_204' title='bbox 3090 1499 3243 1556; x_wconf 87' lang='lat' dir='ltr'>fecit.</span> <span class='ocrx_word' id='word_1_205' title='bbox 3269 1500 3325 1555; x_wconf 94' lang='lat' dir='ltr'>Si</span> <span class='ocrx_word' id='word_1_206' title='bbox 3357 1504 3554 1557; x_wconf 88' lang='lat' dir='ltr'>autem</span> <span class='ocrx_word' id='word_1_207' title='bbox 3581 1500 3689 1557; x_wconf 90' lang='lat' dir='ltr'>hoc</span> <span class='ocrx_word' id='word_1_208' title='bbox 3726 1501 3799 1557; x_wconf 91' lang='lat' dir='ltr'>de</span> 
     </span>
    </p>
   </div>
   <div class='ocr_carea' id='block_1_31' title="bbox 2146 1584 3800 1663">
    <p class='ocr_par' dir='ltr' id='par_1_31' title="bbox 2146 1584 3800 1663">
     <span class='ocr_line' id='line_1_31' title="bbox 2146 1584 3800 1663; baseline 0.005 -25"><span class='ocrx_word' id='word_1_209' title='bbox 2146 1584 2342 1640; x_wconf 88' lang='lat' dir='ltr'>viduis</span> <span class='ocrx_word' id='word_1_210' title='bbox 2371 1584 2594 1640; x_wconf 91' lang='lat' dir='ltr'>dictum</span> <span class='ocrx_word' id='word_1_211' title='bbox 2627 1586 2923 1657; x_wconf 88' lang='lat' dir='ltr'>objecerit,</span> <span class='ocrx_word' id='word_1_212' title='bbox 2957 1593 3176 1659; x_wconf 90' lang='lat' dir='ltr'>quanto</span> <span class='ocrx_word' id='word_1_213' title='bbox 3203 1589 3393 1663; x_wconf 87' lang='lat' dir='ltr'>magis</span> <span class='ocrx_word' id='word_1_214' title='bbox 3443 1591 3514 1645; x_wconf 91' lang='lat' dir='ltr'>de</span> <span class='ocrx_word' id='word_1_215' title='bbox 3552 1589 3800 1662; x_wconf 88' lang='lat' dir='ltr'>virgini-</span> 
     </span>
    </p>
   </div>
   <div class='ocr_carea' id='block_1_32' title="bbox 2149 1672 3799 1751">
    <p class='ocr_par' dir='ltr' id='par_1_32' title="bbox 2149 1672 3799 1751">
     <span class='ocr_line' id='line_1_32' title="bbox 2149 1672 3799 1751; baseline 0.005 -24"><span class='ocrx_word' id='word_1_216' title='bbox 2149 1672 2260 1728; x_wconf 91' lang='lat' dir='ltr'>bus</span> <span class='ocrx_word' id='word_1_217' title='bbox 2292 1674 2647 1745; x_wconf 66' lang='lat' dir='ltr'>praevalebit,</span> <span class='ocrx_word' id='word_1_218' title='bbox 2676 1691 2810 1730; x_wconf 92' lang='lat' dir='ltr'>cum</span> <span class='ocrx_word' id='word_1_219' title='bbox 2841 1676 3018 1732; x_wconf 90' lang='lat' dir='ltr'>etiam</span> <span class='ocrx_word' id='word_1_220' title='bbox 3047 1676 3142 1732; x_wconf 90' lang='lat' dir='ltr'>his</span> <span class='ocrx_word' id='word_1_221' title='bbox 3191 1694 3309 1734; x_wconf 89' lang='lat' dir='ltr'>non</span> <span class='ocrx_word' id='word_1_222' title='bbox 3360 1677 3534 1734; x_wconf 92' lang='lat' dir='ltr'>liceat</span> <span class='ocrx_word' id='word_1_223' title='bbox 3581 1678 3799 1751; x_wconf 90' lang='lat' dir='ltr'>quibus</span> 
     </span>
    </p>
   </div>
   <div class='ocr_carea' id='block_1_33' title="bbox 392 1757 3799 1856">
    <p class='ocr_par' dir='ltr' id='par_1_33' title="bbox 392 1757 3799 1856">
     <span class='ocr_line' id='line_1_33' title="bbox 392 1757 3799 1856; baseline 0.003 -41"><span class='ocrx_word' id='word_1_224' title='bbox 392 1760 642 1816; x_wconf 88' lang='lat' dir='ltr'>Grandis</span> <span class='ocrx_word' id='word_1_225' title='bbox 673 1760 806 1815; x_wconf 83' lang='lat' dir='ltr'>fidei</span> <span class='ocrx_word' id='word_1_226' title='bbox 835 1765 945 1828; x_wconf 88' lang='lat' dir='ltr'>est,</span> <span class='ocrx_word' id='word_1_227' title='bbox 975 1760 1332 1833; x_wconf 89' lang='lat' dir='ltr'>grandisque</span> <span class='ocrx_word' id='word_1_228' title='bbox 1361 1759 1718 1829; x_wconf 87' lang='lat' dir='ltr'>virtutis,Dei</span> <span class='ocrx_word' id='word_1_229' title='bbox 1748 1757 2033 1829; x_wconf 88' lang='lat' dir='ltr'>templum</span> <span class='ocrx_word' id='word_1_230' title='bbox 2063 1792 2112 1856; x_wconf 80' lang='grc' dir='ltr'>Β</span> <span class='ocrx_word' id='word_1_231' title='bbox 2152 1761 2467 1833; x_wconf 92' lang='lat' dir='ltr'>aliquando</span> <span class='ocrx_word' id='word_1_232' title='bbox 2502 1762 2697 1818; x_wconf 79' lang='lat' dir='ltr'>licuit!</span> <span class='ocrx_word' id='word_1_233' title='bbox 2732 1764 2999 1842; x_wconf 82' lang='lat' dir='ltr'>Virgines</span> <span class='ocrx_word' id='word_1_234' title='bbox 3029 1765 3211 1833; x_wconf 90' lang='lat' dir='ltr'>enim,</span> <span class='ocrx_word' id='word_1_235' title='bbox 3258 1783 3389 1856; x_wconf 64' lang='lat' dir='ltr'>quae</span> <span class='ocrx_word' id='word_1_236' title='bbox 3426 1770 3559 1840; x_wconf 89' lang='lat' dir='ltr'>post</span> <span class='ocrx_word' id='word_1_237' title='bbox 3588 1783 3799 1824; x_wconf 91' lang='lat' dir='ltr'>conse-</span> 
     </span>
    </p>
   </div>
   <div class='ocr_carea' id='block_1_34' title="bbox 393 1848 2036 1923">
    <p class='ocr_par' dir='ltr' id='par_1_34' title="bbox 393 1848 2036 1923">
     <span class='ocr_line' id='line_1_34' title="bbox 393 1848 2036 1923; baseline -0.002 -16"><span class='ocrx_word' id='word_1_238' title='bbox 393 1867 523 1907; x_wconf 89' lang='lat' dir='ltr'>esse</span> <span class='ocrx_word' id='word_1_239' title='bbox 576 1850 985 1923; x_wconf 89' lang='lat' dir='ltr'>purissimum,</span> <span class='ocrx_word' id='word_1_240' title='bbox 1030 1854 1219 1904; x_wconf 88' lang='lat' dir='ltr'>totum</span> <span class='ocrx_word' id='word_1_241' title='bbox 1270 1865 1330 1903; x_wconf 89' lang='lat' dir='ltr'>se</span> <span class='ocrx_word' id='word_1_242' title='bbox 1374 1848 1783 1905; x_wconf 89' lang='lat' dir='ltr'>holocaustum</span> <span class='ocrx_word' id='word_1_243' title='bbox 1832 1849 2036 1904; x_wconf 84' lang='lat' dir='ltr'>oii‘erre</span> 
     </span>
    </p>
   </div>
   <div class='ocr_carea' id='block_1_35' title="bbox 393 1936 2035 2011">
    <p class='ocr_par' dir='ltr' id='par_1_35' title="bbox 393 1936 2035 2011">
     <span class='ocr_line' id='line_1_35' title="bbox 393 1936 2035 2011; baseline -0.002 -15"><span class='ocrx_word' id='word_1_244' title='bbox 393 1941 681 2001; x_wconf 84' lang='lat' dir='ltr'>Domino;</span> <span class='ocrx_word' id='word_1_245' title='bbox 711 1943 768 1995; x_wconf 92' lang='lat' dir='ltr'>et</span> <span class='ocrx_word' id='word_1_246' title='bbox 783 1941 954 2011; x_wconf 80' lang='lat' dir='ltr'>juxta</span> <span class='ocrx_word' id='word_1_247' title='bbox 982 1939 1256 1994; x_wconf 88' lang='lat' dir='ltr'>eumdem</span> <span class='ocrx_word' id='word_1_248' title='bbox 1305 1936 1671 2010; x_wconf 89' lang='lat' dir='ltr'>Apostolum,</span> <span class='ocrx_word' id='word_1_249' title='bbox 1725 1953 1853 1993; x_wconf 90' lang='lat' dir='ltr'>esse</span> <span class='ocrx_word' id='word_1_250' title='bbox 1902 1954 2035 1993; x_wconf 88' lang='lat' dir='ltr'>san-</span> 
     </span>
    </p>
   </div>
   <div class='ocr_carea' id='block_1_36' title="bbox 396 2025 2039 2101">
    <p class='ocr_par' dir='ltr' id='par_1_36' title="bbox 396 2025 2039 2101">
     <span class='ocr_line' id='line_1_36' title="bbox 396 2025 2039 2101; baseline -0.001 -18"><span class='ocrx_word' id='word_1_251' title='bbox 396 2033 557 2084; x_wconf 91' lang='lat' dir='ltr'>ctum</span> <span class='ocrx_word' id='word_1_252' title='bbox 590 2032 647 2084; x_wconf 90' lang='lat' dir='ltr'>et</span> <span class='ocrx_word' id='word_1_253' title='bbox 676 2043 914 2101; x_wconf 90' lang='lat' dir='ltr'>corpore</span> <span class='ocrx_word' id='word_1_254' title='bbox 943 2031 999 2082; x_wconf 90' lang='lat' dir='ltr'>et</span> <span class='ocrx_word' id='word_1_255' title='bbox 1025 2026 1255 2098; x_wconf 88' lang='lat' dir='ltr'>spiritu.</span> <span class='ocrx_word' id='word_1_256' title='bbox 1306 2025 1374 2081; x_wconf 92' lang='lat' dir='ltr'>Hi</span> <span class='ocrx_word' id='word_1_257' title='bbox 1422 2030 1563 2081; x_wconf 88' lang='lat' dir='ltr'>sunt</span> <span class='ocrx_word' id='word_1_258' title='bbox 1609 2026 1884 2094; x_wconf 92' lang='lat' dir='ltr'>eunuchi,</span> <span class='ocrx_word' id='word_1_259' title='bbox 1937 2025 2039 2098; x_wconf 93' lang='lat' dir='ltr'>qui</span> 
     </span>
    </p>
   </div>
   <div class='ocr_carea' id='block_1_37' title="bbox 395 2113 2041 2189">
    <p class='ocr_par' dir='ltr' id='par_1_37' title="bbox 395 2113 2041 2189">
     <span class='ocr_line' id='line_1_37' title="bbox 395 2113 2041 2189; baseline -0.003 -16"><span class='ocrx_word' id='word_1_260' title='bbox 395 2133 457 2174; x_wconf 91' lang='lat' dir='ltr'>se</span> <span class='ocrx_word' id='word_1_261' title='bbox 490 2116 717 2189; x_wconf 83' lang='lat' dir='ltr'>lignum</span> <span class='ocrx_word' id='word_1_262' title='bbox 747 2116 977 2172; x_wconf 87' lang='lat' dir='ltr'>aridum</span> <span class='ocrx_word' id='word_1_263' title='bbox 1009 2116 1080 2171; x_wconf 93' lang='lat' dir='ltr'>ob</span> <span class='ocrx_word' id='word_1_264' title='bbox 1103 2113 1470 2171; x_wconf 87' lang='lat' dir='ltr'>sterilitatem</span> <span class='ocrx_word' id='word_1_265' title='bbox 1491 2114 2041 2186; x_wconf 86' lang='lat' dir='ltr'>putantes,audiunt</span> 
     </span>
    </p>
   </div>
   <div class='ocr_carea' id='block_1_38' title="bbox 397 2203 2040 2278">
    <p class='ocr_par' dir='ltr' id='par_1_38' title="bbox 397 2203 2040 2278">
     <span class='ocr_line' id='line_1_38' title="bbox 397 2203 2040 2278; baseline -0.002 -16"><span class='ocrx_word' id='word_1_266' title='bbox 397 2223 503 2278; x_wconf 87' lang='lat' dir='ltr'>per</span> <span class='ocrx_word' id='word_1_267' title='bbox 531 2205 743 2262; x_wconf 91' lang='lat' dir='ltr'>Isaiam</span> <span class='ocrx_word' id='word_1_268' title='bbox 775 2208 914 2276; x_wconf 88' lang='lat' dir='ltr'>(cap.</span> <span class='ocrx_word' id='word_1_269' title='bbox 947 2205 1080 2276; x_wconf 86' lang='lat' dir='ltr'>Lv1),</span> <span class='ocrx_word' id='word_1_270' title='bbox 1136 2203 1290 2276; x_wconf 92' lang='lat' dir='ltr'>quod</span> <span class='ocrx_word' id='word_1_271' title='bbox 1340 2220 1443 2276; x_wconf 91' lang='lat' dir='ltr'>pro</span> <span class='ocrx_word' id='word_1_272' title='bbox 1496 2203 1634 2259; x_wconf 85' lang='lat' dir='ltr'>filiis</span> <span class='ocrx_word' id='word_1_273' title='bbox 1694 2208 1753 2259; x_wconf 90' lang='lat' dir='ltr'>et</span> <span class='ocrx_word' id='word_1_274' title='bbox 1802 2203 2040 2259; x_wconf 86' lang='lat' dir='ltr'>ﬁliabus</span> 
     </span>
    </p>
   </div>
   <div class='ocr_carea' id='block_1_39' title="bbox 395 2292 2043 2365">
    <p class='ocr_par' dir='ltr' id='par_1_39' title="bbox 395 2292 2043 2365">
     <span class='ocr_line' id='line_1_39' title="bbox 395 2292 2043 2365; baseline -0.001 -16"><span class='ocrx_word' id='word_1_275' title='bbox 395 2295 590 2351; x_wconf 91' lang='lat' dir='ltr'>locum</span> <span class='ocrx_word' id='word_1_276' title='bbox 622 2294 680 2349; x_wconf 93' lang='lat' dir='ltr'>in</span> <span class='ocrx_word' id='word_1_277' title='bbox 712 2292 872 2349; x_wconf 62' lang='lat' dir='ltr'>caelis</span> <span class='ocrx_word' id='word_1_278' title='bbox 900 2294 1157 2349; x_wconf 89' lang='lat' dir='ltr'>habeant</span> <span class='ocrx_word' id='word_1_279' title='bbox 1185 2297 1475 2365; x_wconf 91' lang='lat' dir='ltr'>paratum.</span> <span class='ocrx_word' id='word_1_280' title='bbox 1510 2293 1728 2349; x_wconf 88' lang='lat' dir='ltr'>Horum</span> <span class='ocrx_word' id='word_1_281' title='bbox 1752 2296 1925 2365; x_wconf 82' lang='lat' dir='ltr'>typus</span> <span class='ocrx_word' id='word_1_282' title='bbox 1954 2294 2043 2347; x_wconf 89' lang='lat' dir='ltr'>est</span> 
     </span>
    </p>
   </div>
   <div class='ocr_carea' id='block_1_40' title="bbox 394 2380 2041 2453">
    <p class='ocr_par' dir='ltr' id='par_1_40' title="bbox 394 2380 2041 2453">
     <span class='ocr_line' id='line_1_40' title="bbox 394 2380 2041 2453; baseline -0.001 -15"><span class='ocrx_word' id='word_1_283' title='bbox 394 2382 784 2440; x_wconf 85' lang='lat' dir='ltr'>Abdemelech</span> <span class='ocrx_word' id='word_1_284' title='bbox 812 2384 959 2453; x_wconf 86' lang='lat' dir='ltr'>[mss.</span> <span class='ocrx_word' id='word_1_285' title='bbox 991 2381 1406 2452; x_wconf 81' lang='lat' dir='ltr'>Abdamelech]</span> <span class='ocrx_word' id='word_1_286' title='bbox 1438 2380 1746 2438; x_wconf 90' lang='lat' dir='ltr'>eunuchus</span> <span class='ocrx_word' id='word_1_287' title='bbox 1779 2382 1837 2436; x_wconf 92' lang='lat' dir='ltr'>in</span> <span class='ocrx_word' id='word_1_288' title='bbox 1876 2381 2041 2437; x_wconf 89' lang='lat' dir='ltr'>Jere-</span> 
     </span>
    </p>
   </div>
   <div class='ocr_carea' id='block_1_41' title="bbox 398 2470 2042 2545">
    <p class='ocr_par' dir='ltr' id='par_1_41' title="bbox 398 2470 2042 2545">
     <span class='ocr_line' id='line_1_41' title="bbox 398 2470 2042 2545; baseline -0.001 -17"><span class='ocrx_word' id='word_1_289' title='bbox 398 2472 520 2528; x_wconf 88' lang='lat' dir='ltr'>mia</span> <span class='ocrx_word' id='word_1_290' title='bbox 549 2474 688 2545; x_wconf 87' lang='lat' dir='ltr'>(cap.</span> <span class='ocrx_word' id='word_1_291' title='bbox 721 2472 957 2542; x_wconf 81' lang='lat' dir='ltr'>xxvm);</span> <span class='ocrx_word' id='word_1_292' title='bbox 992 2476 1049 2527; x_wconf 90' lang='lat' dir='ltr'>et</span> <span class='ocrx_word' id='word_1_293' title='bbox 1078 2472 1259 2543; x_wconf 90' lang='lat' dir='ltr'>spado</span> <span class='ocrx_word' id='word_1_294' title='bbox 1290 2470 1388 2525; x_wconf 88' lang='lat' dir='ltr'>ille</span> <span class='ocrx_word' id='word_1_295' title='bbox 1417 2470 1630 2543; x_wconf 68' lang='lat' dir='ltr'>reginae</span> <span class='ocrx_word' id='word_1_296' title='bbox 1670 2471 1951 2527; x_wconf 88' lang='lat' dir='ltr'>Candacis</span> <span class='ocrx_word' id='word_1_297' title='bbox 1981 2470 2042 2526; x_wconf 92' lang='lat' dir='ltr'>in</span> 
     </span>
    </p>
   </div>
   <div class='ocr_carea' id='block_1_42' title="bbox 397 2559 2085 2639">
    <p class='ocr_par' dir='ltr' id='par_1_42' title="bbox 397 2559 2085 2639">
     <span class='ocr_line' id='line_1_42' title="bbox 397 2559 2085 2639; baseline -0.002 -21"><span class='ocrx_word' id='word_1_298' title='bbox 397 2562 559 2618; x_wconf 89' lang='lat' dir='ltr'>Actis</span> <span class='ocrx_word' id='word_1_299' title='bbox 590 2561 990 2633; x_wconf 87' lang='lat' dir='ltr'>apostolorum</span> <span class='ocrx_word' id='word_1_300' title='bbox 1024 2560 1165 2632; x_wconf 86' lang='lat' dir='ltr'>(cap.</span> <span class='ocrx_word' id='word_1_301' title='bbox 1215 2560 1360 2631; x_wconf 86' lang='lat' dir='ltr'>vm),</span> <span class='ocrx_word' id='word_1_302' title='bbox 1411 2560 1512 2631; x_wconf 91' lang='lat' dir='ltr'>qui</span> <span class='ocrx_word' id='word_1_303' title='bbox 1563 2561 1634 2616; x_wconf 94' lang='lat' dir='ltr'>ob</span> <span class='ocrx_word' id='word_1_304' title='bbox 1682 2561 1862 2616; x_wconf 89' lang='lat' dir='ltr'>robur</span> <span class='ocrx_word' id='word_1_305' title='bbox 1908 2559 2044 2616; x_wconf 84' lang='lat' dir='ltr'>ﬁdei</span> <span class='ocrx_word' id='word_1_306' title='bbox 2072 2626 2085 2639; x_wconf 59' lang='grc' dir='ltr'> </span> 
     </span>
    </p>
   </div>
   <div class='ocr_carea' id='block_1_43' title="bbox 394 2648 2035 2709">
    <p class='ocr_par' dir='ltr' id='par_1_43' title="bbox 394 2648 2035 2709">
     <span class='ocr_line' id='line_1_43' title="bbox 394 2648 2035 2709; baseline -0.002 -1"><span class='ocrx_word' id='word_1_307' title='bbox 394 2654 505 2708; x_wconf 91' lang='lat' dir='ltr'>viri</span> <span class='ocrx_word' id='word_1_308' title='bbox 534 2667 749 2709; x_wconf 86' lang='lat' dir='ltr'>nomen</span> <span class='ocrx_word' id='word_1_309' title='bbox 788 2649 1062 2705; x_wconf 90' lang='lat' dir='ltr'>obtinuit.</span> <span class='ocrx_word' id='word_1_310' title='bbox 1119 2649 1203 2704; x_wconf 88' lang='lat' dir='ltr'>Ad</span> <span class='ocrx_word' id='word_1_311' title='bbox 1261 2649 1369 2703; x_wconf 90' lang='lat' dir='ltr'>hos</span> <span class='ocrx_word' id='word_1_312' title='bbox 1427 2654 1485 2704; x_wconf 92' lang='lat' dir='ltr'>et</span> <span class='ocrx_word' id='word_1_313' title='bbox 1536 2648 1801 2707; x_wconf 89' lang='lat' dir='ltr'>Clemens</span> <span class='ocrx_word' id='word_1_314' title='bbox 1832 2651 1849 2684; x_wconf 85' lang='grc'>¹</span> <span class='ocrx_word' id='word_1_315' title='bbox 1882 2649 2035 2707; x_wconf 74' lang='lat'><strong>258</strong></span> 
     </span>
    </p>
   </div>
   <div class='ocr_carea' id='block_1_44' title="bbox 396 2737 2036 2812">
    <p class='ocr_par' dir='ltr' id='par_1_44' title="bbox 396 2737 2036 2812">
     <span class='ocr_line' id='line_1_44' title="bbox 396 2737 2036 2812; baseline -0.004 -10"><span class='ocrx_word' id='word_1_316' title='bbox 396 2759 701 2802; x_wconf 86' lang='lat' dir='ltr'>successor</span> <span class='ocrx_word' id='word_1_317' title='bbox 730 2738 977 2812; x_wconf 87' lang='lat' dir='ltr'>apostoli</span> <span class='ocrx_word' id='word_1_318' title='bbox 1024 2738 1195 2803; x_wconf 90' lang='lat' dir='ltr'>Petri,</span> <span class='ocrx_word' id='word_1_319' title='bbox 1257 2738 1423 2807; x_wconf 88' lang='lat' dir='ltr'>cujus</span> <span class='ocrx_word' id='word_1_320' title='bbox 1471 2737 1685 2793; x_wconf 91' lang='lat' dir='ltr'>Paulus</span> <span class='ocrx_word' id='word_1_321' title='bbox 1737 2739 2036 2810; x_wconf 90' lang='lat' dir='ltr'>apostolus</span> 
     </span>
    </p>
   </div>
   <div class='ocr_carea' id='block_1_45' title="bbox 398 2826 2042 2900">
    <p class='ocr_par' dir='ltr' id='par_1_45' title="bbox 398 2826 2042 2900">
     <span class='ocr_line' id='line_1_45' title="bbox 398 2826 2042 2900; baseline -0.004 -9"><span class='ocrx_word' id='word_1_322' title='bbox 398 2832 687 2899; x_wconf 90' lang='lat' dir='ltr'>meminit,</span> <span class='ocrx_word' id='word_1_323' title='bbox 722 2829 925 2885; x_wconf 88' lang='lat' dir='ltr'>scribit</span> <span class='ocrx_word' id='word_1_324' title='bbox 964 2826 1274 2900; x_wconf 79' lang='lat' dir='ltr'>Epistolas,</span> <span class='ocrx_word' id='word_1_325' title='bbox 1326 2842 1679 2899; x_wconf 89' lang='lat' dir='ltr'>omnemque</span> <span class='ocrx_word' id='word_1_326' title='bbox 1729 2844 1875 2899; x_wconf 87' lang='lat' dir='ltr'>pene</span> <span class='ocrx_word' id='word_1_327' title='bbox 1917 2845 2042 2885; x_wconf 89' lang='lat' dir='ltr'>ser-</span> 
     </span>
    </p>
   </div>
   <div class='ocr_carea' id='block_1_46' title="bbox 399 2915 2079 2989">
    <p class='ocr_par' dir='ltr' id='par_1_46' title="bbox 399 2915 2079 2989">
     <span class='ocr_line' id='line_1_46' title="bbox 399 2915 2079 2989; baseline -0.004 -9"><span class='ocrx_word' id='word_1_328' title='bbox 399 2939 636 2981; x_wconf 90' lang='lat' dir='ltr'>monem</span> <span class='ocrx_word' id='word_1_329' title='bbox 667 2935 842 2976; x_wconf 90' lang='lat' dir='ltr'>suum</span> <span class='ocrx_word' id='word_1_330' title='bbox 874 2918 943 2974; x_wconf 92' lang='lat' dir='ltr'>de</span> <span class='ocrx_word' id='word_1_331' title='bbox 972 2915 1324 2989; x_wconf 72' lang='lat' dir='ltr'>virginitatis</span> <span class='ocrx_word' id='word_1_332' title='bbox 1382 2917 1635 2988; x_wconf 87' lang='lat' dir='ltr'>puritate</span> <span class='ocrx_word' id='word_1_333' title='bbox 1666 2917 1954 2973; x_wconf 82' lang='lat' dir='ltr'>contexit:</span> <span class='ocrx_word' id='word_1_334' title='bbox 1988 2922 2079 2974; x_wconf 86' lang='lat' dir='ltr'>et&#39;</span> 
     </span>
    </p>
   </div>
   <div class='ocr_carea' id='block_1_47' title="bbox 400 3005 2040 3083">
    <p class='ocr_par' dir='ltr' id='par_1_47' title="bbox 400 3005 2040 3083">
     <span class='ocr_line' id='line_1_47' title="bbox 400 3005 2040 3083; baseline -0.004 -14"><span class='ocrx_word' id='word_1_335' title='bbox 400 3014 673 3083; x_wconf 89' lang='lat' dir='ltr'>deinceps</span> <span class='ocrx_word' id='word_1_336' title='bbox 704 3006 876 3064; x_wconf 88' lang='lat' dir='ltr'>multi</span> <span class='ocrx_word' id='word_1_337' title='bbox 903 3005 1242 3079; x_wconf 89' lang='lat' dir='ltr'>Apostolici,</span> <span class='ocrx_word' id='word_1_338' title='bbox 1276 3008 1333 3060; x_wconf 91' lang='lat' dir='ltr'>et</span> <span class='ocrx_word' id='word_1_339' title='bbox 1360 3008 1638 3077; x_wconf 83' lang='lat' dir='ltr'>Martyres</span> <span class='ocrx_word' id='word_1_340' title='bbox 1678 3009 1735 3061; x_wconf 90' lang='lat' dir='ltr'>et</span> <span class='ocrx_word' id='word_1_341' title='bbox 1785 3005 2040 3063; x_wconf 88' lang='lat' dir='ltr'>illustres</span> 
     </span>
    </p>
   </div>
   <div class='ocr_carea' id='block_1_48' title="bbox 400 3093 2040 3167">
    <p class='ocr_par' dir='ltr' id='par_1_48' title="bbox 400 3093 2040 3167">
     <span class='ocr_line' id='line_1_48' title="bbox 400 3093 2040 3167; baseline -0.004 -9"><span class='ocrx_word' id='word_1_342' title='bbox 400 3107 523 3158; x_wconf 90' lang='lat' dir='ltr'>tam</span> <span class='ocrx_word' id='word_1_343' title='bbox 554 3097 859 3155; x_wconf 84' lang='lat' dir='ltr'>sanctitate</span> <span class='ocrx_word' id='word_1_344' title='bbox 889 3111 1065 3167; x_wconf 85' lang='lat' dir='ltr'>quam</span> <span class='ocrx_word' id='word_1_345' title='bbox 1093 3093 1428 3166; x_wconf 89' lang='lat' dir='ltr'>eloquentia</span> <span class='ocrx_word' id='word_1_346' title='bbox 1454 3094 1583 3161; x_wconf 89' lang='lat' dir='ltr'>viri,</span> <span class='ocrx_word' id='word_1_347' title='bbox 1625 3110 1773 3166; x_wconf 91' lang='lat' dir='ltr'>quos</span> <span class='ocrx_word' id='word_1_348' title='bbox 1803 3111 1873 3150; x_wconf 84' lang='lat' dir='ltr'>ex</span> <span class='ocrx_word' id='word_1_349' title='bbox 1904 3112 2040 3167; x_wconf 90' lang='lat' dir='ltr'>pro-</span> 
     </span>
    </p>
   </div>
   <div class='ocr_carea' id='block_1_49' title="bbox 2151 1850 3799 1929">
    <p class='ocr_par' dir='ltr' id='par_1_49' title="bbox 2151 1850 3799 1929">
     <span class='ocr_line' id='line_1_49' title="bbox 2151 1850 3799 1929; baseline 0.005 -24"><span class='ocrx_word' id='word_1_350' title='bbox 2151 1850 2470 1906; x_wconf 91' lang='lat' dir='ltr'>crationem</span> <span class='ocrx_word' id='word_1_351' title='bbox 2499 1856 2846 1924; x_wconf 89' lang='lat' dir='ltr'>nupserunt,</span> <span class='ocrx_word' id='word_1_352' title='bbox 2871 1870 2987 1909; x_wconf 93' lang='lat' dir='ltr'>non</span> <span class='ocrx_word' id='word_1_353' title='bbox 3006 1857 3125 1910; x_wconf 91' lang='lat' dir='ltr'>tam</span> <span class='ocrx_word' id='word_1_354' title='bbox 3155 1853 3433 1910; x_wconf 70' lang='lat' dir='ltr'>adulterae</span> <span class='ocrx_word' id='word_1_355' title='bbox 3451 1860 3799 1929; x_wconf 90' lang='lat' dir='ltr'>sunt,quam</span> 
     </span>
    </p>
   </div>
   <div class='ocr_carea' id='block_1_50' title="bbox 2148 1939 3798 2015">
    <p class='ocr_par' dir='ltr' id='par_1_50' title="bbox 2148 1939 3798 2015">
     <span class='ocr_line' id='line_1_50' title="bbox 2148 1939 3798 2015; baseline 0.005 -22"><span class='ocrx_word' id='word_1_356' title='bbox 2148 1939 2402 1995; x_wconf 64' lang='lat' dir='ltr'>inceste.</span> <span class='ocrx_word' id='word_1_357' title='bbox 2428 1944 2509 1995; x_wconf 86' lang='lat' dir='ltr'>Ac</span> <span class='ocrx_word' id='word_1_358' title='bbox 2523 1940 2971 1998; x_wconf 90' lang='lat' dir='ltr'>nevidereturin</span> <span class='ocrx_word' id='word_1_359' title='bbox 2988 1959 3054 1999; x_wconf 93' lang='lat' dir='ltr'>eo</span> <span class='ocrx_word' id='word_1_360' title='bbox 3075 1944 3231 2015; x_wconf 92' lang='lat' dir='ltr'>quod</span> <span class='ocrx_word' id='word_1_361' title='bbox 3252 1943 3479 2001; x_wconf 86' lang='lat' dir='ltr'>dixerat</span> <span class='ocrx_word' id='word_1_362' title='bbox 3503 1963 3516 2000; x_wconf 92' lang='lat'>:</span> <span class='ocrx_word' id='word_1_363' title='bbox 3536 1952 3600 2004; x_wconf 84' lang='lat' dir='ltr'>Et</span> <span class='ocrx_word' id='word_1_364' title='bbox 3617 1948 3671 2001; x_wconf 89' lang='lat' dir='ltr'>si</span> <span class='ocrx_word' id='word_1_365' title='bbox 3690 1963 3798 2001; x_wconf 88' lang='lat' dir='ltr'>nu-</span> 
     </span>
    </p>
   </div>
   <div class='ocr_carea' id='block_1_51' title="bbox 2147 2028 3799 2101">
    <p class='ocr_par' dir='ltr' id='par_1_51' title="bbox 2147 2028 3799 2101">
     <span class='ocr_line' id='line_1_51' title="bbox 2147 2028 3799 2101; baseline 0.005 -20"><span class='ocrx_word' id='word_1_366' title='bbox 2147 2028 2320 2098; x_wconf 82' lang='lat' dir='ltr'>pserit</span> <span class='ocrx_word' id='word_1_367' title='bbox 2348 2029 2503 2098; x_wconf 76' lang='lat' dir='ltr'>uirgo</span> <span class='ocrx_word' id='word_1_368' title='bbox 2522 2044 2635 2084; x_wconf 90' lang='lat' dir='ltr'>non</span> <span class='ocrx_word' id='word_1_369' title='bbox 2654 2030 3075 2101; x_wconf 72' lang='lat' dir='ltr'>peccavit,259</span> <span class='ocrx_word' id='word_1_370' title='bbox 3089 2047 3325 2087; x_wconf 89' lang='lat' dir='ltr'>rursum</span> <span class='ocrx_word' id='word_1_371' title='bbox 3346 2032 3583 2089; x_wconf 80' lang='lat' dir='ltr'>ccelibes</span> <span class='ocrx_word' id='word_1_372' title='bbox 3597 2034 3669 2090; x_wconf 91' lang='lat' dir='ltr'>ad</span> <span class='ocrx_word' id='word_1_373' title='bbox 3695 2051 3799 2089; x_wconf 90' lang='lat' dir='ltr'>nu-</span> 
     </span>
    </p>
   </div>
   <div class='ocr_carea' id='block_1_52' title="bbox 2153 2115 3796 2193">
    <p class='ocr_par' dir='ltr' id='par_1_52' title="bbox 2153 2115 3796 2193">
     <span class='ocr_line' id='line_1_52' title="bbox 2153 2115 3796 2193; baseline 0.005 -23"><span class='ocrx_word' id='word_1_374' title='bbox 2153 2115 2305 2187; x_wconf 89' lang='lat' dir='ltr'>ptias</span> <span class='ocrx_word' id='word_1_375' title='bbox 2337 2133 2671 2188; x_wconf 86' lang='lat' dir='ltr'>provocare,</span> <span class='ocrx_word' id='word_1_376' title='bbox 2704 2118 2900 2174; x_wconf 89' lang='lat' dir='ltr'>statim</span> <span class='ocrx_word' id='word_1_377' title='bbox 2936 2135 2999 2175; x_wconf 91' lang='lat' dir='ltr'>se</span> <span class='ocrx_word' id='word_1_378' title='bbox 3028 2120 3281 2176; x_wconf 82' lang='lat' dir='ltr'>refrenat</span> <span class='ocrx_word' id='word_1_379' title='bbox 3310 2121 3416 2193; x_wconf 85' lang='lat' dir='ltr'>(Al.</span> <span class='ocrx_word' id='word_1_380' title='bbox 3437 2122 3796 2193; x_wconf 84' lang='lat' dir='ltr'>refrenavit),</span> 
     </span>
    </p>
   </div>
   <div class='ocr_carea' id='block_1_53' title="bbox 2153 2203 3797 2281">
    <p class='ocr_par' dir='ltr' id='par_1_53' title="bbox 2153 2203 3797 2281">
     <span class='ocr_line' id='line_1_53' title="bbox 2153 2203 3797 2281; baseline 0.005 -23"><span class='ocrx_word' id='word_1_381' title='bbox 2153 2208 2209 2258; x_wconf 91' lang='lat' dir='ltr'>et</span> <span class='ocrx_word' id='word_1_382' title='bbox 2238 2203 2397 2260; x_wconf 90' lang='lat' dir='ltr'>aliud</span> <span class='ocrx_word' id='word_1_383' title='bbox 2423 2204 3277 2281; x_wconf 83' lang='lat' dir='ltr'>inferendo,inﬁrmavit),quod</span> <span class='ocrx_word' id='word_1_384' title='bbox 3307 2211 3797 2279; x_wconf 86' lang='lat' dir='ltr'>concesserat,di-</span> 
     </span>
    </p>
   </div>
   <div class='ocr_carea' id='block_1_54' title="bbox 2151 2294 3802 2373">
    <p class='ocr_par' dir='ltr' id='par_1_54' title="bbox 2151 2294 3802 2373">
     <span class='ocr_line' id='line_1_54' title="bbox 2151 2294 3802 2373; baseline 0.006 -26"><span class='ocrx_word' id='word_1_385' title='bbox 2151 2309 2287 2348; x_wconf 92' lang='lat' dir='ltr'>cens</span> <span class='ocrx_word' id='word_1_386' title='bbox 2307 2311 2319 2349; x_wconf 91' lang='lat'>:</span> <span class='ocrx_word' id='word_1_387' title='bbox 2345 2294 2780 2351; x_wconf 80' lang='lat' dir='ltr'>Tribulationcm</span> <span class='ocrx_word' id='word_1_388' title='bbox 2789 2300 2971 2352; x_wconf 88' lang='lat' dir='ltr'>tamen</span> <span class='ocrx_word' id='word_1_389' title='bbox 2984 2299 3171 2353; x_wconf 86' lang='lat' dir='ltr'>carnis</span> <span class='ocrx_word' id='word_1_390' title='bbox 3197 2298 3470 2356; x_wconf 88' lang='lat' dir='ltr'>habebunt</span> <span class='ocrx_word' id='word_1_391' title='bbox 3482 2300 3802 2373; x_wconf 84' lang='lat' dir='ltr'>hujusmodi</span> 
     </span>
    </p>
   </div>
   <div class='ocr_carea' id='block_1_55' title="bbox 2152 2380 3801 2456">
    <p class='ocr_par' dir='ltr' id='par_1_55' title="bbox 2152 2380 3801 2456">
     <span class='ocr_line' id='line_1_55' title="bbox 2152 2380 3801 2456; baseline 0.005 -21"><span class='ocrx_word' id='word_1_392' title='bbox 2152 2380 2258 2445; x_wconf 90' lang='lat' dir='ltr'>Qui</span> <span class='ocrx_word' id='word_1_393' title='bbox 2273 2383 2523 2438; x_wconf 90' lang='lat' dir='ltr'>suntisti</span> <span class='ocrx_word' id='word_1_394' title='bbox 2540 2383 2643 2456; x_wconf 90' lang='lat' dir='ltr'>qui</span> <span class='ocrx_word' id='word_1_395' title='bbox 2662 2384 3104 2442; x_wconf 89' lang='lat' dir='ltr'>tribulationem</span> <span class='ocrx_word' id='word_1_396' title='bbox 3126 2386 3320 2443; x_wconf 91' lang='lat' dir='ltr'>carnis</span> <span class='ocrx_word' id='word_1_397' title='bbox 3337 2387 3801 2454; x_wconf 87' lang='lat' dir='ltr'>habebunt?Qui-</span> 
     </span>
    </p>
   </div>
   <div class='ocr_carea' id='block_1_56' title="bbox 2153 2471 3801 2550">
    <p class='ocr_par' dir='ltr' id='par_1_56' title="bbox 2153 2471 3801 2550">
     <span class='ocr_line' id='line_1_56' title="bbox 2153 2471 3801 2550; baseline 0.005 -25"><span class='ocrx_word' id='word_1_398' title='bbox 2153 2471 2264 2526; x_wconf 91' lang='lat' dir='ltr'>bus</span> <span class='ocrx_word' id='word_1_399' title='bbox 2295 2487 2474 2543; x_wconf 89' lang='lat' dir='ltr'>supra</span> <span class='ocrx_word' id='word_1_400' title='bbox 2505 2471 2865 2530; x_wconf 89' lang='lat' dir='ltr'>indulserat:</span> <span class='ocrx_word' id='word_1_401' title='bbox 2898 2475 2961 2531; x_wconf 89' lang='lat' dir='ltr'>Si</span> <span class='ocrx_word' id='word_1_402' title='bbox 2988 2478 3262 2548; x_wconf 83' lang='lat' dir='ltr'>acceperis</span> <span class='ocrx_word' id='word_1_403' title='bbox 3290 2493 3657 2546; x_wconf 74' lang='lat' dir='ltr'>uxorem,non</span> <span class='ocrx_word' id='word_1_404' title='bbox 3672 2494 3801 2550; x_wconf 85' lang='lat' dir='ltr'>pec-</span> 
     </span>
    </p>
   </div>
   <div class='ocr_carea' id='block_1_57' title="bbox 2152 2562 3796 2640">
    <p class='ocr_par' dir='ltr' id='par_1_57' title="bbox 2152 2562 3796 2640">
     <span class='ocr_line' id='line_1_57' title="bbox 2152 2562 3796 2640; baseline 0.005 -25"><span class='ocrx_word' id='word_1_405' title='bbox 2152 2562 2289 2615; x_wconf 85' lang='lat' dir='ltr'>edsti</span> <span class='ocrx_word' id='word_1_406' title='bbox 2307 2577 2328 2622; x_wconf 85' lang='lat'><strong><em>;</em></strong></span> <span class='ocrx_word' id='word_1_407' title='bbox 2357 2564 2408 2616; x_wconf 90' lang='lat' dir='ltr'>et</span> <span class='ocrx_word' id='word_1_408' title='bbox 2439 2563 2490 2617; x_wconf 87' lang='lat' dir='ltr'>si</span> <span class='ocrx_word' id='word_1_409' title='bbox 2507 2564 2757 2634; x_wconf 73' lang='lat' dir='ltr'>nupserit</span> <span class='ocrx_word' id='word_1_410' title='bbox 2785 2565 2961 2633; x_wconf 85' lang='lat' dir='ltr'>virgo,</span> <span class='ocrx_word' id='word_1_411' title='bbox 2981 2580 3093 2620; x_wconf 90' lang='lat' dir='ltr'>non</span> <span class='ocrx_word' id='word_1_412' title='bbox 3116 2568 3362 2637; x_wconf 85' lang='lat' dir='ltr'>peccavit</span> <span class='ocrx_word' id='word_1_413' title='bbox 3390 2565 3796 2640; x_wconf 82' lang='lat' dir='ltr'>[ALpeccabit]:</span> 
     </span>
    </p>
   </div>
   <div class='ocr_carea' id='block_1_58' title="bbox 2154 2649 3803 2728">
    <p class='ocr_par' dir='ltr' id='par_1_58' title="bbox 2154 2649 3803 2728">
     <span class='ocr_line' id='line_1_58' title="bbox 2154 2649 3803 2728; baseline 0.005 -24"><span class='ocrx_word' id='word_1_414' title='bbox 2154 2649 2564 2706; x_wconf 83' lang='lat' dir='ltr'>tribulationem</span> <span class='ocrx_word' id='word_1_415' title='bbox 2594 2655 2780 2707; x_wconf 89' lang='lat' dir='ltr'>tamen</span> <span class='ocrx_word' id='word_1_416' title='bbox 2807 2655 2990 2708; x_wconf 87' lang='lat' dir='ltr'>carnis</span> <span class='ocrx_word' id='word_1_417' title='bbox 3020 2654 3293 2710; x_wconf 85' lang='lat' dir='ltr'>habebunt</span> <span class='ocrx_word' id='word_1_418' title='bbox 3319 2655 3652 2728; x_wconf 85' lang='lat' dir='ltr'>hujusmcdi.</span> <span class='ocrx_word' id='word_1_419' title='bbox 3683 2656 3803 2713; x_wconf 89' lang='lat' dir='ltr'>Nos</span> 
     </span>
    </p>
   </div>
   <div class='ocr_carea' id='block_1_59' title="bbox 2154 2737 3800 2814">
    <p class='ocr_par' dir='ltr' id='par_1_59' title="bbox 2154 2737 3800 2814">
     <span class='ocr_line' id='line_1_59' title="bbox 2154 2737 3800 2814; baseline 0.005 -22"><span class='ocrx_word' id='word_1_420' title='bbox 2154 2737 2342 2811; x_wconf 89' lang='lat' dir='ltr'>ignari</span> <span class='ocrx_word' id='word_1_421' title='bbox 2372 2755 2589 2807; x_wconf 91' lang='lat' dir='ltr'>rerum,</span> <span class='ocrx_word' id='word_1_422' title='bbox 2613 2741 2969 2812; x_wconf 88' lang='lat' dir='ltr'>putabamus</span> <span class='ocrx_word' id='word_1_423' title='bbox 2992 2742 3228 2814; x_wconf 88' lang='lat' dir='ltr'>nuptias</span> <span class='ocrx_word' id='word_1_424' title='bbox 3251 2742 3458 2800; x_wconf 89' lang='lat' dir='ltr'>saltem</span> <span class='ocrx_word' id='word_1_425' title='bbox 3476 2745 3671 2801; x_wconf 79' lang='lat' dir='ltr'>carnis</span> <span class='ocrx_word' id='word_1_426' title='bbox 3691 2744 3800 2801; x_wconf 91' lang='lat' dir='ltr'>ha-</span> 
     </span>
    </p>
   </div>
   <div class='ocr_carea' id='block_1_60' title="bbox 2152 2826 3803 2891">
    <p class='ocr_par' dir='ltr' id='par_1_60' title="bbox 2152 2826 3803 2891">
     <span class='ocr_line' id='line_1_60' title="bbox 2152 2826 3803 2891; baseline 0.005 -10"><span class='ocrx_word' id='word_1_427' title='bbox 2152 2827 2288 2882; x_wconf 91' lang='lat' dir='ltr'>bere</span> <span class='ocrx_word' id='word_1_428' title='bbox 2318 2826 2600 2884; x_wconf 64' lang='lat' dir='ltr'>laetitiam.</span> <span class='ocrx_word' id='word_1_429' title='bbox 2624 2829 2685 2885; x_wconf 91' lang='lat' dir='ltr'>Si</span> <span class='ocrx_word' id='word_1_430' title='bbox 2716 2834 2913 2886; x_wconf 89' lang='lat' dir='ltr'>autem</span> <span class='ocrx_word' id='word_1_431' title='bbox 2938 2831 3298 2887; x_wconf 90' lang='lat' dir='ltr'>nubentibus</span> <span class='ocrx_word' id='word_1_432' title='bbox 3320 2832 3497 2890; x_wconf 87' lang='lat' dir='ltr'>etiam</span> <span class='ocrx_word' id='word_1_433' title='bbox 3534 2834 3596 2889; x_wconf 92' lang='lat' dir='ltr'>in</span> <span class='ocrx_word' id='word_1_434' title='bbox 3626 2850 3803 2891; x_wconf 87' lang='lat' dir='ltr'>carne</span> 
     </span>
    </p>
   </div>
   <div class='ocr_carea' id='block_1_61' title="bbox 2151 2915 3803 2991">
    <p class='ocr_par' dir='ltr' id='par_1_61' title="bbox 2151 2915 3803 2991">
     <span class='ocr_line' id='line_1_61' title="bbox 2151 2915 3803 2991; baseline 0.005 -22"><span class='ocrx_word' id='word_1_435' title='bbox 2151 2915 2451 2972; x_wconf 89' lang='lat' dir='ltr'>tribulatio</span> <span class='ocrx_word' id='word_1_436' title='bbox 2482 2921 2591 2985; x_wconf 89' lang='lat' dir='ltr'>est,</span> <span class='ocrx_word' id='word_1_437' title='bbox 2624 2917 2684 2973; x_wconf 92' lang='lat' dir='ltr'>in</span> <span class='ocrx_word' id='word_1_438' title='bbox 2710 2935 2827 2991; x_wconf 92' lang='lat' dir='ltr'>qua</span> <span class='ocrx_word' id='word_1_439' title='bbox 2857 2918 2985 2975; x_wconf 91' lang='lat' dir='ltr'>sola</span> <span class='ocrx_word' id='word_1_440' title='bbox 3009 2919 3357 2976; x_wconf 88' lang='lat' dir='ltr'>videbantur</span> <span class='ocrx_word' id='word_1_441' title='bbox 3393 2921 3607 2979; x_wconf 85' lang='lat' dir='ltr'>habere</span> <span class='ocrx_word' id='word_1_442' title='bbox 3647 2921 3803 2979; x_wconf 84' lang='lat' dir='ltr'>deli-</span> 
     </span>
    </p>
   </div>
   <div class='ocr_carea' id='block_1_62' title="bbox 2153 3004 3802 3082">
    <p class='ocr_par' dir='ltr' id='par_1_62' title="bbox 2153 3004 3802 3082">
     <span class='ocr_line' id='line_1_62' title="bbox 2153 3004 3802 3082; baseline 0.006 -23"><span class='ocrx_word' id='word_1_443' title='bbox 2153 3004 2296 3074; x_wconf 90' lang='lat' dir='ltr'>cias,</span> <span class='ocrx_word' id='word_1_444' title='bbox 2329 3005 2470 3077; x_wconf 90' lang='lat' dir='ltr'>quid</span> <span class='ocrx_word' id='word_1_445' title='bbox 2503 3006 2613 3062; x_wconf 91' lang='lat' dir='ltr'>erit</span> <span class='ocrx_word' id='word_1_446' title='bbox 2635 3006 2926 3079; x_wconf 90' lang='lat' dir='ltr'>reliquum</span> <span class='ocrx_word' id='word_1_447' title='bbox 2958 3012 3193 3081; x_wconf 88' lang='lat' dir='ltr'>propter</span> <span class='ocrx_word' id='word_1_448' title='bbox 3222 3009 3377 3082; x_wconf 89' lang='lat' dir='ltr'>quod</span> <span class='ocrx_word' id='word_1_449' title='bbox 3408 3011 3802 3081; x_wconf 89' lang='lat' dir='ltr'>nubant,cum</span> 
     </span>
    </p>
   </div>
   <div class='ocr_carea' id='block_1_63' title="bbox 2153 3094 3802 3171">
    <p class='ocr_par' dir='ltr' id='par_1_63' title="bbox 2153 3094 3802 3171">
     <span class='ocr_line' id='line_1_63' title="bbox 2153 3094 3802 3171; baseline 0.004 -21"><span class='ocrx_word' id='word_1_450' title='bbox 2153 3097 2211 3150; x_wconf 92' lang='lat' dir='ltr'>et</span> <span class='ocrx_word' id='word_1_451' title='bbox 2240 3094 2300 3149; x_wconf 91' lang='lat' dir='ltr'>in</span> <span class='ocrx_word' id='word_1_452' title='bbox 2333 3094 2565 3166; x_wconf 88' lang='lat' dir='ltr'>spiritu,</span> <span class='ocrx_word' id='word_1_453' title='bbox 2596 3100 2655 3152; x_wconf 90' lang='lat' dir='ltr'>et</span> <span class='ocrx_word' id='word_1_454' title='bbox 2682 3096 2743 3151; x_wconf 92' lang='lat' dir='ltr'>in</span> <span class='ocrx_word' id='word_1_455' title='bbox 2775 3097 2992 3166; x_wconf 90' lang='lat' dir='ltr'>anima,</span> <span class='ocrx_word' id='word_1_456' title='bbox 3026 3102 3083 3153; x_wconf 88' lang='lat' dir='ltr'>et</span> <span class='ocrx_word' id='word_1_457' title='bbox 3118 3097 3179 3153; x_wconf 93' lang='lat' dir='ltr'>in</span> <span class='ocrx_word' id='word_1_458' title='bbox 3208 3097 3341 3171; x_wconf 91' lang='lat' dir='ltr'>ipsa</span> <span class='ocrx_word' id='word_1_459' title='bbox 3387 3116 3560 3155; x_wconf 91' lang='lat' dir='ltr'>carne</span> <span class='ocrx_word' id='word_1_460' title='bbox 3610 3100 3802 3157; x_wconf 89' lang='lat' dir='ltr'>tribu-</span> 
     </span>
    </p>
   </div>
   <div class='ocr_carea' id='block_1_64' title="bbox 397 3155 3801 3263">
    <p class='ocr_par' dir='ltr' id='par_1_64' title="bbox 397 3155 3801 3263">
     <span class='ocr_line' id='line_1_64' title="bbox 397 3155 3801 3263; baseline 0 -18"><span class='ocrx_word' id='word_1_461' title='bbox 397 3155 545 3263; x_wconf 78' lang='lat' dir='ltr'>priis</span> <span class='ocrx_word' id='word_1_462' title='bbox 578 3187 811 3259; x_wconf 89' lang='lat' dir='ltr'>scriptis</span> <span class='ocrx_word' id='word_1_463' title='bbox 842 3155 1016 3240; x_wconf 67' lang='lat' dir='ltr'>nosse</span> <span class='ocrx_word' id='word_1_464' title='bbox 1054 3155 1326 3256; x_wconf 65' lang='lat' dir='ltr'>perfacile</span> <span class='ocrx_word' id='word_1_465' title='bbox 1382 3187 1488 3238; x_wconf 90' lang='lat' dir='ltr'>est.</span> <span class='ocrx_word' id='word_1_466' title='bbox 1546 3155 1812 3240; x_wconf 65' lang='lat' dir='ltr'>Existimo</span> <span class='ocrx_word' id='word_1_467' title='bbox 1868 3155 2036 3254; x_wconf 72' lang='lat' dir='ltr'>enim,</span> <span class='ocrx_word' id='word_1_468' title='bbox 2072 3155 2114 3221; x_wconf 76' lang='lat' dir='ltr'><strong>C</strong></span> <span class='ocrx_word' id='word_1_469' title='bbox 2152 3181 2291 3239; x_wconf 92' lang='lat' dir='ltr'>latio</span> <span class='ocrx_word' id='word_1_470' title='bbox 2323 3155 2403 3239; x_wconf 80' lang='lat' dir='ltr'>sit</span> <span class='ocrx_word' id='word_1_471' title='bbox 2430 3183 2459 3238; x_wconf 89' lang='lat'><strong>?</strong></span> <span class='ocrx_word' id='word_1_472' title='bbox 2481 3155 2600 3257; x_wconf 73' lang='lat' dir='ltr'>Ego</span> <span class='ocrx_word' id='word_1_473' title='bbox 2620 3193 2803 3241; x_wconf 88' lang='lat' dir='ltr'>autem</span> <span class='ocrx_word' id='word_1_474' title='bbox 2832 3155 2990 3242; x_wconf 72' lang='lat' dir='ltr'>vobis</span> <span class='ocrx_word' id='word_1_475' title='bbox 3011 3202 3195 3258; x_wconf 87' lang='lat' dir='ltr'>parco.</span> <span class='ocrx_word' id='word_1_476' title='bbox 3225 3155 3340 3257; x_wconf 79' lang='lat' dir='ltr'>Sic,</span> <span class='ocrx_word' id='word_1_477' title='bbox 3390 3188 3492 3259; x_wconf 89' lang='lat' dir='ltr'>ait,</span> <span class='ocrx_word' id='word_1_478' title='bbox 3544 3155 3801 3247; x_wconf 83' lang='lat' dir='ltr'>obtendo</span> 
     </span>
    </p>
   </div>
   <div class='ocr_carea' id='block_1_65' title="bbox 398 3272 3800 3351">
    <p class='ocr_par' dir='ltr' id='par_1_65' title="bbox 398 3272 3800 3351">
     <span class='ocr_line' id='line_1_65' title="bbox 398 3272 3800 3351; baseline 0 -17"><span class='ocrx_word' id='word_1_479' title='bbox 398 3279 611 3351; x_wconf 87' lang='lat' dir='ltr'>inquit,</span> <span class='ocrx_word' id='word_1_480' title='bbox 657 3279 754 3332; x_wconf 87' lang='lat' dir='ltr'>hoc</span> <span class='ocrx_word' id='word_1_481' title='bbox 804 3292 937 3346; x_wconf 78' lang='lat' dir='ltr'>(pus</span> <span class='ocrx_word' id='word_1_482' title='bbox 995 3274 1192 3328; x_wconf 91' lang='lat' dir='ltr'>bonum</span> <span class='ocrx_word' id='word_1_483' title='bbox 1248 3274 1270 3306; x_wconf 68' lang='grc'><em>³</em></span> <span class='ocrx_word' id='word_1_484' title='bbox 1325 3288 1436 3328; x_wconf 87' lang='lat' dir='ltr'>esse</span> <span class='ocrx_word' id='word_1_485' title='bbox 1479 3275 1698 3344; x_wconf 86' lang='lat' dir='ltr'>prapter</span> <span class='ocrx_word' id='word_1_486' title='bbox 1753 3274 2045 3330; x_wconf 86' lang='lat' dir='ltr'>instantem</span> <span class='ocrx_word' id='word_1_487' title='bbox 2151 3272 2346 3328; x_wconf 91' lang='lat' dir='ltr'>carnis</span> <span class='ocrx_word' id='word_1_488' title='bbox 2376 3272 2835 3344; x_wconf 85' lang='lat' dir='ltr'>tribulationem,</span> <span class='ocrx_word' id='word_1_489' title='bbox 2869 3275 3038 3347; x_wconf 90' lang='lat' dir='ltr'>quasi</span> <span class='ocrx_word' id='word_1_490' title='bbox 3072 3292 3188 3331; x_wconf 92' lang='lat' dir='ltr'>non</span> <span class='ocrx_word' id='word_1_491' title='bbox 3236 3277 3460 3347; x_wconf 89' lang='lat' dir='ltr'>majora</span> <span class='ocrx_word' id='word_1_492' title='bbox 3505 3277 3624 3333; x_wconf 89' lang='lat' dir='ltr'>sint</span> <span class='ocrx_word' id='word_1_493' title='bbox 3662 3294 3800 3350; x_wconf 88' lang='lat' dir='ltr'>pro-</span> 
     </span>
    </p>
   </div>
   <div class='ocr_carea' id='block_1_66' title="bbox 398 3361 2043 3435">
    <p class='ocr_par' dir='ltr' id='par_1_66' title="bbox 398 3361 2043 3435">
     <span class='ocr_line' id='line_1_66' title="bbox 398 3361 2043 3435; baseline -0.005 -10"><span class='ocrx_word' id='word_1_494' title='bbox 398 3369 765 3425; x_wconf 87' lang='lat' dir='ltr'>necessitatem</span> <span class='ocrx_word' id='word_1_495' title='bbox 796 3366 844 3435; x_wconf 87' lang='grc' dir='ltr'>(Ι</span> <span class='ocrx_word' id='word_1_496' title='bbox 872 3364 991 3419; x_wconf 85' lang='lat' dir='ltr'>Cor.</span> <span class='ocrx_word' id='word_1_497' title='bbox 1024 3379 1126 3427; x_wconf 77' lang='lat' dir='ltr'>v11,</span> <span class='ocrx_word' id='word_1_498' title='bbox 1157 3363 1269 3430; x_wconf 87' lang='lat'>26).</span> <span class='ocrx_word' id='word_1_499' title='bbox 1307 3362 1439 3425; x_wconf 82' lang='lat' dir='ltr'>Quae</span> <span class='ocrx_word' id='word_1_500' title='bbox 1492 3366 1581 3417; x_wconf 87' lang='lat' dir='ltr'>est</span> <span class='ocrx_word' id='word_1_501' title='bbox 1634 3361 1736 3418; x_wconf 90' lang='lat' dir='ltr'>illa</span> <span class='ocrx_word' id='word_1_502' title='bbox 1791 3363 2043 3420; x_wconf 87' lang='lat' dir='ltr'>necessi-</span> 
     </span>
    </p>
   </div>
   <div class='ocr_carea' id='block_1_67' title="bbox 395 3449 2039 3528">
    <p class='ocr_par' dir='ltr' id='par_1_67' title="bbox 395 3449 2039 3528">
     <span class='ocr_line' id='line_1_67' title="bbox 395 3449 2039 3528; baseline -0.003 -17"><span class='ocrx_word' id='word_1_503' title='bbox 395 3461 486 3513; x_wconf 89' lang='lat' dir='ltr'>tas</span> <span class='ocrx_word' id='word_1_504' title='bbox 516 3472 663 3528; x_wconf 63' lang='lat' dir='ltr'>que,</span> <span class='ocrx_word' id='word_1_505' title='bbox 697 3458 892 3526; x_wconf 91' lang='lat' dir='ltr'>spreto</span> <span class='ocrx_word' id='word_1_506' title='bbox 936 3450 1168 3506; x_wconf 91' lang='lat' dir='ltr'>vinculo</span> <span class='ocrx_word' id='word_1_507' title='bbox 1207 3449 1522 3521; x_wconf 85' lang='lat' dir='ltr'>conjugali,</span> <span class='ocrx_word' id='word_1_508' title='bbox 1552 3450 1904 3522; x_wconf 87' lang='lat' dir='ltr'>virginitatis</span> <span class='ocrx_word' id='word_1_509' title='bbox 1935 3468 2039 3523; x_wconf 81' lang='lat' dir='ltr'>ap-</span> 
     </span>
    </p>
   </div>
   <div class='ocr_carea' id='block_1_68' title="bbox 395 3539 2041 3617">
    <p class='ocr_par' dir='ltr' id='par_1_68' title="bbox 395 3539 2041 3617">
     <span class='ocr_line' id='line_1_68' title="bbox 395 3539 2041 3617; baseline -0.003 -17"><span class='ocrx_word' id='word_1_510' title='bbox 395 3545 543 3617; x_wconf 88' lang='lat' dir='ltr'>petit</span> <span class='ocrx_word' id='word_1_511' title='bbox 568 3544 893 3599; x_wconf 86' lang='lat' dir='ltr'>libertatem</span> <span class='ocrx_word' id='word_1_512' title='bbox 924 3540 953 3595; x_wconf 77' lang='lat' dir='ltr'>‘f</span> <span class='ocrx_word' id='word_1_513' title='bbox 984 3542 1072 3597; x_wconf 68' lang='lat' dir='ltr'>Vae</span> <span class='ocrx_word' id='word_1_514' title='bbox 1116 3539 1537 3611; x_wconf 67' lang='lat' dir='ltr'>praegnantibus</span> <span class='ocrx_word' id='word_1_515' title='bbox 1585 3547 1635 3594; x_wconf 88' lang='lat' dir='ltr'>et</span> <span class='ocrx_word' id='word_1_516' title='bbox 1672 3540 2041 3595; x_wconf 86' lang='lat' dir='ltr'>nutrientibus</span> 
     </span>
    </p>
   </div>
   <div class='ocr_carea' id='block_1_69' title="bbox 396 3627 2036 3703">
    <p class='ocr_par' dir='ltr' id='par_1_69' title="bbox 396 3627 2036 3703">
     <span class='ocr_line' id='line_1_69' title="bbox 396 3627 2036 3703; baseline -0.003 -14"><span class='ocrx_word' id='word_1_517' title='bbox 396 3637 458 3689; x_wconf 89' lang='lat' dir='ltr'>in</span> <span class='ocrx_word' id='word_1_518' title='bbox 476 3634 574 3689; x_wconf 91' lang='lat' dir='ltr'>illo</span> <span class='ocrx_word' id='word_1_519' title='bbox 604 3632 693 3688; x_wconf 88' lang='lat' dir='ltr'>die</span> <span class='ocrx_word' id='word_1_520' title='bbox 734 3631 943 3703; x_wconf 77' lang='lat' dir='ltr'>(Matth.</span> <span class='ocrx_word' id='word_1_521' title='bbox 1003 3646 1154 3694; x_wconf 71' lang='lat' dir='ltr'>xxrv,</span> <span class='ocrx_word' id='word_1_522' title='bbox 1199 3630 1304 3695; x_wconf 79' lang='lat'>15;</span> <span class='ocrx_word' id='word_1_523' title='bbox 1336 3627 1499 3682; x_wconf 80' lang='lat' dir='ltr'>Marc.</span> <span class='ocrx_word' id='word_1_524' title='bbox 1556 3645 1679 3695; x_wconf 84' lang='lat' dir='ltr'>xm,</span> <span class='ocrx_word' id='word_1_525' title='bbox 1744 3630 1806 3683; x_wconf 79' lang='grc'>14</span> <span class='ocrx_word' id='word_1_526' title='bbox 1862 3630 2036 3696; x_wconf 89' lang='lat' dir='ltr'>;Luc.</span> 
     </span>
    </p>
   </div>
   <div class='ocr_carea' id='block_1_70' title="bbox 396 3716 2040 3793">
    <p class='ocr_par' dir='ltr' id='par_1_70' title="bbox 396 3716 2040 3793">
     <span class='ocr_line' id='line_1_70' title="bbox 396 3716 2040 3793; baseline -0.003 -15"><span class='ocrx_word' id='word_1_527' title='bbox 396 3741 513 3790; x_wconf 69' lang='lat' dir='ltr'>xxr,</span> <span class='ocrx_word' id='word_1_528' title='bbox 545 3722 661 3793; x_wconf 83' lang='lat'>23).</span> <span class='ocrx_word' id='word_1_529' title='bbox 696 3722 823 3776; x_wconf 88' lang='lat' dir='ltr'>Non</span> <span class='ocrx_word' id='word_1_530' title='bbox 852 3719 947 3775; x_wconf 89' lang='lat' dir='ltr'>hic</span> <span class='ocrx_word' id='word_1_531' title='bbox 979 3722 1191 3784; x_wconf 87' lang='lat' dir='ltr'>scorta,</span> <span class='ocrx_word' id='word_1_532' title='bbox 1222 3733 1338 3772; x_wconf 88' lang='lat' dir='ltr'>non</span> <span class='ocrx_word' id='word_1_533' title='bbox 1398 3716 1493 3771; x_wconf 91' lang='lat' dir='ltr'>hic</span> <span class='ocrx_word' id='word_1_534' title='bbox 1549 3716 1857 3788; x_wconf 89' lang='lat' dir='ltr'>lupanaria</span> <span class='ocrx_word' id='word_1_535' title='bbox 1903 3734 2040 3773; x_wconf 78' lang='lat' dir='ltr'>con~</span> 
     </span>
    </p>
   </div>
   <div class='ocr_carea' id='block_1_71' title="bbox 397 3804 2039 3883">
    <p class='ocr_par' dir='ltr' id='par_1_71' title="bbox 397 3804 2039 3883">
     <span class='ocr_line' id='line_1_71' title="bbox 397 3804 2039 3883; baseline -0.002 -16"><span class='ocrx_word' id='word_1_536' title='bbox 397 3814 772 3876; x_wconf 91' lang='lat' dir='ltr'>demnantur,</span> <span class='ocrx_word' id='word_1_537' title='bbox 806 3810 878 3863; x_wconf 92' lang='lat' dir='ltr'>de</span> <span class='ocrx_word' id='word_1_538' title='bbox 900 3823 1152 3878; x_wconf 92' lang='lat' dir='ltr'>quorum</span> <span class='ocrx_word' id='word_1_539' title='bbox 1175 3804 1551 3861; x_wconf 89' lang='lat' dir='ltr'>damnatione</span> <span class='ocrx_word' id='word_1_540' title='bbox 1569 3804 1732 3860; x_wconf 91' lang='lat' dir='ltr'>nulla</span> <span class='ocrx_word' id='word_1_541' title='bbox 1751 3804 2039 3883; x_wconf 71' lang='lat' dir='ltr'>dpbitatio</span> 
     </span>
    </p>
   </div>
   <div class='ocr_carea' id='block_1_72' title="bbox 395 3893 2038 3967">
    <p class='ocr_par' dir='ltr' id='par_1_72' title="bbox 395 3893 2038 3967">
     <span class='ocr_line' id='line_1_72' title="bbox 395 3893 2038 3967; baseline -0.002 -12"><span class='ocrx_word' id='word_1_542' title='bbox 395 3904 520 3955; x_wconf 88' lang='lat' dir='ltr'>est:</span> <span class='ocrx_word' id='word_1_543' title='bbox 554 3898 655 3952; x_wconf 90' lang='lat' dir='ltr'>sed</span> <span class='ocrx_word' id='word_1_544' title='bbox 689 3896 838 3952; x_wconf 89' lang='lat' dir='ltr'>uteri</span> <span class='ocrx_word' id='word_1_545' title='bbox 884 3898 1297 3958; x_wconf 89' lang='lat' dir='ltr'>tumescentes,</span> <span class='ocrx_word' id='word_1_546' title='bbox 1350 3898 1407 3949; x_wconf 92' lang='lat' dir='ltr'>et</span> <span class='ocrx_word' id='word_1_547' title='bbox 1456 3893 1749 3949; x_wconf 86' lang='lat' dir='ltr'>infantum</span> <span class='ocrx_word' id='word_1_548' title='bbox 1787 3894 2038 3967; x_wconf 87' lang='lat' dir='ltr'>vagitus,</span> 
     </span>
    </p>
   </div>
   <div class='ocr_carea' id='block_1_73' title="bbox 396 3982 2040 4055">
    <p class='ocr_par' dir='ltr' id='par_1_73' title="bbox 396 3982 2040 4055">
     <span class='ocr_line' id='line_1_73' title="bbox 396 3982 2040 4055; baseline -0.001 -12"><span class='ocrx_word' id='word_1_549' title='bbox 396 3992 455 4043; x_wconf 91' lang='lat' dir='ltr'>et</span> <span class='ocrx_word' id='word_1_550' title='bbox 484 3988 711 4042; x_wconf 88' lang='lat' dir='ltr'>fructus</span> <span class='ocrx_word' id='word_1_551' title='bbox 741 3989 917 4055; x_wconf 88' lang='lat' dir='ltr'>atque</span> <span class='ocrx_word' id='word_1_552' title='bbox 947 4000 1119 4055; x_wconf 91' lang='lat' dir='ltr'>opera</span> <span class='ocrx_word' id='word_1_553' title='bbox 1147 3982 1506 4055; x_wconf 83' lang='lat' dir='ltr'>nuptiarum.</span> <span class='ocrx_word' id='word_1_554' title='bbox 1527 3985 1801 4053; x_wconf 86' lang='lat' dir='ltr'>Quoniam</span> <span class='ocrx_word' id='word_1_555' title='bbox 1842 3985 2040 4041; x_wconf 88' lang='lat' dir='ltr'>bonum</span> 
     </span>
    </p>
   </div>
   <div class='ocr_carea' id='block_1_74' title="bbox 393 4071 2043 4144">
    <p class='ocr_par' dir='ltr' id='par_1_74' title="bbox 393 4071 2043 4144">
     <span class='ocr_line' id='line_1_74' title="bbox 393 4071 2043 4144; baseline -0.001 -13"><span class='ocrx_word' id='word_1_556' title='bbox 393 4079 472 4131; x_wconf 88' lang='lat' dir='ltr'>est</span> <span class='ocrx_word' id='word_1_557' title='bbox 503 4075 715 4131; x_wconf 86' lang='lat' dir='ltr'>homini</span> <span class='ocrx_word' id='word_1_558' title='bbox 767 4076 848 4128; x_wconf 88' lang='lat' dir='ltr'>sic</span> <span class='ocrx_word' id='word_1_559' title='bbox 875 4088 989 4128; x_wconf 88' lang='lat' dir='ltr'>esse</span> <span class='ocrx_word' id='word_1_560' title='bbox 1021 4074 1065 4144; x_wconf 84' lang='grc' dir='ltr'>(ι</span> <span class='ocrx_word' id='word_1_561' title='bbox 1096 4071 1217 4127; x_wconf 80' lang='lat' dir='ltr'>Cor.</span> <span class='ocrx_word' id='word_1_562' title='bbox 1272 4089 1375 4137; x_wconf 83' lang='lat' dir='ltr'>v11,</span> <span class='ocrx_word' id='word_1_563' title='bbox 1420 4072 1531 4143; x_wconf 88' lang='lat'>26).</span> <span class='ocrx_word' id='word_1_564' title='bbox 1582 4072 1641 4127; x_wconf 91' lang='lat' dir='ltr'>Si</span> <span class='ocrx_word' id='word_1_565' title='bbox 1688 4074 1905 4129; x_wconf 91' lang='lat' dir='ltr'>bonum</span> <span class='ocrx_word' id='word_1_566' title='bbox 1953 4078 2043 4130; x_wconf 88' lang='lat' dir='ltr'>est</span> 
     </span>
    </p>
   </div>
   <div class='ocr_carea' id='block_1_75' title="bbox 396 4160 2085 4239">
    <p class='ocr_par' dir='ltr' id='par_1_75' title="bbox 396 4160 2085 4239">
     <span class='ocr_line' id='line_1_75' title="bbox 396 4160 2085 4239; baseline -0.002 -17"><span class='ocrx_word' id='word_1_567' title='bbox 396 4163 623 4222; x_wconf 84' lang='lat' dir='ltr'>homini</span> <span class='ocrx_word' id='word_1_568' title='bbox 656 4162 739 4219; x_wconf 91' lang='lat' dir='ltr'>sic</span> <span class='ocrx_word' id='word_1_569' title='bbox 768 4178 919 4230; x_wconf 91' lang='lat' dir='ltr'>esse,</span> <span class='ocrx_word' id='word_1_570' title='bbox 951 4160 1172 4217; x_wconf 88' lang='lat' dir='ltr'>malum</span> <span class='ocrx_word' id='word_1_571' title='bbox 1215 4165 1303 4216; x_wconf 88' lang='lat' dir='ltr'>est</span> <span class='ocrx_word' id='word_1_572' title='bbox 1349 4177 1455 4234; x_wconf 91' lang='lat' dir='ltr'>ego</span> <span class='ocrx_word' id='word_1_573' title='bbox 1513 4161 1739 4216; x_wconf 89' lang='lat' dir='ltr'>homini</span> <span class='ocrx_word' id='word_1_574' title='bbox 1782 4162 1864 4217; x_wconf 91' lang='lat' dir='ltr'>sic</span> <span class='ocrx_word' id='word_1_575' title='bbox 1924 4180 2038 4218; x_wconf 91' lang='lat' dir='ltr'>non</span> <span class='ocrx_word' id='word_1_576' title='bbox 2064 4222 2085 4239; x_wconf 48' lang='grc' dir='ltr'><strong>ο</strong></span> 
     </span>
    </p>
   </div>
   <div class='ocr_carea' id='block_1_76' title="bbox 394 4252 2037 4324">
    <p class='ocr_par' dir='ltr' id='par_1_76' title="bbox 394 4252 2037 4324">
     <span class='ocr_line' id='line_1_76' title="bbox 394 4252 2037 4324; baseline -0.002 -13"><span class='ocrx_word' id='word_1_577' title='bbox 394 4270 561 4311; x_wconf 90' lang='lat' dir='ltr'>esse:</span> <span class='ocrx_word' id='word_1_578' title='bbox 595 4254 868 4324; x_wconf 82' lang='lat' dir='ltr'>Alligatus</span> <span class='ocrx_word' id='word_1_579' title='bbox 898 4260 977 4307; x_wconf 90' lang='lat' dir='ltr'>est</span> <span class='ocrx_word' id='word_1_580' title='bbox 1004 4253 1187 4317; x_wconf 72' lang='lat' dir='ltr'>uxori,</span> <span class='ocrx_word' id='word_1_581' title='bbox 1238 4252 1356 4307; x_wconf 87' lang='lat' dir='ltr'>noli</span> <span class='ocrx_word' id='word_1_582' title='bbox 1410 4266 1650 4323; x_wconf 78' lang='lat' dir='ltr'>quaerere</span> <span class='ocrx_word' id='word_1_583' title='bbox 1696 4252 2037 4307; x_wconf 83' lang='lat' dir='ltr'>solutionem.</span> 
     </span>
    </p>
   </div>
   <div class='ocr_carea' id='block_1_77' title="bbox 391 4341 2038 4411">
    <p class='ocr_par' dir='ltr' id='par_1_77' title="bbox 391 4341 2038 4411">
     <span class='ocr_line' id='line_1_77' title="bbox 391 4341 2038 4411; baseline -0.003 -10"><span class='ocrx_word' id='word_1_584' title='bbox 391 4344 609 4401; x_wconf 84' lang='lat' dir='ltr'>Solutus</span> <span class='ocrx_word' id='word_1_585' title='bbox 657 4359 711 4399; x_wconf 86' lang='lat' dir='ltr'>es</span> <span class='ocrx_word' id='word_1_586' title='bbox 766 4342 833 4398; x_wconf 91' lang='lat' dir='ltr'>ab</span> <span class='ocrx_word' id='word_1_587' title='bbox 879 4357 1073 4409; x_wconf 69' lang='lat' dir='ltr'>uxore,</span> <span class='ocrx_word' id='word_1_588' title='bbox 1122 4341 1261 4397; x_wconf 88' lang='lat' dir='ltr'>nolli</span> <span class='ocrx_word' id='word_1_589' title='bbox 1298 4355 1546 4411; x_wconf 66' lang='lat' dir='ltr'>quaerere</span> <span class='ocrx_word' id='word_1_590' title='bbox 1598 4356 1827 4395; x_wconf 71' lang='lat' dir='ltr'>uxorem</span> <span class='ocrx_word' id='word_1_591' title='bbox 1881 4341 2038 4411; x_wconf 84' lang='lat' dir='ltr'>(Ibid.</span> 
     </span>
    </p>
   </div>
   <div class='ocr_carea' id='block_1_78' title="bbox 460 4429 2036 4504">
    <p class='ocr_par' dir='ltr' id='par_1_78' title="bbox 460 4429 2036 4504">
     <span class='ocr_line' id='line_1_78' title="bbox 460 4429 2036 4504; baseline -0.001 -15"><span class='ocrx_word' id='word_1_592' title='bbox 460 4434 575 4504; x_wconf 86' lang='lat'>27).</span> <span class='ocrx_word' id='word_1_593' title='bbox 610 4433 795 4488; x_wconf 89' lang='lat' dir='ltr'>Habet</span> <span class='ocrx_word' id='word_1_594' title='bbox 824 4430 1234 4502; x_wconf 87' lang='lat' dir='ltr'>unusquisque</span> <span class='ocrx_word' id='word_1_595' title='bbox 1262 4433 1529 4485; x_wconf 89' lang='lat' dir='ltr'>nostrum</span> <span class='ocrx_word' id='word_1_596' title='bbox 1562 4429 1846 4484; x_wconf 89' lang='lat' dir='ltr'>terminos</span> <span class='ocrx_word' id='word_1_597' title='bbox 1878 4447 2036 4487; x_wconf 90' lang='lat' dir='ltr'>suos:</span> 
     </span>
    </p>
   </div>
   <div class='ocr_carea' id='block_1_79' title="bbox 2153 3363 3798 3437">
    <p class='ocr_par' dir='ltr' id='par_1_79' title="bbox 2153 3363 3798 3437">
     <span class='ocr_line' id='line_1_79' title="bbox 2153 3363 3798 3437; baseline 0.004 -22"><span class='ocrx_word' id='word_1_598' title='bbox 2153 3364 2281 3431; x_wconf 90' lang='lat' dir='ltr'>pter</span> <span class='ocrx_word' id='word_1_599' title='bbox 2309 3377 2436 3433; x_wconf 84' lang='lat' dir='ltr'>quae</span> <span class='ocrx_word' id='word_1_600' title='bbox 2497 3378 2611 3418; x_wconf 89' lang='lat' dir='ltr'>non</span> <span class='ocrx_word' id='word_1_601' title='bbox 2666 3363 2950 3420; x_wconf 87' lang='lat' dir='ltr'>debeatis.</span> <span class='ocrx_word' id='word_1_602' title='bbox 3008 3366 3182 3435; x_wconf 88' lang='lat' dir='ltr'>Igitur</span> <span class='ocrx_word' id='word_1_603' title='bbox 3220 3364 3318 3420; x_wconf 89' lang='lat' dir='ltr'>hoc</span> <span class='ocrx_word' id='word_1_604' title='bbox 3354 3365 3497 3434; x_wconf 86' lang='lat' dir='ltr'>dico,</span> <span class='ocrx_word' id='word_1_605' title='bbox 3554 3369 3798 3437; x_wconf 84' lang='lat' dir='ltr'>fratres:</span> 
     </span>
    </p>
   </div>
   <div class='ocr_carea' id='block_1_80' title="bbox 2152 3449 3803 3527">
    <p class='ocr_par' dir='ltr' id='par_1_80' title="bbox 2152 3449 3803 3527">
     <span class='ocr_line' id='line_1_80' title="bbox 2152 3449 3803 3527; baseline 0.005 -24"><span class='ocrx_word' id='word_1_606' title='bbox 2152 3449 2373 3522; x_wconf 65' lang='lat' dir='ltr'>tempus</span> <span class='ocrx_word' id='word_1_607' title='bbox 2422 3450 2578 3507; x_wconf 88' lang='lat' dir='ltr'>breve</span> <span class='ocrx_word' id='word_1_608' title='bbox 2631 3460 2729 3507; x_wconf 89' lang='lat' dir='ltr'>est.</span> <span class='ocrx_word' id='word_1_609' title='bbox 2792 3452 3081 3525; x_wconf 84' lang='lat' dir='ltr'>Reliquum</span> <span class='ocrx_word' id='word_1_610' title='bbox 3133 3458 3230 3521; x_wconf 88' lang='lat' dir='ltr'>est,</span> <span class='ocrx_word' id='word_1_611' title='bbox 3298 3462 3358 3509; x_wconf 87' lang='lat' dir='ltr'>ut</span> <span class='ocrx_word' id='word_1_612' title='bbox 3415 3455 3512 3527; x_wconf 88' lang='lat' dir='ltr'>qui</span> <span class='ocrx_word' id='word_1_613' title='bbox 3558 3455 3803 3512; x_wconf 69' lang='lat' dir='ltr'>habent8</span> 
     </span>
    </p>
   </div>
   <div class='ocr_carea' id='block_1_81' title="bbox 2148 3542 3799 3617">
    <p class='ocr_par' dir='ltr' id='par_1_81' title="bbox 2148 3542 3799 3617">
     <span class='ocr_line' id='line_1_81' title="bbox 2148 3542 3799 3617; baseline 0.005 -24"><span class='ocrx_word' id='word_1_614' title='bbox 2148 3554 2369 3607; x_wconf 68' lang='lat' dir='ltr'>uxores,</span> <span class='ocrx_word' id='word_1_615' title='bbox 2398 3542 2478 3594; x_wconf 88' lang='lat' dir='ltr'>sic</span> <span class='ocrx_word' id='word_1_616' title='bbox 2506 3542 2618 3595; x_wconf 88' lang='lat' dir='ltr'>sint</span> <span class='ocrx_word' id='word_1_617' title='bbox 2647 3549 2911 3612; x_wconf 82' lang='lat' dir='ltr'>tanquam</span> <span class='ocrx_word' id='word_1_618' title='bbox 2938 3558 3049 3598; x_wconf 88' lang='lat' dir='ltr'>non</span> <span class='ocrx_word' id='word_1_619' title='bbox 3086 3542 3358 3600; x_wconf 88' lang='lat' dir='ltr'>habentes.</span> <span class='ocrx_word' id='word_1_620' title='bbox 3412 3543 3799 3617; x_wconf 87' lang='lat' dir='ltr'>Nequaquam</span> 
     </span>
    </p>
   </div>
   <div class='ocr_carea' id='block_1_82' title="bbox 2141 3628 3801 3706">
    <p class='ocr_par' dir='ltr' id='par_1_82' title="bbox 2141 3628 3801 3706">
     <span class='ocr_line' id='line_1_82' title="bbox 2141 3628 3801 3706; baseline 0.005 -24"><span class='ocrx_word' id='word_1_621' title='bbox 2141 3629 2269 3699; x_wconf 89' lang='lat' dir='ltr'>jam</span> <span class='ocrx_word' id='word_1_622' title='bbox 2300 3628 2370 3685; x_wconf 90' lang='lat' dir='ltr'>de</span> <span class='ocrx_word' id='word_1_623' title='bbox 2399 3628 2725 3701; x_wconf 89' lang='lat' dir='ltr'>virginibus</span> <span class='ocrx_word' id='word_1_624' title='bbox 2750 3630 3006 3704; x_wconf 91' lang='lat' dir='ltr'>disputo,</span> <span class='ocrx_word' id='word_1_625' title='bbox 3038 3647 3188 3703; x_wconf 89' lang='lat' dir='ltr'>quos</span> <span class='ocrx_word' id='word_1_626' title='bbox 3231 3631 3393 3688; x_wconf 91' lang='lat' dir='ltr'>nulla</span> <span class='ocrx_word' id='word_1_627' title='bbox 3440 3633 3801 3706; x_wconf 80' lang='lat' dir='ltr'>ambiguitas</span> 
     </span>
    </p>
   </div>
   <div class='ocr_carea' id='block_1_83' title="bbox 2148 3717 3799 3794">
    <p class='ocr_par' dir='ltr' id='par_1_83' title="bbox 2148 3717 3799 3794">
     <span class='ocr_line' id='line_1_83' title="bbox 2148 3717 3799 3794; baseline 0.004 -21"><span class='ocrx_word' id='word_1_628' title='bbox 2148 3722 2396 3773; x_wconf 83' lang='lat' dir='ltr'>estesse</span> <span class='ocrx_word' id='word_1_629' title='bbox 2426 3717 2641 3774; x_wconf 90' lang='lat' dir='ltr'>felices.</span> <span class='ocrx_word' id='word_1_630' title='bbox 2673 3720 2755 3774; x_wconf 88' lang='lat' dir='ltr'>Ad</span> <span class='ocrx_word' id='word_1_631' title='bbox 2790 3719 3036 3777; x_wconf 91' lang='lat' dir='ltr'>maritos</span> <span class='ocrx_word' id='word_1_632' title='bbox 3078 3720 3267 3777; x_wconf 90' lang='lat' dir='ltr'>venio.</span> <span class='ocrx_word' id='word_1_633' title='bbox 3317 3722 3576 3794; x_wconf 90' lang='lat' dir='ltr'>Tempus</span> <span class='ocrx_word' id='word_1_634' title='bbox 3624 3722 3799 3780; x_wconf 88' lang='lat' dir='ltr'>breve</span> 
     </span>
    </p>
   </div>
   <div class='ocr_carea' id='block_1_84' title="bbox 2148 3807 3798 3883">
    <p class='ocr_par' dir='ltr' id='par_1_84' title="bbox 2148 3807 3798 3883">
     <span class='ocr_line' id='line_1_84' title="bbox 2148 3807 3798 3883; baseline 0.004 -22"><span class='ocrx_word' id='word_1_635' title='bbox 2148 3807 2738 3881; x_wconf 88' lang='lat' dir='ltr'>est,Dominuspr0pe</span> <span class='ocrx_word' id='word_1_636' title='bbox 2751 3809 3115 3866; x_wconf 90' lang='lat' dir='ltr'>est.Etiamsi</span> <span class='ocrx_word' id='word_1_637' title='bbox 3138 3810 3447 3883; x_wconf 89' lang='lat' dir='ltr'>nongentis</span> <span class='ocrx_word' id='word_1_638' title='bbox 3462 3811 3798 3867; x_wconf 87' lang='lat' dir='ltr'>viveremus</span> 
     </span>
    </p>
   </div>
   <div class='ocr_carea' id='block_1_85' title="bbox 2148 3895 3795 3971">
    <p class='ocr_par' dir='ltr' id='par_1_85' title="bbox 2148 3895 3795 3971">
     <span class='ocr_line' id='line_1_85' title="bbox 2148 3895 3795 3971; baseline 0.004 -23"><span class='ocrx_word' id='word_1_639' title='bbox 2148 3895 2341 3962; x_wconf 91' lang='lat' dir='ltr'>annis,</span> <span class='ocrx_word' id='word_1_640' title='bbox 2374 3899 2440 3950; x_wconf 93' lang='lat' dir='ltr'>ut</span> <span class='ocrx_word' id='word_1_641' title='bbox 2468 3895 2695 3968; x_wconf 90' lang='lat' dir='ltr'>antiqui</span> <span class='ocrx_word' id='word_1_642' title='bbox 2727 3896 3016 3967; x_wconf 90' lang='lat' dir='ltr'>homines,</span> <span class='ocrx_word' id='word_1_643' title='bbox 3038 3902 3234 3954; x_wconf 88' lang='lat' dir='ltr'>tamen</span> <span class='ocrx_word' id='word_1_644' title='bbox 3264 3900 3436 3955; x_wconf 86' lang='lat' dir='ltr'>breve</span> <span class='ocrx_word' id='word_1_645' title='bbox 3461 3899 3795 3971; x_wconf 88' lang='lat' dir='ltr'>putandum</span> 
     </span>
    </p>
   </div>
   <div class='ocr_carea' id='block_1_86' title="bbox 2148 3984 3799 4059">
    <p class='ocr_par' dir='ltr' id='par_1_86' title="bbox 2148 3984 3799 4059">
     <span class='ocr_line' id='line_1_86' title="bbox 2148 3984 3799 4059; baseline 0.004 -21"><span class='ocrx_word' id='word_1_646' title='bbox 2148 3988 2324 4051; x_wconf 89' lang='lat' dir='ltr'>esset,</span> <span class='ocrx_word' id='word_1_647' title='bbox 2358 3984 2514 4056; x_wconf 93' lang='lat' dir='ltr'>quod</span> <span class='ocrx_word' id='word_1_648' title='bbox 2547 3985 2784 4041; x_wconf 88' lang='lat' dir='ltr'>haberet</span> <span class='ocrx_word' id='word_1_649' title='bbox 2811 3985 3129 4057; x_wconf 89' lang='lat' dir='ltr'>aliquando</span> <span class='ocrx_word' id='word_1_650' title='bbox 3161 3986 3360 4059; x_wconf 84' lang='lat' dir='ltr'>finem,</span> <span class='ocrx_word' id='word_1_651' title='bbox 3393 3991 3450 4044; x_wconf 89' lang='lat' dir='ltr'>et</span> <span class='ocrx_word' id='word_1_652' title='bbox 3487 4002 3617 4045; x_wconf 89' lang='lat' dir='ltr'>esse</span> <span class='ocrx_word' id='word_1_653' title='bbox 3663 4004 3799 4044; x_wconf 90' lang='lat' dir='ltr'>ces-</span> 
     </span>
    </p>
   </div>
   <div class='ocr_carea' id='block_1_87' title="bbox 2149 4074 3798 4147">
    <p class='ocr_par' dir='ltr' id='par_1_87' title="bbox 2149 4074 3798 4147">
     <span class='ocr_line' id='line_1_87' title="bbox 2149 4074 3798 4147; baseline 0.005 -21"><span class='ocrx_word' id='word_1_654' title='bbox 2149 4074 2321 4127; x_wconf 82' lang='lat' dir='ltr'>saret.</span> <span class='ocrx_word' id='word_1_655' title='bbox 2354 4076 2521 4128; x_wconf 90' lang='lat' dir='ltr'>Nunc</span> <span class='ocrx_word' id='word_1_656' title='bbox 2549 4089 2682 4129; x_wconf 90' lang='lat' dir='ltr'>vero</span> <span class='ocrx_word' id='word_1_657' title='bbox 2710 4090 2843 4129; x_wconf 90' lang='lat' dir='ltr'>cum</span> <span class='ocrx_word' id='word_1_658' title='bbox 2876 4074 3069 4131; x_wconf 89' lang='lat' dir='ltr'>brevis</span> <span class='ocrx_word' id='word_1_659' title='bbox 3114 4075 3192 4131; x_wconf 89' lang='lat' dir='ltr'>sit</span> <span class='ocrx_word' id='word_1_660' title='bbox 3233 4093 3347 4132; x_wconf 90' lang='lat' dir='ltr'>non</span> <span class='ocrx_word' id='word_1_661' title='bbox 3398 4081 3521 4133; x_wconf 87' lang='lat' dir='ltr'>tam</span> <span class='ocrx_word' id='word_1_662' title='bbox 3572 4075 3798 4147; x_wconf 69' lang='lat' dir='ltr'>laetitia,</span> 
     </span>
    </p>
   </div>
   <div class='ocr_carea' id='block_1_88' title="bbox 2149 4160 3800 4238">
    <p class='ocr_par' dir='ltr' id='par_1_88' title="bbox 2149 4160 3800 4238">
     <span class='ocr_line' id='line_1_88' title="bbox 2149 4160 3800 4238; baseline 0.005 -24"><span class='ocrx_word' id='word_1_663' title='bbox 2149 4177 2327 4231; x_wconf 91' lang='lat' dir='ltr'>quam</span> <span class='ocrx_word' id='word_1_664' title='bbox 2350 4160 2649 4217; x_wconf 88' lang='lat' dir='ltr'>tribulatio</span> <span class='ocrx_word' id='word_1_665' title='bbox 2672 4163 3182 4236; x_wconf 88' lang='lat' dir='ltr'>nuptiarum,quid</span> <span class='ocrx_word' id='word_1_666' title='bbox 3209 4164 3533 4238; x_wconf 88' lang='lat' dir='ltr'>accipimus</span> <span class='ocrx_word' id='word_1_667' title='bbox 3562 4182 3800 4236; x_wconf 80' lang='lat' dir='ltr'>uxores,</span> 
     </span>
    </p>
   </div>
   <div class='ocr_carea' id='block_1_89' title="bbox 2149 4251 3804 4328">
    <p class='ocr_par' dir='ltr' id='par_1_89' title="bbox 2149 4251 3804 4328">
     <span class='ocr_line' id='line_1_89' title="bbox 2149 4251 3804 4328; baseline 0.005 -24"><span class='ocrx_word' id='word_1_668' title='bbox 2149 4265 2296 4320; x_wconf 89' lang='lat' dir='ltr'>quas</span> <span class='ocrx_word' id='word_1_669' title='bbox 2326 4266 2605 4322; x_wconf 91' lang='lat' dir='ltr'>cogemur</span> <span class='ocrx_word' id='word_1_670' title='bbox 2633 4251 2746 4306; x_wconf 90' lang='lat' dir='ltr'>cito</span> <span class='ocrx_word' id='word_1_671' title='bbox 2793 4251 3102 4308; x_wconf 83' lang='lat' dir='ltr'>amittere?</span> <span class='ocrx_word' id='word_1_672' title='bbox 3129 4254 3193 4309; x_wconf 88' lang='lat' dir='ltr'>Et</span> <span class='ocrx_word' id='word_1_673' title='bbox 3239 4256 3336 4326; x_wconf 88' lang='lat' dir='ltr'>qui</span> <span class='ocrx_word' id='word_1_674' title='bbox 3380 4256 3533 4325; x_wconf 80' lang='lat' dir='ltr'>ﬂent,</span> <span class='ocrx_word' id='word_1_675' title='bbox 3582 4255 3804 4328; x_wconf 88' lang='lat' dir='ltr'>inquit,</span> 
     </span>
    </p>
   </div>
   <div class='ocr_carea' id='block_1_90' title="bbox 2147 4338 3806 4412">
    <p class='ocr_par' dir='ltr' id='par_1_90' title="bbox 2147 4338 3806 4412">
     <span class='ocr_line' id='line_1_90' title="bbox 2147 4338 3806 4412; baseline 0.004 -19"><span class='ocrx_word' id='word_1_676' title='bbox 2147 4343 2200 4393; x_wconf 86' lang='lat' dir='ltr'>et</span> <span class='ocrx_word' id='word_1_677' title='bbox 2227 4338 2483 4409; x_wconf 84' lang='lat' dir='ltr'>gaudent,</span> <span class='ocrx_word' id='word_1_678' title='bbox 2530 4342 2581 4395; x_wconf 89' lang='lat' dir='ltr'>et</span> <span class='ocrx_word' id='word_1_679' title='bbox 2634 4344 2841 4408; x_wconf 88' lang='lat' dir='ltr'>emunt,</span> <span class='ocrx_word' id='word_1_680' title='bbox 2893 4350 2945 4396; x_wconf 90' lang='lat' dir='ltr'>et</span> <span class='ocrx_word' id='word_1_681' title='bbox 3000 4349 3231 4397; x_wconf 85' lang='lat' dir='ltr'>utuntur</span> <span class='ocrx_word' id='word_1_682' title='bbox 3285 4343 3384 4398; x_wconf 90' lang='lat' dir='ltr'>hoc</span> <span class='ocrx_word' id='word_1_683' title='bbox 3439 4341 3663 4412; x_wconf 82' lang='lat' dir='ltr'>mundo,</span> <span class='ocrx_word' id='word_1_684' title='bbox 3720 4345 3806 4400; x_wconf 80' lang='lat' dir='ltr'>sic</span> 
     </span>
    </p>
   </div>
   <div class='ocr_carea' id='block_1_91' title="bbox 2146 4429 3803 4500">
    <p class='ocr_par' dir='ltr' id='par_1_91' title="bbox 2146 4429 3803 4500">
     <span class='ocr_line' id='line_1_91' title="bbox 2146 4429 3803 4500; baseline 0.004 -19"><span class='ocrx_word' id='word_1_685' title='bbox 2146 4430 2259 4483; x_wconf 85' lang='lat' dir='ltr'>sint</span> <span class='ocrx_word' id='word_1_686' title='bbox 2313 4430 2476 4500; x_wconf 89' lang='lat' dir='ltr'>quasi</span> <span class='ocrx_word' id='word_1_687' title='bbox 2530 4444 2641 4484; x_wconf 89' lang='lat' dir='ltr'>non</span> <span class='ocrx_word' id='word_1_688' title='bbox 2696 4432 2883 4499; x_wconf 86' lang='lat' dir='ltr'>ﬂeant,</span> <span class='ocrx_word' id='word_1_689' title='bbox 2942 4429 3234 4499; x_wconf 86' lang='lat' dir='ltr'>gaudeant,</span> <span class='ocrx_word' id='word_1_690' title='bbox 3301 4438 3505 4500; x_wconf 87' lang='lat' dir='ltr'>emant,</span> <span class='ocrx_word' id='word_1_691' title='bbox 3564 4435 3803 4488; x_wconf 84' lang='lat' dir='ltr'>utantur</span> 
     </span>
    </p>
   </div>
   <div class='ocr_carea' id='block_1_92' title="bbox 391 4516 3800 4593">
    <p class='ocr_par' dir='ltr' id='par_1_92' title="bbox 391 4516 3800 4593">
     <span class='ocr_line' id='line_1_92' title="bbox 391 4516 3800 4593; baseline 0 -16"><span class='ocrx_word' id='word_1_692' title='bbox 391 4522 570 4577; x_wconf 87' lang='lat' dir='ltr'>redde</span> <span class='ocrx_word' id='word_1_693' title='bbox 601 4521 744 4577; x_wconf 85' lang='lat' dir='ltr'>mihi</span> <span class='ocrx_word' id='word_1_694' title='bbox 777 4536 998 4587; x_wconf 90' lang='lat' dir='ltr'>meum,</span> <span class='ocrx_word' id='word_1_695' title='bbox 1029 4523 1086 4574; x_wconf 93' lang='lat' dir='ltr'>et</span> <span class='ocrx_word' id='word_1_696' title='bbox 1108 4522 1278 4572; x_wconf 91' lang='lat' dir='ltr'>tuum</span> <span class='ocrx_word' id='word_1_697' title='bbox 1325 4522 1479 4572; x_wconf 87' lang='lat' dir='ltr'>tene.</span> <span class='ocrx_word' id='word_1_698' title='bbox 1528 4517 1587 4573; x_wconf 91' lang='lat' dir='ltr'>Si</span> <span class='ocrx_word' id='word_1_699' title='bbox 1637 4516 1911 4591; x_wconf 87' lang='lat' dir='ltr'>alligatus</span> <span class='ocrx_word' id='word_1_700' title='bbox 1977 4535 2040 4576; x_wconf 90' lang='lat' dir='ltr'>es</span> <span class='ocrx_word' id='word_1_701' title='bbox 2071 4520 2118 4585; x_wconf 89' lang='lat' dir='ltr'><strong>D</strong></span> <span class='ocrx_word' id='word_1_702' title='bbox 2150 4518 2246 4573; x_wconf 90' lang='lat' dir='ltr'>hoc</span> <span class='ocrx_word' id='word_1_703' title='bbox 2273 4516 2497 4573; x_wconf 85' lang='lat' dir='ltr'>mundo:</span> <span class='ocrx_word' id='word_1_704' title='bbox 2514 4522 2771 4589; x_wconf 67' lang='lat' dir='ltr'>prazterzt</span> <span class='ocrx_word' id='word_1_705' title='bbox 2801 4519 2946 4574; x_wconf 87' lang='lat' dir='ltr'>enim</span> <span class='ocrx_word' id='word_1_706' title='bbox 2973 4519 3153 4590; x_wconf 83' lang='lat' dir='ltr'>ﬁgura</span> <span class='ocrx_word' id='word_1_707' title='bbox 3181 4520 3345 4591; x_wconf 86' lang='lat' dir='ltr'>hujus</span> <span class='ocrx_word' id='word_1_708' title='bbox 3372 4520 3571 4576; x_wconf 84' lang='lat' dir='ltr'>mundi</span> <span class='ocrx_word' id='word_1_709' title='bbox 3597 4522 3645 4593; x_wconf 87' lang='grc' dir='ltr'>(ι</span> <span class='ocrx_word' id='word_1_710' title='bbox 3672 4520 3800 4577; x_wconf 83' lang='lat' dir='ltr'>Cor.</span> 
     </span>
    </p>
   </div>
   <div class='ocr_carea' id='block_1_93' title="bbox 394 4605 2043 4679">
    <p class='ocr_par' dir='ltr' id='par_1_93' title="bbox 394 4605 2043 4679">
     <span class='ocr_line' id='line_1_93' title="bbox 394 4605 2043 4679; baseline -0.001 -13"><span class='ocrx_word' id='word_1_711' title='bbox 394 4609 581 4676; x_wconf 85' lang='lat' dir='ltr'>uxori,</span> <span class='ocrx_word' id='word_1_712' title='bbox 615 4625 688 4665; x_wconf 91' lang='lat' dir='ltr'>ne</span> <span class='ocrx_word' id='word_1_713' title='bbox 737 4607 820 4662; x_wconf 91' lang='lat' dir='ltr'>illi</span> <span class='ocrx_word' id='word_1_714' title='bbox 866 4609 970 4663; x_wconf 92' lang='lat' dir='ltr'>des</span> <span class='ocrx_word' id='word_1_715' title='bbox 1019 4606 1352 4679; x_wconf 88' lang='lat' dir='ltr'>repudium.</span> <span class='ocrx_word' id='word_1_716' title='bbox 1406 4607 1465 4661; x_wconf 90' lang='lat' dir='ltr'>Si</span> <span class='ocrx_word' id='word_1_717' title='bbox 1516 4605 1745 4662; x_wconf 89' lang='lat' dir='ltr'>solutus</span> <span class='ocrx_word' id='word_1_718' title='bbox 1789 4623 1921 4663; x_wconf 91' lang='lat' dir='ltr'>sum</span> <span class='ocrx_word' id='word_1_719' title='bbox 1970 4608 2043 4664; x_wconf 85' lang='lat' dir='ltr'>ab</span> 
     </span>
    </p>
   </div>
   <div class='ocr_carea' id='block_1_94' title="bbox 2151 4606 3803 4680">
    <p class='ocr_par' dir='ltr' id='par_1_94' title="bbox 2151 4606 3803 4680">
     <span class='ocr_line' id='line_1_94' title="bbox 2151 4606 3803 4680; baseline 0.002 -19"><span class='ocrx_word' id='word_1_720' title='bbox 2151 4624 2253 4675; x_wconf 82' lang='lat' dir='ltr'>vn,</span> <span class='ocrx_word' id='word_1_721' title='bbox 2286 4607 2354 4661; x_wconf 89' lang='lat'>30</span> <span class='ocrx_word' id='word_1_722' title='bbox 2383 4606 2637 4678; x_wconf 86' lang='lat' dir='ltr'>seqq.).Si</span> <span class='ocrx_word' id='word_1_723' title='bbox 2668 4608 2928 4663; x_wconf 91' lang='lat' dir='ltr'>mundus</span> <span class='ocrx_word' id='word_1_724' title='bbox 2954 4608 3308 4680; x_wconf 89' lang='lat' dir='ltr'>transit,quo</span> <span class='ocrx_word' id='word_1_725' title='bbox 3340 4609 3613 4665; x_wconf 89' lang='lat' dir='ltr'>universa</span> <span class='ocrx_word' id='word_1_726' title='bbox 3641 4608 3803 4665; x_wconf 90' lang='lat' dir='ltr'>clau-</span> 
     </span>
    </p>
   </div>
   <div class='ocr_carea' id='block_1_95' title="bbox 398 4694 3799 4770">
    <p class='ocr_par' dir='ltr' id='par_1_95' title="bbox 398 4694 3799 4770">
     <span class='ocr_line' id='line_1_95' title="bbox 398 4694 3799 4770; baseline 0 -16"><span class='ocrx_word' id='word_1_727' title='bbox 398 4714 594 4766; x_wconf 83' lang='lat' dir='ltr'>uxorc,</span> <span class='ocrx_word' id='word_1_728' title='bbox 640 4714 755 4753; x_wconf 90' lang='lat' dir='ltr'>non</span> <span class='ocrx_word' id='word_1_729' title='bbox 799 4712 1057 4768; x_wconf 78' lang='lat' dir='ltr'>quaeram</span> <span class='ocrx_word' id='word_1_730' title='bbox 1107 4710 1366 4750; x_wconf 86' lang='lat' dir='ltr'>uxorem.</span> <span class='ocrx_word' id='word_1_731' title='bbox 1424 4694 1495 4750; x_wconf 89' lang='lat' dir='ltr'>Ut</span> <span class='ocrx_word' id='word_1_732' title='bbox 1550 4710 1655 4766; x_wconf 86' lang='lat' dir='ltr'>ego</span> <span class='ocrx_word' id='word_1_733' title='bbox 1706 4712 1821 4750; x_wconf 92' lang='lat' dir='ltr'>non</span> <span class='ocrx_word' id='word_1_734' title='bbox 1882 4696 2041 4754; x_wconf 91' lang='lat' dir='ltr'>solvo</span> <span class='ocrx_word' id='word_1_735' title='bbox 2149 4697 2405 4764; x_wconf 90' lang='lat' dir='ltr'>duntur;</span> <span class='ocrx_word' id='word_1_736' title='bbox 2439 4695 2556 4750; x_wconf 91' lang='lat' dir='ltr'>imo</span> <span class='ocrx_word' id='word_1_737' title='bbox 2586 4696 2776 4768; x_wconf 84' lang='lat' dir='ltr'>figura</span> <span class='ocrx_word' id='word_1_738' title='bbox 2815 4701 2873 4752; x_wconf 90' lang='lat' dir='ltr'>et</span> <span class='ocrx_word' id='word_1_739' title='bbox 2918 4696 3279 4753; x_wconf 85' lang='lat' dir='ltr'>conversatio</span> <span class='ocrx_word' id='word_1_740' title='bbox 3330 4697 3512 4770; x_wconf 81' lang='lat' dir='ltr'>hujus</span> <span class='ocrx_word' id='word_1_741' title='bbox 3561 4697 3799 4768; x_wconf 89' lang='lat' dir='ltr'>mundi,</span> 
     </span>
    </p>
   </div>
   <div class='ocr_carea' id='block_1_96' title="bbox 392 4783 3800 4877">
    <p class='ocr_par' dir='ltr' id='par_1_96' title="bbox 392 4783 3800 4877">
     <span class='ocr_line' id='line_1_96' title="bbox 392 4783 3800 4877; baseline -0.001 -31"><span class='ocrx_word' id='word_1_742' title='bbox 392 4786 687 4861; x_wconf 82' lang='lat' dir='ltr'>coniugia,</span> <span class='ocrx_word' id='word_1_743' title='bbox 739 4786 789 4843; x_wconf 92' lang='lat' dir='ltr'>si</span> <span class='ocrx_word' id='word_1_744' title='bbox 838 4784 1018 4841; x_wconf 91' lang='lat' dir='ltr'>semel</span> <span class='ocrx_word' id='word_1_745' title='bbox 1054 4784 1233 4856; x_wconf 89' lang='lat' dir='ltr'>ligata</span> <span class='ocrx_word' id='word_1_746' title='bbox 1279 4787 1456 4851; x_wconf 89' lang='lat' dir='ltr'>sunt;</span> <span class='ocrx_word' id='word_1_747' title='bbox 1489 4784 1568 4839; x_wconf 88' lang='lat' dir='ltr'>ila</span> <span class='ocrx_word' id='word_1_748' title='bbox 1606 4788 1668 4839; x_wconf 89' lang='lat' dir='ltr'>tu</span> <span class='ocrx_word' id='word_1_749' title='bbox 1722 4802 1836 4840; x_wconf 92' lang='lat' dir='ltr'>non</span> <span class='ocrx_word' id='word_1_750' title='bbox 1892 4785 2039 4859; x_wconf 88' lang='lat' dir='ltr'>liges</span> <span class='ocrx_word' id='word_1_751' title='bbox 2148 4785 2315 4858; x_wconf 91' lang='lat' dir='ltr'>quasi</span> <span class='ocrx_word' id='word_1_752' title='bbox 2348 4783 2535 4840; x_wconf 90' lang='lat' dir='ltr'>nubes</span> <span class='ocrx_word' id='word_1_753' title='bbox 2557 4784 2830 4856; x_wconf 60' lang='lat' dir='ltr'>praeterit,</span> <span class='ocrx_word' id='word_1_754' title='bbox 2881 4785 3033 4841; x_wconf 89' lang='lat' dir='ltr'>inter</span> <span class='ocrx_word' id='word_1_755' title='bbox 3070 4789 3280 4843; x_wconf 65' lang='lat' dir='ltr'>caetera</span> <span class='ocrx_word' id='word_1_756' title='bbox 3327 4787 3534 4865; x_wconf 85' lang='lat' dir='ltr'>mundi</span> <span class='ocrx_word' id='word_1_757' title='bbox 3591 4801 3800 4877; x_wconf 81' lang='lat' dir='ltr'>opera,</span> 
     </span>
    </p>
   </div>
   <div class='ocr_carea' id='block_1_97' title="bbox 384 4872 3803 4961">
    <p class='ocr_par' dir='ltr' id='par_1_97' title="bbox 384 4872 3803 4961">
     <span class='ocr_line' id='line_1_97' title="bbox 384 4872 3803 4961; baseline -0 -28"><span class='ocrx_word' id='word_1_758' title='bbox 384 4878 537 4951; x_wconf 91' lang='lat' dir='ltr'>quod</span> <span class='ocrx_word' id='word_1_759' title='bbox 580 4876 837 4933; x_wconf 90' lang='lat' dir='ltr'>solutum</span> <span class='ocrx_word' id='word_1_760' title='bbox 871 4878 978 4931; x_wconf 92' lang='lat' dir='ltr'>est.</span> <span class='ocrx_word' id='word_1_761' title='bbox 1003 4872 1308 4945; x_wconf 87' lang='lat' dir='ltr'>Simulque</span> <span class='ocrx_word' id='word_1_762' title='bbox 1328 4872 1723 4945; x_wconf 85' lang='lat' dir='ltr'>signiﬁcantia</span> <span class='ocrx_word' id='word_1_763' title='bbox 1769 4875 2036 4931; x_wconf 90' lang='lat' dir='ltr'>conside-</span> <span class='ocrx_word' id='word_1_764' title='bbox 2143 4879 2200 4930; x_wconf 90' lang='lat' dir='ltr'>et</span> <span class='ocrx_word' id='word_1_765' title='bbox 2230 4873 2443 4946; x_wconf 72' lang='lat' dir='ltr'>nuptiae</span> <span class='ocrx_word' id='word_1_766' title='bbox 2469 4874 2867 4945; x_wconf 69' lang='lat' dir='ltr'>praeteribunt.</span> <span class='ocrx_word' id='word_1_767' title='bbox 2901 4874 3102 4947; x_wconf 88' lang='lat' dir='ltr'>Neque</span> <span class='ocrx_word' id='word_1_768' title='bbox 3131 4876 3289 4931; x_wconf 90' lang='lat' dir='ltr'>enim</span> <span class='ocrx_word' id='word_1_769' title='bbox 3321 4880 3492 4932; x_wconf 91' lang='lat' dir='ltr'>erunt</span> <span class='ocrx_word' id='word_1_770' title='bbox 3518 4872 3653 4948; x_wconf 86' lang='lat' dir='ltr'>post</span> <span class='ocrx_word' id='word_1_771' title='bbox 3694 4892 3803 4961; x_wconf 79' lang='lat' dir='ltr'>re-</span> 
     </span>
    </p>
   </div>
   <div class='ocr_carea' id='block_1_98' title="bbox 382 4962 3803 5036">
    <p class='ocr_par' dir='ltr' id='par_1_98' title="bbox 382 4962 3803 5036">
     <span class='ocr_line' id='line_1_98' title="bbox 382 4962 3803 5036; baseline 0 -14"><span class='ocrx_word' id='word_1_772' title='bbox 382 4968 568 5023; x_wconf 89' lang='lat' dir='ltr'>randa</span> <span class='ocrx_word' id='word_1_773' title='bbox 597 4962 913 5024; x_wconf 83' lang='lat' dir='ltr'>verborum</span> <span class='ocrx_word' id='word_1_774' title='bbox 946 4967 1054 5021; x_wconf 91' lang='lat' dir='ltr'>est.</span> <span class='ocrx_word' id='word_1_775' title='bbox 1088 4962 1195 5030; x_wconf 90' lang='lat' dir='ltr'>Qui</span> <span class='ocrx_word' id='word_1_776' title='bbox 1222 4978 1462 5019; x_wconf 83' lang='lat' dir='ltr'>uxorem</span> <span class='ocrx_word' id='word_1_777' title='bbox 1494 4962 1689 5034; x_wconf 88' lang='lat' dir='ltr'>habet,</span> <span class='ocrx_word' id='word_1_778' title='bbox 1715 4966 1777 5019; x_wconf 89' lang='lat' dir='ltr'>ut</span> <span class='ocrx_word' id='word_1_779' title='bbox 1806 4964 2036 5020; x_wconf 91' lang='lat' dir='ltr'>debitor</span> <span class='ocrx_word' id='word_1_780' title='bbox 2142 4962 2563 5020; x_wconf 86' lang='lat' dir='ltr'>surrectionem</span> <span class='ocrx_word' id='word_1_781' title='bbox 2623 4963 2916 5036; x_wconf 77' lang='lat' dir='ltr'>conjugis.</span> <span class='ocrx_word' id='word_1_782' title='bbox 2971 4963 3029 5018; x_wconf 89' lang='lat' dir='ltr'>Si</span> <span class='ocrx_word' id='word_1_783' title='bbox 3083 4967 3279 5021; x_wconf 88' lang='lat' dir='ltr'>autem</span> <span class='ocrx_word' id='word_1_784' title='bbox 3326 4980 3485 5020; x_wconf 90' lang='lat' dir='ltr'>mors</span> <span class='ocrx_word' id='word_1_785' title='bbox 3532 4963 3671 5020; x_wconf 81' lang='lat' dir='ltr'>finis</span> <span class='ocrx_word' id='word_1_786' title='bbox 3699 4969 3803 5022; x_wconf 84' lang='lat' dir='ltr'>est</span> 
     </span>
    </p>
   </div>
   <div class='ocr_carea' id='block_1_99' title="bbox 319 5052 3803 5126">
    <p class='ocr_par' dir='ltr' id='par_1_99' title="bbox 319 5052 3803 5126">
     <span class='ocr_line' id='line_1_99' title="bbox 319 5052 3803 5126; baseline -0 -16"><span class='ocrx_word' id='word_1_787' title='bbox 319 5082 323 5097; x_wconf 74' lang='grc' dir='ltr'>ι</span> <span class='ocrx_word' id='word_1_788' title='bbox 380 5056 616 5126; x_wconf 87' lang='lat' dir='ltr'>dicitur,</span> <span class='ocrx_word' id='word_1_789' title='bbox 647 5061 705 5111; x_wconf 90' lang='lat' dir='ltr'>ct</span> <span class='ocrx_word' id='word_1_790' title='bbox 730 5071 858 5111; x_wconf 89' lang='lat' dir='ltr'>esse</span> <span class='ocrx_word' id='word_1_791' title='bbox 888 5054 949 5109; x_wconf 91' lang='lat' dir='ltr'>in</span> <span class='ocrx_word' id='word_1_792' title='bbox 993 5052 1299 5126; x_wconf 68' lang='lat' dir='ltr'>praeputio,</span> <span class='ocrx_word' id='word_1_793' title='bbox 1346 5056 1403 5107; x_wconf 90' lang='lat' dir='ltr'>et</span> <span class='ocrx_word' id='word_1_794' title='bbox 1449 5069 1656 5108; x_wconf 91' lang='lat' dir='ltr'>servus</span> <span class='ocrx_word' id='word_1_795' title='bbox 1704 5053 1924 5122; x_wconf 91' lang='lat' dir='ltr'>uxoris,</span> <span class='ocrx_word' id='word_1_796' title='bbox 1974 5058 2033 5109; x_wconf 89' lang='lat' dir='ltr'>et</span> <span class='ocrx_word' id='word_1_797' title='bbox 2141 5052 2618 5126; x_wconf 89' lang='lat' dir='ltr'>nuptiarum,cur</span> <span class='ocrx_word' id='word_1_798' title='bbox 2638 5052 3043 5109; x_wconf 87' lang='lat' dir='ltr'>necessitatem</span> <span class='ocrx_word' id='word_1_799' title='bbox 3062 5052 3255 5109; x_wconf 91' lang='lat' dir='ltr'>nonin</span> <span class='ocrx_word' id='word_1_800' title='bbox 3277 5052 3639 5109; x_wconf 83' lang='lat' dir='ltr'>voluntatem</span> <span class='ocrx_word' id='word_1_801' title='bbox 3667 5069 3803 5109; x_wconf 85' lang='lat' dir='ltr'>ver-</span> 
     </span>
    </p>
   </div>
   <div class='ocr_carea' id='block_1_100' title="bbox 378 5140 3797 5217">
    <p class='ocr_par' dir='ltr' id='par_1_100' title="bbox 378 5140 3797 5217">
     <span class='ocr_line' id='line_1_100' title="bbox 378 5140 3797 5217; baseline 0 -18"><span class='ocrx_word' id='word_1_802' title='bbox 378 5145 532 5217; x_wconf 91' lang='lat' dir='ltr'>quod</span> <span class='ocrx_word' id='word_1_803' title='bbox 566 5144 856 5199; x_wconf 90' lang='lat' dir='ltr'>malorum</span> <span class='ocrx_word' id='word_1_804' title='bbox 889 5159 1190 5199; x_wconf 84' lang='lat' dir='ltr'>servorum</span> <span class='ocrx_word' id='word_1_805' title='bbox 1220 5145 1330 5208; x_wconf 91' lang='lat' dir='ltr'>est,</span> <span class='ocrx_word' id='word_1_806' title='bbox 1358 5142 1637 5211; x_wconf 88' lang='lat' dir='ltr'>alligatus.</span> <span class='ocrx_word' id='word_1_807' title='bbox 1673 5141 1781 5207; x_wconf 85' lang='lat' dir='ltr'>Qui</span> <span class='ocrx_word' id='word_1_808' title='bbox 1831 5146 2027 5198; x_wconf 88' lang='lat' dir='ltr'>autem</span> <span class='ocrx_word' id='word_1_809' title='bbox 2135 5142 2318 5198; x_wconf 89' lang='lat' dir='ltr'>timus</span> <span class='ocrx_word' id='word_1_810' title='bbox 2342 5142 2369 5195; x_wconf 80' lang='lat' dir='ltr'>‘l</span> <span class='ocrx_word' id='word_1_811' title='bbox 2400 5143 2470 5197; x_wconf 86' lang='lat' dir='ltr'>Et</span> <span class='ocrx_word' id='word_1_812' title='bbox 2499 5141 2654 5213; x_wconf 91' lang='lat' dir='ltr'>quod</span> <span class='ocrx_word' id='word_1_813' title='bbox 2686 5140 2881 5196; x_wconf 90' lang='lat' dir='ltr'>invitis</span> <span class='ocrx_word' id='word_1_814' title='bbox 2911 5142 3374 5215; x_wconf 85' lang='lat' dir='ltr'>extorquendum</span> <span class='ocrx_word' id='word_1_815' title='bbox 3401 5146 3511 5210; x_wconf 90' lang='lat' dir='ltr'>est,</span> <span class='ocrx_word' id='word_1_816' title='bbox 3536 5158 3641 5198; x_wconf 89' lang='lat' dir='ltr'>cur</span> <span class='ocrx_word' id='word_1_817' title='bbox 3669 5156 3797 5199; x_wconf 89' lang='lat' dir='ltr'>non</span> 
     </span>
    </p>
   </div>
   <div class='ocr_carea' id='block_1_101' title="bbox 375 5228 3788 5304">
    <p class='ocr_par' dir='ltr' id='par_1_101' title="bbox 375 5228 3788 5304">
     <span class='ocr_line' id='line_1_101' title="bbox 375 5228 3788 5304; baseline -0 -15"><span class='ocrx_word' id='word_1_818' title='bbox 375 5234 501 5290; x_wconf 91' lang='lat' dir='ltr'>sine</span> <span class='ocrx_word' id='word_1_819' title='bbox 533 5248 711 5288; x_wconf 83' lang='lat' dir='ltr'>uxore</span> <span class='ocrx_word' id='word_1_820' title='bbox 740 5236 849 5302; x_wconf 90' lang='lat' dir='ltr'>est,</span> <span class='ocrx_word' id='word_1_821' title='bbox 882 5232 1139 5303; x_wconf 89' lang='lat' dir='ltr'>primum</span> <span class='ocrx_word' id='word_1_822' title='bbox 1172 5230 1393 5287; x_wconf 90' lang='lat' dir='ltr'>nullius</span> <span class='ocrx_word' id='word_1_823' title='bbox 1425 5231 1651 5287; x_wconf 88' lang='lat' dir='ltr'>debitor</span> <span class='ocrx_word' id='word_1_824' title='bbox 1679 5235 1789 5300; x_wconf 86' lang='lat' dir='ltr'>est,</span> <span class='ocrx_word' id='word_1_825' title='bbox 1816 5230 2027 5288; x_wconf 87' lang='lat' dir='ltr'>deinde</span> <span class='ocrx_word' id='word_1_826' title='bbox 2136 5247 2238 5303; x_wconf 89' lang='lat' dir='ltr'>spe</span> <span class='ocrx_word' id='word_1_827' title='bbox 2268 5230 2644 5304; x_wconf 72' lang='lat' dir='ltr'>prmmiorum</span> <span class='ocrx_word' id='word_1_828' title='bbox 2675 5228 2975 5285; x_wconf 80' lang='lat' dir='ltr'>offerimus</span> <span class='ocrx_word' id='word_1_829' title='bbox 3001 5230 3118 5286; x_wconf 91' lang='lat' dir='ltr'>Deo</span> <span class='ocrx_word' id='word_1_830' title='bbox 3146 5229 3175 5285; x_wconf 76' lang='lat' dir='ltr'>‘l</span> <span class='ocrx_word' id='word_1_831' title='bbox 3203 5232 3303 5300; x_wconf 78' lang='lat' dir='ltr'>Qui</span> <span class='ocrx_word' id='word_1_832' title='bbox 3328 5232 3450 5287; x_wconf 83' lang='lat' dir='ltr'>sine</span> <span class='ocrx_word' id='word_1_833' title='bbox 3469 5246 3642 5287; x_wconf 74' lang='lat' dir='ltr'>uxore</span> <span class='ocrx_word' id='word_1_834' title='bbox 3695 5238 3788 5288; x_wconf 82' lang='lat' dir='ltr'>est</span> 
     </span>
    </p>
   </div>
   <div class='ocr_carea' id='block_1_102' title="bbox 448 5372 3797 5455">
    <p class='ocr_par' dir='ltr' id='par_1_102' title="bbox 448 5372 3797 5455">
     <span class='ocr_line' id='line_1_102' title="bbox 448 5372 3797 5455; baseline -0.001 -25"><span class='ocrx_word' id='word_1_835' title='bbox 448 5379 461 5411; x_wconf 78' lang='grc'>³</span> <span class='ocrx_word' id='word_1_836' title='bbox 497 5376 603 5455; x_wconf 81' lang='lat' dir='ltr'>Pro</span> <span class='ocrx_word' id='word_1_837' title='bbox 633 5373 970 5455; x_wconf 74' lang='lat' dir='ltr'>virginitate</span> <span class='ocrx_word' id='word_1_838' title='bbox 997 5372 1613 5455; x_wconf 34' lang='lat' dir='ltr'>lo‘cutumnfuisseﬂs.</span> <span class='ocrx_word' id='word_1_839' title='bbox 1664 5374 2022 5455; x_wconf 61' lang='lat' dir='ltr'>plementem</span> <span class='ocrx_word' id='word_1_840' title='bbox 2131 5376 2290 5455; x_wconf 80' lang='lat' dir='ltr'>dare,</span> <span class='ocrx_word' id='word_1_841' title='bbox 2322 5378 2450 5428; x_wconf 90' lang='lat' dir='ltr'>tum</span> <span class='ocrx_word' id='word_1_842' title='bbox 2482 5372 2669 5455; x_wconf 81' lang='lat' dir='ltr'>nostri</span> <span class='ocrx_word' id='word_1_843' title='bbox 2701 5372 2927 5455; x_wconf 73' lang='lat' dir='ltr'>codices</span> <span class='ocrx_word' id='word_1_844' title='bbox 2957 5372 3301 5455; x_wconf 67' lang='lat' dir='ltr'>docuerunt,</span> <span class='ocrx_word' id='word_1_845' title='bbox 3360 5376 3488 5455; x_wconf 79' lang='lat' dir='ltr'>tum</span> <span class='ocrx_word' id='word_1_846' title='bbox 3547 5372 3797 5455; x_wconf 63' lang='lat' dir='ltr'>Graecus</span> 
     </span>
    </p>
   </div>
   <div class='ocr_carea' id='block_1_103' title="bbox 373 5443 3797 5521">
    <p class='ocr_par' dir='ltr' id='par_1_103' title="bbox 373 5443 3797 5521">
     <span class='ocr_line' id='line_1_103' title="bbox 373 5443 3797 5521; baseline -0.001 -17"><span class='ocrx_word' id='word_1_847' title='bbox 373 5465 476 5521; x_wconf 90' lang='lat' dir='ltr'>per</span> <span class='ocrx_word' id='word_1_848' title='bbox 495 5443 771 5519; x_wconf 65' lang='lat' dir='ltr'>epistolas</span> <span class='ocrx_word' id='word_1_849' title='bbox 795 5449 1206 5521; x_wconf 90' lang='lat' dir='ltr'>suas_testatur</span> <span class='ocrx_word' id='word_1_850' title='bbox 1228 5444 1405 5521; x_wconf 78' lang='lat' dir='ltr'>etiam</span> <span class='ocrx_word' id='word_1_851' title='bbox 1432 5451 1484 5521; x_wconf 61' lang='lat' dir='ltr'>S.</span> <span class='ocrx_word' id='word_1_852' title='bbox 1513 5446 1877 5521; x_wconf 81' lang='lat' dir='ltr'>Epiphanius</span> <span class='ocrx_word' id='word_1_853' title='bbox 1900 5452 2023 5521; x_wconf 71' lang='lat' dir='ltr'>Hie-</span> <span class='ocrx_word' id='word_1_854' title='bbox 2131 5446 2490 5516; x_wconf 80' lang='lat' dir='ltr'>Latinasque</span> <span class='ocrx_word' id='word_1_855' title='bbox 2520 5448 2733 5521; x_wconf 77' lang='lat' dir='ltr'>textus.</span> <span class='ocrx_word' id='word_1_856' title='bbox 2768 5443 2895 5499; x_wconf 89' lang='lat' dir='ltr'>Alia</span> <span class='ocrx_word' id='word_1_857' title='bbox 2914 5446 3189 5521; x_wconf 67' lang='lat' dir='ltr'>quaedam</span> <span class='ocrx_word' id='word_1_858' title='bbox 3221 5444 3466 5502; x_wconf 87' lang='lat' dir='ltr'>minoris</span> <span class='ocrx_word' id='word_1_859' title='bbox 3496 5444 3797 5501; x_wconf 82' lang='lat' dir='ltr'>momenti</span> 
     </span>
    </p>
   </div>
   <div class='ocr_carea' id='block_1_104' title="bbox 370 5515 3130 5625">
    <p class='ocr_par' dir='ltr' id='par_1_104' title="bbox 370 5515 3130 5625">
     <span class='ocr_line' id='line_1_104' title="bbox 370 5515 3130 5625; baseline -0.002 -48"><span class='ocrx_word' id='word_1_860' title='bbox 370 5515 483 5576; x_wconf 75' lang='lat' dir='ltr'>res.</span> <span class='ocrx_word' id='word_1_861' title='bbox 518 5515 609 5586; x_wconf 87' lang='lat'>30,</span> <span class='ocrx_word' id='word_1_862' title='bbox 640 5536 688 5573; x_wconf 94' lang='lat' dir='ltr'>c.</span> <span class='ocrx_word' id='word_1_863' title='bbox 724 5536 813 5583; x_wconf 79' lang='lat' dir='ltr'>xv,</span> <span class='ocrx_word' id='word_1_864' title='bbox 847 5522 903 5572; x_wconf 88' lang='lat' dir='ltr'>et</span> <span class='ocrx_word' id='word_1_865' title='bbox 934 5516 1097 5572; x_wconf 91' lang='lat' dir='ltr'>locus</span> <span class='ocrx_word' id='word_1_866' title='bbox 1142 5515 1381 5586; x_wconf 88' lang='lat' dir='ltr'>quidem</span> <span class='ocrx_word' id='word_1_867' title='bbox 1431 5515 1720 5587; x_wconf 77' lang='lat' dir='ltr'>ejusmodi</span> <span class='ocrx_word' id='word_1_868' title='bbox 1769 5520 2022 5577; x_wconf 90' lang='lat' dir='ltr'>occurrit</span> <span class='ocrx_word' id='word_1_869' title='bbox 2128 5534 2308 5625; x_wconf 71' lang='lat' dir='ltr'>supra</span> <span class='ocrx_word' id='word_1_870' title='bbox 2336 5515 2514 5589; x_wconf 80' lang='lat' dir='ltr'>atque</span> <span class='ocrx_word' id='word_1_871' title='bbox 2544 5515 2697 5598; x_wconf 77' lang='lat' dir='ltr'>infra</span> <span class='ocrx_word' id='word_1_872' title='bbox 2727 5515 3130 5601; x_wconf 81' lang='lat' dir='ltr'>emendamus.</span> 
     </span>
     <span class='ocr_line' id='line_1_105' title="bbox 373 5587 3130 5625; baseline 0 0"><span class='ocrx_word' id='word_1_873' title='bbox 373 5593 430 5625; x_wconf 70' lang='grc' dir='ltr'>ἷη</span> <span class='ocrx_word' id='word_1_874' title='bbox 466 5590 638 5625; x_wconf 71' lang='lat' dir='ltr'>nninni</span> <span class='ocrx_word' id='word_1_875' title='bbox 674 5607 777 5625; x_wconf 77' lang='lat' dir='ltr'>mm</span> <span class='ocrx_word' id='word_1_876' title='bbox 814 5591 881 5625; x_wconf 62' lang='lat' dir='ltr'>nr]</span> <span class='ocrx_word' id='word_1_877' title='bbox 919 5587 1250 5625; x_wconf 68' lang='lat' dir='ltr'>{‘nninihinc</span> <span class='ocrx_word' id='word_1_878' title='bbox 2246 5588 2603 5625; x_wconf 67' lang='lat' dir='ltr'>Vannnnnnlu</span> <span class='ocrx_word' id='word_1_879' title='bbox 2657 5590 2721 5625; x_wconf 62' lang='lat' dir='ltr'>nl</span> <span class='ocrx_word' id='word_1_880' title='bbox 2746 5591 2799 5625; x_wconf 65' lang='lat' dir='ltr'>nl</span> <span class='ocrx_word' id='word_1_881' title='bbox 2823 5604 2916 5625; x_wconf 66' lang='lat' dir='ltr'>non</span> <span class='ocrx_word' id='word_1_882' title='bbox 2969 5587 3130 5625; x_wconf 65' lang='grc' dir='ltr'>ΙιηΙιοκ</span> 
     </span>
    </p>
   </div>
   <div class='ocr_carea' id='block_1_105' title="bbox 372 5585 3782 5664">
    <p class='ocr_par' dir='ltr' id='par_1_105' title="bbox 372 5585 3782 5664">
     <span class='ocr_line' id='line_1_106' title="bbox 372 5585 3782 5664; baseline -0.001 -14"><span class='ocrx_word' id='word_1_883' title='bbox 372 5593 433 5650; x_wconf 88' lang='lat' dir='ltr'>in</span> <span class='ocrx_word' id='word_1_884' title='bbox 466 5590 641 5664; x_wconf 88' lang='lat' dir='ltr'>priori</span> <span class='ocrx_word' id='word_1_885' title='bbox 674 5607 784 5664; x_wconf 81' lang='lat' dir='ltr'>sua</span> <span class='ocrx_word' id='word_1_886' title='bbox 806 5591 885 5664; x_wconf 78' lang='lat' dir='ltr'>ad</span> <span class='ocrx_word' id='word_1_887' title='bbox 919 5585 1270 5664; x_wconf 79' lang='lat' dir='ltr'>Corinthios.</span> <span class='ocrx_word' id='word_1_888' title='bbox 1458 5585 1474 5587; x_wconf 67' lang='grc'>⁷</span> <span class='ocrx_word' id='word_1_889' title='bbox 1593 5661 1607 5664; x_wconf 86' lang='lat'>_</span> <span class='ocrx_word' id='word_1_890' title='bbox 2196 5585 2221 5625; x_wconf 74' lang='grc'><strong><em>⁸</em></strong></span> <span class='ocrx_word' id='word_1_891' title='bbox 2246 5585 2625 5658; x_wconf 79' lang='lat' dir='ltr'>Veronensis,</span> <span class='ocrx_word' id='word_1_892' title='bbox 2657 5590 2721 5647; x_wconf 89' lang='lat' dir='ltr'>ut</span> <span class='ocrx_word' id='word_1_893' title='bbox 2745 5591 2799 5644; x_wconf 87' lang='lat' dir='ltr'>et</span> <span class='ocrx_word' id='word_1_894' title='bbox 2823 5589 2921 5664; x_wconf 81' lang='lat' dir='ltr'>qui</span> <span class='ocrx_word' id='word_1_895' title='bbox 2966 5587 3186 5646; x_wconf 83' lang='lat' dir='ltr'>habent.</span> <span class='ocrx_word' id='word_1_896' title='bbox 3231 5587 3436 5662; x_wconf 63' lang='lat' dir='ltr'>Graia,</span> <span class='ocrx_word' id='word_1_897' title='bbox 3466 5585 3554 5645; x_wconf 75' lang='grc' dir='ltr'>ἵνα</span> <span class='ocrx_word' id='word_1_898' title='bbox 3579 5586 3671 5646; x_wconf 76' lang='grc' dir='ltr'>καὶ</span> <span class='ocrx_word' id='word_1_899' title='bbox 3700 5586 3782 5646; x_wconf 81' lang='lat' dir='ltr'>oi.</span> 
     </span>
    </p>
   </div>
   <div class='ocr_carea' id='block_1_106' title="bbox 438 5660 2017 5743">
    <p class='ocr_par' dir='ltr' id='par_1_106' title="bbox 438 5660 2017 5743">
     <span class='ocr_line' id='line_1_107' title="bbox 438 5660 2017 5743; baseline 0.001 -22"><span class='ocrx_word' id='word_1_900' title='bbox 438 5660 769 5743; x_wconf 52' lang='lat' dir='ltr'>flmpressi</span> <span class='ocrx_word' id='word_1_901' title='bbox 798 5662 898 5722; x_wconf 85' lang='lat' dir='ltr'>hoc</span> <span class='ocrx_word' id='word_1_902' title='bbox 925 5676 1059 5739; x_wconf 83' lang='lat' dir='ltr'>opus</span> <span class='ocrx_word' id='word_1_903' title='bbox 1087 5660 1309 5729; x_wconf 86' lang='lat' dir='ltr'>bonum,</span> <span class='ocrx_word' id='word_1_904' title='bbox 1342 5664 1452 5718; x_wconf 88' lang='lat' dir='ltr'>etc.</span> <span class='ocrx_word' id='word_1_905' title='bbox 1463 5702 1477 5733; x_wconf 89' lang='lat'>,</span> <span class='ocrx_word' id='word_1_906' title='bbox 1509 5661 1612 5719; x_wconf 85' lang='lat' dir='ltr'>sed</span> <span class='ocrx_word' id='word_1_907' title='bbox 1642 5676 1776 5736; x_wconf 87' lang='lat' dir='ltr'>opus</span> <span class='ocrx_word' id='word_1_908' title='bbox 1803 5664 2017 5722; x_wconf 88' lang='lat' dir='ltr'>redun-</span> 
     </span>
    </p>
   </div>
  </div>
