4100 6156
320 256 433 330 ω

1400 255 1819 331 ADVERSUS
1860 253 2354 327 JOVINIANUM
2392 256 2537 325 LIB.
2584 244 2641 325 Ῑῖ

3600 259 3725 328 242

320 399 585 458 sollicitus
607 397 689 456 est
717 413 837 473 quas
864 396 1085 456 Domini
1107 405 1255 469 sunt,
1287 400 1547 473 quomodo
1592 400 1809 472 placeat
1837 398 1960 453 Deo.
1992 397 2049 464 Α
2078 411 2329 467 quarum
2385 411 2596 470 corpus
2653 395 2950 472 integrum
3008 392 3116 468 est,
3176 394 3374 460 anima
3424 406 3719 477 corrupta.

325 490 427 559 Qui
444 496 631 545 autem
650 506 776 545 cum
794 505 965 546 urere
986 489 1357 557 est,sollicitus
1376 493 1453 545 est
1474 504 1599 562 qua
1624 492 1755 545 sunt
1770 487 1965 543 mundi

320 577 823 653 quomodoplaceat
876 580 1062 645 uxori,
1117 581 1165 633 et
1212 579 1419 634 divisus
1467 580 1565 634 est.
1626 579 1965 633 Intueamur

318 684 589 724 curarum
609 666 879 739 virginis,
902 667 1212 738 maritique
1243 666 1399 724 200
1419 666 1751 723 distantias.
1782 664 1960 737 Virgo

318 756 586 821 Domino,
615 754 867 811 maritus
909 754 1076 811 uxori
1133 755 1360 827 placere
1412 755 1724 823 desiderat,
1782 758 1839 809 et
1896 756 1963 809 ut

317 845 489 901 uxori
518 843 755 917 placeat,
791 842 1083 899 sollicitus
1113 848 1203 899 est
1232 843 1303 899 de
1333 844 1427 899 his
1459 861 1586 917 quae
1619 847 1758 899 sunt
1786 859 1958 899 mun-

317 934 403 998 di,
434 950 557 1005 quae
585 949 721 987 cum
752 932 976 988 mundo
1000 932 1204 1004 utique
1232 933 1551 989 transitura
1572 937 1711 989 sunt
1744 951 1755 988 :
1789 934 1863 987 Et
1881 931 1961 987 di-

312 1024 459 1077 visus
485 1030 584 1089 est,
619 1021 679 1075 in
711 1021 930 1076 multas
969 1020 1190 1076 scilicet
1245 1020 1707 1077 sollicitudinum
1765 1025 1959 1094 partes

306 1111 803 1182 miseriarumque
862 1110 1200 1166 distractus.
1255 1110 1381 1166 Non
1438 1114 1527 1167 est
1592 1111 1773 1182 hujus
1849 1110 1959 1167 loci

306 1199 649 1272 nuptiarum
680 1198 986 1271 angustias
1014 1199 1364 1268 describere,
1397 1205 1453 1255 et
1509 1200 1676 1272 quasi
1709 1200 1767 1255 in
1800 1216 1956 1256 com-

305 1289 592 1345 munibus
620 1287 768 1344 locis
814 1288 1105 1344 rhetorico
1158 1288 1451 1345 exsultare
1510 1306 1799 1345 sermone.
1834 1288 1956 1345 Ple-

304 1377 437 1433 nius
469 1393 656 1449 super
683 1377 793 1432 hac
822 1393 883 1432 re
914 1380 1117 1433 contra
1145 1377 1498 1447 Helvidium,
1540 1383 1597 1434 et
1624 1379 1685 1433 in
1716 1395 1782 1435 eo
1809 1377 1957 1434 libro

304 1482 482 1536 quem
516 1466 588 1520 ad
621 1463 1007 1521 Eustochium
1038 1464 1270 1537 scripsi,
1317 1466 1573 1522 arbitror
1598 1466 1953 1522 absolutum.

302 1555 465 1610 Certe
497 1557 557 1610 et
585 1551 1010 1621 Tertullianus,
1034 1570 1169 1609 cum
1200 1553 1392 1610 adhuc
1412 1558 1567 1612 esset
1596 1555 1955 1626 adolescens,

302 1642 445 1698 lusit
471 1642 537 1698 in
567 1642 680 1698 hac
710 1642 956 1697 materia
990 1643 1028 1697 ¹.
1062 1643 1131 1697 Et
1167 1647 1486 1716 praeceptor
1544 1660 1710 1701 meus
1741 1644 1956 1717 Grego-

300 1733 422 1788 rius
443 1732 853 1788 Nazianzenus
874 1730 1271 1804 virginitatem
1292 1736 1350 1788 et
1370 1728 1608 1806 nuptias
1637 1733 1953 1801 disserens,

301 1821 521 1878 Graecis
565 1819 836 1877 versibus
894 1819 1225 1892 explicavit.
1284 1822 1451 1878 Nunc
1504 1822 1648 1878 illud
1706 1823 1957 1879 breviter

299 1910 615 1979 admoneo,
637 1909 698 1964 in
722 1908 942 1965 Latinis
969 1909 1271 1966 codicibus
1293 1910 1450 1966 hunc
1471 1910 1667 1967 locum
1687 1911 1769 1967 ita
1798 1910 1911 1985 legi
1937 1929 1950 1967 :

300 2000 503 2055 Divisa
529 2001 607 2053 est
632 2000 782 2069 virgo
813 2005 865 2053 et
890 1998 1096 2053 mulier
1113 1999 1153 2053 ².
1187 1999 1348 2064 Quod
1372 2015 1715 2073 quanquam
1746 2001 1955 2057 habeat

304 2103 497 2144 suum
526 2102 778 2155 sensum,
810 2090 868 2142 et
899 2103 932 2142 a
960 2102 1052 2142 me
1086 2102 1318 2160 quoque
1371 2104 1473 2160 pro
1506 2088 1787 2160 qualitate
1840 2088 1951 2145 loci

302 2175 394 2232 sic
424 2175 772 2231 edissertum
804 2175 902 2242 sit,
934 2179 1133 2231 tamen
1164 2192 1279 2231 non
1312 2181 1401 2232 est
1429 2176 1759 2248 apostolica:
1802 2177 1951 2233 veri-

294 2264 463 2321 tatis.
499 2263 800 2335 Siquidem
853 2263 1167 2336 Apostolus
1223 2264 1305 2321 ita
1361 2266 1616 2338 scripsit,
1653 2271 1718 2322 ut
1774 2284 1954 2339 supra

293 2352 718 2410 transtulimus
750 2370 763 2407 :
800 2352 1073 2408 Sollicitus
1103 2357 1183 2408 est
1228 2368 1354 2425 quae
1380 2358 1509 2409 sunt
1563 2356 1778 2423 mundi,
1814 2372 1951 2427 quo-

291 2442 456 2499 modo
481 2443 708 2515 placeat
730 2458 920 2509 uxori,
951 2446 1005 2498 et
1032 2441 1240 2497 divisus
1268 2451 1349 2499 est
1362 2461 1384 2505 ;
1415 2448 1473 2499 ct
1524 2444 1633 2499 hac
1666 2443 1954 2500 sententia

293 2532 561 2601 deﬁnita,
592 2530 1024 2602 transgreditur
1055 2531 1126 2586 ad
1158 2531 1411 2604 virgines
1466 2537 1522 2588 et
1564 2533 1949 2600 continentes,

294 2626 351 2677 et
379 2622 471 2677 ait
514 2637 530 2675 :
593 2620 794 2675 Mulier
847 2621 1099 2692 innupta,
1152 2624 1204 2675 et
1257 2636 1409 2691 virgo
1437 2622 1636 2693 cogitat
1679 2638 1797 2692 quae
1821 2625 1953 2677 sunt

292 2711 519 2766 Domini
550 2717 613 2765 ut
636 2711 709 2764 sit
732 2712 921 2764 sancta
966 2724 1194 2781 corpore
1220 2717 1271 2764 et
1315 2712 1537 2781 spiritu.
1571 2710 1696 2766 Non
1757 2710 1951 2767 omnis

291 2800 571 2872 innupta,
605 2802 665 2854 et
692 2797 855 2870 virgo
884 2801 991 2854 est.
1024 2798 1159 2862 Quas
1192 2801 1388 2853 autem
1420 2797 1604 2871 virgo,
1637 2800 1839 2871 utique
1895 2803 1953 2854 et

291 2887 553 2961 innupta
581 2891 693 2942 est.
739 2888 1089 2959 Quanquam
1137 2887 1210 2943 ob
1266 2887 1619 2960 elegantiam
1678 2888 1951 2943 dictionis

293 2977 560 3050 potuerit
585 2975 644 3031 id
686 2976 881 3047 ipsum
940 2974 1120 3032 altero
1178 2976 1353 3031 verbo
1405 2981 1686 3049 repetere,
1745 2978 1953 3033 mulier

293 3069 539 3138 innupta
558 3069 613 3122 et
638 3067 801 3138 virgo
820 3082 841 3126 ;
869 3064 959 3121 vel
986 3069 1140 3121 certe
1190 3065 1447 3122 detinere
1496 3065 1751 3123 voluisse
1810 3066 1951 3138 quid

2071 482 2183 538 Sed
2210 482 2313 540 illa
2339 484 2642 557 virginitas
2674 485 2867 542 hostia
2910 486 3123 543 Christi
3182 495 3304 557 est;
3338 492 3358 525 ³
3390 493 3559 563 cujus
3612 507 3719 547 nec

2071 574 2330 627 mentem
2360 572 2656 645 cogitatio,
2690 590 2794 631 nec
2851 592 3085 632 carnem
3141 576 3320 634 libido
3379 580 3715 638 maculavit.

2069 660 2112 715 E
2144 662 2455 730 contrario,
2486 679 2614 735 qua:
2655 669 2838 736 nupta
2894 670 3001 734 est,
3058 666 3272 739 cogitat
3319 685 3445 740 quae
3508 671 3713 726 mundi

2067 754 2211 805 sunt
2240 753 2532 822 quomodo
2565 754 2708 809 261
2750 754 2973 825 placeat
3018 755 3163 811 viro.
3220 757 3382 813 Sicut
3439 760 3540 829 qui
3572 777 3712 815 uxo-

2067 851 2192 893 rem
2225 837 2417 910 habet,
2443 839 2729 897 sollicitus
2760 847 2849 898 est
2870 860 2996 916 quae
3018 850 3157 902 sunt
3186 846 3715 918 mundi,quomodo

2067 924 2294 998 placeat
2323 927 2508 996 uxori,
2544 930 2627 986 sic
2660 936 2844 1004 nupta
2875 948 2966 989 res
3015 935 3220 991 mundi
3279 936 3517 1009 cogitat,
3571 954 3714 1009 quo-

2069 1015 2243 1071 modo
2273 1015 2498 1088 placeat
2526 1018 2668 1075 viro.
2701 1021 2819 1076 Nos
2851 1026 3047 1077 autem
3089 1041 3203 1079 non
3237 1041 3445 1081 sumus
3503 1026 3575 1082 de
3606 1026 3716 1082 hoc

2069 1104 2309 1160 mundo.
2344 1106 2444 1177 qui
2475 1106 2534 1161 in
2568 1106 2823 1180 maligno
2875 1110 3101 1182 positus
3155 1116 3263 1179 est,
3297 1115 3466 1185 cujus
3525 1114 3716 1188 ﬁgura

2066 1193 2345 1264 prmterit,
2377 1194 2448 1249 de
2477 1212 2592 1266 quo
2649 1197 2864 1253 dicitur
2911 1200 2982 1253 ad
3039 1200 3331 1272 apostolos
3365 1220 3377 1257 :
3409 1205 3473 1258 Si
3529 1208 3714 1260 essetis

2064 1280 2131 1336 de
2161 1281 2259 1337 hoc
2286 1284 2505 1351 mundo,
2539 1292 2751 1342 amaret
2801 1286 2911 1351 [ΑΙ.
2944 1292 3194 1360 amasset]
3249 1294 3435 1363 utique
3475 1294 3714 1349 mundus

2067 1372 2210 1443 quod
2238 1389 2403 1428 suum
2429 1379 2583 1429 errat
2632 1376 2809 1447 (Joan.
2861 1395 2954 1443 xv,
3023 1380 3130 1447 19).
3192 1385 3275 1435 Ac
3330 1399 3402 1437 ne
3462 1383 3703 1439 forsitan

2065 1464 2372 1531 putaretur
2401 1479 2551 1519 onus
2580 1465 2996 1536 gravissimum
3027 1467 3309 1524 castitatis
3376 1470 3711 1528 nolentibus

2066 1548 2386 1620 imponere,
2420 1552 2618 1608 statim
2642 1553 2842 1626 jungit
2870 1572 3080 1612 causas
3131 1558 3438 1625 suadendi,
3496 1566 3552 1615 et
3582 1562 3661 1615 ait
3694 1544 3713 1616 ε’

2065 1638 2172 1692 Hoc
2198 1646 2383 1694 autem
2412 1640 2482 1695 ad
2511 1642 2809 1698 utilitatem
2864 1650 3103 1700 vestram
3132 1646 3299 1703 dico:
3336 1665 3446 1704 non
3504 1659 3571 1706 ut
3629 1651 3711 1705 la-

2064 1742 2269 1797 queum
2284 1728 2440 1784 vobis
2462 1730 2714 1801 injiciam
2728 1733 2822 1787 sed
2842 1742 2899 1789 ut
2920 1733 2990 1789 ad
3007 1735 3070 1790 id
3089 1735 3108 1767 ‘
3129 1737 3283 1807 quod
3297 1738 3588 1794 honestum
3607 1745 3709 1795 est.

2062 1819 2120 1870 et
2144 1817 2359 1873 intente
2384 1818 2531 1891 facit
2555 1822 2771 1876 servire
2814 1823 3069 1891 Domino,
3102 1825 3302 1897 absque
3358 1828 3476 1883 ulla
3504 1828 3711 1884 distra-

2061 1906 2261 1963 ctione.
2285 1906 2703 1980 Proprietatem
2725 1910 2982 1966 Grzncam
3002 1913 3246 1970 Latinus
3267 1931 3459 1971 sermo
3483 1934 3596 1973 non
3614 1934 3711 1973 ex-

2061 1993 2239 2066 plicat
2262 2013 2274 2051 :
2310 1996 2526 2067 quibus
2557 1997 2714 2053 enim
2735 1999 2927 2055 verbis
2955 2000 3086 2071 quis
3108 2002 3295 2072 possit
3314 2004 3711 2079 edicere,[lpb:

2060 2081 2121 2135 τὸ
2182 2079 2459 2158 εὔσχημον
2513 2088 2534 2121 ⁵
2588 2086 2676 2139 καὶ
2735 2084 3090 2163 εὐπρόσεδρον
3147 2094 3225 2162 τῷ
3282 2091 3461 2167 Κυρίω
3522 2093 3707 2170 ἀπερι-

2062 2171 2361 2231 σπάστωςίῖ
2394 2173 2556 2230 Unde
2584 2180 2641 2230 et
2668 2174 2727 2229 in
2762 2177 2987 2233 Latinis
3042 2179 3364 2248 codicibus,
3398 2184 3469 2237 ob
3515 2187 3709 2240 trans-

2061 2258 2299 2316 lationis
2329 2261 2759 2331 difﬁcultatem,
2793 2265 2902 2320 hoc
2933 2265 3164 2336 penitus
3212 2285 3327 2323 non
3389 2270 3706 2327 invenitur.

2061 2348 2309 2404 Utamur
2329 2350 2509 2422 igitur
2528 2367 2595 2406 eo
2617 2352 2772 2424 quod
2796 2354 3229 2411 vertimus.Non
3256 2357 3508 2429 imponit
3537 2360 3707 2415 nobis

2058 2437 2372 2509 Apostolus
2398 2438 2695 2510 laqueum,
2730 2456 2836 2497 nec
2866 2442 3019 2514 cogit
3047 2459 3176 2499 esse
3206 2446 3361 2516 quod
3389 2447 3665 2505 nolumus
3691 2467 3705 2517 ;

2060 2526 2163 2582 sed
2192 2527 2400 2582 suadet
2429 2528 2585 2599 quod
2617 2527 2931 2585 honestum
2963 2534 3053 2587 est
3081 2536 3139 2587 et
3179 2533 3475 2603 decorum,
3527 2540 3583 2591 et
3612 2536 3708 2592 in-

2059 2618 2216 2670 tents
2247 2615 2385 2671 facit
2415 2617 2629 2672 servire
2660 2618 2906 2673 Damino
2965 2627 3017 2674 el
3067 2637 3299 2693 semper
3332 2638 3460 2680 esse
3492 2624 3707 2681 sollici-

2059 2708 2208 2771 tum,
2241 2707 2297 2760 et
2327 2710 2661 2778 exspectare
2693 2711 2953 2778 paratam
2984 2710 3006 2743 ⁶
3040 2710 3267 2766 Domini
3326 2712 3708 2788 voluntatem,

2061 2796 2125 2848 ut
2147 2809 2282 2848 eum
2313 2794 2454 2865 quid
2486 2794 2873 2867 imperaverit,
2907 2798 3076 2870 quasi
3107 2804 3382 2856 strenuus
3425 2806 3482 2857 et
3512 2820 3704 2860 arma-

2057 2886 2156 2939 tus
2181 2882 2352 2939 miles
2382 2884 2581 2939 statim
2630 2884 2874 2957 impleat
2910 2887 3065 2958 quod
3096 2894 3448 2961 praeceptum
3478 2896 3588 2961 est,
3649 2897 3710 2948 et

2060 2972 2171 3028 hoc
2200 2971 2373 3028 faciat
2402 2973 2529 3028 sine
2560 2972 2681 3028 ulla
2702 2974 3052 3031 distentione
3084 2976 3190 3046 [Αἱ.
3223 2977 3657 3052 distentatione]
3691 2998 3704 3035 :

2062 3076 2191 3133 qua;
2218 3062 2354 3117 data
2381 3067 2471 3117 est
2499 3063 2825 3119 secundum
2869 3064 3255 3122 Ecclesiasten
3308 3067 3451 3140 (cap.
3486 3072 3572 3139 In)
3602 3071 3707 3126 ho-

292 3160 455 3213 esset
482 3155 758 3226 innupta,
782 3154 843 3209 id
874 3159 982 3222 est,
1020 3154 1222 3228 virgo;
1256 3171 1329 3210 ne
1387 3155 1725 3212 meretrices
1780 3160 1948 3228 pute-
1981 3144 2025 3210 C
2062 3148 2324 3205 minibus
2355 3149 2535 3221 hujus
2566 3151 2793 3222 mundi,
2829 3157 2895 3208 ut
2922 3153 3335 3210 distendantur
3364 3156 3423 3211 in
3473 3175 3541 3214 ea
3569 3161 3610 3213 ⁷.
3645 3158 3705 3215 Si

292 3263 434 3302 mus
460 3245 770 3317 innuptas,
827 3242 977 3299 nulli
1007 3249 1161 3300 certo
1187 3244 1564 3300 matrimonio
1621 3244 1946 3317 copulatas.

290 3334 447 3400 Quid
477 3349 617 3407 ergo
647 3332 868 3405 cogitat
894 3331 1145 3405 innupta
1200 3336 1257 3387 et
1312 3331 1475 3405 virgo
1496 3334 1525 3387 ?
1557 3337 1694 3405 Quae
1728 3334 1954 3389 Domini

289 3428 452 3489 sunt,
481 3426 541 3477 ut
570 3424 641 3478 sit
667 3429 856 3478 sancta
896 3430 949 3477 et
1006 3437 1228 3493 corpore
1283 3425 1335 3476 et
1390 3424 1610 3494 spiritu.
1674 3426 1749 3477 Ut
1804 3421 1953 3477 nihil

297 3512 472 3568 aliud
514 3514 685 3577 esset,
740 3514 808 3567 ut
862 3508 1026 3565 nulla
1076 3526 1299 3566 merces
1358 3510 1645 3584 virginem
1706 3510 1956 3583 amplior

298 3601 670 3671 sequeretur,
699 3598 993 3655 sufﬁceret
1021 3597 1073 3655 ei
1118 3598 1240 3654 haec
1273 3598 1398 3655 sola
1454 3599 1733 3671 praelatio,
1783 3598 1954 3679 .cogi-

294 3694 588 3760 tarequae
608 3687 839 3744 Domini
871 3692 1030 3744 sunt.
1081 3687 1407 3760 Statimque
1465 3689 1634 3745 docet
1691 3705 1819 3761 quas
1879 3689 1958 3744 sit

292 3779 435 3852 ipsa
465 3776 761 3849 cogitatio,
800 3781 867 3833 ut
925 3775 1002 3833 sit
1056 3781 1260 3833 sancta
1313 3793 1553 3850 corpore
1608 3782 1666 3833 et
1723 3777 1955 3849 spiritu.
1998 3835 2023 3857 ,

291 3864 611 3925 Nonnullae
641 3865 858 3938 quippe
888 3869 1028 3923 sunt
1056 3866 1313 3939 virgines
1342 3882 1534 3934 carne,
1569 3883 1684 3923 non
1721 3867 1957 3939 spiritu,

380 4030 396 4062 ί
432 4026 661 4083 Iudicat
690 4025 939 4082 fortasse

303 4098 615 4171 scriptum,
665 4114 700 4152 a
748 4096 1104 4171 Ter-tulliano
1151 4098 1217 4171 in

2062 3241 2197 3309 quis
2228 3241 2423 3294 autem
2454 3240 2786 3295 considerat
2813 3240 3096 3314 virginem
3123 3260 3313 3311 suam,
3348 3245 3406 3300 id
3439 3250 3547 3314 est,
3579 3264 3706 3302 car-

2060 3343 2195 3383 nem
2221 3326 2509 3393 lascivire,
2541 3333 2596 3383 et
2624 3328 2869 3385 ebullire
2902 3331 2961 3386 in
3019 3331 3258 3387 libidem
3290 3333 3331 3399 3,
3364 3350 3470 3390 nec
3527 3336 3709 3391 refre—

2060 3432 2200 3472 nare
2230 3432 2293 3472 se
2323 3420 2515 3488 potest
2550 3435 2563 3471 :
2598 3417 2932 3503 duplex'que
2962 3420 3012 3475 ci
3040 3420 3330 3478 incumbit
3360 3425 3706 3493 necessitas,

2063 3508 2166 3561 aut
2195 3505 2543 3578 accipiendae
2575 3508 2864 3581 conjugis,
2919 3514 3021 3565 aut
3077 3513 3285 3567 ruendi
3317 3515 3370 3580 9;
3405 3514 3559 3585 quod
3590 3514 3716 3570 vult

2064 3594 2258 3661 faciat,
2292 3611 2407 3650 non
2440 3600 2658 3666 peccat,
2691 3596 2739 3652 si
2773 3598 2975 3653 nubat.
3036 3600 3250 3666 Faciat,
3307 3601 3521 3673 inquit,
3558 3602 3714 3673 quod

2063 3682 2210 3751 vult,
2239 3699 2356 3738 non
2379 3684 2535 3769 quod
2568 3685 2758 3740 debet.
2788 3686 2912 3741 Non
2935 3688 3212 3757 peccat,si
3242 3690 3404 3745 ducit
3426 3707 3662 3747 uxorem
3700 3710 3714 3759 ;

2068 3788 2183 3826 non
2214 3776 2410 3827 tamen
2441 3773 2586 3827 bene
2617 3774 2774 3841 facit,
2808 3774 2857 3829 si
2888 3775 3117 3831 duxerit
3150 3794 3162 3830 :
3195 3779 3335 3833 Nam
3386 3781 3482 3849 qui
3526 3782 3718 3835 statuit

2068 3863 2129 3915 in
2160 3860 2326 3916 corde
2350 3877 2452 3918 suo
2472 3861 2689 3930 ﬁrmus,
2712 3880 2828 3918 non
2843 3865 3051 3920 habens
3071 3869 3467 3937 necessitatem,
3486 3874 3723 3941 potesta-

995 4042 1202 4101 poema
1229 4024 1462 4101 aliquod
1496 4026 1567 4081 de
1614 4025 1963 4101 Virginitate
2072 4022 2222 4101 ejus,
2257 4037 2371 4076 non
2398 4036 2739 4101 expressam
2762 4023 2835 4101 ob
2857 4024 3263 4101 translationis
3287 4028 3717 4101 difﬁeulﬁtatem,

1353 4098 1668 4171 olescentia
1704 4093 1751 4166 ;”
1778 4113 1965 4171 neque
2074 4096 2298 4149 tantam
2330 4093 2576 4171 retineat
2599 4095 2770 4171 jugtu
2798 4096 2974 4151 ﬁdem
3005 4098 3269 4171 omnium
3299 4093 3719 4171 exemplarium

302 4163 471 4247 enim
497 4169 723 4247 lusisse
750 4168 1102 4247 dicipotest
1146 4169 1304 4247 in_eo
1330 4169 1481 4247 Lquiﬁ
1519 4163 1837 4226 Exhortatio
1869 4163 1967 4247 'ad
2076 4163 2635 4247 manuscriptorum:
2663 4165 2911 4247 Quoque

302 4245 623 4298 castitatem
653 4239 1013 4306 inscribitur,
1042 4246 1100 4296 et
1149 4240 1259 4313 sub
1289 4239 1417 4296 vitae
1448 4241 1625 4296 ﬁnem
1675 4241 1964 4313 composi-

304 4320 408 4370 tus
440 4317 552 4379 est,
584 4315 643 4367 et
664 4315 950 4384 praeterea
976 4313 1041 4366 de
1067 4312 1335 4368 molestiis
1373 4313 1696 4384 nuptiarum
1738 4312 1967 4384 expro-

3010 4169 3136 4239 ejus
3167 4175 3276 4234 est,
3308 4188 3422 4225 non
3469 4169 3721 4226 'monent

2994 4256 3023 4293 e
3082 4256 3208 4304 suo,
3260 4246 3316 4295 et
3360 4241 3725 4296 obtruderint

2076 4235 2374 4303 lectorem,
2409 4252 2534 4306 quae
2568 4235 2899 4291 addiderint

2080 4306 2265 4363 multa
2289 4307 2353 4393 in
2374 4308 3303 4393 contextum‘Hieronymianum,
3360 4310 3535 4393 nulla.
3560 4314 3728 4393 justa

302 4384 509 4464 posito
540 4378 759 4464 agebat
786 4384 1112 4464 teste,_ipso
1143 4378 1511 4464 Hieronymo.
1538 4383 1669 4438 Mox
1702 4378 1967 4438 additum
2078 4378 2425 4464 necessitate
2447 4385 2706 4464 cogente.
2732 4378 3000 4464 Notabile
3021 4398 3191 4453 porro
3212 4378 3725 4464 existi-mavuquod

302 4453 713 4514 Nazianzenus
744 4454 803 4509 in
834 4453 1025 4510 nullis
1046 4471 1191 4510 mss.
1224 4453 1574 4510 invenimus.

2079 4449 2333 4522 legimus
2359 4450 2418 4528 i_n
2450 4450 2646 4505 codice
2678 4449 3331 4528 nis._Sangermanensi,
3366 4449 3730 4528 iniquo-post

378 4530 403 4562 ³
436 4527 580 4583 Mss.
614 4530 681 4581 ut
710 4526 769 4580 in
802 4529 962 4581 textu
992 4525 1259 4593 habetur,
1294 4526 1499 4581 mulier
1525 4530 1575 4580 et
1606 4526 1773 4595 virgo.
1824 4525 1971 4579 Eum
2004 4512 2049 4576 Ι)
2080 4512 2279 4577 vocem
2310 4521 2546 4595 edicere,
2572 4524 2767 4595 posuit
2788 4512 3180 4580 Amanuensis
3212 4512 3373 4581 GRE.
3402 4512 3725 4595 Uiide,étc.,

303 4615 561 4657 sensum
581 4596 898 4654 edisseruit
916 4596 1019 4654 lib.
1042 4603 1245 4653 contra
1264 4595 1613 4662 Helvidium,
1641 4601 1700 4650 et
1720 4595 1779 4650 in
1797 4596 1970 4666 epist-

302 4672 405 4751 22Σ
439 4670 513 4751 ad
550 4667 952 4751 Eustochium,
999 4667 1365 4751 quammvide
1389 4739 1399 4749 .
1421 4683 1584 4749 num.
1644 4668 1736 4733 21,
1769 4672 1889 4751 n‘o‘t.
1922 4683 1969 4751 ε.

2079 4599 2144 4648 ut
2173 4593 2522 4666 ostenderet,
2559 4609 2661 4647 nec
2691 4594 2953 4666 legeret.
2988 4595 3186 4652 Caeteri
3244 4614 3449 4654 omnes
3499 4593 3728 4654 codices

2081 4664 2333 4739 retinent
2363 4665 2559 4720 omnia
2587 4664 3019 4735 verba—Graeca,
3080 4685 3205 4739 quae
3254 4686 3359 4725 nos
3410 4669 3726 4724 edidimus.

381 4744 409 4776 ⁸
440 4742 702 4797 Rursum
718 4736 1069 4796 Veronensis
1090 4744 1149 4795 et
1163 4738 1566 4795 Cisterciensis
1588 4755 1732 4793 mss.
1747 4739 1975 4793 addunt
2082 4736 2366 4793 MARTIAN.

308 4838 339 4864 ιι
374 4813 654 4868 Arduum
680 4815 739 4867 et
780 4810 1206 4883 humanitatem
1261 4808 1703 4883 transgrediens
1749 4826 1974 4883 praece-

307 4891 492 4972 ptum
521 4902 542 4964 _:
572 4899 711 4972 cum
725 4883 918 4972 jussio
940 4882 1005 4938 ﬁt
1024 4882 1328 4972 eviscerat,
1352 4881 1825 4972 implerantIenim
1838 4898 1976 4972 Lma-

301 4952 451 5031 jura
476 4954 707 5010 viribus
728 4952 813 5031 'etA
842 4954 950 5031 de”
970 4954 1142 5031 coepti
1174 4952 1523 5031 necessitate
1573 4952 1745 5031 solvit
1774 4952 1978 5031 _obno-

307 5025 509 5087 iium.
546 5047 575 5074 υ
606 5042 736 5097 quis
764 5028 823 5081 et
850 5025 1076 5097 vitiosa
1090 5026 1428 5097 trajectione
1448 5027 1714 5096 peccant,
1736 5027 1793 5077 et
1820 5039 1955 5095 pere

309 5100 563 5177 arietem
592 5112 831 5177 operam
863 5096 1150 5177 ερδιὶιεξριτ

2154 4805 2392 4883 —_M_ss.
2426 4805 2805 4883 veronenset
2831 4806 3166 4883 Cistercien.
3218 4826 3318 4883 pro
3370 4805 3727 4883 εὗπρὸσξδρον

2086 4881 2280 4949 aperte
2309 4876 2512 4952 legunt
2541 4880 3002 4952 ῌΥΙΙΑΡΕΔῼΟΝ,
3039 4896 3153 4933 non
3188 4876 3439 4952 diverso
3473 4876 3730 4952 'quidem

2086 4946 2285 5013 sensu,
2319 4946 2418 5003 se'd
2453 4946 2699 5002 lectione
2728 4947 2882 5002 haud
2914 4950 3261 5020 spernenda.

2158 5022 2179 5055 δ
2204 5024 2390 5074 Antea
2418 5022 2543 5073 erat
2560 5023 2843 5089 paratum,
2878 5020 3261 5076 renuentibus
3303 5039 3446 5078 mss.

2159 5093 2178 5125 ⁷
2212 5092 2425 5146 lterum
2450 5094 2505 5153 et
2536 5089 2659 5161 pari
2682 5106 2971 5145 consensu
2995 5092 3111 5146 duo
3132 5093 3359 5149 codices
3379 5094 3736 5150 Veronensis

390 5173 419 5205 ⁸
444 5161 803 5239 Veronensis
821 5168 915 5224 sed
943 5168 1013 5223 ad
1031 5168 1090 5224 id
1110 5168 1331 5239 absque
1351 5166 1595 5239 ut,ﬁquod
1619 5179 1723 5219 nec
1745 5162 1981 5239 (ulmeas
2090 5167 2146 5239 et
2164 5161 2568 5239 Cisterciensis
2589 5161 2844 5239 addunt:
2870 5183 2890 5209 οι
2909 5162 3392 5239 Ebulliredicitur
3410 5167 3571 5239 virgo
3592 5166 3735 5239 ΝΒ.

312 5245 527 5301 textus
559 5238 754 5295 habet.
787 5240 941 5295 Olim
970 5235 1293 5295 addebatur
1320 5238 1380 5293 in
1412 5235 1547 5303 fine,
1582 5253 1671 5291 vos
1700 5235 1978 5307 adhorter.

988 5330 1068 5366 ον.
1128 5302 1584 5381 Corruptissime
1640 5304 1864 5381 Erasm.
1927 5310 1985 5361 et
2091 5306 2246 5360 rium
2269 5302 2892 5381 carnalisappetentia:
2926 5306 3143 5361 fervore
3176 5310 3575 5375 menhrorum,
3616 5309 3741 5364 ani-

395 5309 596 5395 ⁸ῌρὸς
645 5310 707 5364 τὸ
765 5307 934 5386 εἰὶσχη

2092 5235 2154 5290 F.
2189 5234 2296 5301 (sic
2330 5234 2475 5287 forte
2500 5234 2725 5302 natura)
2749 5232 2803 5285 id
2838 5238 2925 5287 est
2954 5233 3025 5287 de
3045 5238 3368 5293 verecundo
3394 5256 3406 5293 :
3434 5232 3743 5293 in'deside-

395 5331 421 5349 '
446 5331 596 5385 Προς
645 5331 707 5364 το
765 5331 934 5386 ευσχη
988 5331 1068 5366 ον.
1128 5331 1584 5381 uorrupussune
1640 5331 1864 5362 Drualu.
1927 5331 1985 5361 UL
2092 5331 2246 5360 r1uu1
2269 5331 2522 5385 purumne
2547 5331 2892 5385 appetentius

313 5384 582 5445 Marian.
618 5398 779 5456 more
808 5399 916 5456 suo
940 5331 1098 5437 illunc
1130 5381 1325 5456 locum
1356 5380 1683 5436 ediderunt.
1718 5378 1982 5456 Primum
2095 5394 2202 5456 me:
2221 5392 2391 5456 vigor
2420 5379 2837 5456 exstinguitur.
2880 5398 2906 5423 ››

315 5456 614 5539 supplent
644 5453 704 5508 in
729 5453 973 5539 Latinis,
1004 5470 1094 5510 vos
1114 5453 1413 5539 ‘atlhortenr,
1444 5467 1571 5522 quae
1606 5449 1983 5539 non’leg'un-

317 5520 428 5588 tui-
446 5520 517 5583 in
549 5541 698 5580 mss.
728 5525 1065 5591 codicibus;
1098 5525 1311 5581 deinde
1340 5520 1603 5579 Graecum
1629 5520 1984 5577 versiculum

2164 5449 2184 5482 ⁸
2214 5447 2624 5501 Caeanatensis
2654 5463 2875 5501 carnem
2904 5447 3275 5505 lascivientem
3333 5452 3586 5517 ebullire,
3631 5453 3739 5505 etc.

2166 5521 2186 5553 θ
2215 5518 2525 5573 Obtinebat
2554 5522 2724 5593 antea
2755 5520 3074 5593 incongruo
3094 5538 3306 5593 sensu,
3338 5526 3432 5579 aut
3476 5536 3741 5593 spernen-

316 5604 525 5659 totum
556 5597 830 5664 recitant,
862 5610 997 5654 eum
1025 5589 1417 5669 Hieronymus
1460 5594 1731 5651 ultimam
1762 5597 1985 5664 partem
2095 5590 2178 5646 dcc
2209 5606 2312 5662 pro
2343 5592 2441 5644 aut
2462 5589 2661 5645 ruendi
2690 5589 3245 5661 quodre’Stituimus
3294 5589 3368 5650 ex
3407 5589 3741 5651 nostrorum
