4100 6156
359 204 481 274 243

1612 207 1678 274 S.
1722 208 1998 277 EUSEBI
2007 209 2031 273 Ι
2074 209 2518 280 HIEBONYMI

3645 211 3767 280 2M

356 346 467 403 tem
493 346 676 403 autem
704 342 909 403 habens
933 359 1052 403 suae
1083 344 1392 409 voluntatis,
1425 351 1476 401 et
1529 343 1627 401 hoc
1662 345 1877 417 judicat
1907 346 1922 378 ¹
1950 361 2010 399 in
2038 344 2095 409 Α
2123 345 2329 403 dentiae
2359 347 2534 405 librat
2561 350 2895 421 consilium,
2926 350 3008 408 ita
3063 349 3314 426 singulis
3356 347 3642 418 relaxans,
3703 352 3771 408 ut

357 435 520 490 corde
546 450 643 491 suo
669 451 889 491 servare
944 436 1217 503 virginem
1244 451 1422 500 suam,
1456 434 1589 489 bene
1644 436 1794 502 facit.
1828 435 2002 504 Igitur

356 528 411 579 et
430 527 526 596 qui
550 526 899 581 matrimonio
906 526 1095 596 jungit
1116 526 1387 596 virginem
1406 523 1727 588 suam,bene
1747 522 1920 595 facit;
1952 524 2001 576 et

356 615 456 685 qui
474 629 583 669 non
594 614 805 685 jungit,
823 615 1020 669 melius
1039 614 1174 684 facit
1199 615 1246 684 (Ι
1269 611 1389 668 Cor.
1414 630 1515 679 vn,
1535 613 1607 667 37
1616 611 2003 683 ,38).Signan-

355 706 445 758 ter
472 708 528 759 et
559 703 787 775 proprie
816 719 996 774 supra
1021 702 1266 769 dixerat,
1302 704 1407 770 Qui
1433 701 1584 758 ducit
1614 717 1859 768 uxorem,
1891 717 2003 755 non

352 796 586 863 peccat:
618 790 733 859 hic,
762 792 871 860 Qui
895 797 1073 846 servat
1100 792 1371 863 virginem
1425 807 1603 856 suam,
1648 791 1774 846 bene
1840 791 1999 855 facit.

357 879 529 934 Aliud
556 883 643 935 est
674 883 872 936 autem
904 881 1056 937 262
1090 897 1203 935 non
1234 896 1489 951 peccare,
1523 879 1680 935 aliud
1738 882 1828 934 est
1857 880 2004 934 bene

361 968 568 1024 facere.
602 970 850 1031 Declina,
885 969 1094 1040 inquit,
1126 985 1158 1023 a
1186 969 1354 1033 malo,
1382 977 1434 1024 et
1484 977 1574 1039 [ac
1606 969 1803 1023 bonum
1830 968 1999 1038 (Psal.

358 1075 547 1124 xxxv/1,
578 1060 690 1126 27).
726 1057 875 1113 Illud
906 1058 1294 1123 dcélinamus,
1329 1058 1438 1113 hoc
1469 1058 1791 1129 sequimur.
1826 1058 1890 1112 In
1920 1056 2003 1112 al-

357 1151 481 1202 tero
503 1147 777 1219 perfectio
807 1150 915 1203 est.
947 1147 1163 1203 Verum
1192 1163 1261 1202 ne
1294 1147 1352 1201 in
1402 1163 1469 1203 eo
1516 1147 1672 1217 quod
1733 1146 1896 1212 dixit,
1955 1154 2009 1201 et

355 1237 454 1307 qui
505 1236 858 1292 matrimonio
877 1238 1063 1309 jungit
1092 1238 1361 1307 virginem
1416 1252 1592 1302 suam,
1653 1235 1788 1291 bene
1846 1235 2002 1309 facit,

354 1323 648 1381 existimet
665 1324 882 1397 aliquis
902 1325 1366 1382 observationem
1391 1329 1651 1381 nostram
1675 1342 1788 1381 non
1816 1329 2004 1390 stare;

354 1412 624 1486 protinus
655 1413 764 1470 hoc
794 1414 990 1487 ipsum
1022 1415 1240 1470 bonum
1273 1417 1565 1478 extenuat,
1597 1414 1647 1469 ei
1689 1412 2008 1469 obumbrat

353 1503 791 1574 comparatione
822 1502 1100 1569 melioris,
1132 1508 1188 1559 et
1217 1503 1360 1559 dicit
1392 1521 1406 1559 :
1437 1504 1502 1559 Et
1542 1505 1637 1575 qui
1664 1518 1774 1558 non.
1817 1502 2007 1573 jungit

354 1593 555 1648 melius
610 1594 762 1663 facit.
822 1592 948 1648 Nisi
1008 1592 1279 1649 illaturus
1335 1598 1493 1649 esset
1585 1592 1686 1659 [Αἰ.

361 1769 471 1826 Ubi
497 1773 694 1826 autem
726 1771 947 1827 bonum
978 1776 1036 1827 et
1064 1770 1275 1827 melius
1326 1775 1434 1838 est,
1466 1770 1547 1825 ibi
1582 1770 1719 1826 boni
1774 1773 1830 1825 et
1881 1784 2006 1824 me-

362 1858 525 1915 lioris
558 1877 672 1916 non
701 1878 886 1917 unum
915 1864 1004 1916 est
1032 1862 1337 1933 praemium
1364 1879 1377 1929 ;
1408 1864 1467 1916 et
1516 1860 1616 1915 ubi
1648 1877 1764 1915 non
1822 1874 2007 1914 unum

364 1950 691 2023 praemium,
725 1949 807 2006 ibi
832 1951 1033 2022 utique
1063 1952 1217 2006 dona
1240 1950 1487 2006 diversa.
1515 1951 1769 2006 Tantum
1799 1953 1889 2005 est
1908 1949 2011 2022 igi-

363 2048 462 2095 tur
489 2039 641 2095 inter
664 2040 902 2112 nuptias
932 2045 988 2096 et
1024 2040 1441 2111 virginitatem,
1512 2044 1801 2111 quantum
1860 2039 2012 2095 inter

366 2145 482 2186 non
511 2146 772 2201 peccare,
795 2133 852 2185 et
880 2129 1027 2185 bene
1058 2130 1244 2185 lacere
1271 2147 1284 2197 ;
1320 2128 1459 2195 imo,
1486 2132 1550 2183 ut
1579 2127 1764 2183 levius
1791 2127 2005 2196 dicam,

363 2220 655 2286 quantum
682 2218 834 2274 inter
863 2218 1084 2274 bonum
1107 2222 1165 2273 et
1193 2217 1425 2275 melius.

436 2308 521 2363 14.
559 2308 751 2363 Vidn—2
806 2323 931 2379 quae
975 2315 1276 2380 pascuntur
1328 2308 1683 2378 eleemosynis
1742 2307 2007 2361 Ecclesiae.

367 2428 436 2438 -—
467 2397 659 2453 Finita
690 2397 1084 2469 disputatione
1114 2397 1521 2469 conjugiorum
1553 2402 1611 2451 et
1635 2395 2009 2468 virginitatis,

363 2485 517 2543 inter
535 2491 853 2559 utrumque
882 2490 1051 2542 cauto
1075 2486 1472 2542 moderamine
1495 2489 2013 2558 praeceptorummt

366 2591 471 2630 nec
500 2575 575 2629 ad
606 2574 926 2640 sinistram,
974 2591 1079 2630 nec
1109 2575 1182 2629 ad
1213 2576 1511 2630 dexteram
1545 2573 1874 2640 diverteret,
1909 2573 2009 2629 sed

364 2662 458 2718 via
488 2662 643 2734 regia
670 2663 1029 2733 graderetur,
1061 2668 1119 2717 et
1147 2661 1288 2716 illud
1338 2661 1609 2734 impleret
1642 2679 1655 2716 :
1689 2666 1769 2718 Ne
1795 2663 1871 2716 sis
1888 2663 2012 2732 jus-

364 2754 452 2807 tus
479 2750 930 2819 multum(Eccle.
962 2767 1061 2814 vn,
1114 2751 1218 2821 i7),
1278 2767 1515 2805 rursum
1576 2749 2009 2822 monogamiam

1776 1591 2008 1646 fuissetl
2040 1592 2043 1599 ‘

356 1593 555 1648 melius
610 1594 762 1663 facit.
822 1592 948 1648 Nisi
1008 1592 1279 1649 illaturus
1335 1598 1493 1649 esset
1585 1592 1686 1659 [Αἰ.
1776 1590 2043 1659 fuisset}

356 1682 743 1778 melius‘facit,
803 1697 1107 1778 nunquam
1157 1681 1594 1778 prmmississet,
1654 1680 1994 1778 bene‘facit.
2038 1712 2088 1778 Β

2111 437 2516 511 unusquisque
2550 439 2695 496 ferre
2722 445 2932 513 potest.
2963 442 3142 498 Juxta
3177 442 3334 498 hunc
3362 457 3604 497 sensum
3636 455 3768 496 om-

2111 524 2209 581 nia
2236 525 2337 582 illa
2391 532 2530 583 sunt
2587 531 2970 602 accipienda:
3002 537 3147 588 Nam
3204 547 3330 603 quae
3384 533 3486 587 sub
3530 532 3648 586 viro
3690 533 3771 585 est

2110 616 2334 685 mulier,
2368 619 2583 672 vivente
2612 620 2752 683 viro,
2783 620 3023 689 alligata
3042 630 3119 676 est
3143 621 3260 693 legi
3287 638 3305 673 :
3337 621 3388 674 si
3408 626 3589 674 autem
3620 635 3769 673 mor-

2112 713 2238 760 tuus
2267 704 2443 777 fuerit
2473 708 2582 774 vir,
2615 708 2791 764 soluta
2820 717 2900 764 est
2926 726 2960 764 a
3017 710 3131 780 lege
3159 710 3289 764 viri.
3323 710 3526 781 Igitur,
3558 710 3770 763 vivente

2110 796 2250 861 viro,
2282 795 2563 850 vocabitur
2590 796 2860 864 adultera,
2892 800 2942 853 si
2965 799 3143 868 fuerit
3186 814 3312 853 cum
3341 798 3450 852 alio
3507 797 3646 851 viro.
3707 796 3770 851 Si

2112 891 2295 938 autem
2330 889 2579 940 mortuus
2608 885 2789 959 fuerit
2846 888 2936 942 vir
2979 890 3115 956 eius,
3170 887 3347 942 soluta
3375 888 3450 941 est
3480 901 3510 939 0
3540 885 3674 955 lege,
3708 893 3769 940 ut

2112 987 2221 1027 non
2241 974 2312 1027 sit
2340 973 2612 1039 adultera,
2644 977 2693 1029 si
2722 976 2904 1045 fuerit
2933 992 3059 1031 cum
3087 975 3198 1030 alio
3256 977 3372 1030 viro
3430 974 3604 1045 (Rom.
3664 990 3764 1041 vn,

2111 1062 2167 1129 2,
2200 1062 2273 1124 3).
2309 1065 2375 1116 Et
2403 1061 2547 1117 illud
2577 1064 2648 1118 ad
2681 1064 3056 1119 Timotheum
3104 1082 3117 1119 :
3159 1064 3279 1119 Volo
3330 1078 3462 1131 ergo
3509 1063 3768 1133 juniores

2113 1149 2311 1204 viduas
2337 1151 2565 1216 nubere,
2596 1151 2743 1221 ﬁlios
2767 1168 3082 1222 procreare,
3140 1150 3598 1226 matresfamilias
3634 1166 3767 1217 esse,

2114 1238 2328 1292 nullam
2357 1240 2695 1294 occasionem
2723 1240 2855 1294 dare
2901 1240 3222 1295 adversario
3257 1238 3535 1294 maledicti
3561 1239 3766 1309 gratia.

2112 1330 2235 1385 Iam
2263 1329 2414 1384 enim
2442 1328 2696 1399 quaedam
2725 1344 2999 1386 conversae
3024 1333 3155 1384 sunt
3183 1335 3327 1384 retro
3354 1335 3475 1399 post
3498 1330 3771 1384 Satanam

2115 1417 2163 1488 (ι
2192 1417 2337 1473 Tim.
2370 1433 2425 1483 ν,
2455 1417 2542 1481 44,
2577 1417 2688 1488 l5),
2722 1421 2779 1472 et
2807 1416 3032 1490 reliqua
3066 1416 3159 1473 his
3190 1416 3428 1472 similia.
3470 1416 3771 1483 Quomodo

2117 1506 2274 1560 enim
2306 1504 2636 1578 virginibus
2667 1505 2740 1561 ob
2772 1505 3174 1561 fornicationis
3204 1507 3225 1540 ²
3256 1504 3585 1577 periculum
3632 1521 3768 1561 cou-

2118 1594 2271 1649 cedit
2301 1593 2556 1666 nuptias,
2587 1599 2645 1650 et
2674 1594 3006 1650 excusabile
3034 1594 3189 1663 facit,
3225 1595 3378 1665 quod
3432 1609 3535 1667 per
3563 1610 3626 1651 se
3655 1610 3772 1650 non

2119 1682 2571 1755 appetitur,'ita
2627 1683 2699 1738 ob
2758 1684 3023 1739 eamdem
3084 1682 3527 1739 fornicationem
3582 1682 3774 1739 vitan-

2119 1773 2277 1843 dam,
2309 1773 2574 1829 concedit
2602 1772 2794 1828 viduis
2834 1773 3097 1828 secunda
3125 1771 3526 1828 matrimonia.
3563 1770 3774 1828 Melius

2119 1865 2209 1917 est
2240 1860 2397 1918 enim
2429 1862 2564 1917 licet
2604 1860 2853 1918 alterum
2913 1866 2970 1917 et
3024 1861 3286 1929 tertium,
3339 1877 3523 1916 unum
3580 1860 3771 1916 virum

2119 1967 2313 2015 nosse,
2347 1967 2523 2022 quam
2554 1950 2841 2022 plurimos
2875 1968 2888 2006 :
2922 1950 2979 2006 id
3011 1954 3119 2019 est,
3153 1948 3518 2006 tolerabilius
3548 1954 3638 2006 est
3670 1949 3776 2005 uni

2118 2039 2343 2095 homini
2376 2038 2748 2111 prostitutam
2770 2055 2919 2104 esse,
2946 2055 3121 2111 quam
3147 2038 3367 2094 multis.
3396 2037 3693 2111 Siquidem
3715 2042 3775 2094 et

2064 2136 2067 2141 ‘
2118 2128 2218 2184 illa
2247 2129 2306 2183 in
2340 2127 2649 2200 Evangelio
2680 2128 2926 2183 Joannis
2964 2128 3335 2183 Samaritana
3368 2128 3390 2162 ³
3447 2132 3677 2184 sextum
3712 2145 3776 2184 se

2121 2216 2398 2272 maritum
2430 2216 2645 2271 habere
2667 2216 2891 2283 dicens,
2922 2217 3191 2289 arguitur
3219 2234 3253 2271 a
3292 2216 3558 2284 Domino,
3619 2218 3773 2288 quod

2121 2322 2236 2361 non
2269 2306 2346 2361 sit
2370 2305 2456 2360 vir
2486 2305 2615 2376 ejus
2648 2306 2826 2377 (Joan.
2862 2322 2936 2371 1v,
2972 2305 3076 2377 17).
3113 2305 3223 2360 Ubi
3278 2305 3436 2361 enim
3495 2321 3778 2362 numerus

2121 2394 2466 2450 maritorum
2497 2397 2605 2460 esl,
2642 2393 2720 2448 ibi
2746 2394 2852 2462 vir,
2887 2395 2988 2465 qui
3020 2393 3253 2466 proprie
3309 2411 3465 2449 unus
3503 2399 3617 2462 est,
3648 2410 3779 2450 esse

2121 2482 2312 2539 desiit.
2347 2483 2472 2538 Una
2501 2487 2661 2558 costa
2691 2500 2725 2538 a
2756 2482 3043 2556 principio
3074 2484 3134 2539 in
3168 2500 3351 2540 unam
3389 2500 3627 2540 uxorem
3658 2500 3781 2539 ver-

2123 2588 2189 2627 sa
2217 2575 2324 2628 est.
2356 2572 2422 2626 Et
2448 2575 2633 2637 erunt,
2669 2570 2883 2644 inquit,
2909 2572 3016 2628 duo
3046 2574 3108 2626 in
3135 2587 3303 2627 carne
3329 2589 3445 2628 una
3499 2572 3650 2646 (Gen.
3712 2590 3777 2638 ιι,

2120 2662 2213 2730 24(
2247 2679 2259 2717 :
2293 2677 2409 2716 non
2440 2665 2581 2726 tres,
2615 2676 2804 2731 neque
2837 2664 3108 2733 quatuor,
3160 2660 3421 2733 alioquin
3470 2662 3601 2733 jam
3657 2678 3777 2717 non

2124 2751 2260 2814 duo,
2290 2749 2339 2804 si
2372 2748 2572 2820 plures
2606 2750 2645 2802 ⁴.
2679 2748 2914 2805 Primus
2973 2748 3221 2805 Lamech
3274 2750 3690 2822 sanguinarius
3720 2755 3783 2806 et

368 2838 635 2911 digamiie
666 2844 985 2911 comparat,
1011 2843 1068 2894 et
1095 2838 1387 2910 quomodo
1415 2838 1651 2910 nuptias
1672 2838 2016 2894 subdiderat
2124 2836 2438 2905 homicida,
2472 2853 2652 2893 unam
2684 2853 2921 2893 carnem
2953 2837 3013 2892 in
3068 2838 3217 2894 duas
3264 2837 3461 2894 divisit
3519 2854 3724 2895 uxores
3761 2858 3781 2894 :

367 2927 601 3001 virgini,
635 2928 717 2983 ita
746 2928 1066 3000 digamiam
1126 2928 1329 2999 primis
1390 2927 1611 3000 nuptiis
1668 2927 1925 2998 subjicit,
1958 2931 2016 2982 et
2125 2925 2514 2983 fratricidium
2545 2932 2601 2982 et
2632 2925 2974 2998 digamiam,
3008 2926 3212 2983 eadem
3243 2926 3578 3000 cataclysmi
3608 2945 3785 3001 pcena

369 3017 715 3073 aitzlltulier
769 3018 1002 3088 alligata
1056 3026 1150 3086 est,
1211 3026 1412 3088 quanto
1467 3022 1706 3090 tempore
1757 3019 1843 3073 vir
1898 3017 2015 3088 ejus
2057 3082 2090 3090 _
2126 3015 2356 3072 delevit.
2434 3015 2514 3071 De
2592 3015 2773 3070 altero
2853 3016 3092 3087 septies,
3154 3016 3227 3072 de
3285 3016 3468 3073 altero
3545 3021 3783 3089 septua-

371 3106 720 3177 vivit;quod
746 3082 1112 3162 sidcrmierit
1281 3106 1420 3177 ejus,
1482 3082 1718 3162 liberata
1772 3082 2020 3162 est:rcui
2049 3082 2092 3150 (ἶ
2128 3105 2252 3178 gies
2310 3103 2525 3176 septies
2603 3082 2969 3160 vindicatum
3021 3109 3129 3160 est.
3192 3108 3489 3172 Quantum
3556 3082 3788 3161 distant.

372 3195 491 3249 vult
520 3196 712 3262 nubat,
742 3199 957 3251 tantum
1001 3197 1063 3250 in
1091 3197 1319 3251 Domino
1376 3197 1600 3252 Beatior
1653 3200 1838 3251 autem
1890 3198 2016 3266 erit,
2128 3195 2187 3248 in
2246 3209 2512 3259 numero,
2565 3196 2794 3248 tantum
2851 3197 2907 3248 et
2962 3192 3020 3248 in
3078 3193 3341 3249 crimine.
3403 3198 3590 3262 Quam
3642 3212 3783 3252 san-

368 3284 422 3337 si
446 3284 527 3338 sic
550 3286 934 3356 permanserit,
964 3284 1261 3339 secundum
1289 3285 1588 3340 consilium
1618 3300 1819 3340 meum.
1877 3286 2017 3340 Puto
2129 3287 2224 3338 cta
2271 3282 2349 3338 sit
2399 3281 2658 3355 digamia
2687 3282 2727 3348 ⁵,
2788 3280 2924 3336 hinc
2982 3283 3330 3349 ostenditur,
3390 3283 3545 3355 quod
3606 3283 3780 3357 diga-

369 3375 554 3428 autem
583 3372 724 3444 quod
751 3382 802 3429 et
825 3389 922 3442 ego
961 3373 1220 3445 spiritum
1276 3374 1375 3428 Dei
1427 3372 1653 3428 habeam
1711 3373 1854 3443 (Cor.
1910 3391 2010 3441 vn,
2126 3389 2259 3428 mus
2282 3371 2338 3425 in
2371 3372 2592 3426 clerum
2626 3370 2760 3442 eligi
2795 3388 2909 3426 non
2944 3374 3155 3442 potest,
3213 3376 3271 3427 et
3301 3372 3430 3428 ideo
3460 3371 3781 3444 Apostolus

365 3461 457 3529 39,
515 3463 624 3532 40).
684 3462 962 3518 Concedit
1012 3462 1300 3518 secundas
1332 3462 1588 3533 nuptias,
1623 3463 1725 3517 sed
1772 3462 2011 3519 volenti-
2124 3460 2194 3516 ad
2222 3459 2590 3515 Timotheum
2628 3475 2640 3514 :
2682 3459 2871 3524 Vidua,
2901 3458 3116 3530 inquit,
3149 3460 3385 3531 eligatur
3432 3476 3542 3516 non
3588 3463 3782 3518 minus

362 3550 543 3618 tibus,
577 3551 677 3607 sed
710 3551 824 3620 his,
858 3569 984 3624 quae
1015 3567 1078 3608 se
1109 3550 1404 3607 continere
1435 3568 1550 3607 non
1584 3556 1874 3623 possunt;
1939 3569 2011 3609 ne
2118 3551 2409 3618 sexaginta
2437 3564 2731 3615 annorum,
2779 3564 2898 3619 quae
2941 3548 3116 3615 fuerit
3162 3551 3328 3604 unius
3386 3551 3494 3605 viri
3542 3566 3690 3606 uxor
3735 3552 3788 3622 (Ι

362 3637 666 3696 luxuriatae
698 3640 756 3695 in
788 3640 1037 3704 Christo,
1071 3641 1287 3696 nubere
1308 3639 1508 3708 velint,
1535 3639 1819 3697 habentes
1850 3643 2011 3697 dam-
2125 3638 2258 3692 Tim.
2291 3650 2346 3705 ν,
2378 3637 2454 3708 9).
2489 3636 2593 3692 Hic
2638 3653 2811 3693 omne
2838 3641 3194 3708 praeceptum
3224 3637 3294 3692 de
3322 3637 3415 3693 his
3444 3642 3535 3694 est
3557 3637 3779 3709 viduis,

359 3729 679 3795 nationem,
712 3730 866 3801 quod
895 3731 1145 3801 primam
1180 3730 1355 3785 fidem
1385 3729 1611 3785 irritam
1661 3731 1919 3793 fecerint,
1953 3737 2010 3788 et
2118 3742 2245 3798 quas
2276 3724 2539 3782 Ecclesiae
2580 3728 2903 3798 pascuntur
2957 3724 3373 3798 eleemosynis.
3436 3727 3505 3782 Et
3562 3726 3782 3783 idcirco

357 3814 467 3871 hoc
498 3817 783 3878 concedit.
816 3817 955 3888 quia
981 3818 1177 3874 multa:
1204 3822 1377 3873 erunt
1397 3823 1549 3874 retro
1576 3823 1708 3889 post
1729 3819 2000 3877 Satanam

2116 3818 2254 3869 aetas
2316 3816 2471 3871 264
2531 3812 2949 3886 praescribitur,
3009 3817 3074 3869 ut
3147 3812 3258 3868 illae
3338 3817 3567 3870 tantum
3624 3814 3784 3871 acci-

357 3906 410 3975 (I
441 3906 571 3961 Tim.
606 3923 660 3972 ν,
703 3906 803 3977 l9).
827 3908 1111 3962 Caeterum
1143 3908 1429 3972 beatiores,
1450 3906 1643 3980 inquit
1670 3916 1832 3964 erunt
1859 3910 1909 3964 si
1927 3911 2007 3965 sic
2114 3904 2276 3975 piant
2334 3919 2657 3976 paupel'um
2714 3903 2899 3969 eibOS,
2958 3919 3086 3975 quae
3132 3904 3260 3974 jam
3317 3902 3582 3960 laborare
3654 3920 3775 3960 non

351 3996 759 4063 permanserint
782 3995 830 4066 (Ι
857 3995 960 4050 Cor
985 4013 1085 4062 vu,
1115 3996 1227 4068 40),
1259 3995 1655 4068 continuoque
1697 3998 2005 4071 subjungit
2113 3997 2380 4063 possunt.
2443 3991 2749 4064 Simulque
2810 3980 3135 4057 cbnsidera,
3194 3992 3346 4064 quod
3434 4009 3562 4064 qua:
3617 3993 3773 4050 duos

353 4081 748 4154 Apostolicam
782 4085 1206 4151 auctoritatem,
1256 4087 1558 4141 secundum
1613 4103 1795 4141 meum
1821 4090 1999 4143 consi-
2113 4081 2316 4136 habuit
2344 4080 2520 4147 Viros,
2564 4081 2797 4135 θῐίᾶωεὶ
2855 4097 3006 4136 anus
3058 4080 3158 4151 Βίῒ,
3219 4084 3277 4136 ει
3332 4080 3648 4153 decrepita.
3712 4086 3774 4138 et

350 4171 491 4227 lium
520 4172 728 4246 (lbid.).
749 4173 924 4230 Porro
954 4191 1024 4230 ne
1046 4174 1358 4230 auctoritas
1388 4173 1669 4246 Apostoli,
1694 4176 1863 4246 quasi
1894 4175 1996 4230 ho-
2107 4185 2311 4242 egens,
2341 4168 2612 4224 Ecclesiae
2646 4169 2827 4241 stipes
2882 4185 2999 4224 non
3050 4173 3308 4225 meretur
3358 4167 3641 4240 accipere.
3704 4169 3767 4225 Si

350 4261 551 4331 minis,
583 4262 761 4320 levior
789 4264 1101 4330 videretur,
1152 4264 1417 4319 addidit:
1453 4266 1588 4318 Puto
1625 4271 1807 4318 autem
1852 4266 1998 4335 quod
2105 4263 2299 4313 autem
2334 4257 2502 4329 panis
2534 4256 2617 4311 illi
2649 4257 2876 4313 tollitur
2931 4258 3333 4331 eleemosynae,
3390 4262 3608 4330 quanto
3639 4275 3767 4314 ma-

347 4357 399 4404 et
424 4367 519 4421 ego
548 4354 809 4421 spiritum
853 4354 955 4408 ι)σί
985 4353 1213 4409 habeam
1271 4352 1478 4423 (Ibid.).
1511 4351 1617 4407 Ubi
1677 4353 1748 4408 ad
1807 4355 1993 4409 conti~
2101 4346 2192 4418 gis
2222 4345 2320 4401 ille
2350 4346 2521 4417 panis
2552 4345 2653 4417 qui
2685 4346 2756 4401 de
2785 4345 2928 4402 Ocelo
2960 4347 3280 4415 descendit,
3314 4361 3489 4419 quem
3540 4347 3642 4418 qui
3677 4346 3768 4401 in-

348 4439 609 4493 nentiam
642 4444 930 4511 provocat,
983 4441 1062 4495 ibi
1092 4458 1206 4496 non
1256 4441 1534 4506 hominis,
1589 4442 1690 4497 sed
1720 4442 1988 4514 Spiritus,
2021 4448 2070 4514 ι)
2100 4435 2273 4508 digne
2304 4434 2643 4499 comederit.
2676 4450 2809 4490 reus
2841 4434 2971 4501 erit,
3001 4434 3199 4491 violati
3230 4433 3490 4508 corporis
3532 4439 3591 4490 et
3622 4451 3767 4491 san-

346 4523 449 4579 Dei
506 4527 819 4583 consilium
871 4533 996 4597 est;
1032 4529 1131 4583 ubi
1187 4533 1382 4584 autem
1441 4530 1696 4585 nubendi
1728 4532 1994 4590 concedit
2100 4522 2298 4596 guinis
2327 4519 2580 4578 Christi!

344 4613 594 4681 veniam,
628 4616 781 4672 268
812 4617 1097 4689 Spiritum
1133 4617 1228 4674 Dei
1260 4634 1373 4673 non
1406 4619 1691 4689 nominat,
1723 4622 1825 4676 sed
1858 4640 1992 4694 pru-

2172 4613 2257 4667 15.
2313 4612 2491 4668 Multa
2545 4612 2857 4683 compulsus
2913 4620 2991 4668 est
3046 4612 3183 4667 velle
3260 4612 3490 4667 Paulus.
3559 4611 3762 4676 Quan-

342 4758 608 4838 qmnium
634 4776 777 4816 mss.
803 4760 957 4838 fide:
985 4761 1083 4838 qui
1118 4761 1359 4838 insuper
1379 4766 1562 4838 pro‘si
1590 4765 1991 4838 nubat,legunt

340 4829 553 4911 dusicat
580 4848 808 4911 umorem
834 4850 845 4898 ;
881 4836 951 4911 et_
968 4829 1186 4911 nubere
1208 4829 1446 4904 quidem
1471 4835 1543 4890 de
1573 4829 1821 4893 muliere
1843 4829 1989 4911 "pro-

342 4901 466 4973 prie
499 4903 732 4967 dicitur,
767 4921 881 4959 non
919 4904 989 4959 de
1021 4904 1160 4960 viro.

343 5041 356 5054 .
412 4973 640 5054 "iidem
675 4992 818 5054 mss.
856 4998 882 5054 ς(
914 4980 1257 5054 ρριθεῐξιιθω
1291 4981 1486 5054 autem
1535 4977 1734 5054 habet,
1790 4985 1847 5035 et
1878 4981 1984 5037 hoc

331 5042 651 5122 judicavit;
689 5069 716 5094 ››
738 5042 1203 5122 juxta'Grazcum
1237 5066 1373 5120 εχει,
1406 5053 1474 5122 et
1492 5042 1756 5122 xéxpmsv.

410 5113 1022 5193 2.1n_mss.,wquomodo
1050 5122 1200 5175 enim
1252 5113 1558 5189 virginibus
1591 5113 1985 5193 fornicationis

335 5184 952 5268 periculumuconcedit
982 5194 1271 5268 nuptias...
1332 5184 1424 5268 ita
1465 5184 1652 5268 eadem
1688 5194 1984 5268 fornicatio

334 5256 583 5340 concedit
610 5257 791 5340 viduis
819 5256 1072 5340 secunda:
1100 5264 1477 5340 matrimonia.
1534 5256 1811 5336 Superior
1864 5274 1984 5340 post

335 5325 539 5382 vocula
571 5327 628 5382 in
661 5328 869 5385 iisdem
903 5349 1016 5387 non
1054 5333 1314 5388 habetur.
1362 5366 1395 5374 μ

404 5396 427 5431 ³
457 5397 675 5454 Nomen
704 5402 933 5457 Joannis
966 5404 1020 5457 in
1078 5405 1296 5459 nostris
1350 5422 1492 5461 mss.
1553 5412 1610 5462 ct
1654 5410 1829 5466 veteri
1859 5411 1980 5467 edi-

332 5466 490 5551 tione
520 5486 750 5551 quoque
779 5474 1163 5551 desideratur.

404 5540 426 5575 ‘
455 5539 724 5615 Legimus
753 5544 1332 5617 exiemendatissimo
1377 5551 1698 5607 Veronensi
1752 5552 1902 5611 libro
1930 5557 1982 5612 si

2092 4774 2281 4844 plures
2313 4787 2416 4842 pro
2446 4770 2536 4844 sed
2565 4772 2772 4841 plures.
2803 4771 3068 4844 Sequens
3095 4769 3257 4827 locus
3288 4786 3356 4844 ex
3384 4770 3758 4844 Tertulliano

2096 4842 2531 4912 demonogamia
2572 4842 3062 4914 expressus‘ubi,
3126 4866 3153 4893 «
3215 4842 3502 4909 Primum,
3557 4843 3762 4914 inquit

2096 4914 2288 4970 scelus
2320 4913 2703 4969 homicidium
2731 4914 2788 4967 in
2822 4913 3140 4969 fratricidio
3201 4914 3559 4980 dedicatum,
3624 4913 3753 4970 tam

2096 4988 2340 5067 dignum
2363 4986 2617 5067 secundo
2646 4984 2770 5066 loco
2791 4984 2984 5040 scelus
3005 4984 3463 5067 'non.iuit,quam
3485 4986 3614 5040 dum
3644 5003 3753 5067 pu-

2096 5056 2248 5139 ptiic:
2283 5056 2622 5139 Semel-tum
2652 5056 2766 5139 vim
2801 5073 2974 5127 passa
3002 5056 3423 5139 institutio’Dei
3454 5131 3464 5139 Δ
3480 5057 3749 5139 per___l.a-

2096 5127 2287 5195 mech,
2319 5127 2577 5200 constitit
2609 5134 3023 5200 postearusque
3046 5129 3103 5182 in
3136 5128 3311 5184 linem
3333 5127 3527 5200 gentis
3557 5127 3743 5200 illius,

2092 5200 2240 5256 Asia
2298 5197 2988 5272 diluvi‘um’iniquitates
3042 5197 3522 5272 provocavéruut,
3555 5197 3740 5272 semel

2092 5272 2344 5344 defensa:
2356 5269 2559 5342 quales
2571 5270 2597 5344 l_‘
2597 5269 2935 5344 ueruntnon
2952 5269 3143 5327 tamen
3158 5272 3489 5344 septuagies
3502 5270 3742 5343 septies,

2093 5343 2247 5413 quod
2280 5341 2394 5397 duo
2427 5341 2802 5396 matrimonia
2832 5347 3191 5399 meruerunt.
3226 5341 3254 5392 ς)

2162 5415 2183 5448 ⁵
2214 5412 2411 5468 Matini
2445 5429 2580 5486 cum
2610 5413 2789 5469 veteri
2818 5413 3067 5469 editione
3119 5412 3230 5486 legi
3261 5413 3606 5483 Monogamia
3636 5428 3744 5485 pro

2089 5486 2385 5556 Digamia;
2419 5484 2520 5539 sed
2554 5500 2697 5541 mss.
2733 5502 2849 5541 non
2875 5484 3291 5558 suffragantur.
