2682 3279
680 0 887 23 Δυνΰηδυδ
910 0 1153 21 δυνωυιιῒυιὶι
1176 0 1251 20 11111,
1274 0 1298 20 1.

1781 0 1843 18 διν

136 64 231 93 quem
245 55 322 85 hee-
336 56 505 86 testimonia
518 65 581 94 qua
596 65 686 94 supra.
699 58 795 94 posui,
810 57 840 86 in
855 57 963 93 quibus
978 56 1005 89 Α
1020 56 1362 91 praelutam.AcdeAdam
1370 56 1487 93 quidem
1495 53 1663 84 etEvaillud
1671 55 1841 89 dicendum,

139 101 235 129 viduis
251 101 423 130 conceditur
437 104 480 136 ut,
498 102 522 130 si
536 102 637 134 velint,
654 102 750 130 denuo
775 102 964 138 nubant,qui-

139 146 207 173 dum
223 145 454 182 interpretantur
465 155 555 182 super
574 146 620 173 his
638 146 830 182 viduis,quas,
847 147 965 175 amissis

139 189 266 224 maritis,
277 190 318 218 sic
339 189 483 219 invenerit
509 191 582 218 ﬁdes
596 190 712 218 Christi.
728 193 787 219 Nec
802 192 880 219 enim
896 200 963 219 con-

138 241 268 270 sequens
293 236 370 262 esset
385 235 431 262 υιι
460 234 619 270 Apostolus
634 237 700 270 post
722 236 878 271 baptisma,
902 235 963 263 viro

138 280 266 311 mortuo,
291 278 394 314 jubeat
422 278 504 307 alteri
534 280 655 314 nubere,
693 288 760 308 cum
788 280 963 308 habentibus

138 331 256 358 quoque
270 330 375 350 uxores
402 323 581 359 praeceperit,
605 325 693 352 utsic
721 324 780 352 sint
801 324 885 359 quasi
905 333 963 352 non

137 367 290 399 habentes,
317 369 348 395 et
371 367 408 394 ob
442 367 519 395 hanc
546 376 667 396 causam
688 377 744 396 non
760 376 824 396 esse
840 376 962 395 uxorum

134 419 295 439 numerum
306 411 482 439 deﬁnitum:
517 412 586 448 quia
600 415 665 448 post
679 413 826 449 baptisma
845 413 962 445 Christi,

135 455 229 483 etiam
243 455 270 483 si
282 455 366 483 terlia
381 458 410 483 et
425 458 532 491 quarta
556 464 628 483 uxor
656 457 752 491 fuerit,
769 457 853 493 quasi
870 456 964 493 prima

137 498 418 536 reputetur.Alioqui
433 500 458 527 si
475 502 540 536 post
553 501 710 537 baptisma,
728 502 821 538 primo
838 505 962 535 morluo,

138 543 283 580 accipitur
294 544 453 578 secundus,
488 553 578 580 quare
605 554 663 573 non
678 546 806 573 secundo
822 548 851 573 et
865 547 962 578 tertio,

138 590 168 616 et
179 590 294 624 quarto,
308 590 338 616 et
352 588 455 624 quinto
470 590 612 622 mortuoi,
630 590 790 626 accipiatur
811 592 920 625 sextus,
937 592 964 617 et

134 632 265 668 reliqui?
293 632 392 661 Potest
419 632 500 660 enim
543 633 684 668 accidere,
718 637 750 661 ut
792 634 964 662 infelicitate

131 677 275 713 qundam,
292 676 454 712 veljudicio
469 677 520 706 Dei
530 678 705 707 succidentis
731 679 848 714 nuptias
864 678 965 714 repeti-

132 723 187 754 tas,
213 720 439 750 adolescentulo
463 722 562 758 plures
589 723 712 759 accipiat
733 723 822 756 viros,
847 725 876 750 et
891 731 964 750 anus

131 766 229 802 primo
245 765 353 794 marito
381 765 411 793 in
440 769 568 794 extrema
594 767 831 795 aetateviduetur.
849 767 964 794 Primus

129 810 228 838 Adam
242 817 459 846 monogamus:
490 811 636 839 secundus
662 819 793 847 agamus.
811 811 864 843 Qui
885 811 964 847 diga-

131 855 228 883 miam
241 854 379 891 probant,
393 854 550 883 exhibeant
561 856 678 883 tertium
689 856 781 883 Adam
799 856 963 892 digamum,

133 907 229 935 quem
245 901 414 935 sequantur.
429 899 538 927 Verum
553 899 598 927 fac
613 902 646 927 ut
664 901 842 928 concesserit
857 900 963 928 Paulus

133 943 271 972 munda
294 943 499 978 matrimonia;
515 944 616 972 eadem
650 944 713 981 lege
723 947 751 972 et
765 945 852 973 tertia
863 953 963 972 conce-

131 988 187 1021 dit,
218 990 249 1016 et
285 990 401 1023 quarta,
432 990 461 1016 et
495 989 726 1025 quotiescunque
752 990 796 1016 vir
829 989 962 1017 moritur.

129 1032 228 1061 Multa
243 1031 432 1068 compellitur
458 1033 615 1068 Apostolus
644 1033 726 1067 velle,
744 1042 807 1069 quae
819 1042 877 1061 non
891 1033 962 1061 vult.

130 1076 327 1105 circumcidit
341 1076 541 1110 Timotheum,
566 1078 712 1114 rasitipse
737 1078 897 1111 calvitium,
910 1087 963 1105 nu-

133 1121 282 1157 dipedalia
294 1121 437 1154 exercuit,
453 1129 568 1149 comam
584 1123 716 1156 nutrivit,
733 1126 761 1150 et
788 1122 921 1150 totondit
933 1122 963 1149 in

133 1165 282 1194 Cenchris.
298 1165 336 1193 Et
350 1168 428 1194 certe
443 1166 633 1203 castigaverat
645 1166 771 1201 Galatas,
787 1167 964 1202 Petrumque

131 1207 375 1245 reprehenderat,
391 1209 470 1245 quod
500 1218 530 1237 se
545 1212 664 1246 propter
680 1211 897 1238 observationes
910 1211 964 1238 Ju-

129 1253 232 1282 deicas
261 1261 280 1281 ιι
304 1252 445 1289 gentibus
474 1257 631 1290 separaret.
663 1255 813 1288 Quomodo
829 1255 919 1291 igitur
934 1255 963 1282 in

129 1297 245 1327 ceteris
260 1297 398 1326 Ecclesiae
409 1297 573 1334 disciplinis
587 1299 698 1327 Judzeis
709 1299 964 1333 Judzeus,ethnicis

128 1342 282 1377 ethnicus,
314 1345 345 1370 et
356 1342 496 1370 omnibus
525 1343 624 1372 omnia
638 1344 732 1371 factus
747 1346 802 1378 est,
815 1347 848 1371 ut
862 1352 964 1371 omnes

129 1387 338 1416 luerit-ceret:
371 1387 415 1415 sic
440 1387 638 1423 etdigamiam
657 1389 732 1417 235
763 1388 904 1416 concessit
920 1389 964 1415 in-

1020 101 1096 136 quod
1108 103 1175 128 ante
1185 101 1325 128 oll‘ensam
1335 101 1362 128 in
1371 101 1505 136 paradiso
1513 101 1638 136 virgines
1646 100 1765 128 fuerint:
1775 101 1842 135 post

1018 147 1171 180 peccatum
1188 148 1296 179 autem,
1311 148 1339 173 et
1355 148 1435 173 extra
1453 146 1622 181 paradisum
1635 145 1769 181 protinus
1785 153 1841 172 nu-

1019 188 1095 224 ptiae.
1111 189 1229 224 Deinde,
1240 190 1316 225 quod
1330 190 1383 217 hoc
1394 190 1493 225 ipsum
1507 190 1711 225 interpretetur
1721 190 1841 224 Aposto-

1018 232 1064 260 lus
1078 243 1083 260 :
1101 234 1278 269 Propterhoc
1294 235 1431 271 relinquet
1447 235 1526 262 homo
1539 238 1648 270 patrem
1672 236 1697 261 et
1725 236 1840 260 matrem

1018 285 1095 305 suam
1106 278 1125 311 ‘,
1156 282 1181 305 et
1206 279 1352 306 adhaerebit
1379 280 1462 307 arari
1487 288 1553 312 sum,
1584 281 1608 306 cl
1628 280 1710 305 erunt
1726 279 1781 305 duo
1796 278 1839 304 in-

1017 330 1102 349 carne
1117 331 1172 349 una
1188 323 1301 359 (Ephes.
1317 332 1345 357 ν,
1362 324 1391 351 31
1410 333 1415 356 ;
1438 323 1503 351 Gen.
1539 333 1570 357 11,
1600 323 1655 358 24),
1683 323 1842 357 statimque

1019 366 1171 402 subjungit
1184 376 1190 394 :
1207 367 1414 395 Sacramentum
1430 368 1478 395 hoc
1491 377 1621 403 magnum
1636 372 1683 395 est.
1708 368 1762 402 Ego
1791 374 1841 393 au-

1018 412 1071 438 tem
1085 410 1143 438 dico
1159 413 1189 438 in.
1205 412 1309 439 Christo
1324 414 1349 439 et
1364 412 1394 439 in
1409 413 1529 440 Ecclesia
1554 412 1644 447 (Ibid,
1674 412 1729 447 3‘2).
1760 411 1840 438 Chri-

1019 459 1065 482 tus
1080 455 1109 482 in
1125 463 1210 483 carne
1224 456 1314 491 virgo,
1330 456 1359 483 in
1380 457 1484 492 spiritu
1512 465 1716 492 monogamus.
1748 456 1841 483 Unam

1018 499 1096 526 enim
1123 500 1210 527 habet
1238 500 1407 534 Ecclesium,
1438 501 1473 528 de
1494 510 1552 536 qua
1571 501 1647 528 idem
1664 500 1840 536 Apostolus:

1022 544 1088 577 Viri,
1100 544 1205 579 inquit,
1221 545 1331 578 diligite
1345 553 1444 572 uxores
1461 548 1576 579 vestras,
1590 547 1660 572 sicut
1675 548 1700 573 et
1715 546 1843 573 Christus

1018 588 1165 615 Ecclesium
1181 588 1289 624 (Ep/les.
1306 598 1332 623 ν,
1349 590 1400 622 25;
1419 590 1517 617 Coloss.
1535 598 1576 622 m,
1591 590 1646 624 19).
1660 590 1689 616 Si
1709 589 1842 617 Christus

1019 634 1130 664 sancte,
1145 632 1168 659 si
1186 634 1274 666 caste,
1292 633 1315 660 si
1332 633 1444 669 absque
1460 633 1520 660 ulla
1540 634 1655 661 macula
1683 633 1841 661 Ecclesium

1019 676 1132 712 diligit:
1148 677 1201 704 viri
1217 685 1333 713 quoque
1350 678 1378 705 in
1395 678 1528 705 castitate
1544 686 1647 705 uxores
1678 686 1746 705 suas
1776 677 1843 705 dili-

1019 723 1099 756 gant,
1116 723 1144 748 et
1157 721 1230 748 sciat
1245 722 1449 758 unusquisque
1464 731 1515 750 vas
1532 731 1618 750 suum
1634 723 1783 758 possidere
1812 722 1842 749 in

1018 766 1249 793 sanctificatione
1260 769 1289 794 et
1300 766 1419 799 honore,
1430 776 1487 795 non
1503 768 1532 795 in
1544 768 1679 803 passione
1694 767 1841 800 desiderii,

1020 810 1130 838 sicutet
1140 813 1240 846 gentes
1250 820 1313 846 qure
1323 812 1555 840 nesciuntDeum
1570 822 1575 840 :
1588 813 1677 847 Neque
1686 814 1840 840 enimvoca-

1018 855 1056 881 vit
1071 863 1118 882 nos
1134 856 1203 883 Deus
1218 856 1248 883 in
1264 857 1479 890 immunditiam,
1496 857 1541 884 sed
1553 858 1582 883 in
1597 857 1842 891 sanctiﬁcationem

1019 900 1042 932 (Ι
1070 899 1156 927 Thess.
1188 908 1224 933 IV,
1249 901 1299 935 7):
1329 902 1457 928 amentes
1484 909 1530 928 nos
1562 905 1677 929 veterem
1706 902 1842 929 hominem

1018 952 1081 970 cum
1097 945 1225 979 operibus
1236 946 1304 977 suis,
1320 947 1345 972 et
1356 946 1497 973 induentes
1509 954 1618 978 novum,
1634 947 1682 981 qui
1696 950 1843 973 renouata-1'

1020 988 1096 1015 266
1112 989 1142 1015 in
1157 990 1337 1022 cognitionem
1354 990 1500 1017 secundum
1525 991 1674 1025 imaginem
1704 991 1843 1018 Creatoris

1018 1034 1080 1059 sui:
1108 1033 1156 1059 ubi
1171 1041 1223 1060 non
1251 1035 1290 1060 est
1319 1034 1455 1061 masculus
1485 1039 1509 1061 et
1530 1035 1635 1068 femina
1650 1035 1670 1065 τ’,
1686 1036 1801 1062 Grzecus
1816 1036 1841 1061 et

1017 1076 1139 1110 Judzeus,
1170 1078 1339 1104 circumcisio
1376 1080 1401 1105 et
1442 1080 1622 1113 prteputium,
1655 1079 1787 1105 barbarus
1816 1083 1841 1106 ct

1019 1121 1128 1157 Scytha,
1144 1130 1237 1149 servus
1252 1126 1276 1149 et
1293 1122 1372 1154 liber,
1383 1123 1429 1150 sed
1438 1124 1531 1150 omnia
1542 1124 1571 1149 in
1582 1123 1707 1150 omnibus
1719 1123 1842 1151 Christus

1019 1165 1129 1201 (Coloss.
1148 1175 1189 1198 111,
1205 1166 1232 1199 9,
1249 1166 1293 1199 10,
1314 1166 1365 1201 ll).
1384 1167 1482 1202 Imago
1499 1167 1643 1194 Creatoris
1668 1176 1724 1195 non
1755 1167 1843 1195 habet

1019 1210 1153 1245 copulam
1170 1210 1350 1245 nuptiarum.
1368 1210 1421 1238 Ubi
1432 1211 1586 1239 diversitas
1602 1219 1688 1239 sexus
1700 1212 1841 1244 aufertur,

1018 1256 1046 1281 et
1061 1255 1149 1282 veteri
1165 1254 1285 1282 homine
1308 1255 1452 1289 exuimur,
1469 1258 1497 1283 et
1511 1256 1663 1283 induimur
1692 1264 1774 1289 novo,
1801 1256 1841 1283 ibi

1019 1299 1048 1325 in
1061 1298 1207 1326 Christum
1226 1299 1408 1326 renaseimur
1422 1300 1576 1335 virginem,
1593 1300 1642 1335 qui
1658 1303 1687 1327 et
1702 1302 1788 1328 natus
1808 1309 1841 1327 ex

1017 1342 1139 1378 virgine,
1156 1344 1183 1370 et
1198 1345 1315 1371 renatus
1331 1352 1381 1379 per
1396 1344 1539 1379 virginem
1554 1346 1607 1371 est.
1630 1345 1711 1376 Quod
1743 1346 1840 1372 autem

1019 1386 1076 1414 ait:
1104 1387 1217 1415 Crescite
1245 1390 1270 1414 et.
1299 1388 1537 1422 multiplicamini,
1562 1392 1590 1415 et
1617 1389 1716 1424 replete
1736 1393 1841 1416 terram

129 1430 366 1465 continentibus,
382 1439 436 1459 nec
451 1432 622 1467 nuptiarum
632 1441 788 1461 numerum
799 1433 962 1469 praﬁnivit,
979 1425 1000 1458 C
1020 1431 1095 1466 (Gen.
1110 1440 1128 1464 1,
1144 1432 1200 1467 28),
1217 1440 1333 1459 necesse
1348 1433 1403 1459 fuit
1418 1432 1500 1468 prius
1520 1432 1651 1468 plantare
1680 1432 1782 1460 silvam
1813 1435 1842 1460 et

129 1478 165 1504 ut.
177 1475 253 1504 dum
267 1475 374 1504 vident
387 1475 445 1504 sibi
461 1476 648 1504 mulieresita
656 1479 720 1512 post
729 1481 851 1505 mortem
863 1477 961 1505 mariti

131 1520 300 1549 secundum
315 1519 447 1555 concedi,
464 1522 498 1548 ut
511 1521 614 1549 tertius
629 1523 812 1558 quartusque
826 1522 964 1549 concedi—

131 1567 194 1599 tur,
212 1564 394 1593 erubescant
419 1563 543 1592 alterum
573 1565 714 1601 accipere,
736 1573 772 1593 ne
787 1566 921 1602 trigamis
937 1568 965 1593 et

134 1609 340 1645 quodﬁgmis
368 1610 584 1645 comparentur.
598 1609 652 1637 Ubi
667 1610 745 1638 enim
768 1619 845 1638 unus
856 1610 966 1638 excedi-

137 1654 203 1688 tnr,
229 1652 308 1680 nihil
331 1653 417 1681 refert
439 1654 600 1689 secundus,
628 1662 664 1682 an
689 1654 794 1682 tertius
819 1655 867 1688 sit,
897 1655 967 1690 quia

139 1696 539 1735 desinitouemonogamus.
557 1699 660 1727 Omnia
675 1700 766 1733 licent,
782 1700 828 1727 sed
842 1708 896 1727 non
913 1707 968 1727 om-

136 1742 190 1770 nia
213 1741 366 1778 δψόἡσιι
376 1741 400 1779 (1
427 1742 488 1770 Cor.
505 1744 613 1776 ν1,12;
644 1752 671 1777 Χ,
697 1741 751 1777 23).
783 1744 844 1771 Non
860 1744 967 1771 damno

133 1785 284 1824 dignm,
317 1786 378 1815 imo
407 1795 461 1815 nec
489 1787 641 1823 trigamos,
670 1790 709 1821 et,
734 1788 757 1816 si
777 1788 833 1816 dici
862 1790 968 1824 potest,

135 1832 330 1868 octagonon:
356 1830 424 1868 plus
448 1831 561 1868 aliquid
571 1831 705 1865 inferam,
721 1832 810 1860 etiam
826 1833 969 1861 scortato-

135 1882 203 1904 rem
217 1875 331 1912 recipio
345 1875 547 1912 pauitantem.
568 1876 715 1911 Quidquid
732 1875 882 1912 aequaliter
892 1877 968 1911 licet,

137 1918 343 1956 aqualilanoo
357 1920 542 1956 pensandum
558 1921 613 1948 est.

174 1964 220 1993 16.
233 1963 360 1992 Mittis
373 1971 478 2001 mper
489 1965 609 2001 praelata
622 1966 740 2000 nuptiis.
763 1966 821 1993 Non
832 1966 971 2001 est‘bouus

139 2008 243 2045 M8
268 2009 537 2038 merus—Sed
567 2009 707 2045 quoniam
745 2010 780 2037 ad
810 2012 894 2038 vetus
918 2019 972 2038 nos

138 2051 491 2087 “Testamentum,
528 2054 556 2081 et
584 2053 728 2089 incipiens
755 2054 791 2081 ab
814 2054 919 2087 Adam,
936 2055 972 2082 ad

1017 1483 1155 1509 crescere,
1174 1478 1206 1503 ut
1220 1478 1296 1504 esset
1320 1478 1398 1512 quod
1412 1480 1512 1513 postea
1541 1478 1640 1512 posset
1665 1476 1767 1504 excidi.
1796 1476 1838 1504 Si-

1019 1520 1139 1556 mulque
1166 1521 1377 1549 consideranda
1405 1522 1448 1549 vis
1477 1522 1567 1553 verbi,
1597 1522 1697 1557 replete
1725 1525 1838 1549 terram.

1019 1565 1132 1600 Nuptim
1148 1566 1255 1592 terram
1272 1565 1393 1600 replent,
1409 1565 1561 1601 virginitas
1576 1566 1756 1601 paradisum.
1785 1565 1840 1593 Sed

1020 1612 1048 1636 et
1061 1609 1115 1636 hoc
1130 1609 1305 1637 intuendum
1321 1610 1465 1638 duntaxat
1477 1611 1561 1645 juxta
1576 1610 1747 1637 Hebraicam
1771 1610 1845 1637 veri-

1020 1655 1109 1681 tatem
1125 1654 1146 1686 δ,
1164 1654 1241 1689 quod
1257 1662 1322 1681 cum
1339 1654 1488 1690 Scriptura
1504 1654 1532 1681 in
1549 1654 1653 1690 primo,
1670 1657 1698 1681 et
1711 1653 1795 1681 tertio
1819 1655 1849 1681 et

1023 1700 1139 1734 quarto,
1155 1701 1184 1726 et
1200 1699 1317 1733 quinto,
1335 1701 1362 1726 et
1383 1700 1462 1726 sexto
1487 1698 1533 1725 die
1561 1698 1684 1733 expletis
1712 1698 1850 1733 operibus

1024 1742 1207 1778 singulorum
1222 1743 1326 1770 dixerit
1340 1751 1344 1769 :
1360 1743 1391 1770 Et
1407 1743 1475 1770 uidit.
1490 1743 1560 1770 Deus
1589 1743 1657 1777 quia
1686 1742 1785 1770 bonum
1812 1744 1851 1769 est

1024 1786 1100 1822 (ch.
1118 1796 1136 1819 l,
1154 1787 1198 1820 lo,
1215 1787 1259 1819 11,
1277 1788 1320 1819 12,
1335 1787 1379 1819 18,
1395 1787 1439 1821 21,
1455 1788 1512 1820 25),
1529 1787 1558 1813 111
1575 1787 1703 1814 secundo
1719 1787 1765 1814 die
1793 1786 1847 1814 hoc

1024 1831 1144 1858 omnino
1150 1831 1307 1864 subtraxit;
1317 1831 1400 1858 nobis
1409 1830 1634 1867 intelligentiam
1643 1831 1852 1866 derelinquens

1026 1883 1083 1902 non
1114 1883 1177 1902 esse
1206 1875 1315 1902 bonum
1346 1875 1493 1911 duplicem
1519 1884 1687 1910 numerum,
1714 1873 1783 1911 quia
1816 1876 1851 1903 ab

1027 1919 1135 1947 unione
1151 1919 1262 1947 dividat
1276 1920 1296 1952 ⁷,
1314 1922 1341 1947 ct
1356 1920 1523 1956 praeliguret
1538 1920 1645 1947 foedera
1669 1920 1850 1955 nuptiarum.

1028 1964 1109 1992 Unde
1122 1964 1151 1991 in
1175 1972 1241 1991 arca
1270 1964 1329 1991 Noe
1358 1964 1457 1991 omnia
1481 1964 1628 1996 animalia,
1660 1971 1853 1999 quaecumque

1027 2009 1097 2037 bina
1112 2008 1328 2045 ingrediuntur,
1345 2008 1499 2036 immunda
1510 2010 1579 2035 sunt
1594 2008 1668 2042 (Gen.
1688 2015 1726 2034 vn
1742 2012 1767 2034 et
1777 2008 1851 2043 vni).

1029 2054 1126 2089 Impar
1139 2061 1280 2080 numerus
1295 2055 1340 2080 est
1356 2053 1494 2080 mundus.
1512 2052 1684 2088 Quanquam
1696 2052 1726 2079 in
1743 2050 1854 2087 duplici

136 2096 315 2127 Zachariam
329 2099 361 2125 et
387 2096 537 2142 Eﬁsabeth
547 2098 694 2133 pervenit:
714 2105 747 2125 ac
764 2098 868 2126 deinde
884 2107 973 2135 oppo-
990 2110 1014 2142 Β
1030 2106 1152 2125 numero
1169 2097 1340 2125 ostendatur
1355 2100 1382 2125 et
1394 2097 1473 2125 aliud
1486 2099 1714 2130 sacramentum,
1727 2096 1806 2142 quod
1817 2104 1853 2142 ne

135 2141 184 2170 1ιῆ
336 2142 367 2170 et
380 2144 500 2170 ceteros
515 2138 682 2178 "apostolos,
700 2150 753 2170 nos
764 2142 775 2159 ³
796 2151 914 2178 quoque
929 2144 976 2171 de-

136 2185 250 2216 bonis
277 2193 334 2223 per
357 2185 460 2214 eadem
488 2193 604 2214 currere
632 2186 755 2222 vestigia
769 2187 975 2222 quaestionum,

136 2229 464 2260 etiametiamnum
477 2238 593 2266 semper
607 2230 687 2266 operi
699 2231 869 2267 nuptiarum
885 2232 977 2260 fuisse

176 2291 193 2330 ξ
208 2288 520 2330 Mlmmplaria,
546 2293 602 2321 Nec
614 2300 778 2330 consequens
799 2301 855 2321 esse
868 2296 909 2326 ut,
921 2296 976 2322 etc.

474 2326 581 2358 etmox
609 2328 672 2364 pari
693 2326 850 2365 consensu,
881 2330 977 2365 plures

279 2364 367 2394 vim
393 2372 447 2401 pro
461 2365 598 2401 accipiat:
612 2366 642 2392 et
655 2364 742 2400 paulo
753 2367 829 2400 post,
845 2364 978 2393 secundus

137 2362 172 2385 ﬂ

551 2399 678 2443 agamus.

474 2437 508 2464 Et
542 2429 652 2463 criteros
693 2435 826 2471 apostolos
854 2436 980 2464 habuisse

499 2515 561 2545 nec
585 2507 686 2545 nostra
711 2506 890 2545 exemplaria
927 2516 979 2535 nec

404 2543 442 2572 ad
456 2542 598 2580 Ephesios
611 2541 728 2580 habent.

180 2577 199 2616 ξ
214 2577 628 2616 macilenta—quimus
647 2577 737 2606 verba
746 2579 884 2606 masculus
899 2582 924 2606 et
939 2581 979 2614 fc-

211 2615 243 2651 I,
258 2612 333 2651 seu?
345 2612 481 2647 inciditis
496 2613 779 2651 hicinterseruntur
790 2617 892 2643 contra
907 2612 979 2642 mss.

211 2615 214 2619 ’
258 2621 333 2651 seu
345 2613 481 2647 mediiis
496 2614 545 2642 hic
557 2613 776 2642 interseruntur
790 2617 892 2643 contra
907 2623 979 2642 mss.

137 2613 299 2686 =m,
315 2649 633 2689 quos‘eonsuluimus,
657 2648 755 2685 ﬁdem,
772 2648 831 2678 imo
842 2653 871 2678 et
885 2653 981 2679 textus

1032 2142 1061 2169 in
1077 2142 1180 2170 bestiis
1196 2142 1316 2177 quidem
1332 2144 1361 2169 et
1377 2142 1404 2169 in
1419 2142 1580 2169 immundis
1596 2142 1698 2169 avibus
1726 2141 1856 2177 digamia

1032 2186 1224 2221 comprobata
1235 2186 1282 2213 sit.
1294 2186 1365 2213 Bina
1374 2186 1453 2214 enim
1463 2186 1648 2222 igrediuntur
1661 2186 1671 2203 ⁸
1683 2185 1855 2218 immunda;

1033 2232 1062 2257 et
1078 2232 1198 2265 septena
1213 2238 1277 2265 quae
1295 2231 1406 2257 munda
1421 2233 1500 2264 sunt,
1515 2233 1545 2258 ut
1560 2231 1679 2258 haberet
1693 2230 1762 2264 Noe,
1793 2231 1859 2264 post

1033 2291 1115 2330 Pauli
1142 2292 1177 2330 ad
1209 2291 1400 2330 Colossenses
1414 2301 1469 2330 _iu,
1488 2293 1531 2324 10,
1551 2292 1635 2326 cujus
1652 2290 1855 2330 ωολοθυεεβξι

1033 2328 1108 2355 infra
1121 2327 1198 2354 enim
1226 2328 1323 2354 nescio
1352 2328 1422 2362 quid
1453 2329 1488 2354 de
1531 2325 1653 2354 sextium
1691 2325 1859 2353 diversitate

1033 2372 1066 2391 ex
1075 2363 1156 2399 ponit
1171 2361 1446 2399 Hieronyinus,quua
1463 2363 1503 2389 illi
1516 2366 1679 2397 suteunque
1696 2361 1858 2399 suifragan-

1034 2372 1066 2391 ex
1075 2372 1156 2399 pomi
1171 2372 1374 2398 nieronymus,
1404 2372 1446 2390 uua
1463 2372 1503 2389 1111
1516 2372 1679 2397 suteunque
1696 2372 1858 2397 sunragan-

1034 2402 1092 2426 tur.
1108 2399 1182 2426 Tum
1200 2398 1336 2434 legimus,
1352 2372 1399 2425 sed
1413 2400 1516 2433 omnia,
1538 2402 1563 2425 et
1578 2399 1608 2424 in,
1637 2397 1762 2425 omnibus
1791 2405 1858 2425 cum

1033 2435 1139 2462 iisdem
1154 2433 1271 2461 mssfet
1286 2433 1383 2461 Graico
1400 2436 1488 2461 textu.

1069 2471 1079 2488 δ
1097 2470 1184 2497 Hodie
1200 2478 1257 2496 non
1275 2469 1331 2496 nisi
1346 2470 1423 2505 apud
1438 2469 1504 2496 LXX
1520 2471 1549 2496 et
1568 2469 1721 2496 Arabicam
1749 2468 1860 2496 versio-

1036 2514 1102 2534 nem
1119 2505 1237 2533 additur
1250 2505 1379 2532 secunda
1394 2505 1450 2537 die,
1463 2505 1532 2533 vidit
1546 2505 1624 2532 Deus.

1071 2542 1080 2558 ⁷
1097 2540 1213 2568 Scilicet
1228 2541 1263 2568 ab
1280 2541 1401 2568 unitate.
1424 2541 1493 2569 Vide
1508 2541 1537 2568 in
1567 2540 1720 2576 epistolam
1749 2540 1794 2570 2!,
1824 2538 1860 2576 ad

1036 2576 1237 2613 Eustochium,
1268 2585 1334 2612 pag.
1365 2577 1428 2609 101,
1446 2586 1475 2604 n.
1501 2574 1656 2613 nobis-col.
1686 2576 1747 2606 406,
1776 2574 1861 2613 natu).

1071 2613 1082 2629 ⁸
1098 2612 1181 2645 Mss.,
1203 2611 1392 2640 biua’eriimct
1408 2614 1471 2641 bina
1493 2611 1709 2647 ingrediuntur:
1735 2617 1802 2636 mox
1831 2611 1866 2647 111

1036 2648 1226 2677 Casanatensi
1241 2649 1296 2678 Noe
1308 2656 1414 2677 nomen
1439 2648 1632 2678 desideratur.
1647 2647 1789 2676 Caeterum
1819 2650 1870 2670 sic

1783 2816 2676 3216 Ν
