5364 6558
1028 259 1158 346 an

2286 257 2351 328 S.
2397 261 2704 327 EUSEBII
2749 257 3194 326 HIERONYMI

4275 251 4396 322 M8“

1036 394 1342 466 diluvium,
1401 395 1558 468 quod
1614 395 1686 453 de
1743 395 1952 469 impari
2001 412 2244 452 numero
2305 398 2504 454 statim
2559 397 2674 452 Deo
2703 397 2891 463 Anec
2943 395 3230 452 dabamus
3287 393 3619 467 repudium,
3652 408 3757 448 nec
3807 390 4081 465 prmputla
4105 391 4261 449 nobis
4285 393 4382 450 eri-

1035 491 1234 562 posset
1263 486 1486 542 offerre.

1109 578 1194 632 17.
1226 577 1284 632 Si
1321 579 1517 630 autem
1547 575 1899 629 transfertur
1929 575 2120 630 Enoch
2155 577 2193 640 ι,
2218 579 2274 629 et
2309 578 2573 628 servatur
2621 573 2677 638 in

957 649 962 656 ’
1037 664 1255 722 diluvio
1286 665 1424 730 Noe,
1455 681 1569 718 non
1603 679 1732 718 reor
1792 661 2005 717 ideirco
2059 662 2411 718 translatum
2459 660 2678 725 Enocb,

1040 756 1198 828 quod
1226 769 1462 809 uxorem
1513 751 1819 817 habuerit;
1854 752 1954 806 sed
1988 752 2141 823 quod
2174 751 2400 823 primus
2449 750 2681 804 invoca-

1039 844 1187 902 verit
1218 844 1402 898 Deum
1433 846 1491 897 et
1518 839 1830 896 crediderit
1858 839 1916 894 in
1948 842 2274 896 Creatorem
2305 840 2326 873 ³
2360 840 2464 910 [AL
2488 838 2682 893 Salva-

1041 934 1270 998 torem],
1303 931 1375 986 de
1396 947 1510 1001 quo
1544 928 1760 984 Paulus
1781 927 2082 1000 apostolus
2111 928 2168 982 in
2203 926 2459 998 Epistola
2489 926 2561 980 ad
2586 926 2683 980 He-

1043 1021 1232 1078 braeos
1265 1019 1608 1090 plenissime
1635 1018 1801 1072 docet
1830 1017 2014 1086 (Hebr.
2070 1034 2147 1082 xx,
2179 1016 2257 1085 5).
2317 1015 2487 1070 Porro
2544 1014 2684 1080 Noe,

1044 1110 1145 1181 qui
1173 1107 1342 1180 quasi
1364 1107 1624 1162 secunda
1647 1105 1811 1160 radix
1832 1106 2090 1160 humano
2106 1104 2300 1176 generi
2327 1103 2684 1169 servabatur,

1045 1199 1250 1270 utique
1280 1213 1413 1252 cum
1445 1197 1591 1252 267
1632 1211 1806 1250 uxore
1838 1200 1896 1249 et
1949 1193 2084 1249 filiis
2140 1193 2343 1248 debuit
2383 1192 2685 1248 reservari.

1045 1287 1392 1356 Quanquam
1425 1285 1484 1338 in
1535 1283 1643 1338 hoc
1699 1282 2042 1354 mysterium
2099 1281 2531 1352 Scripturarum
2591 1279 2688 1334 sit.

1046 1377 1193 1432 Area
1214 1373 1332 1439 illa,
1355 1375 1526 1445 juxta
1556 1371 1886 1443 apostolum
1919 1375 2156 1426 Petrum
2188 1373 2233 1437 (Ι
2263 1373 2406 1425 Petr.
2470 1387 2553 1437 ιιι,
2577 1369 2685 1438 20).

1047 1468 1224 1536 typus
1252 1460 1523 1518 Ecclesia:
1553 1459 1684 1530 fuit,
1718 1461 1777 1514 in
1809 1477 1925 1531 qua
1959 1464 2086 1515 octo
2109 1460 2317 1514 anima:
2337 1457 2506 1513 salvae
2531 1459 2692 1513 iactae

1049 1556 1209 1609 sunt.
1245 1549 1490 1616 Quando
1521 1547 1850 1619 ingreditur
1880 1547 1938 1602 in
1998 1565 2125 1603 eam
2183 1547 2322 1617 Noe,
2371 1552 2492 1602 tam
2547 1547 2691 1618 ipse,

1050 1657 1230 1712 quam
1264 1638 1367 1692 ﬁlii
1391 1640 1539 1708 ejus,
1573 1638 1645 1692 ab
1693 1637 1973 1692 uxoribus
2025 1640 2408 1708 separantur;
2461 1636 2696 1707 quando

1047 1743 1184 1800 v‘ero
1213 1726 1511 1799 egreditur
1536 1726 1597 1780 in
1629 1729 1864 1792 terram,
1891 1727 2226 1797 junguntur
2242 1725 2436 1797 paria;
2465 1729 2522 1780 et
2543 1724 2695 1795 quod

1051 1815 1111 1871 in
1146 1831 1298 1883 arca,
1331 1813 1388 1869 id
1419 1819 1526 1879 est,
1559 1813 1618 1868 in
1677 1813 1933 1868 Ecclesia
1990 1815 2177 1868 fuerat
2232 1819 2588 1885 separatum,
2642 1813 2699 1867 in

1054 1904 1262 1960 mundi
1294 1902 1732 1958 conversatione
1785 1903 2058 1958 sociatur.
2115 1902 2415 1974 Simulque
2469 1902 2519 1958 si
2571 1919 2706 1958 arca

1056 1993 1254 2069 plures
1279 1991 1486 2048 habuit
1512 1991 1848 2046 mansiones
1870 1996 1920 2046 et
1957 1990 2210 2057 nidulos,
2242 1995 2300 2046 et
2325 1992 2701 2058 bicamerata,

1057 2087 1114 2140 et
1142 2082 1537 2147 tricamerata,
1565 2085 1621 2134 et
1648 2079 1906 2134 diversas
1936 2080 2174 2145 bestias,
2207 2085 2263 2134 et
2293 2097 2394 2151 pro
2427 2080 2707 2152 qualitate

1058 2169 1405 2227 animalium
1463 2168 1852 2224 habitationes
1911 2185 2143 2240 quoque
2195 2168 2284 2224 vel
2337 2171 2586 2239 majores
2618 2167 2707 2223 vel

1059 2260 1336 2326 minores,
1370 2257 1596 2312 azstimo
1627 2257 1780 2327 quod
1822 2255 2129 2312 diversitas
2175 2255 2276 2312 illa
2331 2258 2704 2313 mansionum

1059 2345 1520 2418 praefiguraverit
1548 2343 1814 2399 Ecclesiae
1836 2344 2200 2400 varietatem.

1135 2436 1220 2492 18.
1271 2433 1742 2490 Comedendarum
1799 2437 2055 2489 carnium
2113 2437 2352 2490 licentia.
2417 2465 2484 2476 —
2541 2435 2707 2500 Quod

1062 2528 1257 2580 autem
1290 2522 1461 2578 nobis
1490 2522 1711 2593 objicit,
1747 2522 1805 2577 in
1841 2525 2100 2578 secunda
2148 2523 2246 2579 Dei
2308 2523 2708 2579 benedictione

1063 2612 1557 2669 comedendaium
1589 2611 1855 2666 carnium
1887 2611 2183 2666 licentiam
2217 2613 2434 2679 datam,
2470 2630 2596 2684 qua:
2651 2615 2707 2668 in

1063 2700 1255 2774 prima
1278 2715 1558 2755 concessa
1589 2715 1704 2754 non
1736 2699 1942 2765 fuerat,
2005 2701 2150 2755 sciat
2205 2701 2498 2772 quomodo
2539 2718 2709 2772 repu-

1066 2789 1423 2860 diumjuxta
1452 2787 1750 2859 eloquium
1784 2787 2102 2844 Salvatoris
2133 2789 2204 2843 ab
2237 2789 2404 2844 initio
2436 2806 2550 2845 non
2609 2791 2708 2844 da-

1066 2879 1274 2945 batur;
1327 2877 1428 2932 sed
1485 2881 1718 2948 propter
1757 2877 2038 2932 duritiam
2097 2877 2290 2932 cordis
2349 2879 2553 2947 nostri,
2612 2895 2715 2950 per

1069 2965 1306 3039 Moysen
1329 2965 1589 3020 humano
1611 2965 1807 3037 generi
1841 2981 2184 3021 concessum
2207 2971 2293 3022 cst
2319 2985 2330 3022 :
2365 2968 2448 3022 sic
2471 2973 2525 3021 et
2546 2983 2713 3023 esum

1071 3055 1337 3112 carnium
1372 3071 1559 3126 usque
1587 3055 1658 3108 ad
1691 3053 1974 3109 diluvium
2008 3055 2272 3127 ignotum
2324 3056 2524 3111 fuisse.
2575 3060 2716 3112 Post

2733 1769 2780 1834 B

2788 483 3176 557 piebanturin
3211 484 3595 554 signum.Hoc
3625 499 3802 538 cursu
3838 497 4016 553 usque
4046 482 4112 536 ad
4139 481 4389 539 diluvium

2788 574 3181 646 pervenimus.
3248 573 3388 628 Post
3444 573 3729 628 diluvium
3783 576 3973 627 autem
4021 587 4147 625 cum
4191 572 4398 628 datione

2789 661 2957 733 legis,
2983 679 3163 733 quam
3197 661 3441 733 implere
3501 661 3704 716 nullus
3723 660 3930 732 potuit,
3963 675 4156 714 carnes
4185 659 4397 730 ingestae

2792 755 2930 807 sunt
2953 752 3024 806 ad
3055 751 3430 818 vescendum,
3456 755 3513 806 et
3569 749 3812 822 repudia
3840 764 4106 804 concessa
4132 747 4347 803 duritiae
4369 751 4406 814 ⁸,

2793 845 2848 894 et
2881 838 3154 896 cultellus
3204 838 3666 895 circumcisionis
3715 837 4048 910 appositus;
4104 835 4262 906 quasi
4319 835 4406 892 Dei

2796 945 3010 983 manus
3044 915 3176 1000 plus
3207 927 3265 982 in
3324 928 3494 982 nobis
3525 927 3824 993 creaverit,
3856 940 4030 996 quam
4063 937 4287 978 necesse
4315 928 4410 978 est.

2800 1018 3110 1088 Postquam
3133 1023 3331 1071 autem
3350 1016 3617 1071 Christus
3645 1014 3803 1070 venit
3826 1014 3884 1068 in
3916 1013 4030 1067 fine
4060 1013 4409 1082 temporum“,

2799 1105 2953 1163 268
2986 1110 3044 1160 et
3085 1127 3128 1156 ω
3187 1104 3516 1160 revolvitad
3555 1123 3605 1168 α,
3655 1108 3711 1158 et
3751 1101 4167 1157 extremitatem
4200 1100 4420 1154 retraxit

2799 1197 2871 1251 ad
2904 1194 3290 1267 principium:
3345 1209 3446 1248 nec
3494 1192 3806 1265 repudium
3852 1189 4020 1245 nobis
4049 1189 4182 1244 dare
4206 1187 4418 1259 permit-

2800 1285 2966 1354 titur,
2997 1300 3101 1340 nec
3154 1282 3649 1348 circumcidimur,
3685 1297 3789 1336 nec
3829 1278 4192 1335 comedimus
4213 1292 4422 1340 carnes,

2803 1374 3030 1428 dicente
3087 1371 3396 1444 Apostolo:
3453 1374 3668 1426 Bonum
3691 1374 3772 1426 est
3802 1371 3996 1425 vinum
4037 1382 4147 1422 non
4169 1367 4355 1432 bibere,
4386 1370 4433 1420 et

2802 1479 2994 1518 carnes
3021 1477 3130 1518 non
3163 1460 3436 1518 comedere
3467 1461 3640 1531 (Rom.
3675 1476 3792 1525 xw,
3823 1458 3936 1528 2i).
3969 1457 4040 1512 Et
4067 1456 4263 1510 vinum
4291 1453 4429 1510 enim

2805 1567 2940 1606 cum
2973 1550 3250 1606 carnibus
3277 1555 3408 1620 post
3439 1548 3728 1604 diluvium
3759 1547 4102 1604 dedicatum
4132 1549 4234 1600 est.

2877 1640 2900 1694 i
2912 1639 2966 1694 9.
2999 1641 3153 1695 Isaac
3198 1637 3380 1693 Christ
3444 1639 3644 1708 ﬁgura.
3672 1667 3740 1676 —
3768 1635 3919 1700 Quid
3948 1634 4155 1706 loquar
4183 1632 4249 1687 de
4274 1632 4435 1687 Abra-

2809 1728 2972 1796 ham,
2999 1732 3063 1782 ut
3091 1727 3216 1800 ipse
3246 1727 3478 1793 asserit,
3530 1725 3801 1798 trigamo,
3834 1724 3935 1796 qui
3971 1722 4203 1795 signum
4233 1720 4358 1775 fidei
4383 1721 4437 1774 in

2811 1816 3259 1873 circumcisione
3284 1815 3584 1887 suscepit?
3605 1814 3663 1870 Si
3693 1814 4003 1869 imitamur
4034 1826 4275 1867 uxorum
4296 1808 4440 1863 illius

2812 1922 3149 1972 numerum,
3201 1905 3501 1960 imitemur
3554 1909 3614 1959 et
3674 1903 4205 1958 circumcisionem.
4262 1898 4446 1969 Neque

2813 1995 2968 2050 enim
2995 1994 3051 2049 in
3085 2001 3247 2067 parte
3278 1994 3611 2060 sectandas,
3645 1997 3703 2048 et
3747 1992 3805 2046 in
3839 1996 4006 2064 parte
4065 1987 4445 2060 repudiandus

2813 2088 2922 2139 est.
2955 2084 3130 2138 Porro
3155 2084 3314 2139 Isaac
3363 2083 3542 2138 unius
3593 2083 3860 2138 Rebeccae
3890 2080 3999 2147 vir,
4032 2077 4243 2134 Christi
4274 2073 4448 2148 praefi-

2814 2178 2989 2244 gurat
3017 2171 3358 2237 Ecclesiam,
3391 2176 3447 2227 et
3485 2171 3758 2244 digamiaa
3791 2168 4070 2242 suggillat
4102 2165 4387 2222 lasciviam
4409 2165 4445 2216 ⁷.

2813 2261 3078 2316 Siautem
3102 2262 3248 2316 duas
3265 2261 3430 2333 bigas
3443 2276 3688 2316 uxorum
3709 2265 3763 2315 et
3779 2257 4242 2315 concubinarum
4261 2252 4454 2308 habuit

2813 2350 3017 2414 Jacob,
3048 2354 3106 2404 et
3137 2367 3250 2404 non
3283 2348 3407 2403 vult
3427 2348 3797 2405 adversarius
3826 2341 4458 2418 acquiescere,lippien-

2815 2435 2935 2484 tem
2992 2429 3153 2484 Liam
3202 2430 3523 2484 deformem
3583 2433 3758 2498 atque
3817 2429 4114 2482 fetuosam
4163 2435 4454 2495 synagoga:

2815 2523 3020 2590 typum
3081 2517 3434 2589 praetulisse:
3496 2516 3705 2572 Rachel
3752 2533 3884 2572 vero
3942 2513 4259 2586 pulchram
4284 2515 4339 2565 et
4367 2508 4458 2562 diu

2818 2607 3100 2675 sterilem,
3121 2607 3384 2663 Ecclesia:
3443 2607 3807 2679 significasse
3837 2598 4382 2676 mysterium,sciat,
4402 2612 4460 2652 eo

2820 2710 3080 2775 tempore
3134 2705 3242 2760 hoc
3291 2705 3493 2760 fecisse
3514 2703 3718 2772 Jacob,
3756 2702 3992 2774 quando
4028 2704 4154 2756 erat
4183 2699 4332 2754 inter
4358 2698 4460 2751 As-

2820 2793 3027 2863 syrios,
3061 2798 3118 2848 et
3144 2795 3201 2847 in
3223 2792 3640 2864 MeSOpotamia
3661 2792 3854 2848 Laban
3877 2790 4204 2845 durissimo
4233 2786 4458 2842 domino

2821 2882 3126 2938 serviebat.
3161 2882 3402 2946 Quando
3431 2886 3626 2936 autem
3674 2882 3909 2936 Terram
3944 2885 4215 2934 sanctam
4247 2873 4463 2948 ingredi

2821 2968 3030 3031 voluit;
3089 2971 3223 3025 etin
3276 2975 3472 3027 monte
3522 2969 3736 3025 Galaad
3769 2967 4060 3024 exstruxit
4089 2981 4355 3022 acervum
4385 2968 4462 3017 te-

2822 3058 3104 3123 stimonii,
3134 3059 3193 3113 in
3225 3075 3340 3130 quo
3383 3058 3528 3113 nihil
3577 3059 3724 3113 inter
3749 3056 4012 3113 sarcinas
4055 3057 4188 3127 ejus
4219 3058 4463 3124 Mesopo-

1072 3143 1360 3198 diluvium
1391 3158 1544 3208 vero,
1579 3144 1751 3214 quasi
1782 3143 1837 3198 in
1857 3160 2049 3199 eremo
2078 3144 2470 3199 murmuranti
2503 3144 2714 3215 populo
2747 3133 2788 3199 C
2823 3147 3013 3202 tamiaa
3038 3164 3342 3219 possessor
3363 3146 3684 3211 invenerat,
3709 3147 3921 3217 jurans
3962 3162 4024 3200 se
4061 3157 4366 3215 nunquam
4397 3139 4464 3194 ad

1071 3232 1434 3288 coturnices:
1470 3231 1552 3285 ita
1580 3232 1855 3288 dentibus
1889 3233 2106 3287 nostris
2139 3249 2346 3289 nervos
2375 3239 2431 3288 et
2459 3233 2714 3289 virulen-

1068 3320 1184 3375 tias
1213 3319 1406 3374 carnis
1435 3319 1456 3352 3
1482 3318 1762 3390 ingestas.
1796 3321 1972 3376 Docet
2000 3321 2312 3393 Apostolus
2343 3323 2605 3378 scribens
2639 3324 2711 3378 ad

1065 3407 1348 3480 Ephesios
1379 3411 1518 3480 (cap.
1553 3409 1594 3478 1)
1642 3413 1821 3464 Deum
1877 3411 2252 3482 proposuisse
2302 3411 2359 3466 in
2419 3411 2710 3484 adimple—

1063 3497 1220 3552 tione
1250 3503 1579 3570 temporum
1612 3497 1995 3568 recapitulare
2026 3500 2259 3555 omnia:
2294 3507 2350 3555 et
2388 3503 2458 3556 ad
2492 3502 2708 3573 princi-

1061 3586 1224 3660 pium
1251 3586 1477 3642 trahere
1505 3585 1564 3642 in
1594 3586 1894 3642 Christum
1916 3588 2119 3643 Jesum
2143 3589 2182 3655 ⁸,
2217 3605 2344 3660 quae
2376 3596 2710 3661 suntsuper

1057 3674 1234 3731 cmlos
1267 3682 1323 3730 et
1353 3692 1530 3747 super
1557 3680 1795 3730 terram.
1829 3675 1992 3732 Unde
2038 3683 2096 3732 et
2152 3677 2278 3749 ipse
2335 3679 2595 3734 Salvator
2645 3681 2704 3736 in

1055 3764 1404 3837 Apocalypsi
1431 3765 1713 3820 Joannis:
1745 3766 1852 3835 Ego
1881 3783 2024 3833 sum,
2057 3766 2267 3839 inquit,
2302 3788 2332 3819 α
2375 3774 2431 3823 et
2461 3789 2525 3836 ω,
2584 3772 2702 3825 ini-

1058 3855 1200 3909 tium
1247 3861 1298 3908 et
1349 3855 1481 3923 ﬁnis
1533 3854 1713 3925 (Apoc.
1771 3871 1809 3921 ι,
1870 3856 1904 3908 8
1953 3860 2002 3910 et
2049 3873 2184 3926 xxu,
2218 3857 2328 3926 13).
2361 3858 2445 3912 Ab
2468 3859 2702 3915 exordio

1055 3941 1408 3998 conditionis
1450 3941 1744 4011 humanae,
1805 3958 1908 3999 nec
1967 3945 2243 4001 carnibus
2299 3947 2697 4014 vescebamur,

1052 4083 1511 4160 interpretantur
1557 4084 1656 4157 qui
1705 4089 1929 4160 septem
1984 4103 2245 4160 numero,
2311 4105 2423 4160 non
2475 4093 2696 4160 septem

1051 4155 1974 4230 pariamundorumanimalium
2011 4158 2069 4212 in
2102 4175 2295 4213 arcam
2321 4155 2586 4230 ingressa
2617 4162 2697 4215 in-

1048 4226 1341 4309 telliguntz
1372 4228 1757 4309 Augustinus,
1793 4229 2120 4309 de‘Civifatc
2145 4231 2259 4309 Dei,
2294 4226 2524 4309 ing-27;
2559 4234 2692 4309 Am-

1046 4299 1280 4372 brosius
1310 4301 1380 4356 de
1412 4299 1561 4372 Area
1589 4305 1722 4366 Noe,
1757 4317 1806 4354 (τ.
1840 4303 1942 4367 22;
2003 4301 2443 4372 Theodoretus,
2484 4308 2688 4372 quaest.

1045 4372 1116 4426 50
1144 4370 1438 4437 in'Genes.,
1474 4371 1712 4442 aliique.
1747 4372 1956 4426 Notum
2005 4376 2344 4442 tamengest
2397 4370 2542 4426 alios
2597 4373 2690 4426 iti-

1044 4442 1278 4522 demﬁer
1302 4442 1562 4522 antiquis
1592 4441 1833 4512 septena
1855 4443 2025 4522 paria
2059 4441 2401 4513 intelligere.

1120 4511 1268 4573 ‘Qui
1292 4502 1520 4581 primiis
1550 4502 1896 4566 invocaverit
1931 4513 2132 4574 Deum,
2166 4502 2280 4566 autv
2315 4529 2524 4567 nomen
2586 4513 2693 4567 Do-
2729 4502 2770 4564 [)

1044 4581 1216 4644 mini,
1251 4599 1362 4636 non
1400 4583 1591 4637 linoch
1628 4585 1754 4646 fuit,
1777 4584 1875 4637 sed
1904 4585 2076 4646 Enos,
2099 4581 2254 4638 filius
2284 4583 2444 4638 Seth.
2472 4587 2688 4653 (Genes.

2823 3235 3016 3291 locum
3047 3237 3105 3291 in
3131 3252 3245 3307 quo
3285 3236 3557 3292 servierat
3615 3250 3982 3290 reversurum
4009 3251 4022 3288 :
4064 3238 4122 3289 et
4152 3233 4224 3288 ad
4257 3236 4464 3287 torren-

2820 3328 2938 3379 tem
2969 3325 3190 3380 Jaboch
3213 3341 3346 3380 cum
3377 3324 3582 3396 angelo
3612 3323 3892 3387 luctatus,
3927 3321 4267 3378 claudicare
4286 3317 4471 3390 coepit,

2820 3417 2876 3467 et
2905 3410 3082 3465 πλατὺ
3111 3417 3294 3486 νεῦρον
3330 3414 3480 3484 [Scil.
3539 3429 3751 3467 nervus
3809 3411 4067 3478 femoris]
4119 3411 4248 3481 ejus
4285 3422 4472 3463 emar-

2818 3501 2957 3567 cuit,
2981 3503 3298 3573 statimque
3344 3503 3511 3557 Israel
3543 3500 3784 3556 sortitus
3827 3504 3916 3555 est
3974 3515 4236 3555 nomen:
4297 3500 4354 3552 et
4381 3492 4478 3549 illa

2817 3592 3112 3661 quondam
3173 3590 3383 3647 dilecta
3439 3591 3670 3662 conjux,
3714 3605 3818 3661 pro
3851 3604 3968 3660 qua
3995 3587 4475 3656 servieratjuxta

2816 3679 3131 3748 Bethleem,
3166 3680 3225 3735 in
3258 3697 3373 3751 qua
3402 3684 3526 3734 erat
3569 3679 3925 3751 virginitatis
3957 3693 4154 3748 praeco
4186 3674 4471 3733 Dominus

2815 3769 3168 3836 nasciturus,
3226 3787 3259 3823 a
3291 3769 3410 3824 {ilio
3441 3769 3592 3840 [Scil.
3647 3767 3882 3837 Benovni]
3925 3765 4152 3822 doloris
4182 3763 4468 3821 occiditur

2810 3858 2962 3926 (Gen.
2987 3876 3154 3926 xxxv,
3199 3860 3324 3925 18);
3358 3863 3417 3913 et
3469 3857 3759 3913 consortia
3806 3855 4244 3926 Mesopotamia
4291 3868 4470 3908 evan-

2808 3947 2993 4020 gelica
3023 3948 3082 4002 in
3113 3948 3341 4003 civitate
3374 3947 3719 4002 moriuntur.

2807 4087 3133 4159 elegantius
3151 4087 3488 4142 Jurulentias
3525 4088 3748 4159 carnis.
3779 4084 3996 4159 Docen~t
4015 4083 4202 4159 etiam
4225 4077 4466 4159 _Tertul-

2805 4153 3017 4226 lienus,
3051 4177 3106 4213 1v
3129 4159 3194 4212 de
3220 4160 3472 4229 Jejuniis,
3509 4158 3805 4229 Origenes,
3843 4158 3910 4229 ad
3945 4155 4193 4229 Genesis
4225 4153 4265 4209 l.
4299 4167 4462 4229 xxxx;

2806 4230 3081 4295 Basilius,
3108 4226 3581 4300 Chrysostomus,
3613 4226 4025 4293 Theodoritus,
4058 4226 4308 4300 aliique,
4335 4226 4468 4278 ante

2805 4300 3090 4356 diluvium
3122 4297 3415 4367 vescentis:
3435 4302 3628 4354 carnis
3659 4299 3886 4370 copiam
3910 4315 4025 4354 non
4053 4314 4187 4353 esse
4219 4297 4467 4370 factam,

2874 4373 2912 4426 ‘.
2945 4376 3080 4426 Mss.
3120 4371 3323 4439 nostri,
3357 4372 3439 4426 Ad
3465 4367 3805 4441 principium
3845 4369 4124 4425 retrahere
4156 4371 4220 4424 in
4254 4367 4472 4422 Christo

2800 4445 2943 4498 Iesu.
2975 4443 3118 4497 Vide
3150 4442 3576 4497 ’l‘ertullianum
3604 4442 3704 4497 lib.
3738 4459 3772 4495 ν
3802 4443 3863 4496 in
3891 4442 4248 4496 Marcionem.

2873 4515 2893 4547 ⁵
2923 4513 3078 4568 Alibi
3110 4519 3166 4567 et
3199 4515 3250 4567 in
3285 4513 3627 4578 Veronensi,
3683 4512 3897 4584 repudii
3935 4527 4194 4584 concessa
4225 4509 4472 4572 duritia,

2803 4585 2889 4639 vel
2919 4586 3167 4640 durities.
3211 4584 3314 4639 Alii
3351 4602 3482 4639 mox
3537 4583 3858 4648 creaverim,
3893 4583 4150 4654 plurium
4185 4594 4466 4637 numero.

1041 4652 1118 4721 ιγ)
1147 4670 1158 4719 ;
1191 4668 1369 4742 quem
1403 4653 2396 4742 verontransla‘tum'dicitScriptura
2419 4652 2575 4726 (Gen.
2611 4660 2690 4726 v,)

1040 4739 1153 4799 non
1191 4724 1363 4799 Enos,
1397 4725 1497 4799 sed
1524 4724 1735 4789 Enoch,
1768 4725 1940 4799 Jared
1976 4725 2268 4799 ﬁliusest,
2329 4728 2399 4799 de
2427 4724 2569 4799 quo
2631 4724 2688 4782 in

1037 4796 1286 4866 epist.ad
1323 4796 1589 4869 llebrzeos
1633 4795 2283 4869 Apostoluswloquitur.
2337 4795 2500 4853 Forte
2557 4815 2688 4869 pro-

1037 4875 1335 4940 perantem
1371 4868 1785 4940 Hieronymum
1829 4866 2028 4922 fefellit
2059 4866 2314 4940 nominis
2343 4866 2687 4926 similitudo.

1107 4937 1434 4996 Creatorem.
1502 4937 1667 4995 Falso
1726 4938 1784 4993 in
1839 4939 2010 4994 editis
2072 4938 2286 5011 legitur
2358 4943 2413 4994 in
2494 4941 2685 4996 Salva-

1036 5012 1206 5063 torem
1236 5029 1370 5066 cum
1404 5029 1607 5068 omnes
1642 5029 1783 5066 mss.
1818 5011 2046 5066 codices
2080 5013 2366 5068 retineant
2407 5015 2466 5066 in
2525 5013 2686 5067 Crea-

1036 5081 1205 5156 torem
1234 5099 1305 5156 ne
1337 5101 1451 5138 uno
1483 5083 1719 5156 quidem
1759 5089 2014 5156 excepto.
2078 5083 2250 5139 Porro
2280 5155 2287 5156 7
2325 5083 2512 5138 Enoch
2571 5101 2684 5156 non

1032 5151 1422 5222 estprimus,
1467 5151 1568 5222 q'ui
1619 5151 1915 5210 invocavit
1949 5156 2153 5219 Deum,
2190 5155 2294 5210 Sed
2328 5156 2498 5217 Enos,
2532 5155 2686 5209 {ilius

1032 5218 1213 5300 ﬁeth‘;
1243 5222 1352 5300 nisi
1387 5218 1842 5300 forte_i_ntel_liga_t
1868 5218 2248 5300 Hieronymus
2270 5227 2489 5300 cultum
2519 5243 2686 5300 pecu-

1035 5289 1237 5372 liarem
1270 5292 1406 5372 fidei
1451 5289 1860 5372 ιιι-βιωθῑῆᾶο
1891 5316 2005 5368 quo
2050 5289 2684 5372 meminituApo‘s'tolus

1032 5361 1091 5438 i_n
1126 5361 1472 5438 Epistolaad
1509 5364 1801 5438 Hebraeos,
1847 5361 2022 5438 caput
2051 5387 2126 5433 XI,
2164 5371 2262 5426 ubi
2290 5361 2438 5424 nihil
2474 5368 2684 5424 dicitur

1030 5432 1102 5487 de
1129 5432 1302 5495 Enos,
1339 5434 1456 5489 lilio
1484 5433 1642 5488 Seth.
1681 5432 1968 5492 ΜΑιιΤιΑιῖι.

1103 5504 1123 5537 ²
1160 5503 1409 5562 Gravius
1443 5505 1664 5560 mavult
1690 5508 2009 5562 Jurulentas
2042 5527 2268 5576 carnes;
2328 5516 2682 5567 Casanatcn-

1029 5575 1136 5646 sis,
1175 5577 1485 5635 νίν-αἰθυίαις
1514 5593 1707 5633 carnes
1739 5576 1912 5634 habet
1927 5596 1946 5639 ;
1981 5581 2083 5638 sed
2113 5581 2466 5638 Veronensis
2498 5584 2682 5640 ferme

2872 4657 2892 4690 δ
2923 4657 3001 4711 Ex
3055 4656 3434 4723 Tcrtulliono,
3493 4655 3558 4711 de
3609 4657 3964 4726 Monogamia,
4023 4654 4470 4726 expressus‘est

2800 4727 2998 4783 locus:
3035 4751 3061 4775 ‹‹
3096 4727 3245 4782 Dicit
3301 4733 3358 4782 et
3389 4727 3700 4798 Apostolus
3752 4723 4014 4782 scribens
4035 4723 4113 4780 ad,
4144 4723 4466 4798 Ephesios,

2801 4799 3388 4880 Deumproposuisse
3419 4797 3476 4852 in
3509 4799 3823 4880 semetipso
3841 4799 3921 4880 ad.
3944 4797 4466 4880 dispensationem

2802 4868 3160 4941 impletioni's
3193 4877 3547 4941 temporum,
3580 4871 3648 4924 ad
3683 4868 3879 4940 caput,
3907 4869 3963 4923 id
3988 4869 4175 4934 est,ad
4210 4868 4464 4922 initium

2799 4942 3156 5015 reciprocare
3213 4944 3486 4997 universa
3524 4942 3582 5015 in
3611 4941 3862 5015 Christo,
3923 4957 4050 5015 quae
4102 4945 4244 5015 seu}
4279 4951 4468 5015 super

2798 5011 2992 5078 caelos,
3025 5019 3081 5068 et
3111 5031 3288 5084 super
3331 5019 3514 5068 terras
3536 5013 3602 5084 in
3623 5012 3785 5083 ipso,
3817 5012 3901 5068 sic
3924 5017 3980 5066 et
4000 5011 4165 5084 duas
4189 5011 4459 5084 Graeciaa.

2798 5101 3094 5139 summam
3131 5082 3382 5140 litteram
3408 5089 3465 5138 et
3491 5082 3761 5138 ultimam
3781 5084 3892 5139 sibi
3915 5083 4107 5137 induit
4136 5082 4460 5136 Dominus.

2800 5155 2948 5210 initii
2981 5162 3036 5210 et
3067 5155 3196 5210 ﬁnis
3229 5156 3700 5226 concurrentium
3724 5156 3781 5209 in
3796 5173 3859 5211 se
3889 5153 4218 5226 figuras,uti
4245 5163 4464 5226 quem-

2797 5227 3115 5281 admodum
3149 5232 3267 5298 aet
3295 5247 3363 5292 ω,
3423 5225 3755 5298 replicatur,
3814 5227 3897 5281 ita
3927 5225 4259 5298 ostenderet
4293 5225 4357 5278 in
4394 5235 4464 5278 se

2795 5314 2943 5365 esse,
2979 5297 3207 5352 etinitii
3239 5297 3549 5352 decursum
3586 5298 3656 5352 ad
3676 5299 3850 5354 ﬁnem
3883 5303 3939 5353 et
3971 5297 4104 5351 finis
4135 5311 4461 5351 recursum

2795 5369 2865 5422 ad
2897 5369 3148 5422 initium.
3182 5390 3208 5418 ››

2866 5440 2884 5472 7
2918 5439 3142 5503 Isthaee,
3205 5440 3266 5510 Et
3318 5439 3576 5508 (ligamicr
3633 5441 3892 5510 suggillat
3949 5441 4251 5501 lasciviam,
4283 5453 4470 5508 pere-

2794 5510 3022 5581 grinam
3056 5508 3328 5565 subolent
3354 5526 3633 5565 manum:
3668 5508 3901 5566 certain
3935 5510 4095 5567 nullo
4128 5525 4270 5566 mss.
4311 5510 4465 5580 qui-

2793 5584 2903 5639 bus
2935 5583 3176 5652 utimur,
3203 5581 3597 5640 inveniuntur.
