5364 6558
254 128 370 200 m
386 174 389 177 η

1343 124 1764 199 ADVERSUS
1813 126 2291 196 JOVlNIANUM
2335 120 2483 192 LIB.
2529 122 2581 190 Ῑ.

3539 112 3662 188 250
3688 116 3691 123 ’

314 268 411 328 so.
440 271 657 343 Carpus
684 262 890 329 Christi
916 266 1111 324 mundi
1137 267 1331 345 debent
1352 284 1582 324 sumere.
1614 297 1684 309 ——
1728 267 1906 323 Miror
1932 269 1990 335 Α
2018 266 2352 323 sanctuario
2381 268 2502 319 tam
2534 258 2861 327 cherubim,
2895 276 3070 332 quam
3102 259 3659 334 propitiatorium,et

252 364 448 416 autem
480 377 592 415 cur
620 359 835 415 Judam
867 363 925 413 et
954 358 1213 413 Thamar
1243 356 1411 413 nobis
1444 357 1814 430 proposuerit
1842 356 1901 410 in

246 448 731 520 exemplum,nisi
754 448 899 503 forte
913 446 1390 503 etmeretricibus
1422 446 1742 501 delectatur
1766 463 1778 513 ;
1805 448 1906 499 aut

243 537 514 594 occisum
538 537 726 593 Onam
768 540 915 607 imas.
960 536 1235 606 Aunam],
1279 536 1435 607 quod
1494 535 1658 590 fratri
1706 550 1904 590 semen

244 626 531 683 inviderit
552 626 743 697 :quasi
769 641 878 680 nos
900 624 1395 695 qualemcumque
1409 624 1658 679 seminis
1682 623 1904 679 ﬂuxum

246 717 480 786 absque
514 714 834 770 liberorum
851 730 1024 785 opere
1045 712 1905 785 comprobemus.Perspicuum

242 811 337 859 est
372 806 447 860 de
476 803 863 875 Moyse,quod
897 801 1260 873 periclitatus
1302 806 1457 857 esset
1486 802 1544 856 in
1569 802 1905 867 diversorio,

249 893 361 948 nisi
395 893 669 963 Sephora,
704 909 833 963 quae
874 892 1294 963 interpretatur
1330 894 1470 955 avis,
1521 893 1673 947 269
1722 890 1907 945 filium

243 983 750 1050 circumcidisset,
798 985 856 1035 et
908 981 1259 1052 praeputium
1321 981 1661 1052 nuptiarum
1721 980 1908 1035 cultro

246 1070 588 1144 evangelico
621 1071 977 1126 desecasset.
1008 1070 1122 1123 Iste
1153 1086 1360 1141 nempe
1408 1070 1634 1142 Moyses
1665 1074 1772 1137 est,
1808 1069 1908 1140 qui

248 1177 392 1216 cum
418 1158 666 1215 vidisset
695 1158 984 1215 visionem
1018 1174 1318 1229 magnam,
1350 1163 1408 1213 et
1441 1158 1739 1231 angelum,
1792 1157 1911 1214 sive

247 1249 569 1304 Dominum
598 1247 942 1319 loquentem
976 1248 990 1281 ¹
1028 1247 1085 1301 in
1119 1248 1262 1302 rubo
1296 1264 1671 1318 nequaquam
1728 1246 1913 1301 valuit

251 1338 329 1393 ad
363 1354 496 1393 eum
529 1337 827 1403 accedere,
864 1334 978 1390 nisi
1026 1335 1295 1392 solvisset
1333 1336 1646 1408 corrigiam
1695 1336 1912 1391 calcea-

248 1428 431 1482 menti
466 1426 584 1492 sui,
636 1430 697 1480 et
745 1425 1057 1495 abjecisset
1103 1424 1340 1480 vincula
1386 1426 1746 1497 nuptiarum.
1798 1425 1912 1480 Nec

246 1518 470 1572 mirum
502 1516 619 1571 hoc
662 1516 735 1571 de
768 1514 955 1570 amico
984 1518 1043 1569 et
1089 1514 1374 1587 propheta
1420 1519 1477 1570 et
1522 1514 1759 1587 legifero
1792 1514 1910 1580 Dei,

245 1623 381 1662 cum
412 1605 623 1660 omnis
656 1603 909 1676 populus
940 1619 1285 1659 accessurus
1307 1604 1379 1659 ad
1403 1608 1663 1659 montem
1687 1603 1913 1669 Sina,et

248 1695 575 1752 auditurus
608 1693 1132 1764 eloquium,tribus
1162 1692 1370 1749 diebus
1412 1692 1764 1748 sanctiﬁcari
1793 1693 1915 1763 jus-

246 1800 354 1840 sus
386 1784 491 1847 sit,
526 1788 585 1838 et
615 1799 678 1837 se
709 1782 781 1837 ab
813 1782 1093 1835 uxoribus
1125 1782 1438 1837 abstinere.
1479 1782 1641 1845 Quod
1675 1780 1912 1852 quidem

245 1873 489 1929 scimus
518 1871 676 1941 (licet
710 1874 1059 1942 praepostere
1094 1871 1298 1925 faciam
1348 1870 1603 1925 historiae
1651 1869 1913 1925 ordinem

250 1960 647 2029 confundere)
677 1959 851 2014 etiam
886 1959 958 2012 ad
989 1959 1169 2013 David
1203 1959 1523 2031 fugientem
1556 1960 1627 2014 ab
1647 1958 1915 2013 Achime-

248 2049 397 2105 lech
432 2050 454 2083 ³
479 2049 775 2103 sacerdote
832 2048 1055 2103 dictum
1092 2066 1104 2103 :
1136 2050 1185 2103 si
1235 2049 1427 2103 mundi
1468 2056 1595 2103 sunt
1639 2049 1804 2120 pueri
1851 2048 1917 2102 ab

247 2140 533 2195 uxoribus
566 2139 614 2207 (Ι
639 2140 765 2207 Reg.
800 2154 917 2202 χχι,
946 2137 1025 2207 3).
1054 2137 1123 2191 Et
1151 2137 1249 2193 ille
1289 2138 1593 2208 respondit
1625 2154 1637 2191 :
1671 2137 1745 2191 Ab
1796 2137 1918 2191 heri

250 2232 305 2284 et
338 2227 553 2282 mulius
585 2229 783 2281 tertius
808 2226 995 2297 (Ibid.,
1029 2227 1104 2296 4).
1140 2226 1322 2282 Panes
1353 2227 1511 2282 enim
1563 2226 1918 2298 propositio-

249 2319 378 2383 nis,
424 2316 595 2387 quasi
647 2332 865 2387 corpus
907 2314 1144 2383 Christi,
1207 2317 1277 2370 de
1324 2332 1575 2371 uxorum
1625 2315 1919 2370 cubilibus

251 2409 687 2475 consurgentes
718 2404 890 2458 edere
922 2419 1035 2457 non
1068 2407 1356 2475 poterant.
1390 2405 1459 2459 Et
1492 2403 1735 2459 nobisin
1758 2407 1919 2459 tran-

253 2495 385 2551 situ
416 2498 504 2547 est
530 2491 1050 2563 contemplandum
1083 2493 1237 2562 quod
1269 2493 1444 2547 dixit:
1480 2492 1541 2547 Si
1566 2493 1762 2548 mundi
1791 2497 1922 2548 sunt

254 2584 432 2655 pueri
456 2581 526 2635 ab
580 2580 854 2635 uxoribus
883 2584 906 2635 Ρ
933 2579 1199 2635 videlicet
1265 2580 1423 2652 quod
1470 2570 1563 2634 ad.
1598 2580 1921 2635 munditias

257 2670 531 2742 corporis
570 2668 817 2734 Christi,
875 2668 1069 2723 omnis
1114 2669 1302 2725 coitus
1359 2668 1672 2724 immunda
1728 2668 1823 2724 sit.
1858 2670 1919 2722 In

258 2760 391 2831 lege
421 2774 662 2829 quoque
692 2756 1027 2828 praecipitur
1059 2760 1120 2812 ut
1162 2757 1422 2829 pontifex
1474 2758 1587 2813 nisi
1637 2757 1922 2830 virginem

261 2865 383 2904 non
406 2848 594 2902 ducat
634 2860 877 2901 uxorem
933 2846 1123 2916 (Levii.
1164 2847 1299 2916 xxr),
1334 2862 1441 2901 nec
1504 2851 1649 2913 [mea
1684 2847 1777 2917 ne]
1835 2845 1926 2899 vi-

260 2937 444 2991 duam
481 2934 756 3005 accipiat.
790 2934 850 2989 Si
882 2935 1085 2989 eadem
1112 2935 1358 3007 virginis
1389 2935 1693 3006 viduaeque
1724 2933 1922 2990 condi-

2013 372 2145 412 arca
2170 354 2530 419 testamenti,
2562 356 2618 407 et
2656 353 2810 407 270
2862 367 3067 405 mensa
3113 351 3547 422 propositionis,
3602 356 3657 407 et

2015 444 2453 508 candelabrum,
2487 447 2543 498 et
2570 441 2940 496 thuribulum
2972 457 3039 495 ex
3070 456 3211 495 auro
3262 441 3657 497 mundissimo

2016 539 2173 590 sunt.
2207 535 2405 604 Neque
2436 532 2584 587 enim
2622 531 2681 585 in
2713 531 2924 586 Sancta
2946 532 3283 586 sanctorum
3314 529 3513 585 inferri
3553 547 3655 601 po-

2014 628 2165 679 terat
2196 627 2526 695 argentum.

2088 803 2177 857 21.
2208 804 2364 857 Iosue
2390 800 2890 856 nomina.Secunda
2914 801 3261 855 circumcisio
3291 817 3416 855 cum
3440 802 3661 872 ρεινὶηο

2016 892 2258 947 cultello.
2292 892 2535 961 Regnum
2568 892 2809 961 quinque
2836 905 3116 944 sensuum.
3150 921 3218 929 ——
3266 890 3413 955 Quid
3465 907 3660 946 moror

2019 982 2076 1035 in
2111 981 2325 1052 Moyse,
2361 996 2495 1034 cum
2525 979 2669 1033 mihi
2704 979 3069 1050 pr0positum
3101 978 3177 1033 sit
3206 979 3424 1034 cursim
3456 980 3655 1035 celeri-

2019 1075 2222 1140 terque
2248 1068 2515 1133 dictanti,
2549 1067 2781 1139 singula
2826 1066 3074 1122 breviter
3123 1067 3225 1139 [AL
3272 1066 3491 1140 leviter]
3540 1086 3663 1140 per-

2021 1159 2309 1229 stringere
2342 1162 2396 1212 et
2426 1155 2825 1227 intelligentia:
2858 1156 3143 1226 quasdam
3176 1155 3359 1211 lineas
3412 1158 3665 1214 ducere?

2020 1248 2455 1304 Transcendam
2497 1248 2568 1301 ad
2616 1246 2818 1301 Jesum
2876 1245 3063 1300 ﬁlium
3146 1245 3318 1310 Nave,
3378 1246 3476 1317 qui
3526 1250 3660 1301 ante

2022 1338 2213 1392 dictus
2244 1341 2332 1391 est
2360 1337 2497 1391 Ause
2528 1336 2570 1401 ‘,
2604 1336 2723 1391 sive
2772 1339 2839 1389 ut
2886 1334 3103 1389 rectius
3149 1333 3399 1389 habetur
3446 1335 3503 1389 in
3552 1335 3661 1391 He-

2022 1425 2174 1480 braeo
2208 1424 2351 1491 Osee,
2386 1424 2443 1480 id
2486 1429 2598 1493 est,
2643 1426 2906 1479 salvator.
2962 1424 3091 1495 lpse
3140 1424 3317 1489 enim,
3342 1424 3666 1479 secundum

2022 1514 2339 1585 Epistolam
2371 1514 2555 1581 Judze,
2592 1513 2856 1577 salvavit,
2877 1516 2929 1567 et
2945 1512 3145 1568 eduxit
3167 1511 3449 1585 p0pulum
3483 1514 3663 1570 Israel

2023 1620 2091 1657 ex
2118 1603 2382 1674 Egypto,
2416 1607 2470 1657 et
2505 1604 2562 1658 in
2612 1608 2825 1657 terram
2882 1602 3353 1673 repromissionis
3403 1603 3656 1658 induxit.

2023 1692 2126 1747 Hic
2153 1693 2328 1748 Jesus
2360 1692 2561 1747 statim
2594 1697 2658 1747 ut
2685 1692 2839 1746 venit
2870 1692 2941 1746 ad
2973 1692 3310 1759 Jordanem,
3342 1708 3505 1763 aqua:
3556 1708 3664 1747 nu-

2024 1781 2438 1854 ptiarum,qum
2467 1782 2770 1852 semperin
2794 1780 2916 1853 lege
2932 1781 3506 1849 ﬂuxerant,arefactae
3531 1785 3670 1837 sunt

2026 1875 2082 1927 et
2112 1875 2400 1926 steterunt
2433 1889 2445 1937 ;
2479 1874 2536 1925 et
2567 1870 2739 1926 siccis
2785 1869 3032 1941 pedibus
3080 1887 3144 1925 ac
3193 1872 3370 1925 nudis
3418 1871 3670 1943 populus

2026 1959 2219 2015 omnis
2249 1959 2501 2024 transiit,
2534 1962 2590 2013 et
2617 1958 2777 2014 venit
2804 1958 2862 2012 in
2895 1958 3154 2031 Galgala,
3189 1959 3385 2030 ibique
3417 1961 3672 2015 secundo

2026 2053 2115 2105 est
2168 2048 2571 2103 circumcisus.
2605 2048 2767 2114 Quod
2825 2047 2875 2101 si
2926 2048 3096 2118 juxta
3146 2048 3400 2103 litteram
3461 2048 3671 2120 accipi-

2029 2155 2185 2202 mus,
2218 2137 2451 2209 penitus
2483 2140 2636 2191 stare
2669 2153 2783 2190 non
2832 2140 3024 2207 potest
3065 2138 3105 2191 ⁵.
3138 2137 3195 2191 Si
3244 2138 3401 2191 enim
3458 2136 3673 2209 duplex

2028 2227 2382 2282 haberemus
2412 2224 2786 2298 prmputium,
2819 2223 2906 2279 vel
2938 2224 3132 2279 excisa
3162 2223 3437 2295 pellicula
3458 2224 3670 2280 iterum

2027 2319 2384 2383 nasceretur,
2418 2318 2573 2369 recte
2605 2313 2864 2368 secunda
2894 2312 3261 2368 circumcisio
3292 2312 3534 2369 haberet
3584 2314 3669 2369 lo-

2029 2422 2183 2461 cum.
2242 2404 2407 2459 Nunc
2455 2407 2648 2457 autem
2700 2401 2810 2457 hoc
2860 2402 3246 2474 significatur,
3292 2402 3445 2473 quod
3496 2403 3673 2458 Jesus

2031 2493 2261 2551 cultello
2292 2491 2584 2564 Evangelii
2619 2490 2924 2563 populum,
2962 2492 3063 2563 qui
3110 2508 3212 2563 per
3240 2492 3536 2547 desertum
3578 2507 3672 2547 ve-

2032 2588 2216 2650 nerat,
2250 2581 2636 2647 circumcidit,
2669 2584 2727 2636 et
2758 2580 3123 2636 circumcidit
3149 2580 3382 2636 cultello
3422 2582 3673 2652 petrino,

2032 2678 2098 2728 ut
2127 2672 2280 2743 quod
2313 2671 2373 2725 in
2404 2670 2584 2742 Moysi
2616 2669 2734 2724 filio
2752 2669 3451 2741 praeﬁgurabaturantein
3472 2670 3676 2740 paucis

2030 2761 2090 2816 id
2123 2761 2234 2816 sub
2287 2762 2435 2815 'Jesu
2486 2757 2833 2830 impleretur
2878 2759 2937 2812 in
2987 2758 3233 2813 cunctis.
3289 2758 3397 2814 Sed
3442 2762 3499 2814 et
3549 2760 3677 2830 ipsa

2034 2848 2312 2922 praeputia
2348 2849 2404 2902 in
2439 2865 2625 2903 unum
2660 2847 2967 2903 cumulum
3000 2848 3148 2919 [72233.
3181 2846 3502 2918 tumulum]
3554 2864 3677 2903 coa-

2035 2942 2262 2995 cervata
2292 2941 2350 2992 et
2397 2935 2648 3009 sepulta,
2696 2942 2753 2992 et
2798 2940 2955 2991 terra
3011 2936 3240 3003 obruta,
3301 2940 3359 2990 et
3411 2936 3671 2991 ablatum

257 3026 348 3080 tio
376 3029 490 3092 est,
520 3040 708 3094 quare
739 3022 924 3077 altera
953 3022 1249 3094 recipitur,
1304 3024 1484 3079 altera
1533 3022 1923 3095 reprobatur‘?
1952 3024 1997 3087 C
2038 3026 2384 3099 opprobium
2417 3025 2663 3097 Egypti,
2705 3029 2762 3080 et
2818 3041 3032 3080 nomen
3090 3023 3200 3080 loci
3243 3024 3487 3096 Galgala,
3512 3025 3668 3097 quod

259 3114 332 3169 Et
360 3110 747 3168 sacerdotalis
778 3112 955 3166 vidua
986 3112 1042 3166 in
1071 3113 1243 3168 domo
1258 3113 1503 3183 jubetur
1523 3113 1723 3168 sedere
1744 3112 1926 3185 patris

257 3203 386 3268 sui,
417 3217 524 3255 nec
555 3200 886 3256 secundum
916 3217 1089 3257 nosse
1121 3202 1587 3258 matrimonium.
1642 3202 1702 3257 Si
1761 3218 1928 3257 soror

253 3292 425 3363 virgo
468 3290 720 3344 moritur
749 3289 1092 3354 sacerdotis,
1125 3291 1420 3361 quomodo
1452 3290 1579 3362 ipse
1624 3292 1695 3346 ad
1742 3290 1925 3362 patris

260 3395 337 3433 ac
365 3377 581 3431 matris
609 3376 933 3448 exsequias,
963 3378 1045 3432 ita
1074 3379 1145 3432 ad
1167 3394 1294 3434 eam
1319 3379 1565 3448 jubetur
1596 3380 1860 3434 incedere
1880 3380 1922 3433 ³.

268 3466 501 3521 Sivero
535 3469 719 3535 nupta
746 3465 834 3530 sit,
865 3466 1038 3537 quasi
1094 3465 1285 3521 aliena
1345 3468 1759 3522 contemnitur.
1817 3467 1925 3530 Qui

272 3569 531 3611 uxorem
564 3553 801 3617 duxerit,
831 3560 888 3609 et
920 3555 1021 3626 qui
1066 3554 1419 3626 plantaverit
1473 3555 1703 3611 vineam
1771 3555 1929 3611 velut

275 3641 638 3717 propagines
666 3642 1290 3715 ﬁliorum,prohibetur
1321 3644 1392 3698 ad
1426 3644 1577 3699 bella
1620 3644 1928 3716 procedere

278 3735 465 3801 (Deut.
494 3731 804 3803 xx,6).Non
834 3732 992 3787 enim
1023 3737 1214 3804 potest
1243 3732 1476 3787 Domini
1518 3733 1733 3789 servire
1774 3731 1926 3787 mili-

276 3822 368 3877 tiae
399 3837 609 3877 servus
643 3821 859 3877 uxoris.
893 3825 963 3877 Et
1000 3822 1072 3877 de
1121 3821 1376 3894 speculis
1425 3821 1737 3877 mulierum
1780 3823 1931 3893 jeju-

276 3909 753 3980 nantinm,quasi
788 3925 857 3964 ne
890 3910 1225 3981 purissimis
1255 3910 1597 3981 corporibus
1633 3910 1928 3983 virginum

272 3999 425 4054 luter
460 4000 519 4053 in
578 3998 958 4054 tabernaculo
1017 3999 1325 4054 funditur:
1365 4003 1422 4054 et
1468 3998 1823 4056 intrinsecus
1869 4000 1928 4054 in

272 4126 359 4250 te‘
393 4124 775 4189 Veronensis,
805 4126 916 4178 sive
962 4125 1276 4189 Dominum,
1337 4124 1421 4178 vel
1477 4129 1651 4179 Deum
1700 4126 1927 4195 loquen-

326 4212 406 4247 τη.

326 4212 406 4247 m.

344 4267 369 4299 ²
397 4266 812 4321 Casanatensis
843 4282 977 4320 cum
1015 4266 1189 4321 veteri
1242 4265 1517 4332 editione,
1572 4265 1875 4323 Abimelech
1912 4290 1930 4337 ,-

269 4343 323 4391 et
357 4337 536 4409 paulo
566 4342 720 4409 post,
752 4338 821 4391 ad
850 4337 1183 4392 munditiam
1208 4339 1470 4409 corporis.

2035 3117 2449 3185 interpretatur
2476 3116 2758 3181 revelatio,
2795 3113 3129 3181 ostendunt,
3164 3113 3302 3168 dum
3340 3114 3396 3168 in
3448 3130 3674 3186 praepu-

2035 3205 2115 3260 tio
2138 3202 2465 3258 ambularet
2494 3203 2753 3274 p0pulus
2783 3219 2885 3273 per
2924 3203 3241 3268 desertum,
3292 3202 3492 3259 oculos
3546 3203 3675 3273 ejus

2034 3291 2217 3347 fuisse
2267 3295 2527 3346 caecatos.
2560 3290 2877 3346 Videamus
2933 3295 2991 3346 et
3046 3291 3483 3363 consequentia.
3544 3292 3681 3347 Post

2034 3379 2326 3453 Evangelii
2352 3379 2880 3447 circumcisionem,
2913 3384 2970 3435 et
3008 3380 3501 3436 consecrationem
3530 3381 3680 3437 duo-

2037 3469 2223 3526 decim
2246 3469 2511 3541 lapidum
2541 3469 2599 3522 in
2630 3468 2754 3525 loco
2785 3468 3175 3535 revelationis,
3209 3469 3408 3523 statim
3459 3469 3680 3526 Pascha

2037 3559 2364 3615 celebratur
2398 3577 2409 3613 :
2443 3558 2784 3614 immolatur
2812 3558 2896 3613 eis
2926 3574 3134 3629 agnus,
3167 3563 3224 3612 et
3252 3562 3465 3613 sancire
3486 3558 3675 3613 Terra:

2036 3652 2353 3704 vescuntur
2382 3647 2697 3702 alimentis.
2741 3647 3052 3719 Egreditur
3095 3647 3287 3711 Jesus,
3323 3646 3576 3702 occurrit
3623 3646 3675 3702 ei

2038 3736 2313 3806 Princeps
2346 3735 2567 3791 militiae
2599 3735 2862 3808 gladium
2912 3740 3140 3804 tenens,
3198 3736 3255 3790 id
3314 3740 3424 3803 est,
3454 3735 3545 3791 vel
3573 3752 3677 3809 pro

2038 3824 2383 3880 circumciso
2418 3824 2632 3896 p0pulo
2665 3840 2926 3897 pugnare
2957 3826 3101 3881 πη
3142 3841 3203 3880 se
3226 3825 3676 3892 monstrans,vel

2038 3913 2337 3968 dissecans
2390 3911 2685 3984 glutinum
2741 3914 3103 3984 nuptiarum.
3161 3914 3558 3985 Similiterque
3614 3918 3679 3969 ut

2037 4000 2217 4073 Moysi
2246 4006 2597 4073 praeceptum
2630 4000 2838 4067 fuerat,
2872 4005 2927 4057 et
2948 4001 3084 4057 huic
3132 4001 3500 4074 praecipitur:
3532 4002 3676 4057 solve

2040 4127 2251 4199 ducere
2282 4129 2414 4199 post
2438 4124 2967 4199 circumcisionem,
2980 4126 3168 4199 juxta
3186 4141 3285 4180 eos
3315 4124 3414 4195 qui
3445 4125 3504 4179 in
3542 4125 3674 4199 ΔΜει-

2040 4196 2410 4253 chabaeorum
2442 4197 2588 4252 libro
2619 4197 2893 4252 dicuntur
2924 4196 3033 4253 sibi
3065 4196 3271 4268 fecisse
3310 4196 3613 4268 praeputia.
3652 4220 3677 4246 ››

2042 4270 2217 4324 llausi
2245 4274 2439 4325 autem
2471 4269 2799 4341 exOrigen.
2835 4268 2937 4341 lib.
2975 4285 3028 4324 ιν
3076 4267 3456 4341 sapiae-#3»,
3522 4272 3675 4341 0.772.

2037 4341 2272 4396 tametsi
2304 4340 2648 4407 Philocalize,
2677 4339 2730 4412 c.
2766 4342 2815 4407 1,
2850 4339 3046 4412 plures
3066 4339 3359 4396 exstitisse
3389 4357 3502 4396 non
3533 4340 3682 4394 difﬁ-

334 4390 383 4441 3‘
402 4390 589 4483 F5155
614 4390 1217 4483 iegeanijhieeaas
1243 4390 1441 4483 Ve'd’iti,
1464 4390 1753 4483 Quomodo
1811 4414 1923 4481 ipse
1952 4390 2000 4454 D
2032 4390 3676 4483 eam;altissimisassesassesBassa,

268 4479 332 4551 ad
362 4480 537 4548 patris
569 4479 854 4551 exequias,
890 4480 965 4535 ita
1003 4485 1163 4551 pater
1219 4479 1288 4551 ad
1328 4496 1451 4534 eam
1500 4482 1724 4544 iubetur
1770 4479 1918 4537 acce-

266 4550 411 4605 dere.
448 4550 779 4606 Genuinam
816 4550 1123 4607 lectionem
1145 4568 1211 4607 ex
1232 4550 1635 4616 Veronensi,et
1655 4553 1920 4609 S.Crucis

268 4638 418 4676 mss.
453 4622 929 4695 restitui,quibus
963 4622 1373 4679 Casanatensis
1394 4621 1694 4695 paulisper
1716 4625 1923 4679 suifra-

267 4698 468 4768 ga_tur_.
498 4691 652 4768 Vide
677 4691 1003 4768 bévit._xx1,
1044 4701 1062 4749 ι
1096 4699 1151 4749 et
1182 4710 1345 4768 seqq.
1369 4691 1647 4768 _Cravi1i_s
1687 4713 1921 4768 quoque

267 4762 562 4819 calculum
586 4765 877 4838 addit,qui
898 4772 1169 4822 sanctum
1188 4767 1247 4820 in
1268 4762 1922 4823 verboaccedere'differt

270 4851 375 4891 pro
410 4836 679 4891 incedere.
962 4843 976 4855 '

313 4852 375 4889 ro
410 4843 679 4891 incedere.
962 4843 976 4855 '

270 4851 375 4905 pro
410 4851 679 4891 mceaere.
963 4851 973 4855 '

340 4906 361 4937 ⁴
391 4905 535 4988 ξίεοε.
595 4924 768 4989 auges,
828 4909 987 4989 quod
1042 4906 1197 4989 idem
1247 4910 1379 4989 est.“
1418 4906 1578 4989 lianc
1630 4907 1917 4989 tantulam

266 4976 529 5051 nominis
578 4976 970 5036 differentiam
1016 4977 1390 5051 reprehendit
1418 4977 1809 5051 Hieronymus
1859 4980 1917 5035 in

308 5047 565 5122 salinum
599 5068 783 5117 LXXVI,
816 5068 987 5106 versu
1019 5047 1246 5105 ultimo.
1279 5051 1558 5122 Ejusdem
1580 5047 1671 5104 est
1689 5052 1919 5122 generis

386 5137 569 5194 quam
600 5139 781 5194 supra
809 5140 878 5178 ex
908 5123 1119 5178 iisdem
1149 5138 1292 5194 mss.
1331 5121 1664 5194 notavimus
1696 5121 1919 5178 )lunam

264 5206 369 5260 pro
401 5191 594 5247 Onam.
634 5191 810 5251 Paulo
842 5200 976 5266 post
1025 5194 1084 5249 in
1136 5192 1515 5249 Casanatensi
1566 5194 1917 5250 vocabulum

619 5266 1006 5367 desideratur;

386 5334 573 5409 Quam
608 5354 791 5409 supra
821 5338 1013 5392 innuit
1044 5353 1207 5391 num.
1242 5334 1435 5409 Η,ρθ
1468 5335 1763 5409 praeputio"
1787 5354 1917 5392 sen-

266 5406 533 5481 tentiam,
569 5406 908 5481 constanter
940 5413 1123 5481 urget.
1158 5412 1225 5462 Et
1255 5407 1315 5461 in
1350 5406 1479 5471 Isa,’
1502 5424 1575 5461 ιιι
1611 5425 1621 5462 :
1659 5432 1684 5481 (ς
1721 5408 1919 5479 Neque

269 5476 451 5546 enim,
482 5479 699 5552 inquit,
732 5476 1045 5554 potestatis
1076 5483 1288 5538 nostrae
1321 5482 1411 5533 est
1440 5479 1793 5550 praeputium
1812 5476 1919 5536 ad-

2035 4490 2228 4555 cutem
2263 4484 2502 4555 medicis
2533 4485 2759 4539 artibus
2790 4484 3332 4555 superinducerent.
3374 4488 3535 4541 Certe
3567 4483 3675 4537 cir-

2031 4554 2974 4628 cumcisionemgobducendiratio
3006 4557 3266 4628 antiquis
3313 4556 3513 4628 ignota
3559 4570 3675 4608 non

2032 4625 2139 4679 fuit
2166 4642 2179 4691 ;
2214 4642 2348 4679 nam
2382 4631 2437 4681 et
2468 4626 2714 4681 Rabbini
2746 4626 2857 4697 ipsi
2889 4624 3222 4682 traduntab
3247 4624 3394 4682 Esau
3420 4624 3677 4697 primum

2032 4643 2139 4679 ruit
2166 4643 2179 4691 ;
2214 4643 2348 4679 nam
2382 4643 2437 4681 et
2469 4643 2714 4681 nanmm
2746 4644 2762 4679 1
2810 4644 2857 4681 ει
2889 4643 3131 4682 tradunt
3152 4643 3222 4682 ao
3248 4643 3394 4682 issau
3420 4643 3675 4697 primum

2031 4701 2374 4768 usurpatam
2406 4702 2469 4750 ut
2500 4698 2570 4752 ab
2603 4643 3017 4763 Abraliamigc
3036 4698 3237 4754 Jacobi
3258 4697 3675 4768 religione‘om-

2032 4765 2590 4833 nino'descisceret,
2652 4776 2775 4823 tum
2834 4770 2905 4823 ab
2956 4769 3253 4831 Israelitis,
3312 4765 3392 4822 de
3460 4765 3675 4837 quibus

2031 4856 2185 4895 nunc
2213 4856 2402 4895 sermo
2434 4844 2542 4903 est,
2594 4840 2651 4893 in
2704 4840 2934 4894 deserto
2984 4840 3095 4893 sub
3144 4840 3343 4902 Josne,
3367 4843 3430 4893 ut
3459 4838 3673 4894 iterum

2030 4909 2162 4967 illos
2239 4909 2574 4982 circumcidi
2633 4914 2946 4982 oporteret.
2997 4909 3249 4965 Probant
3284 4926 3417 4966 vero
3496 4910 3673 4966 etiam

2031 4982 2298 5054 exempla
2337 4980 2685 5038 certissima
2715 4980 2776 5054 in
2828 4980 3165 5054 Scripturis,
3215 4998 3280 5036 ac
3337 4982 3679 5038 testimonia

2029 5053 2656 5141 gphip’aniustquoque
2692 5053 2768 5137 de
2822 5053 3117 5141 mensuris
3166 5059 3221 5141 et
3268 5054 3673 5141 ponderibus:

2026 5119 2201 5199 Τέχνῆ
2248 5126 2352 5177 τινὶ
2412 5119 2625 5199 ἱᾶτριᾶιῇ
2688 5119 2792 5199 διείι⁸
2831 5126 2926 5199 τῷ
2976 5119 3315 5199 καλορμὲνόυ
3377 5126 3673 5193 castitati}-

2029 5190 2135 5267 ροξ
2172 5190 2270 5264 «ea.
2329 5199 2435 5249 τῶν
2502 5190 2698 5267 ’μελῶν
2775 5190 3179 5267 ὑλποδξρματίδὰ
3248 5190 3674 5267 ὑποσπαθισθὲἧ-

2030 5260 2117 5327 ίτες
2151 5311 2161 5321 .
2319 5310 2329 5321 ,
2379 5309 2390 5319 .
2449 5310 2459 5320 .
2516 5260 2529 5319 ξ
2588 5310 2599 5320 .
2651 5260 3006 5335 ἀκροϐυστίάζι
3058 5271 3206 5327 αὖθις
3256 5266 3420 5335 αὐτὴν
3478 5267 3676 5320 ἀποτε-

2030 5335 2205 5392 λοῦσι.
2244 5343 2439 5392 Artem
2471 5337 2593 5407 ipse
2626 5340 2795 5394 docet
2841 5338 3145 5397 Cornelius
3190 5339 3413 5405 Celsus,
3462 5337 3681 5407 aliique

2028 5427 2097 5465 ex
2130 5409 2371 5465 medicis
2397 5426 2409 5476 ;
2445 5410 2689 5468 minime
2720 5426 2851 5467 vero
2882 5411 3157 5470 dubitant
3186 5411 3293 5467 hac
3324 5411 3394 5465 de
3423 5424 3481 5463 re
3498 5409 3678 5463 inter-

2031 5484 2259 5553 pretum
2284 5480 2634 5539 doctissimi.
