4100 6156
308 232 311 233 ί
423 258 542 328 ssi

1671 258 1735 329 S.
1776 258 2094 329 EUSEBII
2136 260 2583 331 HIERONYMI

3704 252 3829 328 Μ

425 392 860 451 calceamentum
886 394 1043 452 tuum
1074 393 1090 431 ¹
1123 394 1289 454 Locus
1316 398 1467 455 enim
1490 399 1551 455 in
1579 414 1682 471 quo
1728 403 1857 467 stas,
1918 402 2067 455 terra
2092 399 2149 466 Α
2174 404 2303 456 sunt
2320 401 2481 472 pedes
2510 400 2679 474 (Psal.
2730 416 2903 469 Lxxu,
2960 398 3037 472 2).
3096 398 3360 473 Cumque
3405 396 3465 455 in
3517 394 3827 471 sepultura

424 491 615 538 sancta
639 486 717 538 est
740 482 932 551 (Exod.
964 502 1050 550 iu,
1078 486 1156 558 5).
1183 487 1332 552 Quia
1363 487 1449 543 sic
1501 494 1625 544 erat
1687 487 1915 544 Domini
1975 504 2066 543 ar-

424 574 620 627 matus
648 572 936 629 exercitus
966 573 1026 629 in
1056 575 1214 631 tubis
1262 576 1746 645 sacerdotalibus,
1793 576 1962 649 quasi
1994 576 2067 631 ad

422 659 813 731 evangelicum
843 663 1315 739 medicationem
1346 666 1458 721 sub
1481 669 1617 737 typo
1639 664 1871 721 Jericbo
1903 682 2072 720 mun-

424 749 536 806 dus
567 750 947 806 subvertitur.
980 753 1048 806 Et
1078 756 1141 807 ut
1189 753 1421 809 inﬁnita
1466 759 1804 825 praeteream
1854 754 2069 826 (neque

420 838 579 895 enim
610 856 766 894 nunc
798 839 943 894 mihi
975 842 1338 913 propositum
1372 847 1463 898 est
1492 842 1691 899 omnia
1719 841 1928 898 veteris
1958 844 2065 899 Te-

420 927 695 984 stamenti
726 927 949 1000 aperire
981 929 1297 1002 mysteria),
1332 930 1592 1003 quinque
1640 947 1826 1005 reges,
1874 931 1974 1004 qui
2006 932 2064 986 in

420 1022 576 1074 terra
597 1017 1071 1089 repromissionis
1093 1022 1229 1075 ante
1252 1021 2067 1092 regnabant,rcsistebantque

420 1106 752 1178 evangelise
782 1106 1058 1162 exercitui
1090 1108 1194 1178 (Al.
1228 1108 1527 1179 exercitu),
1553 1108 1697 1164 Jesu
1747 1112 2063 1181 pugnante,

418 1198 774 1266 superantur
832 1195 1009 1261 (Iosue
1063 1196 1140 1267 ι).
1202 1196 1320 1252 Hoc
1373 1202 1512 1268 puto
1578 1196 1878 1253 intellectu
1936 1215 2064 1254 esse

418 1282 816 1355 perspicuum,
868 1285 1022 1355 quod
1081 1290 1395 1357 antequam
1447 1285 1730 1342 Dominus
1777 1285 2062 1359 populum

417 1387 594 1427 suum
624 1371 898 1427 educeret
925 1372 997 1427 de
1025 1373 1291 1445 IEgypto,
1324 1378 1381 1430 et
1428 1374 1874 1431 circumcideret
1901 1391 2058 1444 eum,

412 1458 595 1526 visus,
630 1460 928 1527 odoratus,
959 1465 1189 1533 gustus,
1223 1461 1485 1529 auditus,
1516 1467 1822 1535 tactusque
1854 1479 2059 1536 regna-

411 1547 623 1619 verint,
656 1552 714 1604 et
744 1547 836 1603 bis
885 1547 1057 1620 quasi
1107 1549 1476 1622 principibus
1521 1550 1740 1607 fuerint
1786 1551 2061 1609 universa

414 1638 701 1708 subjecta.
736 1637 891 1701 Quos
918 1637 1092 1693 Jesus
1123 1640 1195 1694 ad
1226 1637 1568 1710 speluncam
1622 1640 1881 1711 corporis
1914 1658 2058 1697 con-

413 1726 723 1798 fugientes,
757 1730 813 1783 et
843 1727 915 1782 ad
936 1727 1312 1783 tenebrosum
1369 1726 1587 1797 locum,
1645 1728 1841 1801 ipsum
1895 1730 2056 1803 inge-
2088 1763 2136 1828 B

412 1817 578 1873 diens
603 1833 817 1888 corpus
846 1818 867 1851 ²
896 1817 1188 1874 interfecit
1220 1834 1233 1872 :
1265 1822 1328 1873 ut
1376 1835 1477 1891 per
1524 1818 1580 1873 id
1632 1819 2055 1887 occiderentur,

410 1922 514 1978 per
543 1906 698 1977 quod
730 1910 864 1961 ante
895 1906 1238 1979 regnabant.

483 1998 569 2052 22.
604 1995 806 2068 Moyses
837 1999 1036 2065 Legem
1072 1996 1370 2067 signiﬁcat.
1428 1998 1746 2054 Viccnarius
1794 2015 2057 2055 numerus

409 2084 702 2155 infaustus.
752 2084 1055 2156 Belphegor
1108 2085 1254 2157 apud
1319 2086 1582 2143 Hebrwos
1644 2092 1725 2142 est
1794 2088 2051 2159 Priapus.

406 2175 557 2230 Iesus
586 2189 697 2230 non
723 2174 1014 2245 plangitur
1039 2176 1375 2230 moriens.—-
1410 2175 1620 2230 Verum
1644 2176 1771 2247 jam
1819 2180 2054 2249 tempus

407 2267 516 2329 est,
548 2266 614 2319 ut
643 2262 932 2319 castitatis
961 2262 1102 2319 Jesu
1146 2262 1425 2319 vexillum
1484 2263 1765 2320 levemus.
1826 2264 2055 2338 Moyses

407 2351 686 2409 scribitur
712 2351 992 2408 habuisse
1025 2368 1286 2409 uxorem.
1317 2356 1551 2426 Moysen
1585 2357 1783 2410 autem
1832 2358 1889 2409 et
1943 2359 2053 2411 Do-

342 2448 345 2451 ’
407 2440 607 2497 minus
636 2445 853 2509 noster,
887 2446 943 2496 et
969 2441 1283 2514 Apostolus
1312 2442 1774 2514 interpretantur
1813 2442 2000 2516 legem
2036 2462 2049 2499 :

405 2531 629 2589 Habent
656 2530 871 2601 Moysen
898 2533 951 2585 et
975 2530 1272 2602 prophetas
1301 2532 1451 2603 (Luc.
1516 2549 1630 2599 xw,
1661 2531 1773 2604 29).
1837 2532 1941 2587 Et:
1975 2533 2052 2588 Ab

285 2637 307 2655 ο
409 2619 582 2674 Adam
628 2634 799 2690 usque
851 2618 923 2673 ad
976 2618 1191 2690 Moysen
1239 2623 1487 2690 regnavit
1537 2624 1838 2692 peccatum,
1886 2622 2053 2677 etiam

404 2723 571 2778 super
590 2722 677 2762 eos
706 2708 803 2778 qui
831 2722 943 2762 non
970 2711 1344 2779 peccaverunt,
1388 2710 1449 2762 in
1495 2709 1861 2765 similitudine
1899 2724 2049 2781 prae-

403 2796 758 2852 varicationis
782 2795 908 2851 Adae
959 2796 1132 2866 (Rom.
1189 2813 1243 2861 v,
1312 2796 1399 2867 14)
1432 2813 1445 2851 :
1480 2796 1744 2868 nullique
1801 2798 2050 2853 dubium

404 2888 512 2954 est,
545 2884 604 2939 in
640 2886 886 2956 utroque
912 2883 1249 2940 testimonio
1292 2885 1528 2957 Moysen
1582 2883 1771 2959 legem
1830 2886 2052 2959 signiﬁ-

402 2990 555 3031 care.
589 2974 754 3030 Sicut
783 2990 919 3045 ergo
950 2972 1203 3046 legimus
1234 2973 1390 3047 quod
1420 2974 1671 3047 Moyses,
1702 2975 1760 3031 id
1813 2979 1924 3043 est,
1960 2974 2052 3032 lex

2174 489 2339 556 Jesu,
2375 490 2519 546 liber
2549 490 2650 563 qui
2676 506 2745 546 ex
2774 489 3011 546 nomine
3058 490 3187 561 ejus
3231 486 3580 561 appellatur,
3631 484 3828 559 exple-

2177 584 2275 634 tus
2307 580 2418 646 sit;
2452 596 2690 635 rursum
2719 578 2780 635 in
2808 578 3088 635 Judicum
3149 578 3463 642 volumine,
3523 576 3693 649 quasi
3740 575 3826 631 vi-

2175 684 2315 724 vens
2364 685 2797 741 resurgensque
2855 667 3338 724 describiturzet
3395 666 3505 723 sub
3560 664 3823 742 ἀνακεφα-

2177 752 2402 810 λαιώσει
2463 774 2642 830 opera
2696 756 2887 830 ipsius
2946 755 3344 829 praedicantur
3402 773 3415 811 :
3477 758 3535 811 et
3591 753 3825 827 legitur,

2174 845 2321 902 Misit
2381 849 2530 903 Iesus
2603 847 2889 919 populum,
2964 851 3018 901 et
3090 845 3379 901 abierunt'
3437 844 3547 915 ﬁlii
3623 843 3820 914 Israel,

2174 938 2546 1009 unusquisque
2589 937 2650 991 in
2705 934 3079 991 hereditatem
3145 951 3323 1000 suam,
3378 942 3440 989 ut
3481 931 3825 1004 possiderent

2172 1027 2380 1080 terram
2405 1027 2605 1094 (Iosue,
2637 1041 2791 1091 xxxv,
2850 1023 2961 1095 28).
3009 1026 3096 1091 Et,
3156 1024 3391 1079 Servivit
3445 1022 3683 1094 populus
3712 1022 3817 1077 Do-

2172 1115 2323 1169 mino
2379 1117 2585 1170 cunctis
2639 1113 2829 1170 diebus
2884 1114 3013 1168 Iesu
3069 1111 3229 1183 (Ibid.
3289 1110 3402 1180 3t),
3464 1114 3523 1167 et
3589 1114 3817 1167 caetera.

2172 1203 2380 1259 Statim
2440 1202 2821 1276 subjungitur
2873 1219 2886 1256 :
2943 1204 3012 1266 Et
3061 1204 3309 1256 mortuus
3366 1203 3441 1255 est
3487 1201 3615 1256 Iesu
3671 1198 3821 1255 Nave

2170 1307 2356 1347 servus
2385 1292 2607 1348 Domini
2648 1294 2867 1347 centum
2919 1290 3100 1346 decem
3152 1305 3432 1346 annorum
3488 1288 3644 1360 (Ibid.
3703 1288 3818 1359 29).

2170 1384 2348 1436 Porro
2378 1382 2605 1453 Moyses
2634 1380 2780 1435 vidit
2809 1382 3040 1435 tantum
3072 1383 3289 1434 terram
3321 1376 3816 1449 repromissionis,

2169 1474 2227 1526 et
2283 1470 2502 1526 intrare
2558 1486 2673 1525 non
2732 1467 2941 1540 potuit,
2999 1471 3053 1523 et
3110 1473 3362 1522 mortuus
3416 1473 3495 1522 est
3549 1467 3614 1522 in
3669 1470 3820 1521 terra

2166 1558 2319 1614 Moab
2351 1599 2365 1624 ,
2396 1566 2448 1614 et
2492 1558 2739 1630 sepelivit
2794 1573 2919 1613 eum
2977 1557 3250 1613 Dominus
3308 1557 3370 1610 in
3427 1555 3573 1610 valle
3627 1559 3814 1612 terrae.

2166 1648 2315 1704 Moab
2341 1648 2363 1682 ‘
2388 1654 2579 1703 contra
2605 1647 2826 1703 domum
2858 1644 3144 1716 Phologor,
3197 1651 3250 1700 et
3280 1660 3392 1700 non
3440 1645 3687 1713 cognovit
3726 1645 3819 1699 vir

2165 1737 2474 1809 sepulcrum
2502 1736 2620 1809 ejus
2649 1750 2819 1807 usque
2866 1736 2927 1789 in
2979 1733 3125 1789 diem
3181 1734 3327 1788 hunc
3383 1731 3563 1803 (Deut.
3621 1749 3814 1798 xxnv,

2164 1827 2219 1893 5,
2247 1827 2323 1897 6).
2356 1826 2776 1897 Comparemus
2805 1822 3115 1895 utriusque
3158 1820 3520 1893 sepulturam
3546 1838 3559 1876 :
3586 1820 3814 1893 Moyses

2165 1914 2227 1970 in
2256 1918 2413 1970 terra
2436 1914 2604 1970 Moab
2634 1912 2906 1979 moritur,
2939 1910 3114 1967 Jesus
3146 1910 3205 1965 in
3237 1914 3392 1965 terra
3427 1910 3663 1965 Judseaa.
3711 1907 3814 1966 Ille

2166 2003 2447 2075 sepelitur
2475 2002 2535 2057 in
2557 2000 2705 2057 valle
2735 2004 2941 2057 contra
2970 1999 3212 2055 domum
3242 2000 3475 2069 Phogor,
3519 1998 3677 2070 quod
3720 1998 3813 2053 in-

2164 2095 2522 2164 terpretatur
2551 2090 2861 2159 ignominia
2892 2087 3149 2161 (proprie
3177 2087 3395 2160 quippe
3424 2085 3655 2159 Pbogor
3701 2085 3811 2141 lin-

2163 2196 2282 2254 gua
2332 2179 2562 2236 bebraea
2618 2178 2863 2250 Priapus
2924 2174 3315 2250 appellatur);
3349 2175 3443 2231 hic
3494 2175 3554 2231 in
3614 2178 3812 2232 monte

2162 2268 2440 2341 Ephraim
2472 2267 2544 2323 ab
2577 2264 2852 2339 aquilone
2882 2264 3102 2321 montis
3134 2264 3308 2321 Gaas.
3333 2265 3405 2320 Et
3450 2268 3541 2321 est
3581 2263 3640 2319 in
3689 2279 3813 2320 ver-

2160 2357 2254 2415 bis
2283 2356 2654 2430 simplicibus
2706 2370 2939 2427 semper
2986 2353 3317 2409 divinarum
3368 2352 3810 2426 Scripturarum

2162 2463 2373 2504 sensus
2403 2442 2882 2519 angustior.Quia
2910 2443 3066 2516 apud
3112 2442 3351 2499 Judaeos
3380 2441 3568 2515 gloria
3593 2444 3720 2498 erat
3749 2441 3810 2498 in

2162 2535 2447 2609 partubus
2468 2538 2525 2591 et
2552 2531 3041 2606 parturitionibus
3068 2549 3082 2599 ;
3115 2536 3173 2587 et
3211 2530 3526 2587 maledicta
3567 2530 3808 2599 sterilis,

2160 2641 2287 2697 quos
2319 2640 2434 2680 non
2466 2622 2721 2679 habebat
2748 2637 2950 2677 semen
2978 2621 3038 2675 in
3073 2620 3249 2677 Israel
3280 2638 3292 2682 ;
3325 2624 3383 2677 et
3413 2620 3619 2676 beatus
3638 2620 3810 2691 cujus

2160 2716 2285 2769 erat
2313 2728 2514 2769 semen
2547 2710 2607 2766 in
2632 2710 2790 2778 Sion,
2818 2714 2875 2765 et
2903 2708 3210 2765 domestici
3239 2708 3299 2764 in
3351 2707 3680 2764 Jerusalem
3705 2726 3718 2763 :
3751 2712 3812 2764 et

2158 2802 2219 2857 in
2250 2799 2651 2857 benedictione
2680 2797 2937 2854 maxima
2976 2797 3323 2871 ponebatur,
3359 2798 3505 2855 Uxor
3533 2800 3629 2853 tua
3663 2799 3811 2853 sicut

2156 2892 2286 2946 vitis
2309 2888 2596 2946 abundans
2626 2890 2687 2943 in
2712 2888 2972 2944 lateribus
2999 2886 3190 2943 domus
3219 2890 3349 2942 tuae.
3383 2886 3517 2941 Filii
3547 2887 3631 2942 tui
3668 2888 3811 2941 sicut

2157 2978 2391 3035 novellae
2445 2979 2718 3033 olwarnm
2763 2978 2826 3031 in
2876 2976 3112 3031 circuitu
3190 2989 3396 3032 mensa
3464 2982 3578 3032 tua?
3633 2975 3806 3045 (Psal.

404 3063 676 3120 habuerit
708 3079 944 3119 uxorem
972 3064 1015 3131 ³,
1050 3064 1291 3119 ostende
1331 3062 1473 3118 mihi
1520 3063 1723 3121 Jesum
1775 3067 1930 3121 Nave
1961 3064 2047 3120 vel
2089 3130 2121 3137 _
2160 3084 2369 3133 cxxvu,
2399 3068 2470 3123 3:
2505 3065 2720 3122 idcirco
2752 3063 3087 3137 sepulcrum
3118 3064 3247 3136 ejus
3278 3062 3535 3136 positum
3570 3062 3630 3118 in
3658 3061 3811 3119 valle

406 3168 648 3209 uxorem
680 3151 977 3219 habuisse,
994 3151 1083 3207 vel
1115 3152 1308 3208 ﬁlios:
1343 3156 1404 3207 et
1459 3152 1507 3208 si
1565 3152 1822 3224 potueris
1883 3169 2047 3209 mon-
2079 3130 2122 3197 Ο
2161 3130 2514 3214 describitur
2551 3158 2754 3211 contra
2781 3130 3024 3208 domum
3056 3130 3384 3225 idoli,quod
3415 3151 3649 3225 proprie
3677 3150 3808 3207 libi-

408 3244 615 3304 strare,
645 3240 865 3295 victum
896 3256 990 3295 me
1011 3254 1141 3295 esse
1170 3240 1413 3296 fatebor.
1472 3245 1540 3296 Et
1580 3245 1734 3297 certe
1782 3240 2052 3315 pulcher-

407 3329 625 3385 rimum
654 3332 819 3384 terrae
846 3328 1080 3397 Judaaaa,
1104 3327 1166 3383 in
1209 3328 1523 3400 partitione
1554 3331 1778 3403 accepit
1833 3330 2048 3399 locum,

406 3416 791 3490 moriturque,
824 3434 939 3473 non
971 3417 1031 3473 in
1062 3417 1351 3473 vicenario
1383 3434 1650 3487 numero,
1684 3419 1786 3492 qui
1819 3435 2054 3492 semper

406 3509 470 3564 in
496 3507 816 3581 Scripturis
845 3507 1141 3563 infaustus
1170 3510 1278 3575 est,
1320 3507 1381 3562 in
1412 3523 1526 3578 quo
1566 3508 1801 3564 servivit
1847 3507 2048 3577 Jacob,

405 3600 466 3654 et
492 3597 769 3653 venditus
798 3600 886 3653 est
914 3596 1155 3668 Josepb,
1185 3600 1242 3651 et
1272 3612 1443 3667 quem
1478 3595 1673 3669 diligit
1700 3597 1853 3653 Esau
1901 3597 2051 3653 acci-

409 3686 577 3760 piens
602 3685 661 3741 in
692 3702 759 3743 eo
792 3686 1061 3758 quaedam
1092 3702 1357 3752 munera,
1415 3686 1518 3742 sed
1574 3685 1634 3741 in
1691 3686 1938 3755 decimo,
1980 3687 2051 3743 de

406 3774 579 3847 cujus
606 3773 780 3833 laude
811 3773 1012 3831 crebro
1043 3773 1334 3842 diximus;
1358 3774 1753 3847 sepeliturque
1776 3774 1835 3831 in
1863 3776 2052 3831 Tham-

404 3864 539 3919 nath
568 3879 714 3931 sare,
747 3862 804 3918 id
834 3867 942 3932 est,
984 3862 1045 3919 in
1087 3865 1488 3935 perfectissimo
1554 3866 1900 3936 principatu,
1931 3865 2052 3921 sive

408 3951 468 4007 in
524 3952 676 4008 212
738 3968 982 4007 numero
1038 3953 1369 4024 operimenti
1422 3953 1600 4010 novi:
1633 3957 1700 4009 ut
1756 3953 2051 4027 virginum

408 4038 767 4112 signiﬁcaret
821 4055 1046 4112 greges,
1099 4038 1416 4096 Salvatoris
1480 4040 1698 4097 auxilio
1749 4046 2052 4114 coopertos

406 4126 467 4183 in
534 4131 734 4184 monte
798 4127 1098 4201 Ephraim,
1162 4128 1271 4185 hoc
1335 4133 1443 4197 est,
1536 4130 1595 4185 in
1664 4135 1862 4187 monte
1925 4132 2053 4203 fru-

404 4218 604 4289 gifero,
657 4216 729 4273 ab
796 4215 1070 4289 aquilone
1136 4216 1354 4273 montis
1421 4217 1573 4273 Gaas
1634 4219 1789 4289 [mss.
1859 4219 2049 4287 Gaes],

408 4307 511 4378 qui
576 4306 996 4379 interpretatur
1056 4309 1345 4364 commotio
1394 4325 1413 4361 :
1470 4306 1618 4362 Mons
1682 4307 1840 4362 enim
1896 4308 2051 4374 Sion,

406 4396 583 4452 latera
610 4397 908 4468 aquilonis,
958 4397 1151 4451 civitas
1202 4397 1350 4466 regis
1405 4396 1599 4464 magni
1654 4396 1833 4467 (Psal.
1878 4413 2051 4464 xnvn,

2162 3246 2288 3302 dini
2317 3248 2713 3302 consecratur.
2768 3242 2886 3298 Nos
2917 3245 3115 3298 autem
3161 3242 3262 3313 qui
3320 3240 3649 3297 militamus
3695 3241 3811 3298 sub

2160 3335 2300 3391 Jesu
2330 3335 2494 3402 duce,
2526 3321 2828 3405 usque'ad
2872 3335 3220 3403 praesentem
3259 3329 3415 3386 diem
3463 3328 3811 3403 ignoramus

2162 3424 2262 3479 ubi
2292 3423 2521 3495 Moyses
2542 3420 2620 3477 sit
2643 3418 2932 3493 sepultus.
2967 3420 3126 3476 218
3157 3418 3602 3475 Contemnimus
3649 3418 3811 3475 enim

2160 3513 2390 3585 Pbogor
2420 3512 2525 3583 [ΑΙ.
2561 3510 2823 3583 Phegor],
2854 3513 2914 3565 et
2941 3524 3179 3565 omnem
3223 3506 3611 3581 ignominiam
3653 3508 3809 3579 ejus,

2160 3602 2411 3658 scientes
2440 3600 2594 3671 quod
2628 3599 2731 3671 qui
2761 3597 2822 3654 in
2852 3614 3027 3655 carne
3073 3602 3232 3665 sunt,
3265 3597 3383 3654 Deo
3430 3596 3659 3669 placere
3689 3613 3810 3654 non

2160 3693 2427 3764 possunt.
2462 3689 2531 3745 Et
2563 3688 2845 3744 Dominus
2875 3691 3011 3743 ante
3028 3686 3316 3743 diluvium
3366 3701 3603 3758 quoque
3647 3686 3808 3742 dixe-

2161 3779 2281 3835 rit:
2313 3780 2432 3836 Non
2482 3777 2833 3849 permanebit
2885 3776 3117 3848 spiritus
3163 3790 3315 3831 meus
3375 3776 3437 3830 in
3490 3775 3809 3832 hominibus

2161 3870 2308 3936 istis,
2335 3868 2468 3940 quia
2498 3883 2625 3922 caro
2649 3872 2777 3921 sunt
2832 3864 2984 3937 (Gen.
3032 3881 3112 3934 vx,
3163 3863 3239 3934 3).
3302 3863 3695 3929 Quamobrem
3747 3867 3809 3922 et

2161 3958 2391 4029 Moyses
2422 3955 2682 4011 moriens
2715 3953 3015 4027 plangitur
3041 3970 3075 4008 a
3126 3951 3342 4025 populo
3384 3951 3600 4009 Israel:
3632 3951 3813 4009 Jesus

2161 4048 2354 4101 autem
2389 4040 2559 4114 quasi
2589 4042 2847 4097 victurus
2875 4056 2992 4096 non
3022 4039 3344 4113 plangitur.
3391 4038 3627 4111 Nuptiae
3652 4039 3817 4095 enim

2161 4132 2450 4189 ﬁniuntur
2480 4131 2539 4185 in
2572 4133 2781 4198 morte,
2809 4128 3120 4201 virginitas
3169 4132 3304 4201 post
3361 4132 3613 4185 mortem
3673 4127 3820 4184 inci-

2162 4221 2248 4295 pit
2277 4218 2567 4277 coronari.

2231 4310 2321 4365 23.
2378 4309 2566 4380 Iephte
2613 4309 2905 4363 temerarii
2967 4308 3077 4363 voti
3150 4309 3426 4379 arguitur.
3501 4305 3820 4363 Sacerdotes

2156 4398 2395 4472 plurimi
2423 4399 2666 4453 uxorati.
2702 4396 3022 4451 Levitarum
3048 4396 3287 4452 habitus.
3338 4395 3509 4451 Error
3563 4395 3819 4451 Encrati-

404 4484 483 4555 3),
535 4500 661 4554 quae
725 4483 994 4555 opposita
1057 4499 1289 4554 semper
1353 4482 1584 4539 invidias
1646 4487 1756 4551 est,
1819 4487 1876 4539 et
1949 4501 2053 4556 per
2079 4501 2125 4565 ι)
2158 4488 2736 4543 tarum—Samson
2794 4500 3028 4556 quoque
3083 4484 3355 4557 producit
3406 4484 3465 4538 in
3524 4482 3814 4553 medium,

407 4570 675 4644 singulas
731 4572 1087 4628 tentationes
1141 4571 1283 4626 dicit
1333 4572 1491 4627 :Mei
1546 4586 1669 4627 vero
1722 4588 1862 4644 pene
1914 4576 2051 4630 moti

477 4717 496 4753 ι
531 4714 710 4770 Vetus
739 4712 916 4769 editio
944 4716 1001 4768 et
1032 4728 1175 4768 mss.
1211 4712 1394 4769 nostri
1426 4729 1650 4784 omnes,
1686 4715 1841 4773 Solve
1880 4720 2052 4774 corri-

403 4789 557 4859 giam
583 4785 942 4842 calceamenti
968 4785 1072 4852 tui,
1105 4788 1211 4840 etc.

476 4868 497 4901 ²
528 4866 744 4922 Locum
773 4864 1216 4920 emendavimus
1261 4865 1441 4920 trium
1502 4881 1648 4921 mss.
1682 4869 2046 4925 auctoritate.

402 4939 593 5011 Antea
616 4937 953 5010 legebatur:
990 4936 1346 5011 Tenebrosum
1396 4936 1593 5011 locum,
1628 4938 1683 4992 id
1737 4943 1816 4994 est
1849 4942 2051 5011 ipsum

403 5006 768 5081 ingredientes
795 5024 1009 5081 corpus,
1043 5014 1146 5063 aut
1192 5006 1375 5081 nullo,
1418 5012 1519 5063 aut
1566 5006 2049 5081 depravatissimo

404 5080 582 5161 sensu
611 5107 626 5150 ;
659 5080 852 5161 innuit
884 5080 1056 5135 modo
1085 5084 1149 5134 ut
1203 5080 1385 5161 vides,
1412 5084 1499 5161 ‘et
1554 5080 2049 5161 comparatﬁcum

401 5153 581 5224 Josue
610 5151 871 5224 quinque
903 5168 1149 5224 regnum
1175 5151 1389 5224 victore
1412 5151 1840 5224 lncarnationis
1858 5152 2052 5208 Domi-

406 5223 547 5279 nicis
581 5222 1240 5295 mysteriumfejusque
1284 5222 1590 5279 victoriam
1637 5224 1709 5279 de
1758 5224 2049 5280 sensibus.

404 5295 551 5350 Vide
580 5294 760 5351 Josue
789 5313 844 5361 ι,
875 5294 964 5348 20.

473 5381 497 5416 ³
527 5375 655 5430 Hinc
683 5391 751 5447 ex
779 5371 1495 5447 Tertulliano__sumpsisse
1552 5374 1941 5447 Hieronymus
1967 5376 2049 5430 vi-

404 5446 644 5515 deatur;
677 5445 825 5501 libro
854 5444 1010 5499 enim
1032 5442 1099 5516 de
1127 5442 1491 5516 Monogamia,
1522 5447 1613 5501 0.6
1644 5463 1657 5500 :
1693 5470 1721 5495 ‹‹
1747 5442 2052 5503 Secundus

407 5517 623 5600 (inquit
652 5515 771 5599 ille)
802 5516 1029 5596 Moyses
1062 5515 1297 5600 (nempe
1314 5515 1485 5599 Jesus
1516 5517 1694 5600 Nave)
1725 5518 1927 5600 populi
1948 5536 2053 5600 se:

406 5587 713 5661 cundi,qui
734 5587 1052 5660 imaginem
1082 5590 1355 5647 nostram
1373 5588 1437 5646 in
1469 5587 1925 5661 promissionem
1948 5590 2050 5648 Dei

2157 4589 2263 4630 nec
2311 4570 2679 4629 decalvatum
2741 4570 3041 4643 quondam
3101 4570 3337 4635 Domini
3393 4570 3732 4627 Nazaraaum
3783 4588 3821 4627 a

2158 4715 2474 4783 induxit,in
2505 4732 2624 4788 quo
2654 4715 2843 4788 primo
2867 4732 3082 4788 nomen
3107 4716 3591 4788 Dominii(nem_pe
3617 4713 3819 4786 Jesus)

2159 4788 2493 4861 dedicatum
2523 4785 2636 4855 est,
2654 4785 2927 4861 nonfuit
2956 4788 3253 4861 digamus.
3287 4811 3309 4840 ι
3339 4785 3595 4861 Ulterius
3616 4785 3818 4861 tamen

2159 4859 2535 4942 progreditur
2566 4863 2764 4942 noster
2794 4857 3204 4942 l-Iierpnymus,
3255 4857 3359 4942 qui
3416 4873 3693 4942 ngenium
3736 4860 3814 4937 .et

2158 4928 2445 5017 iiss‘lpem
2480 4930 2636 5017 ῖαρίξ-
2680 4928 3044 5017 ἒθιὶίθηιὲξι.ιίι
3074 4928 3387 5017 Perisse?
3420 4928 3629 5017 aiebat
3656 4928 3815 5000 θρίδ-

2159 5000 2277 5059 tola
2306 5000 2656 5074 interpolata
2686 5002 2744 5057 S.
2781 5001 2992 5073 Ignatii
3022 5001 3095 5056 ad
3125 5000 3639 5074 Philadelphenos.

2167 5076 2253 5157 u‘
2279 5073 2653 5157 Ycrpnensis,
2686 5077 2752 5154 Et
2778 5073 3112 5157 sepelierunt
3128 5089 3268 5157 eum
3295 5075 3357 5128 in
3402 5072 3546 5157 pulte
3573 5073 3635 5157 in
3664 5077 3816 5157 terra

2160 5146 2311 5202 Moab
2334 5162 2357 5208 ,·
2379 5146 2549 5215 juxta
2604 5138 2932 5200 versionem
2961 5148 3067 5197 τῶν
3128 5144 3292 5212 LXX,
3330 5143 3423 5197 καὶ
3482 5138 3679 5215 ἔθαψαν
3716 5138 3813 5195 αὖ-

2158 5216 2247 5269 τὸν
2286 5234 2299 5269 :
2332 5232 2398 5269 ex
2434 5215 2671 5269 Hebraeo
2699 5220 2896 5269 tamen
2938 5214 3096 5269 hunc
3144 5214 3338 5269 locum
3372 5215 3552 5269 citare
3582 5213 3819 5269 videtur

2161 5216 2247 5270 τὸν
2286 5234 2299 5284 ;
2332 5214 2398 5271 ex
2434 5215 2671 5271 Hebrmo
2699 5220 2896 5271 tamen
2938 5214 3096 5272 hunc
3144 5214 3338 5272 locum
3372 5215 3552 5271 citare
3582 5214 3819 5269 videtur

2161 5288 2315 5344 Hier.
2350 5286 2582 5343 etiamsi
2606 5286 2954 5359 ambiguum
2984 5286 3070 5342 illi
3100 5303 3363 5356 sensum,
3384 5297 3478 5347 9:2
3507 5295 3621 5347 1m:
3646 5293 3819 5359 ειπρνι

2160 5380 2213 5432 et
2238 5376 2493 5448 sepelivit
2520 5392 2645 5431 eum
2674 5377 2735 5431 in
2772 5376 2933 5444 valle,
2968 5375 3167 5432 addita
3214 5391 3354 5433 voce
3394 5376 3679 5448 Dominus,
3720 5371 3818 5428 hic

2161 5444 2694 5531 exaggeret,.quam
2727 5462 2834 5531 nec
2864 5447 3149 5531 Xulgata,
3189 5463 3388 5531 neque
3434 5446 3574 5531 ipsa
3612 5444 3817 5531 Hielrg-

2162 5516 2804 5646 nyrgiversio’habent.
2864 5516 3023 5575 Vidi
3054 5519 3227 5591 epist.
3274 5516 3367 5586 39,
3425 5516 3483 5574 n'.
3540 5518 3597 5588 3,
3630 5519 3690 5572 et
3716 5516 3811 5586 60,

2164 5608 2225 5649 n.
2302 5632 2314 5645 .
