5364 6558
241 161 376 235 988
1343 168 1762 234 ADVERSUS
1805 163 2297 231 JOVINIANUM
2341 166 2490 232 LIB.
2537 163 2585 233 Ῑ.
3554 166 3678 233 251

246 303 505 361 muliere
534 303 903 371 considerat;
935 304 1036 376 qui
1066 303 1200 360 licet
1228 308 1434 377 typum
1465 307 1662 358 teneat
1690 300 1909 373 [Salva-
1940 299 1998 366 Α
2026 300 2135 366 Qui
2162 317 2296 356 cum
2327 307 2384 360 et
2412 301 2521 374 ipsi
2551 318 2760 359 uxores
2801 301 3139 370 habuerint,
3169 305 3324 361 recte
3370 301 3539 359 nobis
3571 318 3677 376 op-

246 393 584 464 toris,quod
622 393 982 449 meretricem
1019 411 1086 448 ex
1117 393 1391 466 gentibus
1413 391 1700 447 adamarit
1730 389 1918 446 Eccle-
2029 394 2400 460 ponerentur,
2434 391 2481 446 si
2515 407 2706 446 errore
2737 390 3160 446 Encratitarum
3209 391 3387 459 ducti,
3433 395 3669 448 conten-

245 482 445 538 siam:
483 488 539 537 et
568 482 753 537 multo
812 483 1014 554 plures
1069 483 1329 538 hostium
1400 481 1678 545 moriens,
1740 495 1916 550 quam

245 573 428 626 vivus
461 571 776 626 occiderit:
814 576 1008 626 tamen
1039 569 1366 642 conjugalis
1397 569 1691 641 pudicitiae
1725 585 1916 624 exem-

253 659 360 730 pla
397 676 516 714 non
547 660 785 730 prabet.
821 660 889 714 Et
919 665 1071 714 certe
1121 659 1230 714 iste
1278 665 1367 714 est
1410 659 1734 714 secundum
1785 673 1919 728 pro-

252 748 523 819 phetiam
552 746 732 803 Jacob
764 749 919 817 (Gen.
953 766 1103 815 xLix,
1160 749 1272 818 i7),
1323 747 1424 818 qui
1475 765 1608 802 cum
1659 746 1922 801 concitus

255 838 398 908 equi
455 837 802 908 pernicitate
855 837 1120 903 ferretur,
1185 855 1218 892 a
1261 841 1526 908 serpente
1583 852 1920 908 percussus,

253 931 587 979 retrorsum
616 925 847 980 cecidit.
882 926 1205 981 Debboram
1238 930 1432 981 autem
1482 931 1539 980 et
1570 924 1812 989 Barach,
1868 927 1925 978 et

251 1031 498 1070 uxorem
532 1014 690 1069 Aber
722 1015 873 1085 [mss.
908 1014 1154 1086 Chaber]
1197 1015 1368 1087 Cynei
1413 1031 1517 1070 cur
1545 1029 1920 1069 enumerave-

253 1103 350 1168 rit,
383 1119 637 1173 prorsus
669 1119 787 1158 non
821 1103 1122 1175 intelligo:
1153 1120 1285 1158 cum
1318 1102 1476 1158 aliud
1511 1103 1588 1158 sit
1637 1101 1922 1157 bellorum

258 1191 563 1263 principes
596 1196 654 1246 et
683 1191 945 1247 historiae
974 1192 1239 1248 ordinem
1263 1197 1450 1248 texere
1475 1208 1489 1246 :
1523 1191 1682 1246 aliud
1706 1191 1924 1262 figuras

265 1280 505 1351 aliquas
536 1279 871 1351 signiﬁcare
903 1279 1183 1350 conjugii,
1232 1297 1357 1351 qua:
1407 1280 1464 1334 in
1509 1280 1640 1336 istis
1685 1279 1924 1343 omnino

267 1385 385 1423 non
420 1373 783 1440 comparent.
821 1373 996 1423 Porro
1030 1369 1182 1440 quod
1215 1370 1446 1440 praefert
1484 1368 1695 1440 Jephte
1744 1367 1926 1439 patris

263 1458 439 1512 ﬁdem
474 1457 760 1528 lacrymis
807 1456 1049 1530 virginis
1088 1457 1243 1523 filiae,
1297 1475 1399 1528 pro
1449 1457 1619 1512 nobis
1669 1457 1824 1512 facit.
1861 1458 1930 1512 Et

257 1563 364 1602 nos
393 1546 566 1600 enim
603 1563 721 1601 non
754 1551 875 1600 tam
907 1545 1178 1617 virgines.
1209 1545 1427 1612 saculi,
1463 1561 1641 1617 quam
1673 1561 1770 1600 eas
1798 1561 1926 1616 qua:

2029 478 2302 533 deremus
2358 479 2734 535 matrimonia
2782 481 3147 552 reprobanda
3198 497 3210 534 :
3261 485 3318 536 et
3364 498 3476 536 non
3517 484 3674 537 esset

2030 571 2228 621 noster
2258 567 2520 623 Pontifex
2581 569 2903 623 secundum
2962 569 3225 623 ordinem
3287 568 3668 626 Melehisedec

2031 655 2156 712 sine
2185 661 2370 727 patre,
2414 656 2540 712 sine
2590 661 2796 726 matre,
2848 653 3368 730 ἀναγενεαλόγητος,
3415 657 3520 714 hoc
3561 663 3671 728 est,

2031 744 2157 800 sine
2188 745 2429 816 nuptiis.
2464 747 2532 800 Et
2563 763 2760 801 revera
2799 763 3046 819 magnos
3095 747 3318 802 fructus
3355 764 3424 803 ex
3474 746 3673 802 liberis

2031 833 2264 890 Samuel
2299 834 2454 906 capit
2487 853 2498 890 :
2535 839 2600 890 ut
2630 836 2769 907 quia
2798 835 2922 907 ipse
2953 835 3174 908 placuit
3220 837 3356 904 Deo,
3393 836 3540 892 tales
3572 853 3668 909 ge-

2035 922 2246 992 nuerit,
2279 924 2378 994 qui
2411 923 2657 979 Domino
2690 924 3081 996 displicerent.
3115 926 3276 988 Quod
3328 926 3376 981 si
3429 927 3572 981 Booz
3620 930 3680 980 et

2037 1011 2190 1066 Ruth
2226 1012 2393 1067 nobis
2424 1011 2625 1083 objicit
2676 1013 2746 1067 ad
2803 1014 3299 1084 comprobandam
3330 1014 3674 1086 digamiam,

2036 1100 2182 1155 sciat
2213 1101 2271 1155 in
2303 1100 2612 1172 Evangelio
2644 1101 2716 1155 ob
2748 1105 2948 1173 typum
2984 1100 3271 1167 Ecclesiae,
3303 1103 3479 1158 etiam
3524 1103 3684 1159 Raab

2037 1190 2368 1244 mereticem
2390 1191 2447 1244 in
2473 1191 2676 1245 ordine
2690 1191 2978 1260 majorum
3002 1190 3232 1246 Domini
3254 1197 3681 1247 enumeratam.

2105 1280 2195 1334 3i.
2231 1281 2408 1346 Quare
2458 1279 2636 1335 David
2691 1281 3084 1351 sanguinarius
3140 1281 3244 1334 vir.
3305 1281 3530 1348 Quando
3584 1297 3681 1335 ex-

2036 1370 2240 1423 struxit
2267 1370 2525 1424 Salomon
2582 1370 2867 1440 templum.
2934 1399 3002 1408 —
3053 1373 3231 1424 Porro
3283 1369 3438 1439 quod
3496 1368 3683 1424 David

2042 1455 2311 1512 ducentis
2344 1457 2646 1528 przeputiis
2676 1455 2890 1512 emisse
2927 1457 3113 1527 jactat
3159 1473 3418 1522 uxorem,
3461 1459 3686 1514 noverit

2039 1543 2207 1599 illum
2240 1549 2296 1599 et
2326 1543 2471 1600 alias
2505 1545 2784 1601 habuisse
2831 1546 3318 1618 quamplurimas.
3367 1551 3424 1601 et
3472 1546 3686 1603 Michol

257 1639 503 1707 propter
533 1635 842 1691 Christum
875 1639 1016 1689 sunt
1041 1633 1314 1706 virgines,
1349 1634 1735 1707 praedicamus
1765 1651 1777 1688 :
1809 1639 1866 1688 et
1899 1651 1931 1690 a
1963 1671 2010 1734 Β
2044 1633 2225 1689 filiam
2259 1633 2421 1702 Saul,
2453 1650 2631 1704 quam
2676 1639 2839 1706 pater
2885 1634 3050 1690 alteri
3098 1635 3438 1703 tradiderat,
3487 1639 3690 1708 postea

257 1724 571 1796 plerisque
610 1723 980 1778 Hebrazorum
1013 1723 1460 1794 reprehenditur
1488 1726 1654 1794 pater
1696 1723 1814 1778 voti
1846 1727 1929 1778 te-

2044 1722 2355 1794 recepisse,
2385 1725 2441 1777 et
2464 1724 2587 1793 jam
2623 1739 2821 1778 senem
2853 1723 3238 1779 Sunamitidis
3278 1724 3484 1796 puellas
3535 1724 3683 1781 cale-

258 1812 530 1882 merarii,
585 1811 687 1882 qui
739 1811 951 1866 dixerit
990 1814 1044 1864 ¹;
1081 1811 1139 1866 Si
1182 1812 1400 1866 tradens
1447 1811 1741 1867 tradideris
1787 1811 1932 1881 ﬁlios
2045 1812 2264 1866 factum
2327 1828 2450 1866 esse
2503 1811 2920 1884 complexibus.
2982 1813 3097 1868 Nec
3153 1812 3262 1868 hoc
3318 1812 3468 1883 dico,
3531 1814 3684 1885 quod

257 1904 499 1956 Ammon
562 1901 627 1953 in
673 1901 931 1955 manibus
987 1902 1146 1966 meis,
1222 1902 1551 1972 quicumque
1608 1903 1809 1956 exierit
1867 1900 1932 1954 de
2044 1901 2265 1956 sanctis
2318 1899 2458 1956 viris
2508 1902 2834 1972 quidquam
2883 1901 3184 1957 detrahere
3238 1902 3483 1958 audeam
3528 1921 3540 1971 ;
3588 1904 3688 1959 sed

264 1990 429 2044 domo
460 2006 586 2044 mea
616 1992 671 2043 in
703 2006 992 2044 occursum
1020 1991 1180 2054 mihi,
1213 2005 1339 2043 cum
1381 1991 1583 2044 reverti
1628 2006 1835 2062 cazpero
1874 1992 1934 2044 in
2045 1990 2199 2060 quod
2231 1988 2388 2044 aliud
2423 1989 2500 2045 sit
2530 1989 2588 2044 in
2621 1989 2748 2060 lege
2775 1991 3014 2056 versari,
3047 1990 3205 2045 aliud
3257 1991 3314 2046 in
3361 1991 3689 2065 Evangelio.

263 2094 406 2150 pace
434 2095 468 2132 a
497 2079 634 2148 ﬁliis
664 2083 917 2144 Ammon,
968 2078 1070 2132 erit
1115 2078 1360 2146 Domino,
1407 2087 1457 2133 et
1500 2079 1725 2150 offeram
1772 2079 1934 2132 illum
2047 2077 2147 2134 Ille
2177 2078 2390 2134 occidit
2419 2078 2617 2134 Uriam
2650 2079 2950 2134 Hethaaum
2983 2079 3305 2150 [Gethaaum
3329 2082 3495 2152 juxta
3525 2081 3688 2152 LXX]

264 2167 652 2222 holocaustum
679 2166 878 2235 (Judic.
909 2183 992 2234 x1,
1023 2169 1111 2231 30,
1145 2167 1256 2234 31).
1288 2167 1346 2222 Si
1381 2166 1931 2238 carnis(inquiunt),
2045 2167 2308 2222 mmchus
2339 2166 2563 2223 exstitit
2609 2167 2667 2221 in
2722 2167 3063 2222 Bethsabee.
3117 2169 3186 2222 Et
3233 2169 3372 2240 quia
3426 2175 3550 2224 erat
3603 2170 3693 2224 vir

261 2257 310 2312 si
344 2256 562 2311 asinus
599 2255 977 2320 occurrisset,
1010 2254 1151 2325 quid
1184 2255 1397 2310 faceret
1424 2255 1452 2309 ?
1482 2257 1562 2310 Ex
1592 2272 1705 2327 quo
1735 2255 1937 2311 volunt
2047 2256 2486 2327 sanguinarius,
2539 2273 2652 2310 non
2701 2256 2790 2327 (ut
2821 2255 3081 2326 plerique
3125 2255 3463 2311 existimant
3492 2257 3533 2328 δ)
3565 2274 3694 2328 pro-

266 2345 368 2400 Dei
404 2343 860 2415 dispensatione
889 2360 1016 2399 esse
1049 2344 1267 2398 factum
1299 2347 1364 2398 ut
1395 2344 1492 2415 qui
1549 2345 1936 2417 improspecte

272 2441 530 2499 voverat,
569 2447 834 2487 errorem
865 2437 1130 2488 votorum
1163 2431 1221 2487 in
1264 2433 1393 2486 filiae
1441 2437 1627 2488 morte
1672 2434 1933 2490 sentiret.

272 2522 329 2575 Si
385 2528 587 2576 autem
641 2519 880 2576 Samuel
929 2521 1187 2576 nutritur
1233 2521 1292 2576 in
1349 2521 1724 2577 tabernaculo
1774 2522 1939 2578 duxit

269 2627 536 2678 uxorem,
603 2610 750 2682 quid
798 2609 907 2664 hoc
956 2610 1026 2665 ad
1077 2610 1482 2681 praajudicium
1523 2609 1938 2683 virginitatis?

267 2701 446 2764 Quasi
481 2716 609 2754 non
664 2699 840 2755 hodie
887 2715 1120 2770 quoque
1171 2698 1408 2770 plurimi
1461 2701 1791 2755 sacerdotes
1839 2700 1941 2755 ha-

266 2789 444 2846 beant
476 2789 909 2856 matrimonia;
943 2793 1001 2843 et
1040 2788 1374 2860 Apostolus,
1420 2788 1758 2861 episcopum
1807 2790 1938 2844 des-

268 2879 459 2935 cribat
507 2877 698 2933 unius
741 2877 938 2932 uxoris
983 2876 1191 2945 virum,
1250 2877 1560 2933 habentem
1604 2878 1756 2934 ﬁlios
1804 2895 1938 2934 cum

273 2969 437 3024 omni
470 2967 752 3023 castitate
785 2969 830 3036 (Ι
871 2968 1004 3021 Tim.
1053 2984 1114 3021 ιιι
1155 2968 1232 3037 2).
1287 2967 1439 3023 274
1480 2966 1788 3039 Simulque
1837 2985 1941 3024 no-

2047 2349 2174 2417 pter
2201 2343 2374 2408 bella,
2407 2345 2506 2399 sed
2543 2348 2778 2416 propter
2816 2343 3220 2410 homicidium,
3252 2345 3537 2416 templum
3579 2347 3688 2401 Do-

2049 2433 2190 2488 mini
2223 2433 2508 2488 aediﬁcare
2535 2432 2898 2504 prohibetur.
2931 2433 3048 2489 Nos
3073 2437 3268 2489 autem
3301 2433 3350 2490 si
3400 2450 3585 2490 unum
3619 2435 3688 2490 de

2049 2522 2311 2578 minimis
2338 2521 2952 2590 scandalizaverimus,
2987 2525 3043 2578 et
3078 2523 3126 2577 si
3163 2522 3322 2578 fratri
3371 2523 3691 2580 dixerimus
3799 2535 3804 2538 ‘

2047 2615 2211 2676 Raca,
2244 2616 2301 2665 et
2349 2627 2462 2666 non
2526 2615 2684 2666 recta
2742 2610 2846 2684 [AL
2910 2614 3081 2678 recte]
3137 2612 3288 2668 275
3347 2613 3690 2680 viderimus,

2049 2699 2282 2772 expedit
2312 2704 2377 2755 ut
2404 2699 2560 2756 mola
2590 2700 2846 2756 asinaria
2873 2699 3086 2772 ligetur
3123 2701 3278 2756 circa
3325 2700 3537 2757 collum
3587 2719 3688 2758 no-

2049 2794 2262 2855 strum,
2292 2793 2350 2843 et
2379 2789 2458 2843 rei
2511 2789 2732 2844 erimus
2789 2788 3089 2859 gehennae,
3150 2793 3207 2844 et
3249 2788 3602 2846 adulterium
3633 2791 3693 2846 in

2050 2877 2173 2934 solo
2206 2877 2372 2932 nobis
2405 2881 2645 2949 aspectu
2683 2877 3070 2948 reputabitur.
3119 2878 3354 2934 Transit
3406 2880 3476 2933 ad
3527 2878 3695 2935 Salo-

2053 2983 2306 3030 monem,
2343 2982 2443 3038 per
2483 2982 2656 3037 quem
2715 2981 2777 3020 se
2835 2966 3046 3022 cecinit
3100 2966 3229 3038 ipsa
3281 2967 3604 3038 sapientia;
3640 2971 3698 3024 et

269 3057 592 3125 scendum,
621 3056 780 3126 quod
813 3053 1043 3110 Samuel
1077 3055 1290 3121 Levita,
1327 3072 1439 3110 non
1471 3057 1744 3112 sacerdos
1775 3059 1940 3124 ’,non
1975 3039 2017 3106 C
2058 3070 2191 3110 cum
2225 3054 2491 3110 uxorium
2526 3069 2661 3108 eum
2693 3053 2866 3120 dicat,
2901 3057 3076 3125 atque
3108 3055 3166 3109 in
3207 3055 3363 3110 illius
3419 3055 3694 3113 laudibus

276 3145 547 3218 pontifex
582 3143 782 3200 fuerit.
807 3143 970 3199 Unde
1029 3149 1086 3199 et
1143 3142 1392 3199 faciebat
1444 3144 1526 3199 illi
1592 3150 1778 3200 mater
1833 3163 1942 3202 sua

279 3235 470 3305 Ephod
525 3234 656 3301 bad,
737 3232 1217 3304 superbumerale
1286 3232 1554 3288 videlicet
1613 3233 1833 3290 lineum
1896 3237 1943 3306 (Ι

274 3324 410 3392 Reg.
445 3340 513 3388 11,
545 3322 658 3391 48),
694 3322 796 3392 qui
827 3321 1064 3376 habitus
1097 3320 1325 3393 proprie
1358 3322 1684 3377 Levitarum
1736 3327 1792 3377 et
1829 3323 1938 3378 mi-

281 3412 450 3466 noris
481 3415 577 3465 est
610 3409 851 3466 ordinis.
890 3409 1051 3465 Unde
1083 3414 1140 3465 et
1172 3410 1230 3463 in
1285 3408 1536 3465 Psalmis
1585 3428 1700 3465 non
1750 3412 1938 3468 nomi-

289 3503 473 3551 natur
502 3497 657 3552 inter
685 3499 1026 3563 sacerdotes,
1069 3498 1167 3553 sed
1202 3499 1352 3553 inter
1381 3515 1480 3554 eos
1512 3499 1612 3570 qui
1671 3500 1941 3556 invocant

288 3601 514 3640 nomen
566 3584 822 3641 Domini:
856 3591 1070 3659 Moyses
1098 3588 1190 3642 aet
1237 3589 1421 3642 Aaron
1469 3590 1529 3642 in
1568 3589 1940 3645 sacerdotibus

278 3677 426 3744 ejus,
459 3677 515 3729 et
541 3674 762 3730 Samuel
791 3678 935 3731 inter
981 3692 1088 3743 eos,
1134 3678 1234 3748 qui
1272 3678 1523 3732 invocant
1583 3694 1779 3734 nomen
1823 3681 1940 3750 ejus

276 3765 454 3832 (Psal.
492 3781 694 3829 xcvm,
733 3765 810 3834 6).
862 3765 994 3821 Levi
1043 3765 1200 3821 enim
1255 3767 1456 3838 genuit
1503 3767 1701 3833 Caath,
1759 3767 1939 3823 Caath

287 3853 502 3926 genuit
531 3854 883 3923 Aminadab,
917 3854 1247 3910 Aminadab
1279 3855 1484 3925 genuit
1513 3855 1714 3922 Cbore,
1759 3857 1944 3913 Cbore

270 3941 482 4013 genuit
534 3941 723 4009 Assir,
785 3943 952 3998 Assir
1009 3942 1217 4014 genuit
1272 3942 1586 4010 Helchana,
1646 3944 1942 4002 Helchana

270 4031 481 4101 genuit
513 4031 664 4098 Sub,
697 4031 820 4086 Sub
853 4031 1053 4104 genuit
1082 4032 1226 4099 Tou,
1262 4032 1383 4086 Tou
1407 4032 1609 4103 genuit
1629 4032 1780 4100 Eliu,
1814 4034 1937 4090 Elin

268 4121 478 4192 genuit
507 4119 774 4190 Jeroam,
805 4121 1035 4176 Jeroam
1067 4120 1272 4192 genuit
1302 4119 1616 4186 Helchana,
1643 4121 1940 4180 Helcbana

270 4209 480 4280 genuit
507 4208 872 4265 Samuelem.
905 4208 1182 4280 Nullique
1231 4209 1480 4264 dubium
1530 4213 1619 4263 est
1669 4213 1938 4268 sacerdo-

267 4302 366 4352 tes
398 4296 466 4352 de
492 4300 685 4353 Aaron
718 4303 776 4354 et
805 4298 1040 4354 Eleazar
1062 4302 1118 4352 et
1142 4297 1390 4353 Phinees
1419 4296 1597 4370 stirpe
1609 4304 1936 4370 generatos.

2050 3144 2416 3211 immoretur,
2451 3142 2634 3198 miror
2663 3159 2768 3198 cur
2798 3159 2913 3198 non
2937 3145 3154 3216 jungat
3181 3149 3238 3200 et
3269 3144 3409 3200 illud
3447 3146 3518 3201 de
3547 3147 3696 3202 Can-

2051 3236 2162 3287 tico
2208 3232 2569 3287 canticorum
2623 3249 2634 3286 :
2693 3231 2993 3303 Sexaginta
3049 3241 3179 3288 sunt
3239 3236 3694 3304 regz'nte,etocto-

2047 3321 2203 3391 ginta
2231 3320 2580 3380 concubinae;
2612 3328 2661 3375 et
2691 3319 3126 3387 adolescentulaa,
3177 3338 3412 3393 quarum
3459 3339 3569 3380 non
3614 3330 3691 3380 est

2051 3425 2311 3464 numerus
2373 3410 2561 3479 (Cant.
2597 3426 2674 3478 v1,
2703 3411 2780 3475 7).
2835 3410 2902 3463 Et
2957 3408 3103 3464 illud
3160 3411 3231 3466 de
3290 3412 3509 3483 Regum
3574 3417 3689 3469 ter-

2051 3497 2150 3564 tio,
2186 3497 2337 3565 Quod
2366 3499 2738 3568 septingentos
2779 3498 3035 3553 habuerit
3083 3515 3300 3566 uxores,
3340 3509 3391 3555 et
3434 3509 3696 3558 trecentas

2048 3586 2401 3656 concubinas,
2433 3589 2482 3640 et
2514 3586 2653 3640 alias
2683 3585 3114 3641 innumerabiles
3170 3587 3268 3657 (III
3317 3589 3444 3656 Reg.
3505 3605 3580 3656 x1,
3615 3590 3692 3660 3).

2051 3675 2144 3730 Hae
2178 3690 2386 3746 nempe
2419 3678 2580 3738 sunt,
2613 3690 2740 3744 quae
2773 3678 3106 3730 averterunt
3156 3691 3255 3730 cor
3311 3676 3440 3746 ejus
3487 3693 3521 3731 a
3580 3681 3694 3733 Do-

2050 3762 2246 3816 mino:
2280 3765 2336 3816 et
2364 3765 2559 3817 tamen
2592 3766 2908 3833 antequam
2940 3763 3137 3834 plures
3181 3763 3419 3819 haberet
3462 3781 3693 3834 uxores,

2049 3856 2104 3907 et
2135 3851 2328 3916 carnis
2382 3849 2540 3905 vitiis
2589 3849 2903 3916 laberetur,
2953 3851 3012 3906 in
3073 3853 3359 3925 principio
3418 3856 3581 3926 regni
3639 3862 3696 3912 et

2049 3938 2448 3996 adolescentiae
2496 3939 2746 3994 exstruit
2810 3939 3059 3995 Domino
3119 3941 3424 4012 templum.
3498 3943 3695 4002 Unus-

2048 4028 2298 4100 quisque
2327 4026 2484 4081 enim
2516 4042 2631 4081 non
2664 4027 2734 4081 de
2766 4026 3000 4099 futuris,
3042 4028 3142 4084 sed
3196 4029 3265 4084 de
3304 4032 3692 4100 praesentibus

2041 4115 2363 4189 judicatur.
2399 4115 2561 4181 Quod
2595 4113 2644 4169 si
2677 4111 3008 4171 Salomonis
3040 4115 3307 4188 exempla
3336 4117 3385 4172 ei
3435 4117 3688 4187 placent,

2040 4207 2165 4278 jam
2193 4222 2306 4260 non
2337 4205 2608 4277 digamus
2641 4203 2750 4260 erit
2780 4208 2836 4259 et
2866 4205 3154 4277 trigamus
3179 4223 3193 4272 ;
3225 4206 3325 4260 sed
3351 4205 3690 4279 nisiseptin-

2047 4301 2252 4368 gentas
2284 4293 2557 4349 habuerit
2606 4310 2834 4361 uxores,
2862 4299 2918 4349 et
2965 4299 3255 4351 trecentas
3304 4295 3684 4366 concubinas,

343 4422 358 4454 ⁸
389 4421 812 4478 Casanatensis
838 4439 972 4477 cum
1005 4420 1324 4476 Veronensi
1376 4423 1506 4490 quia
1561 4419 1768 4477 dixerit
1802 4440 1814 4490 ;
1840 4421 1933 4478 hic
1965 4409 2009 4473 Ι)
2040 4420 2231 4492 posita
2258 4420 2363 4475 abs
2387 4418 2744 4492 _H_ieronym_o
2775 4417 3114 4491 genealogia
3142 4422 3272 4492 tute,
3294 4419 3579 4476 conferas.

258 4508 402 4547 vero
423 4509 561 4549 mox
594 4495 861 4549 Omnibus
892 4495 1199 4564 quicunque
1217 4489 1439 4564 exierit,
1471 4499 1580 4564 etc.
1805 4489 1814 4564 ᾗ
2040 4489 2057 4564 ί
2110 4494 2132 4564 ξ
2161 4492 2373 4564 Amovi
2387 4489 2522 4564 hinc
2553 4489 2820 4564 voculam
2853 4489 3052 4562 inquit“,
3090 4507 3223 4564 quae
3262 4491 3319 4545 in
3370 4507 3512 4546 mss.
3571 4511 3685 4549 non

335 4565 359 4596 ²
389 4564 500 4628 Qui
535 4564 676 4620 huic
708 4560 1171 4636 Hieronymianaa
1193 4562 1925 4629 assertioni,sacerdotium
2039 4563 2307 4636 habetur.
2342 4560 2518 4636 Paulo
2545 4564 2678 4636 ante
2723 4560 3136 4618 Casanatensis
3190 4565 3312 4618 Non
3364 4572 3687 4619 numeratur

255 4636 608 4707 aSamuele
640 4634 1056 4707 abjudieantis,
1091 4637 1720 4707 adversanturveteres
1782 4636 1924 4691 scri-
2037 4651 2139 4707 pro
2159 4634 2288 4707 _1_Von
2316 4635 2656 4707 nominatur.
3013 4704 3021 4707 _
3077 4703 3086 4707 _
3142 4674 3146 4676 .
3525 4703 3535 4707 Α
3615 4637 3622 4643 ’

253 4711 478 4780 ptores
503 4703 747 4780 aliquot,
781 4724 848 4763 eo
880 4708 1151 4780 videntur
1172 4705 1504 4780 accipiendi
1526 4722 1726 4780 sensu,
1761 4712 1824 4780 ut
1853 4709 1926 4780 de
2037 4703 2055 4707 ”
2108 4707 2126 4739 ³
2157 4705 2294 4780 Haec
2319 4704 2500 4758 ferme
2529 4703 3285 4780 Hebraeorrurn‘opinioest,
3330 4703 3701 4780 sa_nguin_em‘

254 4774 645 4850 sacerdotum
679 4779 884 4834 ordine
913 4796 978 4834 ac
1001 4778 1214 4850 specie,
1247 4774 1316 4832 ut
1342 4778 1420 4831 ita
1449 4777 1718 4850 dixerim,
1762 4779 1925 4834 Levi-
2035 4793 2111 4850 ex
2135 4792 2249 4848 quo
2283 4776 2471 4850 impar
2501 4774 2851 4850 reddebatur
2870 4774 3057 4850 David
3083 4775 3161 4850 ad
3225 4774 3538 4850 templujn
3572 4774 3683 4850 Do-

249 4853 390 4922 tam
429 4848 775 4922 intelligant.
813 4850 906 4906 Sic
942 4843 1142 4905 noster
1171 4843 1317 4904 Zens
1361 4853 1531 4922 tract.
1566 4848 1651 4917 l6,
1702 4843 1772 4922 '_n_.
1836 4851 1922 4915 14,
2036 4843 2194 4902 ῐηίηό
2225 4843 3046 4922 azdiji'eandumjllumfuisse
3080 4843 3410 4922 innocentis
3443 4845 3682 4922 Uriaa,in

247 4920 512 4994 Samuel.
548 4915 764 4993 inquit,
795 4924 1058 4994 egregius
1089 4922 1183 4975 ille
1212 4920 1480 4988 sacerdos,
1547 4915 1656 4973 etc.
1710 4920 1923 4994 Verum
2035 4935 2210 4991 quam
2243 4923 2300 4994 et
2329 4916 2716 4986 Hieronymus
2738 4915 2879 4969 abit.
2907 4915 3142 4994 Veteres
3160 4921 3379 4994 autem,
3404 4919 3683 4974 recentio-

239 4991 561 5063 Josephus
589 4985 759 5048 vetus
802 4985 1171 5049 Christianus
1229 4997 1433 5063 auctor
1469 4985 1921 5063 'llyponinestic.
2036 4985 2244 5062 resque
2276 4989 2424 5043 hanc
2457 4985 2658 5063 unum,
2691 5002 2867 5056 quam
2924 4985 3020 5063 ille
3049 4986 3390 5063 __impr_o_bat_,
3443 5005 3683 5063 causam

241 5057 483 5150 capri?
603 5063 755 5150 Τίνὶς
813 5063 864 5115 οἱ
1073 5059 1338 5150 Bagoan).
1413 5057 1676 5150 :p'o'fo-vo'.
1723 5061 1922 5135 ἱερατι-
2035 5057 2359 5150 ugnosclunt

1564 5057 1676 5113 όνοι
1723 5061 1922 5135 ἱερατι-
2035 5057 2382 5150 ugnbsc'unt,
2418 5057 3314 5150 nimirumlprupt‘urbellakyid:
3357 5059 3682 5150 Josephum

239 5127 346 5209 ξσῖ
377 5135 672 5209 :_Quinam
699 5139 933 5206 [uerunt
963 5127 1235 5209 samae'lis
1259 5127 1633 5209 progenitores
1652 5149 1721 5187 ex
1739 5127 1923 5209 sdger-
2032 5127 2215 5209 ᾼῙιιίᾳ.
2245 5133 2282 5209 l‘.
2316 5148 2418 5209 vix,
2455 5131 2514 5183 Ε.
2567 5129 2625 5209 it
2664 5145 2678 5194 ;
2718 5127 3059 5209 Eusebium,
3117 5130 3333 5209 Ptppqr.
3491 5127 3570 5199 ix,
3630 5153 3682 5191 υ.

237 5200 987 5281 άοζαζξθεηενείρυωνθηε
1020 5200 1386 5281 itacenset':
1422 5228 1449 5254 «
1501 5203 1735 5281 Primus
1784 5206 1924 5281 Qore
2033 5206 2140 5281 ξω
2171 5200 2315 5281 quin
2349 5202 2530 5256 immo
2565 5201 2754 5281 ipsam
2786 5200 3142 5281 scripturam
3175 5200 3220 5256 l.
3256 5201 3504 5281 P_aralip.
3540 5222 3682 5281 }_{V_I_l,

285 5277 356 5350 ni
395 5271 614 5350 Moysis
647 5271 908 5350 tempore
959 5278 1308 5350 seditionem
1360 5275 1560 5350 movit.
1594 5277 1921 5350 Secundus,
2033 5279 2066 5350 8
2098 5271 2384 5350 inﬁnitum
2408 5273 2748 5350 sanguinem
2786 5271 3068 5350 effudisti,
3129 5281 3196 5350 et
3233 5271 3482 5350 plurima
3541 5271 3688 5334 bella

285 5295 356 5332 υι
395 5295 614 5348 moysns
647 5295 908 5350 tempore
959 5295 1308 5333 seumonem
1360 5295 1560 5332 movn.
1594 5295 1921 5346 Secundus,
2033 5295 2110 5330 δε
2151 5295 2384 5331 manum
2421 5295 2748 5341 sanguinem
2805 5295 3068 5342 σηῑιιιιδιῑ,
3129 5295 3177 5328 ει
3233 5295 3482 5344 plurima
3541 5295 3688 5334 oeua

239 5295 426 5402 Filius
456 5347 636 5418 hujus
666 5349 908 5416 Elkana,
941 5349 1172 5404 Tertius
1205 5347 1684 5411 Exaud.Quartus
1734 5347 1919 5402 Eliud.
2035 5348 2273 5411 bellasti,
2307 5344 2525 5418 dicitur
2554 5344 2624 5398 ad
2661 5342 2957 5397 Davidem.
2992 5344 3229 5418 Accedit
3259 5345 3400 5402 ordo
3456 5351 3690 5418 tempo-

233 5415 816 5484 Ouintus'Tevaam.
851 5415 1062 5478 sextus
1095 5419 1638 5490 Elkana,Septimus
1662 5420 1920 5487 Samuel,
2034 5418 2115 5473 ris
2185 5435 2256 5473 uo
2291 5416 2466 5471 David
2500 5422 2633 5470 ante
2695 5419 2985 5487 patratam
3044 5415 3191 5474 Uria:
3249 5432 3450 5472 necem
3511 5415 3696 5472 aedifi-

235 5508 314 5546 ει
351 5506 480 5546 auo
511 5492 632 5546 nati
663 5493 779 5546 duo
802 5491 907 5546 ﬁlii
939 5493 1037 5546 oui
1073 5492 1264 5546 patria
1293 5491 1664 5546 successione
1694 5491 1922 5546 indigni
2033 5435 2204 5546 eamdi
2236 5487 2440 5546 templi
2471 5485 2785 5546 consilium
2817 5493 3068 5546 ceperat.

235 5462 1922 5572 quci'niii'ﬁﬁ'é'alii"p163;EhJéessi'o“£e”iniEni
2033 5462 2204 5546 candi
2236 5487 2440 5559 templi
2471 5462 2785 5546 consilidm
2817 5493 3068 5560 ceperat.
4691 5462 5281 5864 \

235 5561 508 5634 indicati
537 5568 700 5623 sunt.
737 5587 766 5616 »
794 5568 1009 5624 Locum
1039 5562 1466 5637 exscripsimus
1497 5566 1562 5620 ut
1601 5578 1737 5620 cum
1787 5579 1921 5635 pro-

3673 5831 3912 5864 *-

227 5562 508 5634 jndicati
537 5568 700 5623 sunt.
737 5587 766 5616 »
794 5562 1009 5624 Locum
1039 5562 1466 5637 exscripsimus
1497 5566 1562 5620 ut
1601 5578 1737 5620 cum
1787 5562 1921 5635 pro-

3623 5831 3912 5977 Γ
