5364 6558
1044 282 1166 371 Sss
2280 294 2344 367 s.
2391 294 2703 369 EUSEBlI
2741 292 3212 367 HIERONYMI.
4325 286 4443 363 ue

1043 439 1249 511 typum
1277 433 1407 508 ejus
1425 437 1483 492 et
1502 433 1776 492 meritum
1796 433 2041 509 implere
2057 451 2173 492 non
2191 433 2418 509 poterit.
2433 434 2683 491 Obsecro
2716 432 2769 501 Α
2795 451 2925 491 rare
2956 451 3072 492 non
3104 438 3417 510 poterunt;
3449 435 3589 510 quia
3606 434 3841 510 justitia
3869 434 4055 510 patris
4085 450 4203 493 non
4232 431 4444 491 libera-

1046 530 1125 596 te,
1157 525 1357 591 lector,
1389 530 1446 581 et
1484 525 1539 581 id
1588 525 1783 598 ipsum
1825 542 1977 597 saepe
2023 541 2387 590 commoneo,
2429 528 2495 579 ut
2539 522 2691 579 scias
2801 523 2887 580 bit
2913 524 3124 592 filium,
3157 541 3262 582 nec
3295 529 3597 598 peccatum
3640 523 3883 583 alterius
3912 524 4080 583 alteri
4127 522 4444 597 imputabi-

1045 631 1162 683 me,
1190 632 1317 687 quas
1347 613 1571 686 loquor,
1605 614 1950 671 necessitate
1978 614 2169 671 dicere
2203 631 2216 670 :
2251 630 2354 669 nec
2387 612 2691 667 detrahere
2800 616 2914 669 tur.
2975 614 3175 670 Anima
3230 618 3379 671 enim
3436 630 3562 687 quae
3614 617 3935 687 peccaverit,
4000 617 4128 686 ipsa
4180 614 4448 670 morietur

1046 702 1140 761 his
1169 703 1269 776 qui
1299 692 1362 759 ib
1386 701 1512 775 lege
1541 703 1966 775 praecesserint,
2000 704 2101 759 sed
2133 700 2381 759 servisse
2411 718 2509 757 eos
2537 705 2686 756 tem-
2799 701 3010 773 (Ezech.
3044 720 3205 769 xvm,
3236 704 3313 774 4).
3344 703 3454 759 Sed
3487 707 3544 759 et
3595 702 3705 759 hoc
3752 703 4091 769 dicendum,
4141 700 4443 759 Danielem

1045 794 1288 867 poribus
1317 798 1375 848 et
1397 791 1834 848 conditionibus
1861 792 2007 861 suis,
2038 796 2095 847 et
2121 790 2284 847 illam
2314 790 2546 846 Domini
2577 789 2687 845 im-
2789 791 2956 862 juxta
2991 790 3299 847 historiam
3331 790 3464 847 libri
3497 792 3647 863 ejus,
3680 808 3814 847 cum
3844 791 4114 847 Joachim
4144 806 4281 863 rege
4308 805 4445 861 cap-

1044 880 1235 955 plesse
1266 880 1618 938 sententiam
1654 899 1667 936 :
1700 883 1958 949 Crescite,
2012 884 2064 936 et
2109 880 2587 951 multiplicamini,
2636 882 2688 934 et
2795 883 2924 935 tum
2954 896 3019 936 eo
3049 883 3330 953 tempore,
3360 897 3477 953 quo
3508 879 3765 936 Ezechiel
3818 896 4051 953 quoque
4097 880 4309 936 ductus
4358 881 4447 933 est

1040 972 1243 1044 replete
1273 979 1475 1027 terram
1502 970 1667 1041 (Gen.
1703 970 1753 1037 1,
1783 970 1875 1041 28)
1902 988 1914 1036 ;
1947 973 2005 1025 et
2035 968 2189 1041 quod
2235 968 2328 1023 bis
2372 969 2565 1040 majus
2598 972 2688 1024 est
2795 969 2854 1024 in
2884 967 3302 1040 captivitatem.
3336 969 3635 1035 Quomodo
3661 984 3797 1042 ergo
3821 968 4007 1041 potuit
4027 968 4243 1025 habere
4269 964 4440 1034 filios,

1043 1058 1378 1115 futurorum
1413 1064 1579 1130 typos
1610 1058 1946 1129 praebuisse.
1980 1058 2159 1114 Nobis
2208 1060 2426 1124 autem,
2468 1057 2685 1129 quibus

1042 1147 1291 1203 dicitur:
1327 1148 1553 1217 Tempus
1585 1148 1645 1200 in
1668 1146 1888 1201 collecto
1916 1154 2013 1213 est,
2042 1149 2310 1217 superest,
2343 1148 2405 1199 ut
2434 1146 2529 1215 qui
2579 1143 2684 1199 ha-

1044 1237 1167 1293 bent
1194 1251 1413 1299 uxores,
1442 1236 1522 1289 sic
1550 1235 1659 1289 sint
1689 1235 1849 1305 quasi
1885 1249 1993 1289 non
2035 1235 2270 1289 habeant
2298 1232 2341 1301 (ι
2401 1232 2521 1287 Cor.
2580 1250 2682 1299 v11,

1039 1325 1156 1395 29),
1199 1324 1358 1381 aliud
1417 1321 1675 1395 praecipi,
1730 1328 1789 1379 et
1842 1322 2238 1395 virginitatem
2296 1338 2329 1377 a
2384 1320 2683 1377 Salvatore

1039 1413 1264 1486 virgine
1294 1411 1571 1469 dedicari.

1108 1504 1199 1558 25.
1229 1502 1432 1558 Norma
1469 1501 1901 1572 Scripturarum,
1956 1500 2161 1555 Probat
2199 1499 2469 1556 Susanna:
2514 1499 2679 1553 histo-

1038 1591 1207 1647 riam.
1230 1622 1297 1632 —
1328 1589 1515 1645 Eliam
1537 1594 1594 1646 et
1622 1587 1894 1645 Elisasum
1928 1605 2105 1661 quam
2138 1587 2315 1644 stulte
2336 1588 2393 1642 in
2416 1586 2679 1660 catalogo

1034 1680 1295 1752 posuerit
1324 1677 1690 1747 maritorum,
1724 1694 1817 1734 me
1847 1681 2093 1745 tacente,
2139 1676 2518 1732 manifestum
2567 1680 2674 1731 est.

1037 1769 1096 1826 Si
1120 1769 1277 1825 enim
1295 1770 1547 1824 Joannes
1572 1767 1835 1838 Baptista
1860 1765 2017 1823 venit
2071 1766 2132 1822 in
2180 1764 2392 1837 spiritu
2450 1768 2508 1820 et
2563 1763 2679 1819 vir-

1037 1862 1163 1914 tute
1192 1855 1349 1924 Elize,
1380 1862 1438 1911 et
1465 1855 1722 1912 Joannes
1749 1854 1910 1929 virgo
1940 1859 2030 1911 est
2061 1873 2073 1922 ;
2107 1853 2309 1925 utique
2339 1870 2455 1909 non
2488 1851 2679 1909 solum

1034 1944 1099 2004 in
1130 1946 1341 2019 spiritu
1370 1946 1497 2017 ejus
1529 1945 1704 2012 venit,
1756 1944 1856 2001 sed
1879 1944 2053 2000 etiam
2085 1943 2145 1999 in
2186 1942 2445 2015 corporis
2503 1941 2679 1997 casti-

1032 2039 1172 2093 tate.
1206 2036 1381 2091 Porro
1430 2033 1574 2089 illud
1606 2034 1761 2107 quod
1818 2033 1889 2088 de
1947 2031 2189 2088 Ezechia
2232 2030 2678 2088 commemorari

1035 2127 1251 2198 potest,
1295 2138 1634 2195 quanquam
1685 2122 1794 2178 hoc
1836 2120 1933 2177 ille
1971 2120 2144 2178 solita
2192 2119 2510 2177 stoliditate
2563 2136 2678 2175 non

1033 2213 1266 2282 viderit,
1300 2212 1455 2285 quod
1484 2216 1614 2284 post
1643 2212 1822 2267 vitam
1861 2202 2283 2283 recuperatam,
2327 2213 2384 2265 et
2431 2208 2678 2281 quinde-

1037 2303 1153 2360 cim
1202 2317 1494 2358 annorum
1548 2300 1737 2372 spatia
1792 2299 2099 2372 protelata,
2169 2297 2378 2354 dixerit
2423 2316 2436 2354 :
2478 2297 2678 2354 Amodo

1036 2392 1180 2464 ﬁlios
1219 2387 1642 2463 faciam;sciat
1696 2387 1757 2443 in
1807 2387 2060 2444 Hebraeis
2113 2385 2509 2443 voluminibus
2561 2402 2673 2442 non

1035 2479 1262 2548 haberi,
1297 2478 1396 2535 sed
1423 2477 1535 2551 legi
1567 2495 1670 2550 pro
1700 2477 1808 2534 hoc
1836 2494 1848 2533 :
1884 2478 1900 2512 ¹
1931 2481 2102 2533 Pater
2130 2477 2264 2547 ﬁliis
2294 2483 2480 2532 notam
2515 2477 2682 2541 faciet

1033 2570 1323 2626 veritatem
1366 2570 1522 2622 tuam
1565 2567 1690 2639 (lsa,
1741 2583 1976 2634 xxxvm,
2032 2566 2142 2636 19).
2201 2565 2315 2621 Nec
2369 2564 2585 2620 mirum
2626 2562 2673 2620 si

1032 2657 1178 2715 Olda
1207 2671 1354 2713 uxor
1374 2655 1593 2711 Selium
1623 2654 1993 2728 prophetissa
2020 2653 2363 2710 consulatur
2395 2654 2499 2725 [Al.
2533 2669 2674 2709 con-

1031 2746 1278 2818 solatur]
1302 2746 1374 2801 ab
1412 2744 1574 2801 Josia
1619 2760 1754 2816 rege
1793 2744 1979 2813 Judaa,
2016 2744 2144 2814 jam
2202 2742 2533 2815 captivitate
2589 2743 2675 2798 vi-

1035 2834 1189 2907 cina,
1229 2839 1288 2891 et
1341 2834 1429 2890 ira
1486 2831 1713 2889 Domini
1767 2831 2024 2888 stillante
2081 2846 2258 2903 super
2305 2829 2671 2887 Jerusalem:

1031 2940 1167 2982 cum
1225 2923 1347 2979 haec
1396 2938 1604 2978 norma
1662 2920 1740 2977 sit
1767 2921 2225 2994 Scripturarum,
2257 2923 2322 2974 ut
2345 2921 2499 2977 216
2529 2920 2667 2975 deti-

1033 3013 1324 3072 cientihus
1353 3012 1495 3068 viris
1525 3010 1765 3077 sanctis,
1812 3009 2090 3066 mulieres
2145 3008 2204 3064 in
2256 3008 2513 3064 virorum
2547 3007 2672 3064 lau-

1031 3103 1243 3160 dentur
1273 3101 1608 3174 opprobria.
1656 3100 2033 3172 Supertluum
2090 3103 2286 3155 autem
2316 3101 2407 3153 est
2448 3098 2519 3153 de
2562 3096 2671 3154 Da-

2795 1057 2893 1128 qui
2923 1057 3115 1113 adhuc
3154 1074 3300 1129 puer
3348 1060 3519 1113 erat?
3548 1061 3607 1113 et.
3654 1056 3880 1128 expleto
3927 1055 4201 1124 triennio,
4252 1055 4443 1110 intro-

2792 1146 3006 1203 ductus
3039 1150 3128 1203 est
3156 1147 3229 1202 ad
3262 1146 3415 1219 regis
3446 1146 3815 1218 obsequium.
3849 1145 3923 1202 Ac
3975 1162 4048 1202 ne
4092 1145 4227 1218 quis
4279 1148 4443 1216 putet

2790 1234 3049 1291 Ezechiel
3096 1236 3225 1307 jam
3282 1234 3389 1290 viri
3447 1235 3789 1291 meminisse
3855 1233 4134 1302 Danielis,
4209 1237 4267 1289 et
4320 1249 4439 1291 non

2791 1324 2957 1396 pueri
2996 1342 3008 1379 :
3054 1326 3280 1381 Factum
3326 1331 3424 1390 est,
3464 1323 3677 1395 inquit,
3736 1325 3797 1378 in
3850 1340 3997 1379 anno
4051 1326 4227 1389 sexto,
4284 1320 4439 1394 regis

2790 1412 3011 1470 scilicet
3038 1413 3327 1483 Joachim,
3359 1414 3420 1467 in
3458 1429 3644 1469 mense
3668 1416 3840 1483 sexto,
3874 1415 3933 1468 in
3998 1414 4189 1485 quinta
4234 1413 4439 1467 mensis

2790 1502 3007 1575 (Ezech.
3038 1520 3163 1570 VIII,
3196 1503 3287 1571 1);
3321 1503 3408 1570 Et,
3441 1503 3548 1574 Ego
3596 1501 3856 1558 sedebam
3883 1503 3945 1557 in
3992 1500 4150 1558 domo
4193 1517 4334 1568 mea,
4386 1504 4437 1555 et

2788 1608 2940 1648 senes
2998 1592 3137 1648 Juda
3191 1590 3450 1647 sedebant
3505 1607 3692 1647 coram
3747 1605 3832 1646 me
3888 1589 4097 1662 (Ibid),
4154 1592 4341 1660 Atque
4372 1587 4436 1644 in

2790 1680 2993 1735 eadem
3025 1679 3117 1736 die
3148 1680 3219 1736 ad
3252 1695 3387 1735 eum
3418 1678 3654 1748 dicitur,
3686 1678 3749 1735 Si
3782 1681 3995 1751 fuerint
4023 1681 4213 1746 Noe,et
4238 1678 4437 1733 Daniel

2712 1802 2759 1868 Β
2787 1774 2843 1824 et
2888 1768 2984 1825 Job
3026 1768 3185 1837 (Ibid.
3230 1784 3345 1838 xxv,
3396 1767 3509 1868 44‘).
3560 1767 3693 1868 Erat
3749 1766 3928 1840 igitur
3996 1765 4194 1867 paniel
4242 1766 4435 1822 adhuc

2789 1874 2955 1930 puer,
2988 1862 3048 1913 et
3076 1862 3251 1913 notus
3301 1856 3541 1929 populo,
3588 1855 3676 1912 vel
3724 1859 3961 1928 propter
4009 1855 4438 1928 interpretatio-

2790 1963 2924 2002 nem
2965 1946 3331 2002 somniorum
3364 1944 3631 2018 regis,vel
3662 1948 3900 2018 propter
3926 1946 4204 2001 Susanna:
4226 1943 4438 2000 libera-

2787 2034 3028 2103 tionem,
3062 2038 3119 2090 et
3147 2034 3497 2091 occisionem
3528 2035 3549 2068 ³
3578 2033 4071 2107 presbyterorum.
4105 2033 4177 2088 Et
4205 2032 4433 2105 perspi-

2789 2141 2895 2181 cue
2922 2124 3358 2197 comprobatur,
3389 2139 3455 2179 eo
3484 2126 3746 2195 tempore
3772 2139 3886 2194 quo
3917 2121 4038 2178 haec
4087 2121 4437 2177 dicebantur

2785 2214 2857 2270 de
2887 2214 3004 2269 Noe
3034 2217 3093 2269 et
3123 2211 3361 2269 Daniele
3390 2215 3447 2267 et
3492 2211 3625 2279 Job,
3687 2210 3881 2267 adhuc
3936 2226 4186 2282 puerum
4246 2209 4435 2266 fuisse

2786 2301 3082 2359 Danielem
3115 2318 3221 2357 nec
3251 2300 3512 2373 potuisse
3539 2300 3754 2356 habere
3785 2298 3937 2355 filios
3976 2302 4034 2355 et
4060 2297 4234 2369 ﬁlias,
4282 2315 4434 2371 quos

2786 2408 2895 2448 sua
2914 2390 3150 2463 justitia
3178 2391 3469 2446 liberaret.
3502 2389 3626 2445 Huc
3660 2404 3849 2462 usque
3880 2388 3950 2444 de
3980 2387 4131 2461 lege.

2857 2482 3006 2537 277
3059 2479 3149 2536 26.
3195 2479 3555 2550 Evangelium
3605 2494 3716 2534 non
3764 2481 3843 2533 est
3889 2484 4017 2533 ante
4051 2476 4258 2532 Christi
4296 2493 4434 2532 cru-

2783 2586 2917 2626 cem.
2967 2569 3217 2625 Mulieres
3299 2567 3617 2624 Iudaeorum
3683 2566 4079 2622 ministrabant
4151 2568 4435 2637 magistris

2783 2660 3072 2715 alimenta.
3118 2659 3353 2714 Joannes
3385 2656 3729 2728 evangelista
3773 2657 3959 2724 virgo;
3990 2654 4241 2711 ordinem
4294 2660 4434 2711 aeta-

2782 2748 2852 2803 tis
2877 2746 3217 2803 commendat
3253 2762 3275 2806 ;
3310 2761 3414 2817 quo
3464 2748 3707 2815 tempore
3769 2752 4017 2800 mortuus
4065 2760 4087 2806 ;
4126 2745 4435 2816 privilegia

2780 2837 2916 2908 ejus.
2950 2867 3017 2876 —
3060 2834 3227 2891 Venit
3264 2835 3337 2889 ad
3382 2832 3785 2906 Evangelium,
3837 2837 3895 2889 et
3938 2832 4211 2904 proponit
4256 2834 4431 2890 nobis

2779 2924 3119 2981 Zachariam
3150 2926 3207 2978 et
3233 2921 3553 2990 Elisabeth,
3588 2922 3822 2977 Petrum
3853 2924 3912 2977 et
3941 2937 4177 2977 socrum
4206 2922 4359 2993 ejus,
4371 2926 4434 2977 et

2780 3016 3060 3071 consueta
3087 3011 3356 3067 vecordia
3385 3027 3500 3066 non
3531 3008 3805 3081 intelligit
3834 3008 3978 3065 istos
4009 3025 4243 3082 quoque
4273 3008 4433 3065 inter

2782 3119 2902 3168 eos,
2934 3102 3034 3173 qui
3067 3099 3179 3172 legi
3210 3098 3535 3167 servierint,
3566 3098 3843 3154 debuisse
3875 3097 4193 3153 numerari.
4227 3098 4432 3170 Neque

1031 3190 1178 3248 niele
1210 3169 1403 3246 dicere
1432 3206 1564 3245 cum
1594 3169 1817 3245 Hebraei
1851 3204 2037 3259 usque
2066 3186 2238 3243 hodie
2265 3190 2589 3256 autument,
2613 3190 2671 3242 et
2701 3169 2743 3237 C
2781 3169 3362 3264 enim—Evangelium
3384 3193 3518 3243 ante
3565 3203 3799 3242 crucem
3846 3185 4063 3242 Christi
4111 3189 4219 3254 est,
4267 3169 4430 3259 quod

1032 3284 1152 3337 tres
1184 3294 1395 3351 pueros
1427 3277 1607 3334 fuisse
1635 3276 1959 3344 eunuchos,
1989 3293 2057 3332 ex
2091 3275 2190 3331 illa
2221 3275 2321 3331 Dei
2355 3275 2666 3345 sententia,

1030 3385 1210 3443 quam
1241 3367 1425 3424 Isaias
1471 3364 1735 3438 loquitur
1788 3366 1859 3421 ad
1916 3364 2259 3421 Ezechiam:
2293 3366 2358 3421 Et
2412 3364 2478 3421 de
2535 3365 2669 3435 ﬁliis

1028 3460 1161 3527 tuis,
1194 3459 1291 3530 qui
1319 3463 1615 3513 nascentur
1641 3471 1711 3511 ea:
1740 3463 1806 3522 te,
1840 3456 2032 3511 tollent
2060 3462 2111 3510 et
2145 3456 2353 3524 facient
2397 3455 2670 3511 eunuchos

1026 3549 1087 3603 in
1120 3546 1275 3603 domo
1305 3546 1451 3615 regis
1479 3545 1568 3617 (IV
1593 3546 1717 3616 Reg.
1751 3560 1843 3598 xx.
1874 3543 1987 3611 48).
2040 3543 2383 3614 Rursusque
2440 3542 2499 3597 in
2558 3542 2668 3598 Da-

1027 3635 1495 3709 nielelegimus:
1528 3636 1596 3690 Et
1620 3634 1764 3689 dixit
1817 3647 1920 3689 rea:
1973 3632 2225 3704 Asphane
2273 3633 2520 3703 principi
2571 3647 2668 3688 eu-

1025 3726 1353 3792 nuchorum,
1384 3734 1446 3781 ut
1495 3724 1833 3780 introducere
1888 3723 1954 3779 de
2002 3723 2137 3794 ﬁliis
2192 3723 2531 3795 captivitatis
2588 3725 2669 3777 Is-

1026 3814 1167 3882 rael,
1198 3822 1250 3869 et
1279 3813 1345 3868 de
1371 3814 1582 3869 semine
1636 3813 1784 3883 regio
1844 3816 1895 3867 et
1950 3811 2017 3866 de
2075 3809 2501 3883 phorthommim
2558 3808 2666 3881 [ΑΙ.
2710 3840 2719 3853 ι

1020 3902 1428 3974 phortemmim]
1457 3916 1648 3972 pueros
1680 3902 1719 3967 ³,
1754 3901 1815 3955 in
1843 3901 2041 3971 quibus
2091 3916 2201 3956 non
2241 3902 2371 3955 esset
2427 3900 2665 3968 macula,

1021 3990 1281 4064 pulchros
1307 3992 1468 4061 facie,
1499 3999 1549 4046 et
1596 3990 1965 4060 intelligentes
2019 3990 2349 4062 sapientiam
2402 3990 2565 4060 (Dan,
2626 4006 2665 4057 ι,

1024 4080 1080 4153 3,
1110 4080 1185 4152 4).
1206 4081 1277 4136 Et
1301 4083 1769 4153 argumentatur,
1802 4078 1852 4135 si
1882 4079 1955 4135 de
2003 4078 2225 4135 semine
2284 4079 2442 4151 regio
2502 4077 2668 4134 electi

1026 4175 1166 4228 sunt
1195 4168 1397 4227 Daniel
1426 4174 1484 4225 et
1513 4173 1631 4225 tres
1653 4170 1820 4242 pueri
1847 4187 1859 4237 ;
1894 4169 1965 4224 de
2004 4169 2228 4224 semine
2263 4172 2456 4223 autem
2512 4166 2669 4239 regio

1025 4260 1327 4317 eunuchos
1360 4259 1479 4315 fore
1508 4258 1810 4331 Scriptura
1839 4258 2125 4331 praedixit,
2152 4257 2260 4311 hos
2281 4271 2409 4312 esse
2440 4254 2542 4326 qui
2574 4271 2670 4309 eu-

1025 4347 1205 4405 nuchi
1255 4347 1390 4403 facti
1446 4352 1605 4402 sunt.
1657 4346 1717 4402 Si
1761 4363 1893 4402 vero
1952 4350 2009 4400 et
2062 4344 2206 4399 illud
2260 4342 2599 4415 Opposuerit
2626 4344 2669 4412 ³,

1025 4437 1261 4509 quodin
1290 4435 1587 4491 Ezechiele
1633 4433 1847 4489 dicitur
1891 4434 2034 4504 (cap.
2093 4448 2209 4496 xiv,
2271 4430 2384 4501 44),
2443 4429 2561 4486 Noe
2616 4435 2673 4486 et

2777 3280 3050 3354 passione
3079 3283 3138 3334 et
3167 3277 3455 3350 sanguine
3486 3276 3675 3349 ipsius
3705 3275 4215 3332 dedicatur.Juxta
4245 3291 4430 3348 quam

2778 3367 3042 3442 regulam
3078 3369 3281 3424 Petrus
3310 3370 3367 3422 et
3396 3364 3587 3422 caeteri
3617 3362 3887 3437 apostoli,
3918 3368 3984 3419 ut
4022 3364 4074 3420 ei
4105 3380 4174 3420 ex
4220 3381 4431 3437 super-

2777 3459 2892 3514 fluo
2924 3457 3161 3513 interim
3193 3455 3530 3527 concedam,
3563 3454 3897 3510 habuerunt
3918 3451 4155 3524 quidem
4187 3453 4433 3526 [Al.qui-

2775 3547 2934 3619 dam]
2966 3562 3174 3602 uxores
3203 3545 3303 3601 sed
3335 3560 3481 3616 quas
3512 3560 3579 3599 eo
3607 3547 3869 3615 tempore
3899 3544 4261 3614 acceperant,
4309 3559 4432 3615 quo

2775 3635 3155 3709 Evangelium
3195 3633 3557 3690 nesciebant.
3616 3632 3725 3699 Qui
3774 3630 4066 3703 assumpti
4113 3634 4320 3702 postea
4365 3632 4430 3687 in

2777 3725 3195 3798 apostolatum,
3225 3722 3572 3795 relinquunt
3600 3719 3862 3777 ofﬁcium
3910 3718 4242 3792 conjugale.
4275 3719 4430 3777 Nam

2776 3829 2910 3871 cum
2943 3814 3145 3870 Petrus
3177 3829 3246 3869 ex
3276 3827 3528 3884 persona
3549 3807 3950 3882 apostolorum
4000 3806 4144 3863 dicit
4193 3808 4267 3863 ad
4311 3808 4430 3865 Do-

2778 3903 3005 3960 minum
3039 3922 3055 3957 :
3091 3904 3224 3958 Ecce
3251 3916 3349 3957 nos
3380 3900 3706 3973 reliquimus
3753 3900 3961 3966 omnia,
4009 3900 4063 3953 et
4103 3898 4280 3953 secuti
4322 3914 4434 3953 su-

2778 4010 2900 4048 mus
2928 3997 2979 4048 te
3006 3993 3028 4027 ⁶
3076 3990 3289 4061 (Matth.
3339 4007 3455 4055 x1x,
3504 3990 3619 4057 27),
3664 3986 3969 4059 respondit
4014 3986 4067 4041 ei
4116 3983 4431 4055 Dominus,

2780 4087 2961 4138 Amen
2991 4081 3109 4136 dico
3160 4080 3328 4143 vobis,
3378 4079 3639 4149 quoniam
3680 4092 3838 4131 nemo
3886 4077 3964 4131 est
4009 4075 4106 4145 qui
4148 4073 4431 4130 dimiserit

2778 4171 3018 4236 domum,
3042 4173 3142 4223 aut
3169 4171 3442 4239 parentes,
3474 4174 3572 4221 aut
3614 4169 3840 4237 fratres,
3887 4167 3985 4219 aut
4032 4178 4284 4230 uxorem,
4331 4171 4439 4218 aut

2779 4259 2921 4328 ﬁlios
2945 4261 3170 4329 propter
3198 4272 3429 4325 regnum
3458 4256 3679 4326 Dei,qui
3690 4266 3802 4309 non
3820 4250 4234 4324 recipiatmulto
4265 4251 4438 4322 plura

2781 4349 2841 4401 in
2868 4346 3067 4402 saeculo
3098 4347 3219 4409 isto,
3252 4353 3303 4400 et
3350 4346 3409 4398 in
3456 4344 3659 4399 swculo
3703 4348 3891 4414 futuro
3938 4342 4113 4397 vitam
4162 4347 4437 4395 aeternam

2781 4433 2940 4505 (Ibid.
2974 4434 3065 4504 28)
3098 4434 3158 4489 Si
3190 4436 3388 4489 autem
3420 4433 3590 4488 nobis
3620 4432 3769 4487 illud
3803 4429 4146 4504 opposuerit
4174 4428 4245 4483 ad
4298 4444 4436 4500 pro-

1024 4522 1228 4580 Daniel
1259 4525 1315 4577 et
1340 4523 1449 4578 Job
1482 4522 1541 4577 in
1569 4526 1723 4577 terra
1752 4520 2068 4592 peccatrice
2097 4518 2252 4574 ﬁlios
2281 4522 2339 4574 et
2396 4516 2548 4574 tilias
2603 4519 2669 4574 li-
2700 4531 2747 4595 D
2782 4523 3062 4589 bandum,
3096 4522 3250 4594 quod
3283 4537 3487 4577 omnes
3518 4519 3768 4592 apostoli
3821 4535 4029 4576 uxores
4094 4517 4440 4585 habuerint,

1025 4612 1231 4669 berare
1261 4626 1377 4665 non
1410 4626 1601 4683 posse,
1649 4607 2122 4681 respondendum
2156 4612 2264 4674 est,
2309 4608 2462 4680 quod
2502 4608 2674 4680 juxta

1025 4698 1398 4776 hypothesim
1426 4699 1649 4753 dictum
1680 4697 1775 4752 sit.
1800 4697 1914 4753 Nec
1944 4697 2100 4753 enim
2130 4713 2195 4752 eo
2238 4700 2503 4769 tempore
2554 4699 2672 4754 Noe

1026 4795 1084 4848 et
1108 4790 1220 4847 Job
1250 4792 1418 4845 erant
1447 4802 1594 4858 quos
1624 4785 1827 4841 multis
1873 4790 2009 4842 ante
2058 4786 2288 4843 saeculis
2331 4786 2515 4844 fuisse
2572 4804 2673 4843 co-

1026 4879 1357 4953 gnovimus.
1390 4877 1459 4933 Et
1477 4879 1565 4931 est
1597 4892 1805 4932 sensus
1834 4876 1857 4911 ι
1889 4893 1902 4931 :
1934 4876 1995 4932 Si
2046 4875 2192 4932 tales
2248 4880 2306 4931 et
2362 4876 2508 4932 tales
2564 4876 2674 4931 viri

1026 4967 1243 5024 fuerint
1270 4966 1331 5023 in
1351 4970 1506 5024 terra
1536 4964 2038 5039 peccatrice,tllios
2069 4982 2209 5022 suos
2239 4971 2295 5022 et
2354 4965 2505 5022 tilias
2535 4965 2673 5022 libe-

1119 5180 1568 5236 1(lasanatensis
1626 5197 1640 5237 :
1696 5202 1725 5232 «
1783 5182 1994 5238 Notam
2053 5181 2267 5237 faceret
2313 5178 2673 5236 voluntatem

1026 5258 1213 5310 tuam.
1257 5273 1286 5302 »

1099 5327 1121 5359 ²
1151 5323 1310 5378 Idem
1341 5336 1475 5394 cum
1506 5321 1685 5376 veteri
1716 5322 1992 5394 editione,
2026 5346 2053 5373 ‹‹
2087 5323 2157 5378 Et
2187 5324 2258 5378 de
2287 5326 2673 5394 tyrannorum

1031 5410 1291 5473 pueros:
1329 5415 1358 5442 ››
1381 5391 1717 5473 al._pueris._
1763 5393 1942 5450 Paulo
2002 5411 2183 5467 supra
2233 5391 2337 5467 pro
2390 5394 2678 5467 Asphanez.

1032 5462 1149 5528 duo
1180 5480 1331 5535 mss.
1356 5462 1751 5535 Asphan-esech.

1101 5543 1124 5578 ³
1153 5538 1304 5594 Nota
1323 5534 1480 5591 hunc
1514 5535 1728 5591 locum.

1102 5606 1504 5666 ‘Veroneusis
1553 5610 1611 5664 et
1667 5606 1725 5664 S.
1792 5605 2012 5675 CruCis,
2071 5607 2136 5661 Et
2190 5611 2268 5664 est
2322 5611 2511 5683 semel,
2571 5628 2678 5684 pro

1035 5697 1245 5752 δσηδῑιδ-

2781 4610 3059 4683 Numquid
3087 4627 3196 4666 non
3226 4610 3484 4666 habemus
3508 4612 3825 4682 potesth
3853 4608 4117 4663 mulieres
4161 4606 4246 4662 vel
4291 4621 4442 4661 uxo-

2781 4718 2868 4757 res
2898 4698 3342 4755 circumducendi
3371 4698 3535 4773 (quia
3562 4699 3697 4771 γυνή
3733 4696 3889 4770 apud
3912 4696 4140 4753 Graecos
4160 4694 4183 4729 ⁸
4208 4697 4446 4750 utrum-

2784 4805 2896 4863 que
2927 4789 3239 4861 signiﬁcat)
3270 4791 3411 4846 sicut
3439 4789 3629 4846 exteri
3675 4786 3927 4859 apostoli,
3989 4795 4039 4843 et
4094 4783 4321 4856 Cephas,
4386 4791 4445 4838 et

2781 4881 2981 4951 fratres
3010 4879 3234 4934 Domini
3261 4878 3309 4950 (Ι
3338 4878 3459 4935 Cor.
3492 4895 3569 4947 ix,
3600 4878 3677 4949 5),
3698 4876 3914 4949 jungat
3958 4878 4018 4930 et
4072 4873 4218 4929 illud
4276 4871 4442 4944 quod

2784 4969 2846 5025 in
2876 4967 3093 5024 Grmcis
3152 4967 3452 5024 codicibus
3504 4969 3630 5023 est:
3666 4964 3944 5036 Numquid
4003 4978 4116 5019 non
4170 4961 4444 5017 habemus

2856 5184 2877 5218 ⁸
2905 5179 3317 5239 Casanatensis
3346 5195 3480 5235 cum
3510 5178 3641 5252 ipso
3669 5176 4015 5246 Veronensi,
4052 5180 4281 5250 propter
4327 5173 4445 5231 Su-

2782 5269 2977 5311 sanna:
3005 5254 3295 5309 historiam
3323 5253 3374 5307 et
3402 5253 3755 5319 occasionem,
3788 5254 3895 5307 etc.

2854 5327 2877 5361 θ
2902 5327 3045 5381 Tres
3077 5340 3221 5379 mss.
3255 5325 3399 5377 Ecce
3426 5337 3523 5377 nos
3565 5324 3751 5378 omnia
3796 5324 3988 5378 nostra
4043 5319 4443 5391 relinquentes,

2784 5399 2957 5452 secuti
2982 5411 3173 5451 sumus
3203 5401 3288 5461 te;
3322 5392 3421 5465 qui
3466 5398 3522 5449 et
3550 5393 3724 5467 paulo
3754 5393 3909 5449 infra
3949 5407 4150 5448 vocem
4196 5390 4451 5462 Apostoli

2786 5485 2902 5524 non
2934 5469 3281 5539 agnoscunt.

2856 5541 2875 5574 ⁷
2904 5531 3325 5603 Τθῖιῐιιυὶαηιιε,
3358 5535 3432 5592 de
3462 5535 3851 5607 Monogamia,
3879 5558 3931 5607 _«
3981 5534 4165 5591 Penes
4209 5531 4447 5587 Graecos

2786 5609 3091 5670 communi
3120 5607 3401 5667 vocabulo
3427 5605 3744 5666 censentur
3772 5605 4049 5665 mulieres
4078 5608 4136 5663 et
4165 5617 4440 5663 uxores.-
