5364 6558
226 168 355 238 $1

1334 160 1749 236 ADVERSUS
1791 159 2277 237 JOVINIANUM
2318 164 2469 234 LIB.
2514 160 2566 231 Ῑ.

3526 172 3651 241 ἊΒ

223 310 564 381 potestatem
602 318 813 362 sorores
853 294 1134 373 mulieres,
1189 305 1276 363 vel
1332 321 1529 363 uxores
1583 305 1892 362 circumdu-
1920 305 1977 374 Α
2008 304 2170 362 baoth
2190 305 2501 376 reliquisset
2528 302 2685 358 nobis
2709 318 2915 371 semen,
2942 306 3101 377 quasi
3131 305 3358 364 Sodoma
3384 324 3642 380 essemus,

224 397 389 454 condi
414 401 444 450 ν
470 396 555 452 Ex
586 411 704 467 quo
734 398 978 466 apparet
1005 410 1139 450 eum
1170 394 1243 450 de
1273 393 1402 451 aliis
1421 396 1642 451 sanctis
1673 395 1893 451 dixisse

227 485 614 552 mulieribus,
647 499 777 556 quae
799 484 975 555 juxta
1003 498 1228 540 morem
1258 483 1573 540 Judaicum
1591 484 1894 557 magistris

226 576 303 631 de
334 591 455 631 sua
482 572 820 629 substantia
851 571 1291 641 ministrabant,
1323 572 1479 629 sicut
1496 572 1750 646 legimus
1780 572 1894 645 ipsi

226 680 476 735 quoque
503 661 751 718 Domino
784 660 1291 718 factitatum.Nam
1324 665 1382 717 et
1411 662 1552 718 ordo
1582 662 1893 718 verborum

226 752 345 808 hoc
385 751 685 825 signiﬁcat
736 769 759 804 :
802 750 1080 821 Numquid
1119 766 1231 806 non
1277 750 1536 807 habemus
1563 753 1575 803 ἴ
1583 754 1897 823 potestatem

230 839 639 905 manducandi,
690 846 743 894 et
783 838 1030 905 bibendi,
1058 844 1156 895 aut
1208 854 1420 895 sorores
1470 840 1730 896 mulieres
1784 840 1894 895 cir-

222 928 602 985 cumducendi
628 926 789 995 (Ibid.
822 927 877 994 3,
910 928 966 1000 5)
998 927 1025 982 ?
1057 927 1163 983 Ubi
1198 928 1268 984 de
1298 928 1659 985 comedendo
1708 931 1766 984 et
1805 927 1895 983 bi-

223 1018 448 1084 bendo,
482 1033 556 1073 ac
587 1017 661 1072 de
692 1015 1215 1073 administratione
1245 1020 1592 1088 sumptuum
1643 1017 1899 1089 praemit-

231 1108 407 1171 titur,
436 1110 498 1161 et
529 1105 604 1160 de
634 1103 989 1160 mulieribus
1024 1105 1327 1160 sororibus
1379 1105 1628 1160 infertur
1678 1107 1717 1174 ι,
1766 1122 1898 1178 per-

235 1195 519 1269 spicuum
549 1197 656 1262 est,
690 1209 808 1248 non
839 1210 1052 1250 uxores
1083 1192 1295 1249 debere
1324 1192 1593 1266 intelligi,
1626 1195 1727 1250 sed
1775 1209 1895 1263 eas,

237 1294 307 1341 ut
336 1283 616 1351 diximus,
653 1299 785 1354 quae
816 1283 888 1338 de
926 1299 1036 1338 sua
1078 1283 1413 1340 substantia
1462 1282 1897 1345 ministrabant.

236 1374 403 1439 Quod
432 1377 495 1428 et
526 1372 593 1428 in
622 1372 803 1428 veteri
825 1370 955 1445 lege
982 1372 1054 1427 de
1085 1372 1455 1429 Sunamitide
1474 1371 1577 1428 illa
1601 1372 1901 1441 scribitur,

232 1479 358 1535 quas
391 1460 581 1517 solita
610 1461 691 1516 sit
718 1459 993 1516 Elisasum
1026 1460 1304 1533 recipere,
1332 1465 1391 1517 et
1420 1477 1634 1533 ponere
1651 1462 1703 1517 ei
1736 1477 1901 1517 men-

228 1567 376 1619 sam,
411 1554 475 1606 et
502 1565 748 1623 panem,
780 1553 838 1605 et
894 1548 1337 1618 candelabrum,
1395 1554 1453 1606 et
1507 1554 1736 1607 caetera.
1785 1552 1903 1606 Aut

231 1646 383 1697 certe
414 1640 469 1695 si
502 1643 795 1713 γυναῖκας,
823 1654 1050 1705 uxores,
1107 1638 1433 1711 accipimus
1481 1655 1597 1695 non
1642 1640 1903 1696 mulieres
1934 1678 1983 1743 Β

233 1730 287 1785 id
320 1728 488 1802 quod
554 1727 816 1798 additur,
873 1743 1100 1796 serores,
1160 1726 1312 1784 tollit
1370 1744 1585 1797 uxores,
1643 1733 1700 1783 et
1749 1729 1841 1786 27
1856 1728 1903 1785 8

234 1817 509 1875 ostendit
538 1833 641 1873 eas
672 1832 989 1890 germanas
1019 1818 1078 1871 in
1125 1817 1337 1889 spiritu
1384 1817 1586 1885 fuisse,
1622 1834 1737 1874 non
1769 1834 1904 1874 con-

228 1909 413 1979 iuges
442 1906 490 1961 ².
533 1907 907 1976 Quanquam,
957 1909 1193 1977 excepto
1237 1905 1500 1978 apostolo
1552 1906 1740 1974 Petro,
1787 1924 1903 1963 non

239 1995 324 2051 sit
355 1994 669 2051 manifeste
699 1993 949 2049 relatum
979 1994 1049 2050 de
1080 1992 1212 2050 aliis
1257 1994 1538 2067 apostolis
1577 1996 1732 2068 quod
1764 2012 1904 2052 uxo-

237 2101 336 2141 res
365 2083 727 2151 habuerint;
759 2086 817 2138 et
844 2099 981 2139 cum
1008 2084 1079 2138 de
1111 2099 1226 2139 uno
1250 2083 1538 2157 scriptum
1585 2085 1683 2153 sit,
1737 2101 1804 2141 ac
1835 2087 1908 2142 de

234 2172 466 2230 caeteris
498 2171 773 2240 tacitum,
807 2171 1135 2245 intelligere
1168 2172 1456 2229 debemus
1477 2173 1605 2230 sine
1628 2174 1905 2230 uxoribus

233 2279 329 2319 eos
357 2261 657 2329 fuisse,de
690 2260 907 2333 quibus
937 2260 1083 2316 nihil
1113 2260 1229 2317 tale
1261 2261 1562 2335 Scriptura
1588 2262 1902 2335 signiﬁcet.

236 2352 307 2408 Et
330 2357 540 2408 tamen
574 2349 678 2406 ille
707 2348 807 2422 qui
838 2349 1010 2405 nobis
1058 2349 1274 2421 objecit
1314 2351 1656 2407 Zachariam
1706 2355 1764 2408 et
1790 2352 1905 2408 Eli-

245 2440 471 2507 sabeth,
503 2439 757 2495 Petrum
786 2442 845 2495 et
874 2455 1109 2495 socrum
1139 2439 1292 2511 ejus,
1329 2439 1496 2507 sciat,
1530 2441 1602 2497 de
1628 2441 1909 2498 Zacharia

241 2533 297 2586 et
323 2527 631 2586 Elisabeth
665 2527 955 2587 Joannem
985 2528 1171 2585 fuisse
1209 2533 1575 2601 generatum,
1607 2529 1665 2586 id
1695 2535 1805 2598 est,
1836 2531 1908 2587 de

238 2616 462 2691 nuptiis
492 2617 818 2689 virginem,
852 2616 924 2672 de
942 2615 1069 2689 lege
1097 2616 1579 2690 Evangelium,de
1608 2618 1908 2675 matrimo-

238 2708 331 2763 nio
361 2705 713 2763 castitatem
767 2710 837 2765 ut
872 2722 905 2761 a
930 2705 1212 2779 propheta
1250 2707 1475 2779 virgine
1504 2707 1673 2780 ‘virgo
1724 2708 1912 2764 Domi-

241 2814 351 2853 nus
381 2800 439 2852 et
473 2794 965 2861 annuntiaretur,
1017 2799 1074 2851 et
1118 2795 1535 2867 baptizaretur.
1588 2796 1911 2854 Possumus

242 2890 438 2941 autem
474 2884 557 2939 de
587 2883 760 2939 Petro
790 2881 1004 2954 dicere,
1037 2885 1193 2957 quod
1239 2884 1514 2941 habuerit
1557 2902 1792 2942 socrum
1842 2903 1909 2943 eo

243 2979 514 3047 tempore
545 2988 669 3044 quo
698 2972 1030 3040 credidit,et
1056 2990 1294 3030 uxorem
1318 2976 1446 3047 jam
1468 2992 1584 3031 non
1616 2975 1906 3032 habuerit.

2003 403 2055 450 el
2079 394 2287 450 similes
2316 397 2591 450 Gomorrm
2634 393 2929 463 fuissemus
2966 393 3093 465 (Isa.
3146 412 3187 449 1.
3220 398 3296 464 9).
3348 397 3455 463 Qui
3506 415 3644 472 ergo

2002 487 2168 539 erant
2197 498 2265 538 ex
2291 481 2536 549 Judaeis,
2566 480 2962 553 virginitatem
3007 499 3185 554 quam
3234 483 3293 540 in
3341 486 3648 545 Judaismo

2005 571 2344 637 amiserant,
2378 570 2437 624 in
2471 568 2781 641 Evangelia
2829 568 3044 625 habere
3091 587 3209 626 non
3259 575 3547 645 poterant.
3579 579 3649 630 Et

2004 665 2199 716 tamen
2230 661 2492 715 Joannes
2524 675 2680 713 unus
2718 675 2786 714 ex
2836 658 3163 731 discipulis,
3217 660 3319 732 qui
3369 662 3649 721 minimus

2004 748 2260 815 traditur
2288 749 2470 803 fuisse
2498 747 2652 802 inter
2681 747 2997 818 apostolos,
3029 753 3085 804 et
3113 765 3289 821 quem
3318 750 3464 807 ﬁdes
3488 751 3651 807 Chri-

2007 839 2081 893 sti
2124 838 2409 911 virginem
2456 842 2768 907 repererat,
2821 837 2983 909 virgo
3030 839 3377 910 permansit,
3420 844 3478 895 et
3522 841 3653 898 ideo

2006 926 2141 1000 plus
2173 930 2406 982 amatur
2435 942 2468 980 a
2499 926 2764 992 Domino,
2796 930 2854 980 et
2883 926 3173 982 recumbit
3222 943 3400 1000 super
3446 935 3653 1001 pectus

2006 1017 2171 1072 Jesu.
2205 1019 2273 1069 Et
2299 1015 2450 1087 quod
2485 1016 2507 1048 ‘
2535 1014 2763 1084 Petrus,
2797 1014 2899 1085 qui
2944 1030 3177 1070 uxorem
3223 1015 3528 1086 habuerat,
3562 1020 3653 1075 in-

2008 1110 2303 1177 terrogare
2334 1120 2451 1160 non
2483 1103 2680 1168 audet,
2714 1101 2880 1158 illum
2912 1106 3077 1175 rogat
3107 1107 3171 1158 ut
3216 1104 3553 1178 interroget.
3584 1108 3656 1164 Et

2010 1197 2142 1266 post
2178 1192 2667 1249 resurrectionem
2728 1191 3035 1247 nuntiante
3084 1192 3268 1249 Maria
3311 1194 3650 1267 Magdaleno

2010 1282 2167 1355 quod
2206 1282 2494 1337 Dominus
2536 1281 3227 1353 resurrexisset,uterque
3271 1283 3530 1341 cucurrit
3578 1286 3652 1342 ad

2010 1371 2347 1444 sepulcrum
2381 1389 2394 1438 ;
2425 1370 2525 1426 sed
2558 1369 2654 1425 ille
2700 1370 3001 1441 praevenit.
3053 1373 3314 1443 Cumque
3350 1376 3550 1429 essent
3591 1374 3654 1430 in

2012 1460 2141 1516 navi
2196 1465 2254 1515 et
2313 1461 2681 1532 piscarentur
2736 1459 2795 1514 in
2852 1459 2981 1514 lacu
3044 1459 3419 1529 Genezareth,
3479 1462 3654 1519 Jesus

2013 1549 2206 1605 stabat
2260 1549 2319 1603 iu
2379 1548 2594 1615 littore,
2652 1564 2756 1603 nec
2826 1548 3092 1604 sciebant
3159 1549 3408 1621 apostoli
3475 1567 3654 1624 quem

2012 1638 2308 1703 viderent;
2342 1636 2504 1693 solus
2552 1636 2712 1709 virgo
2760 1637 3044 1709 virginem
3088 1639 3373 1711 agno’scit,
3418 1643 3476 1696 et
3516 1639 3660 1697 dicit

2013 1726 2229 1781 Petro‘:
2264 1727 2527 1781 Dominus
2553 1729 2652 1781 est.
2714 1726 2971 1781 Rursum
3028 1732 3161 1799 post
3216 1728 3479 1785 auditam
3529 1746 3661 1787 sen-

2013 1814 2279 1882 tentiam,
2313 1814 2467 1886 quod
2499 1815 2571 1870 ab
2601 1812 2714 1869 alio
2764 1815 3090 1887 cingendus
3125 1820 3280 1873 esset
3325 1817 3552 1889 Petrus,
3602 1824 3662 1879 et

2017 1902 2323 1959 ducendus
2381 1918 2498 1975 quo
2556 1903 2711 1960 279
2783 1902 2985 1971 nollet,
3056 1907 3112 1960 et
3185 1906 3377 1961 crucis
3451 1908 3669 1966 fuisset

2014 1991 2098 2047 illi
2155 1992 2353 2063 passio
2406 1991 2771 2063 prophetata,
2856 1997 2913 2048 et
2968 1991 3068 2050 ille
3097 1993 3317 2050 diceret
3363 1999 3657 2065 :Domine,

2013 2081 2147 2154 quid
2176 2082 2277 2136 iste
2305 2082 2484 2151 (Joan.
2531 2097 2649 2147 xxx,
2697 2082 2789 2152 21)
2836 2080 2864 2135 ‘l
2917 2081 3125 2137 nolens
3172 2083 3437 2140 deserere
3478 2085 3659 2144 Joan-

2016 2186 2173 2236 nem,
2197 2186 2333 2224 cum
2364 2185 2481 2240 quo
2511 2184 2745 2240 semper
2801 2169 2992 2224 fuerat
3049 2171 3375 2242 copulatus,
3436 2174 3579 2230 dicit
3603 2175 3657 2230 ei

2016 2257 2303 2313 Dominus
2332 2275 2344 2313 :
2379 2257 2527 2329 Quid
2557 2257 2626 2312 ad
2656 2260 2705 2313 te
2728 2258 2749 2291 ⁵
2777 2260 2829 2312 si
2869 2274 2995 2312 eum
3039 2259 3156 2315 volo
3204 2262 3284 2315 sic
3330 2277 3443 2318 esse
3488 2264 3650 2333 (Ibid.

2014 2348 2106 2418 2a)
2141 2346 2168 2400 ‘l
2200 2346 2362 2402 Unde
2395 2350 2453 2401 et
2481 2362 2675 2402 sermo
2704 2345 2879 2401 exivit
2906 2346 3058 2402 inter
3087 2347 3320 2416 fratres,
3368 2349 3537 2406 illum
3568 2353 3659 2409 di-

2017 2435 2312 2507 scipulum
2344 2452 2461 2490 non
2493 2435 2868 2491 moriturum.
2900 2440 2979 2491 Ex
3010 2453 3127 2509 quo
3169 2439 3501 2495 ostenditur
3546 2442 3659 2499 vir-

2017 2525 2324 2598 ginitatem
2356 2542 2472 2581 non
2505 2524 2675 2591 mori,
2708 2541 2813 2580 nec
2843 2524 3047 2581 sordes
3083 2526 3426 2599 nuptiarum
3456 2529 3662 2588 ablue-

2019 2631 2080 2670 rc
2108 2616 2130 2649 θ
2158 2630 2361 2670 cruore
2393 2613 2676 2686 martyrii,
2710 2614 2811 2669 sed
2844 2630 3080 2671 manere
3126 2633 3261 2672 cum
3310 2616 3562 2687 Christo,
3606 2624 3665 2677 et

2018 2702 2429 2759 dormitionem
2461 2703 2936 2774 ejueransitum
2966 2720 3113 2773 esse,
3148 2720 3266 2761 non
3296 2711 3570 2766 mortem.
3600 2709 3663 2766 Si

2018 2798 2213 2849 autem
2245 2792 2453 2848 obnixe
2482 2791 2851 2847 contenderit
2894 2792 3182 2859 Joannem
3227 2795 3513 2867 virginem
3543 2814 3660 2854 non

2020 2882 2222 2950 fuisse,
2245 2884 2303 2937 et
2322 2897 2428 2936 nos
2457 2880 2674 2936 amoris
2700 2880 2976 2953 praecipui
3001 2897 3239 2939 causam
3267 2882 3659 2957 virginitatem

2019 2969 2296 3037 diximus,
2330 2973 2583 3041 exponat
2605 2968 2721 3035 ille,
2750 2969 2800 3025 si
2832 2969 2992 3042 virgo
3022 2987 3139 3025 non
3179 2971 3309 3039 fuit,
3341 2988 3446 3029 cur
3492 2980 3661 3032 caete-

244 3078 604 3136 quanquam
637 3060 869 3133 legatur
892 3063 913 3096 3
938 3062 998 3117 in
1037 3058 1314 3136 περιόδοις
1363 3068 1420 3120 et
1462 3081 1608 3120 uxor
1653 3066 1803 3136 ejus,
1853 3068 1911 3121 et
1938 3049 1981 3116 C
2018 3059 2100 3114 ris
2130 3057 2412 3130 apostolis
2444 3056 2576 3130 plus
2607 3061 2840 3113 amatus
2863 3058 2941 3114 sit
2968 3059 2995 3113 ‘?
3023 3062 3099 3114 At
3126 3061 3294 3128 dicis,
3327 3078 3507 3135 super
3552 3064 3664 3121 Pe-

243 3151 516 3207 ﬁlia.Sed
551 3166 709 3205 nunc
741 3150 911 3206 nobis
940 3150 1013 3206 de
1037 3168 1258 3208 canone
1278 3168 1452 3208 omne
1481 3158 1776 3210 certamen
1799 3159 1907 3210 est.

246 3241 320 3296 Et
349 3240 493 3312 quia
545 3240 621 3295 ad
671 3238 968 3311 apostolos
1007 3241 1358 3313 provocavit,
1411 3243 1566 3314 quod
1619 3243 1913 3315 principes

248 3328 587 3401 disciplina:
632 3333 869 3395 nostra,
921 3331 979 3383 et
1030 3328 1315 3385 Chistiani
1368 3330 1662 3403 dogmatis
1708 3331 1909 3399 duces,

252 3417 533 3488 virgines
560 3432 675 3471 non
704 3417 942 3484 fuerint,
976 3420 1041 3472 ut
1078 3433 1178 3474 eos
1214 3418 1448 3474 interim
1490 3418 1746 3491 virgines
1776 3436 1910 3476 con-

264 3504 559 3560 cedamus
589 3520 698 3560 non
724 3505 1142 3578 fuisse(neque
1171 3505 1330 3561 enim
1382 3507 1490 3563 hoc
1547 3511 1754 3579 praeter
1808 3513 1911 3564 Pe-

2021 3153 2178 3204 trum
2211 3148 2494 3203 fundatur
2522 3146 2778 3203 Ecclesia
2809 3165 2821 3202 :
2853 3147 2988 3204 licet
3008 3148 3066 3204 id
3088 3148 3283 3222 ipsum
3314 3152 3371 3206 in
3394 3151 3508 3209 alio
3537 3151 3663 3211 loco

2021 3254 2199 3309 super
2221 3252 2425 3293 omnes
2456 3236 2749 3307 apostolos
2781 3238 2883 3293 ﬁat
2912 3239 2953 3305 7,
2985 3242 3042 3294 et
3069 3240 3265 3295 cuncti
3284 3240 3472 3298 claves
3503 3242 3666 3316 regni

2021 3326 2298 3383 caelorum
2332 3325 2643 3397 accipiant,
2673 3330 2731 3382 et
2759 3343 2828 3382 ex
2856 3343 3021 3400 aequo
3052 3345 3229 3401 super
3257 3345 3358 3386 eos
3395 3330 3665 3389 Ecclesia:

2022 3415 2299 3471 fortitudo
2340 3414 2624 3471 solidetur
2674 3418 2870 3471 tamen
2915 3421 3220 3488 propterea
3258 3418 3409 3474 inter
3445 3420 3665 3478 duode-

2021 3504 2135 3561 cim
2160 3521 2314 3560 unus
2342 3503 2600 3576 eligitur,
2635 3509 2699 3558 ut
2727 3504 2917 3576 capite
2946 3505 3283 3573 constituto,
3328 3507 3667 3565 schismatis

264 3598 433 3649 trum
466 3592 694 3664 probari
736 3594 945 3665 potest)
994 3594 1218 3650 noverit
1264 3594 1372 3651 hos
1418 3611 1549 3651 esse
1595 3594 1911 3668 apostolos,

254 3682 335 3738 de
365 3682 587 3754 quibus
632 3680 811 3739 Isaias
854 3682 1213 3738 vaticinatur
1264 3700 1277 3739 :
1329 3684 1450 3739 Nisi
1495 3686 1760 3742 Dominus
1807 3685 1912 3741 Sa-

2023 3592 2264 3648 tollatur
2292 3593 2540 3649 occasio.
2574 3593 2685 3649 Sed
2716 3610 2823 3648 cur
2861 3609 2976 3648 non
3006 3593 3263 3650 Joannes
3308 3594 3529 3652 electus
3576 3602 3668 3654 est

2021 3681 2183 3753 virgo
2213 3682 2240 3736 ‘l
2270 3681 2443 3737 [Etati
2476 3680 2735 3741 delatum
2766 3685 2874 3749 est,
2891 3682 3032 3753 quia
3060 3682 3266 3739 Petrus
3295 3683 3492 3741 senior
3519 3689 3663 3756 erat,

335 3807 351 3839 ¹
384 3805 571 3862 Iidem
606 3820 766 3867 mss..
784 3805 875 3862 Sic
904 3807 1164 3876 infertur.

325 3879 350 3951 ξ
378 3876 824 3951 Casanatensis,
852 3878 1157 3951 Inspirilu
1177 3879 1351 3951 fuisse
1378 3879 1651 3951 conjuges.

323 3949 624 4019 ’Legaiur
665 3951 727 4004 in
784 3944 1082 4019 τὲεριόδοις.
1145 3944 1420 4006 Periodos
1470 3944 1746 4007 attribuit
1797 3952 1917 4008 Cle-

252 4020 441 4093 menti
472 4019 738 4092 suprain
772 4037 898 4093 cap.
932 4037 951 4075 1
983 4020 1163 4093 Epist.
1225 4020 1297 4075 ad
1346 4019 1538 4093 Galat.
1593 4022 1792 4079 dicens
1845 4024 1916 4079 de

258 4091 476 4165 Petro:
503 4090 688 4165 «ian,
721 4096 788 4146 ut
816 4090 1082 4165 Clemens
1130 4092 1189 4147 in
1237 4091 1494 4165 periodis
1542 4094 1675 4165 ejus
1719 4095 1913 4162 refert,

255 4162 551 4235 calvitiem
582 4162 832 4235 haberet
860 4162 1159 4235 inicapite.
1199 4162 1663 4220 >fMas'ruN.'-—
1706 4166 1919 4222 Memo-

254 4237 429 4311 ratur
455 4234 703 4311 quidem
726 4250 873 4291 uxor
912 4234 1555 4311 Petri__Reeognitionum
1602 4235 1704 4292 lib.
1751 4252 1834 4311 v1;
1861 4242 1919 4294 et
2026 4249 2304 4311 congruo.
2338 4309 2344 4311 Α
2457 4304 2522 4311 ___
2913 4306 2935 4311 _
2985 4234 3001 4311 ξ

248 4303 410 4387 libro
440 4303 519 4387 ui,
552 4305 803 4387 minime
842 4321 978 4361 vero
1007 4304 1167 4387 .ﬁlia‘.
1222 4306 1410 4387 Quare
1455 4307 1753 4364 diversum
1790 4309 1915 4387 [οι-α
2095 4307 2114 4339 7
2142 4303 2429 4387 'Yideatur
2457 4304 2864 4387 Hieronymus,
2903 4303 3148 4387 Joannis
3200 4306 3666 4387 apostoli,_ex_eo

242 4381 407 4451 ἔλεξε
459 4376 535 4432 ab
585 4376 746 4433 edito
793 4376 1125 4451 exemplar_
1147 4376 1429 4451 habuisse
1478 4395 1592 4451 prae
1629 4379 1916 4451 manibus
1950 4416 1994 4451 η
2025 4376 2180 4447 quod
2209 4377 2372 4450 virgo
2405 4376 2745 4451 perstiterit,
2776 4378 3052 4451 meritum
3085 4376 3356 4451 praeferre
3394 4380 3617 4437 caeteris
3649 4398 3664 4438 :

245 4416 407 4432 ...πυ
460 4416 535 4432 ..υ
586 4416 746 4433 om...
793 4416 1079 4449 ωυμινη..
1147 4416 1429 4434 suum“.
1478 4416 1592 4451 μιν
1643 4416 1916 4437 meum”,
1948 4416 1994 4481 Β
2026 4416 2180 4447 qm...
2220 4416 2372 4450 ...δυ
2406 4416 2745 4449 pusum”,
2776 4416 3052 4435 μιυυυυυι
3085 4416 3356 4451 μωισιιυ
3394 4416 3617 4437 suum...
3649 4424 3664 4438 .

146 4492 167 4507 ,
240 4447 305 4502 S.
339 4446 1372 4522 Ductorem-suspicamurLCaaterum
1404 4449 1599 4505 innuit
1628 4449 1737 4506 hoc
1768 4450 1913 4520 loco,
2025 4453 2283 4522 attamen
2341 4447 2608 4522 Ecclesia:
2660 4454 2835 4522 caput
2872 4466 2926 4522 ira
2982 4450 3228 4507 Domino
3285 4451 3668 4509 constitutum

241 4523 311 4573 ut
337 4518 601 4594 videtur,
637 4518 947 4594 dimissam
985 4536 1019 4574 a
1066 4519 1231 4594 Petro
1282 4536 1548 4594 uxorem,
1598 4518 1912 4594 postquam
2026 4519 2209 4594 fuisse
2238 4536 2354 4594 non
2373 4520 2693 4594 Joannem,
2727 4518 2825 4594 sed
2850 4521 3127 4594 Petrum,
3179 4523 3424 4579 minime
3452 4524 3668 4594 diffite-

235 4589 620 4665 crgdidisset.
653 4593 820 4665 Certe
848 4590 1006 4647 idem
1056 4590 1261 4646 statuit
1298 4591 1358 4646 in
1400 4591 1574 4665 epist.
1598 4588 1824 4661 118,11.
1859 4595 1913 4663 4,
2025 4590 2299 4665 tur._Imo
2329 4588 2489 4646 hisce
2526 4593 2719 4665 verbis
2760 4592 2997 4665 definite
3042 4588 3320 4659 declarat,
3372 4592 3668 4665 apostolos

238 4661 325 4715 ad
357 4659 687 4727 Julianum,
720 4661 823 4718 ubi
851 4678 1005 4733 eam,
1032 4678 1158 4718 cum
1183 4659 1456 4719 navieuld
1475 4673 1527 4720 et
1572 4667 1682 4721 reti
1720 4659 1725 4661 ⁷
1759 4659 1913 4723 ἀεναέ
2024 4661 2260 4732 quidem
2293 4666 2531 4717 caeteros
2562 4661 2780 4720 honore
2811 4664 2990 4720 simul
3045 4670 3103 4721 et
3200 4659 3442 4722 otestato
3497 4680 3668 4736 pares

240 4732 490 4791 liquisse
516 4732 715 4789 tradit.
2024 4734 2205 4787 fuisse
2228 4732 2416 4791 Petro.
2446 4733 2584 4791 quia
2613 4751 2816 4791 omnes
2840 4736 3057 4791 pariter
3085 4752 3120 4789 a
3156 4683 3386 4791 ghristo
3418 4750 3666 4791 evange-

240 4732 490 4808 [ίαν-ἐξεφ
516 4732 721 4808 tradit.
986 4732 993 4733 7
1306 4805 1319 4808 _
1384 4807 1387 4808 ν
1556 4807 1559 4808 ν
2021 4732 2416 4808 fuissePetro,
2446 4733 2584 4808 quia
2613 4751 2816 4808 omnes
2840 4736 3120 4808 paritera
3156 4732 3386 4791 Christo
3418 4732 3666 4808 evange-

323 4805 351 4836 ‘
372 4805 553 4879 Vetus
580 4804 763 4879 editio
792 4819 862 4859 ex
890 4820 1035 4879 quo,_
1060 4809 1137 4879 et,
1180 4805 1320 4876 quod
1366 4807 1484 4877 ipse
1540 4807 1913 4879 interrogare;
2021 4802 2255 4879 lizandi,
2288 4802 2605 4875 ligandi,ac
2634 4802 2895 4861 solvendi
2924 4805 3258 4879 facultatem
3292 4802 3662 4879 acceperunt,

236 4876 511 4959 denique
540 4874 695 4931 intra
737 4874 1159 4959 cumH'optimis
1186 4874 1400 4944 'mss,
1441 4878 1712 4947 Virginem
1749 4874 1914 4934 'reco-
2022 4875 2286 4931 omnium
2328 4874 2525 4959 tamen
2593 4882 2767 4959 caput
2824 4891 3008 4959 unum
3061 4875 3295 4959 Petrum
3313 4874 3665 4959 “exstitisse,

230 4947 479 5020 gnoseil,
516 4964 621 5019 pro
643 4947 929 5021 agnoscit.
2022 4963 2201 5019 quam
2252 4950 2348 5018 pot

314 5019 342 5053 ⁸
546 5020 625 5099 αις
658 5028 728 5085 te,
757 5021 829 5086 si,
860 5022 994 5099 etc._
1018 5018 1238 5099 Similis
1286 5018 1381 5074 hic
1419 5034 1587 5099 error
1637 5018 1912 5099 antiquo-
2021 5019 2218 5099 epist.“
2248 5020 2336 5099 lg,

2022 4963 2201 5019 quam
2252 4947 2559 5018 potestatis
2625 4947 3039 5002 discretionem
3092 4953 3259 5003 vocat
3313 4948 3371 5004 S.
3420 4950 3534 5006 Leo
3588 4952 3663 5008 M.

1547 5035 1587 5072 ir
1637 5018 1912 5099 antiquo-
2021 5019 2336 5099 epis-51?,
2387 5035 2451 5099 n,‘
2496 5018 2558 5071 14
2593 5018 2810 5099 ειηεθς
2839 5017 3218 5099 beatissimos
3230 5019 3557 5099 _apostolos
3589 5023 3665 5099 Δίῐι

234 5107 387 5166 [um
418 5089 796 5166 librariorum
826 5091 1072 5166 est_,ejus
1094 5091 1194 5162 qui
1223 5089 1538 5166 irrepsitin
1570 5088 1911 5148 contextum
2022 5088 2408 5166 similitudine
2438 5088 2678 5166 honoris
2710 5089 2819 5143 fuit
2870 5089 3139 5166 quaedam
3186 5088 3455 5166 discretio
3504 5097 3668 5166 pote-

230 5160 671 5233 Evangelicum
710 5158 1284 5233 JoannisfSic'eum‘
1309 5158 1428 5218 volo
1491 5176 1737 5233 manere,
1797 5166 1909 5220 etc.
2021 5161 2275 5230 statis,et
2305 5176 2437 5216 cum
2469 5158 2735 5233 omnium
2762 5176 2869 5233 par
2890 5158 3053 5217 esset
3080 5161 3305 5229 electio,
3338 5165 3439 5221 uni
3468 5158 3670 5225 tamen

229 5234 399 5314 ξφ
417 5231 495 5314 in
527 5234 729 5314 tribus
762 5249 908 5289 mss.
942 5233 1240 5314 codicibus
1272 5231 1381 5289 hoc
1429 5233 1603 5314 modo
1642 5232 1864 5314 legitur
1895 5252 1907 5290 :
2023 5234 2223 5314 datum
2255 5238 2363 5297 est,
2400 5232 2709 5314 ut.ca3teris
2738 5231 3161 5314 priueminerct:
3214 5257 3242 5284 »
3291 5236 3421 5314 Haec
3476 5237 3670 5296 obiter

231 5303 395 5371 Quid
420 5305 495 5360 ad
518 5308 573 5360 le
599 5307 628 5358 .7
651 5308 735 5360 sic
760 5320 891 5360 eum
921 5305 1038 5377 volo
1053 5320 1162 5361 esse
1183 5325 1202 5371 ,-
1225 5321 1327 5377 pro
1358 5303 1615 5377 genuina
1642 5303 1911 5369 lectione,

227 5378 301 5432 Si
334 5377 617 5448 eumvolo
649 5379 733 5432 sic
784 5392 919 5432 esse.
980 5375 1270 5432 Maurusii.
1323 5375 1391 5415 -ἔ
1448 5375 1540 5448 ita
1590 5378 1912 5448 praeferunt

226 5447 438 5503 nostri
465 5461 678 5503 omnes
705 5452 916 5504 mss.et
941 5452 1108 5503 vetus
1138 5462 1373 5506 quoque
1404 5446 1907 5506 editio—concinit:

231 5462 438 5503 nostri
465 5462 678 5503 omnes
705 5462 916 5504 mss.et
941 5462 1108 5503 vetus
1181 5462 1256 5503 uo
1300 5462 1373 5503 ue
1404 5462 1584 5503 eamo
1615 5462 1907 5506 concinit:

231 5519 303 5575 Si
338 5519 461 5574 volo
489 5534 627 5591 eum,
645 5534 781 5591 esse,
812 5518 945 5591 quid
972 5519 1043 5591 ad
1071 5463 1188 5577 ιθ
1246 5462 1373 5576 13οη
1434 5522 1628 5591 tamen
1686 5516 1909 5591 inficia-

229 5604 392 5652 mnr
414 5591 543 5669 jam
572 5589 677 5651 diu
706 5588 848 5653 olim
875 5589 938 5651 in
965 5590 1171 5653 Joanis
1201 5588 1514 5667 Evangelia
1527 5589 1904 5653 librariorum

2022 3819 2216 3881 errore
2234 3804 2596 3881 _obtinuisse.
2621 3805 2712 3881 Sic
2736 3821 2872 3881 eum
2886 3808 3010 3881 polo
3039 3813 3459 3881 maneretetc”
3508 3812 3664 3881 quod

2022 3875 2792 3950 etiaminjlieronymianis
2821 3877 3047 3950 aliquot
3097 3896 3241 3936 mss.
3268 3875 3667 3939 'Martianaeus

2024 3947 2264 4073 inienit.
2295 3945 2439 4002 Vide
2474 3945 2600 4020 quis
2648 3951 2720 4004 ad
2782 3945 2940 4005 eum'
2972 3949 3165 4007 locum
3222 3952 3513 4025 Evangelii
3561 3955 3667 4010 ad-

2025 4036 2099 4073 no
2130 4035 2320 4073 amus.

2025 4035 2320 4075 ηοωωυε.

2095 4090 2119 4163 ἦ
2147 4090 2255 4146 Pro
2284 4090 2527 4157 abluere,
2562 4091 2717 4163 quod
2751 4092 3065 4163 praeferunt
3094 4109 3237 4148 mss.
3294 4092 3666 4150 Martianceus

2026 4161 2243 4234 aliique
2272 4167 2443 4218 antea
2471 4161 2722 4219 editores
2751 4161 2906 4219 ablui
2924 4162 3145 4236 legunt,
3178 4181 3353 4221 sensu
3377 4181 3493 4221 non
3524 4166 3667 4223 satis

2021 5305 2313 5378 ineorum
2346 5302 2615 5378 gratiam,
2650 5302 2759 5378 qui
2784 5302 3115 5378 Hieronymi
3147 5306 3340 5362 locum
3381 5308 3537 5364 hunc
3567 5326 3670 5368 oa-

2020 5375 2316 5451 villantur.
2350 5375 2633 5451 therum
2656 5375 3122 5451 videhGelasi'umA
3153 5394 3365 5451 papam
3409 5383 3670 5451 tractatu

2020 5448 2077 5515 4,
2107 5447 2245 5521 n._5,
2277 5450 2337 5503 et
2353 5446 2427 5521 de
2452 5451 2733 5521 perpetua
2781 5449 3027 5507 Joannis
3073 5446 3405 5521 virginitate
3430 5520 3433 5521 ν
3454 5450 3509 5521 S.
3540 5452 3672 5507 Au-

2018 5518 2325 5593 gustinum
2353 5516 2472 5577 lib.‘
2488 5516 2732 5581 de'Bono
2761 5520 3060 5597 conjugali,
3093 5516 3267 5591 (ΝΜ,
3315 5536 3376 5576 n.
3420 5518 3511 5587 26,
3542 5522 3673 5593 etc,

3472 6032 3536 6040 ..-

786 6098 831 6109 .μμ
950 6094 979 6105 ,a
