5364 6558
1020 322 1168 390 25a
2166 316 2174 331 '
2259 316 2325 387 s.
2364 312 2675 388 unseen
2716 304 3008 387 menon
3021 314 3186 387 rm.
3547 318 3553 323 ·
4306 303 4445 388 nec

1024 473 1097 515 ne
1128 457 1321 514 adhuc
1351 453 1693 514 adolescens
1723 472 1789 514 ac
1818 469 1965 528 pene
1994 470 2158 528 puer,
2192 470 2511 529 progressae
2544 458 2676 511 aeta-
2702 459 2756 524 Α
2790 456 2885 525 ﬁet
2922 472 3024 528 per
3060 456 3307 527 ﬁliorum
3347 454 3773 527 generationem,
3821 456 3872 510 si
3908 455 4322 526 permanserint
4368 456 4431 510 in

1024 547 1104 603 tis
1133 544 1474 602 hominibus
1503 545 1889 618 praeferretur,
1921 548 1978 601 et
2007 544 2289 617 magister
2318 544 2529 610 bonus,
2572 542 2674 615 qui
2786 543 2913 612 ﬁde,
2939 548 2993 599 et
3022 545 3330 610 dilectione,
3381 548 3433 599 et
3484 546 3919 616 sanctiﬁcatione
3965 559 4090 599 cum
4141 544 4432 599 sobrietate

1029 635 1395 691 occasionem
1414 634 1599 707 jurgii
1651 634 1933 690 debuerat
1982 634 2211 689 auferre
2260 631 2584 703 discipulis,
2618 635 2676 687 et

1027 723 1128 796 qui
1150 722 1376 778 dixerat
1423 723 1509 777 eis
1541 740 1554 778 :
1590 724 1785 778 Pacem
1826 739 2003 778 meam
2047 721 2114 776 do
2157 721 2310 777 vobis
2354 735 2543 792 pacem
2588 735 2673 775 re-

1027 813 1221 884 linquo
1249 812 1397 868 vobis
1425 813 1603 880 (Joan.
1632 828 1751 881 xlv,
1791 813 1882 879 27)
1918 836 1932 877 ;
1965 815 2039 877 et,
2094 811 2201 879 Qui
2243 810 2477 865 voluerit
2529 810 2675 864 inter

1030 917 1126 956 vos
1158 900 1342 972 major
1372 916 1502 965 esse,
1561 902 1827 955 minimus
1879 901 2129 955 omnium
2179 900 2253 953 sit
2309 898 2518 969 (Matth.
2577 913 2671 963 xx,

1024 990 1140 1061 27),
1177 990 1236 1044 in
1267 989 1696 1045 adolescentem
1729 1004 1905 1061 quem
1935 987 2235 1050 dilexerat,
2264 1003 2503 1042 causam
2534 1002 2676 1058 prrs-

1024 1079 1161 1134 bere
1191 1078 1483 1133 videretur
1511 1076 1842 1132 invidiant
1871 1081 2066 1132 autem
2097 1075 2356 1132 sciamus
2382 1076 2670 1131 Joannem

1026 1174 1166 1224 tunc
1196 1167 1376 1223 fuisse
1402 1182 1671 1239 puerum,
1704 1165 2188 1224 manifestissime
2239 1166 2449 1222 docent
2488 1164 2668 1220 eccle-

1024 1256 1273 1313 siasticae
1303 1254 1580 1320 historias,
1627 1255 1780 1327 quod
1831 1270 2018 1327 usque
2065 1255 2137 1310 ad
2186 1254 2424 1325 Trajani
2466 1253 2673 1309 vixerit

1026 1344 1368 1417 imperium,
1400 1344 1457 1399 id
1488 1348 1600 1410 est,
1643 1348 1778 1416 post
1806 1345 2139 1417 passionem
2170 1343 2401 1400 Domini
2432 1358 2668 1415 sexage-

1022 1433 1174 1489 simo
1206 1437 1408 1489 octavo
1439 1449 1591 1488 anno
1621 1432 1956 1489 dormierit:
1992 1434 2150 1506 quod
2184 1436 2240 1488 et
2270 1448 2376 1488 nos
2420 1432 2479 1485 in
2519 1430 2667 1487 libro

1023 1524 1093 1578 de
1124 1523 1436 1578 Illustribus
1497 1521 1683 1577 Viris‘
1734 1521 1982 1577 breviter
2032 1521 2515 1593 perstrinximus.
2563 1523 2668 1575 Pe-

1020 1616 1149 1668 trus
1179 1611 1479 1683 apostolus
1508 1615 1598 1667 est
1625 1628 1638 1679 ;
1673 1616 1729 1666 et
1756 1610 2015 1667 Joannes
2037 1608 2358 1683 apostolus,
2394 1609 2664 1676 maritus,

1022 1705 1079 1758 et
1107 1699 1290 1773 virgo,
1323 1700 1426 1756 sed
1457 1700 1661 1756 Petrus
1690 1698 1996 1772 apostolus
2022 1703 2252 1755 tantum
2285 1719 2300 1767 ς
2332 1699 2589 1755 Joannes
2610 1701 2667 1753 et

2784 632 2838 702 (Ι
2883 633 3015 688 Tim.
3068 651 3131 701 11,
3182 634 3401 703 12-15).
3465 633 3917 690 Consideremus
3964 649 4069 687 cur
4113 631 4430 704 Apostolus

2784 722 2855 778 ad
2886 720 3038 777 hanc
3069 722 3441 791 sententiam,
3473 726 3529 778 et
3560 724 3714 778 unde
3744 721 4066 794 pervenerit
4098 738 4111 777 :
4150 723 4273 778 Volo
4303 737 4430 792 ergo

2780 812 2926 865 viros
2945 827 3105 867 orare
3150 812 3211 865 in
3269 813 3420 866 omni
3476 813 3611 883 loco,
3671 813 3744 867 let
3757 816 3910 867 antes
3964 819 4179 867 sanctas
4230 827 4429 867 manus

2780 900 2903 954 sine
2933 902 3018 955 ira
3064 908 3113 955 et
3164 902 3586 971 cogitationibus
3644 900 3800 971 (Ibid.
3859 901 3935 971 8).
3994 902 4428 972 Consequenter

2780 986 2977 1059 itaque
3010 988 3356 1044 mulieribus
3387 989 3532 1047 281
3570 990 3671 1045 dat
3700 993 3985 1061 praecepta
4013 987 4162 1056 vitae,
4195 993 4253 1043 et
4304 987 4422 1044 ait:

2782 1076 3053 1133 Similiter
3080 1082 3135 1133 et
3161 1077 3428 1134 mulieres
3474 1081 3535 1133 in
3591 1078 3782 1134 habitu
3830 1086 4046 1148 ornato,
4104 1094 4229 1132 cum
4275 1094 4426 1132 vere-

2778 1165 2980 1222 cundia
3009 1170 3060 1222 et
3089 1167 3360 1239 castitate,
3394 1170 3651 1223 amantes
3679 1184 3754 1233 se,
3785 1183 3895 1222 non
3942 1170 4003 1221 in
4047 1168 4203 1223 tortis
4248 1168 4422 1222 crini-

2781 1254 2898 1322 bus,
2931 1259 3029 1310 aut
3056 1272 3194 1312 auro
3247 1257 3330 1311 vel
3388 1258 3712 1325 margaritis
3761 1256 3877 1311 sive
3931 1263 4077 1311 veste
4132 1258 4420 1327 pretiosa:

2776 1343 2867 1399 sed
2922 1344 3219 1400 secundum
3272 1346 3296 1379 ⁴
3338 1346 3481 1416 quod
3544 1344 3692 1401 decet
3756 1345 4021 1400 mulieres
4041 1346 4423 1416 promittentes

2776 1433 3034 1503 pietatem
3060 1449 3159 1504 per
3186 1449 3349 1505 opera
3408 1435 3565 1502 bona,
3625 1434 3823 1489 Mulier
3866 1435 3926 1488 in
3981 1434 4198 1489 silentio
4248 1433 4423 1488 discat

2776 1536 2900 1576 cum
2928 1523 3081 1576 omni
3124 1522 3477 1594 subjectione.
3526 1523 3728 1578 Docere
3792 1530 3977 1578 autem
4027 1522 4256 1577 mulieri
4307 1538 4421 1578 non

2770 1611 3051 1682 permitto,
3080 1625 3251 1682 neque
3278 1610 3560 1668 dominari
3590 1613 3649 1666 in
3690 1615 3872 1667 virum
3900 1610 4033 1667 ?sed
4080 1627 4187 1666 esse
4224 1613 4285 1666 in
4331 1613 4417 1667 si-

2778 1698 2949 1755 lentio
2978 1699 3143 1768 (Ibid.
3166 1700 3201 1755 9
3231 1703 3422 1772 seqq,).
3455 1700 3525 1755 Et
3553 1716 3626 1756 ue
3658 1700 3949 1756 videretur
3977 1699 4239 1756 mulieris
4268 1700 4419 1755 dura

1024 1789 1327 1863 apostolus
1360 1794 1418 1844 et
1446 1788 1818 1861 evangelista,
1869 1793 1925 1844 et
1971 1787 2272 1861 propheta.
2323 1784 2661 1860 Apostolus,
2696 1830 2743 1896 Β
2776 1786 3055 1858 conditio,
3088 1804 3215 1860 quas
3244 1805 3372 1844 eam
3405 1789 3463 1843 in
3499 1788 3693 1844 mariti
3732 1789 4021 1862 redigeret
4056 1789 4421 1858 servitutem,

1019 1880 1159 1952 quia
1187 1877 1423 1950 scripsit
1452 1878 1523 1933 ad
1545 1876 1831 1934 Ecclesiae
1865 1882 1930 1932 ut
1952 1877 2231 1950 magister
2262 1893 2276 1944 ;
2311 1874 2666 1947 evangelista
2701 1874 2743 1896 ”
2772 1876 2920 1948 legis
2953 1877 3289 1934 recordatur
3319 1877 3571 1948 antiqua
3603 1881 3659 1933 et
3689 1878 3759 1934 ad
3783 1877 4065 1951 originale
4085 1876 4418 1950 exemplum

1019 1968 1160 2040 quia
1187 1967 1343 2024 280
1365 1965 1583 2023 librum
1612 1965 1911 2039 Evangelii
1945 1964 2224 2033 condidit,
2249 1965 2406 2037 quod
2427 1968 2664 2035 excepto

1023 2057 1316 2124 Mattheao,
1349 2054 1448 2111 alii
1479 2072 1548 2111 ex
1577 2055 1884 2110 duodecim
1918 2054 2162 2127 apostoli
2213 2071 2330 2110 non
2378 2055 2662 2110 fecerunt.

1018 2146 1338 2218 Propheta:
1362 2144 1506 2200 vidit
1526 2145 1684 2200 enim
1705 2143 1765 2199 in
1790 2144 1928 2200 Path
1940 2161 2067 2200 mos
2088 2142 2306 2209 insula,
2324 2143 2383 2198 in
2409 2159 2526 2215 qua
2547 2143 2667 2198 fue-

1022 2239 1114 2292 rat
1142 2252 1178 2291 θ.
1205 2234 1535 2291 Domitiano
1568 2233 1828 2307 principe
1858 2233 1931 2288 ob
1967 2232 2191 2289 Domini
2216 2232 2561 2304 martyrium
2583 2246 2667 2285 re-

1021 2323 1274 2396 legatus,
1318 2320 1725 2395 Apocalypsim
1752 2321 1982 2376 inﬁnita
2022 2321 2351 2377 futurorum
2389 2319 2667 2392 mysteria

1019 2412 1438 2469 continentem.
1475 2411 1673 2467 Refert
1700 2415 1894 2467 autem
1925 2409 2345 2478 Tertullianus,
2379 2409 2533 2480 quod
2561 2409 2665 2464 Ro-

1019 2517 1129 2557 ma
1157 2502 1179 2535 ²
1210 2500 1432 2557 missus
1458 2501 1514 2554 in
1557 2500 1831 2555 ferventis
1888 2499 1998 2555 olei
2043 2498 2291 2566 dolium,
2351 2498 2554 2570 purior
2609 2502 2665 2553 et

1018 2590 1278 2663 vegetior
1302 2588 1562 2656 exiverit,
1603 2605 1782 2661 quam
1824 2588 2147 2644 intraverit.
2199 2588 2312 2644 Sed
2359 2590 2418 2643 et
2467 2587 2663 2659 ipsum

1019 2678 1149 2748 ejus
1181 2676 1555 2749 Evangelium
1579 2676 1831 2731 multum
1859 2677 2037 2731 distat
2057 2693 2092 2732 a
2110 2674 2664 2732 czeteris.Matthaeus

1020 2766 1187 2839 quasi
1219 2766 1291 2820 de
1321 2765 1558 2821 homine
1590 2765 1796 2838 incipit
1823 2766 2076 2822 scribere
2108 2783 2121 2821 :
2155 2766 2317 2820 Liber
2350 2765 2665 2834 generatio-

1019 2856 1111 2910 nis
1139 2856 1266 2911 Iesu
1297 2853 1521 2921 Christi,
1556 2855 1666 2925 ﬁlii
1704 2854 1897 2923 David,
1954 2855 2065 2924 ﬁlii
2118 2853 2391 2910 Abraham
2450 2851 2662 2924 (Matth.

1025 2961 1065 3017 ι,
1104 2944 1157 3013 1)
1192 2960 1206 3010 ;
1242 2942 1429 2998 Lucas
1484 2959 1518 2997 a
1576 2942 1899 2998 sacerdotio
1944 2942 2229 2998 Zachariae
2275 2944 2407 3013 (Luc
2461 2958 2500 3008 1,
2557 2941 2611 3011 5)
2648 2959 2662 3009 ;

1029 3032 1263 3088 Marcus
1295 3047 1329 3086 a
1358 3030 1663 3104 prophetia
1691 3030 1985 3087 Malachiaa
2018 3031 2312 3104 prophetae
2342 3031 2384 3099 ³,
2403 3034 2459 3087 et
2480 3030 2662 3086 Isaiae.

1024 3122 1257 3177 Primus
1284 3119 1460 3176 habet
1480 3120 1688 3176 faciem
1706 3119 1983 3188 hominis,
2007 3124 2243 3193 prepter
2265 3117 2665 3192 genealogiam

2774 1966 2925 2021 redit
2953 1982 2967 2021 :
3004 1967 3160 2038 quod
3191 1967 3375 2022 Adam
3411 1967 3640 2039 primus
3673 1967 3860 2023 factus
3881 1966 4193 2030 sit,deinde
4211 1964 4422 2022 mulier

2775 2071 2842 2110 ex
2872 2060 3033 2111 costa
3077 2056 3253 2127 ejus;
3288 2061 3344 2112 et
3386 2057 3542 2128 quod
3591 2057 3775 2112 Adam
3825 2055 4095 2112 diabolus
4145 2056 4424 2111 seducere

2776 2161 2890 2200 non
2924 2144 3198 2216 potuerit,
3230 2144 3331 2200 sed
3362 2145 3539 2200 Evam
3575 2163 3588 2212 ;
3621 2148 3678 2201 et
3733 2145 3889 2217 quod
3947 2148 4080 2218 post
4134 2144 4420 2200 offensam

2778 2231 2875 2287 Dei
2908 2233 3106 2288 statim
3136 2233 3262 2290 viro
3293 2234 3555 2304 subjecta
3583 2234 3683 2301 sit,
3715 2237 3771 2290 et
3822 2234 3893 2289 ad
3934 2233 4213 2289 maritum
4260 2232 4421 2289 illius

2772 2321 2927 2377 facta
2955 2322 3291 2391 conversio;
3327 2322 3599 2394 quodque
3619 2337 3873 2378 errorem
3893 2326 4145 2379 veterem
4167 2321 4268 2379 illa
4291 2338 4422 2395 quae

2775 2410 2955 2466 semel
2984 2411 3274 2466 connubio
3305 2410 3575 2483 cOpulata
3598 2416 3771 2479 est,et
3799 2411 4034 2467 redacta
4052 2410 4113 2467 in
4139 2411 4425 2467 conditio-

2774 2515 2909 2555 nem
2942 2499 3354 2565 Evaaﬁliorum
3386 2500 3788 2573 procreatione
3816 2500 4063 2566 deleret;
4096 2500 4424 2568 itatamen,

2774 2587 2823 2642 si
2855 2587 3015 2661 ipsos
3046 2588 3199 2644 ﬁlios
3231 2589 3491 2645 erudiret
3520 2589 3579 2643 in
3613 2589 3726 2645 fide
3752 2593 3810 2645 et
3839 2587 4147 2645 dilectione
4177 2587 4421 2658 Christi,

2773 2681 2830 2733 et
2859 2676 2917 2731 in
2954 2677 3415 2734 sanctiﬁcatione
3471 2682 3526 2733 et
3584 2676 3911 2751 pudicitia;
3946 2693 4060 2733 non
4116 2676 4272 2733 enim
4333 2678 4424 2749 (ut

2774 2765 2926 2822 male
2954 2766 3203 2822 habetur
3232 2767 3292 2821 in
3320 2767 3545 2822 Latinis
3577 2767 3898 2838 codicibus)
3926 2767 4189 2823 sobrietas
4223 2770 4312 2822 est
4343 2766 4422 2822 le-

2773 2856 2984 2927 genda,
3019 2856 3120 2913 scd
3150 2858 3395 2922 castitas,
3428 2855 3486 2910 id
3538 2861 3646 2921 est,
3682 2864 3994 2928 σωφροσύνη.
4044 2854 4189 2911 Vide
4235 2854 4422 2928 igitur

2775 2945 3069 3016 quomodo
3099 2961 3170 3000 ex
3197 2945 3305 3001 hoc
3336 2961 3569 3017 quoque
3601 2945 3934 3000 testimonio
3982 2945 4299 3018 superaris,
4362 2948 4424 3000 et

2775 3034 2929 3105 quod
2959 3033 3209 3105 putabas
3238 3050 3367 3090 esse
3394 3050 3497 3105 pro
3528 3034 3771 3104 nuptiis,
3802 3050 3905 3106 pro
3936 3032 4266 3106 virginitate
4290 3042 4422 3090 'sen-

2773 3122 2881 3177 tire
2912 3123 3157 3194 cogaris.
3190 3122 3336 3178 Nam
3369 3123 3419 3177 si
3458 3121 3720 3179 salvatur
3777 3121 3989 3177 mulier
4044 3123 4105 3177 in
4161 3121 4418 3178 ﬁliorum

1028 3210 1329 3266 secundus
1355 3209 1561 3265 faciem
1596 3209 1782 3278 vituli,
1815 3214 2050 3282 propter
2072 3208 2463 3264 sacerdotium
2497 3225 2510 3274 ;
2544 3211 2657 3263 ter—
2693 3196 2736 3262 C
2772 3210 3166 3283 generatione,
3199 3215 3256 3266 et
3300 3210 3618 3267 liberorum
3651 3226 3933 3267 numerus
3965 3210 4127 3267 salus
4158 3216 4420 3267 matrum

1019 3299 1143 3355 tius
1173 3298 1377 3355 faciem
1409 3296 1615 3368 leonis,
1638 3301 1875 3370 propter
1900 3314 2099 3353 vocem
2132 3297 2442 3353 clamantis
2474 3296 2530 3351 in
2564 3296 2663 3351 de-

1022 3391 1223 3444 serto:
1257 3390 1460 3442 Parate
1519 3388 1663 3442 viam
1704 3387 1943 3453 Domini,
1995 3395 2173 3442 rectas
2225 3388 2388 3458 facite
2441 3386 2665 3440 semitas

1023 3478 1141 3549 ejus
1171 3476 1357 3547 (Marc.
1394 3493 1432 3542 1,
1461 3474 1540 3547 2),
1571 3474 1828 3531 Joannes
1858 3490 1989 3529 vero
2023 3478 2219 3531 noster
2248 3476 2414 3546 quasi
2468 3472 2666 3545 aquila

1021 3566 1093 3622 ad
1116 3580 1371 3637 superna
1415 3563 1591 3629 volat,
1638 3568 1696 3619 et
1742 3564 1814 3619 ad
1858 3564 2047 3636 ipsum
2101 3564 2330 3619 Patrem
2381 3563 2661 3635 pervenit,

1021 3654 1223 3710 dicens
1258 3672 1270 3709 :
1304 3654 1367 3709 In
1396 3654 1675 3725 principio
1703 3656 1819 3708 erat
1872 3653 2118 3721 Verbum,
2166 3657 2216 3708 et
2278 3652 2503 3708 Verbum
2545 3656 2665 3706 erat

1018 3743 1165 3815 apud
1222 3743 1412 3809 Deum,
1470 3745 1522 3796 et
1573 3742 1715 3797 Deus
1772 3750 1890 3797 erat
1961 3742 2208 3797 Verbum.
2268 3742 2375 3797 Hoc
2429 3749 2547 3796 erat
2601 3742 2664 3796 in

1017 3832 1295 3903 principio
1346 3829 1494 3902 apud
1548 3831 1717 3886 Deum
1775 3832 1952 3902 (Joan.
2017 3848 2055 3899 1,
2118 3833 2171 3898 1,
2199 3831 2277 3903 2),
2330 3834 2388 3887 et
2439 3835 2660 3886 caetera.

1020 3918 1303 3992 Exposuit
1326 3918 1652 3991 virginitas,
1686 3919 1840 3991 quod
1890 3919 2105 3992 nuptias
2151 3920 2299 3975 scire
2347 3936 2460 3975 non
2504 3924 2664 3992 pote-

1021 4011 1175 4076 rant,
1206 4011 1265 4063 et
1293 4011 1360 4063 ut
1388 4007 1546 4063 brevi
1597 4024 1865 4065 sermone
1913 4008 2101 4065 multa
2146 4009 2660 4081 comprehendam,

1024 4097 1384 4170 doceamque
1414 4096 1584 4168 cujus
1615 4097 1899 4170 privilegii
1956 4098 2030 4154 sit
2087 4098 2367 4165 Joannes,
2428 4098 2546 4152 imo
2600 4098 2660 4153 in

1022 4185 1245 4243 Joanne
1271 4185 1596 4259 virginitas,
1628 4202 1662 4241 a
1697 4185 1947 4242 Domino:
1973 4186 2220 4259 virgine,
2265 4191 2449 4242 mater
2503 4186 2665 4260 virgo

1024 4276 1202 4347 (Joan.
1232 4294 1271 4347 1,
1308 4277 1355 4343 1,
1385 4278 1440 4346 2)
1471 4274 1681 4348 virgini
1715 4276 2005 4348 discipulo
2034 4276 2499 4333 commendatur.

1095 4455 1184 4507 27.
1232 4453 1492 4509 Maternae
1527 4453 1868 4523 virginitatis
1906 4451 2149 4518 amissio,
2183 4460 2529 4522 compensata
2553 4454 2668 4508 vir-

2771 3305 2882 3367 est,
2914 3315 3019 3354 cur
3048 3299 3295 3365 addidit,
3327 3301 3388 3356 Si
3433 3302 3841 3372 permanserint
3888 3302 3998 3371 ﬁlii
4044 3302 4103 3356 in
4152 3299 4423 3357 charitate

2770 3389 3272 3459 ctsanctiﬁcatione
3300 3405 3425 3444 cum
3480 3392 3737 3445 castitate
3788 3390 3808 3424 δ
3836 3388 3864 3444 ?
3892 3390 4057 3444 Tunc
4113 3406 4251 3464 ergo
4302 3389 4425 3445 sal-

2770 3478 3000 3533 vabitur
3020 3477 3251 3544 mulier,
3283 3478 3332 3533 si
3363 3477 3495 3534 illos
3527 3478 3795 3551 genuerit
3817 3478 3989 3547 filios,
4022 3479 4121 3549 qui
4163 3478 4426 3551 virgines

2772 3566 3141 3639 permansuri
3171 3572 3310 3622 sunt
3340 3583 3354 3621 :
3389 3567 3438 3623 si
3471 3568 3624 3639 quod
3658 3568 3787 3640 ipsa
3835 3567 4107 3639 perdidit,
4155 3567 4424 3639 acquirat

2772 3656 2831 3710 in
2879 3654 3099 3721 liberis,
3156 3660 3214 3711 et
3259 3656 3543 3711 damnum
3601 3655 3815 3711 radicis
3872 3660 3928 3710 et
3983 3655 4220 3722 cariem,
4280 3656 4424 3711 ﬂore

2772 3744 3104 3817 compensei
3136 3745 3428 3817 et‘pomis.

2840 3834 2929 3889 28.
2968 3834 3109 3889 Vitia
3161 3832 3484 3889 mulierum.
3518 3833 3776 3889 Diabolus
3805 3838 3858 3890 et
3887 3833 4024 3903 ﬁlia:
4053 3835 4168 3906 ejus
4187 3836 4415 3889 insatia-

2774 3922 2927 3978 biles.
2960 3922 3123 3978 Amor
3152 3923 3402 3978 mulieris
3434 3923 3566 3993 quid
3592 3938 3769 3979 secum
3799 3924 3969 3978 trahit
3998 3926 4023 3976 .9
4050 3954 4117 3962 —
4143 3922 4333 3995 Supra
4352 3922 4417 3979 in

2772 4011 3047 4079 transitu,
3083 4010 3182 4065 ubi
3214 4010 3383 4067 nobis
3413 4012 3783 4067 adversarius
3823 4016 4207 4084 proposuerat
4252 4010 4420 4067 Salo-

2777 4116 3011 4156 monem
3042 4099 3465 4169 multinubum,
3499 4100 3597 4171 qui
3637 4100 3925 4172 templum
3975 4100 4077 4156 Dei
4120 4100 4433 4166 exstruxit,

2777 4188 3025 4243 strictim
3060 4188 3497 4259 responderem,
3530 4190 3596 4243 ut
3627 4205 3728 4261 per
3767 4187 4120 4261 quaestiones
4168 4187 4430 4260 reliquas

2778 4292 3091 4331 currerem.
3120 4274 3285 4331 Nunc
3333 4292 3406 4332 ne
3455 4275 3716 4334 clamitet
3762 4281 3819 4333 et
3864 4276 4021 4334 hunc
4070 4281 4128 4333 et
4174 4275 4322 4333 alios
4369 4277 4435 4333 in

2776 4364 2903 4437 lege
2932 4363 3294 4436 patriarchas
3325 4368 3383 4420 et
3412 4365 3728 4438 prophetas
3780 4370 3838 4421 et
3890 4370 4124 4422 sanctos
4180 4367 4336 4422 viros
4404 4383 4442 4421 a

2779 4452 2951 4508 nobis
2978 4469 3109 4509 esse
3137 4456 3471 4521 temeratos,
3507 4470 3905 4526 proponamus
3954 4453 4133 4524 hujus
4163 4453 4354 4525 ipsius
4389 4454 4436 4521 ⁸,

1024 4541 1257 4630 ginitate
1281 4540 1544 4630 ﬁliorum.
1576 4571 1649 4630 έέ
1674 4539 1891 4630 Verum
1922 4556 2090 4630 casso
2120 4538 2314 4630 labore
2336 4627 2347 4630 _
2359 4540 2667 4630 eudamus.
2702 4565 2748 4630 D
2779 4542 2879 4630 qui
2912 4543 3130 4597 multas
3191 4558 3398 4630 uxores
3416 4546 3474 4598 ct
3494 4544 3854 4599 concubinas
3884 4542 4190 4610 habuit,de
4213 4543 4441 4614 nuptiis

1025 4627 1240 4701 Objicit
1270 4627 1488 4700 quippe
1519 4628 1687 4683 nobis
1717 4628 2084 4684 adversarius
2113 4627 2505 4701 Apostolicam
2540 4647 2670 4687 sen-

1022 4716 1296 4785 tentiam,
1320 4720 1379 4773 et
1405 4716 1488 4772 ait
1514 4734 1527 4771 :
1555 4715 1735 4771 Adam
1766 4718 1985 4788 primus
2027 4718 2297 4787 formatus
2339 4726 2434 4784 est,
2480 4719 2676 4776 deinde

1026 4809 1170 4877 Eva,
1207 4815 1258 4864 et
1284 4805 1459 4863 Adam
1498 4821 1608 4862 non
1664 4814 1743 4861 est
1798 4804 2089 4874 seductus;
2122 4807 2327 4862 mulier
2381 4816 2560 4865 autem
2588 4826 2678 4865 se-

1028 4896 1188 4952 ducta
1226 4899 1287 4953 in
1337 4897 1862 4971 praevaricationem
1915 4898 2065 4967 facta
2117 4903 2215 4951 est.
2276 4896 2438 4952 Salva
2496 4900 2678 4954 autem

1098 5071 1113 5104 ³
1147 5075 1214 5125 1η
1243 5073 1385 5129 libro
1414 5074 1479 5130 de
1508 5075 1826 5131 Illustribus
1860 5076 2019 5131 Viris.
2086 5074 2168 5129 Ex
2219 5073 2329 5131 hoc
2382 5075 2508 5130 loco
2550 5092 2676 5133 ina-.-

1029 5140 1413 5219 nifestissime
1437 5148 1889 5219 comprobemus
1934 5145 2263 5219 librumude
2312 5145 2679 5218 Scriptoribus

1029 5211 1419 5287 licclesiastieis
1449 5211 1737 5287 scriptum
1780 5219 1962 5274 fuisse
1991 5234 2057 5273 ac
2106 5217 2328 5273 editum
2361 5211 2677 5287 antequam

1030 5234 1419 5268 ισσισδιαδιισιδ
1449 5234 1737 5287 scriptum
1780 5234 1962 5274 luisse
1991 5234 2057 5273 ac
2106 5234 2328 5273 editum
2361 5234 2494 5274 ante
2542 5235 2656 5274 uan

1030 5280 1380 5353 Hieroymus
1412 5284 1692 5343 scriberet
1740 5289 2021 5344 adversus
2079 5234 2656 5346 Jovinianumﬁldxa

1029 5369 1163 5409 TIAN
1171 5394 1184 5407 .

1100 5424 1122 5458 ³
1151 5422 1303 5502 Quod
1333 5425 1536 5502 50mm.
1571 5425 1678 5502 Pro
1727 5428 1934 5495 Romae,
1995 5429 2196 5502 plures
2254 5449 2398 5489 mss.
2453 5432 2680 5490 codices

1031 5495 1237 5579 legunt
1263 5512 1297 5550 a
1323 5496 1550 5579 Ncrone
1586 5496 1874 5579 anrxxs.
1905 5529 1971 5539 —
1995 5495 2138 5579 'Mss,
2155 5518 2391 5579 gmneg
2416 5509 2473 5560 et
2516 5513 2681 5579 (.6,qu

1031 5567 1207 5648 editio
1237 5567 1377 5648 quod
1405 5569 1676 5648 a_lVerone
1699 5570 1939 5648 missus,
1985 5576 2095 5648 etc.
2155 5573 2572 5648 Tertulliauus,
2619 5578 2684 5633 de

1035 5640 1581 5713 Praescriptionibus,
1632 5657 1761 5713 cap.
1810 5640 1882 5694 36
1921 5656 1935 5697 :
1968 5662 1997 5690 «
2039 5643 2372 5713 _Apostolus
2426 5640 2683 5705 Joannes

1031 5711 1417 5808 posteaquam
1448 5712 1509 5774 in
1534 5711 1730 5773 oleum
1749 5712 1990 5790 igneum
2021 5711 2349 5788 demersus,
2383 5717 2532 5776 nihil
2555 5736 2685 5795 pas-

2782 4629 3162 4687 voluntatem.
3196 4629 3377 4686 Nemo
3406 4631 3563 4695 enim
3598 4630 3807 4687 melius
3861 4632 4008 4688 scire
4054 4636 4245 4704 potest
4291 4630 4441 4703 quid

2784 4736 2949 4786 uxor,
3000 4719 3153 4776 282
3202 4719 3289 4775 vel
3341 4719 3572 4787 mulier,
3618 4719 3717 4776 illo
3768 4720 3869 4793 qui
3920 4737 4135 4793 passus
4181 4724 4291 4776 est.
4327 4719 4442 4775 Lo-

2785 4807 2987 4881 quitur
3016 4824 3152 4881 ergo
3183 4808 3242 4863 in
3271 4809 3634 4866 Proverbiis:
3669 4809 3867 4866 Mulier
3914 4812 4183 4883 insipiens
4229 4817 4283 4865 et
4331 4825 4440 4864 au-

2785 4898 2915 4965 dax,
2949 4899 3105 4970 inops
3131 4899 3292 4971 panis
3320 4898 3558 4970 efﬁcitur
3587 4900 3769 4968 (Prov.
3807 4899 3886 4967 ix,
3936 4900 4050 4971 t3.)
4102 4900 4285 4969 Cujus
4329 4914 4440 4970 pa-

2788 5095 2890 5134 sus
2915 5081 3024 5147 est,
3057 5077 3115 5133 in
3148 5077 3407 5135 insulam
3440 5076 3750 5148 relegatur.
3791 5099 3817 5126 ››

2857 5151 2878 5184 ³
2909 5150 3309 5222 Expunximus
3350 5149 3443 5203 hic
3470 5164 3668 5204 vocem
3708 5148 4010 5221 Propheta,
4061 5164 4236 5221 quam
4285 5163 4439 5204 mss.

2789 5238 2906 5276 non
2933 5224 3282 5292 agnoscunt.
3371 5287 3380 5292 Α
3576 5266 3587 5271 -

2859 5293 2881 5326 ⁴
2916 5287 3130 5347 νόουΙθ
3178 5287 3479 5346 secundum
3517 5305 3623 5345 nec
3675 5290 3893 5347 habent
3949 5292 4177 5348 codices
4218 5290 4442 5358 nostri,

2788 5378 2894 5417 nec
2924 5362 3048 5433 ipse
3075 5360 3364 5433 Vulgatus
3394 5361 3731 5432 interpres.

2860 5434 2881 5467 ⁵
2911 5433 3053 5489 Tres
3084 5449 3253 5505 mss.,
3282 5433 3691 5505 permanserint
3722 5433 3831 5503 ﬁlii
3860 5437 3920 5490 in
3958 5434 4064 5505 ﬁde
4091 5438 4142 5489 et
4171 5434 4448 5489 charitate

2791 5508 2901 5559 etc.
2933 5507 3112 5576 Graec.
3145 5501 3196 5576 tv
3230 5502 3617 5576 utcunquam
3647 5501 3844 5560 vocem
3877 5501 4003 5561 aliis
4033 5507 4210 5562 etiam
4245 5510 4447 5561 textus

2793 5576 3079 5631 editiones
3101 5574 3339 5631 habent.

2863 5648 2884 5682 δ
2914 5646 3180 5722 Plerique
3209 5663 3353 5703 mss.
3393 5649 3774 5720 Proponamus
3821 5648 3948 5706 huic
4001 5648 4196 5722 ipsius,
4252 5651 4312 5704 et
4367 5648 4447 5706 De

2790 5719 3007 5796 nuptiis
3034 5719 3386 5798 voluptatem.
