  <div class='ocr_page' id='page_1' title='image "/cluster/home/n/w/nwhite01/storage/ocr_20150623/23/hvd.32044052772480/138.png"; bbox 0 0 5364 6558; ppageno 0'>
   <div class='ocr_carea' id='block_1_1' title="bbox 202 173 347 239">
    <p class='ocr_par' dir='ltr' id='par_1_1' title="bbox 202 173 347 239">
     <span class='ocr_line' id='line_1_1' title="bbox 202 173 347 239; baseline 0 0"><span class='ocrx_word' id='word_1_1' title='bbox 202 173 347 239; x_wconf 55' lang='grc' dir='ltr'><strong>εει</strong></span> 
     </span>
    </p>
   </div>
   <div class='ocr_carea' id='block_1_2' title="bbox 1319 162 2560 241">
    <p class='ocr_par' dir='ltr' id='par_1_2' title="bbox 1319 162 2560 241">
     <span class='ocr_line' id='line_1_2' title="bbox 1319 162 2560 241; baseline 0 -4"><span class='ocrx_word' id='word_1_2' title='bbox 1319 165 1743 239; x_wconf 79' lang='lat' dir='ltr'><strong>ADVERSUS</strong></span> <span class='ocrx_word' id='word_1_3' title='bbox 1786 162 2268 241; x_wconf 72' lang='lat' dir='ltr'><strong>JOVINIANUM</strong></span> <span class='ocrx_word' id='word_1_4' title='bbox 2313 170 2463 240; x_wconf 87' lang='lat' dir='ltr'><strong>LIB.</strong></span> <span class='ocrx_word' id='word_1_5' title='bbox 2510 169 2560 241; x_wconf 90' lang='grc' dir='ltr'><strong>Ῑ.</strong></span> 
     </span>
    </p>
   </div>
   <div class='ocr_carea' id='block_1_3' title="bbox 3506 170 3735 285">
    <p class='ocr_par' dir='ltr' id='par_1_3' title="bbox 3506 170 3735 285">
     <span class='ocr_line' id='line_1_3' title="bbox 3506 170 3735 285; baseline 0 -80"><span class='ocrx_word' id='word_1_6' title='bbox 3506 170 3735 285; x_wconf 8' lang='grc' dir='ltr'><strong>,ἔφη</strong></span> 
     </span>
    </p>
   </div>
   <div class='ocr_carea' id='block_1_4' title="bbox 222 307 3642 385">
    <p class='ocr_par' dir='ltr' id='par_1_4' title="bbox 222 307 3642 385">
     <span class='ocr_line' id='line_1_4' title="bbox 222 307 3642 385; baseline 0.001 -18"><span class='ocrx_word' id='word_1_7' title='bbox 222 311 364 367; x_wconf 83' lang='lat' dir='ltr'><strong>nis?</strong></span> <span class='ocrx_word' id='word_1_8' title='bbox 391 309 621 382; x_wconf 81' lang='lat' dir='ltr'><strong>Nempe</strong></span> <span class='ocrx_word' id='word_1_9' title='bbox 649 307 813 365; x_wconf 85' lang='lat' dir='ltr'><strong>illius</strong></span> <span class='ocrx_word' id='word_1_10' title='bbox 842 307 945 381; x_wconf 87' lang='lat' dir='ltr'><strong>qui</strong></span> <span class='ocrx_word' id='word_1_11' title='bbox 975 308 1046 364; x_wconf 91' lang='lat' dir='ltr'><strong>de</strong></span> <span class='ocrx_word' id='word_1_12' title='bbox 1067 307 1212 364; x_wconf 67' lang='lat' dir='ltr'><strong>caelo</strong></span> <span class='ocrx_word' id='word_1_13' title='bbox 1268 308 1599 365; x_wconf 84' lang='lat' dir='ltr'><strong>descendit:</strong></span> <span class='ocrx_word' id='word_1_14' title='bbox 1661 309 1886 365; x_wconf 88' lang='lat' dir='ltr'><strong>statim-</strong></span> <span class='ocrx_word' id='word_1_15' title='bbox 1915 316 1967 379; x_wconf 80' lang='grc' dir='ltr'>Α</span> <span class='ocrx_word' id='word_1_16' title='bbox 1999 309 2133 366; x_wconf 90' lang='lat' dir='ltr'><strong>bola</strong></span> <span class='ocrx_word' id='word_1_17' title='bbox 2161 309 2450 383; x_wconf 83' lang='lat' dir='ltr'><strong>legimus:</strong></span> <span class='ocrx_word' id='word_1_18' title='bbox 2484 314 2592 367; x_wconf 87' lang='lat' dir='ltr'><strong>Per</strong></span> <span class='ocrx_word' id='word_1_19' title='bbox 2617 314 2729 367; x_wconf 88' lang='lat' dir='ltr'><strong>tria</strong></span> <span class='ocrx_word' id='word_1_20' title='bbox 2756 320 3001 369; x_wconf 84' lang='lat' dir='ltr'><strong>movetur</strong></span> <span class='ocrx_word' id='word_1_21' title='bbox 3029 316 3196 381; x_wconf 75' lang='lat' dir='ltr'><strong>terra,</strong></span> <span class='ocrx_word' id='word_1_22' title='bbox 3230 322 3491 385; x_wconf 82' lang='lat' dir='ltr'><strong>quartum</strong></span> <span class='ocrx_word' id='word_1_23' title='bbox 3539 331 3642 373; x_wconf 88' lang='lat' dir='ltr'><strong>au-</strong></span> 
     </span>
    </p>
   </div>
   <div class='ocr_carea' id='block_1_5' title="bbox 220 397 3642 476">
    <p class='ocr_par' dir='ltr' id='par_1_5' title="bbox 220 397 3642 476">
     <span class='ocr_line' id='line_1_5' title="bbox 220 397 3642 476; baseline 0.002 -20"><span class='ocrx_word' id='word_1_24' title='bbox 220 416 339 473; x_wconf 87' lang='lat' dir='ltr'><strong>que</strong></span> <span class='ocrx_word' id='word_1_25' title='bbox 371 397 728 471; x_wconf 86' lang='lat' dir='ltr'><strong>subjungit:</strong></span> <span class='ocrx_word' id='word_1_26' title='bbox 761 398 1064 466; x_wconf 68' lang='lat' dir='ltr'><strong>Terrigenae</strong></span> <span class='ocrx_word' id='word_1_27' title='bbox 1088 397 1235 469; x_wconf 86' lang='lat' dir='ltr'><strong>apud</strong></span> <span class='ocrx_word' id='word_1_28' title='bbox 1256 413 1378 453; x_wconf 89' lang='lat' dir='ltr'><strong>eam</strong></span> <span class='ocrx_word' id='word_1_29' title='bbox 1398 404 1654 469; x_wconf 84' lang='lat' dir='ltr'><strong>pereunt,</strong></span> <span class='ocrx_word' id='word_1_30' title='bbox 1716 402 1767 453; x_wconf 85' lang='lat' dir='ltr'><strong>et</strong></span> <span class='ocrx_word' id='word_1_31' title='bbox 1825 400 1882 453; x_wconf 91' lang='lat' dir='ltr'><strong>in</strong></span> <span class='ocrx_word' id='word_1_32' title='bbox 1994 405 2107 454; x_wconf 85' lang='lat' dir='ltr'><strong>tem</strong></span> <span class='ocrx_word' id='word_1_33' title='bbox 2132 415 2243 456; x_wconf 87' lang='lat' dir='ltr'><strong>non</strong></span> <span class='ocrx_word' id='word_1_34' title='bbox 2270 408 2446 472; x_wconf 89' lang='lat' dir='ltr'><strong>potest</strong></span> <span class='ocrx_word' id='word_1_35' title='bbox 2464 405 2614 472; x_wconf 80' lang='lat' dir='ltr'><strong>ferre</strong></span> <span class='ocrx_word' id='word_1_36' title='bbox 2642 402 2791 473; x_wconf 87' lang='lat' dir='ltr'><strong>[mss.</strong></span> <span class='ocrx_word' id='word_1_37' title='bbox 2825 401 2980 469; x_wconf 89' lang='lat' dir='ltr'><strong>ferri]</strong></span> <span class='ocrx_word' id='word_1_38' title='bbox 3007 420 3026 457; x_wconf 91' lang='lat'><strong><em>:</em></strong></span> <span class='ocrx_word' id='word_1_39' title='bbox 3052 403 3105 456; x_wconf 91' lang='lat' dir='ltr'><strong>si</strong></span> <span class='ocrx_word' id='word_1_40' title='bbox 3130 418 3313 458; x_wconf 86' lang='lat' dir='ltr'><strong>servus</strong></span> <span class='ocrx_word' id='word_1_41' title='bbox 3341 406 3549 476; x_wconf 78' lang='lat' dir='ltr'><strong>regnet,</strong></span> <span class='ocrx_word' id='word_1_42' title='bbox 3590 415 3642 463; x_wconf 90' lang='lat' dir='ltr'><strong>et</strong></span> 
     </span>
    </p>
   </div>
   <div class='ocr_carea' id='block_1_6' title="bbox 215 486 3645 563">
    <p class='ocr_par' dir='ltr' id='par_1_6' title="bbox 215 486 3645 563">
     <span class='ocr_line' id='line_1_6' title="bbox 215 486 3645 563; baseline 0.001 -19"><span class='ocrx_word' id='word_1_43' title='bbox 215 487 575 563; x_wconf 76' lang='lat' dir='ltr'><strong>profundum</strong></span> <span class='ocrx_word' id='word_1_44' title='bbox 604 488 822 558; x_wconf 81' lang='lat' dir='ltr'><strong>inferni</strong></span> <span class='ocrx_word' id='word_1_45' title='bbox 868 488 1167 543; x_wconf 88' lang='lat' dir='ltr'><strong>incurrunt</strong></span> <span class='ocrx_word' id='word_1_46' title='bbox 1214 486 1373 554; x_wconf 83' lang='lat' dir='ltr'><strong>(Ibid.</strong></span> <span class='ocrx_word' id='word_1_47' title='bbox 1430 487 1542 559; x_wconf 66' lang='lat'><strong>48).</strong></span> <span class='ocrx_word' id='word_1_48' title='bbox 1603 487 1710 551; x_wconf 90' lang='lat' dir='ltr'><strong>Qui</strong></span> <span class='ocrx_word' id='word_1_49' title='bbox 1748 492 1889 543; x_wconf 91' lang='lat' dir='ltr'><strong>sunt</strong></span> <span class='ocrx_word' id='word_1_50' title='bbox 1994 488 2196 543; x_wconf 84' lang='lat' dir='ltr'><strong>stultus</strong></span> <span class='ocrx_word' id='word_1_51' title='bbox 2224 490 2275 543; x_wconf 92' lang='lat' dir='ltr'><strong>si</strong></span> <span class='ocrx_word' id='word_1_52' title='bbox 2300 492 2581 545; x_wconf 77' lang='lat' dir='ltr'><strong>saturetur</strong></span> <span class='ocrx_word' id='word_1_53' title='bbox 2603 490 2861 561; x_wconf 86' lang='lat' dir='ltr'><strong>panibus,</strong></span> <span class='ocrx_word' id='word_1_54' title='bbox 2895 498 2947 545; x_wconf 90' lang='lat' dir='ltr'><strong>et</strong></span> <span class='ocrx_word' id='word_1_55' title='bbox 2974 490 3163 546; x_wconf 88' lang='lat' dir='ltr'><strong>odiosa</strong></span> <span class='ocrx_word' id='word_1_56' title='bbox 3206 507 3347 547; x_wconf 76' lang='lat' dir='ltr'><strong>uxor</strong></span> <span class='ocrx_word' id='word_1_57' title='bbox 3368 493 3420 547; x_wconf 92' lang='lat' dir='ltr'><strong>si</strong></span> <span class='ocrx_word' id='word_1_58' title='bbox 3449 493 3645 550; x_wconf 78' lang='lat' dir='ltr'><strong>habeat</strong></span> 
     </span>
    </p>
   </div>
   <div class='ocr_carea' id='block_1_7' title="bbox 220 575 1885 651">
    <p class='ocr_par' dir='ltr' id='par_1_7' title="bbox 220 575 1885 651">
     <span class='ocr_line' id='line_1_7' title="bbox 220 575 1885 651; baseline -0.004 -15"><span class='ocrx_word' id='word_1_59' title='bbox 220 578 541 651; x_wconf 67' lang='lat' dir='ltr'><strong>terrigenae</strong></span> <span class='ocrx_word' id='word_1_60' title='bbox 566 576 666 648; x_wconf 85' lang='lat' dir='ltr'><strong>qui</strong></span> <span class='ocrx_word' id='word_1_61' title='bbox 699 577 855 648; x_wconf 89' lang='lat' dir='ltr'><strong>apud</strong></span> <span class='ocrx_word' id='word_1_62' title='bbox 886 591 1017 631; x_wconf 86' lang='lat' dir='ltr'><strong>eam</strong></span> <span class='ocrx_word' id='word_1_63' title='bbox 1043 575 1337 649; x_wconf 86' lang='lat' dir='ltr'><strong>pereunt?</strong></span> <span class='ocrx_word' id='word_1_64' title='bbox 1366 575 1578 648; x_wconf 88' lang='lat' dir='ltr'><strong>Utique</strong></span> <span class='ocrx_word' id='word_1_65' title='bbox 1626 575 1732 643; x_wconf 90' lang='lat' dir='ltr'>illi,</span> <span class='ocrx_word' id='word_1_66' title='bbox 1784 576 1885 648; x_wconf 87' lang='lat' dir='ltr'><strong>qui</strong></span> 
     </span>
    </p>
   </div>
   <div class='ocr_carea' id='block_1_8' title="bbox 222 664 1885 739">
    <p class='ocr_par' dir='ltr' id='par_1_8' title="bbox 222 664 1885 739">
     <span class='ocr_line' id='line_1_8' title="bbox 222 664 1885 739; baseline -0.002 -16"><span class='ocrx_word' id='word_1_67' title='bbox 222 670 571 739; x_wconf 84' lang='lat' dir='ltr'><strong>sequuntur</strong></span> <span class='ocrx_word' id='word_1_68' title='bbox 596 665 856 738; x_wconf 90' lang='lat' dir='ltr'><strong>primum</strong></span> <span class='ocrx_word' id='word_1_69' title='bbox 877 665 1087 732; x_wconf 86' lang='lat' dir='ltr'><strong>Adam,</strong></span> <span class='ocrx_word' id='word_1_70' title='bbox 1118 664 1219 736; x_wconf 87' lang='lat' dir='ltr'><strong>qui</strong></span> <span class='ocrx_word' id='word_1_71' title='bbox 1249 665 1320 720; x_wconf 92' lang='lat' dir='ltr'><strong>de</strong></span> <span class='ocrx_word' id='word_1_72' title='bbox 1348 668 1504 720; x_wconf 88' lang='lat' dir='ltr'><strong>terra</strong></span> <span class='ocrx_word' id='word_1_73' title='bbox 1534 668 1644 731; x_wconf 88' lang='lat' dir='ltr'><strong>est,</strong></span> <span class='ocrx_word' id='word_1_74' title='bbox 1684 669 1742 720; x_wconf 92' lang='lat' dir='ltr'><strong>et</strong></span> <span class='ocrx_word' id='word_1_75' title='bbox 1768 682 1885 720; x_wconf 91' lang='lat' dir='ltr'><strong>non</strong></span> 
     </span>
    </p>
   </div>
   <div class='ocr_carea' id='block_1_9' title="bbox 225 752 1883 826">
    <p class='ocr_par' dir='ltr' id='par_1_9' title="bbox 225 752 1883 826">
     <span class='ocr_line' id='line_1_9' title="bbox 225 752 1883 826; baseline -0.002 -14"><span class='ocrx_word' id='word_1_76' title='bbox 225 756 588 820; x_wconf 87' lang='lat' dir='ltr'><strong>secundum,</strong></span> <span class='ocrx_word' id='word_1_77' title='bbox 610 754 713 826; x_wconf 86' lang='lat' dir='ltr'><strong>qui</strong></span> <span class='ocrx_word' id='word_1_78' title='bbox 743 755 817 810; x_wconf 91' lang='lat' dir='ltr'><strong>de</strong></span> <span class='ocrx_word' id='word_1_79' title='bbox 847 752 993 809; x_wconf 67' lang='lat' dir='ltr'><strong>caelo</strong></span> <span class='ocrx_word' id='word_1_80' title='bbox 1006 758 1114 809; x_wconf 88' lang='lat' dir='ltr'><strong>est.</strong></span> <span class='ocrx_word' id='word_1_81' title='bbox 1149 754 1219 809; x_wconf 88' lang='lat' dir='ltr'><strong>Et</strong></span> <span class='ocrx_word' id='word_1_82' title='bbox 1238 770 1475 809; x_wconf 81' lang='lat' dir='ltr'><strong>rursum</strong></span> <span class='ocrx_word' id='word_1_83' title='bbox 1498 752 1560 808; x_wconf 92' lang='lat' dir='ltr'><strong>in</strong></span> <span class='ocrx_word' id='word_1_84' title='bbox 1583 752 1695 809; x_wconf 89' lang='lat' dir='ltr'><strong>alio</strong></span> <span class='ocrx_word' id='word_1_85' title='bbox 1718 753 1845 810; x_wconf 91' lang='lat' dir='ltr'><strong>loco</strong></span> <span class='ocrx_word' id='word_1_86' title='bbox 1872 771 1883 809; x_wconf 92' lang='lat'><strong>:</strong></span> 
     </span>
    </p>
   </div>
   <div class='ocr_carea' id='block_1_10' title="bbox 225 841 1890 912">
    <p class='ocr_par' dir='ltr' id='par_1_10' title="bbox 225 841 1890 912">
     <span class='ocr_line' id='line_1_10' title="bbox 225 841 1890 912; baseline -0.001 -13"><span class='ocrx_word' id='word_1_87' title='bbox 225 845 383 899; x_wconf 82' lang='lat' dir='ltr'><strong>Sicut</strong></span> <span class='ocrx_word' id='word_1_88' title='bbox 414 844 476 897; x_wconf 79' lang='lat' dir='ltr'><strong>in</strong></span> <span class='ocrx_word' id='word_1_89' title='bbox 503 843 661 912; x_wconf 78' lang='lat' dir='ltr'><strong>ligno</strong></span> <span class='ocrx_word' id='word_1_90' title='bbox 689 843 911 907; x_wconf 78' lang='lat' dir='ltr'><strong>vermis,</strong></span> <span class='ocrx_word' id='word_1_91' title='bbox 969 843 1049 897; x_wconf 82' lang='lat' dir='ltr'><strong>ita</strong></span> <span class='ocrx_word' id='word_1_92' title='bbox 1092 841 1273 912; x_wconf 80' lang='lat' dir='ltr'><strong>perdit</strong></span> <span class='ocrx_word' id='word_1_93' title='bbox 1314 844 1497 897; x_wconf 87' lang='lat' dir='ltr'><strong>virum</strong></span> <span class='ocrx_word' id='word_1_94' title='bbox 1535 858 1700 897; x_wconf 89' lang='lat' dir='ltr'><strong>suum</strong></span> <span class='ocrx_word' id='word_1_95' title='bbox 1746 858 1890 897; x_wconf 69' lang='lat' dir='ltr'><strong>uxor</strong></span> 
     </span>
    </p>
   </div>
   <div class='ocr_carea' id='block_1_11' title="bbox 219 928 1888 1002">
    <p class='ocr_par' dir='ltr' id='par_1_11' title="bbox 219 928 1888 1002">
     <span class='ocr_line' id='line_1_11' title="bbox 219 928 1888 1002; baseline 0 -15"><span class='ocrx_word' id='word_1_96' title='bbox 219 932 479 1002; x_wconf 79' lang='lat' dir='ltr'><strong>maleﬁca</strong></span> <span class='ocrx_word' id='word_1_97' title='bbox 509 931 702 1002; x_wconf 83' lang='lat' dir='ltr'><strong>(Prov.</strong></span> <span class='ocrx_word' id='word_1_98' title='bbox 728 947 861 997; x_wconf 86' lang='lat' dir='ltr'><strong>xxv,</strong></span> <span class='ocrx_word' id='word_1_99' title='bbox 912 929 1029 1002; x_wconf 80' lang='lat'><strong>20).</strong></span> <span class='ocrx_word' id='word_1_100' title='bbox 1060 928 1121 985; x_wconf 88' lang='lat' dir='ltr'><strong>Si</strong></span> <span class='ocrx_word' id='word_1_101' title='bbox 1177 934 1373 986; x_wconf 86' lang='lat' dir='ltr'><strong>autem</strong></span> <span class='ocrx_word' id='word_1_102' title='bbox 1433 931 1888 987; x_wconf 88' lang='lat' dir='ltr'><strong>asserveraveris</strong></span> 
     </span>
    </p>
   </div>
   <div class='ocr_carea' id='block_1_12' title="bbox 218 1002 1889 1092">
    <p class='ocr_par' dir='ltr' id='par_1_12' title="bbox 218 1002 1889 1092">
     <span class='ocr_line' id='line_1_12' title="bbox 218 1002 1889 1092; baseline -0.002 -16"><span class='ocrx_word' id='word_1_103' title='bbox 218 1020 332 1076; x_wconf 86' lang='lat' dir='ltr'><strong>hoc</strong></span> <span class='ocrx_word' id='word_1_104' title='bbox 353 1020 432 1075; x_wconf 89' lang='lat' dir='ltr'><strong>de</strong></span> <span class='ocrx_word' id='word_1_105' title='bbox 453 1017 637 1074; x_wconf 85' lang='lat' dir='ltr'><strong>malis</strong></span> <span class='ocrx_word' id='word_1_106' title='bbox 668 1017 1020 1091; x_wconf 88' lang='lat' dir='ltr'><strong>conjugibus</strong></span> <span class='ocrx_word' id='word_1_107' title='bbox 1049 1017 1274 1074; x_wconf 89' lang='lat' dir='ltr'><strong>dictum</strong></span> <span class='ocrx_word' id='word_1_108' title='bbox 1313 1002 1465 1086; x_wconf 59' lang='lat' dir='ltr'><strong>es&#39;se,</strong></span> <span class='ocrx_word' id='word_1_109' title='bbox 1519 1023 1577 1074; x_wconf 90' lang='lat' dir='ltr'><strong>et</strong></span> <span class='ocrx_word' id='word_1_110' title='bbox 1626 1034 1732 1092; x_wconf 86' lang='lat' dir='ltr'><strong>ego</strong></span> <span class='ocrx_word' id='word_1_111' title='bbox 1782 1019 1889 1075; x_wconf 85' lang='lat' dir='ltr'><strong>tibi</strong></span> 
     </span>
    </p>
   </div>
   <div class='ocr_carea' id='block_1_13' title="bbox 222 1106 1891 1180">
    <p class='ocr_par' dir='ltr' id='par_1_13' title="bbox 222 1106 1891 1180">
     <span class='ocr_line' id='line_1_13' title="bbox 222 1106 1891 1180; baseline -0.001 -16"><span class='ocrx_word' id='word_1_112' title='bbox 222 1108 488 1165; x_wconf 73' lang='lat' dir='ltr'><strong>breviter</strong></span> <span class='ocrx_word' id='word_1_113' title='bbox 532 1107 940 1180; x_wconf 83' lang='lat' dir='ltr'><strong>respondebo:</strong></span> <span class='ocrx_word' id='word_1_114' title='bbox 998 1107 1132 1172; x_wconf 84' lang='lat' dir='ltr'><strong>Quae</strong></span> <span class='ocrx_word' id='word_1_115' title='bbox 1177 1106 1334 1162; x_wconf 89' lang='lat' dir='ltr'><strong>enim</strong></span> <span class='ocrx_word' id='word_1_116' title='bbox 1395 1106 1542 1162; x_wconf 88' lang='lat' dir='ltr'><strong>mihi</strong></span> <span class='ocrx_word' id='word_1_117' title='bbox 1600 1107 1891 1163; x_wconf 87' lang='lat' dir='ltr'><strong>incumbit</strong></span> 
     </span>
    </p>
   </div>
   <div class='ocr_carea' id='block_1_14' title="bbox 228 1195 1891 1264">
    <p class='ocr_par' dir='ltr' id='par_1_14' title="bbox 228 1195 1891 1264">
     <span class='ocr_line' id='line_1_14' title="bbox 228 1195 1891 1264; baseline 0 -11"><span class='ocrx_word' id='word_1_118' title='bbox 228 1197 561 1254; x_wconf 73' lang='lat' dir='ltr'><strong>necessitas</strong></span> <span class='ocrx_word' id='word_1_119' title='bbox 584 1196 788 1252; x_wconf 88' lang='lat' dir='ltr'><strong>venire</strong></span> <span class='ocrx_word' id='word_1_120' title='bbox 818 1195 880 1250; x_wconf 93' lang='lat' dir='ltr'><strong>in</strong></span> <span class='ocrx_word' id='word_1_121' title='bbox 909 1195 1180 1264; x_wconf 88' lang='lat' dir='ltr'><strong>dubium,</strong></span> <span class='ocrx_word' id='word_1_122' title='bbox 1213 1198 1413 1251; x_wconf 91' lang='lat' dir='ltr'><strong>utrum</strong></span> <span class='ocrx_word' id='word_1_123' title='bbox 1445 1196 1599 1252; x_wconf 90' lang='lat' dir='ltr'><strong>bona</strong></span> <span class='ocrx_word' id='word_1_124' title='bbox 1627 1214 1701 1253; x_wconf 90' lang='lat' dir='ltr'><strong>an</strong></span> <span class='ocrx_word' id='word_1_125' title='bbox 1734 1197 1891 1253; x_wconf 87' lang='lat' dir='ltr'><strong>mala</strong></span> 
     </span>
    </p>
   </div>
   <div class='ocr_carea' id='block_1_15' title="bbox 229 1284 1892 1358">
    <p class='ocr_par' dir='ltr' id='par_1_15' title="bbox 229 1284 1892 1358">
     <span class='ocr_line' id='line_1_15' title="bbox 229 1284 1892 1358; baseline 0 -17"><span class='ocrx_word' id='word_1_126' title='bbox 229 1288 438 1342; x_wconf 78' lang='lat' dir='ltr'><strong>futura</strong></span> <span class='ocrx_word' id='word_1_127' title='bbox 456 1285 535 1341; x_wconf 89' lang='lat' dir='ltr'><strong>sit</strong></span> <span class='ocrx_word' id='word_1_128' title='bbox 556 1301 739 1358; x_wconf 88' lang='lat' dir='ltr'><strong>quam</strong></span> <span class='ocrx_word' id='word_1_129' title='bbox 766 1284 1035 1340; x_wconf 81' lang='lat' dir='ltr'><strong>duxero?</strong></span> <span class='ocrx_word' id='word_1_130' title='bbox 1087 1285 1278 1341; x_wconf 77' lang='lat' dir='ltr'><strong>Melius</strong></span> <span class='ocrx_word' id='word_1_131' title='bbox 1324 1289 1426 1355; x_wconf 90' lang='lat' dir='ltr'><strong>est,</strong></span> <span class='ocrx_word' id='word_1_132' title='bbox 1471 1285 1687 1356; x_wconf 83' lang='lat' dir='ltr'><strong>inquit,</strong></span> <span class='ocrx_word' id='word_1_133' title='bbox 1738 1285 1892 1342; x_wconf 89' lang='lat' dir='ltr'><strong>habi-</strong></span> 
     </span>
    </p>
   </div>
   <div class='ocr_carea' id='block_1_16' title="bbox 228 1373 1892 1445">
    <p class='ocr_par' dir='ltr' id='par_1_16' title="bbox 228 1373 1892 1445">
     <span class='ocr_line' id='line_1_16' title="bbox 228 1373 1892 1445; baseline 0.001 -15"><span class='ocrx_word' id='word_1_134' title='bbox 228 1380 351 1431; x_wconf 83' lang='lat' dir='ltr'><strong>tare</strong></span> <span class='ocrx_word' id='word_1_135' title='bbox 378 1378 441 1429; x_wconf 70' lang='lat' dir='ltr'><strong>in</strong></span> <span class='ocrx_word' id='word_1_136' title='bbox 469 1384 626 1430; x_wconf 83' lang='lat' dir='ltr'><strong>terra</strong></span> <span class='ocrx_word' id='word_1_137' title='bbox 663 1373 901 1442; x_wconf 85' lang='lat' dir='ltr'><strong>deserta,</strong></span> <span class='ocrx_word' id='word_1_138' title='bbox 954 1390 1121 1445; x_wconf 85' lang='lat' dir='ltr'><strong>quam</strong></span> <span class='ocrx_word' id='word_1_139' title='bbox 1162 1390 1288 1429; x_wconf 91' lang='lat' dir='ltr'><strong>cum</strong></span> <span class='ocrx_word' id='word_1_140' title='bbox 1331 1389 1504 1430; x_wconf 73' lang='lat' dir='ltr'><strong>uxore</strong></span> <span class='ocrx_word' id='word_1_141' title='bbox 1554 1376 1802 1445; x_wconf 88' lang='lat' dir='ltr'><strong>litigiosa</strong></span> <span class='ocrx_word' id='word_1_142' title='bbox 1839 1385 1892 1431; x_wconf 88' lang='lat' dir='ltr'><strong>et</strong></span> 
     </span>
    </p>
   </div>
   <div class='ocr_carea' id='block_1_17' title="bbox 222 1463 1887 1533">
    <p class='ocr_par' dir='ltr' id='par_1_17' title="bbox 222 1463 1887 1533">
     <span class='ocr_line' id='line_1_17' title="bbox 222 1463 1887 1533; baseline 0 -14"><span class='ocrx_word' id='word_1_143' title='bbox 222 1463 503 1519; x_wconf 80' lang='lat' dir='ltr'><strong>iracunda</strong></span> <span class='ocrx_word' id='word_1_144' title='bbox 526 1464 715 1532; x_wconf 87' lang='lat' dir='ltr'><strong>(Prov.</strong></span> <span class='ocrx_word' id='word_1_145' title='bbox 745 1479 863 1530; x_wconf 80' lang='lat' dir='ltr'><strong>XXI,</strong></span> <span class='ocrx_word' id='word_1_146' title='bbox 898 1463 973 1533; x_wconf 90' lang='lat'><strong>9).</strong></span> <span class='ocrx_word' id='word_1_147' title='bbox 1034 1463 1220 1528; x_wconf 89' lang='lat' dir='ltr'><strong>Quam</strong></span> <span class='ocrx_word' id='word_1_148' title='bbox 1273 1479 1475 1518; x_wconf 89' lang='lat' dir='ltr'><strong>rarum</strong></span> <span class='ocrx_word' id='word_1_149' title='bbox 1520 1463 1599 1519; x_wconf 86' lang='lat' dir='ltr'><strong>sit</strong></span> <span class='ocrx_word' id='word_1_150' title='bbox 1650 1480 1887 1520; x_wconf 86' lang='lat' dir='ltr'><strong>uxorem</strong></span> 
     </span>
    </p>
   </div>
   <div class='ocr_carea' id='block_1_18' title="bbox 223 1550 1886 1623">
    <p class='ocr_par' dir='ltr' id='par_1_18' title="bbox 223 1550 1886 1623">
     <span class='ocr_line' id='line_1_18' title="bbox 223 1550 1886 1623; baseline 0 -14"><span class='ocrx_word' id='word_1_151' title='bbox 223 1553 348 1609; x_wconf 82' lang='lat' dir='ltr'><strong>sine</strong></span> <span class='ocrx_word' id='word_1_152' title='bbox 379 1552 481 1608; x_wconf 87' lang='lat' dir='ltr'><strong>his</strong></span> <span class='ocrx_word' id='word_1_153' title='bbox 510 1552 679 1608; x_wconf 78' lang='lat' dir='ltr'><strong>vitiis</strong></span> <span class='ocrx_word' id='word_1_154' title='bbox 706 1552 976 1619; x_wconf 86' lang='lat' dir='ltr'><strong>inveniri,</strong></span> <span class='ocrx_word' id='word_1_155' title='bbox 1000 1551 1160 1607; x_wconf 88' lang='lat' dir='ltr'><strong>novit</strong></span> <span class='ocrx_word' id='word_1_156' title='bbox 1186 1550 1288 1607; x_wconf 90' lang='lat' dir='ltr'><strong>ille</strong></span> <span class='ocrx_word' id='word_1_157' title='bbox 1315 1553 1418 1623; x_wconf 90' lang='lat' dir='ltr'><strong>qui</strong></span> <span class='ocrx_word' id='word_1_158' title='bbox 1439 1551 1604 1607; x_wconf 83' lang='lat' dir='ltr'><strong>duxit</strong></span> <span class='ocrx_word' id='word_1_159' title='bbox 1625 1570 1886 1620; x_wconf 84' lang='lat' dir='ltr'><strong>uxorem,</strong></span> 
     </span>
    </p>
   </div>
   <div class='ocr_carea' id='block_1_19' title="bbox 224 1640 1885 1713">
    <p class='ocr_par' dir='ltr' id='par_1_19' title="bbox 224 1640 1885 1713">
     <span class='ocr_line' id='line_1_19' title="bbox 224 1640 1885 1713; baseline 0.001 -15"><span class='ocrx_word' id='word_1_160' title='bbox 224 1642 386 1698; x_wconf 79' lang='lat' dir='ltr'><strong>Unde</strong></span> <span class='ocrx_word' id='word_1_161' title='bbox 440 1640 697 1713; x_wconf 85' lang='lat' dir='ltr'><strong>pulchre</strong></span> <span class='ocrx_word' id='word_1_162' title='bbox 722 1640 934 1697; x_wconf 90' lang='lat' dir='ltr'><strong>Varius</strong></span> <span class='ocrx_word' id='word_1_163' title='bbox 965 1640 1281 1697; x_wconf 78' lang='lat' dir='ltr'><strong>Geminus‘</strong></span> <span class='ocrx_word' id='word_1_164' title='bbox 1332 1641 1601 1697; x_wconf 80' lang='lat' dir='ltr'><strong>sublimis</strong></span> <span class='ocrx_word' id='word_1_165' title='bbox 1657 1647 1885 1701; x_wconf 82' lang='lat' dir='ltr'><strong>orator:</strong></span> 
     </span>
    </p>
   </div>
   <div class='ocr_carea' id='block_1_20' title="bbox 224 1728 1890 1802">
    <p class='ocr_par' dir='ltr' id='par_1_20' title="bbox 224 1728 1890 1802">
     <span class='ocr_line' id='line_1_20' title="bbox 224 1728 1890 1802; baseline 0.002 -21"><span class='ocrx_word' id='word_1_166' title='bbox 224 1755 249 1781; x_wconf 79' lang='grc' dir='ltr'><strong>α</strong></span> <span class='ocrx_word' id='word_1_167' title='bbox 282 1731 399 1796; x_wconf 87' lang='lat' dir='ltr'><strong>Qui</strong></span> <span class='ocrx_word' id='word_1_168' title='bbox 428 1746 558 1786; x_wconf 84' lang='lat' dir='ltr'><strong>non</strong></span> <span class='ocrx_word' id='word_1_169' title='bbox 590 1729 805 1802; x_wconf 78' lang='lat' dir='ltr'><strong>litigat,</strong></span> <span class='ocrx_word' id='word_1_170' title='bbox 846 1728 1060 1802; x_wconf 87' lang='lat' dir='ltr'><strong>inquit,</strong></span> <span class='ocrx_word' id='word_1_171' title='bbox 1110 1729 1322 1785; x_wconf 83' lang='lat' dir='ltr'><strong>caelebs</strong></span> <span class='ocrx_word' id='word_1_172' title='bbox 1367 1734 1474 1786; x_wconf 89' lang='lat' dir='ltr'><strong>est.</strong></span> <span class='ocrx_word' id='word_1_173' title='bbox 1513 1752 1541 1778; x_wconf 85' lang='lat'>»</span> <span class='ocrx_word' id='word_1_174' title='bbox 1580 1730 1769 1787; x_wconf 78' lang='lat' dir='ltr'><strong>Melius</strong></span> <span class='ocrx_word' id='word_1_175' title='bbox 1810 1733 1890 1787; x_wconf 90' lang='lat' dir='ltr'><strong>est</strong></span> 
     </span>
    </p>
   </div>
   <div class='ocr_carea' id='block_1_21' title="bbox 220 1820 1891 1891">
    <p class='ocr_par' dir='ltr' id='par_1_21' title="bbox 220 1820 1891 1891">
     <span class='ocr_line' id='line_1_21' title="bbox 220 1820 1891 1891; baseline 0 -15"><span class='ocrx_word' id='word_1_176' title='bbox 220 1821 482 1876; x_wconf 79' lang='lat' dir='ltr'><strong>habitare</strong></span> <span class='ocrx_word' id='word_1_177' title='bbox 512 1821 576 1874; x_wconf 82' lang='lat' dir='ltr'><strong>in</strong></span> <span class='ocrx_word' id='word_1_178' title='bbox 604 1820 810 1891; x_wconf 81' lang='lat' dir='ltr'><strong>angulo</strong></span> <span class='ocrx_word' id='word_1_179' title='bbox 837 1820 982 1887; x_wconf 90' lang='lat' dir='ltr'><strong>tecti,</strong></span> <span class='ocrx_word' id='word_1_180' title='bbox 1014 1835 1175 1891; x_wconf 84' lang='lat' dir='ltr'><strong>quam</strong></span> <span class='ocrx_word' id='word_1_181' title='bbox 1233 1835 1359 1874; x_wconf 87' lang='lat' dir='ltr'><strong>eum</strong></span> <span class='ocrx_word' id='word_1_182' title='bbox 1405 1835 1578 1875; x_wconf 76' lang='lat' dir='ltr'><strong>uxore</strong></span> <span class='ocrx_word' id='word_1_183' title='bbox 1620 1820 1891 1877; x_wconf 88' lang='lat' dir='ltr'><strong>maledica</strong></span> 
     </span>
    </p>
   </div>
   <div class='ocr_carea' id='block_1_22' title="bbox 223 1908 1889 1979">
    <p class='ocr_par' dir='ltr' id='par_1_22' title="bbox 223 1908 1889 1979">
     <span class='ocr_line' id='line_1_22' title="bbox 223 1908 1889 1979; baseline 0 -14"><span class='ocrx_word' id='word_1_184' title='bbox 223 1913 289 1965; x_wconf 79' lang='lat' dir='ltr'><strong>in</strong></span> <span class='ocrx_word' id='word_1_185' title='bbox 319 1909 488 1965; x_wconf 85' lang='lat' dir='ltr'><strong>domo</strong></span> <span class='ocrx_word' id='word_1_186' title='bbox 515 1910 793 1965; x_wconf 84' lang='lat' dir='ltr'><strong>communi</strong></span> <span class='ocrx_word' id='word_1_187' title='bbox 821 1908 1003 1979; x_wconf 85' lang='lat' dir='ltr'><strong>(Prov.</strong></span> <span class='ocrx_word' id='word_1_188' title='bbox 1037 1925 1162 1976; x_wconf 82' lang='lat' dir='ltr'><strong>xxv,</strong></span> <span class='ocrx_word' id='word_1_189' title='bbox 1193 1909 1308 1976; x_wconf 85' lang='grc'><strong>24).</strong></span> <span class='ocrx_word' id='word_1_190' title='bbox 1361 1908 1420 1963; x_wconf 91' lang='lat' dir='ltr'><strong>Si</strong></span> <span class='ocrx_word' id='word_1_191' title='bbox 1469 1908 1683 1965; x_wconf 90' lang='lat' dir='ltr'><strong>domus</strong></span> <span class='ocrx_word' id='word_1_192' title='bbox 1730 1925 1889 1965; x_wconf 88' lang='lat' dir='ltr'><strong>com-</strong></span> 
     </span>
    </p>
   </div>
   <div class='ocr_carea' id='block_1_23' title="bbox 228 1997 1889 2069">
    <p class='ocr_par' dir='ltr' id='par_1_23' title="bbox 228 1997 1889 2069">
     <span class='ocr_line' id='line_1_23' title="bbox 228 1997 1889 2069; baseline 0 -14"><span class='ocrx_word' id='word_1_193' title='bbox 228 1999 446 2055; x_wconf 86' lang='lat' dir='ltr'><strong>munis</strong></span> <span class='ocrx_word' id='word_1_194' title='bbox 475 1997 668 2053; x_wconf 87' lang='lat' dir='ltr'><strong>mariti</strong></span> <span class='ocrx_word' id='word_1_195' title='bbox 706 2001 765 2053; x_wconf 90' lang='lat' dir='ltr'><strong>et</strong></span> <span class='ocrx_word' id='word_1_196' title='bbox 788 1997 987 2053; x_wconf 84' lang='lat' dir='ltr'><strong>uxoris</strong></span> <span class='ocrx_word' id='word_1_197' title='bbox 1017 1997 1190 2069; x_wconf 84' lang='lat' dir='ltr'><strong>erigit</strong></span> <span class='ocrx_word' id='word_1_198' title='bbox 1218 2014 1459 2053; x_wconf 84' lang='lat' dir='ltr'><strong>uxorem</strong></span> <span class='ocrx_word' id='word_1_199' title='bbox 1479 1997 1536 2053; x_wconf 93' lang='lat' dir='ltr'><strong>in</strong></span> <span class='ocrx_word' id='word_1_200' title='bbox 1551 1999 1889 2069; x_wconf 89' lang='lat' dir='ltr'><strong>superbiam</strong></span> 
     </span>
    </p>
   </div>
   <div class='ocr_carea' id='block_1_24' title="bbox 227 2085 1893 2158">
    <p class='ocr_par' dir='ltr' id='par_1_24' title="bbox 227 2085 1893 2158">
     <span class='ocr_line' id='line_1_24' title="bbox 227 2085 1893 2158; baseline 0 -14"><span class='ocrx_word' id='word_1_201' title='bbox 227 2085 729 2145; x_wconf 86' lang='lat' dir='ltr'><strong>etcontumeliam</strong></span> <span class='ocrx_word' id='word_1_202' title='bbox 758 2086 884 2142; x_wconf 90' lang='lat' dir='ltr'><strong>viro</strong></span> <span class='ocrx_word' id='word_1_203' title='bbox 915 2085 1089 2141; x_wconf 80' lang='lat' dir='ltr'><strong>facit:</strong></span> <span class='ocrx_word' id='word_1_204' title='bbox 1124 2090 1344 2158; x_wconf 90' lang='lat' dir='ltr'><strong>quanto</strong></span> <span class='ocrx_word' id='word_1_205' title='bbox 1375 2086 1567 2158; x_wconf 88' lang='lat' dir='ltr'><strong>magis</strong></span> <span class='ocrx_word' id='word_1_206' title='bbox 1626 2088 1676 2143; x_wconf 90' lang='lat' dir='ltr'><strong>si</strong></span> <span class='ocrx_word' id='word_1_207' title='bbox 1717 2088 1893 2145; x_wconf 91' lang='lat' dir='ltr'><strong>ditior</strong></span> 
     </span>
    </p>
   </div>
   <div class='ocr_carea' id='block_1_25' title="bbox 224 2174 1892 2250">
    <p class='ocr_par' dir='ltr' id='par_1_25' title="bbox 224 2174 1892 2250">
     <span class='ocr_line' id='line_1_25' title="bbox 224 2174 1892 2250; baseline -0.001 -16"><span class='ocrx_word' id='word_1_208' title='bbox 224 2194 377 2234; x_wconf 84' lang='lat' dir='ltr'><strong>uxor</strong></span> <span class='ocrx_word' id='word_1_209' title='bbox 416 2175 623 2242; x_wconf 85' lang='lat' dir='ltr'><strong>fuerit,</strong></span> <span class='ocrx_word' id='word_1_210' title='bbox 656 2179 715 2231; x_wconf 90' lang='lat' dir='ltr'><strong>et</strong></span> <span class='ocrx_word' id='word_1_211' title='bbox 744 2174 805 2230; x_wconf 92' lang='lat' dir='ltr'><strong>in</strong></span> <span class='ocrx_word' id='word_1_212' title='bbox 839 2175 1014 2231; x_wconf 91' lang='lat' dir='ltr'><strong>domo</strong></span> <span class='ocrx_word' id='word_1_213' title='bbox 1039 2176 1166 2247; x_wconf 87' lang='lat' dir='ltr'><strong>ejus</strong></span> <span class='ocrx_word' id='word_1_214' title='bbox 1194 2175 1284 2230; x_wconf 90' lang='lat' dir='ltr'><strong>vir</strong></span> <span class='ocrx_word' id='word_1_215' title='bbox 1328 2175 1648 2231; x_wconf 79' lang='lat' dir='ltr'><strong>manserit!</strong></span> <span class='ocrx_word' id='word_1_216' title='bbox 1683 2176 1892 2250; x_wconf 81' lang='lat' dir='ltr'><strong>Incipit</strong></span> 
     </span>
    </p>
   </div>
   <div class='ocr_carea' id='block_1_26' title="bbox 224 2263 1890 2334">
    <p class='ocr_par' dir='ltr' id='par_1_26' title="bbox 224 2263 1890 2334">
     <span class='ocr_line' id='line_1_26' title="bbox 224 2263 1890 2334; baseline 0 -12"><span class='ocrx_word' id='word_1_217' title='bbox 224 2267 384 2323; x_wconf 89' lang='lat' dir='ltr'><strong>enim</strong></span> <span class='ocrx_word' id='word_1_218' title='bbox 415 2282 540 2322; x_wconf 91' lang='lat' dir='ltr'><strong>non</strong></span> <span class='ocrx_word' id='word_1_219' title='bbox 576 2281 724 2320; x_wconf 86' lang='lat' dir='ltr'><strong>uxor</strong></span> <span class='ocrx_word' id='word_1_220' title='bbox 749 2279 901 2334; x_wconf 87' lang='lat' dir='ltr'><strong>esse,</strong></span> <span class='ocrx_word' id='word_1_221' title='bbox 926 2264 1027 2320; x_wconf 86' lang='lat' dir='ltr'><strong>sed</strong></span> <span class='ocrx_word' id='word_1_222' title='bbox 1060 2263 1338 2332; x_wconf 85' lang='lat' dir='ltr'><strong>domina;</strong></span> <span class='ocrx_word' id='word_1_223' title='bbox 1374 2268 1433 2320; x_wconf 90' lang='lat' dir='ltr'><strong>et</strong></span> <span class='ocrx_word' id='word_1_224' title='bbox 1459 2265 1581 2321; x_wconf 90' lang='lat' dir='ltr'><strong>viro</strong></span> <span class='ocrx_word' id='word_1_225' title='bbox 1613 2266 1662 2321; x_wconf 89' lang='lat' dir='ltr'><strong>si</strong></span> <span class='ocrx_word' id='word_1_226' title='bbox 1709 2267 1890 2323; x_wconf 83' lang='lat' dir='ltr'><strong>otl&#39;en-</strong></span> 
     </span>
    </p>
   </div>
   <div class='ocr_carea' id='block_1_27' title="bbox 224 2351 1890 2427">
    <p class='ocr_par' dir='ltr' id='par_1_27' title="bbox 224 2351 1890 2427">
     <span class='ocr_line' id='line_1_27' title="bbox 224 2351 1890 2427; baseline 0.001 -16"><span class='ocrx_word' id='word_1_227' title='bbox 224 2356 397 2424; x_wconf 81' lang='lat' dir='ltr'><strong>derit,</strong></span> <span class='ocrx_word' id='word_1_228' title='bbox 428 2353 818 2427; x_wconf 79' lang='lat' dir='ltr'><strong>migrandum</strong></span> <span class='ocrx_word' id='word_1_229' title='bbox 847 2356 958 2409; x_wconf 88' lang='lat' dir='ltr'><strong>est.</strong></span> <span class='ocrx_word' id='word_1_230' title='bbox 990 2351 1298 2408; x_wconf 87' lang='lat' dir='ltr'><strong>Stillicidia</strong></span> <span class='ocrx_word' id='word_1_231' title='bbox 1324 2352 1564 2424; x_wconf 92' lang='lat' dir='ltr'><strong>ejiciunt</strong></span> <span class='ocrx_word' id='word_1_232' title='bbox 1593 2354 1890 2412; x_wconf 89' lang='lat' dir='ltr'><strong>hominem</strong></span> 
     </span>
    </p>
   </div>
   <div class='ocr_carea' id='block_1_28' title="bbox 229 2441 1895 2512">
    <p class='ocr_par' dir='ltr' id='par_1_28' title="bbox 229 2441 1895 2512">
     <span class='ocr_line' id='line_1_28' title="bbox 229 2441 1895 2512; baseline 0.001 -14"><span class='ocrx_word' id='word_1_233' title='bbox 229 2446 291 2500; x_wconf 87' lang='lat' dir='ltr'><strong>in</strong></span> <span class='ocrx_word' id='word_1_234' title='bbox 322 2444 418 2499; x_wconf 91' lang='lat' dir='ltr'><strong>die</strong></span> <span class='ocrx_word' id='word_1_235' title='bbox 444 2441 697 2499; x_wconf 82' lang='lat' dir='ltr'><strong>hiemali</strong></span> <span class='ocrx_word' id='word_1_236' title='bbox 748 2441 818 2497; x_wconf 90' lang='lat' dir='ltr'><strong>de</strong></span> <span class='ocrx_word' id='word_1_237' title='bbox 871 2442 1043 2497; x_wconf 92' lang='lat' dir='ltr'><strong>domo</strong></span> <span class='ocrx_word' id='word_1_238' title='bbox 1090 2458 1218 2512; x_wconf 88' lang='lat' dir='ltr'><strong>sua,</strong></span> <span class='ocrx_word' id='word_1_239' title='bbox 1265 2441 1539 2498; x_wconf 86' lang='lat' dir='ltr'><strong>similiter</strong></span> <span class='ocrx_word' id='word_1_240' title='bbox 1577 2446 1636 2499; x_wconf 87' lang='lat' dir='ltr'><strong>et</strong></span> <span class='ocrx_word' id='word_1_241' title='bbox 1683 2443 1895 2501; x_wconf 88' lang='lat' dir='ltr'><strong>mulier</strong></span> 
     </span>
    </p>
   </div>
   <div class='ocr_carea' id='block_1_29' title="bbox 230 2530 1890 2604">
    <p class='ocr_par' dir='ltr' id='par_1_29' title="bbox 230 2530 1890 2604">
     <span class='ocr_line' id='line_1_29' title="bbox 230 2530 1890 2604; baseline -0.001 -14"><span class='ocrx_word' id='word_1_242' title='bbox 230 2532 524 2590; x_wconf 84' lang='lat' dir='ltr'><strong>maledica</strong></span> <span class='ocrx_word' id='word_1_243' title='bbox 555 2532 631 2587; x_wconf 92' lang='lat' dir='ltr'><strong>de</strong></span> <span class='ocrx_word' id='word_1_244' title='bbox 662 2530 902 2604; x_wconf 89' lang='lat' dir='ltr'><strong>propria</strong></span> <span class='ocrx_word' id='word_1_245' title='bbox 923 2531 1097 2586; x_wconf 91' lang='lat' dir='ltr'><strong>domo</strong></span> <span class='ocrx_word' id='word_1_246' title='bbox 1129 2530 1314 2603; x_wconf 84' lang='lat' dir='ltr'><strong>(Prov.</strong></span> <span class='ocrx_word' id='word_1_247' title='bbox 1348 2548 1528 2599; x_wconf 81' lang='lat' dir='ltr'><strong>xxvn,</strong></span> <span class='ocrx_word' id='word_1_248' title='bbox 1562 2532 1672 2603; x_wconf 89' lang='grc'><strong>15).</strong></span> <span class='ocrx_word' id='word_1_249' title='bbox 1732 2534 1890 2589; x_wconf 89' lang='lat' dir='ltr'><strong>Assi-</strong></span> 
     </span>
    </p>
   </div>
   <div class='ocr_carea' id='block_1_30' title="bbox 225 2619 1895 2694">
    <p class='ocr_par' dir='ltr' id='par_1_30' title="bbox 225 2619 1895 2694">
     <span class='ocr_line' id='line_1_30' title="bbox 225 2619 1895 2694; baseline -0.001 -15"><span class='ocrx_word' id='word_1_250' title='bbox 225 2624 360 2679; x_wconf 88' lang='lat' dir='ltr'><strong>duis</strong></span> <span class='ocrx_word' id='word_1_251' title='bbox 391 2622 628 2694; x_wconf 87' lang='lat' dir='ltr'><strong>quippe</strong></span> <span class='ocrx_word' id='word_1_252' title='bbox 652 2619 871 2693; x_wconf 90' lang='lat' dir='ltr'><strong>jurgiis</strong></span> <span class='ocrx_word' id='word_1_253' title='bbox 903 2623 960 2675; x_wconf 91' lang='lat' dir='ltr'><strong>et</strong></span> <span class='ocrx_word' id='word_1_254' title='bbox 987 2619 1335 2691; x_wconf 84' lang='lat' dir='ltr'><strong>quotidiana</strong></span> <span class='ocrx_word' id='word_1_255' title='bbox 1360 2619 1701 2692; x_wconf 80' lang='lat' dir='ltr'><strong>garrulitate</strong></span> <span class='ocrx_word' id='word_1_256' title='bbox 1757 2622 1895 2678; x_wconf 84' lang='lat' dir='ltr'><strong>facit</strong></span> 
     </span>
    </p>
   </div>
   <div class='ocr_carea' id='block_1_31' title="bbox 226 2708 1892 2785">
    <p class='ocr_par' dir='ltr' id='par_1_31' title="bbox 226 2708 1892 2785">
     <span class='ocr_line' id='line_1_31' title="bbox 226 2708 1892 2785; baseline -0.001 -18"><span class='ocrx_word' id='word_1_257' title='bbox 226 2712 522 2785; x_wconf 83' lang='lat' dir='ltr'><strong>perﬂuere</strong></span> <span class='ocrx_word' id='word_1_258' title='bbox 552 2712 575 2745; x_wconf 86' lang='grc'>²</span> <span class='ocrx_word' id='word_1_259' title='bbox 604 2710 852 2765; x_wconf 90' lang='lat' dir='ltr'><strong>domum</strong></span> <span class='ocrx_word' id='word_1_260' title='bbox 884 2708 1033 2780; x_wconf 89' lang='lat' dir='ltr'><strong>ejus,</strong></span> <span class='ocrx_word' id='word_1_261' title='bbox 1058 2712 1115 2764; x_wconf 92' lang='lat' dir='ltr'><strong>et</strong></span> <span class='ocrx_word' id='word_1_262' title='bbox 1143 2708 1322 2778; x_wconf 88' lang='lat' dir='ltr'><strong>ejiciit</strong></span> <span class='ocrx_word' id='word_1_263' title='bbox 1353 2724 1489 2764; x_wconf 89' lang='lat' dir='ltr'><strong>eum</strong></span> <span class='ocrx_word' id='word_1_264' title='bbox 1550 2710 1622 2765; x_wconf 92' lang='lat' dir='ltr'><strong>de</strong></span> <span class='ocrx_word' id='word_1_265' title='bbox 1666 2710 1892 2767; x_wconf 79' lang='lat' dir='ltr'><strong>aedibus</strong></span> 
     </span>
    </p>
   </div>
   <div class='ocr_carea' id='block_1_32' title="bbox 227 2796 1892 2869">
    <p class='ocr_par' dir='ltr' id='par_1_32' title="bbox 227 2796 1892 2869">
     <span class='ocr_line' id='line_1_32' title="bbox 227 2796 1892 2869; baseline -0.001 -13"><span class='ocrx_word' id='word_1_266' title='bbox 227 2802 373 2869; x_wconf 88' lang='lat' dir='ltr'><strong>suis,</strong></span> <span class='ocrx_word' id='word_1_267' title='bbox 404 2800 469 2855; x_wconf 87' lang='lat' dir='ltr'><strong>id</strong></span> <span class='ocrx_word' id='word_1_268' title='bbox 503 2798 699 2855; x_wconf 87' lang='lat' dir='ltr'><strong>estde</strong></span> <span class='ocrx_word' id='word_1_269' title='bbox 729 2797 1004 2853; x_wconf 87' lang='lat' dir='ltr'><strong>Ecclesia.</strong></span> <span class='ocrx_word' id='word_1_270' title='bbox 1040 2796 1201 2852; x_wconf 90' lang='lat' dir='ltr'><strong>Unde</strong></span> <span class='ocrx_word' id='word_1_271' title='bbox 1230 2801 1289 2852; x_wconf 91' lang='lat' dir='ltr'><strong>et</strong></span> <span class='ocrx_word' id='word_1_272' title='bbox 1338 2813 1518 2868; x_wconf 87' lang='lat' dir='ltr'><strong>supra</strong></span> <span class='ocrx_word' id='word_1_273' title='bbox 1568 2799 1640 2853; x_wconf 88' lang='lat' dir='ltr'><strong>ab</strong></span> <span class='ocrx_word' id='word_1_274' title='bbox 1689 2800 1892 2855; x_wconf 89' lang='lat' dir='ltr'><strong>eodem</strong></span> 
     </span>
    </p>
   </div>
   <div class='ocr_carea' id='block_1_33' title="bbox 226 2885 1896 2964">
    <p class='ocr_par' dir='ltr' id='par_1_33' title="bbox 226 2885 1896 2964">
     <span class='ocr_line' id='line_1_33' title="bbox 226 2885 1896 2964; baseline -0.002 -19"><span class='ocrx_word' id='word_1_275' title='bbox 226 2890 555 2945; x_wconf 83' lang='lat' dir='ltr'><strong>Salomone</strong></span> <span class='ocrx_word' id='word_1_276' title='bbox 585 2886 930 2960; x_wconf 73' lang='lat' dir='ltr'><strong>praecipitur</strong></span> <span class='ocrx_word' id='word_1_277' title='bbox 953 2902 966 2939; x_wconf 91' lang='lat'><strong>:</strong></span> <span class='ocrx_word' id='word_1_278' title='bbox 998 2885 1117 2940; x_wconf 87' lang='lat' dir='ltr'><strong>Fili</strong></span> <span class='ocrx_word' id='word_1_279' title='bbox 1142 2901 1214 2940; x_wconf 84' lang='lat' dir='ltr'><strong>ne</strong></span> <span class='ocrx_word' id='word_1_280' title='bbox 1240 2887 1619 2957; x_wconf 79' lang='lat' dir='ltr'><strong>supere/ﬂuas.</strong></span> <span class='ocrx_word' id='word_1_281' title='bbox 1652 2888 1723 2942; x_wconf 91' lang='lat' dir='ltr'><strong>Et</strong></span> <span class='ocrx_word' id='word_1_282' title='bbox 1751 2889 1896 2964; x_wconf 88' lang='lat' dir='ltr'><strong>Apo-</strong></span> 
     </span>
    </p>
   </div>
   <div class='ocr_carea' id='block_1_34' title="bbox 1998 577 3643 650">
    <p class='ocr_par' dir='ltr' id='par_1_34' title="bbox 1998 577 3643 650">
     <span class='ocr_line' id='line_1_34' title="bbox 1998 577 3643 650; baseline 0.004 -19"><span class='ocrx_word' id='word_1_283' title='bbox 1998 577 2198 631; x_wconf 85' lang='lat' dir='ltr'><strong>bonum</strong></span> <span class='ocrx_word' id='word_1_284' title='bbox 2226 579 2428 645; x_wconf 87' lang='lat' dir='ltr'><strong>virum,</strong></span> <span class='ocrx_word' id='word_1_285' title='bbox 2488 587 2541 634; x_wconf 88' lang='lat' dir='ltr'><strong>et</strong></span> <span class='ocrx_word' id='word_1_286' title='bbox 2587 579 2795 634; x_wconf 79' lang='lat' dir='ltr'><strong>ancilla</strong></span> <span class='ocrx_word' id='word_1_287' title='bbox 2841 580 2891 634; x_wconf 89' lang='lat' dir='ltr'><strong>si</strong></span> <span class='ocrx_word' id='word_1_288' title='bbox 2933 580 3120 650; x_wconf 84' lang='lat' dir='ltr'><strong>ejiciat</strong></span> <span class='ocrx_word' id='word_1_289' title='bbox 3166 578 3444 635; x_wconf 89' lang='lat' dir='ltr'><strong>dominam</strong></span> <span class='ocrx_word' id='word_1_290' title='bbox 3483 598 3643 638; x_wconf 87' lang='lat' dir='ltr'><strong>suam</strong></span> 
     </span>
    </p>
   </div>
   <div class='ocr_carea' id='block_1_35' title="bbox 1997 665 3639 743">
    <p class='ocr_par' dir='ltr' id='par_1_35' title="bbox 1997 665 3639 743">
     <span class='ocr_line' id='line_1_35' title="bbox 1997 665 3639 743; baseline 0.004 -24"><span class='ocrx_word' id='word_1_291' title='bbox 1997 665 2155 735; x_wconf 85' lang='lat' dir='ltr'><strong>(Ibid.</strong></span> <span class='ocrx_word' id='word_1_292' title='bbox 2190 666 2251 720; x_wconf 76' lang='grc'><strong>21</strong></span> <span class='ocrx_word' id='word_1_293' title='bbox 2285 668 2475 737; x_wconf 84' lang='lat' dir='ltr'><strong>seqq.).</strong></span> <span class='ocrx_word' id='word_1_294' title='bbox 2508 668 2652 723; x_wconf 87' lang='lat' dir='ltr'><strong>Ecce</strong></span> <span class='ocrx_word' id='word_1_295' title='bbox 2683 672 2741 723; x_wconf 89' lang='lat' dir='ltr'><strong>et</strong></span> <span class='ocrx_word' id='word_1_296' title='bbox 2770 668 2862 723; x_wconf 87' lang='lat' dir='ltr'><strong>hic</strong></span> <span class='ocrx_word' id='word_1_297' title='bbox 2894 667 3046 723; x_wconf 89' lang='lat' dir='ltr'><strong>inter</strong></span> <span class='ocrx_word' id='word_1_298' title='bbox 3075 668 3363 723; x_wconf 90' lang='lat' dir='ltr'><strong>malorum</strong></span> <span class='ocrx_word' id='word_1_299' title='bbox 3409 670 3639 743; x_wconf 90' lang='lat' dir='ltr'><strong>magni-</strong></span> 
     </span>
    </p>
   </div>
   <div class='ocr_carea' id='block_1_36' title="bbox 1996 754 3644 829">
    <p class='ocr_par' dir='ltr' id='par_1_36' title="bbox 1996 754 3644 829">
     <span class='ocr_line' id='line_1_36' title="bbox 1996 754 3644 829; baseline 0.003 -21"><span class='ocrx_word' id='word_1_300' title='bbox 1996 754 2263 809; x_wconf 89' lang='lat' dir='ltr'><strong>tudinem</strong></span> <span class='ocrx_word' id='word_1_301' title='bbox 2296 771 2441 809; x_wconf 83' lang='lat' dir='ltr'><strong>uxor</strong></span> <span class='ocrx_word' id='word_1_302' title='bbox 2472 755 2727 827; x_wconf 89' lang='lat' dir='ltr'><strong>ponitur.</strong></span> <span class='ocrx_word' id='word_1_303' title='bbox 2779 758 2941 821; x_wconf 89' lang='lat' dir='ltr'><strong>Quod</strong></span> <span class='ocrx_word' id='word_1_304' title='bbox 2992 757 3041 812; x_wconf 89' lang='lat' dir='ltr'><strong>si</strong></span> <span class='ocrx_word' id='word_1_305' title='bbox 3087 756 3483 829; x_wconf 88' lang='lat' dir='ltr'><strong>responderis,</strong></span> <span class='ocrx_word' id='word_1_306' title='bbox 3544 759 3644 814; x_wconf 89' lang='lat' dir='ltr'><strong>sed</strong></span> 
     </span>
    </p>
   </div>
   <div class='ocr_carea' id='block_1_37' title="bbox 2000 842 3645 917">
    <p class='ocr_par' dir='ltr' id='par_1_37' title="bbox 2000 842 3645 917">
     <span class='ocr_line' id='line_1_37' title="bbox 2000 842 3645 917; baseline 0.004 -21"><span class='ocrx_word' id='word_1_307' title='bbox 2000 858 2142 898; x_wconf 84' lang='lat' dir='ltr'><strong>uxor</strong></span> <span class='ocrx_word' id='word_1_308' title='bbox 2170 842 2395 913; x_wconf 77' lang='lat' dir='ltr'><strong>odiosa,</strong></span> <span class='ocrx_word' id='word_1_309' title='bbox 2425 844 2617 898; x_wconf 87' lang='lat' dir='ltr'><strong>dicam</strong></span> <span class='ocrx_word' id='word_1_310' title='bbox 2649 845 2757 899; x_wconf 88' lang='lat' dir='ltr'><strong>tibi</strong></span> <span class='ocrx_word' id='word_1_311' title='bbox 2789 845 2943 916; x_wconf 89' lang='lat' dir='ltr'><strong>quod</strong></span> <span class='ocrx_word' id='word_1_312' title='bbox 2976 850 3034 900; x_wconf 91' lang='lat' dir='ltr'><strong>et</strong></span> <span class='ocrx_word' id='word_1_313' title='bbox 3064 862 3262 917; x_wconf 86' lang='lat' dir='ltr'><strong>supra.</strong></span> <span class='ocrx_word' id='word_1_314' title='bbox 3303 846 3478 917; x_wconf 86' lang='lat' dir='ltr'><strong>Atqui</strong></span> <span class='ocrx_word' id='word_1_315' title='bbox 3537 846 3645 902; x_wconf 87' lang='lat' dir='ltr'><strong>hoc</strong></span> 
     </span>
    </p>
   </div>
   <div class='ocr_carea' id='block_1_38' title="bbox 1999 929 3642 1006">
    <p class='ocr_par' dir='ltr' id='par_1_38' title="bbox 1999 929 3642 1006">
     <span class='ocr_line' id='line_1_38' title="bbox 1999 929 3642 1006; baseline 0.003 -21"><span class='ocrx_word' id='word_1_316' title='bbox 1999 929 2323 1001; x_wconf 89' lang='lat' dir='ltr'><strong>periculum</strong></span> <span class='ocrx_word' id='word_1_317' title='bbox 2373 931 2432 985; x_wconf 92' lang='lat' dir='ltr'><strong>in</strong></span> <span class='ocrx_word' id='word_1_318' title='bbox 2476 937 2693 988; x_wconf 88' lang='lat' dir='ltr'><strong>memet</strong></span> <span class='ocrx_word' id='word_1_319' title='bbox 2744 933 2866 988; x_wconf 83' lang='lat' dir='ltr'><strong>fieri</strong></span> <span class='ocrx_word' id='word_1_320' title='bbox 2900 935 2922 967; x_wconf 64' lang='grc' dir='ltr'><strong><em>ι</em></strong></span> <span class='ocrx_word' id='word_1_321' title='bbox 2950 949 3122 1006; x_wconf 84' lang='lat' dir='ltr'><strong>grave</strong></span> <span class='ocrx_word' id='word_1_322' title='bbox 3160 939 3269 989; x_wconf 92' lang='lat' dir='ltr'><strong>est.</strong></span> <span class='ocrx_word' id='word_1_323' title='bbox 3320 934 3429 1000; x_wconf 91' lang='lat' dir='ltr'><strong>Qui</strong></span> <span class='ocrx_word' id='word_1_324' title='bbox 3486 934 3642 991; x_wconf 89' lang='lat' dir='ltr'><strong>enim</strong></span> 
     </span>
    </p>
   </div>
   <div class='ocr_carea' id='block_1_39' title="bbox 1998 1007 3641 1093">
    <p class='ocr_par' dir='ltr' id='par_1_39' title="bbox 1998 1007 3641 1093">
     <span class='ocr_line' id='line_1_39' title="bbox 1998 1007 3641 1093; baseline 0.003 -20"><span class='ocrx_word' id='word_1_325' title='bbox 1998 1007 2160 1074; x_wconf 80' lang='lat' dir='ltr'><strong>ducit</strong></span> <span class='ocrx_word' id='word_1_326' title='bbox 2189 1035 2450 1085; x_wconf 83' lang='lat' dir='ltr'><strong>uxorem,</strong></span> <span class='ocrx_word' id='word_1_327' title='bbox 2480 1020 2541 1075; x_wconf 88' lang='lat' dir='ltr'><strong>in</strong></span> <span class='ocrx_word' id='word_1_328' title='bbox 2572 1021 2849 1093; x_wconf 83' lang='lat' dir='ltr'><strong>ambiguo</strong></span> <span class='ocrx_word' id='word_1_329' title='bbox 2879 1026 2988 1089; x_wconf 87' lang='lat' dir='ltr'><strong>est,</strong></span> <span class='ocrx_word' id='word_1_330' title='bbox 3022 1028 3221 1077; x_wconf 90' lang='lat' dir='ltr'><strong>utrum</strong></span> <span class='ocrx_word' id='word_1_331' title='bbox 3244 1022 3533 1090; x_wconf 88' lang='lat' dir='ltr'><strong>odiosam,</strong></span> <span class='ocrx_word' id='word_1_332' title='bbox 3567 1040 3641 1079; x_wconf 89' lang='lat' dir='ltr'><strong>an</strong></span> 
     </span>
    </p>
   </div>
   <div class='ocr_carea' id='block_1_40' title="bbox 2000 1106 3647 1182">
    <p class='ocr_par' dir='ltr' id='par_1_40' title="bbox 2000 1106 3647 1182">
     <span class='ocr_line' id='line_1_40' title="bbox 2000 1106 3647 1182; baseline 0.003 -20"><span class='ocrx_word' id='word_1_333' title='bbox 2000 1106 2313 1163; x_wconf 85' lang='lat' dir='ltr'><strong>amabilem</strong></span> <span class='ocrx_word' id='word_1_334' title='bbox 2344 1106 2538 1163; x_wconf 89' lang='lat' dir='ltr'><strong>ducat.</strong></span> <span class='ocrx_word' id='word_1_335' title='bbox 2572 1108 2632 1163; x_wconf 90' lang='lat' dir='ltr'><strong>Si</strong></span> <span class='ocrx_word' id='word_1_336' title='bbox 2662 1110 2925 1165; x_wconf 87' lang='lat' dir='ltr'><strong>odiosam</strong></span> <span class='ocrx_word' id='word_1_337' title='bbox 2956 1110 3203 1177; x_wconf 83' lang='lat' dir='ltr'><strong>duxerit,</strong></span> <span class='ocrx_word' id='word_1_338' title='bbox 3236 1110 3371 1166; x_wconf 84' lang='lat' dir='ltr'><strong>ferri</strong></span> <span class='ocrx_word' id='word_1_339' title='bbox 3396 1128 3510 1167; x_wconf 88' lang='lat' dir='ltr'><strong>non</strong></span> <span class='ocrx_word' id='word_1_340' title='bbox 3542 1128 3647 1182; x_wconf 89' lang='lat' dir='ltr'><strong>po-</strong></span> 
     </span>
    </p>
   </div>
   <div class='ocr_carea' id='block_1_41' title="bbox 2007 1194 3647 1264">
    <p class='ocr_par' dir='ltr' id='par_1_41' title="bbox 2007 1194 3647 1264">
     <span class='ocr_line' id='line_1_41' title="bbox 2007 1194 3647 1264; baseline 0.003 -16"><span class='ocrx_word' id='word_1_341' title='bbox 2007 1197 2142 1249; x_wconf 88' lang='lat' dir='ltr'><strong>test.</strong></span> <span class='ocrx_word' id='word_1_342' title='bbox 2179 1194 2239 1250; x_wconf 90' lang='lat' dir='ltr'><strong>Si</strong></span> <span class='ocrx_word' id='word_1_343' title='bbox 2299 1194 2631 1264; x_wconf 87' lang='lat' dir='ltr'><strong>amabilem,</strong></span> <span class='ocrx_word' id='word_1_344' title='bbox 2674 1214 2841 1253; x_wconf 89' lang='lat' dir='ltr'><strong>amor</strong></span> <span class='ocrx_word' id='word_1_345' title='bbox 2885 1197 3046 1254; x_wconf 88' lang='lat' dir='ltr'><strong>illius</strong></span> <span class='ocrx_word' id='word_1_346' title='bbox 3092 1198 3321 1254; x_wconf 84' lang='lat' dir='ltr'><strong>inferno</strong></span> <span class='ocrx_word' id='word_1_347' title='bbox 3359 1203 3417 1254; x_wconf 91' lang='lat' dir='ltr'><strong>et</strong></span> <span class='ocrx_word' id='word_1_348' title='bbox 3461 1200 3647 1255; x_wconf 87' lang='lat' dir='ltr'><strong>arenti</strong></span> 
     </span>
    </p>
   </div>
   <div class='ocr_carea' id='block_1_42' title="bbox 1998 1284 2997 1358">
    <p class='ocr_par' dir='ltr' id='par_1_42' title="bbox 1998 1284 2997 1358">
     <span class='ocr_line' id='line_1_42' title="bbox 1998 1284 2997 1358; baseline 0.004 -21"><span class='ocrx_word' id='word_1_349' title='bbox 1998 1286 2187 1349; x_wconf 68' lang='lat' dir='ltr'><strong>terrae,</strong></span> <span class='ocrx_word' id='word_1_350' title='bbox 2221 1287 2278 1339; x_wconf 91' lang='lat' dir='ltr'><strong>et</strong></span> <span class='ocrx_word' id='word_1_351' title='bbox 2307 1284 2575 1340; x_wconf 90' lang='lat' dir='ltr'><strong>incendio</strong></span> <span class='ocrx_word' id='word_1_352' title='bbox 2606 1291 2997 1358; x_wconf 85' lang='lat' dir='ltr'><strong>comparatur.</strong></span> 
     </span>
    </p>
   </div>
   <div class='ocr_carea' id='block_1_43' title="bbox 2069 1372 3648 1447">
    <p class='ocr_par' dir='ltr' id='par_1_43' title="bbox 2069 1372 3648 1447">
     <span class='ocr_line' id='line_1_43' title="bbox 2069 1372 3648 1447; baseline 0.004 -21"><span class='ocrx_word' id='word_1_353' title='bbox 2069 1375 2159 1426; x_wconf 85' lang='lat'><strong>29.</strong></span> <span class='ocrx_word' id='word_1_354' title='bbox 2190 1372 2471 1445; x_wconf 83' lang='lat' dir='ltr'><strong>Sapientia</strong></span> <span class='ocrx_word' id='word_1_355' title='bbox 2500 1376 2685 1429; x_wconf 85' lang='lat' dir='ltr'><strong>carnis</strong></span> <span class='ocrx_word' id='word_1_356' title='bbox 2714 1385 2765 1430; x_wconf 87' lang='lat' dir='ltr'><strong>et</strong></span> <span class='ocrx_word' id='word_1_357' title='bbox 2795 1377 3039 1447; x_wconf 76' lang='lat' dir='ltr'><strong>spiritus.</strong></span> <span class='ocrx_word' id='word_1_358' title='bbox 3066 1379 3210 1431; x_wconf 84' lang='lat' dir='ltr'><strong>Boni</strong></span> <span class='ocrx_word' id='word_1_359' title='bbox 3236 1377 3409 1432; x_wconf 84' lang='lat' dir='ltr'><strong>creati</strong></span> <span class='ocrx_word' id='word_1_360' title='bbox 3456 1393 3648 1433; x_wconf 85' lang='lat' dir='ltr'><strong>sumus</strong></span> 
     </span>
    </p>
   </div>
   <div class='ocr_carea' id='block_1_44' title="bbox 1998 1463 3648 1536">
    <p class='ocr_par' dir='ltr' id='par_1_44' title="bbox 1998 1463 3648 1536">
     <span class='ocr_line' id='line_1_44' title="bbox 1998 1463 3648 1536; baseline 0.004 -20"><span class='ocrx_word' id='word_1_361' title='bbox 1998 1476 2031 1516; x_wconf 92' lang='lat' dir='ltr'><strong>a</strong></span> <span class='ocrx_word' id='word_1_362' title='bbox 2059 1463 2206 1521; x_wconf 88' lang='lat' dir='ltr'><strong>Deo:</strong></span> <span class='ocrx_word' id='word_1_363' title='bbox 2259 1464 2389 1518; x_wconf 79' lang='lat' dir='ltr'><strong>vitio</strong></span> <span class='ocrx_word' id='word_1_364' title='bbox 2437 1468 2619 1519; x_wconf 88' lang='lat' dir='ltr'><strong>nostro</strong></span> <span class='ocrx_word' id='word_1_365' title='bbox 2663 1465 2831 1536; x_wconf 83' lang='lat' dir='ltr'><strong>lapsi.</strong></span> <span class='ocrx_word' id='word_1_366' title='bbox 2864 1465 3277 1521; x_wconf 84' lang='lat' dir='ltr'><strong>—Veniamus</strong></span> <span class='ocrx_word' id='word_1_367' title='bbox 3328 1467 3399 1521; x_wconf 87' lang='lat' dir='ltr'><strong>ad</strong></span> <span class='ocrx_word' id='word_1_368' title='bbox 3449 1465 3648 1523; x_wconf 83' lang='lat' dir='ltr'><strong>Eccle-</strong></span> 
     </span>
    </p>
   </div>
   <div class='ocr_carea' id='block_1_45' title="bbox 2000 1551 3749 1627">
    <p class='ocr_par' dir='ltr' id='par_1_45' title="bbox 2000 1551 3749 1627">
     <span class='ocr_line' id='line_1_45' title="bbox 2000 1551 3749 1627; baseline 0.006 -22"><span class='ocrx_word' id='word_1_369' title='bbox 2000 1551 2244 1618; x_wconf 85' lang='lat' dir='ltr'><strong>siasten,</strong></span> <span class='ocrx_word' id='word_1_370' title='bbox 2298 1552 2370 1607; x_wconf 91' lang='lat' dir='ltr'><strong>de</strong></span> <span class='ocrx_word' id='word_1_371' title='bbox 2419 1552 2547 1624; x_wconf 89' lang='lat' dir='ltr'><strong>ipso</strong></span> <span class='ocrx_word' id='word_1_372' title='bbox 2593 1569 2829 1625; x_wconf 90' lang='lat' dir='ltr'><strong>quoque</strong></span> <span class='ocrx_word' id='word_1_373' title='bbox 2884 1570 3069 1624; x_wconf 87' lang='lat' dir='ltr'><strong>pauca</strong></span> <span class='ocrx_word' id='word_1_374' title='bbox 3140 1554 3481 1611; x_wconf 89' lang='lat' dir='ltr'><strong>testimonia</strong></span> <span class='ocrx_word' id='word_1_375' title='bbox 3543 1571 3646 1627; x_wconf 93' lang='lat' dir='ltr'><strong>po-</strong></span> <span class='ocrx_word' id='word_1_376' title='bbox 3742 1614 3749 1615; x_wconf 62' lang='lat'><strong><em>,</em></strong></span> 
     </span>
    </p>
   </div>
   <div class='ocr_carea' id='block_1_46' title="bbox 2001 1640 3653 1716">
    <p class='ocr_par' dir='ltr' id='par_1_46' title="bbox 2001 1640 3653 1716">
     <span class='ocr_line' id='line_1_46' title="bbox 2001 1640 3653 1716; baseline 0.003 -22"><span class='ocrx_word' id='word_1_377' title='bbox 2001 1644 2244 1695; x_wconf 86' lang='lat' dir='ltr'><strong>nentes:</strong></span> <span class='ocrx_word' id='word_1_378' title='bbox 2297 1640 2561 1696; x_wconf 80' lang='lat' dir='ltr'><strong>Omnibus</strong></span> <span class='ocrx_word' id='word_1_379' title='bbox 2610 1646 2822 1714; x_wconf 79' lang='lat' dir='ltr'><strong>tempus</strong></span> <span class='ocrx_word' id='word_1_380' title='bbox 2859 1648 2961 1712; x_wconf 89' lang='lat' dir='ltr'><strong>est,</strong></span> <span class='ocrx_word' id='word_1_381' title='bbox 3008 1648 3058 1698; x_wconf 89' lang='lat' dir='ltr'><strong>et</strong></span> <span class='ocrx_word' id='word_1_382' title='bbox 3099 1652 3311 1716; x_wconf 82' lang='lat' dir='ltr'><strong>tempus</strong></span> <span class='ocrx_word' id='word_1_383' title='bbox 3351 1647 3501 1699; x_wconf 89' lang='lat' dir='ltr'><strong>omni</strong></span> <span class='ocrx_word' id='word_1_384' title='bbox 3567 1645 3653 1699; x_wconf 87' lang='lat' dir='ltr'><strong>rei</strong></span> 
     </span>
    </p>
   </div>
   <div class='ocr_carea' id='block_1_47' title="bbox 1997 1728 3644 1804">
    <p class='ocr_par' dir='ltr' id='par_1_47' title="bbox 1997 1728 3644 1804">
     <span class='ocr_line' id='line_1_47' title="bbox 1997 1728 3644 1804; baseline 0.002 -22"><span class='ocrx_word' id='word_1_385' title='bbox 1997 1728 2096 1783; x_wconf 88' lang='lat' dir='ltr'><strong>sub</strong></span> <span class='ocrx_word' id='word_1_386' title='bbox 2143 1729 2292 1789; x_wconf 61' lang='lat' dir='ltr'><strong>calo.</strong></span> <span class='ocrx_word' id='word_1_387' title='bbox 2347 1730 2569 1801; x_wconf 82' lang='lat' dir='ltr'><strong>Tempus</strong></span> <span class='ocrx_word' id='word_1_388' title='bbox 2632 1730 2907 1802; x_wconf 86' lang='lat' dir='ltr'><strong>pariendi,</strong></span> <span class='ocrx_word' id='word_1_389' title='bbox 2966 1739 3019 1786; x_wconf 84' lang='lat' dir='ltr'><strong>et</strong></span> <span class='ocrx_word' id='word_1_390' title='bbox 3072 1740 3282 1804; x_wconf 82' lang='lat' dir='ltr'><strong>tempus</strong></span> <span class='ocrx_word' id='word_1_391' title='bbox 3345 1730 3644 1799; x_wconf 87' lang='lat' dir='ltr'><strong>moriendi,</strong></span> 
     </span>
    </p>
   </div>
   <div class='ocr_carea' id='block_1_48' title="bbox 1999 1818 3643 1892">
    <p class='ocr_par' dir='ltr' id='par_1_48' title="bbox 1999 1818 3643 1892">
     <span class='ocr_line' id='line_1_48' title="bbox 1999 1818 3643 1892; baseline 0.002 -21"><span class='ocrx_word' id='word_1_392' title='bbox 1999 1826 2210 1888; x_wconf 86' lang='lat' dir='ltr'><strong>tempus</strong></span> <span class='ocrx_word' id='word_1_393' title='bbox 2260 1818 2572 1888; x_wconf 86' lang='lat' dir='ltr'><strong>plantandi,</strong></span> <span class='ocrx_word' id='word_1_394' title='bbox 2612 1822 2663 1873; x_wconf 86' lang='lat' dir='ltr'><strong>et</strong></span> <span class='ocrx_word' id='word_1_395' title='bbox 2722 1827 2930 1891; x_wconf 84' lang='lat' dir='ltr'><strong>tempus</strong></span> <span class='ocrx_word' id='word_1_396' title='bbox 2974 1819 3242 1876; x_wconf 89' lang='lat' dir='ltr'><strong>evellendi</strong></span> <span class='ocrx_word' id='word_1_397' title='bbox 3288 1820 3429 1892; x_wconf 88' lang='lat' dir='ltr'><strong>quod</strong></span> <span class='ocrx_word' id='word_1_398' title='bbox 3473 1819 3643 1892; x_wconf 85' lang='lat' dir='ltr'><strong>plan-</strong></span> 
     </span>
    </p>
   </div>
   <div class='ocr_carea' id='block_1_49' title="bbox 2001 1906 3639 1983">
    <p class='ocr_par' dir='ltr' id='par_1_49' title="bbox 2001 1906 3639 1983">
     <span class='ocr_line' id='line_1_49' title="bbox 2001 1906 3639 1983; baseline 0.002 -23"><span class='ocrx_word' id='word_1_399' title='bbox 2001 1909 2177 1961; x_wconf 89' lang='lat' dir='ltr'><strong>tatum</strong></span> <span class='ocrx_word' id='word_1_400' title='bbox 2206 1910 2284 1961; x_wconf 87' lang='lat' dir='ltr'><strong>est</strong></span> <span class='ocrx_word' id='word_1_401' title='bbox 2301 1906 2491 1978; x_wconf 89' lang='lat' dir='ltr'><strong>(Eccle.</strong></span> <span class='ocrx_word' id='word_1_402' title='bbox 2527 1924 2611 1963; x_wconf 86' lang='lat' dir='ltr'><strong>m.</strong></span> <span class='ocrx_word' id='word_1_403' title='bbox 2643 1914 2662 1963; x_wconf 78' lang='grc'><strong>1</strong></span> <span class='ocrx_word' id='word_1_404' title='bbox 2696 1909 2885 1980; x_wconf 74' lang='lat' dir='ltr'><strong>seqq.).</strong></span> <span class='ocrx_word' id='word_1_405' title='bbox 2909 1908 3247 1981; x_wconf 90' lang='lat' dir='ltr'><strong>Peperimus</strong></span> <span class='ocrx_word' id='word_1_406' title='bbox 3268 1909 3326 1964; x_wconf 88' lang='lat' dir='ltr'><strong>in</strong></span> <span class='ocrx_word' id='word_1_407' title='bbox 3360 1908 3486 1983; x_wconf 85' lang='lat' dir='ltr'><strong>lege</strong></span> <span class='ocrx_word' id='word_1_408' title='bbox 3504 1924 3639 1963; x_wconf 91' lang='lat' dir='ltr'><strong>cum</strong></span> 
     </span>
    </p>
   </div>
   <div class='ocr_carea' id='block_1_50' title="bbox 1999 1995 3639 2069">
    <p class='ocr_par' dir='ltr' id='par_1_50' title="bbox 1999 1995 3639 2069">
     <span class='ocr_line' id='line_1_50' title="bbox 1999 1995 3639 2069; baseline 0.002 -20"><span class='ocrx_word' id='word_1_409' title='bbox 1999 1998 2213 2066; x_wconf 81' lang='lat' dir='ltr'><strong>Moyse,</strong></span> <span class='ocrx_word' id='word_1_410' title='bbox 2244 1995 2568 2051; x_wconf 88' lang='lat' dir='ltr'><strong>moriamur</strong></span> <span class='ocrx_word' id='word_1_411' title='bbox 2594 1995 2655 2050; x_wconf 89' lang='lat' dir='ltr'><strong>in</strong></span> <span class='ocrx_word' id='word_1_412' title='bbox 2686 1996 2994 2069; x_wconf 88' lang='lat' dir='ltr'><strong>Evangelio</strong></span> <span class='ocrx_word' id='word_1_413' title='bbox 3017 2014 3149 2054; x_wconf 88' lang='lat' dir='ltr'><strong>cum</strong></span> <span class='ocrx_word' id='word_1_414' title='bbox 3181 1998 3430 2054; x_wconf 87' lang='lat' dir='ltr'><strong>Christo.</strong></span> <span class='ocrx_word' id='word_1_415' title='bbox 3462 1996 3639 2052; x_wconf 89' lang='lat' dir='ltr'><strong>Plan-</strong></span> 
     </span>
    </p>
   </div>
   <div class='ocr_carea' id='block_1_51' title="bbox 1999 2083 3648 2159">
    <p class='ocr_par' dir='ltr' id='par_1_51' title="bbox 1999 2083 3648 2159">
     <span class='ocr_line' id='line_1_51' title="bbox 1999 2083 3648 2159; baseline 0.001 -20"><span class='ocrx_word' id='word_1_416' title='bbox 1999 2085 2255 2140; x_wconf 85' lang='lat' dir='ltr'><strong>tavimus</strong></span> <span class='ocrx_word' id='word_1_417' title='bbox 2285 2084 2346 2138; x_wconf 92' lang='lat' dir='ltr'><strong>in</strong></span> <span class='ocrx_word' id='word_1_418' title='bbox 2377 2084 2622 2157; x_wconf 85' lang='lat' dir='ltr'><strong>nuptiis,</strong></span> <span class='ocrx_word' id='word_1_419' title='bbox 2652 2083 2971 2141; x_wconf 88' lang='lat' dir='ltr'><strong>evellamus</strong></span> <span class='ocrx_word' id='word_1_420' title='bbox 3001 2101 3106 2158; x_wconf 89' lang='lat' dir='ltr'><strong>per</strong></span> <span class='ocrx_word' id='word_1_421' title='bbox 3126 2087 3468 2159; x_wconf 87' lang='lat' dir='ltr'><strong>pudicitiam</strong></span> <span class='ocrx_word' id='word_1_422' title='bbox 3493 2087 3648 2158; x_wconf 93' lang='lat' dir='ltr'><strong>quod</strong></span> 
     </span>
    </p>
   </div>
   <div class='ocr_carea' id='block_1_52' title="bbox 2000 2171 3649 2246">
    <p class='ocr_par' dir='ltr' id='par_1_52' title="bbox 2000 2171 3649 2246">
     <span class='ocr_line' id='line_1_52' title="bbox 2000 2171 3649 2246; baseline 0.002 -20"><span class='ocrx_word' id='word_1_423' title='bbox 2000 2171 2330 2245; x_wconf 86' lang='lat' dir='ltr'><strong>plantatum</strong></span> <span class='ocrx_word' id='word_1_424' title='bbox 2362 2177 2470 2228; x_wconf 88' lang='lat' dir='ltr'><strong>est.</strong></span> <span class='ocrx_word' id='word_1_425' title='bbox 2505 2174 2726 2245; x_wconf 87' lang='lat' dir='ltr'><strong>Tempus</strong></span> <span class='ocrx_word' id='word_1_426' title='bbox 2753 2175 3126 2245; x_wconf 74' lang='lat' dir='ltr'><strong>amplexandi,</strong></span> <span class='ocrx_word' id='word_1_427' title='bbox 3160 2184 3211 2230; x_wconf 87' lang='lat' dir='ltr'><strong>et</strong></span> <span class='ocrx_word' id='word_1_428' title='bbox 3237 2180 3446 2246; x_wconf 86' lang='lat' dir='ltr'><strong>tempus</strong></span> <span class='ocrx_word' id='word_1_429' title='bbox 3488 2177 3649 2242; x_wconf 85' lang='lat' dir='ltr'><strong>longe</strong></span> 
     </span>
    </p>
   </div>
   <div class='ocr_carea' id='block_1_53' title="bbox 2007 2262 3644 2335">
    <p class='ocr_par' dir='ltr' id='par_1_53' title="bbox 2007 2262 3644 2335">
     <span class='ocr_line' id='line_1_53' title="bbox 2007 2262 3644 2335; baseline 0.002 -18"><span class='ocrx_word' id='word_1_430' title='bbox 2007 2263 2125 2317; x_wconf 72' lang='lat' dir='ltr'><strong>ﬁeri</strong></span> <span class='ocrx_word' id='word_1_431' title='bbox 2154 2263 2223 2315; x_wconf 89' lang='lat' dir='ltr'><strong>ab</strong></span> <span class='ocrx_word' id='word_1_432' title='bbox 2253 2262 2531 2332; x_wconf 75' lang='lat' dir='ltr'><strong>amplexu.</strong></span> <span class='ocrx_word' id='word_1_433' title='bbox 2564 2262 2784 2333; x_wconf 84' lang='lat' dir='ltr'><strong>Tempus</strong></span> <span class='ocrx_word' id='word_1_434' title='bbox 2812 2265 3067 2329; x_wconf 87' lang='lat' dir='ltr'><strong>amandi,</strong></span> <span class='ocrx_word' id='word_1_435' title='bbox 3098 2266 3149 2319; x_wconf 89' lang='lat' dir='ltr'><strong>et</strong></span> <span class='ocrx_word' id='word_1_436' title='bbox 3175 2272 3385 2335; x_wconf 87' lang='lat' dir='ltr'><strong>tempus</strong></span> <span class='ocrx_word' id='word_1_437' title='bbox 3401 2263 3644 2322; x_wconf 74' lang='lat' dir='ltr'><strong>adtendi.</strong></span> 
     </span>
    </p>
   </div>
   <div class='ocr_carea' id='block_1_54' title="bbox 2008 2350 3641 2429">
    <p class='ocr_par' dir='ltr' id='par_1_54' title="bbox 2008 2350 3641 2429">
     <span class='ocr_line' id='line_1_54' title="bbox 2008 2350 3641 2429; baseline 0.004 -24"><span class='ocrx_word' id='word_1_438' title='bbox 2008 2353 2238 2422; x_wconf 82' lang='lat' dir='ltr'><strong>Tempus</strong></span> <span class='ocrx_word' id='word_1_439' title='bbox 2268 2350 2398 2405; x_wconf 86' lang='lat' dir='ltr'><strong>belli</strong></span> <span class='ocrx_word' id='word_1_440' title='bbox 2427 2358 2482 2406; x_wconf 91' lang='lat' dir='ltr'><strong>et</strong></span> <span class='ocrx_word' id='word_1_441' title='bbox 2510 2354 2717 2423; x_wconf 86' lang='lat' dir='ltr'><strong>tempus</strong></span> <span class='ocrx_word' id='word_1_442' title='bbox 2741 2351 2896 2422; x_wconf 86' lang='lat' dir='ltr'><strong>pacis</strong></span> <span class='ocrx_word' id='word_1_443' title='bbox 2924 2351 3083 2422; x_wconf 83' lang='lat' dir='ltr'><strong>(Ibid.</strong></span> <span class='ocrx_word' id='word_1_444' title='bbox 3111 2355 3166 2419; x_wconf 83' lang='lat'><strong>5,</strong></span> <span class='ocrx_word' id='word_1_445' title='bbox 3199 2353 3278 2425; x_wconf 87' lang='lat'><strong>8).</strong></span> <span class='ocrx_word' id='word_1_446' title='bbox 3334 2353 3641 2429; x_wconf 89' lang='lat' dir='ltr'><strong>Simulque</strong></span> 
     </span>
    </p>
   </div>
   <div class='ocr_carea' id='block_1_55' title="bbox 2001 2439 3643 2516">
    <p class='ocr_par' dir='ltr' id='par_1_55' title="bbox 2001 2439 3643 2516">
     <span class='ocr_line' id='line_1_55' title="bbox 2001 2439 3643 2516; baseline 0.005 -22"><span class='ocrx_word' id='word_1_447' title='bbox 2001 2455 2109 2496; x_wconf 89' lang='lat' dir='ltr'><strong>nos</strong></span> <span class='ocrx_word' id='word_1_448' title='bbox 2140 2443 2490 2507; x_wconf 88' lang='lat' dir='ltr'><strong>commonet,</strong></span> <span class='ocrx_word' id='word_1_449' title='bbox 2513 2456 2586 2495; x_wconf 92' lang='lat' dir='ltr'><strong>ne</strong></span> <span class='ocrx_word' id='word_1_450' title='bbox 2617 2439 2805 2512; x_wconf 85' lang='lat' dir='ltr'><strong>legem</strong></span> <span class='ocrx_word' id='word_1_451' title='bbox 2852 2441 3164 2513; x_wconf 88' lang='lat' dir='ltr'><strong>Evangelio</strong></span> <span class='ocrx_word' id='word_1_452' title='bbox 3222 2444 3643 2516; x_wconf 69' lang='lat' dir='ltr'><strong>praeferamus;</strong></span> 
     </span>
    </p>
   </div>
   <div class='ocr_carea' id='block_1_56' title="bbox 2002 2527 3653 2605">
    <p class='ocr_par' dir='ltr' id='par_1_56' title="bbox 2002 2527 3653 2605">
     <span class='ocr_line' id='line_1_56' title="bbox 2002 2527 3653 2605; baseline 0.003 -20"><span class='ocrx_word' id='word_1_453' title='bbox 2002 2545 2110 2585; x_wconf 88' lang='lat' dir='ltr'><strong>nec</strong></span> <span class='ocrx_word' id='word_1_454' title='bbox 2141 2529 2452 2600; x_wconf 87' lang='lat' dir='ltr'><strong>puritatem</strong></span> <span class='ocrx_word' id='word_1_455' title='bbox 2467 2527 2842 2601; x_wconf 87' lang='lat' dir='ltr'><strong>virginitatis,</strong></span> <span class='ocrx_word' id='word_1_456' title='bbox 2864 2529 3089 2601; x_wconf 89' lang='lat' dir='ltr'><strong>nuptiis</strong></span> <span class='ocrx_word' id='word_1_457' title='bbox 3111 2534 3385 2601; x_wconf 86' lang='lat' dir='ltr'><strong>putemus</strong></span> <span class='ocrx_word' id='word_1_458' title='bbox 3412 2550 3653 2605; x_wconf 67' lang='lat' dir='ltr'><strong>aequan-</strong></span> 
     </span>
    </p>
   </div>
   <div class='ocr_carea' id='block_1_57' title="bbox 2003 2618 3647 2692">
    <p class='ocr_par' dir='ltr' id='par_1_57' title="bbox 2003 2618 3647 2692">
     <span class='ocr_line' id='line_1_57' title="bbox 2003 2618 3647 2692; baseline 0.003 -18"><span class='ocrx_word' id='word_1_459' title='bbox 2003 2619 2175 2674; x_wconf 89' lang='lat' dir='ltr'><strong>dam:</strong></span> <span class='ocrx_word' id='word_1_460' title='bbox 2221 2618 2445 2672; x_wconf 81' lang='lat' dir='ltr'><strong>Meliora</strong></span> <span class='ocrx_word' id='word_1_461' title='bbox 2508 2626 2636 2673; x_wconf 90' lang='lat' dir='ltr'><strong>sunt</strong></span> <span class='ocrx_word' id='word_1_462' title='bbox 2697 2618 2917 2689; x_wconf 86' lang='lat' dir='ltr'><strong>dicens,</strong></span> <span class='ocrx_word' id='word_1_463' title='bbox 2982 2621 3280 2676; x_wconf 85' lang='lat' dir='ltr'><strong>novissima</strong></span> <span class='ocrx_word' id='word_1_464' title='bbox 3353 2626 3647 2692; x_wconf 86' lang='lat' dir='ltr'><strong>sermonis,</strong></span> 
     </span>
    </p>
   </div>
   <div class='ocr_carea' id='block_1_58' title="bbox 2002 2707 3650 2781">
    <p class='ocr_par' dir='ltr' id='par_1_58' title="bbox 2002 2707 3650 2781">
     <span class='ocr_line' id='line_1_58' title="bbox 2002 2707 3650 2781; baseline 0.002 -18"><span class='ocrx_word' id='word_1_465' title='bbox 2002 2724 2165 2779; x_wconf 86' lang='lat' dir='ltr'><strong>quam</strong></span> <span class='ocrx_word' id='word_1_466' title='bbox 2194 2707 2417 2762; x_wconf 86' lang='lat' dir='ltr'><strong>initium</strong></span> <span class='ocrx_word' id='word_1_467' title='bbox 2452 2708 2570 2779; x_wconf 87' lang='lat' dir='ltr'><strong>ejus</strong></span> <span class='ocrx_word' id='word_1_468' title='bbox 2625 2707 2820 2777; x_wconf 89' lang='lat' dir='ltr'><strong>(Eccle.</strong></span> <span class='ocrx_word' id='word_1_469' title='bbox 2870 2724 2971 2774; x_wconf 86' lang='lat' dir='ltr'><strong>vn,</strong></span> <span class='ocrx_word' id='word_1_470' title='bbox 3021 2707 3098 2777; x_wconf 87' lang='lat'><strong>9).</strong></span> <span class='ocrx_word' id='word_1_471' title='bbox 3133 2707 3461 2781; x_wconf 87' lang='lat' dir='ltr'><strong>Statimque</strong></span> <span class='ocrx_word' id='word_1_472' title='bbox 3508 2712 3650 2767; x_wconf 84' lang='lat' dir='ltr'><strong>sub-</strong></span> 
     </span>
    </p>
   </div>
   <div class='ocr_carea' id='block_1_59' title="bbox 1995 2795 3654 2871">
    <p class='ocr_par' dir='ltr' id='par_1_59' title="bbox 1995 2795 3654 2871">
     <span class='ocr_line' id='line_1_59' title="bbox 1995 2795 3654 2871; baseline 0.003 -20"><span class='ocrx_word' id='word_1_473' title='bbox 1995 2796 2226 2869; x_wconf 86' lang='lat' dir='ltr'><strong>jungit:</strong></span> <span class='ocrx_word' id='word_1_474' title='bbox 2260 2797 2335 2851; x_wconf 89' lang='lat' dir='ltr'><strong>Ne</strong></span> <span class='ocrx_word' id='word_1_475' title='bbox 2358 2796 2591 2863; x_wconf 76' lang='lat' dir='ltr'><strong>dixeris,</strong></span> <span class='ocrx_word' id='word_1_476' title='bbox 2622 2795 2754 2867; x_wconf 86' lang='lat' dir='ltr'><strong>quid</strong></span> <span class='ocrx_word' id='word_1_477' title='bbox 2775 2798 2983 2867; x_wconf 80' lang='lat' dir='ltr'><strong>factum</strong></span> <span class='ocrx_word' id='word_1_478' title='bbox 3012 2805 3109 2861; x_wconf 89' lang='lat' dir='ltr'><strong>est,</strong></span> <span class='ocrx_word' id='word_1_479' title='bbox 3141 2798 3273 2867; x_wconf 87' lang='lat' dir='ltr'><strong>quia</strong></span> <span class='ocrx_word' id='word_1_480' title='bbox 3301 2797 3414 2853; x_wconf 89' lang='lat' dir='ltr'><strong>dies</strong></span> <span class='ocrx_word' id='word_1_481' title='bbox 3439 2802 3654 2871; x_wconf 87' lang='lat' dir='ltr'><strong>priores</strong></span> 
     </span>
    </p>
   </div>
   <div class='ocr_carea' id='block_1_60' title="bbox 2001 2884 3647 2957">
    <p class='ocr_par' dir='ltr' id='par_1_60' title="bbox 2001 2884 3647 2957">
     <span class='ocr_line' id='line_1_60' title="bbox 2001 2884 3647 2957; baseline 0.001 -16"><span class='ocrx_word' id='word_1_482' title='bbox 2001 2886 2253 2941; x_wconf 90' lang='lat' dir='ltr'><strong>meliores</strong></span> <span class='ocrx_word' id='word_1_483' title='bbox 2283 2892 2463 2951; x_wconf 84' lang='lat' dir='ltr'><strong>erant,</strong></span> <span class='ocrx_word' id='word_1_484' title='bbox 2502 2900 2669 2956; x_wconf 88' lang='lat' dir='ltr'><strong>quam</strong></span> <span class='ocrx_word' id='word_1_485' title='bbox 2695 2884 2799 2938; x_wconf 84' lang='lat' dir='ltr'><strong>hi?</strong></span> <span class='ocrx_word' id='word_1_486' title='bbox 2831 2885 2970 2952; x_wconf 86' lang='lat' dir='ltr'><strong>Quia</strong></span> <span class='ocrx_word' id='word_1_487' title='bbox 2996 2900 3109 2940; x_wconf 83' lang='lat' dir='ltr'><strong>non</strong></span> <span class='ocrx_word' id='word_1_488' title='bbox 3155 2888 3431 2957; x_wconf 85' lang='lat' dir='ltr'><strong>sapienter</strong></span> <span class='ocrx_word' id='word_1_489' title='bbox 3476 2889 3647 2944; x_wconf 87' lang='lat' dir='ltr'><strong>inter-</strong></span> 
     </span>
    </p>
   </div>
   <div class='ocr_carea' id='block_1_61' title="bbox 229 2971 3655 3047">
    <p class='ocr_par' dir='ltr' id='par_1_61' title="bbox 229 2971 3655 3047">
     <span class='ocr_line' id='line_1_61' title="bbox 229 2971 3655 3047; baseline -0 -14"><span class='ocrx_word' id='word_1_490' title='bbox 229 2977 418 3033; x_wconf 86' lang='lat' dir='ltr'><strong>stolus</strong></span> <span class='ocrx_word' id='word_1_491' title='bbox 485 2977 563 3031; x_wconf 87' lang='lat' dir='ltr'><strong>ad</strong></span> <span class='ocrx_word' id='word_1_492' title='bbox 634 2975 929 3030; x_wconf 66' lang='lat' dir='ltr'><strong>Hebrzeos.</strong></span> <span class='ocrx_word' id='word_1_493' title='bbox 993 2977 1287 3045; x_wconf 86' lang='lat' dir='ltr'><strong>Propterea</strong></span> <span class='ocrx_word' id='word_1_494' title='bbox 1344 2974 1558 3046; x_wconf 88' lang='lat' dir='ltr'><strong>inquit,</strong></span> <span class='ocrx_word' id='word_1_495' title='bbox 1642 2975 1894 3032; x_wconf 88' lang='lat' dir='ltr'><strong>debemus</strong></span> <span class='ocrx_word' id='word_1_496' title='bbox 2002 2975 2208 3045; x_wconf 88' lang='lat' dir='ltr'><strong>rogasti</strong></span> <span class='ocrx_word' id='word_1_497' title='bbox 2236 2973 2300 3028; x_wconf 89' lang='lat' dir='ltr'><strong>de</strong></span> <span class='ocrx_word' id='word_1_498' title='bbox 2336 2975 2434 3029; x_wconf 88' lang='lat' dir='ltr'><strong>hoc</strong></span> <span class='ocrx_word' id='word_1_499' title='bbox 2466 2971 2621 3038; x_wconf 88' lang='lat' dir='ltr'><strong>(Ibid.</strong></span> <span class='ocrx_word' id='word_1_500' title='bbox 2666 2974 2789 3041; x_wconf 87' lang='grc'>11);</span> <span class='ocrx_word' id='word_1_501' title='bbox 2831 2977 2888 3028; x_wconf 90' lang='lat' dir='ltr'><strong>et</strong></span> <span class='ocrx_word' id='word_1_502' title='bbox 2935 2973 3125 3029; x_wconf 87' lang='lat' dir='ltr'><strong>reddit</strong></span> <span class='ocrx_word' id='word_1_503' title='bbox 3174 2990 3411 3031; x_wconf 88' lang='lat' dir='ltr'><strong>causam</strong></span> <span class='ocrx_word' id='word_1_504' title='bbox 3473 2992 3655 3047; x_wconf 89' lang='lat' dir='ltr'><strong>quare</strong></span> 
     </span>
    </p>
   </div>
   <div class='ocr_carea' id='block_1_62' title="bbox 230 3047 3657 3136">
    <p class='ocr_par' dir='ltr' id='par_1_62' title="bbox 230 3047 3657 3136">
     <span class='ocr_line' id='line_1_62' title="bbox 230 3047 3657 3136; baseline 0 -16"><span class='ocrx_word' id='word_1_505' title='bbox 230 3066 527 3122; x_wconf 73' lang='lat' dir='ltr'><strong>intendere</strong></span> <span class='ocrx_word' id='word_1_506' title='bbox 556 3063 812 3132; x_wconf 82' lang='lat' dir='ltr'><strong>amplius</strong></span> <span class='ocrx_word' id='word_1_507' title='bbox 840 3063 925 3117; x_wconf 90' lang='lat' dir='ltr'><strong>his</strong></span> <span class='ocrx_word' id='word_1_508' title='bbox 950 3076 1075 3134; x_wconf 71' lang='lat' dir='ltr'><strong>quae</strong></span> <span class='ocrx_word' id='word_1_509' title='bbox 1097 3062 1377 3128; x_wconf 87' lang='lat' dir='ltr'><strong>dicuntur,</strong></span> <span class='ocrx_word' id='word_1_510' title='bbox 1407 3065 1630 3134; x_wconf 83' lang='lat' dir='ltr'><strong>neforte</strong></span> <span class='ocrx_word' id='word_1_511' title='bbox 1648 3067 1892 3136; x_wconf 81' lang='lat' dir='ltr'><strong>superef-</strong></span> <span class='ocrx_word' id='word_1_512' title='bbox 1923 3047 1965 3113; x_wconf 86' lang='lat' dir='ltr'><strong>C</strong></span> <span class='ocrx_word' id='word_1_513' title='bbox 2004 3062 2129 3119; x_wconf 92' lang='lat' dir='ltr'><strong>dies</strong></span> <span class='ocrx_word' id='word_1_514' title='bbox 2152 3061 2500 3134; x_wconf 86' lang='lat' dir='ltr'><strong>posteriores</strong></span> <span class='ocrx_word' id='word_1_515' title='bbox 2531 3060 2803 3118; x_wconf 87' lang='lat' dir='ltr'><strong>meliores</strong></span> <span class='ocrx_word' id='word_1_516' title='bbox 2833 3061 2952 3118; x_wconf 91' lang='lat' dir='ltr'><strong>sint</strong></span> <span class='ocrx_word' id='word_1_517' title='bbox 2981 3078 3157 3135; x_wconf 88' lang='lat' dir='ltr'><strong>quam</strong></span> <span class='ocrx_word' id='word_1_518' title='bbox 3204 3064 3425 3135; x_wconf 89' lang='lat' dir='ltr'><strong>priores</strong></span> <span class='ocrx_word' id='word_1_519' title='bbox 3454 3081 3466 3120; x_wconf 90' lang='lat'><strong>:</strong></span> <span class='ocrx_word' id='word_1_520' title='bbox 3514 3066 3657 3134; x_wconf 81' lang='lat' dir='ltr'><strong>Quia</strong></span> 
     </span>
    </p>
   </div>
   <div class='ocr_carea' id='block_1_63' title="bbox 168 3149 1896 3223">
    <p class='ocr_par' dir='ltr' id='par_1_63' title="bbox 168 3149 1896 3223">
     <span class='ocr_line' id='line_1_63' title="bbox 168 3149 1896 3223; baseline 0 -14"><span class='ocrx_word' id='word_1_521' title='bbox 168 3169 183 3186; x_wconf 86' lang='grc'><strong>·</strong></span> <span class='ocrx_word' id='word_1_522' title='bbox 226 3155 469 3223; x_wconf 73' lang='lat' dir='ltr'><strong>{luamus</strong></span> <span class='ocrx_word' id='word_1_523' title='bbox 500 3152 691 3222; x_wconf 83' lang='lat' dir='ltr'><strong>(Hebr.</strong></span> <span class='ocrx_word' id='word_1_524' title='bbox 719 3169 782 3217; x_wconf 82' lang='grc' dir='ltr'><strong>η,</strong></span> <span class='ocrx_word' id='word_1_525' title='bbox 812 3153 885 3223; x_wconf 90' lang='grc'><strong>1).</strong></span> <span class='ocrx_word' id='word_1_526' title='bbox 907 3149 1055 3206; x_wconf 88' lang='lat' dir='ltr'><strong>Illud</strong></span> <span class='ocrx_word' id='word_1_527' title='bbox 1070 3166 1205 3206; x_wconf 87' lang='lat' dir='ltr'><strong>vero</strong></span> <span class='ocrx_word' id='word_1_528' title='bbox 1218 3150 1350 3222; x_wconf 90' lang='lat' dir='ltr'><strong>quis</strong></span> <span class='ocrx_word' id='word_1_529' title='bbox 1375 3154 1584 3221; x_wconf 87' lang='lat' dir='ltr'><strong>taceat,</strong></span> <span class='ocrx_word' id='word_1_530' title='bbox 1606 3153 1761 3223; x_wconf 92' lang='lat' dir='ltr'><strong>quod</strong></span> <span class='ocrx_word' id='word_1_531' title='bbox 1785 3154 1896 3209; x_wconf 88' lang='lat' dir='ltr'><strong>sub</strong></span> 
     </span>
    </p>
   </div>
   <div class='ocr_carea' id='block_1_64' title="bbox 230 3239 1899 3316">
    <p class='ocr_par' dir='ltr' id='par_1_64' title="bbox 230 3239 1899 3316">
     <span class='ocr_line' id='line_1_64' title="bbox 230 3239 1899 3316; baseline 0 -19"><span class='ocrx_word' id='word_1_532' title='bbox 230 3242 553 3316; x_wconf 72' lang='lat' dir='ltr'><strong>aenigmate</strong></span> <span class='ocrx_word' id='word_1_533' title='bbox 604 3239 933 3297; x_wconf 87' lang='lat' dir='ltr'><strong>scribitur?</strong></span> <span class='ocrx_word' id='word_1_534' title='bbox 967 3241 1335 3310; x_wconf 69' lang='lat' dir='ltr'><strong>Sangnisugte</strong></span> <span class='ocrx_word' id='word_1_535' title='bbox 1381 3248 1489 3296; x_wconf 89' lang='lat' dir='ltr'><strong>tres</strong></span> <span class='ocrx_word' id='word_1_536' title='bbox 1532 3241 1667 3311; x_wconf 75' lang='lat' dir='ltr'><strong>ﬁliae</strong></span> <span class='ocrx_word' id='word_1_537' title='bbox 1738 3247 1899 3297; x_wconf 86' lang='lat' dir='ltr'><strong>erant</strong></span> 
     </span>
    </p>
   </div>
   <div class='ocr_carea' id='block_1_65' title="bbox 229 3328 1898 3397">
    <p class='ocr_par' dir='ltr' id='par_1_65' title="bbox 229 3328 1898 3397">
     <span class='ocr_line' id='line_1_65' title="bbox 229 3328 1898 3397; baseline 0.001 -12"><span class='ocrx_word' id='word_1_538' title='bbox 229 3331 533 3387; x_wconf 75' lang='lat' dir='ltr'><strong>dilectione</strong></span> <span class='ocrx_word' id='word_1_539' title='bbox 553 3330 789 3394; x_wconf 72' lang='lat' dir='ltr'><strong>dilectae,</strong></span> <span class='ocrx_word' id='word_1_540' title='bbox 818 3328 911 3384; x_wconf 87' lang='lat' dir='ltr'><strong>sed</strong></span> <span class='ocrx_word' id='word_1_541' title='bbox 936 3330 1061 3385; x_wconf 68' lang='lat' dir='ltr'><strong>ista?</strong></span> <span class='ocrx_word' id='word_1_542' title='bbox 1082 3345 1194 3385; x_wconf 83' lang='lat' dir='ltr'><strong>non</strong></span> <span class='ocrx_word' id='word_1_543' title='bbox 1222 3336 1611 3385; x_wconf 87' lang='lat' dir='ltr'><strong>saturaverunt</strong></span> <span class='ocrx_word' id='word_1_544' title='bbox 1647 3347 1790 3397; x_wconf 89' lang='lat' dir='ltr'><strong>eam,</strong></span> <span class='ocrx_word' id='word_1_545' title='bbox 1847 3340 1898 3387; x_wconf 88' lang='lat' dir='ltr'><strong>et</strong></span> 
     </span>
    </p>
   </div>
   <div class='ocr_carea' id='block_1_66' title="bbox 237 3418 1899 3490">
    <p class='ocr_par' dir='ltr' id='par_1_66' title="bbox 237 3418 1899 3490">
     <span class='ocr_line' id='line_1_66' title="bbox 237 3418 1899 3490; baseline 0.001 -17"><span class='ocrx_word' id='word_1_546' title='bbox 237 3424 470 3490; x_wconf 66' lang='lat' dir='ltr'><strong>quarta</strong></span> <span class='ocrx_word' id='word_1_547' title='bbox 498 3419 831 3489; x_wconf 79' lang='lat' dir='ltr'><strong>nonsufficit</strong></span> <span class='ocrx_word' id='word_1_548' title='bbox 855 3418 1041 3474; x_wconf 84' lang='lat' dir='ltr'><strong>dicere</strong></span> <span class='ocrx_word' id='word_1_549' title='bbox 1089 3419 1259 3474; x_wconf 90' lang='lat' dir='ltr'><strong>satis:</strong></span> <span class='ocrx_word' id='word_1_550' title='bbox 1315 3419 1591 3489; x_wconf 79' lang='lat' dir='ltr'><strong>Infernus,</strong></span> <span class='ocrx_word' id='word_1_551' title='bbox 1642 3423 1695 3475; x_wconf 91' lang='lat' dir='ltr'><strong>et</strong></span> <span class='ocrx_word' id='word_1_552' title='bbox 1742 3436 1899 3477; x_wconf 87' lang='lat' dir='ltr'><strong>amor</strong></span> 
     </span>
    </p>
   </div>
   <div class='ocr_carea' id='block_1_67' title="bbox 241 3507 1897 3579">
    <p class='ocr_par' dir='ltr' id='par_1_67' title="bbox 241 3507 1897 3579">
     <span class='ocr_line' id='line_1_67' title="bbox 241 3507 1897 3579; baseline 0.001 -17"><span class='ocrx_word' id='word_1_553' title='bbox 241 3507 537 3570; x_wconf 80' lang='lat' dir='ltr'><strong>mulieris,</strong></span> <span class='ocrx_word' id='word_1_554' title='bbox 567 3511 621 3561; x_wconf 86' lang='lat' dir='ltr'><strong>et</strong></span> <span class='ocrx_word' id='word_1_555' title='bbox 649 3515 785 3562; x_wconf 86' lang='lat' dir='ltr'><strong>terra</strong></span> <span class='ocrx_word' id='word_1_556' title='bbox 815 3522 945 3579; x_wconf 72' lang='lat' dir='ltr'><strong>quae</strong></span> <span class='ocrx_word' id='word_1_557' title='bbox 963 3523 1075 3562; x_wconf 86' lang='lat' dir='ltr'><strong>non</strong></span> <span class='ocrx_word' id='word_1_558' title='bbox 1126 3508 1367 3563; x_wconf 79' lang='lat' dir='ltr'><strong>satiatur</strong></span> <span class='ocrx_word' id='word_1_559' title='bbox 1394 3523 1558 3579; x_wconf 88' lang='lat' dir='ltr'><strong>aqua,</strong></span> <span class='ocrx_word' id='word_1_560' title='bbox 1617 3516 1673 3564; x_wconf 87' lang='lat' dir='ltr'><strong>et</strong></span> <span class='ocrx_word' id='word_1_561' title='bbox 1700 3511 1849 3578; x_wconf 84' lang='lat' dir='ltr'><strong>ignis</strong></span> <span class='ocrx_word' id='word_1_562' title='bbox 1876 3510 1897 3545; x_wconf 82' lang='grc'><strong>³</strong></span> 
     </span>
    </p>
   </div>
   <div class='ocr_carea' id='block_1_68' title="bbox 236 3595 1898 3672">
    <p class='ocr_par' dir='ltr' id='par_1_68' title="bbox 236 3595 1898 3672">
     <span class='ocr_line' id='line_1_68' title="bbox 236 3595 1898 3672; baseline 0.002 -20"><span class='ocrx_word' id='word_1_563' title='bbox 236 3611 361 3652; x_wconf 79' lang='lat' dir='ltr'><strong>non</strong></span> <span class='ocrx_word' id='word_1_564' title='bbox 392 3596 536 3652; x_wconf 72' lang='lat' dir='ltr'><strong>dicit</strong></span> <span class='ocrx_word' id='word_1_565' title='bbox 557 3597 687 3651; x_wconf 83' lang='lat' dir='ltr'><strong>satis</strong></span> <span class='ocrx_word' id='word_1_566' title='bbox 710 3605 785 3653; x_wconf 87' lang='lat' dir='ltr'><strong>est</strong></span> <span class='ocrx_word' id='word_1_567' title='bbox 816 3599 1002 3665; x_wconf 87' lang='lat' dir='ltr'><strong>(Prov.</strong></span> <span class='ocrx_word' id='word_1_568' title='bbox 1057 3609 1194 3663; x_wconf 85' lang='lat' dir='ltr'><strong>xxx,</strong></span> <span class='ocrx_word' id='word_1_569' title='bbox 1224 3595 1315 3663; x_wconf 87' lang='lat' dir='ltr'><strong>-l5,</strong></span> <span class='ocrx_word' id='word_1_570' title='bbox 1367 3596 1478 3667; x_wconf 86' lang='lat'><strong>36).</strong></span> <span class='ocrx_word' id='word_1_571' title='bbox 1527 3597 1898 3672; x_wconf 88' lang='lat' dir='ltr'><strong>Sanguisuga</strong></span> 
     </span>
    </p>
   </div>
   <div class='ocr_carea' id='block_1_69' title="bbox 232 3684 1893 3749">
    <p class='ocr_par' dir='ltr' id='par_1_69' title="bbox 232 3684 1893 3749">
     <span class='ocr_line' id='line_1_69' title="bbox 232 3684 1893 3749; baseline 0.001 -9"><span class='ocrx_word' id='word_1_572' title='bbox 232 3684 522 3743; x_wconf 82' lang='lat' dir='ltr'><strong>diabolus</strong></span> <span class='ocrx_word' id='word_1_573' title='bbox 548 3688 658 3749; x_wconf 87' lang='lat' dir='ltr'><strong>est,</strong></span> <span class='ocrx_word' id='word_1_574' title='bbox 692 3684 1062 3742; x_wconf 64' lang='lat' dir='ltr'><strong>diabolifiliaa</strong></span> <span class='ocrx_word' id='word_1_575' title='bbox 1117 3688 1257 3740; x_wconf 89' lang='lat' dir='ltr'><strong>sunt</strong></span> <span class='ocrx_word' id='word_1_576' title='bbox 1300 3684 1609 3741; x_wconf 88' lang='lat' dir='ltr'><strong>dilectione</strong></span> <span class='ocrx_word' id='word_1_577' title='bbox 1650 3685 1893 3742; x_wconf 70' lang='lat' dir='ltr'><strong>dilectas.</strong></span> 
     </span>
    </p>
   </div>
   <div class='ocr_carea' id='block_1_70' title="bbox 233 3773 1891 3847">
    <p class='ocr_par' dir='ltr' id='par_1_70' title="bbox 233 3773 1891 3847">
     <span class='ocr_line' id='line_1_70' title="bbox 233 3773 1891 3847; baseline 0.001 -17"><span class='ocrx_word' id='word_1_578' title='bbox 233 3791 368 3847; x_wconf 74' lang='lat' dir='ltr'><strong>quae</strong></span> <span class='ocrx_word' id='word_1_579' title='bbox 398 3773 1231 3835; x_wconf 63' lang='lat' dir='ltr'><strong>satiariinterfectorumtlss</strong></span> <span class='ocrx_word' id='word_1_580' title='bbox 1244 3789 1448 3830; x_wconf 88' lang='lat' dir='ltr'><strong>cruore</strong></span> <span class='ocrx_word' id='word_1_581' title='bbox 1474 3791 1587 3829; x_wconf 91' lang='lat' dir='ltr'><strong>non</strong></span> <span class='ocrx_word' id='word_1_582' title='bbox 1612 3780 1891 3847; x_wconf 90' lang='lat' dir='ltr'><strong>possunt:</strong></span> 
     </span>
    </p>
   </div>
   <div class='ocr_carea' id='block_1_71' title="bbox 224 3861 1895 3937">
    <p class='ocr_par' dir='ltr' id='par_1_71' title="bbox 224 3861 1895 3937">
     <span class='ocr_line' id='line_1_71' title="bbox 224 3861 1895 3937; baseline 0.002 -19"><span class='ocrx_word' id='word_1_583' title='bbox 224 3863 503 3937; x_wconf 69' lang='grc' dir='ltr'><strong>[πίει-ηας</strong></span> <span class='ocrx_word' id='word_1_584' title='bbox 529 3868 770 3919; x_wconf 85' lang='lat' dir='ltr'><strong>etamor</strong></span> <span class='ocrx_word' id='word_1_585' title='bbox 812 3861 1096 3929; x_wconf 88' lang='lat' dir='ltr'><strong>mulieris,</strong></span> <span class='ocrx_word' id='word_1_586' title='bbox 1135 3870 1187 3918; x_wconf 89' lang='lat' dir='ltr'><strong>et</strong></span> <span class='ocrx_word' id='word_1_587' title='bbox 1220 3865 1369 3918; x_wconf 81' lang='lat' dir='ltr'><strong>terra</strong></span> <span class='ocrx_word' id='word_1_588' title='bbox 1413 3879 1599 3929; x_wconf 86' lang='lat' dir='ltr'><strong>arens,</strong></span> <span class='ocrx_word' id='word_1_589' title='bbox 1635 3872 1686 3919; x_wconf 89' lang='lat' dir='ltr'><strong>et</strong></span> <span class='ocrx_word' id='word_1_590' title='bbox 1745 3879 1895 3922; x_wconf 65' lang='lat' dir='ltr'><strong>exae-</strong></span> 
     </span>
    </p>
   </div>
   <div class='ocr_carea' id='block_1_72' title="bbox 224 3951 1896 4025">
    <p class='ocr_par' dir='ltr' id='par_1_72' title="bbox 224 3951 1896 4025">
     <span class='ocr_line' id='line_1_72' title="bbox 224 3951 1896 4025; baseline 0.001 -18"><span class='ocrx_word' id='word_1_591' title='bbox 224 3956 454 4008; x_wconf 77' lang='lat' dir='ltr'><strong>stuans.</strong></span> <span class='ocrx_word' id='word_1_592' title='bbox 478 3951 609 4007; x_wconf 89' lang='lat' dir='ltr'><strong>Non</strong></span> <span class='ocrx_word' id='word_1_593' title='bbox 628 3952 725 4007; x_wconf 85' lang='lat' dir='ltr'><strong>hic</strong></span> <span class='ocrx_word' id='word_1_594' title='bbox 743 3952 817 4007; x_wconf 90' lang='lat' dir='ltr'><strong>de</strong></span> <span class='ocrx_word' id='word_1_595' title='bbox 827 3951 1276 4023; x_wconf 89' lang='lat' dir='ltr'><strong>meretrice,non</strong></span> <span class='ocrx_word' id='word_1_596' title='bbox 1290 3952 1362 4007; x_wconf 90' lang='lat' dir='ltr'><strong>de</strong></span> <span class='ocrx_word' id='word_1_597' title='bbox 1379 3952 1643 4008; x_wconf 89' lang='lat' dir='ltr'><strong>adultera</strong></span> <span class='ocrx_word' id='word_1_598' title='bbox 1656 3952 1896 4025; x_wconf 88' lang='lat' dir='ltr'><strong>dicitur,</strong></span> 
     </span>
    </p>
   </div>
   <div class='ocr_carea' id='block_1_73' title="bbox 226 4038 1899 4115">
    <p class='ocr_par' dir='ltr' id='par_1_73' title="bbox 226 4038 1899 4115">
     <span class='ocr_line' id='line_1_73' title="bbox 226 4038 1899 4115; baseline 0.001 -19"><span class='ocrx_word' id='word_1_599' title='bbox 226 4041 340 4096; x_wconf 82' lang='lat' dir='ltr'><strong>sed</strong></span> <span class='ocrx_word' id='word_1_600' title='bbox 360 4056 535 4097; x_wconf 80' lang='lat' dir='ltr'><strong>amor</strong></span> <span class='ocrx_word' id='word_1_601' title='bbox 553 4038 826 4095; x_wconf 84' lang='lat' dir='ltr'><strong>mulieris</strong></span> <span class='ocrx_word' id='word_1_602' title='bbox 837 4038 1188 4113; x_wconf 86' lang='lat' dir='ltr'><strong>generaliter</strong></span> <span class='ocrx_word' id='word_1_603' title='bbox 1205 4042 1643 4113; x_wconf 88' lang='lat' dir='ltr'><strong>accusatur,qui</strong></span> <span class='ocrx_word' id='word_1_604' title='bbox 1666 4057 1899 4115; x_wconf 87' lang='lat' dir='ltr'><strong>semper</strong></span> 
     </span>
    </p>
   </div>
   <div class='ocr_carea' id='block_1_74' title="bbox 222 4128 1898 4203">
    <p class='ocr_par' dir='ltr' id='par_1_74' title="bbox 222 4128 1898 4203">
     <span class='ocr_line' id='line_1_74' title="bbox 222 4128 1898 4203; baseline 0.001 -19"><span class='ocrx_word' id='word_1_605' title='bbox 222 4129 595 4185; x_wconf 76' lang='lat' dir='ltr'><strong>insatiabilis</strong></span> <span class='ocrx_word' id='word_1_606' title='bbox 625 4132 738 4196; x_wconf 91' lang='lat' dir='ltr'><strong>est,</strong></span> <span class='ocrx_word' id='word_1_607' title='bbox 773 4128 875 4201; x_wconf 90' lang='lat' dir='ltr'><strong>qui</strong></span> <span class='ocrx_word' id='word_1_608' title='bbox 904 4128 1226 4186; x_wconf 82' lang='lat' dir='ltr'><strong>exstinctus</strong></span> <span class='ocrx_word' id='word_1_609' title='bbox 1258 4130 1615 4199; x_wconf 88' lang='lat' dir='ltr'><strong>accenditur,</strong></span> <span class='ocrx_word' id='word_1_610' title='bbox 1651 4134 1709 4186; x_wconf 90' lang='lat' dir='ltr'><strong>et</strong></span> <span class='ocrx_word' id='word_1_611' title='bbox 1764 4136 1898 4203; x_wconf 90' lang='lat' dir='ltr'><strong>post</strong></span> 
     </span>
    </p>
   </div>
   <div class='ocr_carea' id='block_1_75' title="bbox 224 4217 1895 4290">
    <p class='ocr_par' dir='ltr' id='par_1_75' title="bbox 224 4217 1895 4290">
     <span class='ocr_line' id='line_1_75' title="bbox 224 4217 1895 4290; baseline 0.001 -17"><span class='ocrx_word' id='word_1_612' title='bbox 224 4218 472 4290; x_wconf 85' lang='lat' dir='ltr'><strong>copiam</strong></span> <span class='ocrx_word' id='word_1_613' title='bbox 500 4234 741 4275; x_wconf 83' lang='lat' dir='ltr'><strong>rursum</strong></span> <span class='ocrx_word' id='word_1_614' title='bbox 772 4217 943 4289; x_wconf 90' lang='lat' dir='ltr'><strong>inops</strong></span> <span class='ocrx_word' id='word_1_615' title='bbox 974 4222 1082 4285; x_wconf 90' lang='lat' dir='ltr'><strong>est,</strong></span> <span class='ocrx_word' id='word_1_616' title='bbox 1106 4218 1493 4290; x_wconf 89' lang='lat' dir='ltr'><strong>animumque</strong></span> <span class='ocrx_word' id='word_1_617' title='bbox 1516 4218 1743 4275; x_wconf 89' lang='lat' dir='ltr'><strong>virilem</strong></span> <span class='ocrx_word' id='word_1_618' title='bbox 1764 4220 1895 4275; x_wconf 75' lang='lat' dir='ltr'><strong>efre-</strong></span> 
     </span>
    </p>
   </div>
   <div class='ocr_carea' id='block_1_76' title="bbox 224 4306 1893 4380">
    <p class='ocr_par' dir='ltr' id='par_1_76' title="bbox 224 4306 1893 4380">
     <span class='ocr_line' id='line_1_76' title="bbox 224 4306 1893 4380; baseline 0.001 -17"><span class='ocrx_word' id='word_1_619' title='bbox 224 4307 450 4373; x_wconf 80' lang='lat' dir='ltr'><strong>minat,</strong></span> <span class='ocrx_word' id='word_1_620' title='bbox 479 4312 537 4363; x_wconf 87' lang='lat' dir='ltr'><strong>et</strong></span> <span class='ocrx_word' id='word_1_621' title='bbox 574 4311 818 4380; x_wconf 87' lang='lat' dir='ltr'><strong>excepta</strong></span> <span class='ocrx_word' id='word_1_622' title='bbox 863 4306 1135 4380; x_wconf 86' lang='lat' dir='ltr'><strong>passione</strong></span> <span class='ocrx_word' id='word_1_623' title='bbox 1182 4324 1359 4380; x_wconf 88' lang='lat' dir='ltr'><strong>quam</strong></span> <span class='ocrx_word' id='word_1_624' title='bbox 1410 4306 1680 4371; x_wconf 84' lang='lat' dir='ltr'><strong>sustinet,</strong></span> <span class='ocrx_word' id='word_1_625' title='bbox 1735 4307 1893 4365; x_wconf 87' lang='lat' dir='ltr'><strong>aliud</strong></span> 
     </span>
    </p>
   </div>
   <div class='ocr_carea' id='block_1_77' title="bbox 2009 3150 3657 3226">
    <p class='ocr_par' dir='ltr' id='par_1_77' title="bbox 2009 3150 3657 3226">
     <span class='ocr_line' id='line_1_77' title="bbox 2009 3150 3657 3226; baseline 0.002 -20"><span class='ocrx_word' id='word_1_626' title='bbox 2009 3152 2168 3220; x_wconf 89' lang='lat' dir='ltr'><strong>bona,</strong></span> <span class='ocrx_word' id='word_1_627' title='bbox 2198 3150 2410 3223; x_wconf 87' lang='lat' dir='ltr'><strong>inquit,</strong></span> <span class='ocrx_word' id='word_1_628' title='bbox 2442 3158 2520 3205; x_wconf 90' lang='lat' dir='ltr'><strong>est</strong></span> <span class='ocrx_word' id='word_1_629' title='bbox 2546 3152 2821 3222; x_wconf 87' lang='lat' dir='ltr'><strong>sapientia</strong></span> <span class='ocrx_word' id='word_1_630' title='bbox 2851 3167 2974 3205; x_wconf 87' lang='lat' dir='ltr'><strong>cum</strong></span> <span class='ocrx_word' id='word_1_631' title='bbox 3006 3151 3322 3208; x_wconf 74' lang='lat' dir='ltr'><strong>haereditate</strong></span> <span class='ocrx_word' id='word_1_632' title='bbox 3351 3153 3509 3216; x_wconf 87' lang='lat' dir='ltr'><strong>(Ibid.</strong></span> <span class='ocrx_word' id='word_1_633' title='bbox 3546 3155 3657 3226; x_wconf 83' lang='lat'><strong>12).</strong></span> 
     </span>
    </p>
   </div>
   <div class='ocr_carea' id='block_1_78' title="bbox 2008 3239 3663 3315">
    <p class='ocr_par' dir='ltr' id='par_1_78' title="bbox 2008 3239 3663 3315">
     <span class='ocr_line' id='line_1_78' title="bbox 2008 3239 3663 3315; baseline 0.002 -21"><span class='ocrx_word' id='word_1_634' title='bbox 2008 3242 2070 3295; x_wconf 88' lang='lat' dir='ltr'><strong>In</strong></span> <span class='ocrx_word' id='word_1_635' title='bbox 2100 3239 2225 3312; x_wconf 89' lang='lat' dir='ltr'><strong>lege</strong></span> <span class='ocrx_word' id='word_1_636' title='bbox 2256 3239 2411 3295; x_wconf 89' lang='lat' dir='ltr'><strong>enim</strong></span> <span class='ocrx_word' id='word_1_637' title='bbox 2444 3239 2795 3311; x_wconf 85' lang='lat' dir='ltr'><strong>sapientiam</strong></span> <span class='ocrx_word' id='word_1_638' title='bbox 2829 3241 3050 3311; x_wconf 85' lang='lat' dir='ltr'><strong>carnis,</strong></span> <span class='ocrx_word' id='word_1_639' title='bbox 3106 3258 3263 3305; x_wconf 89' lang='lat' dir='ltr'><strong>mors</strong></span> <span class='ocrx_word' id='word_1_640' title='bbox 3304 3243 3663 3315; x_wconf 88' lang='lat' dir='ltr'><strong>sequebatur</strong></span> 
     </span>
    </p>
   </div>
   <div class='ocr_carea' id='block_1_79' title="bbox 2006 3326 3653 3402">
    <p class='ocr_par' dir='ltr' id='par_1_79' title="bbox 2006 3326 3653 3402">
     <span class='ocr_line' id='line_1_79' title="bbox 2006 3326 3653 3402; baseline 0.002 -18"><span class='ocrx_word' id='word_1_641' title='bbox 2006 3328 2315 3396; x_wconf 85' lang='lat' dir='ltr'><strong>occidens;</strong></span> <span class='ocrx_word' id='word_1_642' title='bbox 2352 3329 2411 3383; x_wconf 92' lang='lat' dir='ltr'><strong>in</strong></span> <span class='ocrx_word' id='word_1_643' title='bbox 2442 3326 2755 3401; x_wconf 87' lang='lat' dir='ltr'><strong>Evangelio</strong></span> <span class='ocrx_word' id='word_1_644' title='bbox 2787 3328 3137 3400; x_wconf 87' lang='lat' dir='ltr'><strong>sapientiam</strong></span> <span class='ocrx_word' id='word_1_645' title='bbox 3169 3330 3451 3402; x_wconf 82' lang='lat' dir='ltr'><strong>spiritus,’</strong></span> <span class='ocrx_word' id='word_1_646' title='bbox 3477 3331 3653 3387; x_wconf 72' lang='lat' dir='ltr'><strong>haere~</strong></span> 
     </span>
    </p>
   </div>
   <div class='ocr_carea' id='block_1_80' title="bbox 2006 3417 3653 3490">
    <p class='ocr_par' dir='ltr' id='par_1_80' title="bbox 2006 3417 3653 3490">
     <span class='ocr_line' id='line_1_80' title="bbox 2006 3417 3653 3490; baseline 0.002 -18"><span class='ocrx_word' id='word_1_647' title='bbox 2006 3418 2159 3473; x_wconf 87' lang='lat' dir='ltr'><strong>ditas</strong></span> <span class='ocrx_word' id='word_1_648' title='bbox 2188 3421 2483 3490; x_wconf 80' lang='lat' dir='ltr'><strong>exspectat</strong></span> <span class='ocrx_word' id='word_1_649' title='bbox 2510 3420 2761 3473; x_wconf 74' lang='lat' dir='ltr'><strong>aeterna:</strong></span> <span class='ocrx_word' id='word_1_650' title='bbox 2796 3419 2926 3473; x_wconf 81' lang='lat' dir='ltr'><strong>Ecce</strong></span> <span class='ocrx_word' id='word_1_651' title='bbox 2966 3417 3065 3474; x_wconf 87' lang='lat' dir='ltr'><strong>hoc</strong></span> <span class='ocrx_word' id='word_1_652' title='bbox 3108 3420 3316 3486; x_wconf 84' lang='lat' dir='ltr'><strong>inveni,</strong></span> <span class='ocrx_word' id='word_1_653' title='bbox 3362 3420 3506 3475; x_wconf 89' lang='lat' dir='ltr'><strong>dicit</strong></span> <span class='ocrx_word' id='word_1_654' title='bbox 3546 3426 3653 3475; x_wconf 76' lang='grc' dir='ltr'><strong>Εσ-</strong></span> 
     </span>
    </p>
   </div>
   <div class='ocr_carea' id='block_1_81' title="bbox 2007 3504 3657 3573">
    <p class='ocr_par' dir='ltr' id='par_1_81' title="bbox 2007 3504 3657 3573">
     <span class='ocr_line' id='line_1_81' title="bbox 2007 3504 3657 3573; baseline 0.002 -13"><span class='ocrx_word' id='word_1_655' title='bbox 2007 3504 2328 3572; x_wconf 84' lang='lat' dir='ltr'><strong>clesiastes,</strong></span> <span class='ocrx_word' id='word_1_656' title='bbox 2359 3507 2636 3562; x_wconf 81' lang='lat' dir='ltr'><strong>hominem</strong></span> <span class='ocrx_word' id='word_1_657' title='bbox 2663 3522 2839 3561; x_wconf 88' lang='lat' dir='ltr'><strong>unum</strong></span> <span class='ocrx_word' id='word_1_658' title='bbox 2874 3506 2939 3561; x_wconf 90' lang='lat' dir='ltr'><strong>de</strong></span> <span class='ocrx_word' id='word_1_659' title='bbox 2988 3507 3141 3561; x_wconf 84' lang='lat' dir='ltr'><strong>mille</strong></span> <span class='ocrx_word' id='word_1_660' title='bbox 3186 3508 3391 3573; x_wconf 87' lang='lat' dir='ltr'><strong>inveni,</strong></span> <span class='ocrx_word' id='word_1_661' title='bbox 3445 3516 3496 3563; x_wconf 90' lang='lat' dir='ltr'><strong>et</strong></span> <span class='ocrx_word' id='word_1_662' title='bbox 3539 3526 3657 3563; x_wconf 87' lang='lat' dir='ltr'><strong>mu-</strong></span> 
     </span>
    </p>
   </div>
   <div class='ocr_carea' id='block_1_82' title="bbox 2007 3594 3659 3667">
    <p class='ocr_par' dir='ltr' id='par_1_82' title="bbox 2007 3594 3659 3667">
     <span class='ocr_line' id='line_1_82' title="bbox 2007 3594 3659 3667; baseline 0.003 -19"><span class='ocrx_word' id='word_1_663' title='bbox 2007 3594 2198 3650; x_wconf 89' lang='lat' dir='ltr'><strong>lierem</strong></span> <span class='ocrx_word' id='word_1_664' title='bbox 2227 3597 2288 3649; x_wconf 88' lang='lat' dir='ltr'><strong>in</strong></span> <span class='ocrx_word' id='word_1_665' title='bbox 2308 3594 2393 3649; x_wconf 89' lang='lat' dir='ltr'><strong>his</strong></span> <span class='ocrx_word' id='word_1_666' title='bbox 2421 3594 2671 3650; x_wconf 88' lang='lat' dir='ltr'><strong>omnibus</strong></span> <span class='ocrx_word' id='word_1_667' title='bbox 2690 3610 2801 3649; x_wconf 81' lang='lat' dir='ltr'><strong>non</strong></span> <span class='ocrx_word' id='word_1_668' title='bbox 2821 3594 3027 3649; x_wconf 86' lang='lat' dir='ltr'><strong>inveni.</strong></span> <span class='ocrx_word' id='word_1_669' title='bbox 3055 3595 3451 3651; x_wconf 80' lang='lat' dir='ltr'><strong>Verumtamem</strong></span> <span class='ocrx_word' id='word_1_670' title='bbox 3480 3598 3659 3667; x_wconf 85' lang='lat' dir='ltr'><strong>reperi</strong></span> 
     </span>
    </p>
   </div>
   <div class='ocr_carea' id='block_1_83' title="bbox 2006 3683 3657 3758">
    <p class='ocr_par' dir='ltr' id='par_1_83' title="bbox 2006 3683 3657 3758">
     <span class='ocr_line' id='line_1_83' title="bbox 2006 3683 3657 3758; baseline 0.003 -20"><span class='ocrx_word' id='word_1_671' title='bbox 2006 3683 2146 3756; x_wconf 87' lang='lat' dir='ltr'><strong>quod</strong></span> <span class='ocrx_word' id='word_1_672' title='bbox 2173 3685 2300 3754; x_wconf 85' lang='lat' dir='ltr'><strong>fecit</strong></span> <span class='ocrx_word' id='word_1_673' title='bbox 2330 3684 2468 3739; x_wconf 90' lang='lat' dir='ltr'><strong>Deus</strong></span> <span class='ocrx_word' id='word_1_674' title='bbox 2497 3683 2650 3739; x_wconf 74' lang='lat'><strong>284</strong></span> <span class='ocrx_word' id='word_1_675' title='bbox 2682 3683 2957 3739; x_wconf 85' lang='lat' dir='ltr'><strong>hominem</strong></span> <span class='ocrx_word' id='word_1_676' title='bbox 2984 3692 3193 3739; x_wconf 89' lang='lat' dir='ltr'><strong>rectum</strong></span> <span class='ocrx_word' id='word_1_677' title='bbox 3215 3702 3235 3738; x_wconf 87' lang='lat'><strong>:</strong></span> <span class='ocrx_word' id='word_1_678' title='bbox 3263 3693 3315 3740; x_wconf 91' lang='lat' dir='ltr'><strong>et</strong></span> <span class='ocrx_word' id='word_1_679' title='bbox 3345 3686 3458 3756; x_wconf 87' lang='lat' dir='ltr'><strong>ipsi</strong></span> <span class='ocrx_word' id='word_1_680' title='bbox 3504 3701 3657 3758; x_wconf 68' lang='lat' dir='ltr'><strong>quee-</strong></span> 
     </span>
    </p>
   </div>
   <div class='ocr_carea' id='block_1_84' title="bbox 2004 3772 3659 3846">
    <p class='ocr_par' dir='ltr' id='par_1_84' title="bbox 2004 3772 3659 3846">
     <span class='ocr_line' id='line_1_84' title="bbox 2004 3772 3659 3846; baseline 0.002 -18"><span class='ocrx_word' id='word_1_681' title='bbox 2004 3774 2219 3828; x_wconf 87' lang='lat' dir='ltr'><strong>sierunt</strong></span> <span class='ocrx_word' id='word_1_682' title='bbox 2242 3773 2592 3843; x_wconf 85' lang='lat' dir='ltr'><strong>cogitationes</strong></span> <span class='ocrx_word' id='word_1_683' title='bbox 2621 3772 2798 3827; x_wconf 90' lang='lat' dir='ltr'><strong>malas</strong></span> <span class='ocrx_word' id='word_1_684' title='bbox 2828 3772 2993 3842; x_wconf 88' lang='lat' dir='ltr'><strong>(Ibid.</strong></span> <span class='ocrx_word' id='word_1_685' title='bbox 3030 3773 3239 3846; x_wconf 78' lang='lat'><strong>28-30).</strong></span> <span class='ocrx_word' id='word_1_686' title='bbox 3273 3774 3517 3831; x_wconf 85' lang='lat' dir='ltr'><strong>Rectum</strong></span> <span class='ocrx_word' id='word_1_687' title='bbox 3551 3775 3659 3832; x_wconf 83' lang='lat' dir='ltr'><strong>ho-</strong></span> 
     </span>
    </p>
   </div>
   <div class='ocr_carea' id='block_1_85' title="bbox 2006 3860 3647 3921">
    <p class='ocr_par' dir='ltr' id='par_1_85' title="bbox 2006 3860 3647 3921">
     <span class='ocr_line' id='line_1_85' title="bbox 2006 3860 3647 3921; baseline 0.003 -5"><span class='ocrx_word' id='word_1_688' title='bbox 2006 3861 2225 3916; x_wconf 90' lang='lat' dir='ltr'><strong>minem</strong></span> <span class='ocrx_word' id='word_1_689' title='bbox 2246 3860 2539 3916; x_wconf 88' lang='lat' dir='ltr'><strong>invenisse</strong></span> <span class='ocrx_word' id='word_1_690' title='bbox 2569 3877 2631 3916; x_wconf 89' lang='lat' dir='ltr'><strong>se</strong></span> <span class='ocrx_word' id='word_1_691' title='bbox 2660 3860 2822 3916; x_wconf 89' lang='lat' dir='ltr'><strong>dicit.</strong></span> <span class='ocrx_word' id='word_1_692' title='bbox 2856 3861 3169 3917; x_wconf 84' lang='lat' dir='ltr'><strong>Considera</strong></span> <span class='ocrx_word' id='word_1_693' title='bbox 3216 3863 3335 3920; x_wconf 89' lang='lat' dir='ltr'><strong>vim</strong></span> <span class='ocrx_word' id='word_1_694' title='bbox 3365 3864 3545 3920; x_wconf 86' lang='lat' dir='ltr'><strong>verbi.</strong></span> <span class='ocrx_word' id='word_1_695' title='bbox 3581 3865 3647 3921; x_wconf 87' lang='lat' dir='ltr'><strong>In</strong></span> 
     </span>
    </p>
   </div>
   <div class='ocr_carea' id='block_1_86' title="bbox 2005 3949 3654 4017">
    <p class='ocr_par' dir='ltr' id='par_1_86' title="bbox 2005 3949 3654 4017">
     <span class='ocr_line' id='line_1_86' title="bbox 2005 3949 3654 4017; baseline 0.002 -12"><span class='ocrx_word' id='word_1_696' title='bbox 2005 3950 2325 4017; x_wconf 90' lang='lat' dir='ltr'><strong>hominem,</strong></span> <span class='ocrx_word' id='word_1_697' title='bbox 2357 3953 2414 4005; x_wconf 92' lang='lat' dir='ltr'><strong>et</strong></span> <span class='ocrx_word' id='word_1_698' title='bbox 2440 3949 2529 4004; x_wconf 87' lang='lat' dir='ltr'><strong>vir</strong></span> <span class='ocrx_word' id='word_1_699' title='bbox 2558 3954 2616 4004; x_wconf 90' lang='lat' dir='ltr'><strong>et</strong></span> <span class='ocrx_word' id='word_1_700' title='bbox 2645 3949 2865 4006; x_wconf 89' lang='lat' dir='ltr'><strong>femina</strong></span> <span class='ocrx_word' id='word_1_701' title='bbox 2887 3950 3233 4007; x_wconf 89' lang='lat' dir='ltr'><strong>continetur.</strong></span> <span class='ocrx_word' id='word_1_702' title='bbox 3254 3957 3323 4008; x_wconf 88' lang='lat' dir='ltr'><strong>Et</strong></span> <span class='ocrx_word' id='word_1_703' title='bbox 3359 3953 3654 4009; x_wconf 85' lang='lat' dir='ltr'><strong>mulierem</strong></span> 
     </span>
    </p>
   </div>
   <div class='ocr_carea' id='block_1_87' title="bbox 2003 4037 3655 4113">
    <p class='ocr_par' dir='ltr' id='par_1_87' title="bbox 2003 4037 3655 4113">
     <span class='ocr_line' id='line_1_87' title="bbox 2003 4037 3655 4113; baseline 0.001 -19"><span class='ocrx_word' id='word_1_704' title='bbox 2003 4038 2215 4112; x_wconf 89' lang='lat' dir='ltr'><strong>inquit,</strong></span> <span class='ocrx_word' id='word_1_705' title='bbox 2247 4040 2308 4094; x_wconf 90' lang='lat' dir='ltr'><strong>in</strong></span> <span class='ocrx_word' id='word_1_706' title='bbox 2336 4037 2423 4093; x_wconf 90' lang='lat' dir='ltr'><strong>his</strong></span> <span class='ocrx_word' id='word_1_707' title='bbox 2451 4038 2703 4095; x_wconf 87' lang='lat' dir='ltr'><strong>omnibus</strong></span> <span class='ocrx_word' id='word_1_708' title='bbox 2729 4054 2840 4094; x_wconf 85' lang='lat' dir='ltr'><strong>non</strong></span> <span class='ocrx_word' id='word_1_709' title='bbox 2868 4041 3075 4095; x_wconf 87' lang='lat' dir='ltr'><strong>inveni.</strong></span> <span class='ocrx_word' id='word_1_710' title='bbox 3111 4040 3399 4112; x_wconf 89' lang='lat' dir='ltr'><strong>Legamus</strong></span> <span class='ocrx_word' id='word_1_711' title='bbox 3430 4040 3655 4113; x_wconf 88' lang='lat' dir='ltr'><strong>princi-</strong></span> 
     </span>
    </p>
   </div>
   <div class='ocr_carea' id='block_1_88' title="bbox 2005 4126 3656 4200">
    <p class='ocr_par' dir='ltr' id='par_1_88' title="bbox 2005 4126 3656 4200">
     <span class='ocr_line' id='line_1_88' title="bbox 2005 4126 3656 4200; baseline 0.001 -17"><span class='ocrx_word' id='word_1_712' title='bbox 2005 4127 2167 4200; x_wconf 90' lang='lat' dir='ltr'><strong>pium</strong></span> <span class='ocrx_word' id='word_1_713' title='bbox 2202 4128 2514 4196; x_wconf 89' lang='lat' dir='ltr'><strong>Geneseos,</strong></span> <span class='ocrx_word' id='word_1_714' title='bbox 2545 4131 2603 4182; x_wconf 91' lang='lat' dir='ltr'><strong>et</strong></span> <span class='ocrx_word' id='word_1_715' title='bbox 2631 4126 2994 4183; x_wconf 89' lang='lat' dir='ltr'><strong>inveniemus</strong></span> <span class='ocrx_word' id='word_1_716' title='bbox 3022 4127 3230 4196; x_wconf 89' lang='lat' dir='ltr'><strong>Adam,</strong></span> <span class='ocrx_word' id='word_1_717' title='bbox 3257 4126 3368 4184; x_wconf 90' lang='lat' dir='ltr'><strong>hoc</strong></span> <span class='ocrx_word' id='word_1_718' title='bbox 3425 4131 3515 4185; x_wconf 89' lang='lat' dir='ltr'><strong>est</strong></span> <span class='ocrx_word' id='word_1_719' title='bbox 3554 4129 3656 4185; x_wconf 91' lang='lat' dir='ltr'><strong>bo-</strong></span> 
     </span>
    </p>
   </div>
   <div class='ocr_carea' id='block_1_89' title="bbox 2005 4215 3651 4290">
    <p class='ocr_par' dir='ltr' id='par_1_89' title="bbox 2005 4215 3651 4290">
     <span class='ocr_line' id='line_1_89' title="bbox 2005 4215 3651 4290; baseline 0.001 -18"><span class='ocrx_word' id='word_1_720' title='bbox 2005 4216 2245 4285; x_wconf 88' lang='lat' dir='ltr'><strong>minem,</strong></span> <span class='ocrx_word' id='word_1_721' title='bbox 2289 4220 2411 4272; x_wconf 86' lang='lat' dir='ltr'><strong>tam</strong></span> <span class='ocrx_word' id='word_1_722' title='bbox 2463 4215 2654 4273; x_wconf 85' lang='lat' dir='ltr'><strong>virum</strong></span> <span class='ocrx_word' id='word_1_723' title='bbox 2713 4232 2891 4288; x_wconf 89' lang='lat' dir='ltr'><strong>quam</strong></span> <span class='ocrx_word' id='word_1_724' title='bbox 2934 4215 3255 4272; x_wconf 63' lang='lat' dir='ltr'><strong>feminam”</strong></span> <span class='ocrx_word' id='word_1_725' title='bbox 3300 4217 3651 4290; x_wconf 88' lang='lat' dir='ltr'><strong>nuncupari.</strong></span> 
     </span>
    </p>
   </div>
   <div class='ocr_carea' id='block_1_90' title="bbox 2003 4294 3654 4378">
    <p class='ocr_par' dir='ltr' id='par_1_90' title="bbox 2003 4294 3654 4378">
     <span class='ocr_line' id='line_1_90' title="bbox 2003 4294 3654 4378; baseline 0.001 -17"><span class='ocrx_word' id='word_1_726' title='bbox 2003 4309 2146 4362; x_wconf 90' lang='lat' dir='ltr'><strong>Cum</strong></span> <span class='ocrx_word' id='word_1_727' title='bbox 2168 4321 2305 4378; x_wconf 90' lang='lat' dir='ltr'><strong>ergo</strong></span> <span class='ocrx_word' id='word_1_728' title='bbox 2347 4305 2484 4363; x_wconf 92' lang='lat' dir='ltr'><strong>boni</strong></span> <span class='ocrx_word' id='word_1_729' title='bbox 2541 4305 2718 4360; x_wconf 89' lang='lat' dir='ltr'><strong>creati</strong></span> <span class='ocrx_word' id='word_1_730' title='bbox 2772 4305 2964 4361; x_wconf 89' lang='lat' dir='ltr'><strong>simus</strong></span> <span class='ocrx_word' id='word_1_731' title='bbox 3013 4310 3071 4361; x_wconf 88' lang='lat' dir='ltr'><strong>et</strong></span> <span class='ocrx_word' id='word_1_732' title='bbox 3116 4305 3311 4362; x_wconf 86' lang='lat' dir='ltr'><strong>rectia</strong></span> <span class='ocrx_word' id='word_1_733' title='bbox 3341 4305 3481 4374; x_wconf 88' lang='lat' dir='ltr'><strong>Deo,</strong></span> <span class='ocrx_word' id='word_1_734' title='bbox 3536 4294 3654 4374; x_wconf 86' lang='lat' dir='ltr'><strong>ipsi</strong></span> 
     </span>
    </p>
   </div>
   <div class='ocr_carea' id='block_1_91' title="bbox 224 4393 3654 4485">
    <p class='ocr_par' dir='ltr' id='par_1_91' title="bbox 224 4393 3654 4485">
     <span class='ocr_line' id='line_1_91' title="bbox 224 4393 3654 4485; baseline -0 -32"><span class='ocrx_word' id='word_1_735' title='bbox 224 4414 352 4453; x_wconf 86' lang='lat' dir='ltr'><strong>non</strong></span> <span class='ocrx_word' id='word_1_736' title='bbox 384 4396 533 4453; x_wconf 86' lang='lat' dir='ltr'><strong>sinit</strong></span> <span class='ocrx_word' id='word_1_737' title='bbox 560 4398 843 4470; x_wconf 87' lang='lat' dir='ltr'><strong>cogitare.</strong></span> <span class='ocrx_word' id='word_1_738' title='bbox 876 4396 1077 4453; x_wconf 84' lang='lat' dir='ltr'><strong>Simile</strong></span> <span class='ocrx_word' id='word_1_739' title='bbox 1101 4396 1245 4469; x_wconf 89' lang='lat' dir='ltr'><strong>quid</strong></span> <span class='ocrx_word' id='word_1_740' title='bbox 1267 4400 1324 4452; x_wconf 92' lang='lat' dir='ltr'><strong>et</strong></span> <span class='ocrx_word' id='word_1_741' title='bbox 1350 4396 1411 4451; x_wconf 90' lang='lat' dir='ltr'><strong>in</strong></span> <span class='ocrx_word' id='word_1_742' title='bbox 1432 4398 1701 4469; x_wconf 89' lang='lat' dir='ltr'><strong>sequenti</strong></span> <span class='ocrx_word' id='word_1_743' title='bbox 1733 4413 1895 4469; x_wconf 88' lang='lat' dir='ltr'><strong>para-</strong></span> <span class='ocrx_word' id='word_1_744' title='bbox 1923 4420 1969 4485; x_wconf 70' lang='grc' dir='ltr'><strong>Β</strong></span> <span class='ocrx_word' id='word_1_745' title='bbox 2000 4394 2140 4450; x_wconf 89' lang='lat' dir='ltr'><strong>vitio</strong></span> <span class='ocrx_word' id='word_1_746' title='bbox 2171 4398 2371 4450; x_wconf 90' lang='lat' dir='ltr'><strong>nostro</strong></span> <span class='ocrx_word' id='word_1_747' title='bbox 2393 4410 2601 4450; x_wconf 90' lang='lat' dir='ltr'><strong>sumus</strong></span> <span class='ocrx_word' id='word_1_748' title='bbox 2632 4394 2703 4449; x_wconf 90' lang='lat' dir='ltr'><strong>ad</strong></span> <span class='ocrx_word' id='word_1_749' title='bbox 2736 4396 2935 4467; x_wconf 84' lang='lat' dir='ltr'><strong>pejora</strong></span> <span class='ocrx_word' id='word_1_750' title='bbox 2979 4393 3242 4467; x_wconf 90' lang='lat' dir='ltr'><strong>delapsi;</strong></span> <span class='ocrx_word' id='word_1_751' title='bbox 3286 4398 3343 4451; x_wconf 90' lang='lat' dir='ltr'><strong>et</strong></span> <span class='ocrx_word' id='word_1_752' title='bbox 3391 4396 3546 4468; x_wconf 91' lang='lat' dir='ltr'><strong>quod</strong></span> <span class='ocrx_word' id='word_1_753' title='bbox 3593 4395 3654 4452; x_wconf 89' lang='lat' dir='ltr'><strong>in</strong></span> 
     </span>
    </p>
   </div>
   <div class='ocr_carea' id='block_1_92' title="bbox 300 4520 1898 4593">
    <p class='ocr_par' dir='ltr' id='par_1_92' title="bbox 300 4520 1898 4593">
     <span class='ocr_line' id='line_1_92' title="bbox 300 4520 1898 4593; baseline 0.001 -18"><span class='ocrx_word' id='word_1_754' title='bbox 300 4523 319 4555; x_wconf 74' lang='grc' dir='ltr'><strong><em>ι</em></strong></span> <span class='ocrx_word' id='word_1_755' title='bbox 358 4522 560 4578; x_wconf 75' lang='lat' dir='ltr'><strong>Varius</strong></span> <span class='ocrx_word' id='word_1_756' title='bbox 591 4520 1094 4593; x_wconf 37' lang='lat' dir='ltr'><strong>GeminusLAltum</strong></span> <span class='ocrx_word' id='word_1_757' title='bbox 1114 4521 1268 4593; x_wconf 90' lang='lat' dir='ltr'><strong>apud</strong></span> <span class='ocrx_word' id='word_1_758' title='bbox 1296 4522 1563 4593; x_wconf 80' lang='lat' dir='ltr'><strong>auctores</strong></span> <span class='ocrx_word' id='word_1_759' title='bbox 1586 4520 1898 4593; x_wconf 77' lang='lat' dir='ltr'><strong>historicas</strong></span> 
     </span>
    </p>
   </div>
   <div class='ocr_carea' id='block_1_93' title="bbox 214 4590 1895 4650">
    <p class='ocr_par' dir='ltr' id='par_1_93' title="bbox 214 4590 1895 4650">
     <span class='ocr_line' id='line_1_93' title="bbox 214 4590 1895 4650; baseline 0.001 -2"><span class='ocrx_word' id='word_1_760' title='bbox 214 4592 545 4649; x_wconf 81' lang='lat' dir='ltr'><strong>silentium</strong></span> <span class='ocrx_word' id='word_1_761' title='bbox 574 4594 650 4649; x_wconf 90' lang='lat' dir='ltr'><strong>de</strong></span> <span class='ocrx_word' id='word_1_762' title='bbox 690 4594 804 4650; x_wconf 88' lang='lat' dir='ltr'><strong>isto</strong></span> <span class='ocrx_word' id='word_1_763' title='bbox 851 4592 1026 4649; x_wconf 88' lang='lat' dir='ltr'><strong>Vario</strong></span> <span class='ocrx_word' id='word_1_764' title='bbox 1073 4590 1315 4648; x_wconf 68' lang='lat' dir='ltr'><strong>Gemino</strong></span> <span class='ocrx_word' id='word_1_765' title='bbox 1358 4590 1597 4648; x_wconf 89' lang='lat' dir='ltr'><strong>sublimi</strong></span> <span class='ocrx_word' id='word_1_766' title='bbox 1649 4598 1895 4649; x_wconf 87' lang='lat' dir='ltr'><strong>oratore.</strong></span> 
     </span>
    </p>
   </div>
   <div class='ocr_carea' id='block_1_94' title="bbox 211 4663 1897 4738">
    <p class='ocr_par' dir='ltr' id='par_1_94' title="bbox 211 4663 1897 4738">
     <span class='ocr_line' id='line_1_94' title="bbox 211 4663 1897 4738; baseline 0.001 -20"><span class='ocrx_word' id='word_1_767' title='bbox 211 4667 435 4738; x_wconf 73' lang='lat' dir='ltr'><strong>Quare</strong></span> <span class='ocrx_word' id='word_1_768' title='bbox 459 4680 563 4720; x_wconf 88' lang='lat' dir='ltr'><strong>nec</strong></span> <span class='ocrx_word' id='word_1_769' title='bbox 620 4681 727 4738; x_wconf 88' lang='lat' dir='ltr'><strong>ego</strong></span> <span class='ocrx_word' id='word_1_770' title='bbox 775 4663 925 4738; x_wconf 83' lang='lat' dir='ltr'><strong>scire</strong></span> <span class='ocrx_word' id='word_1_771' title='bbox 972 4663 1422 4738; x_wconf 81' lang='lat' dir='ltr'><strong>possum,_quis</strong></span> <span class='ocrx_word' id='word_1_772' title='bbox 1482 4664 1673 4738; x_wconf 71' lang='lat' dir='ltr'><strong>fuerit</strong></span> <span class='ocrx_word' id='word_1_773' title='bbox 1705 4666 1897 4720; x_wconf 87' lang='lat' dir='ltr'><strong>Varius</strong></span> 
     </span>
    </p>
   </div>
   <div class='ocr_carea' id='block_1_95' title="bbox 214 4734 1896 4808">
    <p class='ocr_par' dir='ltr' id='par_1_95' title="bbox 214 4734 1896 4808">
     <span class='ocr_line' id='line_1_95' title="bbox 214 4734 1896 4808; baseline 0.001 -17"><span class='ocrx_word' id='word_1_774' title='bbox 214 4735 543 4802; x_wconf 72' lang='lat' dir='ltr'><strong>Geminus;</strong></span> <span class='ocrx_word' id='word_1_775' title='bbox 570 4734 685 4808; x_wconf 62' lang='lat' dir='ltr'><strong>nec?</strong></span> <span class='ocrx_word' id='word_1_776' title='bbox 708 4734 1040 4808; x_wconf 77' lang='lat' dir='ltr'><strong>temeritate</strong></span> <span class='ocrx_word' id='word_1_777' title='bbox 1072 4734 1716 4808; x_wconf 23' lang='lat' dir='ltr'><strong>dicendi’ﬁngere‘volo</strong></span> <span class='ocrx_word' id='word_1_778' title='bbox 1772 4752 1896 4792; x_wconf 87' lang='lat' dir='ltr'><strong>ora-</strong></span> 
     </span>
    </p>
   </div>
   <div class='ocr_carea' id='block_1_96' title="bbox 210 4806 1896 4880">
    <p class='ocr_par' dir='ltr' id='par_1_96' title="bbox 210 4806 1896 4880">
     <span class='ocr_line' id='line_1_96' title="bbox 210 4806 1896 4880; baseline -0.001 -16"><span class='ocrx_word' id='word_1_779' title='bbox 210 4813 433 4864; x_wconf 80' lang='lat' dir='ltr'><strong>torem</strong></span> <span class='ocrx_word' id='word_1_780' title='bbox 458 4806 861 4880; x_wconf 81' lang='lat' dir='ltr'><strong>nescioquem</strong></span> <span class='ocrx_word' id='word_1_781' title='bbox 888 4806 1054 4880; x_wconf 80' lang='lat' dir='ltr'><strong>apud</strong></span> <span class='ocrx_word' id='word_1_782' title='bbox 1076 4806 1492 4880; x_wconf 76' lang='lat' dir='ltr'><strong>grammaticos</strong></span> <span class='ocrx_word' id='word_1_783' title='bbox 1541 4806 1896 4880; x_wconf 56' lang='lat' dir='ltr'><strong>dijinatores</strong></span> 
     </span>
    </p>
   </div>
   <div class='ocr_carea' id='block_1_97' title="bbox 209 4876 1895 4961">
    <p class='ocr_par' dir='ltr' id='par_1_97' title="bbox 209 4876 1895 4961">
     <span class='ocr_line' id='line_1_97' title="bbox 209 4876 1895 4961; baseline 0 -27"><span class='ocrx_word' id='word_1_784' title='bbox 209 4876 770 4961; x_wconf 51' lang='lat' dir='ltr'><strong>{riturumforsitan</strong></span> <span class='ocrx_word' id='word_1_785' title='bbox 781 4876 1103 4961; x_wconf 76' lang='lat' dir='ltr'><strong>aliquando</strong></span> <span class='ocrx_word' id='word_1_786' title='bbox 1110 4876 1895 4961; x_wconf 29' lang='lat' dir='ltr'><strong>celeberrimumfuitpiorro</strong></span> 
     </span>
    </p>
   </div>
   <div class='ocr_carea' id='block_1_98' title="bbox 214 4947 1895 5032">
    <p class='ocr_par' dir='ltr' id='par_1_98' title="bbox 214 4947 1895 5032">
     <span class='ocr_line' id='line_1_98' title="bbox 214 4947 1895 5032; baseline -0.002 -25"><span class='ocrx_word' id='word_1_787' title='bbox 214 4950 626 5032; x_wconf 51' lang='lat' dir='ltr'><strong>Variusalius</strong></span> <span class='ocrx_word' id='word_1_788' title='bbox 647 4955 819 5022; x_wconf 89' lang='lat' dir='ltr'><strong>poeta</strong></span> <span class='ocrx_word' id='word_1_789' title='bbox 861 4947 1143 5032; x_wconf 63' lang='lat' dir='ltr'><strong>tragicus,</strong></span> <span class='ocrx_word' id='word_1_790' title='bbox 1178 4947 1408 5032; x_wconf 61' lang='lat' dir='ltr'><strong>Yirgilii</strong></span> <span class='ocrx_word' id='word_1_791' title='bbox 1457 4952 1515 5003; x_wconf 90' lang='lat' dir='ltr'><strong>et</strong></span> <span class='ocrx_word' id='word_1_792' title='bbox 1551 4947 1771 5030; x_wconf 75' lang='lat' dir='ltr'><strong>lioratii</strong></span> <span class='ocrx_word' id='word_1_793' title='bbox 1800 4950 1895 5032; x_wconf 43' lang='lat' dir='ltr'><strong>.fa-</strong></span> 
     </span>
    </p>
   </div>
   <div class='ocr_carea' id='block_1_99' title="bbox 205 5018 1892 5093">
    <p class='ocr_par' dir='ltr' id='par_1_99' title="bbox 205 5018 1892 5093">
     <span class='ocr_line' id='line_1_99' title="bbox 205 5018 1892 5093; baseline -0.002 -14"><span class='ocrx_word' id='word_1_794' title='bbox 205 5022 492 5079; x_wconf 82' lang='lat' dir='ltr'><strong>miliaris</strong></span> <span class='ocrx_word' id='word_1_795' title='bbox 521 5018 677 5093; x_wconf 52' lang='lat' dir='ltr'><strong>inec</strong></span> <span class='ocrx_word' id='word_1_796' title='bbox 693 5037 810 5093; x_wconf 91' lang='lat' dir='ltr'><strong>non</strong></span> <span class='ocrx_word' id='word_1_797' title='bbox 841 5018 989 5093; x_wconf 72' lang='lat' dir='ltr'><strong>alter</strong></span> <span class='ocrx_word' id='word_1_798' title='bbox 1019 5024 1188 5093; x_wconf 70' lang='lat' dir='ltr'><strong>poeta</strong></span> <span class='ocrx_word' id='word_1_799' title='bbox 1210 5018 1689 5093; x_wconf 12' lang='lat' dir='ltr'><strong>h‘ujusrnogminis,</strong></span> <span class='ocrx_word' id='word_1_800' title='bbox 1721 5021 1892 5092; x_wconf 87' lang='lat' dir='ltr'><strong>cujus</strong></span> 
     </span>
    </p>
   </div>
   <div class='ocr_carea' id='block_1_100' title="bbox 206 5090 1891 5166">
    <p class='ocr_par' dir='ltr' id='par_1_100' title="bbox 206 5090 1891 5166">
     <span class='ocr_line' id='line_1_100' title="bbox 206 5090 1891 5166; baseline -0.002 -15"><span class='ocrx_word' id='word_1_801' title='bbox 206 5093 514 5166; x_wconf 80' lang='lat' dir='ltr'><strong>meminit</strong></span> <span class='ocrx_word' id='word_1_802' title='bbox 542 5092 848 5166; x_wconf 83' lang='lat' dir='ltr'><strong>Virgilius,</strong></span> <span class='ocrx_word' id='word_1_803' title='bbox 870 5090 1346 5166; x_wconf 60' lang='lat' dir='ltr'><strong>Vide&#39;ljloratlib.</strong></span> <span class='ocrx_word' id='word_1_804' title='bbox 1373 5092 1433 5166; x_wconf 65' lang='grc' dir='ltr'><strong>Δ1.</strong></span> <span class='ocrx_word' id='word_1_805' title='bbox 1467 5090 1671 5166; x_wconf 66' lang='lat' dir='ltr'><strong>Serm,</strong></span> <span class='ocrx_word' id='word_1_806' title='bbox 1695 5090 1810 5166; x_wconf 63' lang='lat' dir='ltr'><strong>sat}</strong></span> <span class='ocrx_word' id='word_1_807' title='bbox 1833 5094 1891 5158; x_wconf 90' lang='lat'><strong>5,</strong></span> 
     </span>
    </p>
   </div>
   <div class='ocr_carea' id='block_1_101' title="bbox 199 5160 1889 5224">
    <p class='ocr_par' dir='ltr' id='par_1_101' title="bbox 199 5160 1889 5224">
     <span class='ocr_line' id='line_1_101' title="bbox 199 5160 1889 5224; baseline -0.002 0"><span class='ocrx_word' id='word_1_808' title='bbox 199 5170 271 5224; x_wconf 82' lang='lat' dir='ltr'><strong>et</strong></span> <span class='ocrx_word' id='word_1_809' title='bbox 302 5165 487 5222; x_wconf 70' lang='lat' dir='ltr'><strong>alibi.</strong></span> <span class='ocrx_word' id='word_1_810' title='bbox 519 5160 802 5220; x_wconf 57' lang='lat' dir='ltr'><strong>laurum.</strong></span> <span class='ocrx_word' id='word_1_811' title='bbox 832 5160 905 5205; x_wconf 41' lang='lat'><strong>&#39;—</strong></span> <span class='ocrx_word' id='word_1_812' title='bbox 943 5163 1185 5219; x_wconf 89' lang='lat' dir='ltr'><strong>Varium</strong></span> <span class='ocrx_word' id='word_1_813' title='bbox 1223 5160 1536 5218; x_wconf 88' lang='lat' dir='ltr'><strong>Geminum</strong></span> <span class='ocrx_word' id='word_1_814' title='bbox 1582 5161 1889 5221; x_wconf 89' lang='lat' dir='ltr'><strong>sublimem</strong></span> 
     </span>
    </p>
   </div>
   <div class='ocr_carea' id='block_1_102' title="bbox 196 5233 1892 5308">
    <p class='ocr_par' dir='ltr' id='par_1_102' title="bbox 196 5233 1892 5308">
     <span class='ocr_line' id='line_1_102' title="bbox 196 5233 1892 5308; baseline -0.002 -13"><span class='ocrx_word' id='word_1_815' title='bbox 196 5243 532 5295; x_wconf 79' lang='lat' dir='ltr'><strong>oratorem</strong></span> <span class='ocrx_word' id='word_1_816' title='bbox 565 5241 873 5308; x_wconf 2' lang='lat' dir='ltr'><strong>tempsaepe</strong></span> <span class='ocrx_word' id='word_1_817' title='bbox 893 5238 1180 5308; x_wconf 84' lang='lat' dir='ltr'><strong>memorat</strong></span> <span class='ocrx_word' id='word_1_818' title='bbox 1224 5234 1444 5308; x_wconf 84' lang='lat' dir='ltr'><strong>Seneca</strong></span> <span class='ocrx_word' id='word_1_819' title='bbox 1488 5233 1550 5288; x_wconf 90' lang='lat' dir='ltr'><strong>in</strong></span> <span class='ocrx_word' id='word_1_820' title='bbox 1598 5233 1892 5291; x_wconf 88' lang='lat' dir='ltr'><strong>Suasoriis</strong></span> 
     </span>
    </p>
   </div>
   <div class='ocr_carea' id='block_1_103' title="bbox 200 5304 1889 5374">
    <p class='ocr_par' dir='ltr' id='par_1_103' title="bbox 200 5304 1889 5374">
     <span class='ocr_line' id='line_1_103' title="bbox 200 5304 1889 5374; baseline -0.003 -7"><span class='ocrx_word' id='word_1_821' title='bbox 200 5317 271 5366; x_wconf 78' lang='lat' dir='ltr'><strong>et</strong></span> <span class='ocrx_word' id='word_1_822' title='bbox 295 5307 765 5374; x_wconf 81' lang='lat' dir='ltr'><strong>Controversiis,</strong></span> <span class='ocrx_word' id='word_1_823' title='bbox 797 5304 865 5361; x_wconf 77' lang='lat' dir='ltr'><strong>ut</strong></span> <span class='ocrx_word' id='word_1_824' title='bbox 893 5306 1289 5362; x_wconf 68' lang='lat' dir='ltr'><strong>Martianasum</strong></span> <span class='ocrx_word' id='word_1_825' title='bbox 1324 5304 1502 5361; x_wconf 89' lang='lat' dir='ltr'><strong>mirer</strong></span> <span class='ocrx_word' id='word_1_826' title='bbox 1530 5312 1889 5363; x_wconf 89' lang='lat' dir='ltr'><strong>asserentem</strong></span> 
     </span>
    </p>
   </div>
   <div class='ocr_carea' id='block_1_104' title="bbox 200 5376 1890 5452">
    <p class='ocr_par' dir='ltr' id='par_1_104' title="bbox 200 5376 1890 5452">
     <span class='ocr_line' id='line_1_104' title="bbox 200 5376 1890 5452; baseline -0.001 -16"><span class='ocrx_word' id='word_1_827' title='bbox 200 5383 346 5436; x_wconf 65' lang='lat' dir='ltr'><strong>altu</strong></span> <span class='ocrx_word' id='word_1_828' title='bbox 358 5394 435 5452; x_wconf 18' lang='lat' dir='ltr'><strong>mg</strong></span> <span class='ocrx_word' id='word_1_829' title='bbox 449 5381 610 5452; x_wconf 86' lang='lat' dir='ltr'><strong>apud</strong></span> <span class='ocrx_word' id='word_1_830' title='bbox 632 5383 923 5452; x_wconf 68' lang='lat' dir='ltr'><strong>auctores</strong></span> <span class='ocrx_word' id='word_1_831' title='bbox 942 5377 1348 5452; x_wconf 78' lang='lat' dir='ltr'><strong>et_historicos</strong></span> <span class='ocrx_word' id='word_1_832' title='bbox 1372 5378 1442 5452; x_wconf 85' lang='lat' dir='ltr'><strong>de</strong></span> <span class='ocrx_word' id='word_1_833' title='bbox 1456 5376 1558 5452; x_wconf 74' lang='lat' dir='ltr'><strong>i119</strong></span> <span class='ocrx_word' id='word_1_834' title='bbox 1587 5376 1890 5452; x_wconf 84' lang='lat' dir='ltr'><strong>silentium</strong></span> 
     </span>
    </p>
   </div>
   <div class='ocr_carea' id='block_1_105' title="bbox 200 5447 1891 5522">
    <p class='ocr_par' dir='ltr' id='par_1_105' title="bbox 200 5447 1891 5522">
     <span class='ocr_line' id='line_1_105' title="bbox 200 5447 1891 5522; baseline -0.002 -12"><span class='ocrx_word' id='word_1_835' title='bbox 200 5467 382 5510; x_wconf 68' lang='lat' dir='ltr'><strong>me.</strong></span> <span class='ocrx_word' id='word_1_836' title='bbox 410 5447 590 5508; x_wconf 75' lang='lat' dir='ltr'><strong>Porro</strong></span> <span class='ocrx_word' id='word_1_837' title='bbox 618 5449 866 5522; x_wconf 86' lang='lat' dir='ltr'><strong>Gravius</strong></span> <span class='ocrx_word' id='word_1_838' title='bbox 895 5448 1187 5522; x_wconf 65' lang='lat' dir='ltr'><strong>festivum</strong></span> <span class='ocrx_word' id='word_1_839' title='bbox 1191 5447 1492 5522; x_wconf 77' lang='lat' dir='ltr'><strong>quoddam</strong></span> <span class='ocrx_word' id='word_1_840' title='bbox 1516 5448 1891 5522; x_wconf 85' lang='lat' dir='ltr'><strong>Epigramma</strong></span> 
     </span>
    </p>
   </div>
   <div class='ocr_carea' id='block_1_106' title="bbox 200 5519 1887 5605">
    <p class='ocr_par' dir='ltr' id='par_1_106' title="bbox 200 5519 1887 5605">
     <span class='ocr_line' id='line_1_106' title="bbox 200 5519 1887 5605; baseline -0.004 -18"><span class='ocrx_word' id='word_1_841' title='bbox 200 5526 275 5587; x_wconf 80' lang='lat' dir='ltr'><strong>in</strong></span> <span class='ocrx_word' id='word_1_842' title='bbox 309 5524 458 5605; x_wconf 68' lang='lat' dir='ltr'><strong>ejus</strong></span> <span class='ocrx_word' id='word_1_843' title='bbox 474 5521 832 5585; x_wconf 58' lang='lat' dir='ltr'><strong>“stantiam</strong></span> <span class='ocrx_word' id='word_1_844' title='bbox 863 5520 1068 5582; x_wconf 65' lang='lat' dir='ltr'><strong>adert:</strong></span> <span class='ocrx_word' id='word_1_845' title='bbox 1103 5543 1133 5575; x_wconf 86' lang='grc'><em>‹‹</em></span> <span class='ocrx_word' id='word_1_846' title='bbox 1166 5519 1342 5599; x_wconf 77' lang='lat' dir='ltr'><strong>Heus,</strong></span> <span class='ocrx_word' id='word_1_847' title='bbox 1374 5519 1581 5595; x_wconf 72' lang='lat' dir='ltr'><strong>viator;</strong></span> <span class='ocrx_word' id='word_1_848' title='bbox 1630 5519 1887 5584; x_wconf 74' lang='lat' dir='ltr'><strong>miracu-</strong></span> 
     </span>
    </p>
   </div>
   <div class='ocr_carea' id='block_1_107' title="bbox 81 5976 947 6111">
    <p class='ocr_par' dir='ltr' id='par_1_107' title="bbox 81 5976 947 6111">
     <span class='ocr_line' id='line_1_107' title="bbox 81 5976 947 6111; baseline -0.014 0"><span class='ocrx_word' id='word_1_849' title='bbox 81 5976 823 6111; x_wconf 41' lang='grc' dir='ltr'><strong>..ά-μμ,</strong></span> <span class='ocrx_word' id='word_1_850' title='bbox 906 6094 947 6099; x_wconf 36' lang='grc' dir='ltr'><em>τ</em></span> 
     </span>
    </p>
   </div>
   <div class='ocr_carea' id='block_1_108' title="bbox 2005 4517 3151 4593">
    <p class='ocr_par' dir='ltr' id='par_1_108' title="bbox 2005 4517 3151 4593">
     <span class='ocr_line' id='line_1_108' title="bbox 2005 4517 3151 4593; baseline 0 -19"><span class='ocrx_word' id='word_1_851' title='bbox 2005 4519 2126 4593; x_wconf 81' lang='lat' dir='ltr'><strong>lum</strong></span> <span class='ocrx_word' id='word_1_852' title='bbox 2162 4517 2256 4574; x_wconf 89' lang='lat' dir='ltr'><strong>hic</strong></span> <span class='ocrx_word' id='word_1_853' title='bbox 2284 4536 2297 4585; x_wconf 91' lang='lat'><strong>;</strong></span> <span class='ocrx_word' id='word_1_854' title='bbox 2330 4518 2496 4593; x_wconf 78' lang='lat' dir='ltr'><strong>viret</strong></span> <span class='ocrx_word' id='word_1_855' title='bbox 2522 4536 2666 4575; x_wconf 89' lang='lat' dir='ltr'><strong>uxor</strong></span> <span class='ocrx_word' id='word_1_856' title='bbox 2695 4537 2822 4593; x_wconf 3' lang='lat' dir='ltr'><strong>non,</strong></span> <span class='ocrx_word' id='word_1_857' title='bbox 2836 4518 3086 4593; x_wconf 87' lang='lat' dir='ltr'><strong>litigant.</strong></span> <span class='ocrx_word' id='word_1_858' title='bbox 3123 4542 3151 4569; x_wconf 82' lang='lat'>»</span> 
     </span>
    </p>
   </div>
   <div class='ocr_carea' id='block_1_109' title="bbox 2076 4589 3653 4664">
    <p class='ocr_par' dir='ltr' id='par_1_109' title="bbox 2076 4589 3653 4664">
     <span class='ocr_line' id='line_1_109' title="bbox 2076 4589 3653 4664; baseline 0.002 -21"><span class='ocrx_word' id='word_1_859' title='bbox 2076 4591 2098 4623; x_wconf 74' lang='grc'>³</span> <span class='ocrx_word' id='word_1_860' title='bbox 2126 4593 2263 4645; x_wconf 85' lang='lat' dir='ltr'><strong>Mss.</strong></span> <span class='ocrx_word' id='word_1_861' title='bbox 2288 4594 2358 4664; x_wconf 80' lang='lat' dir='ltr'><strong>ut</strong></span> <span class='ocrx_word' id='word_1_862' title='bbox 2385 4590 2634 4657; x_wconf 87' lang='lat' dir='ltr'><strong>videtur,</strong></span> <span class='ocrx_word' id='word_1_863' title='bbox 2686 4589 3013 4659; x_wconf 53' lang='lat' dir='ltr'><strong>rectiusfet</strong></span> <span class='ocrx_word' id='word_1_864' title='bbox 3058 4592 3348 4664; x_wconf 88' lang='lat' dir='ltr'><strong>perpluere</strong></span> <span class='ocrx_word' id='word_1_865' title='bbox 3376 4595 3432 4646; x_wconf 91' lang='lat' dir='ltr'><strong>et</strong></span> <span class='ocrx_word' id='word_1_866' title='bbox 3480 4589 3653 4661; x_wconf 91' lang='lat' dir='ltr'><strong>paulo</strong></span> 
     </span>
    </p>
   </div>
   <div class='ocr_carea' id='block_1_110' title="bbox 2007 4662 3656 4734">
    <p class='ocr_par' dir='ltr' id='par_1_110' title="bbox 2007 4662 3656 4734">
     <span class='ocr_line' id='line_1_110' title="bbox 2007 4662 3656 4734; baseline -0.001 -18"><span class='ocrx_word' id='word_1_867' title='bbox 2007 4665 2139 4734; x_wconf 91' lang='lat' dir='ltr'><strong>post</strong></span> <span class='ocrx_word' id='word_1_868' title='bbox 2164 4662 2429 4732; x_wconf 85' lang='lat' dir='ltr'><strong>perﬂuas,</strong></span> <span class='ocrx_word' id='word_1_869' title='bbox 2455 4666 2531 4728; x_wconf 92' lang='lat' dir='ltr'><strong>et,</strong></span> <span class='ocrx_word' id='word_1_870' title='bbox 2550 4663 2914 4732; x_wconf 80' lang='lat' dir='ltr'><strong>per/luamus,</strong></span> <span class='ocrx_word' id='word_1_871' title='bbox 2938 4678 3042 4734; x_wconf 91' lang='lat' dir='ltr'><strong>pro</strong></span> <span class='ocrx_word' id='word_1_872' title='bbox 3060 4662 3454 4734; x_wconf 77' lang='lat' dir='ltr'><strong>super/luas,et</strong></span> <span class='ocrx_word' id='word_1_873' title='bbox 3469 4676 3656 4731; x_wconf 84' lang='lat' dir='ltr'><strong>super-</strong></span> 
     </span>
    </p>
   </div>
   <div class='ocr_carea' id='block_1_111' title="bbox 2048 4748 2262 4788">
    <p class='ocr_par' dir='ltr' id='par_1_111' title="bbox 2048 4748 2262 4788">
     <span class='ocr_line' id='line_1_111' title="bbox 2048 4748 2262 4788; baseline -0.009 0"><span class='ocrx_word' id='word_1_874' title='bbox 2048 4748 2243 4788; x_wconf 86' lang='lat' dir='ltr'><strong>uamus</strong></span> <span class='ocrx_word' id='word_1_875' title='bbox 2250 4773 2262 4786; x_wconf 87' lang='lat'><strong>.</strong></span> 
     </span>
    </p>
   </div>
   <div class='ocr_carea' id='block_1_112' title="bbox 2004 4735 3648 4874">
    <p class='ocr_par' dir='ltr' id='par_1_112' title="bbox 2004 4735 3648 4874">
     <span class='ocr_line' id='line_1_112' title="bbox 2004 4735 3648 4874; baseline -0.005 -14"><span class='ocrx_word' id='word_1_876' title='bbox 2004 4735 2329 4874; x_wconf 40' lang='lat' dir='ltr'><strong>$3.2m,</strong></span> <span class='ocrx_word' id='word_1_877' title='bbox 2362 4804 2479 4858; x_wconf 86' lang='lat' dir='ltr'><strong>Non</strong></span> <span class='ocrx_word' id='word_1_878' title='bbox 2507 4802 2689 4859; x_wconf 87' lang='lat' dir='ltr'><strong>dicent</strong></span> <span class='ocrx_word' id='word_1_879' title='bbox 2715 4806 2849 4859; x_wconf 89' lang='lat' dir='ltr'><strong>satis</strong></span> <span class='ocrx_word' id='word_1_880' title='bbox 2897 4812 3007 4870; x_wconf 89' lang='lat' dir='ltr'><strong>est;</strong></span> <span class='ocrx_word' id='word_1_881' title='bbox 3042 4804 3214 4874; x_wconf 83' lang='lat' dir='ltr'><strong>juxta</strong></span> <span class='ocrx_word' id='word_1_882' title='bbox 3261 4803 3418 4858; x_wconf 62' lang='lat' dir='ltr'><strong>Graec</strong></span> <span class='ocrx_word' id='word_1_883' title='bbox 3447 4798 3509 4853; x_wconf 78' lang='grc' dir='ltr'><strong>οὐ</strong></span> <span class='ocrx_word' id='word_1_884' title='bbox 3572 4804 3648 4874; x_wconf 73' lang='grc' dir='ltr'><strong>μή</strong></span> 
     </span>
    </p>
   </div>
   <div class='ocr_carea' id='block_1_113' title="bbox 2004 4870 3652 4947">
    <p class='ocr_par' dir='ltr' id='par_1_113' title="bbox 2004 4870 3652 4947">
     <span class='ocr_line' id='line_1_113' title="bbox 2004 4870 3652 4947; baseline 0.002 -19"><span class='ocrx_word' id='word_1_885' title='bbox 2004 4870 2224 4947; x_wconf 76' lang='grc' dir='ltr'><strong>εἷ’πῳσιν</strong></span> <span class='ocrx_word' id='word_1_886' title='bbox 2264 4893 2276 4942; x_wconf 90' lang='grc'><strong>;</strong></span> <span class='ocrx_word' id='word_1_887' title='bbox 2310 4870 2436 4930; x_wconf 78' lang='lat' dir='ltr'><strong>tum</strong></span> <span class='ocrx_word' id='word_1_888' title='bbox 2486 4874 2798 4947; x_wconf 71' lang='lat' dir='ltr'><strong>praeposita</strong></span> <span class='ocrx_word' id='word_1_889' title='bbox 2833 4876 2881 4929; x_wconf 90' lang='lat' dir='ltr'><strong>si</strong></span> <span class='ocrx_word' id='word_1_890' title='bbox 2931 4870 3240 4947; x_wconf 78' lang='lat' dir='ltr'><strong>particula,</strong></span> <span class='ocrx_word' id='word_1_891' title='bbox 3291 4889 3427 4929; x_wconf 89' lang='lat' dir='ltr'><strong>cum</strong></span> <span class='ocrx_word' id='word_1_892' title='bbox 3472 4870 3652 4931; x_wconf 84' lang='lat' dir='ltr'><strong>veteri</strong></span> 
     </span>
    </p>
   </div>
   <div class='ocr_carea' id='block_1_114' title="bbox 2003 4946 2740 5016">
    <p class='ocr_par' dir='ltr' id='par_1_114' title="bbox 2003 4946 2740 5016">
     <span class='ocr_line' id='line_1_114' title="bbox 2003 4946 2740 5016; baseline -0.001 -14"><span class='ocrx_word' id='word_1_893' title='bbox 2003 4946 2276 5012; x_wconf 89' lang='lat' dir='ltr'><strong>editione,</strong></span> <span class='ocrx_word' id='word_1_894' title='bbox 2302 4948 2352 5001; x_wconf 90' lang='lat' dir='ltr'><strong>si</strong></span> <span class='ocrx_word' id='word_1_895' title='bbox 2382 4946 2740 5016; x_wconf 85' lang='lat' dir='ltr'><strong>sanguisuga.</strong></span> 
     </span>
    </p>
   </div>
   <div class='ocr_carea' id='block_1_115' title="bbox 2067 5014 3655 5088">
    <p class='ocr_par' dir='ltr' id='par_1_115' title="bbox 2067 5014 3655 5088">
     <span class='ocr_line' id='line_1_115' title="bbox 2067 5014 3655 5088; baseline 0.003 -17"><span class='ocrx_word' id='word_1_896' title='bbox 2067 5019 2095 5053; x_wconf 66' lang='grc' dir='ltr'><strong>λ’</strong></span> <span class='ocrx_word' id='word_1_897' title='bbox 2127 5022 2234 5074; x_wconf 89' lang='lat' dir='ltr'><strong>Pro</strong></span> <span class='ocrx_word' id='word_1_898' title='bbox 2263 5020 2422 5088; x_wconf 86' lang='lat' dir='ltr'><strong>atqui</strong></span> <span class='ocrx_word' id='word_1_899' title='bbox 2451 5016 2549 5071; x_wconf 87' lang='lat' dir='ltr'><strong>hoc</strong></span> <span class='ocrx_word' id='word_1_900' title='bbox 2574 5014 2883 5086; x_wconf 80' lang='lat' dir='ltr'><strong>periculum</strong></span> <span class='ocrx_word' id='word_1_901' title='bbox 2912 5017 2970 5070; x_wconf 89' lang='lat' dir='ltr'><strong>in</strong></span> <span class='ocrx_word' id='word_1_902' title='bbox 3000 5022 3200 5071; x_wconf 84' lang='lat' dir='ltr'><strong>memet</strong></span> <span class='ocrx_word' id='word_1_903' title='bbox 3231 5014 3377 5087; x_wconf 84' lang='lat' dir='ltr'><strong>fieri,</strong></span> <span class='ocrx_word' id='word_1_904' title='bbox 3410 5018 3521 5071; x_wconf 90' lang='lat' dir='ltr'><strong>etc.</strong></span> <span class='ocrx_word' id='word_1_905' title='bbox 3554 5034 3655 5075; x_wconf 87' lang='lat' dir='ltr'><strong>no-</strong></span> 
     </span>
    </p>
   </div>
   <div class='ocr_carea' id='block_1_116' title="bbox 2003 5088 3650 5161">
    <p class='ocr_par' dir='ltr' id='par_1_116' title="bbox 2003 5088 3650 5161">
     <span class='ocr_line' id='line_1_116' title="bbox 2003 5088 3650 5161; baseline 0 -16"><span class='ocrx_word' id='word_1_906' title='bbox 2003 5089 2108 5145; x_wconf 90' lang='lat' dir='ltr'><strong>stri</strong></span> <span class='ocrx_word' id='word_1_907' title='bbox 2130 5089 2359 5146; x_wconf 89' lang='lat' dir='ltr'><strong>codices</strong></span> <span class='ocrx_word' id='word_1_908' title='bbox 2406 5088 2652 5161; x_wconf 86' lang='lat' dir='ltr'><strong>fortasse</strong></span> <span class='ocrx_word' id='word_1_909' title='bbox 2687 5088 3051 5161; x_wconf 58' lang='lat' dir='ltr'><strong>correctoris</strong></span> <span class='ocrx_word' id='word_1_910' title='bbox 3110 5104 3353 5161; x_wconf 81' lang='lat' dir='ltr'><strong>manum</strong></span> <span class='ocrx_word' id='word_1_911' title='bbox 3402 5090 3650 5161; x_wconf 85' lang='lat' dir='ltr'><strong>experti,</strong></span> 
     </span>
    </p>
   </div>
   <div class='ocr_carea' id='block_1_117' title="bbox 1999 5158 3647 5233">
    <p class='ocr_par' dir='ltr' id='par_1_117' title="bbox 1999 5158 3647 5233">
     <span class='ocr_line' id='line_1_117' title="bbox 1999 5158 3647 5233; baseline 0.001 -16"><span class='ocrx_word' id='word_1_912' title='bbox 1999 5164 2066 5217; x_wconf 84' lang='lat' dir='ltr'><strong>At</strong></span> <span class='ocrx_word' id='word_1_913' title='bbox 2096 5161 2195 5218; x_wconf 85' lang='lat' dir='ltr'><strong>hoc</strong></span> <span class='ocrx_word' id='word_1_914' title='bbox 2205 5160 2515 5233; x_wconf 82' lang='lat' dir='ltr'><strong>perieulum</strong></span> <span class='ocrx_word' id='word_1_915' title='bbox 2536 5159 2807 5229; x_wconf 87' lang='lat' dir='ltr'><strong>imminet,</strong></span> <span class='ocrx_word' id='word_1_916' title='bbox 2832 5158 2973 5229; x_wconf 82' lang='lat' dir='ltr'><strong>ﬁeri.</strong></span> <span class='ocrx_word' id='word_1_917' title='bbox 2996 5160 3305 5217; x_wconf 87' lang='lat' dir='ltr'><strong>Terentius</strong></span> <span class='ocrx_word' id='word_1_918' title='bbox 3320 5160 3378 5215; x_wconf 91' lang='lat' dir='ltr'><strong>in</strong></span> <span class='ocrx_word' id='word_1_919' title='bbox 3393 5158 3647 5219; x_wconf 81' lang='lat' dir='ltr'><strong>Andria:</strong></span> 
     </span>
    </p>
   </div>
   <div class='ocr_carea' id='block_1_118' title="bbox 2061 5300 3287 5367">
    <p class='ocr_par' dir='ltr' id='par_1_118' title="bbox 2061 5300 3287 5367">
     <span class='ocr_line' id='line_1_118' title="bbox 2061 5300 3287 5367; baseline 0 -15"><span class='ocrx_word' id='word_1_920' title='bbox 2061 5303 2129 5352; x_wconf 84' lang='lat' dir='ltr'><strong>At</strong></span> <span class='ocrx_word' id='word_1_921' title='bbox 2157 5302 2289 5352; x_wconf 90' lang='lat' dir='ltr'><strong>illud</strong></span> <span class='ocrx_word' id='word_1_922' title='bbox 2322 5300 2615 5364; x_wconf 87' lang='lat' dir='ltr'><strong>periculum</strong></span> <span class='ocrx_word' id='word_1_923' title='bbox 2648 5301 2702 5351; x_wconf 89' lang='lat' dir='ltr'><strong>ln</strong></span> <span class='ocrx_word' id='word_1_924' title='bbox 2734 5300 2839 5352; x_wconf 81' lang='lat' dir='ltr'><strong>ﬁlia</strong></span> <span class='ocrx_word' id='word_1_925' title='bbox 2860 5301 2973 5352; x_wconf 83' lang='lat' dir='ltr'><strong>ﬁeri</strong></span> <span class='ocrx_word' id='word_1_926' title='bbox 2998 5316 3162 5367; x_wconf 85' lang='lat' dir='ltr'><strong>grave</strong></span> <span class='ocrx_word' id='word_1_927' title='bbox 3191 5307 3287 5352; x_wconf 87' lang='lat' dir='ltr'><strong>est.</strong></span> 
     </span>
    </p>
   </div>
   <div class='ocr_carea' id='block_1_119' title="bbox 2069 5441 3653 5519">
    <p class='ocr_par' dir='ltr' id='par_1_119' title="bbox 2069 5441 3653 5519">
     <span class='ocr_line' id='line_1_119' title="bbox 2069 5441 3653 5519; baseline -0.003 -16"><span class='ocrx_word' id='word_1_928' title='bbox 2069 5447 2090 5481; x_wconf 73' lang='grc'>⁸</span> <span class='ocrx_word' id='word_1_929' title='bbox 2122 5443 2515 5519; x_wconf 82' lang='lat' dir='ltr'><strong>Reposuimus</strong></span> <span class='ocrx_word' id='word_1_930' title='bbox 2545 5460 2575 5503; x_wconf 89' lang='lat' dir='ltr'><strong>e</strong></span> <span class='ocrx_word' id='word_1_931' title='bbox 2597 5461 2742 5504; x_wconf 87' lang='lat' dir='ltr'><strong>mss.</strong></span> <span class='ocrx_word' id='word_1_932' title='bbox 2775 5448 2833 5502; x_wconf 90' lang='lat' dir='ltr'><strong>et</strong></span> <span class='ocrx_word' id='word_1_933' title='bbox 2867 5446 3045 5504; x_wconf 88' lang='lat' dir='ltr'><strong>veteri</strong></span> <span class='ocrx_word' id='word_1_934' title='bbox 3098 5443 3349 5504; x_wconf 88' lang='lat' dir='ltr'><strong>editione</strong></span> <span class='ocrx_word' id='word_1_935' title='bbox 3378 5441 3653 5519; x_wconf 74' lang='lat' dir='ltr'><strong>fminam</strong></span> 
     </span>
    </p>
   </div>
   <div class='ocr_carea' id='block_1_120' title="bbox 1998 5516 3185 5596">
    <p class='ocr_par' dir='ltr' id='par_1_120' title="bbox 1998 5516 3185 5596">
     <span class='ocr_line' id='line_1_120' title="bbox 1998 5516 3185 5596; baseline -0.001 -19"><span class='ocrx_word' id='word_1_936' title='bbox 1998 5533 2103 5596; x_wconf 88' lang='lat' dir='ltr'><strong>pro</strong></span> <span class='ocrx_word' id='word_1_937' title='bbox 2121 5516 2436 5577; x_wconf 77' lang='lat' dir='ltr'><strong>mulierem.</strong></span> <span class='ocrx_word' id='word_1_938' title='bbox 3182 5538 3185 5539; x_wconf 49' lang='grc' dir='ltr'><em>ν</em></span> 
     </span>
    </p>
   </div>
   <div class='ocr_carea' id='block_1_121' title="bbox 3574 5798 3985 5989">
    <p class='ocr_par' dir='ltr' id='par_1_121' title="bbox 3574 5798 3985 5989">
     <span class='ocr_line' id='line_1_121' title="bbox 3574 5798 3985 5989; baseline 0 -60"><span class='ocrx_word' id='word_1_939' title='bbox 3602 5798 3985 5929; x_wconf 71' lang='grc' dir='ltr'><strong>ιιι-</strong></span> 
     </span>
    </p>
   </div>
  </div>
