5364 6558
1139 314 1260 380 πθ

2397 304 2461 373 S.
2509 298 2822 372 EUSEBII
2864 298 3311 373 BIERONYMI

4370 316 4479 379 ιιθι

1141 449 1414 522 paradiso
1446 450 1672 505 rectum
1702 444 1765 502 in
1794 444 1965 503 nobis
1991 444 2203 516 fuerat,
2244 441 2683 517 egredientibus
2729 441 2799 497 de
2827 456 2881 524 Α
2911 442 3072 497 Ficus
3109 443 3348 514 protulit
3393 457 3603 514 grossos
3649 454 3772 497 suos
3810 440 3988 513 (Cant.
4042 457 4100 508 ιι,
4133 441 4234 514 43),
4276 444 4329 501 id
4382 452 4478 516 est,

1138 538 1414 611 paradiso
1438 538 1818 609 depravatum
1842 538 1950 591 est.
1984 534 2147 600 Quod
2179 533 2231 589 si
2278 530 2583 603 objeceris,
2634 534 2794 585 ante-

1139 641 1320 697 quam
1352 627 1681 696 peccarent,
1715 636 1921 678 sexum
1953 620 2063 676 viri
2094 624 2152 676 et
2183 619 2412 676 feminas
2438 618 2619 674 fuisse
2650 615 2795 673 divi-

1137 730 1296 781 sum,
1316 717 1374 769 et
1404 712 1627 783 absque
1659 715 1893 783 peccato
1932 726 2031 766 eos
2052 708 2314 781 potuisse
2336 707 2635 779 conjungi,
2652 706 2794 778 quid

1138 802 1404 857 futurum
1431 801 1606 856 fuerit
1637 798 1935 854 incertum
1967 801 2076 855 est.
2108 797 2307 870 Neque
2335 796 2493 852 enim
2522 794 2625 851 Dei
2670 810 2797 868 pos-

1130 906 1345 946 sumus
1376 890 1527 946 scire
1568 888 1820 960 judicia,
1875 893 1933 941 et
1977 903 2047 942 ex
2090 890 2291 942 nostro
2342 884 2583 940 arbitrio
2633 881 2794 938 illius

1141 980 1448 1037 sententiae
1480 976 1880 1050 prmjudicare.
1931 976 2050 1032 Hoc
2091 975 2246 1047 quod
2297 974 2517 1031 factum
2557 976 2667 1039 est,
2736 970 2794 1025 in

1145 1066 1453 1140 propatulo
1484 1070 1595 1134 est,
1626 1065 1778 1138 quod
1809 1063 1911 1137 qui
1952 1064 2013 1120 in
2062 1063 2335 1137 paradiso
2362 1056 2630 1135 'virgines
2670 1075 2795 1133 per-

1149 1159 1513 1225 manserunt,
1554 1154 1721 1226 ejecti
1777 1153 1849 1208 de
1879 1153 2154 1226 paradiso
2184 1150 2440 1224 copulati
2473 1154 2631 1206 sunt.
2679 1152 2797 1203 Aut

1146 1245 1286 1316 quid
1317 1244 1578 1311 nocebat,
1612 1242 1662 1298 si
1688 1242 2001 1315 paradisus
2037 1241 2274 1313 nuptias
2302 1239 2524 1311 recipit,
2548 1242 2604 1295 et
2632 1236 2795 1293 nulla

1141 1336 1232 1389 est
1258 1333 1409 1388 inter
1439 1331 1774 1387 maritatam
1801 1332 1816 1366 ¹
1848 1328 2590 1402 virginemquediversitas,
2614 1326 2792 1383 etiam

1142 1422 1204 1477 in
1234 1421 1508 1493 paradiso
1538 1437 1638 1476 eos
1661 1423 1796 1476 ante
1826 1420 2035 1476 sociari
2064 1419 2092 1474 ?
2124 1419 2455 1489 Ejiciuntur
2510 1417 2581 1473 de
2622 1430 2792 1487 para-

1140 1511 1303 1580 diso;
1336 1515 1395 1566 et
1423 1510 1578 1583 quod
1608 1508 1690 1564 ibi
1738 1525 1855 1565 non
1902 1508 2185 1576 fecerunt,
2236 1507 2296 1562 in
2335 1511 2491 1562 terra
2550 1502 2791 1570 faciunt,

1144 1603 1211 1655 ut
1239 1598 1445 1655 statim
1471 1616 1499 1653 a
1531 1596 1815 1670 principio
1846 1596 2197 1652 conditionis
2227 1596 2501 1651 humana:
2558 1591 2796 1665 virgini-

1140 1691 1320 1744 tatem
1352 1686 1683 1760 paradisus,
1714 1689 1772 1741 et
1814 1689 1970 1741 terra
2011 1684 2248 1757 nuptias
2304 1681 2676 1740 dedicaverit.
2732 1682 2792 1735 In

1141 1776 1295 1833 omni
1321 1779 1565 1847 tempore
1590 1775 1706 1829 sint
1734 1775 2052 1829 vestimenta
2083 1777 2178 1828 tua
2200 1772 2434 1828 candida
2465 1770 2659 1844 (Eccle.
2713 1787 2789 1837 ιιι,

1142 1865 1218 1936 8).
1264 1864 1494 1920 Candor
1528 1862 1782 1919 vestium
1831 1862 2250 1935 sempiternus,
2296 1859 2654 1934 virginitatis
2703 1862 2793 1913 est

1142 1952 1392 2026 paritas.
1417 1952 1481 2008 In
1513 1951 1802 2008 matutino
1823 1950 2246 2007 seminavimus
2275 1966 2474 2007 semen
2524 1952 2789 2005 nostrum

1138 2047 1196 2099 et
1224 2042 1297 2098 ad
1330 2057 1635 2114 vesperam
1667 2056 1784 2097 non
1823 2055 2145 2097 cessemus.
2196 2039 2304 2104 Qui
2336 2037 2686 2095 servnvimus
2730 2035 2789 2090 in

1142 2131 1270 2205 lege
1299 2129 1541 2203 nuptiis,
1574 2127 1895 2202 virginitati
1921 2128 1979 2184 in
2013 2128 2323 2201 Evangelio
2352 2127 2699 2184 serviamus.

1211 2221 1300 2275 30.
1352 2220 1642 2275 Canticum
1685 2219 2026 2274 canticorum
2075 2233 2183 2274 non
2222 2218 2500 2288 signiﬁcat
2548 2229 2792 2271 amorem

1139 2310 1346 2364 carnis.
1370 2307 1709 2363 —-Transeo
1732 2306 1809 2362 ad
1831 2306 2136 2362 Canticum
2158 2306 2614 2372 canticorum,et
2634 2303 2789 2376 quod

1140 2396 1513 2454 adversarius
1542 2400 1730 2451 totum
1761 2398 1930 2469 putat
1957 2410 2088 2452 esse
2106 2411 2210 2467 pro
2251 2394 2497 2467 nuptiis,
2545 2391 2792 2464 virgini-

1140 2485 1279 2542 tatis
1307 2484 1605 2541 continere
1634 2487 2004 2539 sacramenta
2050 2483 2411 2539 monstrabo.
2466 2481 2791 2538 Audiamus

1142 2574 1284 2646 quid
1302 2574 1579 2644 loquatur
1590 2588 1827 2645 sponsa,
1851 2577 2169 2644 antequam
2182 2589 2439 2645 sponsus
2453 2572 2583 2644 ejus
2596 2570 2669 2627 ad
2682 2574 2793 2626 ter-

1143 2678 1239 2720 ras
1268 2661 1482 2730 veniat,
1516 2661 1793 2733 patiatur,
1825 2660 2044 2716 inferos
2073 2665 2359 2733 penetret,
2386 2677 2452 2716 ac
2499 2663 2787 2731 resurgat.

1144 2749 1549 2808 Similitudines
1570 2750 1699 2804 auri
1726 2750 1990 2820 faciemus
2038 2749 2140 2803 tibi
2178 2765 2304 2804 cum
2350 2748 2792 2805 distinctionibus

1145 2839 1363 2908 argenti
1398 2836 1748 2910 quoadusque
1794 2853 1894 2892 rex
1942 2837 2001 2891 in
2031 2838 2283 2893 accubitu
2329 2852 2428 2892 suo
2473 2844 2553 2893 est
2605 2836 2786 2907 (Cant.

1144 2945 1183 2996 ι,
1218 2928 1308 2994 to,
1340 2927 1452 2998 ll).
1484 2929 1818 2997 Antequam
1850 2930 2179 2999 resurgeret
2199 2926 2507 2992 Dominus,
2528 2929 2587 2981 et
2611 2924 2790 2980 Evan-

1140 3015 1362 3088 gelium
1393 3019 1745 3081 coruscaret,
1778 3030 1897 3069 non
1920 3014 2172 3070 habebat
2189 3031 2400 3071 aurum
2426 3030 2666 3086 sponsa,
2687 3014 2785 3070 sed

1143 3102 1566 3160 similitudines
1596 3102 1746 3157 auri.
1778 3104 2100 3175 Argentum
2138 3108 2335 3158 autem
2380 3102 2537 3174 quod
2577 3102 2637 3156 in
2680 3117 2789 3157 nu-

2904 529 3115 587 veteris
3144 530 3291 604 legis
3322 534 3606 603 praecepta
3636 529 3986 601 ceciderunt,
4017 538 4069 587 et
4106 531 4171 586 de
4212 532 4481 605 Evangelio

2902 620 3049 675 vites
3090 620 3362 676 ﬂorentes
3393 620 3679 676 dederunt
3708 618 3962 675 odorem.
3994 617 4147 676 Unde
4188 623 4241 674 et
4279 621 4483 691 Aposto-

2904 706 2997 763 lus
3022 724 3035 763 :
3069 708 3273 764 Christi
3304 709 3471 764 bonus
3498 708 3629 765 odor
3656 724 3844 764 sumus
3874 708 3948 778 (II
3973 706 4278 778 Cor.u,l5).
4319 707 4484 779 Surge,

2903 812 3051 866 veni,
3074 797 3337 868 proxima
3362 813 3504 865 mea,
3525 813 3720 869 sponsa
3749 812 3888 864 mea,
3920 799 3969 851 et
3998 797 4132 851 veni.
4163 796 4233 849 Tu
4275 796 4488 852 columba

2903 900 3025 940 mea
3054 887 3116 940 in
3144 885 3445 942 velamento
3470 889 3641 957 petrae
3662 886 3831 957 juxta
3857 884 4179 956 promurale,
4217 888 4266 939 et
4306 883 4490 940 ostende

2904 972 3045 1028 mihi
3070 976 3271 1046 [aciem
3303 979 3478 1041 tuam,
3495 982 3548 1030 et
3573 974 3821 1030 auditam
3846 976 3935 1044 [ac
3979 972 4116 1028 mihi
4158 987 4325 1028 vocem
4365 975 4491 1027 tuam

2904 1063 3167 1134 quoniam
3196 1079 3299 1119 vox
3329 1068 3428 1119 tua
3454 1066 3661 1128 suavis,
3692 1067 3742 1120 et
3769 1064 3936 1134 facies
3964 1069 4055 1118 tua
4072 1062 4302 1133 speciosa
4339 1060 4490 1132 (Cant.

2904 1166 2967 1219 ιι,
3002 1151 3087 1219 13,
3123 1152 3229 1223 14).
3262 1151 3413 1207 Dum
3443 1150 3667 1206 vultum
3688 1154 3858 1206 tuum
3890 1154 4107 1223 tegeres
4163 1163 4291 1203 cum
4336 1151 4497 1219 Moyse

2902 1242 2961 1294 et
2989 1238 3385 1296 velamentum
3418 1244 3576 1297 esset
3604 1240 3663 1294 in
3696 1238 3842 1311 lege,
3874 1254 3978 1294 nec
4010 1237 4206 1293 faciem
4235 1240 4383 1292 tuam
4424 1239 4495 1290 vt-

2904 1328 3136 1393 debam,
3173 1344 3277 1384 nec
3305 1345 3506 1385 vocem
3537 1332 3701 1384 tuam
3734 1327 4018 1399 dignabor
4046 1324 4239 1381 audire
4290 1323 4495 1379 dicens:

2901 1418 2965 1472 Et
2993 1418 3044 1471 si
3066 1418 3570 1489 fmultiplicaveritis
3605 1432 3790 1489 preces
3835 1418 4036 1471 vestras
4082 1416 4258 1485 [Forte
4300 1426 4497 1483 precem

2900 1507 3200 1577 vestram],
3232 1521 3330 1562 nec
3373 1509 3452 1563 sic
3501 1506 3797 1562 exaudiam
3840 1520 3934 1560 vos
3982 1505 4105 1575 (Isa.
4156 1520 4192 1557 ι.
4238 1502 4340 1572 l5).
4362 1500 4501 1556 Nunc

2902 1598 3098 1650 autem
3126 1595 3383 1651 revelata
3409 1595 3554 1651 facie
3598 1593 3995 1666 contemplare
4039 1590 4277 1665 gloriam
4321 1604 4502 1654 meam,

2902 1687 2959 1738 et
2978 1687 3152 1755 petrae
3174 1684 3528 1740 firmissimas
3550 1688 3743 1756 tegere
3764 1680 4106 1756 promurali.
4124 1679 4280 1744 Quod
4291 1677 4504 1733 audiens

2902 1788 3119 1844 sponsa
3131 1773 3316 1845 aperit
3334 1777 3702 1835 sacramenta
3712 1789 3787 1844 pu
3797 1770 4005 1828 dicitiae
4028 1787 4042 1826 :
4072 1767 4362 1827 Fratruelis
4378 1780 4508 1822 meus

2824 1829 2870 1895 Β
2900 1829 3067 1928 nim,
3099 1870 3151 1918 et
3169 1829 3272 1933 'ego
3301 1829 3391 1918 .m-
3419 1863 3515 1933 qui
3533 1829 3747 1933 pascit.‘
3776 1862 3921 1917 inter
3942 1860 4068 1917 lilia
4090 1858 4263 1931 (Cant.
4315 1872 4371 1923 ιι,
4414 1854 4505 1924 l6),

2901 1948 3012 2004 hoc
3031 1955 3141 2018 est,
3175 1951 3326 2006 inter
3354 1950 3648 2022 virginum
3671 1949 4126 2006 candidissimos
4157 1946 4371 2002 choros.
4422 1942 4510 1998 Vis

2901 2036 3049 2094 scire
3092 2038 3265 2110 quale
3309 2055 3484 2096 verus
3531 2039 3807 2095 Salomon
3856 2037 4140 2111 paciﬁcus
4203 2037 4386 2091 noster
4436 2046 4511 2088 so-

2899 2128 3048 2185 lium
3096 2127 3302 2201 quales
3349 2128 3564 2185 habeat
3615 2129 3962 2201 armigeros.
4013 2128 4162 2194 Ecce,
4210 2123 4304 2191 ait,
4366 2122 4512 2177 lectus

2899 2216 3208 2273 Salomonis
3253 2219 3546 2286 sexaginta
3584 2220 3830 2289 potentes
3893 2218 3958 2272 in
4004 2215 4236 2271 circuitu
4300 2212 4408 2282 ejus
4464 2207 4520 2262 de

2894 2306 3203 2378 potentibus
3231 2307 3419 2373 Israel,
3450 2322 3635 2362 omnes
3665 2309 3901 2362 tenentes
3928 2308 4206 2377 frameam
4230 2302 4268 2369 δ,
4296 2307 4343 2355 et
4392 2295 4524 2352 docti

2901 2395 3060 2465 bello,
3103 2396 3536 2467 uniuscujusque
3580 2396 3691 2451 viri
3740 2394 3966 2465 gladius
4025 2395 4090 2451 in
4133 2395 4324 2464 femore
4364 2388 4523 2458 ipsius

2901 2484 3083 2556 (Cant.
3118 2500 3199 2551 ιιι,
3230 2485 3286 2551 7,
3340 2484 3417 2554 8).
3465 2484 3573 2550 Qui
3623 2483 3683 2538 in
3733 2483 3987 2539 circuitu
4042 2477 4355 2539 Salomonis
4401 2479 4527 2532 sunt

2900 2571 3162 2645 gladium
3193 2571 3413 2628 habent
3443 2572 3502 2627 iu
3534 2572 3771 2638 femore,
3797 2571 4121 2628 sicutAoth
4142 2568 4237 2625 ille
4248 2566 4421 2639 judex
4441 2562 4528 2634 ἁμ-

2900 2656 3271 2737 φοτεροδὲξιος
3303 2662 3445 2733 [seil.
3488 2660 3873 2732 ambidexter]
3916 2660 4127 2732 (Judic.
4180 2675 4261 2724 ιιι,
4307 2656 4380 2727 5),
4434 2650 4519 2725 qui

2900 2750 3191 2805 interfecit
3219 2749 3446 2805 hostem
3479 2748 3937 2821 pinguissimum
3968 2754 4035 2805 et
4061 2751 4247 2805 totum
4269 2741 4419 2801 carni
4439 2741 4524 2796 de-

2901 2838 3113 2906 ditum,
3144 2854 3349 2894 omnes
3378 2841 3694 2909 amputans
3721 2836 4079 2908 voluptates.
4124 2837 4235 2902 Ibo,
4266 2835 4305 2901 ³,
4357 2829 4526 2901 inquit

2897 2925 2967 2981 ad
2995 2934 3233 2982 montem
3263 2928 3508 2998 myrrhae
3545 2928 3722 2995 (Cant.
3776 2943 3850 2994 ιν,
3899 2928 3999 2997 6);
4063 2927 4137 2982 ad
4181 2940 4280 2981 eos
4332 2919 4527 2979 scilicet

2899 3015 3002 3088 qui
3033 3015 3529 3072 mortiﬁcaverunt
3560 3015 3714 3073 280
3765 3031 4012 3087 corpora
4065 3031 4211 3082 sua;
4260 3021 4311 3069 et
4337 3010 4402 3067 ad
4432 3008 4528 3064 col-

2900 3106 3013 3159 lem
3038 3104 3256 3170 Libani,
3288 3105 3361 3160 ad
3392 3104 3743 3177 purissimos
3772 3104 4076 3177 virginum
4106 3117 4331 3177 greges,
4384 3106 4432 3156 et
4458 3097 4527 3154 lo-

1146 3192 1284 3265 ptiis
1315 3191 1529 3247 habere
1577 3207 1639 3246 se
1681 3189 2006 3262 pollicetur,
2046 3190 2302 3247 habebat
2341 3191 2569 3246 varium
2615 3194 2792 3261 atque
2821 3194 2864 3261 C
2903 3211 3043 3265 quar
3067 3209 3286 3265 sponsae
3323 3210 3495 3255 meae;
3543 3194 3663 3250 Tota
3704 3195 3949 3265 speciosa
3979 3210 4062 3263 es,
4104 3196 4286 3249 amica
4325 3204 4457 3253 mea,
4490 3191 4535 3241 et

1145 3280 1488 3337 distinctum
1509 3279 1569 3334 in
1591 3279 1806 3346 viduis,
1855 3280 2312 3348 continentibus,
2362 3296 2428 3335 ac
2476 3277 2787 3334 maritatis.

1142 3370 1363 3426 Deinde
1392 3384 1648 3440 sponsus
1676 3369 1990 3442 respondet
2009 3369 2082 3425 ad
2115 3385 2418 3441 sponsam,
2441 3372 2499 3423 et
2518 3384 2646 3424 eam
2688 3368 2789 3421 do-

1143 3461 1233 3514 cet
1261 3457 1416 3529 quod
1438 3455 1655 3511 veteris
1701 3456 1847 3529 legis
1871 3457 2080 3512 umbra
2111 3456 2429 3525 transierit,
2479 3461 2536 3512 et
2579 3456 2790 3511 veritas

1142 3545 1435 3619 Evangelii
1462 3546 1701 3601 venerit.
1737 3545 1888 3602 285
1913 3546 2109 3616 Surge,
2141 3548 2289 3612 veni,
2317 3546 2574 3618 proxima
2593 3561 2715 3600 mea
2746 3545 2787 3612 ³,

1142 3651 1340 3708 sponsa
1380 3651 1524 3701 mea,
1575 3636 1836 3709 quoniam
1876 3651 1993 3690 ecce
2048 3636 2221 3691 hiems
2282 3635 2526 3704 transiit,
2599 3635 2792 3706 pluvia

1142 3722 1280 3781 abiit
1302 3724 1410 3780 sibi
1458 3725 1642 3795 (Cant.
1691 3741 1751 3791 ιι,
1804 3724 1893 3791 l0,
1945 3725 2056 3795 11).
2103 3724 2220 3779 Hoc
2257 3725 2329 3779 de
2371 3724 2550 3780 veteri
2598 3724 2794 3780 Testa-

1143 3816 1359 3869 mento.
1384 3817 1641 3869 Rursum
1703 3812 1773 3869 de
1819 3812 2126 3885 Evangelio
2162 3817 2219 3868 et
2249 3812 2617 3885 virginitate:
2670 3813 2790 3868 Flo-

1144 3916 1230 3957 res
1258 3902 1364 3957 visi
1390 3908 1520 3958 sunt
1546 3903 1608 3956 in
1638 3905 1808 3967 terra,
1834 3905 2049 3973 tempus
2076 3903 2336 3958 sectionis
2364 3901 2582 3958 advenit
2631 3901 2788 3974 (Ibid.

1151 3990 1257 4063 l2).
1298 3988 1500 4045 Nonne
1545 3990 1653 4046 tibi
1691 3990 1922 4045 videtur
1966 3989 2225 4062 idipsum
2265 3991 2475 4057 dicere,
2526 3991 2681 4063 quod
2736 3995 2793 4046 et

1142 4078 1459 4152 Apostolus
1484 4097 1496 4135 :
1529 4077 1785 4151 Superest
1814 4086 1872 4134 ut
1898 4083 1950 4135 et
1980 4082 2078 4151 qui
2105 4080 2304 4136 habent
2332 4096 2549 4146 uxores,
2594 4081 2793 4135 sitsint

1142 4170 1303 4241 quasi
1329 4184 1440 4224 non
1479 4168 1714 4225 habeant
1743 4168 1791 4238 (Ι
1820 4167 1941 4224 Cor.
1986 4186 2084 4236 v11,
2127 4168 2268 4237 29)?
2314 4168 2383 4223 Et
2422 4167 2791 4224 manifestius

1143 4258 1214 4313 de
1235 4255 1522 4329 prmconio
1552 4255 1874 4312 castitatis:
1914 4257 2041 4324 Vox,
2075 4256 2289 4329 inquit,
2327 4256 2564 4311 turturis
2600 4254 2791 4310 audita

1142 4354 1222 4403 est
1252 4348 1313 4401 in
1340 4352 1492 4403 terra
1538 4350 1725 4402 nostra
1766 4344 1945 4417 (Cant.
1996 4362 2057 4416 ιι,
2102 4345 2212 4415 12).
2255 4345 2475 4399 Turtur
2512 4343 2634 4399 avis
2682 4359 2791 4415 pu-

1142 4433 1466 4500 dicissima,
1493 4451 1727 4507 semper
1755 4433 2032 4489 habitans
2072 4431 2129 4487 in
2182 4431 2564 4498 sublimibus,
2615 4435 2791 4503 typus

1145 4524 1236 4627 est
1273 4520 1604 4627 Salvatozis.
1648 4526 1936 4593 Legamus
1981 4518 2356 4592 physiologos
2416 4519 2568 4590 (Vide
2630 4518 2788 4576 PLIN.
2822 4561 2869 4627 Β

1141 4607 1245 4664 lib.
1293 4624 1356 4675 ιι,
1395 4624 1445 4663 c.
1500 4608 1617 4679 34),
1675 4613 1733 4664 et
1768 4609 2127 4680 reperiemus
2181 4608 2429 4664 turturis
2470 4608 2621 4664 hanc
2664 4625 2793 4665 esse

1146 4700 1442 4761 naturam,
1465 4698 1531 4750 ut
1569 4695 1617 4751 si
1641 4712 1840 4767 parem
1864 4696 2207 4768 perdiderit,
2240 4694 2405 4753 alteri
2446 4714 2561 4753 non
2581 4699 2797 4771 junga-

1145 4797 1239 4845 tur
1262 4805 1275 4857 ;
1304 4782 1771 4859 etintclligemus
1792 4784 2114 4859 digamiam
2128 4785 2305 4842 etiam
2321 4803 2355 4842 a
2369 4785 2572 4844 multis
2594 4788 2799 4845 avibus

1144 4875 1444 4951 reprobari
1474 4875 1515 4931 ³.
1562 4873 1889 4947 Statimque
1932 4878 2129 4931 turtur
2164 4874 2306 4931 dicit
2343 4876 2415 4931 ad
2464 4880 2796 4945 turturem;

1220 5003 1235 5037 ¹
1262 5000 1466 5070 Iidem,
1499 5000 1682 5059 veteri
1706 5016 1941 5074 quoque
1961 4994 2214 5057 editione
2239 5002 2621 5059 assentiente.
2652 5005 2801 5060 Inter

1149 5072 1419 5146 virginem
1445 5072 1817 5146 maritumque
1842 5072 2147 5146 diversitas.

1219 5142 1241 5174 ²
1271 5142 1700 5217 Rursusiidem
1720 5142 1867 5202 inss.
1892 5144 2140 5217 Speciosa
2168 5161 2309 5209 mea,
2336 5145 2602 5217 columba
2655 5158 2799 5210 mea,

1153 5213 1302 5289 etc._;
1336 5213 1667 5269 consianter
1688 5218 1866 5289 etiam
1889 5213 2064 5289 intra,
2097 5217 2275 5289 idque
2321 5216 2495 5288 juxta
2535 5216 2801 5289 Graecum

1317 5298 1551 5360 μουηθιι
1571 5300 1686 5360 quo
1714 5286 1918 5343 itidem
1958 5275 2061 5343 bis.
2090 5275 2360 5360 repetunt
2406 5304 2605 5344 vocem
2637 5286 2797 5351 abiit,

1157 5348 1397 5424 dnﬁzlliev
1409 5393 1422 5418 ,
1457 5348 1717 5424 ἐπορέιᾷοη
1728 5398 1741 5410 ,

1227 5422 1580 5502 διξθιορεξι-ιιιιι
1620 5423 1923 5502 hactenus
1978 5428 2142 5502 edit._,
2202 5431 2393 5485 multis
2451 5446 2556 5502 pro
2610 5430 2799 5495 mutis,

1158 5495 1670 5567 quodegiugenio
1712 5500 1882 5567 antea
1922 5495 2387 5567 emendaveram,
2434 5495 2586 5557 nunc
2628 5502 2800 5556 Vero-

1159 5563 1360 5642 densis
1379 5563 1526 5642 libri;
1544 5565 1884 5623 auctoritate
1931 5568 2235 5642 conﬁrmo,
2274 5579 2333 5630 et
2377 5563 2585 5632 Gravia
2626 5573 2802 5632 etiam

1159 5636 1395 5729 probari
1435 5635 1621 5701 video.

2900 3298 3011 3338 non
3040 3290 3120 3338 est
3146 3282 3367 3337 macula
3393 3283 3456 3337 in
3483 3287 3535 3337 te
3554 3282 3714 3353 (Ibid.
3741 3283 3795 3337 6.
3814 3283 3892 3353 7).
3926 3281 4094 3338 Unde
4114 3286 4175 3338 et
4199 3276 4527 3354 Apostolus:

2900 3372 2964 3426 Et
3009 3370 3280 3438 exhibeat,
3321 3370 3534 3442 inquit,
3589 3370 3699 3426 sibi
3743 3376 3993 3426 sanctam
4051 3371 4382 3434 Ecelesiam,
4439 3380 4534 3421 non

2900 3459 3186 3516 habentem
3229 3461 3520 3525 maculam,
3557 3475 3728 3531 neque
3798 3476 3996 3532 rugam
4072 3459 4288 3533 (Ephes.
4337 3474 4392 3511 v.
4438 3453 4538 3523 21).

2903 3549 3033 3604 Veni
3079 3565 3114 3604 a
3162 3548 3389 3616 Libano,
3439 3564 3656 3620 sponsa,
3705 3551 3831 3604 veni
3865 3566 3895 3604 a
3944 3550 4181 3606 Libano.
4236 3549 4440 3613 Venies,
4499 3545 4543 3598 at

2895 3638 3260 3709 pertransibis
3289 3637 3357 3692 ab
3387 3638 3557 3693 initio
3578 3637 3726 3708 ﬁdei,
3757 3654 3793 3691 α
3820 3639 3997 3709 capite
4026 3638 4273 3694 Sanirel
4304 3638 4536 3700 Hermas,

2898 3745 2933 3783 a
2962 3727 3241 3784 cubilibus
3288 3728 3507 3783 leonum
3552 3744 3587 3781 a
3629 3728 3905 3784 montibus
3943 3729 4341 3800 leopardorum
4377 3725 4541 3799 (Cant.

2902 3834 2980 3886 IV,
3007 3818 3083 3889 8).
3120 3816 3374 3873 Libanus
3406 3812 3733 3888 λευκασμὸς,
3767 3817 3825 3872 id
3857 3821 3970 3887 est,
4000 3817 4223 3874 candor
4281 3817 4542 3885 interpre-

2898 3908 3077 3961 tatur.
3128 3904 3272 3959 Veni
3321 3919 3479 3977 ergo,
3530 3920 3748 3976 sponsa
3812 3904 4249 3963 candidissima
4316 3905 4387 3961 de
4443 3917 4547 3974 qua

2899 3993 3037 4050 alibi
3068 3992 3485 4061 diciturzauee
3528 3996 3607 4049 est
3656 3995 3780 4057 ista,
3828 4008 3955 4065 quae
4000 3994 4255 4051 ascendit
4302 3992 4541 4049 dealbata

2901 4082 3082 4155 (Cant.
3114 4098 3237 4149 vm,
3271 4081 3373 4153 5)?
3400 4086 3458 4138 et
3487 4082 3698 4138 transit
3725 4099 3829 4155 per
3873 4082 4028 4138 viam
4084 4084 4276 4156 hujus
4318 4079 4543 4147 manu;

2902 4170 2975 4226 ab
3007 4170 3241 4226 exordio
3285 4169 3443 4239 ﬁdei,
3467 4174 3526 4226 et
3570 4186 3640 4226 ex
3687 4171 3874 4238 Sanir,
3926 4172 4083 4244 quod
4136 4173 4548 4245 interpretatur

2898 4258 3027 4314 deus
3049 4257 3494 4327 lucernae,juxta
3522 4257 3667 4315 illud
3697 4260 3851 4331 quod
3892 4259 3952 4315 in
3984 4260 4229 4318 Psalmo
4274 4260 4545 4333 legimus:

2900 4351 3150 4403 Lucerna
3176 4346 3401 4418 pedibus
3426 4349 3565 4403 meis
3584 4349 3808 4404 verbum
3846 4353 4026 4417 tuum,
4056 4350 4317 4417 Domine,
4364 4352 4417 4407 et
4462 4348 4550 4404 lux

2898 4437 3107 4491 semitis
3152 4437 3288 4491 meis
3335 4437 3507 4507 (Psal.
3569 4452 3767 4504 cxvm,
3837 4439 4000 4510 105);
4064 4444 4124 4495 et
4171 4441 4438 4504 Hermon,
4502 4433 4554 4491 id

2899 4528 3008 4593 est,
3036 4525 3504 4581 consecratione:
3540 4530 3597 4582 et
3624 4526 3762 4599 fuge
3791 4525 4026 4584 leonum
4049 4527 4301 4594 cubilia,
4347 4531 4406 4586 et
4448 4526 4556 4581 leo-

2909 4612 3226 4684 pardorum
3258 4617 3507 4685 montes,
3541 4613 3641 4686 qui
3673 4631 3788 4671 non
3820 4619 4068 4687 possunt
4098 4620 4341 4672 mutare
4381 4612 4557 4669 varie-

2908 4705 3092 4758 tatem
3133 4717 3323 4757 suam.
3371 4702 3548 4775 Fuge,
3598 4702 3811 4776 inquit,
3860 4703 4076 4760 cubilia
4116 4703 4390 4773 leonum,
4434 4703 4561 4775 fuge

2908 4789 3245 4861 superbiam
3294 4790 3651 4857 daemonum,
3702 4796 3765 4848 ut
3811 4796 4126 4865 postquam
4174 4793 4332 4849 mihi
4388 4789 4561 4848 fueris

2908 4887 3266 4945 consecrata,
3325 4880 3546 4951 possim
3605 4880 3711 4938 tibi
3765 4881 3995 4938 dicere:
4070 4881 4410 4939 Vulnerasti
4481 4894 4568 4936 cor

2980 5006 3002 5038 ⁴
3027 5005 3205 5061 Vetus
3236 5004 3433 5074 editio,

2908 5078 3049 5132 scire
3068 5076 3254 5147 quales
3282 5078 3428 5133 viros

2909 5149 3129 5204 solium.
3165 5152 3274 5203 etc.

2983 5219 3004 5253 ⁸
3027 5224 3170 5292 Mss.
3195 5235 3422 5284 omnes,
3452 5223 3709 5276 Ferentes
3737 5222 4099 5292 [rameam,et
4112 5221 4263 5278 docti
4285 5218 4572 5292 belloviri,

2910 5289 3130 5371 Ωζαάίιιδ
3154 5292 3215 5371 ἔτι
3240 5291 3446 5371 femore
3472 5292 3612 5362 ejus,
3634 5289 3804 5371 juxta
3825 5292 3987 5371 LXX.
4019 5292 4275 5350 Gravius
4304 5291 4427 5371 legi
4456 5305 4577 5371 qm-

2912 5359 3218 5434 ninovult,
3241 5359 3355 5428 vir,
3380 5359 4066 5434 eumque'Hebraismum
4085 5380 4216 5422 esse
4237 5359 4574 5419 contendit.

2980 5433 3001 5466 ⁶
3034 5431 3213 5507 [idem
3246 5449 3413 5507 mss,
3446 5431 3557 5497 Ibo,
3588 5435 3788 5507 inquit,
3817 5436 3958 5490 mihi
3984 5436 4055 5507 ad
4092 5443 4362 5502 montem,
4424 5437 4576 5507 et_c.;

2913 5502 3103 5557 denuo
3127 5503 3306 5579 ju_uta
3326 5503 3591 5579 Graecum
3610 5502 3949 5579 πόρεύσομαι
3979 5504 4234 5579 sparum)»;
4262 5513 4453 5578 atque
4472 5504 4579 5579 ite-

2910 5588 3043 5662 rum
3069 5571 3243 5645 paulo
3271 5580 3407 5650 post
3420 5571 3694 5653 proxima
3713 5571 3862 5648 mea,
3882 5594 3986 5651 pro
4012 5571 4190 5639 amica
4218 5571 4379 5648 mea,
4425 5571 4580 5649 πλη-

2912 5663 2944 5703 σ
2950 5664 3025 5704 ιον
3061 5663 3165 5728 μου
3174 5686 3188 5704 ο

3515 5007 3757 5074 ascitur;
3809 5022 3943 5062 mox
3983 5007 4430 5065 Casanatensis.
4486 5004 4568 5060 Vis

3506 5077 3743 5145 almnon,
3775 5086 3826 5134 et
3870 5079 4130 5150 paciﬁcus
4168 5088 4370 5136 noster
4408 5076 4571 5150 quale
