4100 6156
298 323 422 385 -265

1384 320 1808 385 ADVERSUS
1854 315 2334 382 JOVINI'A-NUM
2378 316 2528 381 LIB.
2575 321 2623 382 Ι.

304 473 485 513 meum
514 456 555 524 ί,
585 471 740 513 soror
794 471 916 512 mea
962 472 1180 529 sponsa,
1240 456 1548 510 vulnerasti
1603 471 1695 510 eor
1748 470 1948 514 meum,
1978 454 2033 518 Α
2063 452 2292 507 candus
2322 456 2379 506 et
2421 453 2707 508 candidus
2764 459 2871 522 est,
2931 457 3144 516 idcirco
3200 463 3396 520 statim
3447 466 3704 540 additur,

305 549 364 603 in
390 562 500 603 uno
556 547 841 603 oculorum
890 554 1127 611 tuorum,
1175 547 1235 600 in
1289 560 1399 600 uno
1450 547 1770 599 ornamento
1817 543 1950 598 colli

304 637 385 692 tui
415 636 693 707 (Canl.1v,
725 635 802 707 9).
836 635 998 701 Quod
1029 633 1192 702 dicit,
1226 632 1633 704 hujuscemodi
1682 635 1789 687 est.
1823 632 1946 686 Non

306 724 549 796 repudio
580 724 839 795 nuptias,
860 723 1038 779 habes
1068 726 1125 778 et
1143 722 1452 777 sinistrum
1486 720 1744 787 oculum,
1769 735 1944 790 quem

306 813 421 869 tibi
450 812 577 873 dedi
608 816 848 885 propter
866 809 1323 867 imbecillitatem
1384 826 1608 871 eorum,
1642 808 1741 881 qui
1789 810 1947 864 recta

312 902 509 958 videre
535 917 647 956 non
678 904 951 973 possunt.
984 900 1094 956 Sed
1127 899 1317 972 magis
1366 899 1511 954 mihi
1541 899 1740 953 dexter
1768 896 1946 967 virgi-

296 990 511 1047 nitatis
538 988 743 1046 oculus
772 989 981 1061 placet,
1013 988 1114 1060 qui
1144 988 1195 1043 si
1238 991 1487 1044 caecatus
1546 986 1739 1054 fuerit,
1772 1001 1943 1041 omne

283 1095 511 1152 corpus
541 1079 600 1134 in
630 1078 890 1134 tenebris
920 1082 1026 1133 est.
1051 1078 1128 1132 Ac
1160 1093 1229 1132 ne
1250 1076 1592 1149 putaremus
1623 1091 1756 1131 eum
1791 1073 1948 1131 amo-

288 1184 420 1225 rem
450 1167 670 1236 carnis,
691 1171 750 1222 et
782 1165 1018 1239 nuptias
1050 1165 1381 1238 significare
1425 1180 1753 1235 corporeae,
1788 1163 1944 1219 illico

298 1256 555 1314 excludit
584 1255 743 1311 hunc
775 1270 1037 1322 sensum,
1060 1259 1115 1310 et
1137 1254 1217 1309 ait
1251 1271 1262 1308 :
1303 1255 1612 1309 Vulnerasti
1631 1269 1723 1308 eor
1743 1269 1943 1320 meum,

288 1362 452 1402 soror
504 1360 628 1400 mea
654 1359 871 1416 sponsa.
934 1341 1037 1397 Ubi
1116 1341 1332 1398 sororis
1406 1358 1621 1397 nomen
1676 1345 1786 1409 est,
1846 1358 1943 1397 su-

294 1435 481 1507 spicio
510 1432 710 1489 omnis
742 1431 878 1487 {cedi
910 1430 1128 1487 amoris
1181 1430 1532 1487 excluditur.
1595 1431 1769 1498 Quam
1826 1445 1944 1501 spe-

293 1525 443 1579 ciosa
467 1528 603 1577 sunt
634 1521 812 1576 ubera
833 1524 931 1575 tua
960 1522 1085 1576 vino
1115 1519 1294 1590 (Cant.
1332 1536 1406 1586 ιν,
1444 1519 1548 1590 10),
1601 1519 1672 1574 de
1729 1519 1947 1591 quibus

295 1617 349 1668 et
376 1627 567 1683 supra
596 1609 822 1665 dixerat
857 1625 869 1664 :
901 1608 1203 1663 Fratruelis
1230 1623 1387 1663 meus
1418 1608 1578 1671 mihi,
1608 1614 1659 1663 el
1680 1623 1774 1679 ego
1799 1606 1896 1662 illi
1923 1624 1944 1668 ;

294 1704 351 1757 in
378 1700 564 1756 medio
584 1700 817 1754 uberum
831 1713 1075 1753 meorum
1097 1698 1535 1753 Commorabitur
1555 1697 1735 1767 (Cant,
1758 1696 1902 1767 1,12)
1926 1713 1939 1751 :

2054 545 2245 611 guttur
2275 540 2362 613 [Al
2400 545 2605 609 gustus]
2665 544 2782 614 ejus
2837 544 3170 616 dulcedines,
3197 556 3249 606 et
3304 557 3448 611 totus
3500 573 3704 617 concm-

2051 630 2557 720 piscentia(lbid.).
2589 635 2852 703 Sponsus
2880 635 3064 707 virgo,
3113 636 3392 699 laudatus
3423 662 3456 701 a
3485 663 3707 720 sponsa

2054 717 2298 790 virgine,
2331 717 2530 774 laudat
2558 720 2817 779 vicissim
2847 723 3131 796 virginem
3153 744 3453 800 sponsam,
3486 717 3545 791 et
3564 736 3709 794 dicit

2055 806 2103 898 ei
2139 824 2152 861 :
2186 808 2425 877 δροσίοεί
2450 809 2588 878 facti
2619 818 2745 865 sunt
2797 828 3009 881 gressus
3057 817 3144 870 tui
3200 817 3260 872 in
3307 819 3705 898 calceamentis,

2052 893 2180 965 ﬁlia
2209 896 2231 927 ³
2256 896 2563 952 Aminadab
2594 897 2771 969 (Cant.
2802 918 2925 969 vm,
2960 902 3037 973 4),
3060 905 3216 975 quod
3267 893 3705 982 interpretatur,

2052 985 2242 1055 populi
2268 1001 2326 1041 se
2354 993 2536 1056 sponte
2592 988 2886 1059 offerentis.
2946 991 3263 1064 Virginitas
3295 996 3450 1053 enim
3496 999 3708 1056 volun-

2056 1073 2204 1128 taria
2234 1078 2342 1140 est,
2389 1077 2443 1128 et
2502 1074 2631 1130 ideo
2687 1092 2925 1148 gressus
2983 1079 3250 1138 Ecclesiae
3307 1084 3368 1139 in
3418 1087 3706 1147 castitatis

2055 1160 2493 1232 pulchritudine
2519 1163 2946 1221 collaudantur.
2980 1168 3104 1224 Non
3152 1175 3241 1226 est
3270 1171 3450 1245 hujus
3479 1179 3705 1250 tempo-

2056 1250 2134 1305 ris
2166 1250 2223 1303 in
2258 1266 2477 1306 morem
2508 1251 2921 1309 Commentarii
2953 1258 3152 1314 omnia
3196 1260 3268 1315 de
3296 1262 3534 1321 Cantico
3562 1282 3708 1323 can-

2054 1337 2300 1393 ticorum
2330 1338 2683 1411 virginitatis
2714 1344 2967 1413 pandere
3009 1355 3395 1419 sacramenta,
3453 1353 3605 1424 quia.
3645 1358 3708 1412 et

2054 1426 2174 1481 haec
2206 1426 2333 1499 ipsa
2363 1427 2668 1484 fastidiose
2699 1428 2897 1487 lectori
2937 1450 3108 1491 nares
3161 1442 3532 1498 contractura
3587 1459 3705 1501 non

2054 1515 2309 1587 ambigo.

2123 1605 2193 1658 32
2225 1605 2511 1677 Loquitur
2539 1607 2720 1664 Isaias
2750 1609 2876 1680 spei
2908 1613 3119 1666 nostrae
3176 1612 3431 1688 ﬁdeique
3485 1622 3708 1691 myste-

2054 1691 2204 1748 rium
2241 1710 2254 1747 :
2288 1695 2417 1750 Ecce
2448 1697 2604 1765 virgo
2633 1699 2694 1751 in
2722 1701 2874 1753 utero
2902 1702 3169 1770 concipiet
3219 1707 3270 1758 et
3294 1706 3475 1775 pariet
3528 1707 3709 1777 ﬁlium

291 1791 348 1846 in
378 1786 695 1861 principali
728 1785 1103 1859 [ἡγεμονικὸν]
1132 1785 1346 1851 cordis,
1377 1786 1477 1840 ubi
1534 1785 1713 1840 habet
1752 1802 1944 1840 sermo
1974 1816 2022 1881 B
2052 1786 2106 1835 et
2132 1783 2345 1881 uocabis
2374 1799 2568 1839 nomen
2596 1786 2711 1856 ejus
2750 1788 3075 1844 Emmanuel
3134 1791 3240 1858 (Isa
3295 1808 3400 1856 vn.
3432 1794 3544 1867 44).
3578 1795 3707 1853 Scio

293 1877 393 1933 Dei
428 1876 775 1948 hospitium.
801 1876 975 1943 Quam
997 1876 1238 1946 speciosa
1283 1878 1413 1929 sunt
1441 1874 1613 1928 ubera
1671 1878 1765 1928 tua
1796 1876 1941 1929 vino.

288 1966 464 2031 Quod
494 1964 653 2020 istud
682 1965 885 2018 vinum
917 1967 1024 2029 est,
1058 1963 1212 2035 quod
1243 1979 1471 2034 sponsae
1503 1977 1794 2017 mammas
1825 1961 1950 2033 pul-

296 2055 628 2111 cherrimas
656 2054 890 2120 facit,et
920 2052 1213 2124 pudicitiae
1246 2051 1395 2108 lacte
1426 2051 1745 2107 fecundat?
1777 2052 1949 2107 Nem-

288 2160 383 2216 -pe
398 2142 758 2213 illud,dequo
775 2141 1114 2213 Sponsusin
1136 2140 1629 2211 consequentibus
1656 2139 1949 2211 loquitur:

299 2233 444 2287 Bibi
468 2233 650 2285 mnum
678 2246 860 2286 meum
888 2245 1015 2285 cum
1037 2230 1177 2286 lacte
1204 2245 1344 2285 meo.
1378 2230 1725 2295 Manducate,
1756 2229 1951 2299 proxi-

292 2322 384 2375 mi
409 2320 540 2385 mei,
573 2328 625 2374 et
656 2321 843 2386 bibite,
874 2322 927 2373 et
954 2319 1331 2384 inebriamini,
1362 2321 1566 2389 fratres
1589 2317 1766 2389 (Cant.
1800 2317 1951 2384 v.1).

276 2409 463 2466 .Unde
488 2396 547 2463 et
577 2407 825 2480 apostoli
884 2408 1030 2464 287
1068 2407 1416 2481 dicebantur
1474 2410 1667 2461 musto
1728 2404 1882 2477 pleni
1938 2423 1951 2473 ;

291 2501 499 2563 musto,
526 2495 723 2567 inquit
752 2495 889 2566 (Act.
924 2512 986 2560 ιι,
1046 2495 1157 2565 13),
1211 2511 1325 2550 non
1383 2494 1517 2549 vino
1570 2494 1784 2561 veteri;
1818 2492 1957 2564 quia

291 2586 499 2641 vinum
532 2600 750 2639 novum
783 2585 844 2638 in
878 2587 1035 2639 utres
1064 2599 1244 2639 novos
1300 2583 1554 2638 mittitur
1607 2582 1815 2651 (Matth.
1876 2599 1953 2649 1x,

272 2676 427 2743 J7);
462 2678 523 2729 et
554 2689 669 2728 non
699 2672 1083 2728 ambulabant
1135 2672 1194 2726 in
1250 2675 1537 2728 vetustate
1566 2670 1791 2736 litterae,
1855 2671 1954 2726 sed

290 2764 352 2819 in
388 2762 650 2819 novitate
681 2760 927 2833 spiritus
956 2761 1130 2832 (Rom.
1164 2778 1265 2829 vn,
1297 2760 1374 2831 6).
1431 2759 1548 2815 Hoc
1608 2764 1699 2815 est
1753 2759 1955 2815 vinum

274 2851 458 2925 quod
512 2866 650 2905 cum
710 2847 1083 2905 inebriaverit
1132 2847 1530 2904 adolescentes
1586 2854 1642 2903 et
1707 2848 1953 2919 puellas,

292 2940 503 2998 statim
535 2937 932 3011 virginitatem
964 2936 1205 3005 sitiunt;
1237 2942 1296 2993 et
1326 2937 1385 2992 in
1427 2936 1728 3008 crapulam
1783 2938 1958 2993 casti-

290 3028 438 3087 tatis
459 3031 752 3092 eructant,
775 3031 833 3081 et
847 3025 1110 3098 expletur
1128 3025 1271 3082 illud
1290 3025 1628 3081 vaticinium
1649 3026 1954 3081 Zachariae.

294 3120 589 3174 duntaxat
608 3117 780 3188 juxta
813 3114 1152 3171 Hebraicam
1202 3114 1504 3170 veritatem
1563 3116 1632 3171 de
1687 3114 1954 3170 Ecclesiae

2048 1871 2283 1942 judaeos
2315 1887 2609 1943 opponere
2638 1874 2848 1941 solere,
2880 1876 2940 1931 in
2972 1877 3210 1934 Hebraeo
3266 1882 3507 1938 verbum
3555 1901 3709 1942 sum

2058 1945 2274 2031 [ni-:53]
2306 1962 2325 1994 ⁴
2354 1977 2468 2016 non
2497 1962 2651 2018 288
2676 1963 2958 2035 virginem
2990 1983 3221 2037 sonare,
3251 1971 3350 2026 sed
3399 1971 3707 2030 adolescen-

2058 2049 2253 2103 tulam.
2284 2050 2352 2103 Et
2389 2066 2585 2105 revera
2641 2051 2805 2124 virgo
2858 2054 3090 2126 proprie
3148 2073 3405 2115 seruum
3461 2046 3705 2136 [1151193]

2059 2135 2414 2209 appellatur,
2448 2137 2885 2195 adolescentula
2930 2147 3128 2199 autem
3176 2145 3262 2201 vel
3315 2147 3530 2219 puella,
3588 2135 3706 2209 non

2059 2242 2208 2280 ALMA
2238 2225 2473 2293 dicitur,
2508 2227 2609 2282 sed
2663 2245 2849 2284 NAARA
2909 2231 3125 2304 (mra).
3181 2234 3331 2298 Quid
3379 2240 3469 2293 est
3524 2238 3711 2311 igitur

2063 2314 2216 2384 quod
2251 2314 2542 2386 signiﬁcat
2570 2333 2722 2371 ALMA
2752 2317 2780 2370 ‘I
2827 2319 3240 2376 Absconditam
3291 2323 3598 2396 virginem,
3649 2328 3709 2383 id

2064 2406 2172 2467 est,
2205 2418 2319 2456 non
2351 2400 2543 2457 solum
2573 2403 2879 2475 virginem,
2915 2423 3019 2462 sen
3063 2424 3197 2464 cum
3243 2408 3481 2467 ἐπιτάσει
3526 2414 3711 2487 virgi-

2066 2507 2196 2545 nem
2232 2508 2245 2557 ;
2280 2490 2418 2561 quia
2439 2508 2552 2546 non
2584 2493 2779 2547 omnis
2799 2493 2960 2566 virgo
2992 2497 3335 2555 abscondita
3364 2504 3454 2557 est
3502 2518 3608 2559 nec
3636 2503 3709 2560 ab

2065 2577 2372 2634 hominum
2406 2580 2639 2635 fortuito
2668 2587 2935 2653 separata
2977 2590 3314 2658 conspectu.
3366 2588 3627 2662 Denique
3652 2594 3714 2649 et

2067 2666 2328 2722 Rebecca
2354 2668 2412 2722 in
2436 2668 2646 2725 Genesi
2677 2671 2749 2725 ob
2780 2671 3026 2728 nimiam
3056 2674 3387 2733 castitatem
3436 2682 3494 2734 et
3525 2679 3719 2737 Eccle-

2066 2755 2163 2812 siae
2195 2761 2420 2828 typum,
2454 2773 2626 2829 quem
2660 2758 2718 2814 in
2749 2776 2857 2815 sua
2880 2760 3214 2834 virginitate
3243 2765 3535 2839 signabat,
3556 2786 3715 2827 ALMA

2068 2845 2367 2916 scribitur,
2402 2863 2516 2901 non
2549 2864 2828 2914 uernum,
2861 2849 3013 2906 sicut
3042 2852 3419 2911 manifestum
3450 2872 3580 2913 esse
3609 2874 3711 2929 po-

2067 2933 2200 2988 terit
2228 2950 2296 2989 ex
2327 2935 2699 2990 sermonibus
2732 2938 2897 3007 pueri
2930 2938 3247 3009 Abraham,
3279 2958 3429 3013 quos
3453 2944 3715 3016 loquitur

2066 3022 2122 3076 in
2157 3022 2573 3094 Mesopotamia
2606 3041 2619 3077 :
2653 3025 2715 3077 Et
2762 3026 2914 3080 dixit
2945 3027 2966 3061 δ
2998 3045 3010 3082 :
3042 3028 3268 3086 Domine
3312 3032 3453 3087 Deus
3500 3032 3713 3089 domini
3788 3028 3797 3033 ’

2066 3113 2178 3166 mei
2206 3111 2508 3182 Abraham,
2538 3114 2589 3167 si
2621 3116 2683 3167 tu
2744 3112 2942 3183 dirigis
2986 3118 3137 3171 viam
3176 3135 3355 3175 meam
3400 3137 3499 3192 per
3545 3137 3712 3192 quam

292 3176 633 3279 virginibus
680 3202 1087 3276 prophetantis
1121 3219 1133 3257 :
1170 3203 1593 3274 Complebuntur
1648 3204 1956 3275 infantibus
1987 3176 2029 3242 (ἶ
2068 3215 2165 3267 ego
2188 3176 2634 3270 ingredior,yecce
2661 3202 2793 3256 dum
2816 3176 3008 3259 stetero
3053 3222 3216 3277 super
3266 3176 3474 3278 fontem

292 3305 347 3354 et
403 3295 610 3368 puellis
666 3292 976 3348 lwlentibus
1029 3293 1233 3364 platem
1289 3294 1405 3363 ejus
1435 3293 1624 3360 (Zach.
1691 3310 1818 3359 vm,
1880 3292 1957 3363 5).

280 3384 450 3453 Quid
477 3384 631 3437 enim
660 3383 867 3436 bonum
924 3381 1041 3451 ejus
1069 3387 1165 3446 est,
1223 3388 1274 3434 et
1291 3371 1434 3451 ~quid
1498 3380 1792 3445 pulchrum
1842 3382 1962 3453 ejus

272 3475 418 3533 nisi
439 3472 783 3542 frumentum
825 3468 1137 3533 electorum,
1163 3472 1212 3523 et
1243 3485 1437 3523 vinum
1486 3471 1810 3541 germinans
1847 3471 1963 3524 viro

303 3564 467 3630 gines
502 3558 741 3629 (Zachar.
774 3574 853 3625 ιχ,
901 3558 977 3629 [7)
1002 3556 1029 3611 ?
1062 3561 1193 3613 Ista:
1220 3562 1359 3612 sunt
1403 3556 1678 3630 virgines,
1728 3558 1798 3613 de
1829 3558 1961 3629 qui-

284 3648 434 3707 bus
466 3647 527 3701 in
554 3645 991 3718 quadragesimo
1023 3650 1231 3718 quarto
1260 3645 1493 3701 Psalmo
1516 3646 1802 3718 scriptum
1834 3649 1959 3701 est:

280 3734 661 3792 -Adducentur
685 3736 802 3806 regi
859 3736 1109 3803 virgines
1162 3737 1281 3805 post
1336 3750 1476 3799 eam,
1522 3736 1789 3805 proximae
1846 3736 1963 3804 ejus

310 3825 623 3898 aﬂerentur
650 3824 751 3878 tibi
780 3824 840 3877 in
869 3823 1083 3890 laetitia,
1117 3827 1169 3879 et
1209 3824 1596 3892 exsultatione,
1623 3823 1969 3879 Adducentur

308 3916 369 3968 in
398 3912 673 3984 templum
702 3913 846 3983 regis
875 3912 1048 3983 (Psal.
1080 3929 1230 3979 XLIV,
1254 3911 1340 3980 45,
1382 3912 1485 3980 16).

371 4003 466 4058 3i.
554 4000 835 4072 Sequitur
914 4018 926 4056 :

292 4105 515 4162 sponsa
543 4107 564 4142 :
591 4089 780 4143 hortus
832 4089 1138 4155 conclusus,
1194 4091 1323 4159 fons
1370 4091 1621 4158 signatus
1665 4090 1844 4160 (Cant.
1888 4107 1964 4160 ιν,

306 4181 414 4250 12).
450 4177 620 4242 Quod
678 4176 944 4232 clausum
976 4181 1065 4233 est
1093 4180 1267 4249 atque
1317 4176 1638 4250 signatum.
1689 4178 1966 4234 similitu-

294 4267 512 4328 dinem
543 4265 725 4320 habet
756 4265 955 4322 Matris
1010 4264 1263 4331 Domini,
1326 4266 1531 4323 matris
1589 4271 1646 4322 et
1701 4267 1965 4340 virginis.

1027 4001 1225 4056 Hortus
1281 4002 1585 4069 conclusus,
1646 4017 1799 4057 soror
1846 4017 1968 4058 mea

2073 3291 2227 3359 virgo
2248 3306 2365 3359 qum
2395 3290 2712 3362 egredietur
2739 3296 2797 3346 ut
2827 3291 3055 3350 hauriat
3080 3311 3303 3366 aquam,
3334 3301 3385 3352 ct
3420 3298 3613 3354 ller
3641 3296 3713 3354 ad

2070 3392 2192 3431 eam
2226 3393 2238 3430 :
2280 3378 2361 3431 Da
2384 3376 2524 3431 mihi
2547 3380 2845 3448 paululum
2884 3396 3007 3451 agar
3062 3386 3124 3437 ut
3180 3384 3362 3440 bibam
3416 3386 3480 3442 de
3512 3386 3718 3458 hydria

2071 3469 2166 3520 tua
2194 3482 2214 3525 ;
2241 3467 2293 3520 ei
2322 3466 2659 3537 responderit
2687 3485 2705 3521 :
2736 3469 2801 3522 Et
2830 3476 2888 3524 tu
2918 3469 3060 3537 bibe,
3092 3475 3142 3526 et
3170 3474 3396 3529 camelis
3443 3477 3532 3530 tui
3577 3476 3715 3531 hau-

2072 3555 2219 3608 riam
2252 3572 2264 3607 :
2299 3555 2418 3610 haec
2445 3557 2551 3610 erit
2577 3571 2739 3625 uxor,
2773 3573 2940 3627 quam
2957 3562 3297 3630 praeparavit
3314 3562 3584 3619 Dominus
3603 3563 3720 3634 ﬁlio

2073 3642 2295 3698 domini
2321 3645 2433 3697 mei
2461 3642 2593 3714 (Gen
2622 3662 2769 3711 xxix,
2796 3646 2866 3699 42
2892 3647 3084 3717 sepq.).
3134 3648 3197 3702 In
3241 3664 3307 3703 eo
3357 3649 3515 3705 enim
3567 3650 3715 3718 loco,

2072 3730 2133 3785 in
2165 3747 2277 3801 quo
2308 3731 2391 3785 ait
2422 3749 2435 3786 :
2477 3734 2635 3801 Virgo
2664 3747 2789 3803 quae
2816 3733 3150 3804 egredietur,
3181 3740 3243 3790 ut
3275 3736 3499 3793 hauriat
3520 3753 3722 3809 aquam

2074 3819 2130 3873 in
2165 3819 2446 3875 Hebraico
2478 3820 2762 3891 scriptum
2793 3825 2883 3877 est
2903 3839 3073 3891 ΑιΜΑ,
3103 3823 3160 3878 id
3197 3829 3289 3881 est
3304 3827 3461 3896 virgo
3489 3829 3720 3896 secreta,

2075 3911 2131 3962 et
2153 3907 2336 3963 nimia
2365 3912 2672 3979 parentum
2706 3908 3004 3983 diligentia
3039 3913 3349 3970 custodita.
3381 3917 3531 3972 Aute
3569 3917 3725 3972 certe

2074 3996 2390 4052 ostendant
2420 3996 2561 4051 mihi
2596 3997 2695 4052 ubi
2728 3997 2836 4054 hoc
2864 4002 3037 4056 verbo
3068 4002 3414 4074 appelentur
3439 4008 3497 4061 et
3526 4008 3721 4079 nuptm

2076 4088 2132 4139 et
2161 4083 2515 4156 imperitiam
2547 4086 2885 4143 conﬁtebor.
2920 4091 3066 4145 Ecce
3109 4092 3260 4161 virgo
3305 4094 3367 4147 in
3412 4099 3564 4150 utero
3591 4110 3730 4151 con-

2076 4175 2257 4245 cipiet,
2291 4177 2343 4228 et
2378 4175 2561 4245 pariet
2617 4175 2799 4245 ﬁlium
2857 4175 2916 4231 Si
2975 4193 3090 4232 non
3149 4179 3454 4250 praefertur
3501 4180 3724 4253 nuptiis

2080 4260 2406 4333 virginitas,
2466 4262 2720 4332 Spiritus
2777 4266 3014 4320 sanctus
3083 4281 3188 4321 cur
3260 4267 3557 4336 maritam,
3616 4284 3722 4325 cur

306 4355 478 4411 Unde
503 4358 560 4409 et
588 4354 646 4409 in
678 4354 947 4426 sepulcro
978 4353 1294 4410 Salvatoris
1324 4370 1492 4421 novo,
1526 4356 1680 4427 quod
1717 4356 1773 4410 in
1804 4364 1970 4428 petra
2079 4350 2314 4405 viduam
2345 4367 2463 4407 non
2493 4350 2666 4422 elegit
2693 4352 2721 4407 ?
2750 4352 2895 4408 Nam
2942 4352 3041 4409 illo
3084 4345 3345 4428 tempore
3392 4361 3516 4412 erat
3556 4358 3726 4413 Anna

305 4441 633 4499 durissima
691 4444 799 4515 (Al.
860 4442 1202 4515 purissima]
1280 4444 1466 4499 fuerat
1524 4444 1804 4512 excisum,
1866 4461 1970 4501 nec

2080 4442 2201 4496 ﬁlia
2238 4440 2546 4496 Phanuelis
2573 4442 2644 4497 de
2674 4441 2828 4497 tribu
2863 4446 3029 4511 Aser,
3065 4443 3317 4517 insignis
3341 4446 3724 4517 pudicitia,et

304 4535 466 4598 ante,
501 4548 608 4587 nec
640 4537 845 4603 postea
874 4532 1190 4604 quisquam
1255 4533 1484 4604 positus
1512 4538 1618 4589 est.
1651 4534 1721 4588 Et
1779 4539 1973 4590 tamen
2006 4541 2051 4605 D
2081 4545 2313 4600 semper
2348 4545 2562 4584 vacans
2611 4529 2976 4586 orationibus
3025 4535 3082 4587 et
3111 4532 3357 4604 jejuniis
3400 4534 3459 4589 in
3504 4533 3725 4608 templo

306 4620 431 4676 haec
461 4618 630 4692 virgo
662 4624 942 4691 perpetua
976 4619 1295 4675 multarum
1330 4624 1422 4676 est
1443 4625 1626 4675 mater
1653 4621 1969 4693 virginum.

308 4708 597 4780 Sequitur
629 4707 787 4763 enim
849 4724 861 4763 :
917 4708 1245 4764 Emissiones
1299 4717 1406 4764 tua:
1455 4709 1750 4780 paradisus
1804 4713 1975 4767 malo-

306 4804 682 4867 granatorum
729 4812 856 4851 cum
904 4797 1096 4871 fructu
1147 4813 1432 4868 pomorum
1483 4798 1662 4870 (Cant.
1722 4817 1798 4863 ιν,
1869 4800 1973 4872 l3).

312 4888 382 4942 In
415 4885 841 4957 malogranatis
871 4891 928 4939 et
959 4884 1171 4958 pomis,
1196 4888 1463 4941 omnium
1486 4886 1769 4942 virtutum
1802 4887 1977 4960 signi-

312 4976 531 5030 ﬁcatur
557 4973 618 5028 in
651 4972 984 5045 virginitate
1016 4978 1332 5031 concentus
1377 4976 1419 5041 ³,
1468 4977 1774 5031 Fratruelis
1826 4993 1979 5032 meus

312 5062 588 5120 candidus
612 5070 666 5118 et
690 5061 1028 5117 rubicundus
1058 5062 1238 5132 (Cant.
1269 5080 1323 5127 v,
1383 5062 1469 5133 l0)
1523 5081 1536 5130 ;
1578 5064 1863 5120 candidus
1918 5065 1977 5120 in

311 5150 681 5225 virginitate,
736 5150 1102 5207 rubicundus
1137 5152 1197 5206 in
1225 5152 1523 5224 martyrio.
1555 5152 1624 5206 Et
1654 5151 1793 5223 quia
1821 5152 1979 5209 rubi-

399 5331 414 5364 ¹
457 5328 814 5402 Veronensis
868 5346 962 5386 cor
1018 5335 1269 5402 nostrum
1328 5348 1429 5402 pro
1484 5346 1716 5395 meum;
1761 5330 1986 5402 scilicet

317 5401 684 5491 tersioni'ex.
738 5401 933 5457 Graeco
986 5400 1458 5459 constantissime
1518 5401 1781 5473 inhaeret,
1835 5400 1985 5478 ἐκαρ-

330 5490 540 5532 οιωσας
570 5490 605 5538 η
615 5491 740 5543 μας.

399 5546 423 5619 ἵ
449 5543 866 5619 casanatensis
896 5560 1028 5599 cum
1060 5544 1237 5619 veteri
1269 5544 1523 5619 editione
1553 5549 1860 5619 conceptus.

400 5618 423 5657 ³
484 5615 868 5676 Maluinimus
953 5618 1226 5676 assentiri
1301 5617 1507 5675 Gravio
1565 5615 1802 5694 corrigit
1846 5616 1985 5692 filia,

657 5744 923 5810 Ριτιιοι..
996 5744 1215 5810 xxm.

2084 4617 2206 4673 Dei.
2239 4618 2293 4672 Si
2328 4618 2685 4674 conversatio
2716 4623 2944 4675 tantum
2984 4624 3043 4676 et
3072 4621 3226 4678 bona
3268 4638 3446 4696 opera
3484 4627 3541 4679 et
3560 4624 3723 4695 jeju-

2085 4707 2183 4761 nia
2210 4706 2432 4777 absque
2460 4707 2813 4779 virginitate,
2843 4707 3090 4780 Spiritus
3110 4711 3297 4766 sancti
3321 4712 3394 4766 ad
3416 4727 3479 4767 se
3502 4725 3727 4766 meren-

2085 4800 2182 4850 tur
2211 4794 2550 4864 adventum,
2582 4796 2772 4866 potuit
2799 4801 2856 4852 et
2885 4796 2998 4852 ista
3043 4803 3231 4854 mater
3287 4814 3416 4854 esse
3471 4797 3727 4856 Domini.

2084 4884 2401 4938 Curramus
2432 4884 2503 4937 ad
2535 4881 2762 4954 reliqua
2793 4900 2806 4937 :
2838 4885 3054 4955 Sprevit
3083 4885 3427 4956 te,inquit,et
3451 4886 3723 4958 despexit,

2086 4974 2245 5039 virgo
2271 4972 2391 5041 ﬁlia
2420 4972 2557 5026 Sion
2586 4972 2694 5041 (Isa
2720 4989 2929 5041 xxxvu,
2954 4973 3068 5043 22).
3101 4974 3286 5036 Quam
3337 4972 3521 5029 ﬁliam
3570 4974 3729 5031 dixe-

2090 5066 2198 5127 rat,
2231 5058 2539 5133 appellavit
2565 5065 2624 5115 et
2664 5059 2949 5131 virginem
2984 5077 2997 5116 :
3033 5077 3103 5116 ne
3156 5061 3204 5116 si
3260 5064 3492 5118 tantum
3548 5062 3732 5121 ﬁliam

2091 5150 2473 5216 nominasset,
2509 5148 2877 5204 arbitrareris
2907 5154 2963 5204 et
2992 5153 3258 5221 nuptam.
3293 5151 3423 5208 Haec
3453 5156 3543 5209 est
3568 5152 3732 5228 virgo

2094 5330 2340 5432 urgente
2371 5326 2546 5381 etiam
2604 5326 2819 5394 Graeco,
2879 5323 3107 5401 θύγατερ
3142 5345 3154 5382 :
3190 5332 3363 5384 antea
3420 5334 3547 5387 erat

2212 5398 2561 5432 \lnuuxnnnain
2593 5402 2895 5432 nnnainnln
2926 5400 3125 5432 canit-tib
3193 5401 3347 5432 ΑΠΔΙ
3368 5402 3446 5432 ΠΛ

2212 5398 2563 5453 Veronensis
2593 5402 2896 5453 constante
2926 5398 3148 5468 seribit,
3180 5401 3473 5459 AHALMA.

2167 5470 2186 5503 ⁵
2220 5469 2614 5550 Ιξθνρθιζθιιιιλιι
2641 5468 2839 5550 editis.
2875 5470 2936 5550 Et
2964 5470 3095 5525 dicit
3126 5489 3227 5545 pro
3259 5474 3323 5529 Et
3370 5473 3512 5543 dixi,
3544 5489 3575 5531 e
3605 5473 3735 5548 qui-

2100 5542 2211 5597 bus
2234 5540 2510 5614 incipitur
2536 5540 2843 5613 Scripturea
2876 5542 3059 5599 locus.

3599 5332 3733 5401 ﬁlii.

3382 5748 3422 5823 θ
