4100 6156
359 282 495 348 867

1616 282 1680 342 S.
1725 274 2037 346 EUSEBII
2078 270 2524 344 HIERONYMI

3649 267 3770 340 268

360 414 499 473 .ﬁlia
528 414 600 470 ad
634 428 810 485 quam
843 412 983 470 alibi
1013 412 1227 470 dicitur
1260 435 1287 464 »
1323 430 1335 470 :
1369 412 1595 483 Laetare,
1643 416 1870 483 sterilis,
1898 431 2018 485 quae
2044 416 2100 482 Α
2131 416 2269 485 ipsa:
2300 431 2463 486 aequo
2492 414 2688 469 animo
2719 413 3020 486 patiantur
3048 412 3441 486 virginitatem
3476 408 3590 466 sibi
3620 425 3766 481 prae-

373 519 486 559 non
508 503 686 575 paris,
731 519 957 575 erumpe
1011 508 1059 559 et
1089 505 1285 571 clama,
1320 519 1444 576 quae
1465 520 1575 559 non
1599 494 1865 575 parturis,
1889 518 2018 573 quo-

381 594 539 647 niam
570 592 729 648 mulli
749 593 858 662 ﬁlii
878 592 1100 650 desertw
1128 595 1304 664 magis
1331 609 1499 666 quam
1546 593 1659 664 ejus
1713 607 1838 662 quae
1865 592 2024 647 habet

377 684 566 737 virum
595 681 718 753 (Isa.
747 699 854 750 LIV,
891 682 965 753 1).
998 682 1114 738 Ista
1143 689 1227 738 est
1273 683 1342 738 de
1391 698 1508 753 qua
1553 697 1657 753 per
1707 679 2020 736 Jeremiam

385 769 645 843 loquitur
672 770 847 837 Deus,
897 770 1097 828 dicens
1132 789 1144 826 :
1176 771 1437 843 Nuuquid
1482 770 1825 826 obliviscetur
1861 784 2019 840 spon-

381 876 445 915 sa
467 861 784 916 ornamenti
822 861 931 927 sui,
989 865 1087 916 aut
1133 862 1285 932 virgo
1333 861 1526 931 fasciae
1567 859 1856 931 pectoralis
1908 873 2023 912 suae

383 949 600 1019 (Jerem.
635 966 696 1014 ιι,
725 949 818 1017 32)
846 948 875 1003 ?
904 948 983 1004 De
1013 948 1122 1004 hac
1152 948 1210 1003 in
1242 949 1444 1004 eadem
1470 948 1777 1020 prophetia
1804 947 2025 1018 grande

384 1038 737 1094 miraculum
768 1042 878 1107 est,
906 1037 1047 1109 quia
1076 1038 1293 1093 femina
1321 1036 1770 1092 circumdederit
1810 1036 2021 1101 virum,

384 1122 540 1184 289
570 1130 627 1183 et
654 1126 1051 1182 universitatis
1080 1130 1381 1198 parentem
1420 1125 1661 1198 virginis
1708 1127 1908 1180 venter
1936 1123 2024 1178 in-

385 1215 643 1271 cluserit.
1230 1196 1235 1219 ’

458 1305 546 1360 33.
578 1306 841 1360 Jeremias
877 1307 1047 1377 virgo,
1103 1306 1221 1377 ejus
1266 1306 1583 1377 privilegia.
1644 1306 1837 1360 Verum
1892 1312 2026 1359 lem-

381 1392 541 1464 plum
571 1394 693 1461 Dei,
724 1394 917 1464 quod“?
947 1426 1013 1435 —
1050 1416 1071 1443 α
1105 1394 1264 1459 Esto,
1314 1393 1525 1465 inquit,
1582 1393 1923 1465 nuptiarum
1971 1396 2029 1447 et

389 1481 743 1554 virginitatis
774 1482 851 1537 sit
879 1482 1109 1537 diversa
1137 1481 1415 1548 conditio,
1448 1480 1590 1552 quid
1622 1481 1693 1536 ad
1725 1480 1833 1536 hoc
1865 1483 2029 1552 potes

405 1569 598 1625 dicere
626 1570 654 1622 ?
682 1569 742 1624 Si
771 1569 933 1642 virgo
964 1573 1021 1624 et
1047 1569 1224 1624 vidua
1261 1568 1478 1624 fuerint
1504 1568 1826 1640 baptizataa,
1860 1570 1917 1624 et
1947 1567 2031 1623 ita

400 1657 851 1729 permanserint,
876 1674 1003 1730 qua:
1023 1657 1133 1713 erit
1148 1656 1301 1712 inter
1315 1644 1627 1728 utramque
1654 1655 2026 1712 diversitas?»

2128 502 2286 557 ferri.
2320 503 2379 557 Si
2408 502 2564 557 enim
2595 501 2727 557 illas
2758 519 2889 558 sera
2919 500 3205 574 pudicitia
3221 504 3356 573 post
3387 500 3769 571 despumatas

2130 591 2388 662 corporis
2418 590 2746 662 voluptates
2777 591 2949 663 erigit
2975 594 3177 647 contra
3208 589 3510 645 maritatas
3540 586 3772 660 [Al.ma-

2131 678 2315 749 ritas],
2340 695 2445 734 cur
2474 695 2589 733 non
2622 678 2773 734 infra
2796 684 3137 751 perpetuam
3169 681 3501 734 castitatem
3532 691 3662 732 esse
3712 692 3772 731 se

2131 767 2398 822 noverint
2425 767 2454 821 ?

2201 856 2289 910 34.
2324 857 2545 912 Leviora
2596 865 2863 928 praecepta
2909 857 3037 912 data
3092 858 3220 912 rudi
3276 856 3456 911 adhuc
3494 856 3767 912 Ecclesia

2130 945 2470 1000 Eleclionum
2498 962 2675 1001 causae
2704 948 2894 1000 variae.
2930 947 3158 1017 Olfensio
3202 947 3478 1001 malorum
3520 945 3617 1013 esl,
3664 960 3773 1000 non

2133 1035 2414 1089 bonorum.
2453 1035 2653 1089 Vitium
2689 1037 2977 1104 antiquum
3025 1037 3085 1089 in
3132 1036 3390 1090 Ecclesia.
3455 1034 3774 1104 Ofﬁciorum

2130 1124 2377 1190 nomina,
2409 1139 2519 1179 non
2550 1126 2891 1178 meritorum.
2915 1153 2983 1162 —-
3015 1146 3043 1173 «
3076 1124 3335 1189 Frustra,
3385 1122 3601 1195 inquit,
3652 1122 3773 1177 haec

2132 1211 2411 1283 loqueris,
2446 1212 2586 1283 quia
2613 1216 2671 1267 et
2699 1211 2954 1284 episcopi
2980 1216 3037 1266 et
3078 1212 3399 1284 presbyteri
3429 1215 3486 1267 et
3514 1211 3772 1267 diaconi-

2136 1300 2313 1356 unius
2336 1301 2534 1356 uxoris
2561 1300 2692 1371 viri,
2725 1304 2781 1357 et
2828 1300 3111 1356 habentes
3161 1299 3335 1369 ﬁlios,
3386 1300 3458 1356 ab
3502 1299 3773 1371 Apostolo

2134 1388 2572 1444 constituuntur
2599 1391 2639 1444 ².
2675 1412 2702 1437 ››
2735 1389 3033 1455 Quomodo
3063 1389 3135 1445 de
3163 1388 3493 1462 virginibus
3522 1390 3769 1460 Aposto-

2136 1477 2229 1533 lus
2260 1476 2397 1532 dicit
2430 1464 2490 1533 se
2520 1495 2635 1533 non
2666 1478 2881 1534 habere
2912 1481 3286 1549 praereptum,
3336 1481 3393 1533 et
3435 1481 3638 1533 tamen
3670 1478 3773 1533 dat

2137 1565 2470 1633 consilium,
2499 1567 2668 1638 quasi
2699 1566 3158 1622 misericordiam
3191 1570 3542 1623 consecutus
3593 1582 3626 1622 a
3656 1566 3777 1622 Do-

2138 1655 2318 1722 mino,
2351 1658 2408 1710 et
2434 1654 2544 1711 hoc
2575 1656 2695 1727 agit
2724 1655 2783 1709 in
2810 1654 2969 1709 omni
3000 1654 3102 1710 illa
3134 1655 3548 1727 disputatione,
3582 1660 3648 1711 ut
3670 1655 3783 1710 vir-

389 1746 551 1810 Quod
585 1747 656 1802 de
687 1748 848 1803 Petro
879 1751 935 1802 et
961 1748 1206 1818 Joanne,
1244 1749 1411 1802 Anna
1457 1751 1516 1803 et
1561 1747 1744 1802 Maria
1801 1747 2025 1801 dudum
2059 1781 2107 1845 B
2138 1743 2439 1842 ginilatem
2470 1744 2735 1845 praeferat
2792 1741 3190 1842 matrimonio,
3225 1747 3308 1845 net
3362 1743 3570 1845 suadet
3627 1743 3783 1816 quod

388 1834 668 1907 diximus,
699 1836 809 1892 hoc
835 1837 1107 1907 praesenti
1136 1835 1262 1891 loco
1292 1835 1573 1908 proﬁciat.
1607 1836 1665 1890 Si
1695 1836 1851 1891 enim
1879 1835 2030 1891 inter

395 1924 681 1997 virginem
713 1928 770 1980 et
802 1924 1039 1980 viduam
1068 1924 1393 1997 baptizatas
1424 1923 1569 1979 nihil
1600 1924 1863 1994 interest,
1896 1923 2033 1996 quia

388 2014 683 2087 baptisma
723 2030 938 2069 novum
986 2013 1286 2069 hominem
1302 2013 1458 2081 facit,
1483 2012 2031 2069 eademconditione

389 2107 448 2159 et
477 2106 671 2159 scorta
698 2106 873 2174 atque
903 2101 1227 2175 prostibula
1256 2102 1304 2158 si
1328 2102 1543 2158 fuerint
1562 2103 1885 2174 baptizatae,
1916 2102 2031 2157 vir-

391 2190 627 2265 ginibus
657 2192 1065 2263 aequabuntur.
1125 2191 1186 2246 Si
1242 2189 1400 2246 enim
1453 2191 1751 2263 praeteritae
1814 2190 2030 2263 nuptiae

390 2279 540 2336 nihil
566 2283 777 2336 nocent
804 2280 991 2335 viduae
1024 2280 1344 2351 baptizataa,
1378 2285 1436 2334 et
1464 2281 1479 2345 ἴ
1485 2280 1785 2351 praeteritae
1818 2280 1877 2334 in
1909 2295 2033 2335 me-

391 2369 701 2426 retricibus
727 2369 1074 2443 voluptates,
1106 2369 1484 2441 expositaque
1514 2368 1758 2440 publica:
1806 2368 2032 2424 libidini

393 2475 658 2531 corpora,
691 2463 825 2528 post
851 2458 1145 2514 lavacrum
1174 2457 1529 2529 virginitatis
1560 2456 1801 2528 praemia
1827 2473 2035 2513 conse-

394 2557 667 2626 quentur.
697 2548 869 2605 Aliud
914 2565 1009 2603 esr
1051 2545 1431 2618 purissimam
1482 2548 1736 2599 mentem
1777 2548 1834 2600 et
1875 2544 2037 2600 nulla

394 2639 792 2698 recordatione
812 2636 1102 2709 pollutam
1140 2634 1257 2689 Deo
1295 2635 1564 2705 jungere,
1615 2632 1773 2687 aliud
1824 2633 2037 2688 memi-

395 2731 555 2786 nisse
580 2726 958 2800 amplexuum
988 2723 1094 2779 viri
1130 2723 1290 2777 fcedae
1322 2721 1690 2776 necessitatis
1737 2738 1749 2775 :
1781 2724 1837 2775 et
1878 2721 2034 2791 quod

397 2832 636 2891 corpore
667 2832 784 2877 non
823 2829 984 2886 agas,
1017 2808 1417 2867 recordatione
1455 2807 1733 2864 simulare
1782 2808 1820 2862 ¹.
1871 2808 2037 2864 Jere-

397 2910 569 2975 mias,
601 2905 702 2979 qui
734 2904 794 2959 in
826 2907 988 2959 utero
1019 2897 1419 2956 sanctiﬁcatus
1448 2900 1556 2964 est,
1589 2899 1645 2951 et
1663 2895 1932 2968 cognitus
1972 2897 2031 2952 in

396 2999 569 3057 vulva
623 2994 852 3061 matris,
908 2990 1039 3047 ideo
1096 2988 1205 3044 hoc
1261 2985 1561 3059 privilegio
1620 2984 1853 3051 fruitur,
1900 2986 2039 3057 quia

395 3086 749 3162 virginitatis
778 3084 903 3139 erat
931 3075 1280 3135 beatitudini
1308 3075 1730 3130 destinatus.Et
1750 3090 1881 3129 cum
1913 3091 2038 3130 om-

2139 1832 2425 1903 imperare
2450 1849 2566 1887 non
2597 1832 2791 1900 audet,
2828 1848 2899 1887 ne
2929 1831 3166 1902 injicere
3184 1832 3453 1887 videatur
3479 1830 3781 1903 laqueum,

2139 1924 2195 1975 et
2224 1920 2354 1993 plus
2380 1921 2678 1993 imponere
2709 1920 3004 1993 ponderis,
3034 1936 3211 1992 quam
3245 1924 3437 1993 potest
3473 1920 3784 1977 hominum

2139 2009 2429 2065 sustinere
2486 2009 2842 2065 naturazita
2896 2013 2954 2064 et
3011 2009 3071 2064 in
3127 2008 3524 2065 ecclesiastico
3580 2010 3783 2065 ordine

2139 2097 2570 2166 constituendo,
2604 2097 2742 2169 quia
2771 2097 2936 2153 rudis
2966 2114 3035 2154 ex
3065 2099 3342 2170 gentibus
3391 2097 3783 2154 constitueba-

2139 2191 2238 2241 tur
2264 2185 2539 2254 Ecclesia,
2572 2186 2787 2242 leviora
2827 2202 3013 2258 nuper
3068 2187 3440 2243 credentibus
3498 2188 3600 2243 dat
3654 2203 3785 2259 pre-

2142 2279 2326 2347 cepta,
2361 2292 2432 2330 ne
2478 2274 2666 2330 territi
2728 2276 2875 2330 ferre
2921 2291 3036 2330 non
3104 2280 3363 2346 possent.
3425 2276 3684 2348 Denique
3729 2280 3788 2332 et

2144 2365 2386 2435 apostoli
2422 2366 2479 2419 et
2507 2363 2765 2419 seniores
2792 2364 2884 2418 'de
2930 2363 3350 2437 Hierosolymis
3397 2363 3621 2421 litteras
3651 2365 3786 2421 mit-

2146 2457 2298 2519 tunt,
2328 2456 2391 2507 ut
2442 2470 2558 2509 non
2608 2451 2865 2524 amplius
2913 2452 3251 2525 imponatur
3300 2454 3498 2510 oneris
3545 2453 3640 2510 his
3688 2454 3789 2526 qui

2144 2542 2215 2597 de
2243 2541 2514 2612 gentibus
2543 2540 2914 2596 crediderunt
2967 2540 3083 2596 nisi
3142 2546 3206 2596 ut
3261 2542 3597 2598 abstineant
3622 2559 3687 2598 se
3716 2544 3790 2598 ab

2145 2628 2557 2696 idololatria,et
2582 2629 3053 2699 i‘ornicatione,et
3083 2647 3117 2685 a
3146 2630 3519 2702 sanguine,et
3546 2630 3793 2688 asufil'o—

2145 2717 2288 2773 catis
2318 2735 2331 2784 ;
2362 2721 2418 2772 et
2438 2717 2606 2788 quasi
2637 2716 2893 2788 parvulis
2924 2718 3442 2790 atqueinfantibus
3476 2718 3566 2776 lac
3586 2723 3792 2793 potum

2145 2807 2305 2874 dant,
2340 2824 2455 2862 non
2487 2805 2740 2862 solidum
2772 2805 3006 2875 cibum;
3041 2824 3145 2862 nec
3177 2808 3522 2880 praecipiunt
3551 2809 3623 2865 de
3651 2825 3788 2865 con-

2145 2895 2413 2963 tinentia,
2447 2910 2551 2949 nec
2582 2894 2654 2950 de
2681 2894 3011 2965 virginitate
3041 2896 3399 2968 signiﬁcant,
3441 2913 3547 2953 nec
3599 2898 3673 2953 ad
3695 2899 3787 2969 je-

2137 2985 2310 3055 junia
2338 2987 2685 3055 provocant,.
2704 3000 2891 3055 neque
2921 2984 3125 3039 dicunt
3148 2984 3293 3040 illud
3324 2987 3478 3057 quod
3510 2986 3569 3041 in
3608 2987 3793 3042 Evan-

2148 3072 2297 3146 gelio
2327 3073 2399 3127 ad
2431 3070 2724 3143 apostolos
2754 3072 3025 3145 dirigitur
3038 3073 3159 3140 3,ne
3173 3072 3428 3129 habeant
3459 3076 3606 3131 duas
3635 3075 3793 3130 tuni-

399 3139 522 3237 ne:
532 3175 685 3247 capti
717 3172 853 3239 sint,
881 3184 1021 3224 vasa
1049 3181 1283 3238 quoque
1312 3162 1514 3235 templi
1546 3162 1860 3234 Babylonio
1905 3180 2038 3235 rege
2068 3139 2111 3206 C
2150 3178 2268 3228 cas,
2302 3177 2374 3215 ne
2406 3177 2624 3232 peram,
2660 3177 2731 3216 ne
2762 3177 2840 3216 ωε
2867 3161 2928 3216 in
2949 3161 3212 3230 zonis,ne
3241 3161 3467 3235 virgam
3498 3163 3559 3218 in
3586 3179 3790 3231 manu,

395 3270 663 3326 vastante
689 3262 935 3331 direpta,
968 3256 1078 3311 iste
1109 3254 1269 3310 solus
1298 3252 1447 3306 liber
1493 3252 1564 3306 ab
1614 3252 1884 3307 hostibus
1931 3257 2039 3323 est,

399 3363 457 3416 et
494 3349 850 3427 captivitatis
879 3344 1065 3402 nescit
1090 3341 1358 3414 injurias,
1391 3344 1448 3396 et
1471 3358 1505 3396 a
1525 3340 1846 3396 victoribus
1877 3356 2039 3396 acce—

397 3448 486 3521 pit
515 3439 825 3516 stipendia,
852 3439 911 3492 et
936 3431 1340 3499 Nabuzardan,
1382 3429 1474 3484 cui
1523 3429 1595 3484 de
1637 3429 1858 3484 sanctis
1902 3446 2037 3521 san-

400 3518 629 3595 ctorum
658 3525 1197 3586 Nabuchodonosor
1225 3536 1341 3575 non
1372 3521 1740 3590 praeceperat,
1765 3518 2038 3590 praecepit

394 3628 467 3683 de
492 3620 765 3681 Jeremia.
788 3620 908 3671 Hoc
927 3613 1085 3670 enim
1115 3625 1318 3665 verum
1356 3607 1642 3679 templum
1691 3606 1791 3662 Dei
1840 3611 1947 3674 est,
1979 3610 2037 3663 et

392 3717 516 3773 haec
544 3713 758 3768 Sancta
786 3708 1144 3767 sanctorum,
1199 3714 1327 3769 quae
1373 3695 1729 3768 virginitatis
1782 3696 2034 3767 puritate

391 3801 641 3860 Domino
672 3795 1108 3853 consecrantur.
1144 3789 1212 3842 At
1240 3803 1271 3842 e
1300 3785 1588 3841 contrario
1617 3783 1900 3853 Ezechiel,
1931 3783 2033 3855 qui

389 3890 654 3963 captivus
684 3884 992 3955 tenebatur
1019 3880 1080 3933 in
1109 3874 1419 3948 Babylone,
1471 3873 1572 3945 qui
1618 3877 2028 3945 tempestatem

392 3980 465 4036 ab
495 3974 784 4049 Aquilone
813 3969 1140 4026 venientem
1169 3965 1474 4032 viderat,et
1502 3963 1800 4018 turbinem
1822 3967 2031 4018 cuncta

395 4067 743 4141 rapientem,
775 4061 857 4116 ait
890 4077 901 4114 :
934 4059 1151 4115 Mortua
1187 4058 1261 4110 est
1291 4069 1433 4109 uxor
1476 4069 1597 4108 mea
1640 4051 1709 4107 ad
1754 4068 2032 4123 vesperam

395 4140 481 4215 eli
494 4157 602 4229 feci
656 4166 819 4208 mane
873 4149 1015 4205 sicut
1064 4146 1395 4217 praceplum
1448 4143 1615 4199 mihi.
1642 4149 1759 4196 erat
1816 4140 2027 4229 (Ezeclz.

385 4227 542 4305 xx1v.
573 4243 686 4316 48).
718 4238 1070 4295 Praedixerat
1114 4233 1271 4289 enim
1319 4231 1367 4286 ei
1410 4230 1713 4295 Dominus,
1764 4230 1919 4300 quod
1970 4227 2028 4283 in

388 4336 483 4391 die
512 4332 614 4387 illa
638 4327 961 4401 aperiretur
990 4339 1055 4379 os
1104 4322 1253 4391 ejus,
1297 4323 1353 4373 et
1399 4317 1754 4389 loqueretur,
1804 4320 1863 4371 et
1912 4332 2026 4371 non

386 4426 607 4480 taceret
635 4416 909 4488 amplius.
953 4409 1275 4481 Diligenter
1329 4406 1581 4472 attende,
1642 4405 1825 4459 donec
1882 4421 2029 4460 uxor

2150 3267 2222 3305 ne
2252 3249 2641 3305 calceamenta
2668 3249 2728 3304 in
2756 3250 3027 3322 pedibus,
3060 3255 3162 3305 aut
3192 3255 3347 3306 certe
3379 3250 3524 3307 illud
3561 3269 3573 3307 :
3609 3251 3670 3306 Si
3708 3254 3794 3307 υιζς

2144 3341 2412 3411 perfectus
2439 3355 2566 3405 esse,
2598 3338 2730 3393 vade
2760 3343 2812 3393 el
2842 3339 3009 3394 vende
3037 3341 3224 3395 omnia
3253 3344 3349 3395 tua
3400 3345 3450 3396 el
3474 3340 3545 3395 da
3577 3356 3790 3412 paupe-

2144 3428 2296 3483 ribus
2327 3445 2339 3482 :
2373 3436 2428 3483 et
2455 3413 2825 3499 veni,sequere
2851 3444 2940 3483 me
2957 3428 3173 3499 (Matth.
3202 3446 3314 3483 xxx.
3360 3427 3530 3499 24).Si
3560 3429 3716 3484 enim
3742 3446 3799 3485 a-

2144 3516 2443 3573 dolescens
2456 3515 2655 3587 illequi
2669 3534 2730 3571 se
2732 3517 2756 3588 j
2766 3521 3054 3572 actaverat
3065 3522 3273 3573 cuncta
3284 3516 3491 3573 fecisse
3506 3533 3635 3589 qua:
3648 3516 3800 3590 legis

2144 3609 2304 3672 sunt,
2336 3605 2582 3661 audiens
2611 3605 2935 3672 hoc,tristis
2957 3605 3266 3677 abiit,quia
3286 3605 3544 3662 habebat
3562 3621 3798 3677 posses-

2140 3695 2336 3750 siones
2392 3693 2630 3763 multas,
2687 3698 2744 3748 et
2799 3693 3502 3765 Pharisaeihujuscemodi
3558 3692 3797 3750 Domini

2141 3782 2489 3839 sententiam
2535 3781 2982 3838 subsannabant
3032 3798 3044 3835 :
3098 3785 3319 3852 quanto
3377 3781 3567 3854 magis
3624 3785 3797 3838 tanta

2139 3873 2404 3945 gentium
2436 3870 2772 3937 multitudo,
2804 3870 2897 3925 cui
2919 3885 3156 3925 summa
3182 3871 3369 3926 virtus
3420 3874 3546 3925 erat
3594 3869 3793 3927 aliena

2139 3978 2255 4017 non
2288 3977 2508 4032 rapere,
2552 3975 2668 4014 non
2720 3958 2975 4014 habebat
3022 3974 3260 4014 necesse
3305 3962 3658 4030 praaceptum
3709 3959 3787 4015 de

2138 4048 2405 4104 castitate
2432 4051 2489 4103 et
2517 4046 2873 4103 continentia
2904 4049 3204 4117 perpetua,
3248 4046 3464 4118 quibus
3486 4046 3789 4103 scribeba-

2138 4143 2233 4192 tur
2267 4141 2330 4192 ut
2360 4136 2724 4192 abstinerent
2752 4151 2815 4190 se
2845 4135 2919 4190 ab
2950 4133 3143 4201 idolis,
3194 4138 3252 4189 et
3299 4152 3334 4190 a
3377 4135 3785 4201 fornicatione,

2134 4232 2192 4281 et
2218 4226 2278 4281 in
2300 4224 2515 4296 quibus
2547 4222 2895 4279 audiebatur
2924 4223 3257 4290 fornicatio,
3310 4228 3367 4279 et
3412 4223 3550 4280 talis
3600 4224 3785 4281 forni-

2136 4315 2305 4381 catio,
2339 4331 2466 4386 qua:
2498 4330 2569 4369 ne
2600 4313 2752 4368 inter
2780 4316 2980 4384 gentes
3036 4312 3277 4384 quidem
3336 4317 3425 4369 est
3485 4312 3497 4367 ι
3561 4313 3672 4369 Sed
3722 4316 3788 4370 et

2136 4405 2281 4460 29]
2317 4403 2442 4474 ipsa
2500 4400 2847 4473 episcopalis
2904 4400 3109 4457 electio
3165 4417 3397 4458 mecum
3456 4402 3613 4458 facit.
3648 4402 3778 4458 Non

386 4511 600 4566 viveret
626 4523 743 4562 non
771 4502 1027 4559 habebat
1055 4499 1381 4554 libertatem
1433 4493 1715 4566 populum
1765 4510 2025 4550 commo-
2054 4503 2101 4567 D
2132 4492 2287 4548 enim
2319 4491 2458 4546 dicit
2489 4508 2503 4558 ;
2537 4489 2800 4561 Eligatur
2836 4489 3171 4562 episcopus,
3223 4490 3326 4562 qui
3377 4506 3557 4545 unam
3604 4490 3787 4546 ducat

385 4598 584 4657 nendi.
614 4592 855 4650 Moritur
884 4606 1048 4654 uxor,
1079 4592 1139 4642 et
1168 4583 1472 4655 conjugale
1518 4582 1819 4638 vinculum
1851 4582 2025 4639 solvi-

381 4696 503 4759 tur,
534 4691 590 4743 et
617 4685 838 4754 absque
869 4677 989 4734 ulla
1019 4673 1404 4746 trepidatione
1446 4688 1678 4743 semper
1727 4672 1785 4726 in
1834 4672 2024 4728 ofﬁcio

382 4773 711 4854 prophetali
743 4774 851 4827 est.
886 4765 993 4833 Qui
1024 4763 1180 4820 enim
1212 4762 1360 4854 liber
1387 4764 1625 4817 vocatus
1656 4766 1760 4854 est,
1784 4778 1915 4818 vere
1936 4765 2025 4818 est

379 4850 586 4926 servus
614 4859 849 4920 Christi.
882 4857 1008 4913 Non
1042 4869 1188 4925 nego
1219 4853 1420 4908 beatas
1442 4865 1569 4906 esse
1616 4850 1844 4916 viduas,
1896 4868 2020 4923 quae

380 4960 462 5014 ita
482 4960 613 5029 post
628 4950 990 5023 baptismum
1009 4943 1334 4999 manserint
1357 4958 1369 5008 ;
1397 4955 1501 4994 nec
1522 4938 1757 4995 illarum
1780 4938 2021 4995 detraho

379 5028 609 5109 merito,
640 5041 794 5098 290
823 5053 950 5110 quae
978 5049 1113 5088 cum
1143 5030 1283 5086 viris
1313 5030 1371 5084 in
1394 5028 1662 5083 castitate
1679 5029 2017 5100 perdurant,

376 5134 481 5192 sed
513 5132 688 5187 sicuti
736 5129 821 5183 ha:
865 5123 1107 5196 majoris
1157 5120 1312 5193 apud
1355 5124 1538 5174 Deum
1587 5117 1810 5189 praemii
1858 5120 2019 5185 sunt,

378 5238 560 5297 quam
590 5221 793 5289 nuptm
846 5210 1138 5285 conjugali
1191 5208 1380 5266 ofﬁcio
1435 5207 1773 5274 servientes,
1831 5206 1913 5261 ita
1963 5209 2021 5261 et

445 5467 462 5499 ¹
529 5460 964 5520 Casanatensis.
1034 5455 1422 5515 Reconlalione
1493 5451 1844 5510 dissimulare
1904 5467 2015 5508 non

2135 4597 2394 4647 uxorem,
2424 4584 2481 4634 et
2512 4578 2660 4634 ﬁlios
2693 4578 2866 4634 faciat
2900 4596 2913 4645 ;
2947 4579 3049 4633 sed
3084 4578 3185 4650 qui
3217 4594 3397 4633 unam
3429 4578 3606 4634 ducat
3635 4595 3782 4634 uxo-

2134 4674 2339 4734 rem,et
2368 4668 2520 4724 ﬁlios
2550 4668 2609 4722 in
2640 4667 2799 4723 omni
2831 4667 3098 4723 subditos
3129 4665 3441 4737 disciplina
3469 4666 3519 4738 (Ι
3546 4667 3780 4733 Tim.m,

2130 4762 2186 4827 2,
2221 4760 2252 4813 4
2284 4776 2297 4826 ;
2332 4759 2428 4822 Tit,
2463 4775 2501 4823 ι,
2534 4758 2612 4826 6).
2664 4757 2829 4812 Certe
2891 4755 3185 4811 conﬁteris
3246 4772 3360 4811 non
3419 4770 3592 4826 posse
3650 4770 3782 4812 esse

2131 4847 2493 4920 episcopum,
2525 4845 2626 4918 qui
2659 4846 2714 4900 in
2739 4845 3077 4917 episcopatu
3110 4842 3260 4899 ﬁlios
3292 4843 3485 4899 faciat.
3516 4841 3779 4915 Alioqui,

2131 4936 2181 4991 si
2210 4935 2610 5007 deprehensus
2639 4934 2835 5000 fuerit,
2871 4950 2984 4988 non
3012 4932 3292 5005 quasi-vir
3320 4930 3638 5001 tenebitur,
3671 4931 3781 4988 sed

2130 5025 2298 5097 quasi
2329 5024 2558 5080 adulter
2587 5023 2983 5079 damnabitur.
3021 5027 3136 5076 Aut
3166 5021 3437 5094 permitte
3457 5018 3777 5077 sacerdoti-

2129 5114 2241 5169 bus
2271 5129 2533 5170 exercere
2564 5129 2741 5184 opera
2779 5111 3141 5183 nuptiarum,
3188 5114 3255 5165 ut
3296 5110 3453 5166 idem
3504 5109 3633 5165 sint
3657 5108 3777 5166 vir-

2129 5203 2299 5275 gines
2332 5203 2485 5275 quod
2518 5200 2714 5257 mariti
2748 5216 2760 5255 :
2795 5204 2897 5256 aut
2925 5200 2974 5256 si
3018 5199 3423 5255 sacerdotibus
3466 5215 3586 5255 non
3638 5196 3781 5254 licet

2196 5448 2217 5482 ²
2246 5445 2403 5502 Idem
2436 5444 2862 5502 Casanatensis.
2896 5444 2971 5499 Ab
3000 5442 3245 5515 Aposlolo
3284 5458 3397 5499 non
3423 5439 3780 5515 confundun-

438 5553 522 5594 sse
535 5518 853 5602 .rjeremias,
885 5538 1017 5601 etc.,
1042 5527 1217 5603 paulo
1247 5526 1399 5583 infra
1425 5526 1727 5599 Babylonio
1764 5529 2013 5581 vastante
2125 5528 2215 5603 tu):
2247 5534 2349 5603 pro
2370 5518 2798 5603 constituantur,

414 5610 622 5671 abetur
650 5608 712 5667 in
741 5622 886 5666 mss.
916 5604 1137 5678 absque
1167 5614 1313 5675 rege.

2194 5591 2215 5629 ³
2243 5586 2347 5661 Ms,
2379 5589 2436 5646 S.
2471 5588 2692 5657 Crucis,
2718 5588 2802 5646 Ad
2831 5586 3093 5662 apostolos
3121 5586 3345 5645 dicitur.
