2682 3279
137 81 195 112 269

678 79 883 111 ADVERSUS
908 77 1150 110 JOVINIANUM
1173 78 1247 109 LIB.
1271 79 1295 109 Ι.

1775 79 1837 110 2⁵70

137 155 240 175 uxores
258 149 390 184 tangere,
406 146 437 174 in
461 155 494 175 eo
510 147 602 174 sancti
623 148 703 180 sunt,
726 147 795 182 quia
810 145 1151 179 imitanturAjussioni.
1169 146 1307 180 Quodque
1338 146 1382 172 his
1418 146 1500 181 pejus
1525 148 1579 180 est,
1602 146 1660 173 illis
1682 145 1836 173 clericatus

135 191 310 228 pudicitiam
325 192 509 228 virginalem.
522 191 577 219 Sed
593 193 621 218 et
636 191 690 218 hoc
704 191 898 218 inferendum.
928 191 958 218 Si

135 236 229 264 laicus
243 238 273 264 et
287 236 458 272 quicunque
473 236 567 264 ﬁdelis
582 246 665 265 orare
690 245 747 264 non
771 239 876 273 potest,
902 237 958 264 nisi

136 283 235 309 careat
249 280 345 308 ofﬁcio
355 281 514 316 coniugali,
531 283 685 316 sacerdoti,
703 283 749 311 cui
769 291 884 319 semper
908 291 958 319 pro

138 324 247 361 populo
261 324 408 352 oil‘erenda
419 326 489 352 sunt
499 325 650 361 sacriﬁcia,
681 336 796 363 semper
816 328 958 355 orandum

138 372 193 397 est.
209 369 238 397 Si
248 376 365 405 semper
379 369 524 396 orandum
547 372 600 403 est,
631 379 698 408 ergo
724 380 839 407 semper
860 380 958 399 caren-

137 415 206 441 dum
223 412 422 441 matrimonio.
436 413 508 441 Nam
522 416 550 441 et
569 414 599 442 in
626 416 713 443 veteri
738 416 800 452 lege
830 417 879 452 qui
908 425 960 452 pro

133 457 241 495 populo
255 458 370 486 hostias
380 458 550 491 oﬂ'erebant,
567 467 623 486 non
644 460 739 488 solum
765 461 794 487 in
825 461 960 488 domibus

133 503 195 531 suis
224 505 321 536 erant,
346 503 397 530 sed
443 503 675 538 purificabantur
703 505 738 532 ad
774 507 891 541 tempus
925 507 960 532 al)

135 547 275 575 uxoribus
291 547 431 583 separati,
447 549 476 575 et
490 548 590 575 vinum
613 550 642 576 et
658 548 780 577 siceram
799 558 856 576 non
881 550 960 576 bibe-

138 592 223 625 bant,
247 599 308 627 quis
318 591 417 619 solent
440 591 593 619 libidinem
616 601 780 628 provocare.
809 594 962 630 Eliguntur

137 635 236 664 mariti
245 636 274 663 in
289 635 499 669 sacerdotium,
515 644 571 663 non
588 645 675 673 nego;
705 638 774 673 quia
808 647 865 665 non
894 641 963 666 sunt

134 680 208 708 tanti
223 679 361 716 virgines,
389 680 492 716 quanti
522 682 678 709 necessarii
697 685 766 709 sunt
785 683 960 710 sacerdotes.

133 724 275 761 Nunquid
290 724 363 760 quia
377 723 407 751 in
418 724 546 752 exercitu
561 725 740 754 fortissimus
769 727 895 762 quisque
910 727 961 755 eli-

129 769 246 805 gendus
263 770 320 804 est,
336 768 446 796 idcirco
455 777 513 796 non
530 773 719 798 assumantur
731 773 759 798 et
774 771 959 800 infirmiores.

129 822 198 842 cum
214 821 321 842 omnes
336 813 426 841 fortes
441 821 506 841 esse
522 822 579 841 non
602 815 739 850 possint?
764 816 794 843 Si
820 816 962 844 exercitus

128 858 245 886 viribus
260 859 377 886 tantum
393 859 551 891 constaret,
578 860 605 886 et
633 867 690 886 non
720 859 808 887 etiam
840 869 960 888 numero

128 902 277 936 militum,
294 902 492 938 abjicerentur
514 902 729 931 imbecilliores.
752 905 835 932 Nunc
860 908 888 932 et
916 914 961 933 se-

131 947 303 976 cundarum
314 949 342 975 et
356 947 510 974 tertiarum
527 948 631 975 virium
659 949 767 984 gradus
789 950 960 983 assumitur,

135 994 171 1020 ut
197 990 286 1019 turba
299 993 326 1019 et
337 999 460 1019 numero
476 992 619 1019 exercitus
635 993 825 1028 compleatur.
843 994 877 1021 Et
893 1002 962 1029 quo-

133 1036 239 1070 modo,
249 1035 374 1071 inquies,
391 1036 559 1071 frequenter
573 1036 602 1063 in
617 1037 798 1064 ordinatione
827 1038 960 1065 sacerdo—

128 1080 181 1108 tali
198 1080 284 1116 virgo
300 1079 469 1116 negligitur,
487 1082 515 1107 et
531 1080 655 1108 maritus
671 1082 856 1108 assumitur?
889 1082 961 1114 Quia

126 1125 207 1153 forte
222 1126 331 1152 cetera
340 1132 428 1160 opera
443 1132 499 1151 non
513 1123 601 1151 habet
615 1124 774 1161 virginitati
802 1134 961 1161 congruen-

128 1169 183 1202 tia,
200 1170 253 1197 aut
262 1169 348 1205 virgo
361 1170 494 1204 putatur.
510 1170 538 1196 et
562 1177 619 1196 non
640 1171 700 1196 est:
731 1172 780 1196 aut
806 1173 850 1197 est
871 1171 959 1206 virgi-

129 1213 236 1242 nitatis
250 1213 405 1247 infamis‘,
421 1215 472 1240 aut
487 1215 564 1241 certe
578 1213 643 1249 ipsa
661 1213 813 1249 virginitas
836 1214 862 1241 ei
887 1215 962 1250 parit

127 1255 316 1293 superbiam,
333 1257 363 1283 et
378 1256 449 1283 dum
465 1256 522 1283 sibi
536 1257 690 1293 applaudit
707 1259 741 1285 de
752 1258 818 1286 sola
831 1260 961 1295 corporis

126 1300 280 1335 castitate,
294 1300 420 1328 virtutes
429 1302 548 1328 caeteras
563 1301 693 1338 negligit.
710 1303 771 1330 Non
786 1303 862 1330 fovet
890 1312 961 1339 pau-

126 1344 383 1382 percupecunize
398 1344 532 1380 cupidior
558 1348 611 1372 est.
628 1346 728 1373 Evenit
752 1347 898 1374 interdum
929 1351 961 1375 ut

125 1389 246 1418 tristior
265 1388 378 1421 vultus,
408 1389 569 1416 adductum
598 1390 798 1426 supercilium,
829 1392 961 1420 incessus

126 1441 312 1471 pomparum
329 1432 448 1461 ferculis
460 1433 471 1450 ²
485 1433 603 1466 similis,
620 1435 747 1462 oil'endat
762 1436 913 1471 populum,
934 1440 962 1464 et

126 1479 201 1515 quia
215 1477 294 1506 nihil
308 1477 400 1506 habet
415 1478 493 1513 quod
509 1477 702 1514 reprehendat
716 1479 959 1514 invita,habitum

126 1511 230 1552 solum
245 1521 344 1551 oderit
364 1523 393 1549 et
425 1511 586 1550 incessum.
614 1523 697 1550 Multi
725 1511 873 1559 eliguntur
902 1534 959 1552 non
976 1511 996 1544 C

127 1574 234 1596 amore
249 1565 309 1600 sui,
326 1566 378 1594 sed
393 1565 512 1594 alterius
528 1566 603 1594 odio.
621 1567 652 1594 In
682 1568 828 1603 plerisque
857 1570 959 1597 suifra—

127 1611 216 1648 ginm
230 1611 365 1639 meretur
388 1609 451 1638 sola
475 1610 660 1647 simplicitas,
682 1614 709 1639 et
739 1613 815 1641 292
840 1613 960 1641 alterius

128 1654 301 1693 prudentia
310 1656 339 1682 et
348 1654 503 1682 callidituti
519 1655 603 1690 quasi
618 1656 736 1684 malitiae
762 1660 959 1693 opponuntur.

131 1700 357 1734 Nonnunquam
371 1701 451 1727 errat
466 1698 561 1735 plebis
577 1699 876 1736 vulgiquejudicitim,
893 1703 960 1730 etin

134 1742 345 1772 sacerdotibus
354 1743 590 1779 eomprobandis,
606 1745 810 1781 unusquisque
826 1746 887 1773 suis
901 1755 961 1774 mo-

131 1787 225 1816 ribus
238 1786 324 1820 favet,
338 1789 371 1815 ut
385 1795 443 1815 non
459 1789 520 1815 tam
532 1788 642 1815 bonum
655 1797 742 1824 quam
759 1790 804 1816 sui
835 1791 961 1818 similem

130 1831 455 1869 quantpropoeitum.
488 1832 589 1860 Evenit
617 1832 772 1868 aliquoties
794 1837 826 1861 ut
855 1835 961 1869 mariti,

129 1885 198 1914 qua
213 1884 286 1914 pars
304 1876 442 1912 maiorin
452 1876 559 1912 populo
570 1879 623 1910 est,
654 1878 767 1906 maritis
796 1880 879 1914 quasi
908 1880 963 1907 sibi

132 1920 331 1958 applaude
347 1922 377 1948 et
392 1920 420 1948 in
441 1928 474 1948 eo
493 1928 524 1948 se
549 1921 729 1949 arbitrentur
754 1923 882 1951 minores
906 1932 963 1951 non

130 1972 202 1994 esse
227 1964 409 2002 virginibus,
439 1965 464 1993 si
494 1965 634 1993 maritum
661 1967 768 2002 virgini
799 1968 962 2003 prasi'erant.

131 2007 451 2046 Dittmaﬁqnid'quod
463 2009 593 2037 lorsitam
603 2018 670 2038 cum
682 2011 842 2039 multorum
856 2013 966 2040 offensa

132 2053 271 2082 «rm
284 2061 356 2082 sum
374 2053 444 2087 ;sed
460 2053 528 2081 boni
544 2054 616 2081 mihi
634 2063 691 2082 non
712 2055 886 2091 irascentur,
896 2057 966 2092 quia

133 2103 194 2126 eos
330 2097 513 2126 conscientia
524 2106 581 2126 non
604 2100 792 2127 remordebit.
814 2102 964 2129 interdum

129 2141 501 2179 booe‘pontiﬂcutnvitio
516 2143 632 2175 accidit,
659 2144 710 2179 qui
737 2153 794 2172 non
820 2145 963 2173 meliores.

1017 190 1128 216 donant
1143 190 1277 225 gradum,
1298 198 1423 225 quorum
1440 192 1510 218 sunt
1537 190 1684 226 obsequiis
1708 189 1834 217 deliniti.

1015 233 1262 269 Alioquisijuxta
1292 234 1466 262 sententiam
1494 234 1635 270 Apostoli,
1664 243 1722 262 non
1750 235 1835 262 erunt

1015 277 1142 313 episcopi
1176 279 1233 305 nisi
1254 279 1362 314 mariti,
1395 280 1456 314 ipse
1487 279 1645 315 Apostolus
1682 279 1834 314 episcopus

1015 330 1078 349 esse
1098 331 1156 349 non
1172 322 1281 356 debuit,
1295 324 1343 358 qui
1360 324 1433 351 dixit
1449 333 1455 351 :
1486 324 1544 351 Volo
1568 325 1660 351 autem
1678 331 1768 351 omnes
1795 324 1836 350 sic

1016 375 1079 400 esse,
1096 368 1166 394 sicut
1183 375 1229 401 ego
1244 376 1306 394 sum
1314 368 1337 402 (1
1350 368 1409 395 Cor.
1426 377 1476 401 v11,
1502 368 1541 403 7).
1573 369 1606 395 Et
1635 368 1763 396 Joannes
1788 368 1834 394 in-

1016 411 1123 446 dignus
1140 411 1194 438 hac
1205 412 1296 446 gradu
1312 412 1536 445 existimabitur,
1550 415 1577 439 et
1585 421 1687 440 omnes
1697 411 1836 448 virgines,

1016 457 1044 482 et
1056 456 1248 489 continentes,
1265 456 1373 491 quibus
1384 456 1468 492 quasi
1484 456 1703 493 pulcherrimis!
1711 456 1837 493 gemmis

1017 499 1148 526 Ecclesia:
1166 500 1272 527 monile
1288 500 1449 528 decoratur.
1463 501 1623 537 Episcopus
1638 504 1667 528 et
1689 501 1839 537 presbyter

1017 546 1044 570 et
1060 544 1200 571 diaconus
1212 553 1267 571 non
1284 547 1354 571 sunt
1367 545 1537 572 meritorum
1549 545 1677 578 nomina,
1694 546 1746 573 sed
1774 545 1838 572 offi-

1017 587 1139 614 ciorum.
1157 588 1214 615 Nec
1230 588 1355 616 dicitur:
1371 590 1473 624 Siquis
1487 591 1672 625 episcopalem
1691 590 1837 625 desiderat,

1017 634 1118 659 bonum
1132 632 1266 660 desiderat
1280 633 1397 666 gradum
1412 634 1435 668 (I
1448 634 1513 660 Tim.
1535 642 1577 667 ΠΙ,
1593 634 1639 670 4);
1668 635 1715 662 sed
1739 635 1838 663 bonum

1017 684 1084 712 opus
1098 676 1243 710 desiderat,
1260 678 1336 712 quod
1352 678 1381 705 in
1398 678 1501 713 majori
1531 679 1631 706 ordine
1661 680 1838 707 constitutus

1018 721 1120 756 possit,
1137 722 1160 748 si
1178 721 1253 755 velit,
1265 722 1447 750 occasionem
1475 723 1702 751 exercendarum
1732 724 1838 752 habere

1017 765 1169 793 virtutum.

1053 810 1097 837 35.
1121 811 1224 844 [tegula
1247 811 1410 839 sobrietatis.
1438 812 1528 840 νίν-(ας
1553 813 1654 847 gradus
1680 814 1841 841 ecclesiasti-

1017 862 1059 881 cos
1084 854 1174 881 beatos
1198 855 1297 890 efﬁcit.
1323 871 1355 875 ——
1379 855 1487 891 Oportet
1507 865 1570 892 ergo
1592 858 1746 893 episcopum
1769 859 1838 886 irre-

1014 899 1308 933 prehcnsiln‘lrmesse,
1325 903 1356 927 ut
1379 900 1451 927 nulli
1473 901 1542 928 vitio
1571 902 1755 938 mancipatus
1783 903 1840 937 sit;

1018 944 1100 970 unius
1116 944 1212 971 uxoris
1233 945 1334 977 virum,
1363 945 1411 980 qui
1437 954 1525 973 unam
1554 954 1672 974 uxorem
1695 946 1841 982 habuerit,

1017 995 1076 1013 non
1094 987 1215 1021 habeat;
1244 989 1377 1022 sobrium,
1408 990 1478 1022 sive,
1503 992 1534 1016 ut
1558 990 1664 1017 melius
1679 990 1709 1018 in
1741 991 1838 1020 Graeco

1016 1031 1134 1065 dicitur,
1145 1033 1319 1066 vigilantem,
1335 1032 1363 1059 id
1381 1036 1433 1066 est,
1449 1032 1584 1071 νηφάλεον
1603 1035 1654 1067 [Αἰ.
1670 1033 1835 1072 νηφάλιον];

1014 1076 1217 1110 pudicum,hoc
1233 1077 1310 1103 enim
1327 1077 1471 1112 signiﬁcat
1486 1079 1591 1115 σώφρον
1608 1079 1661 1113 [ΑΙ.
1678 1078 1834 1116 σώφρονα];

1015 1122 1153 1153 ornatum,
1169 1123 1197 1147 et
1212 1121 1344 1148 castitate
1368 1124 1397 1148 et
1423 1122 1574 1155 moribus;
1603 1123 1775 1158 hospitalem,
1803 1126 1836 1152 ut

1016 1164 1146 1191 imitetur
1161 1164 1317 1197 Abraham,
1330 1168 1358 1192 et
1371 1173 1437 1193 cum
1452 1166 1624 1202 peregrinis,
1639 1167 1697 1195 imo
1712 1168 1742 1196 in
1759 1176 1837 1205 pere-

1018 1208 1120 1244 grinis,
1136 1208 1283 1236 Christum
1301 1210 1459 1245 suscipiat;
1486 1210 1631 1246 doctorem,
1655 1212 1729 1240 nihil
1757 1213 1837 1241 enim

1017 1253 1135 1288 prodest
1149 1254 1327 1281 conscientia
1342 1254 1482 1282 virtutum
1498 1255 1566 1288 frui,
1579 1256 1634 1284 nisi
1650 1259 1678 1284 et
1693 1258 1837 1285 creditum

1017 1297 1073 1324 sibi
1090 1297 1230 1333 populum
1243 1299 1334 1333 possit
1348 1299 1504 1332 instruere,
1520 1303 1552 1328 ut
1570 1300 1664 1329 valeat
1692 1301 1838 1330 exhortari

1017 1341 1046 1368 in
1064 1342 1207 1376 doctrina,
1222 1345 1250 1370 et
1265 1351 1314 1370 eos
1336 1343 1385 1379 qui
1416 1344 1619 1372 contradicunt
1644 1345 1836 1382 redarguere;

1017 1394 1071 1413 non
1087 1387 1267 1421 vinolentum,
1284 1387 1353 1422 quia
1364 1388 1413 1422 qui
1426 1388 1581 1424 semperin
1592 1389 1707 1417 Sanctis
1723 1393 1837 1418 sancto-

1018 1439 1083 1457 rum
1099 1433 1143 1458 est
1155 1432 1165 1447 ³
1181 1434 1208 1458 et
1223 1432 1307 1459 oil‘ort
1322 1432 1442 1465 hostias,
1459 1433 1558 1460 vinum
1579 1436 1607 1461 et
1631 1433 1753 1462 siceram
1778 1443 1836 1462 non

1018 1475 1105 1508 bibet,
1124 1476 1193 1511 quia
1208 1476 1284 1504 293
1305 1476 1333 1503 in
1362 1477 1428 1504 vino
1452 1477 1568 1505 luxuria
1595 1480 1650 1506 est.
1681 1478 1729 1506 Sic
1757 1479 1838 1506 bibat

1017 1519 1181 1555 episcopus,
1198 1522 1229 1547 ut
1244 1529 1280 1547 an
1305 1520 1411 1548 biberit
1426 1521 1595 1557 ignoreturi.
1607 1525 1670 1550 Non
1693 1531 1834 1559 percusso-

1015 1572 1083 1605 rem,
1100 1564 1127 1590 id
1141 1567 1193 1598 est,
1207 1564 1258 1600 qui
1273 1565 1466 1593 conscientias
1475 1574 1532 1593 non
1557 1567 1702 1602 percutiat
1730 1568 1834 1605 singu-

1016 1598 1131 1636 loriim:
1163 1616 1254 1643 neque
1279 1609 1357 1636 enim
1395 1610 1523 1645 pugilem
1567 1611 1707 1640 describit
1739 1598 1835 1641 sermo

1016 1652 1256 1688 apostolicus,sed
1265 1654 1575 1689 pontiﬁceminstituit,
1589 1655 1659 1691 quid
1675 1657 1767 1685 facere
1778 1666 1835 1686 non

1018 1697 1130 1724 debeat.
1156 1697 1245 1725 Docet
1264 1706 1341 1725 nunc
1370 1706 1385 1725 c
1411 1699 1526 1734 regione
1556 1700 1625 1734 quid
1662 1701 1768 1729 faciat:
1787 1702 1838 1730 Sed

1017 1742 1180 1775 modestum,
1207 1750 1263 1769 non
1292 1742 1450 1778 litigiosum,
1482 1751 1535 1770 non
1559 1745 1701 1779 cupidum,
1728 1745 1839 1774 domum

1017 1794 1096 1812 suam
1112 1786 1177 1813 bene
1200 1789 1348 1821 regentem,
1364 1787 1435 1821 ﬁlios
1463 1788 1604 1815 habentem
1636 1790 1756 1817 subditos
1778 1798 1840 1819 cum

1019 1831 1094 1857 omni
1109 1832 1236 1858 castitate
1259 1831 1336 1866 (Ibid.
1367 1833 1438 1866 2-4).
1465 1832 1536 1860 Vide
1570 1835 1679 1869 quanta
1698 1835 1841 1870 pudicitia

1019 1875 1152 1910 exigatur
1168 1875 1196 1902 in
1213 1876 1360 1912 episcopo,
1378 1880 1409 1904 ut
1424 1877 1447 1904 si
1466 1877 1518 1904 lilii
1533 1878 1597 1912 ejus
1612 1878 1753 1914 impudici
1777 1880 1839 1908 fue-

1021 1920 1087 1953 rint,
1104 1919 1166 1955 ipse
1191 1920 1345 1955 episcopus
1373 1929 1437 1949 esse
1467 1930 1525 1950 non
1556 1922 1658 1958 possit,
1679 1926 1707 1950 et
1734 1925 1836 1952 eodem

1019 1964 1087 1992 vitio
1114 1963 1241 1991 oil‘endut
1265 1967 1355 1992 Deum
1385 1974 1442 2000 quo
1464 1966 1584 1994 offendit
1610 1966 1671 1994 Heli
1702 1969 1840 2003 pontifex.

1021 2009 1070 2044 qui
1085 2008 1264 2044 corripuerat
1280 2009 1398 2044 quidem
1420 2009 1507 2043 ﬁlios,
1523 2010 1574 2037 sed
1598 2011 1668 2046 quia
1692 2020 1748 2038 non
1765 2013 1843 2047 abje-

1021 2056 1099 2081 cerat
1113 2053 1326 2089 delinquentes,
1344 2055 1502 2081 retrorsum
1514 2054 1627 2088 cecidit,
1655 2057 1684 2082 et
1708 2058 1843 2085 mortuus

1020 2102 1074 2132 cst,
1096 2101 1251 2134 antequam
1270 2097 1389 2125 lucerna
1406 2098 1455 2126 Dei
1480 2099 1713 2135 exstingueretur
1729 2101 1753 2137 (Ι
1779 2101 1842 2137 Reg.

1024 2154 1043 2173 ii
1059 2148 1087 2173 et
1102 2145 1139 2181 iv)
1151 2144 1275 2171 Mulieres
1289 2143 1422 2170 similiter
1434 2143 1547 2179 pudicas
1569 2145 1593 2179 (ι
1621 2145 1687 2172 Tim.
1716 2154 1758 2179 iii,
1788 2146 1844 2182 Η),

130 2186 189 2216 sed
201 2186 370 2224 argutiores
384 2186 415 2215 in
430 2186 540 2214 clerum
556 2187 687 2224 allegunt
699 2189 742 2224 [ΑΙ
771 2189 907 2226 eligunt],
938 2193 966 2218 et
981 2193 1004 2225 Ι)
1020 2193 1048 2218 et
1063 2190 1183 2225 reliqua.
1206 2189 1236 2215 In
1253 2188 1332 2215 omni
1350 2188 1442 2223 gradu
1456 2190 1484 2225 et
1499 2197 1568 2216 sexu
1589 2191 1668 2217 tenet
1706 2190 1847 2226 pudicitia

131 2228 481 2268 simpliciumquosque
506 2233 593 2268 atque
622 2232 794 2261 innocentes
822 2234 969 2262 inhabiles

133 2276 262 2314 putat,
286 2275 333 2304 vel
358 2275 501 2303 afﬁnibus
525 2278 554 2304 et
581 2277 713 2313 cognatis
738 2279 822 2314 quasi
850 2281 978 2307 terreme‘

134 2317 374 2349 ιιιὶιῆῧρωοίι
395 2319 572 2357 largiuntur,
588 2321 647 2349 sive
676 2322 800 2350 divitum
831 2324 971 2352 obediunt

180 2409 193 2428 ³
205 2406 263 2438 Μ
273 2409 316 2438 ad
329 2409 506 2451 virginitatis
521 2410 645 2446 infamis.
657 2410 871 2451 'Yirginitatem
894 2413 970 2451 infa-

134 2451 343 2482 suam
357 2446 475 2482 videtur
488 2453 643 2482 eam,rquai
656 2446 764 2482 injuria
787 2456 820 2474 ac
846 2448 972 2475 violenta

134 2477 598 2518 whmnmefﬁcituriu
613 2477 721 2518 iis,qvui
746 2483 783 2510 ab
802 2483 973 2511 hominibus

133 2514 709 2558 ggnjcuauehiqclquihita‘naiti
739 2521 863 2558 suntex
893 2522 973 2547 utero

366 2552 522 2590 virginitas
533 2550 656 2590 infamis
670 2556 724 2586 est,
736 2554 915 2590 impediique
931 2564 974 2582 or-

132 2588 227 2626 dinis
239 2585 431 2624 dignitatem:
445 2591 475 2617 et
498 2588 669 2617 electionem
699 2585 728 2617 in
754 2585 877 2617 clerum:
894 2591 973 2618 Mm-

177 2660 333 2692 ’ἔπειτα

138 2696 187 2726 αἱ
210 2696 352 2734 Baduuini
369 2696 466 2734 βοὶ.λρ
487 2703 526 2725 :u
550 2696 670 2734 Fulgeat
697 2696 826 2734 quilibet
843 2696 923 2729 auro,
949 2700 977 2725 et

137 2733 324 2776 pompattde
351 2731 473 2767 torculis
505 2731 647 2768 coruscet,
665 2734 694 2760 et
707 2731 844 2762 sarcinis
860 2733 977 2764 metalla

534 2660 658 2698 /e_rc_ulis.
671 2661 777 2698 Supra”
794 2661 824 2688 in
853 2661 976 2698 epistola

0 2811 402 3046 με

1025 2235 1233 2271 principatum.
1247 2232 1348 2260 Cernis
1363 2233 1452 2269 igitur
1474 2233 1551 2269 quod
1575 2234 1741 2270 episcopus,
1763 2243 1846 2270 pres-

1025 2280 1117 2315 byter,
1134 2279 1162 2305 ct
1177 2278 1318 2305 diaconus
1335 2286 1392 2304 non
1409 2277 1473 2305 ideo
1498 2278 1559 2306 sint
1582 2278 1671 2312 beati,
1696 2278 1768 2314 quia
1788 2278 1847 2314 epi-

1025 2323 1116 2359 scopi,
1148 2322 1192 2350 vel
1216 2322 1375 2358 presbyteri
1402 2322 1471 2354 sint,
1496 2325 1548 2350 aut
1584 2322 1708 2358 diaconi,
1733 2323 1784 2350 sed
1821 2322 1847 2350 si

1027 2412 1151 2440 radient.
1174 2411 1286 2439 nllubes
1300 2411 1338 2438 ibi
1356 2419 1530 2446 pomparum
1553 2411 1671 2438 fercula.
1698 2410 1846 2439 MARTIAN.

1028 2465 1062 2469 —
1077 2448 1185 2480 Cicero,
1200 2456 1206 2474 l
1221 2447 1310 2482 ΟῙγῖσ.⁷
1326 2454 1340 2473 c
1355 2448 1408 2473 36:
1426 2458 1439 2471 ‹‹
1461 2447 1626 2474 Cavendum
1647 2449 1701 2480 est,
1731 2455 1766 2474 ne
1790 2448 1848 2474 tar-

1029 2484 1169 2511 ditatibus
1187 2481 1307 2518 utamur,
1318 2481 1346 2508 in
1359 2490 1460 2518 gressu
1479 2481 1673 2518 mollioribus,
1689 2485 1721 2509 ut
1736 2482 1849 2510 similes

1030 2527 1204 2556 pomparum
1222 2517 1338 2560 i'crcplis
1351 2525 1415 2560 esse
1426 2517 1587 2560 videamur.
1606 2530 1620 2543 ››
1636 2517 1723 2560 Erant
1746 2526 1851 2560 nempe

1030 2553 1194 2591 gestamina
1204 2553 1342 2591 quaedam
1354 2553 1462 2591 quibus
1477 2554 1603 2591 deorum
1623 2554 1795 2591 simulacra
1818 2553 1852 2581 in

1030 2588 1146 2632 pompis
1161 2588 1377 2632 delerfba‘ntur.
1389 2588 1459 2632 Vide
1475 2589 1504 2617 in
1518 2590 1602 2632 epist.
1619 2590 1646 2624 3,
1659 2591 1694 2618 ad
1710 2589 1851 2625 Ruﬁnum,

1030 2625 1058 2654 in
1076 2625 1133 2653 line
1149 2629 1177 2653 et
1191 2625 1226 2652 ad
1237 2626 1385 2652 Rusticum.
1402 2627 1490 2660 atque
1505 2625 1584 2653 alibi.

1065 2662 1076 2679 ³
1093 2661 1230 2697 Legimus
1245 2669 1279 2688 ex
1295 2669 1367 2688 mss.
1384 2664 1552 2689 nostrorum
1571 2670 1714 2689 consensu
1733 2671 1739 2695 ;
1767 2661 1854 2697 antea

1031 2698 1108 2725 enim
1121 2695 1146 2734 ε’
1158 2697 1228 2730 Quia
1254 2704 1361 2734 semper
1386 2696 1416 2724 in
1443 2699 1552 2727 Sancti:
1574 2701 1731 2726 sanctorum
1751 2698 1801 2729 est,
1827 2695 1854 2726 ει

1032 2735 1080 2773 qui
1094 2733 1182 2772 offert,
1199 2734 1252 2764 etc.
