4100 6156
437 382 547 444 271

1691 386 1754 448 s.
1802 384 2109 451 EUSEBII
2154 383 2597 471 H_IERONYMI

3715 386 3825 447 2'12

437 512 681 572 virtutes
711 512 1025 572 habuerint
1052 514 1360 572 nominum
1382 532 1625 574 suorum
1648 522 1702 575 et
1724 519 2075 586 ofﬁciorum,
2108 522 2164 588 Α
2193 521 2516 591 silentium,
2552 522 2722 595 quasi
2745 524 2817 579 de
2864 523 2988 578 loco
3046 520 3313 577 videmur
3361 513 3582 588 cedere,
3638 520 3696 573 et
3739 517 3830 577 ad-

437 603 668 675 Alioqui
700 603 750 660 si
776 603 1058 660 diaconus
1085 605 1341 661 sanctior
1390 607 1663 679 episcopo
1722 624 1829 663 suo
1889 608 2089 680 fuerit,

440 708 557 748 non
589 709 656 748 ex
679 709 745 748 eo
776 693 932 765 quod
963 692 1202 750 inferior
1230 696 1415 766 gradu
1438 700 1550 763 est,
1586 697 1740 768 apud
1788 696 2089 753 Christum

442 782 693 838 deterior
720 782 847 837 erit.
870 783 982 838 Aut
1013 782 1344 855 Stephanus
1393 785 1698 853 diaconus,
1727 785 1828 857 qui
1862 786 2092 858 primus

442 869 721 942 martyrio
753 875 1065 927 coronatus
1091 873 1219 944 est(
1248 877 1364 929 Act:
1398 891 1477 940 v1,
1510 875 1834 946 vn),minor
1855 875 2090 932 futurus

443 959 611 1016 estin
644 975 819 1031 regno
850 959 1128 1017 caalorum
1154 961 1358 1017 multis
1415 962 1726 1036 episcopis,
1778 970 1836 1019 et
1894 964 2090 1019 Timo-

449 1048 581 1104 theo
611 1064 677 1104 ac
706 1048 855 1119 Tito,
888 1065 1036 1120 quos
1063 1053 1129 1103 ut
1148 1050 1437 1120 subjicere
1462 1067 1578 1108 non
1610 1052 1820 1120 audeo,
1854 1053 1938 1108 ita
1986 1068 2091 1108 nec

444 1136 1121 1208 anteponere.Quomodo
1152 1137 1211 1194 in
1232 1137 1560 1211 legionibus
1583 1145 1639 1196 et
1668 1141 1928 1197 exercitu
1952 1144 2093 1197 sunt

445 1225 644 1293 duces,
677 1228 817 1280 sunt
839 1225 1081 1295 tribuni,
1115 1230 1254 1282 sunt
1272 1228 1660 1298 centuriones,
1715 1234 1855 1285 sunt
1901 1229 2088 1285 feren-

445 1311 600 1381 tarii,
634 1329 700 1368 ac
729 1311 871 1369 levis
900 1318 1229 1382 armaturae,
1290 1320 1347 1371 et
1401 1316 1570 1372 miles
1626 1317 1954 1390 gregarius,
2037 1320 2093 1372 et

445 1399 770 1473 manipuli:
820 1403 1255 1475 commissaque
1304 1420 1518 1477 pugna,
1569 1411 1777 1461 vacant
1852 1406 2094 1461 nomina

450 1488 826 1562 dignitatum,
860 1496 916 1546 et
946 1490 1071 1548 sola
1102 1492 1376 1549 fortitudo
1408 1494 1721 1566 quaeritur:
1751 1494 1834 1549 ita
1861 1494 1921 1549 in
1983 1494 2092 1549 hoc

447 1594 654 1650 campo
676 1583 733 1635 et
766 1579 985 1651 przelio,
1017 1598 1131 1653 quo
1158 1586 1358 1637 contra
1395 1582 1688 1639 daemones
1738 1581 2095 1638 dimicamus

450 1683 566 1722 non
599 1672 943 1737 quaeruntur
970 1669 1226 1740 nomina,
1260 1671 1361 1726 sed
1412 1687 1623 1743 opera:
1676 1674 1733 1726 et
1787 1670 2097 1744 gloriosior

446 1754 545 1810 ille
574 1756 687 1811 sub
715 1772 849 1813 vero
882 1758 1229 1830 imperatore
1257 1758 1508 1829 Christo,
1543 1776 1658 1815 non
1690 1760 1788 1831 qui
1816 1758 2091 1827 nobilior,

452 1844 553 1899 sed
577 1844 679 1915 qui
712 1844 917 1900 fortior
946 1850 1052 1902 est.

518 1933 607 1988 36.
640 1937 900 1990 Mutuum
925 1937 1166 2006 patimur
1184 1938 1359 1993 nostri
1393 1937 1662 1994 ardorem.
1716 1940 1780 1994 In
1836 1954 2089 1994 resurre-

453 2024 637 2078 ctione
667 2023 854 2079 eadem
874 2024 1181 2080 substantia
1209 2027 1331 2081 erit.
1373 2058 1439 2067 -λ
1462 2027 1536 2081 At
1564 2026 1722 2083 dices
1748 2043 1760 2080 :
1795 2026 1852 2082 Si
1886 2042 2091 2082 omnes

447 2112 701 2184 virgines
724 2112 1261 2185 fuerint,quomodo
1284 2115 1462 2171 stabit
1492 2115 1821 2171 humanum
1852 2132 2041 2188 genus
2064 2114 2091 2167 ?

447 2202 559 2258 Par
578 2202 703 2272 pari
733 2202 998 2258 referam.
1025 2203 1083 2258 Si
1115 2220 1319 2260 omnes
1365 2203 1549 2259 viduae
1599 2204 1834 2272 fuerint,
1894 2203 1982 2259 vel
2030 2204 2091 2258 in

451 2292 828 2347 matrimonio
870 2292 1253 2362 continentes,
1306 2295 1599 2365 quomodo
1659 2294 1837 2365 stirps
1882 2296 2095 2349 morta-

448 2378 598 2436 lium
629 2381 1097 2454 propagabitur?
1126 2385 1243 2437 Hac
1276 2382 1500 2438 ratione
1522 2381 1667 2437 nihil
1699 2381 1937 2439 omnino
1962 2381 2089 2449 erit,

451 2487 523 2526 ne
558 2469 719 2527 aliud
774 2486 903 2526 esse
961 2471 1224 2527 desistat.
1282 2470 1457 2527 Verbi
1502 2471 1727 2544 gratia:
1786 2471 1837 2527 si
1900 2470 2094 2526 cuncti

453 2558 786 2631 philosophi
814 2559 950 2628 sint,
985 2559 1251 2633 agricola:
1283 2577 1397 2616 non
1438 2564 1628 2616 erunt.
1688 2560 1835 2624 Quid
1888 2559 2098 2630 loquar

452 2647 525 2702 de
549 2647 821 2719 agricolis
838 2648 867 2701 ?
895 2665 1010 2703 non
1034 2652 1311 2716 oratores,
1345 2650 1498 2705 294
1530 2665 1642 2704 non
1660 2647 2093 2719 jurisoonsulti,

454 2751 570 2791 non
602 2734 962 2806 reliquarum
992 2736 1209 2792 artium
1258 2741 1660 2808 praeceptores.
1718 2736 1777 2791 Si
1838 2736 2095 2791 universi

454 2823 772 2896 principes,
804 2824 938 2896 quis
968 2824 1078 2880 erit
1101 2824 1268 2880 miles
1288 2825 1316 2879 ?
1346 2825 1628 2881 Siomnes
1672 2828 1865 2896 caput,
1927 2825 2097 2895 cujus

452 2913 819 2970 vocabuntur
838 2916 1035 2986 caput,
1069 2929 1203 2968 cum
1226 2918 1431 2969 caetera
1458 2913 1725 2968 membra
1765 2911 2098 2968 defuerint?

456 3003 708 3070 Vereris,
742 3019 813 3059 ne
830 3001 878 3058 si
910 3003 925 3036 ¹
958 3002 1353 3076 virginitatem
1381 3002 1581 3074 plures
1602 3001 2097 3074 appetierint,ces-

464 3096 596 3147 sent
625 3090 775 3162 lupae
797 3092 837 3160 ²,
858 3095 1089 3146 cessent
1108 3090 1483 3155 adultera,ne
1498 3090 1751 3146 infantes
1770 3090 1827 3145 in
1854 3090 2099 3146 urbibus

457 3179 726 3251 villisque
739 3197 854 3235 non
873 3179 1110 3252 vagiant
1128 3179 1156 3235 ?
1179 3179 1443 3244 Quotidie
1465 3178 1826 3235 moechorum
1858 3177 2100 3251 sanguis

2201 612 2457 669 versario
2523 611 2769 668 feriendi
2827 611 3192 667 occasionem
3240 611 3401 665 dare.
3474 605 3685 663 Melius
3758 609 3838 662 est

2199 702 2397 755 tamen
2428 699 2668 769 clausis,
2697 699 2852 771 quod
2880 699 3111 766 dicitur,
3162 697 3347 755 oculis
3402 695 3836 751 Andabatarum

2201 804 2360 844 more
2390 805 2672 861 pugnare,
2698 804 2875 860 quam
2920 787 3141 842 directa
3197 785 3423 858 spicula
3480 784 3679 857 clypeo
3728 799 3836 839 non

2207 876 2486 948 repellere
2530 877 2813 933 veritatis.
2864 880 3069 932 Potera
3125 875 3363 947 quidem
3421 873 3652 931 dicere:
3704 871 3842 936 Quo-

2202 966 2375 1021 modo
2417 966 2705 1038 posterior
2735 983 2870 1038 pars
2901 965 3156 1037 corporis
3174 969 3229 1021 et
3258 968 3485 1020 meatus
3507 965 3631 1036 {per
3677 977 3841 1033 quem

2215 1053 2328 1108 alvi
2360 1058 2618 1110 stercora
2648 1060 2968 1127 egeruntur
2992 1053 3283 1125 relegatus
3314 1056 3403 1109 est
3429 1052 3500 1108 ab
3541 1051 3744 1122 oculis,
3794 1053 3845 1107 et

2199 1142 2368 1213 quasi
2401 1146 2533 1211 post
2561 1147 2792 1215 tergum
2841 1143 3087 1214 positus,
3120 1142 3199 1197 ita
3219 1146 3276 1196 et
3305 1141 3401 1197 hic
3432 1140 3532 1214 qui
3572 1140 3682 1196 sub
3709 1156 3839 1196 ven-

2198 1235 2286 1287 tre
2316 1234 2423 1300 est,
2459 1232 2531 1287 ad
2565 1231 2914 1301 digerendos
2936 1233 2957 1265 ⁵
2988 1230 3267 1287 humores
3297 1234 3351 1286 et
3381 1233 3575 1303 potus,
3625 1229 3836 1301 quibus

2197 1336 2353 1375 vente
2375 1321 2635 1393 corporis
2660 1320 3000 1392 irrigantur,
3036 1336 3069 1375 a
3098 1319 3215 1375 Deo
3252 1318 3521 1374 conditus
3579 1320 3687 1373 est.
3740 1317 3842 1373 Sed

2200 1408 2480 1480 quoniam
2543 1409 2669 1481 ipsa
2716 1425 2939 1481 organa
2995 1412 3053 1463 et
3108 1406 3451 1480 genitalium
3497 1406 3737 1474 fabrica,
3794 1408 3847 1462 et

2200 1502 2404 1553 nostra
2459 1496 2930 1569 feminarumque
2986 1496 3278 1563 discretio,
3350 1499 3408 1551 et
3487 1492 3846 1567 receptacula

2200 1584 2383 1641 vulvae
2408 1586 2481 1640 ad
2514 1586 2920 1658 suscipiendos
2951 1590 3007 1641 et
3027 1585 3335 1641 coalendos
3383 1584 3535 1640 fetus
3591 1583 3840 1650 condita,

2202 1690 2375 1731 sexus
2407 1674 2795 1730 differentiam
2828 1674 3164 1745 praedicant,
3188 1674 3297 1729 hoc
3319 1672 3570 1728 breviter
3610 1687 3846 1744 respon-

2203 1763 2386 1818 debo:
2439 1763 2754 1834 Nunquam
2800 1778 2935 1834 ergo
2994 1777 3295 1818 cessemus
3348 1778 3382 1817 a
3439 1760 3700 1830 lididine,
3782 1777 3849 1816 ne

2202 1851 2421 1906 frustra
2449 1850 2857 1921 hujuscemodi
2889 1852 3155 1906 membra
3186 1853 3505 1923 portemus.
3535 1848 3652 1904 Cur
3674 1847 3850 1919 ,enim

2201 1940 2448 1995 maritus
2479 1957 2539 1996 se
2570 1940 2861 1996 abstineat
2903 1940 2976 1994 ab
3026 1940 3255 1995 uxore?
3313 1940 3471 1996 295
3541 1939 3657 1994 Cur
3704 1942 3856 1995 casta

2198 2026 2373 2085 Vidua
2402 2033 2748 2101 perseveret,
2774 2028 2823 2083 si
2854 2029 2926 2083 ad
2959 2028 3067 2083 hoc
3098 2032 3327 2085 tantum
3363 2028 3486 2085 nati
3518 2044 3747 2094 sumus,
3779 2031 3841 2084 ut

2200 2116 2488 2187 pecudum
2521 2132 2681 2171 more
2711 2115 3018 2172 vivamus?
3047 2117 3160 2171 Aut
3196 2116 3335 2188 quid
3391 2115 3537 2171 mihi
3598 2115 3847 2185 nocebit,

2203 2204 2253 2259 si
2276 2221 2410 2259 cum
2444 2221 2620 2260 uxore
2667 2220 2797 2260 mea
2843 2203 2997 2260 alius
3057 2204 3489 2260 concubuerit?
3546 2204 3840 2270 Quomodo

2202 2292 2357 2348 enim
2391 2292 2653 2348 dentium
2680 2292 2937 2347 officium
2957 2296 3046 2348 est
3077 2293 3379 2361 mandere,
3438 2296 3498 2348 et
3544 2292 3604 2347 in
3652 2292 3843 2348 alvum

2202 2397 2271 2437 ea
2300 2398 2425 2453 quae
2442 2384 2581 2436 sunt
2604 2397 2809 2435 mansa
2838 2380 3258 2445 transmittere,
3283 2385 3341 2437 et
3371 2397 3487 2436 non
3512 2379 3691 2437 habet
3741 2380 3851 2436 cri-

2206 2486 2340 2526 men
2372 2470 2469 2542 qui
2506 2470 2738 2543 conjugi
2771 2486 2911 2525 mere
2942 2486 3152 2541 panem
3211 2470 3471 2525 dederit:
3521 2469 3603 2525 ita
3650 2470 3699 2526 si
3766 2485 3855 2543 ge-

2206 2558 2472 2615 nitalium
2527 2558 2636 2614 hoc
2695 2562 2784 2615 est
2848 2558 3129 2627 officium,
3192 2564 3257 2613 ut
3298 2574 3529 2631 semper
3586 2558 3855 2615 fruantur

2208 2652 2416 2703 natura
2437 2665 2564 2718 sua,
2598 2664 2789 2704 meam
2816 2647 3225 2703 lassitudinem
3261 2646 3502 2703 alterius
3556 2647 3710 2703 vires
3759 2664 3854 2704 su-

2206 2740 2409 2809 perent
2428 2738 2481 2792 8:
2514 2741 2572 2791 et
2602 2736 2819 2802 uxoris,
2844 2740 2910 2791 ut
2939 2737 3021 2792 ita
3037 2737 3309 2805 dixerim,
3373 2736 3851 2793 ardentissimum

2206 2823 2404 2896 gulam
2439 2823 2873 2879 fortuitalibido
2906 2823 3251 2896 restinguat.
3290 2823 3437 2888 Quid
3490 2824 3603 2880 sibi
3653 2832 3849 2881 autem

2206 2912 2331 2969 vult
2349 2912 2686 2985 Apostolus,
2718 2917 2782 2968 ut
2815 2913 2886 2968 ad
2925 2912 3347 2968 continentiam
3397 2912 3750 2985 cohortatur,
3803 2914 3857 2969 si

2208 3006 2411 3057 contra
2439 3005 2709 3057 naturam
2740 3004 2869 3057 est?
2898 3000 3046 3068 Quid
3076 3000 3201 3073 ipse
3226 3001 3509 3057 Dominus
3540 3002 3641 3075 qui
3672 3019 3855 3059 eunu-

2210 3090 2450 3145 cborum
2467 3090 2730 3163 praecipit
2749 3090 3057 3145 varietates
3080 3091 3107 3145 ?
3122 3091 3285 3145 Certe
3315 3090 3757 3163 Apostolus,qui
3779 3092 3853 3148 ad

2209 3196 2378 3235 suam
2409 3196 2515 3235 nos
2547 3184 2820 3252 provocat
2867 3178 3230 3251 pudicitiam,
3297 3180 3467 3235 debet
3522 3184 3859 3237 constanter

457 3267 1091 3336 eli'unditur,adulteria
1120 3268 1496 3335 damnantur,
1529 3273 1585 3324 et
1606 3266 1921 3340 interipsas
1942 3267 2100 3339 leges
2131 3255 2174 3324 C
2210 3269 2433 3326 audire.
2468 3269 2584 3324 Cur
2608 3272 2804 3340 portas
2832 3271 3145 3335 veretrum,
3164 3283 3196 3322 ο
3226 3267 3403 3323 Paule
3425 3268 3453 3321 ‘I
3472 3268 3587 3324 Cur
3631 3286 3665 3323 a
3713 3285 3856 3325 sexu

452 3362 511 3413 et
539 3373 771 3414 secures
800 3374 866 3413 ac
894 3356 1212 3425 tribunalia
1242 3360 1495 3429 ﬂagrans
1525 3356 1706 3412 libido
1736 3357 2092 3424 dominatur,

451 3446 583 3503 Noli
607 3450 863 3501 metuere
891 3463 960 3502 ne
992 3462 1197 3501 omnes
1226 3445 1480 3519 virgines
1513 3446 1656 3501 ﬁant
1680 3463 1691 3500 :
1719 3445 1974 3501 difficilis
2001 3462 2092 3502 res

448 3541 539 3592 est
558 3535 881 3608 virginitas,
904 3540 960 3591 et
984 3535 1112 3591 ideo
1134 3552 1283 3605 rara,
1315 3536 1453 3607 quia
1482 3533 1738 3590 difﬁcilis
1764 3551 1776 3588 :
1810 3535 1967 3589 Multi
2000 3551 2086 3589 vo-

451 3627 581 3693 cati,
609 3626 775 3697 pauci
802 3625 956 3681 electi
977 3623 1181 3696 (Matth.
1205 3641 1298 3692 xx,
1330 3624 1396 3679 16
1420 3641 1433 3691 ;
1454 3641 1594 3691 xm,
1659 3624 1767 3693 14).
1829 3623 2088 3694 Incipere

441 3714 829 3787 plurimorum
861 3718 967 3782 est,
998 3729 1367 3786 perseverare
1415 3727 1755 3784 paucorum.
1817 3710 1979 3766 Unde
2028 3716 2087 3766 et

439 3805 659 3875 grande
686 3803 995 3874 praemium
1042 3818 1243 3857 eorum
1302 3800 1403 3874 qui
1458 3798 1970 3871 perseveraverint.
2022 3799 2080 3855 Si

440 3907 645 3947 omnes
674 3891 930 3964 virgines
959 3907 1087 3947 esse
1118 3893 1377 3963 possent,
1423 3905 1727 3961 nunquam
1774 3891 1830 3943 et
1884 3887 2081 3943 Domi-

438 3997 557 4037 nus
587 3980 839 4036 diceret:
876 3980 983 4049 Qui
996 3988 1169 4052 potest
1195 3995 1405 4051 capere,
1454 3980 1635 4050 capiat
1688 3977 1899 4047 (Matth.
1960 3995 2076 4046 x1x,

434 4068 652 4141 i2):et
679 4067 992 4141 Apostolus
1049 4068 1107 4123 in
1161 4068 1459 4124 suadendo
1504 4085 1619 4124 non
1677 4066 2074 4139 trepidaret":

438 4157 548 4230 (De
577 4158 885 4230 virginibus
911 4161 1093 4214 autem
1121 4161 1457 4230 praeceptum
1492 4157 1718 4212 Domini
1754 4171 1863 4210 non
1911 4156 2077 4210 habeo

439 4249 469 4304 1
499 4247 619 4304 Cor.
652 4265 754 4315 vn,
785 4248 894 4320 25).
932 4248 1000 4303 Et
1027 4265 1153 4315 cur,
1185 4247 1438 4318 inquies,
1475 4249 1669 4300 creata
1726 4247 1867 4298 sunt
1914 4243 2072 4315 geni-

419 4324 592 4404 talia,
620 4341 677 4392 et
720 4337 805 4393 sic
864 4355 900 4392 a
954 4336 1259 4392 Conditore
1315 4332 1747 4405 sapientissimo
1807 4331 2072 4386 fabricati

430 4441 667 4490 sumus,
700 4430 765 4480 ut
785 4429 1059 4480 mutuum
1099 4423 1282 4477 nostri
1332 4422 1627 4493 patiamur
1668 4420 1956 4486 ardorem,
2017 4424 2074 4474 et

427 4511 751 4582 gestiamus
812 4514 868 4566 in
918 4509 1247 4567 naturalem
1302 4508 1622 4581 copulam?
1669 4507 2073 4563 Periclitamur

431 4600 1213 4672 responsionisverecundia,
1241 4604 1297 4654 et
1326 4598 1498 4672 quasi
1557 4586 1707 4653 inter
1746 4599 1893 4654 duos
1945 4615 2068 4655 sco-

425 4687 617 4762 pulos,
640 4693 697 4745 et
716 4676 1000 4761 quasdam
1022 4688 1387 4745 necessitatis
1418 4693 1473 4745 et
1504 4687 1795 4761 pudicitiae
1820 4684 2071 4759 συμπλη-

430 4774 600 4854 γάδας
631 4780 671 4847 ⁴,
705 4778 842 4834 hinc
875 4783 1051 4851 atque
1080 4777 1236 4847 inde,
1280 4777 1366 4834 vel
1426 4776 1691 4850 pudoris,
1739 4776 1828 4833 vel
1881 4794 2072 4833 causa:

435 4868 810 4942 naufragium
851 4868 1235 4924 sustinemus.
1271 4868 1326 4924 Si
1348 4869 1419 4923 ad
1470 4866 1768 4940 proposita
1824 4882 2070 4938 respon-

423 4958 689 5028 deamus,
719 4958 939 5029 pudore
996 4957 1413 5013 suifundimur.
1448 4956 1507 5012 Si
1538 4956 1726 5028 pudor
1746 4955 2070 5028 impetrarit

496 5134 826 5211 {Voculam
860 5140 912 5211 si
939 5154 1007 5194 ex
1038 5141 1291 5211 quatuor
1346 5136 1737 5211 nostrismss.
1785 5138 1843 5192 et
1887 5135 2065 5211 veteri

424 5205 680 5282 editione
710 5205 1092 5282 suffecimus';
1126 5210 1300 5282 paulo
1348 5214 1498 5282 post
1527 5209 1703 5282 idem,
1734 5224 1878 5263 mss.
1954 5208 2063 5263 sub

416 5276 811 5355 interrogandi
843 5284 980 5355 nota
1008 5276 1145 5355 naui
1172 5298 1242 5355 ea;
1272 5296 1330 5336 eo
1348 5276 1500 5352 'quod
1530 5280 1786 5355 inferior,
1820 5282 1929 5334 etc.

417 5419 437 5476 ι
486 5350 507 5383 ³
537 5349 680 5477 Μεεςί
735 5349 919 5411 nostri
967 5355 1024 5405 et
1076 5352 1319 5407 Gravius
1369 5349 1608 5423 quoque
1680 5358 1880 5407 cessent
1953 5366 2062 5406 esse

442 5436 587 5478 uvae.
621 5438 651 5477 e
680 5438 730 5477 ο.

442 5439 772 5575 ῗιξῶλῦἒξοιξθ
789 5492 1038 5575 negandi
1055 5492 1351 5575 particula
1360 5492 1829 5575 fereelegantius
1846 5492 2063 5575 habent

412 5564 766 5636 Veronensis
788 5570 845 5621 et
873 5564 1283 5621 Casanatensis
1315 5564 1448 5620 libri
1471 5567 1530 5619 in
1565 5564 1838 5621 suadendo
1898 5566 2062 5636 trepi-

409 5635 725 5793 dazi‘tlbstri
805 5708 1023 5769 habent
1093 5702 1459 5786 συμπαγιδας.
1520 5707 1814 5783 Impressa
1862 5709 2058 5765 autem

2205 3359 2575 3423 feminarum,
2601 3357 2802 3424 barba,
2836 3355 2993 3429 pilis,
3016 3356 3245 3428 aliaque
3277 3357 3679 3413 membrorum
3708 3373 3856 3430 qua-

2200 3448 2361 3503 litate
2419 3446 2846 3519 distingueris?
2903 3444 3049 3499 Cur7
3100 3449 3211 3500 tum
3261 3462 3379 3500 non
3447 3445 3857 3502 intumescunt

2200 3534 2452 3608 papillae,
2483 3552 2596 3590 non
2620 3534 2941 3589 dilatantur
2962 3550 3274 3602 renes,non
3306 3537 3511 3606 pectus
3542 3534 3850 3590 arctatur?

2196 3624 2317 3680 Vox
2374 3623 2685 3680 obsoletior
2740 3627 2849 3690 est,
2904 3639 3094 3679 sermo
3128 3623 3391 3695 ferocior,
3443 3627 3501 3678 et
3550 3621 3841 3679 hirsutius

2196 3712 2594 3785 supercilium.
2630 3712 2871 3768 Frustra
2900 3712 3021 3767 haec
3061 3712 3258 3768 omnia
3316 3712 3575 3768 virorum
3633 3712 3840 3785 habes,

2194 3804 2243 3859 si
2302 3802 2608 3873 complexu
2666 3818 2780 3857 non
2830 3800 3013 3857 uteris
3065 3802 3439 3857 feminarum.
3501 3800 3835 3873 Compellor

2191 3891 2416 3964 aliquid
2446 3890 2605 3962 loqui
2631 3895 2687 3945 et
2714 3890 2999 3963 insipiens
3028 3890 3217 3961 Eﬁeri;
3280 3891 3380 3946 sed
3434 3907 3537 3946 vos
3596 3905 3710 3957 me,
3772 3894 3845 3946 ut

2188 3981 2349 4053 loqui
2395 3979 2662 4046 audeam,
2713 3979 3002 4051 cuegistis.
3068 3978 3354 4034 Dominus
3404 3983 3601 4035 noster
3657 3982 3841 4050 atque

2168 4068 2577 4140 ,Saivator,qui
2608 4067 2811 4122 cumid
2835 4068 3024 4123 forma
3053 4067 3153 4124 Dei
3185 4072 3359 4136 esset,
3394 4068 3644 4123 formam
3673 4067 3829 4123 servi

2185 4159 2461 4230 dignatus
2488 4164 2574 4213 est
2603 4156 3118 4223 assumere,factus
3142 4157 3416 4212 obediens
3447 4156 3602 4211 Patri
3637 4172 3833 4228 usque

2184 4248 2255 4302 ad
2287 4251 2555 4314 mortem,
2586 4250 2835 4301 mortem
2866 4248 3066 4300 autem
3125 4244 3334 4312 crucis,
3396 4244 3535 4315 quid
3588 4259 3836 4301 necesse

2181 4340 2324 4402 erat,
2353 4340 2417 4391 ut
2438 4336 2495 4391 in
2529 4335 2622 4389 his
2654 4332 2934 4389 membris
2965 4338 3325 4401 nasceretur,
3353 4333 3568 4404 quibus
3604 4350 3831 4390 usurus

2181 4441 2297 4479 non
2326 4424 2505 4479 erat?
2533 4422 2640 4487 Qui
2663 4427 2815 4478 certe
2871 4427 2936 4477 ut
2993 4439 3198 4479 sexum
3257 4421 3588 4479 ostenderet
3645 4421 3831 4478 etiam

2180 4512 2564 4569 circumcisus
2596 4517 2702 4568 est.
2738 4511 3158 4567 CurJoannem
3219 4510 3551 4581 apostolum
3611 4513 3668 4565 et
3722 4515 3840 4567 Ba-

2100 4625 2148 4689 D
2180 4603 2418 4673 ptistam
2451 4617 2559 4656 sua
2588 4599 2894 4656 dilectione
2915 4599 3213 4665 castravit,
3266 4615 3413 4671 quos
3469 4597 3627 4654 viros
3666 4598 3840 4654 nasci

2184 4691 2397 4745 fecerat
2426 4689 2581 4757 ?Qui
2613 4706 2749 4761 ergo
2796 4689 2856 4743 in
2906 4688 3206 4743 Christum
3251 4686 3571 4753 credimus,
3611 4686 3836 4742 Christi

2180 4783 2471 4834 sectemur
2516 4778 2799 4849 exempla.
2827 4777 2897 4832 Et
2943 4776 2993 4832 si
3034 4791 3385 4830 noveramus
3439 4772 3606 4829 illum
3650 4774 3831 4845 juxta

2179 4884 2434 4935 carnem,
2467 4867 2568 4922 sed
2606 4867 2733 4937 jam
2782 4882 2898 4921 non
2946 4864 3253 4921 novimus8
3312 4878 3447 4917 eum
3497 4863 3835 4919 secundum

2178 4956 2670 5012 carnem.Certein
2694 4954 3115 5010 resurrectione
3145 4952 3349 5008 eadem
3379 4950 3490 5007 erit
3509 4966 3833 5023 corporum

2177 5134 2344 5206 lectio
2376 5133 2564 5206 magis
2603 5131 2857 5206 arridet,
2902 5133 3108 5206 _e_rant_
3131 5146 3342 5206 nempe
3397 5127 3836 5206 Symplegades

2174 5205 2379 5261 insulae
2408 5197 2534 5260 du‘ée
2567 5203 2687 5259 sive
2717 5197 2938 5275 scopuli
2977 5203 3033 5257 in
3076 5197 3371 5272 Bosphoro
3402 5197 3465 5275 _a
3522 5197 3832 5275 donﬂicta-

2174 5279 2331 5358 tione
2362 5269 2839 5358 sicqappellatzef
2863 5274 2994 5329 Mox
3040 5269 3470 5339 Casanatensis,
3524 5272 3585 5326 Si
3640 5269 3836 5342 pudor

2176 5350 2465 5420 imperavit
2491 5349 2817 5429 silentium.‘
2861 5419 2870 5428 _

2243 5421 2263 5454 ⁵
2294 5421 2429 5474 Erat
2460 5423 2631 5474 antea
2659 5418 2728 5473 ad
2756 5416 3087 5485 dirigendos,
3114 5414 3266 5486 quod
3302 5412 3617 5469 emendant
3669 5424 3827 5467 mss.

2172 5491 2357 5547 nostri
2388 5506 2612 5545 omnes.

2241 5565 2262 5596 δ
2292 5561 2643 5617 Veronensis
2665 5577 2774 5615 ms.
2807 5560 3124 5631 suppari-nt.

2241 5635 2259 5715 ξ
2283 5634 2443 5715 idem
2465 5632 2689 5715 absque
2722 5629 3031 5704 praeposito
3058 5629 3330 5713 adverbio
3351 5646 3472 5715 cur.

2238 5706 2258 5743 ⁸
2287 5705 2427 5763 Mss.
2464 5703 2566 5762 Sed
2575 5703 2699 5783 jam
2724 5703 2873 5760 hunc
2898 5719 3009 5760 non
3045 5703 3314 5774 novimus,
3349 5710 3461 5762 etc.
