  <div class='ocr_page' id='page_1' title='image "/cluster/home/n/w/nwhite01/storage/ocr_20150623/23/hvd.32044052772480/144.png"; bbox 0 0 5364 6558; ppageno 0'>
   <div class='ocr_carea' id='block_1_1' title="bbox 251 110 363 179">
    <p class='ocr_par' dir='ltr' id='par_1_1' title="bbox 251 110 363 179">
     <span class='ocr_line' id='line_1_1' title="bbox 251 110 363 179; baseline 0.009 -1"><span class='ocrx_word' id='word_1_1' title='bbox 251 110 363 179; x_wconf 67' lang='grc'>273</span> 
     </span>
    </p>
   </div>
   <div class='ocr_carea' id='block_1_2' title="bbox 1340 100 2579 180">
    <p class='ocr_par' dir='ltr' id='par_1_2' title="bbox 1340 100 2579 180">
     <span class='ocr_line' id='line_1_2' title="bbox 1340 100 2579 180; baseline 0.002 -4"><span class='ocrx_word' id='word_1_2' title='bbox 1340 110 1762 180; x_wconf 80' lang='lat' dir='ltr'>ADVERSUS</span> <span class='ocrx_word' id='word_1_3' title='bbox 1811 110 2287 179; x_wconf 82' lang='lat' dir='ltr'>JOVINIANUM</span> <span class='ocrx_word' id='word_1_4' title='bbox 2332 112 2479 177; x_wconf 88' lang='lat' dir='ltr'>LIB.</span> <span class='ocrx_word' id='word_1_5' title='bbox 2526 100 2579 178; x_wconf 78' lang='lat' dir='ltr'>l.‘</span> 
     </span>
    </p>
   </div>
   <div class='ocr_carea' id='block_1_3' title="bbox 3537 98 3685 181">
    <p class='ocr_par' dir='ltr' id='par_1_3' title="bbox 3537 98 3685 181">
     <span class='ocr_line' id='line_1_3' title="bbox 3537 98 3685 181; baseline -0.108 1"><span class='ocrx_word' id='word_1_6' title='bbox 3537 98 3685 181; x_wconf 58' lang='lat'>311-.</span> 
     </span>
    </p>
   </div>
   <div class='ocr_carea' id='block_1_4' title="bbox 252 242 3649 323">
    <p class='ocr_par' dir='ltr' id='par_1_4' title="bbox 252 242 3649 323">
     <span class='ocr_line' id='line_1_4' title="bbox 252 242 3649 323; baseline 0 -17"><span class='ocrx_word' id='word_1_7' title='bbox 252 244 589 306; x_wconf 83' lang='lat' dir='ltr'>substantia</span> <span class='ocrx_word' id='word_1_8' title='bbox 620 259 740 322; x_wconf 84' lang='lat' dir='ltr'>qua</span> <span class='ocrx_word' id='word_1_9' title='bbox 766 258 924 306; x_wconf 86' lang='lat' dir='ltr'>nunc</span> <span class='ocrx_word' id='word_1_10' title='bbox 956 246 1198 317; x_wconf 80' lang='lat' dir='ltr'>utimur,</span> <span class='ocrx_word' id='word_1_11' title='bbox 1238 246 1374 304; x_wconf 92' lang='lat' dir='ltr'>licet</span> <span class='ocrx_word' id='word_1_12' title='bbox 1422 249 1647 305; x_wconf 84' lang='lat' dir='ltr'>auctior</span> <span class='ocrx_word' id='word_1_13' title='bbox 1687 249 1899 322; x_wconf 80' lang='lat' dir='ltr'>gloria.</span> <span class='ocrx_word' id='word_1_14' title='bbox 1928 250 1986 318; x_wconf 83' lang='grc' dir='ltr'><strong>Α</strong></span> <span class='ocrx_word' id='word_1_15' title='bbox 2014 249 2133 306; x_wconf 88' lang='lat' dir='ltr'>tius</span> <span class='ocrx_word' id='word_1_16' title='bbox 2163 249 2541 323; x_wconf 85' lang='lat' dir='ltr'>disputasset,</span> <span class='ocrx_word' id='word_1_17' title='bbox 2576 248 2646 305; x_wconf 89' lang='lat' dir='ltr'>ad</span> <span class='ocrx_word' id='word_1_18' title='bbox 2677 250 3005 305; x_wconf 82' lang='lat' dir='ltr'>extremum</span> <span class='ocrx_word' id='word_1_19' title='bbox 3035 244 3239 306; x_wconf 82' lang='lat' dir='ltr'>intulit</span> <span class='ocrx_word' id='word_1_20' title='bbox 3269 263 3283 305; x_wconf 86' lang='lat'><strong>:</strong></span> <span class='ocrx_word' id='word_1_21' title='bbox 3311 242 3521 322; x_wconf 71' lang='lat' dir='ltr'>Infelix</span> <span class='ocrx_word' id='word_1_22' title='bbox 3552 262 3649 322; x_wconf 86' lang='lat' dir='ltr'>ego</span> 
     </span>
    </p>
   </div>
   <div class='ocr_carea' id='block_1_5' title="bbox 249 337 1903 411">
    <p class='ocr_par' dir='ltr' id='par_1_5' title="bbox 249 337 1903 411">
     <span class='ocr_line' id='line_1_5' title="bbox 249 337 1903 411; baseline -0.002 -15"><span class='ocrx_word' id='word_1_23' title='bbox 249 338 390 396; x_wconf 85' lang='lat' dir='ltr'>Nam</span> <span class='ocrx_word' id='word_1_24' title='bbox 423 342 484 394; x_wconf 88' lang='lat' dir='ltr'>et</span> <span class='ocrx_word' id='word_1_25' title='bbox 516 337 784 395; x_wconf 75' lang='lat' dir='ltr'>Salvator</span> <span class='ocrx_word' id='word_1_26' title='bbox 814 338 873 394; x_wconf 90' lang='lat' dir='ltr'>in</span> <span class='ocrx_word' id='word_1_27' title='bbox 913 342 1143 394; x_wconf 89' lang='lat' dir='ltr'>tantum</span> <span class='ocrx_word' id='word_1_28' title='bbox 1191 337 1388 410; x_wconf 87' lang='lat' dir='ltr'>ipsum</span> <span class='ocrx_word' id='word_1_29' title='bbox 1441 356 1651 411; x_wconf 87' lang='lat' dir='ltr'>corpus</span> <span class='ocrx_word' id='word_1_30' title='bbox 1695 338 1903 395; x_wconf 83' lang='lat' dir='ltr'>habuit</span> 
     </span>
    </p>
   </div>
   <div class='ocr_carea' id='block_1_6' title="bbox 140 427 1902 502">
    <p class='ocr_par' dir='ltr' id='par_1_6' title="bbox 140 427 1902 502">
     <span class='ocr_line' id='line_1_6' title="bbox 140 427 1902 502; baseline -0.002 -17"><span class='ocrx_word' id='word_1_31' title='bbox 140 454 145 459; x_wconf 62' lang='grc' dir='ltr'>ν</span> <span class='ocrx_word' id='word_1_32' title='bbox 250 432 376 502; x_wconf 87' lang='lat' dir='ltr'>post</span> <span class='ocrx_word' id='word_1_33' title='bbox 403 427 633 483; x_wconf 83' lang='lat' dir='ltr'>inferos</span> <span class='ocrx_word' id='word_1_34' title='bbox 668 429 705 496; x_wconf 73' lang='grc'>³,</span> <span class='ocrx_word' id='word_1_35' title='bbox 737 427 795 481; x_wconf 90' lang='lat' dir='ltr'>in</span> <span class='ocrx_word' id='word_1_36' title='bbox 827 444 944 499; x_wconf 91' lang='lat' dir='ltr'>quo</span> <span class='ocrx_word' id='word_1_37' title='bbox 977 431 1035 483; x_wconf 89' lang='lat' dir='ltr'>et</span> <span class='ocrx_word' id='word_1_38' title='bbox 1066 427 1376 482; x_wconf 79' lang='lat' dir='ltr'>crucifixus</span> <span class='ocrx_word' id='word_1_39' title='bbox 1418 432 1525 496; x_wconf 87' lang='lat' dir='ltr'>est,</span> <span class='ocrx_word' id='word_1_40' title='bbox 1576 432 1642 482; x_wconf 91' lang='lat' dir='ltr'>ut</span> <span class='ocrx_word' id='word_1_41' title='bbox 1691 444 1902 483; x_wconf 91' lang='lat' dir='ltr'>manus</span> 
     </span>
    </p>
   </div>
   <div class='ocr_carea' id='block_1_7' title="bbox 248 515 1902 592">
    <p class='ocr_par' dir='ltr' id='par_1_7' title="bbox 248 515 1902 592">
     <span class='ocr_line' id='line_1_7' title="bbox 248 515 1902 592; baseline -0.003 -18"><span class='ocrx_word' id='word_1_42' title='bbox 248 517 577 592; x_wconf 78' lang='lat' dir='ltr'>perforatas</span> <span class='ocrx_word' id='word_1_43' title='bbox 591 515 769 571; x_wconf 81' lang='lat' dir='ltr'>clavis</span> <span class='ocrx_word' id='word_1_44' title='bbox 782 521 837 570; x_wconf 76' lang='lat' dir='ltr'>et</span> <span class='ocrx_word' id='word_1_45' title='bbox 853 516 1051 571; x_wconf 79' lang='lat' dir='ltr'>lateris</span> <span class='ocrx_word' id='word_1_46' title='bbox 1068 515 1285 572; x_wconf 87' lang='lat' dir='ltr'>vulnus</span> <span class='ocrx_word' id='word_1_47' title='bbox 1306 517 1838 572; x_wconf 87' lang='lat' dir='ltr'>ostenderet.Porro</span> <span class='ocrx_word' id='word_1_48' title='bbox 1854 515 1902 570; x_wconf 88' lang='lat' dir='ltr'>si</span> 
     </span>
    </p>
   </div>
   <div class='ocr_carea' id='block_1_8' title="bbox 250 604 1905 678">
    <p class='ocr_par' dir='ltr' id='par_1_8' title="bbox 250 604 1905 678">
     <span class='ocr_line' id='line_1_8' title="bbox 250 604 1905 678; baseline -0.002 -15"><span class='ocrx_word' id='word_1_49' title='bbox 250 607 473 664; x_wconf 78' lang='lat' dir='ltr'>clausis</span> <span class='ocrx_word' id='word_1_50' title='bbox 496 606 802 678; x_wconf 82' lang='lat' dir='ltr'>ingressus</span> <span class='ocrx_word' id='word_1_51' title='bbox 819 610 910 660; x_wconf 91' lang='lat' dir='ltr'>est</span> <span class='ocrx_word' id='word_1_52' title='bbox 930 604 1094 660; x_wconf 86' lang='lat' dir='ltr'>ostiis</span> <span class='ocrx_word' id='word_1_53' title='bbox 1112 605 1266 677; x_wconf 89' lang='lat' dir='ltr'>quod</span> <span class='ocrx_word' id='word_1_54' title='bbox 1290 605 1685 660; x_wconf 90' lang='lat' dir='ltr'>humanorum</span> <span class='ocrx_word' id='word_1_55' title='bbox 1708 622 1905 677; x_wconf 92' lang='lat' dir='ltr'>corpo-</span> 
     </span>
    </p>
   </div>
   <div class='ocr_carea' id='block_1_9' title="bbox 251 692 1902 764">
    <p class='ocr_par' dir='ltr' id='par_1_9' title="bbox 251 692 1902 764">
     <span class='ocr_line' id='line_1_9' title="bbox 251 692 1902 764; baseline -0.004 -11"><span class='ocrx_word' id='word_1_56' title='bbox 251 713 389 753; x_wconf 85' lang='lat' dir='ltr'>rum</span> <span class='ocrx_word' id='word_1_57' title='bbox 420 700 631 751; x_wconf 85' lang='lat' dir='ltr'>natura</span> <span class='ocrx_word' id='word_1_58' title='bbox 659 711 778 749; x_wconf 92' lang='lat' dir='ltr'>non</span> <span class='ocrx_word' id='word_1_59' title='bbox 808 692 1049 764; x_wconf 87' lang='lat' dir='ltr'>patitur,</span> <span class='ocrx_word' id='word_1_60' title='bbox 1079 708 1214 764; x_wconf 85' lang='lat' dir='ltr'>ergo</span> <span class='ocrx_word' id='word_1_61' title='bbox 1246 698 1301 749; x_wconf 89' lang='lat' dir='ltr'>et</span> <span class='ocrx_word' id='word_1_62' title='bbox 1331 698 1567 749; x_wconf 87' lang='lat' dir='ltr'>Petrum</span> <span class='ocrx_word' id='word_1_63' title='bbox 1620 699 1676 749; x_wconf 88' lang='lat' dir='ltr'>et</span> <span class='ocrx_word' id='word_1_64' title='bbox 1707 693 1902 749; x_wconf 90' lang='lat' dir='ltr'>Domi-</span> 
     </span>
    </p>
   </div>
   <div class='ocr_carea' id='block_1_10' title="bbox 255 781 1904 856">
    <p class='ocr_par' dir='ltr' id='par_1_10' title="bbox 255 781 1904 856">
     <span class='ocr_line' id='line_1_10' title="bbox 255 781 1904 856; baseline -0.004 -14"><span class='ocrx_word' id='word_1_65' title='bbox 255 803 398 842; x_wconf 88' lang='lat' dir='ltr'>num</span> <span class='ocrx_word' id='word_1_66' title='bbox 427 800 719 856; x_wconf 82' lang='lat' dir='ltr'>negamus</span> <span class='ocrx_word' id='word_1_67' title='bbox 748 799 884 838; x_wconf 86' lang='lat' dir='ltr'>vera</span> <span class='ocrx_word' id='word_1_68' title='bbox 912 781 1190 838; x_wconf 82' lang='lat' dir='ltr'>habuisse</span> <span class='ocrx_word' id='word_1_69' title='bbox 1219 783 1625 855; x_wconf 87' lang='lat' dir='ltr'>corpora,quia</span> <span class='ocrx_word' id='word_1_70' title='bbox 1644 782 1904 839; x_wconf 87' lang='lat' dir='ltr'>ambula—</span> 
     </span>
    </p>
   </div>
   <div class='ocr_carea' id='block_1_11' title="bbox 252 872 1903 944">
    <p class='ocr_par' dir='ltr' id='par_1_11' title="bbox 252 872 1903 944">
     <span class='ocr_line' id='line_1_11' title="bbox 252 872 1903 944; baseline -0.004 -13"><span class='ocrx_word' id='word_1_71' title='bbox 252 876 458 931; x_wconf 83' lang='lat' dir='ltr'>verunt</span> <span class='ocrx_word' id='word_1_72' title='bbox 487 889 678 944; x_wconf 85' lang='lat' dir='ltr'>super</span> <span class='ocrx_word' id='word_1_73' title='bbox 704 889 909 944; x_wconf 82' lang='lat' dir='ltr'>aquas,</span> <span class='ocrx_word' id='word_1_74' title='bbox 945 872 1098 943; x_wconf 92' lang='lat' dir='ltr'>quod</span> <span class='ocrx_word' id='word_1_75' title='bbox 1132 875 1333 926; x_wconf 86' lang='lat' dir='ltr'>contra</span> <span class='ocrx_word' id='word_1_76' title='bbox 1364 876 1634 927; x_wconf 88' lang='lat' dir='ltr'>naturam</span> <span class='ocrx_word' id='word_1_77' title='bbox 1692 878 1798 927; x_wconf 89' lang='lat' dir='ltr'>est.</span> <span class='ocrx_word' id='word_1_78' title='bbox 1838 873 1903 926; x_wconf 91' lang='lat' dir='ltr'>In</span> 
     </span>
    </p>
   </div>
   <div class='ocr_carea' id='block_1_12' title="bbox 248 961 1904 1033">
    <p class='ocr_par' dir='ltr' id='par_1_12' title="bbox 248 961 1904 1033">
     <span class='ocr_line' id='line_1_12' title="bbox 248 961 1904 1033; baseline -0.004 -12"><span class='ocrx_word' id='word_1_79' title='bbox 248 965 655 1021; x_wconf 73' lang='lat' dir='ltr'>resurrectione</span> <span class='ocrx_word' id='word_1_80' title='bbox 685 969 1044 1027; x_wconf 85' lang='lat' dir='ltr'>mortuorum,</span> <span class='ocrx_word' id='word_1_81' title='bbox 1097 978 1207 1017; x_wconf 87' lang='lat' dir='ltr'>nou</span> <span class='ocrx_word' id='word_1_82' title='bbox 1262 962 1466 1017; x_wconf 79' lang='lat' dir='ltr'>nubent</span> <span class='ocrx_word' id='word_1_83' title='bbox 1523 978 1695 1033; x_wconf 86' lang='lat' dir='ltr'>neque</span> <span class='ocrx_word' id='word_1_84' title='bbox 1751 961 1904 1017; x_wconf 70' lang='lat'><strong>296</strong></span> 
     </span>
    </p>
   </div>
   <div class='ocr_carea' id='block_1_13' title="bbox 246 1050 1899 1121">
    <p class='ocr_par' dir='ltr' id='par_1_13' title="bbox 246 1050 1899 1121">
     <span class='ocr_line' id='line_1_13' title="bbox 246 1050 1899 1121; baseline -0.004 -12"><span class='ocrx_word' id='word_1_85' title='bbox 246 1054 541 1119; x_wconf 80' lang='lat' dir='ltr'>nubentur,</span> <span class='ocrx_word' id='word_1_86' title='bbox 575 1056 672 1107; x_wconf 86' lang='lat' dir='ltr'>sed</span> <span class='ocrx_word' id='word_1_87' title='bbox 701 1051 913 1105; x_wconf 78' lang='lat' dir='ltr'>similes</span> <span class='ocrx_word' id='word_1_88' title='bbox 962 1053 1121 1104; x_wconf 83' lang='lat' dir='ltr'>erunt</span> <span class='ocrx_word' id='word_1_89' title='bbox 1175 1052 1386 1120; x_wconf 78' lang='lat' dir='ltr'>angelis</span> <span class='ocrx_word' id='word_1_90' title='bbox 1432 1050 1899 1121; x_wconf 79' lang='lat' dir='ltr'>(Matth.xxu,30),</span> 
     </span>
    </p>
   </div>
   <div class='ocr_carea' id='block_1_14' title="bbox 251 1138 1903 1212">
    <p class='ocr_par' dir='ltr' id='par_1_14' title="bbox 251 1138 1903 1212">
     <span class='ocr_line' id='line_1_14' title="bbox 251 1138 1903 1212; baseline -0.004 -13"><span class='ocrx_word' id='word_1_91' title='bbox 251 1142 413 1207; x_wconf 82' lang='lat' dir='ltr'>Quod</span> <span class='ocrx_word' id='word_1_92' title='bbox 443 1140 547 1198; x_wconf 83' lang='lat' dir='ltr'>alii</span> <span class='ocrx_word' id='word_1_93' title='bbox 576 1144 786 1212; x_wconf 87' lang='lat' dir='ltr'>postea</span> <span class='ocrx_word' id='word_1_94' title='bbox 813 1138 873 1192; x_wconf 93' lang='lat' dir='ltr'>in</span> <span class='ocrx_word' id='word_1_95' title='bbox 905 1138 1065 1194; x_wconf 81' lang='lat' dir='ltr'>ccelis</span> <span class='ocrx_word' id='word_1_96' title='bbox 1097 1138 1280 1194; x_wconf 87' lang='lat' dir='ltr'>futuri</span> <span class='ocrx_word' id='word_1_97' title='bbox 1310 1143 1470 1209; x_wconf 89' lang='lat' dir='ltr'>sunt,</span> <span class='ocrx_word' id='word_1_98' title='bbox 1506 1139 1613 1195; x_wconf 93' lang='lat' dir='ltr'>hoc</span> <span class='ocrx_word' id='word_1_99' title='bbox 1645 1139 1903 1210; x_wconf 83' lang='lat' dir='ltr'>virgines</span> 
     </span>
    </p>
   </div>
   <div class='ocr_carea' id='block_1_15' title="bbox 254 1226 1904 1299">
    <p class='ocr_par' dir='ltr' id='par_1_15' title="bbox 254 1226 1904 1299">
     <span class='ocr_line' id='line_1_15' title="bbox 254 1226 1904 1299; baseline -0.004 -13"><span class='ocrx_word' id='word_1_100' title='bbox 254 1231 315 1288; x_wconf 88' lang='lat' dir='ltr'>in</span> <span class='ocrx_word' id='word_1_101' title='bbox 343 1236 501 1287; x_wconf 87' lang='lat' dir='ltr'>terra</span> <span class='ocrx_word' id='word_1_102' title='bbox 530 1244 661 1285; x_wconf 86' lang='lat' dir='ltr'>esse</span> <span class='ocrx_word' id='word_1_103' title='bbox 691 1231 1014 1299; x_wconf 86' lang='lat' dir='ltr'>cceperunt.</span> <span class='ocrx_word' id='word_1_104' title='bbox 1048 1227 1106 1282; x_wconf 90' lang='lat' dir='ltr'>Si</span> <span class='ocrx_word' id='word_1_105' title='bbox 1138 1227 1481 1299; x_wconf 84' lang='lat' dir='ltr'>angelorum</span> <span class='ocrx_word' id='word_1_106' title='bbox 1499 1228 1668 1284; x_wconf 90' lang='lat' dir='ltr'>nobis</span> <span class='ocrx_word' id='word_1_107' title='bbox 1701 1226 1904 1285; x_wconf 89' lang='lat' dir='ltr'>simili-</span> 
     </span>
    </p>
   </div>
   <div class='ocr_carea' id='block_1_16' title="bbox 254 1315 1903 1391">
    <p class='ocr_par' dir='ltr' id='par_1_16' title="bbox 254 1315 1903 1391">
     <span class='ocr_line' id='line_1_16' title="bbox 254 1315 1903 1391; baseline -0.004 -14"><span class='ocrx_word' id='word_1_108' title='bbox 254 1320 395 1377; x_wconf 83' lang='lat' dir='ltr'>tudo</span> <span class='ocrx_word' id='word_1_109' title='bbox 414 1317 787 1391; x_wconf 81' lang='lat' dir='ltr'>promittitur</span> <span class='ocrx_word' id='word_1_110' title='bbox 806 1316 981 1387; x_wconf 89' lang='lat' dir='ltr'>(inter</span> <span class='ocrx_word' id='word_1_111' title='bbox 1004 1315 1238 1389; x_wconf 82' lang='lat' dir='ltr'>angelos</span> <span class='ocrx_word' id='word_1_112' title='bbox 1260 1320 1457 1372; x_wconf 86' lang='lat' dir='ltr'>autem</span> <span class='ocrx_word' id='word_1_113' title='bbox 1484 1333 1599 1373; x_wconf 91' lang='lat' dir='ltr'>non</span> <span class='ocrx_word' id='word_1_114' title='bbox 1621 1325 1707 1372; x_wconf 86' lang='lat' dir='ltr'>est</span> <span class='ocrx_word' id='word_1_115' title='bbox 1732 1332 1903 1372; x_wconf 83' lang='lat' dir='ltr'>sexus</span> 
     </span>
    </p>
   </div>
   <div class='ocr_carea' id='block_1_17' title="bbox 256 1404 1906 1478">
    <p class='ocr_par' dir='ltr' id='par_1_17' title="bbox 256 1404 1906 1478">
     <span class='ocr_line' id='line_1_17' title="bbox 256 1404 1906 1478; baseline -0.004 -14"><span class='ocrx_word' id='word_1_116' title='bbox 256 1407 607 1478; x_wconf 79' lang='lat' dir='ltr'>diversitas),</span> <span class='ocrx_word' id='word_1_117' title='bbox 671 1410 775 1461; x_wconf 90' lang='lat' dir='ltr'>aut</span> <span class='ocrx_word' id='word_1_118' title='bbox 826 1405 953 1460; x_wconf 83' lang='lat' dir='ltr'>sine</span> <span class='ocrx_word' id='word_1_119' title='bbox 1007 1422 1147 1460; x_wconf 79' lang='lat' dir='ltr'>sexu</span> <span class='ocrx_word' id='word_1_120' title='bbox 1206 1406 1449 1471; x_wconf 79' lang='lat' dir='ltr'>erimus,</span> <span class='ocrx_word' id='word_1_121' title='bbox 1509 1407 1662 1477; x_wconf 92' lang='lat' dir='ltr'>quod</span> <span class='ocrx_word' id='word_1_122' title='bbox 1715 1404 1906 1478; x_wconf 84' lang='lat' dir='ltr'>angeli</span> 
     </span>
    </p>
   </div>
   <div class='ocr_carea' id='block_1_18' title="bbox 250 1493 1908 1565">
    <p class='ocr_par' dir='ltr' id='par_1_18' title="bbox 250 1493 1908 1565">
     <span class='ocr_line' id='line_1_18' title="bbox 250 1493 1908 1565; baseline -0.003 -12"><span class='ocrx_word' id='word_1_123' title='bbox 250 1501 383 1554; x_wconf 80' lang='lat' dir='ltr'>sunt</span> <span class='ocrx_word' id='word_1_124' title='bbox 410 1513 424 1552; x_wconf 91' lang='lat'><strong>:</strong></span> <span class='ocrx_word' id='word_1_125' title='bbox 464 1500 576 1551; x_wconf 87' lang='lat' dir='ltr'>aut</span> <span class='ocrx_word' id='word_1_126' title='bbox 604 1499 783 1561; x_wconf 88' lang='lat' dir='ltr'>certe,</span> <span class='ocrx_word' id='word_1_127' title='bbox 814 1493 970 1565; x_wconf 93' lang='lat' dir='ltr'>quod</span> <span class='ocrx_word' id='word_1_128' title='bbox 996 1493 1218 1565; x_wconf 92' lang='lat' dir='ltr'>liquido</span> <span class='ocrx_word' id='word_1_129' title='bbox 1251 1494 1687 1565; x_wconf 88' lang='lat' dir='ltr'>comprobatur,</span> <span class='ocrx_word' id='word_1_130' title='bbox 1719 1511 1908 1549; x_wconf 87' lang='lat' dir='ltr'>resur-</span> 
     </span>
    </p>
   </div>
   <div class='ocr_carea' id='block_1_19' title="bbox 248 1583 1908 1660">
    <p class='ocr_par' dir='ltr' id='par_1_19' title="bbox 248 1583 1908 1660">
     <span class='ocr_line' id='line_1_19' title="bbox 248 1583 1908 1660; baseline -0.002 -18"><span class='ocrx_word' id='word_1_131' title='bbox 248 1592 449 1660; x_wconf 79' lang='lat' dir='ltr'>gentes</span> <span class='ocrx_word' id='word_1_132' title='bbox 486 1586 552 1639; x_wconf 93' lang='lat' dir='ltr'>in</span> <span class='ocrx_word' id='word_1_133' title='bbox 577 1583 817 1656; x_wconf 91' lang='lat' dir='ltr'>proprio</span> <span class='ocrx_word' id='word_1_134' title='bbox 836 1598 999 1652; x_wconf 81' lang='lat' dir='ltr'>sexu,</span> <span class='ocrx_word' id='word_1_135' title='bbox 1024 1600 1198 1638; x_wconf 83' lang='lat' dir='ltr'>sexus</span> <span class='ocrx_word' id='word_1_136' title='bbox 1225 1600 1341 1638; x_wconf 91' lang='lat' dir='ltr'>non</span> <span class='ocrx_word' id='word_1_137' title='bbox 1372 1583 1689 1655; x_wconf 78' lang='lat' dir='ltr'>fungamur</span> <span class='ocrx_word' id='word_1_138' title='bbox 1718 1583 1908 1639; x_wconf 80' lang='lat' dir='ltr'>officio</span> 
     </span>
    </p>
   </div>
   <div class='ocr_carea' id='block_1_20' title="bbox 309 1671 1908 1745">
    <p class='ocr_par' dir='ltr' id='par_1_20' title="bbox 309 1671 1908 1745">
     <span class='ocr_line' id='line_1_20' title="bbox 309 1671 1908 1745; baseline -0.002 -15"><span class='ocrx_word' id='word_1_139' title='bbox 309 1677 402 1730; x_wconf 83' lang='lat'>37.</span> <span class='ocrx_word' id='word_1_140' title='bbox 440 1674 678 1729; x_wconf 79' lang='lat' dir='ltr'>Verum</span> <span class='ocrx_word' id='word_1_141' title='bbox 707 1672 849 1743; x_wconf 88' lang='lat' dir='ltr'>quid</span> <span class='ocrx_word' id='word_1_142' title='bbox 878 1671 1110 1744; x_wconf 86' lang='lat' dir='ltr'>agimus</span> <span class='ocrx_word' id='word_1_143' title='bbox 1135 1672 1522 1743; x_wconf 87' lang='lat' dir='ltr'>argumentis,</span> <span class='ocrx_word' id='word_1_144' title='bbox 1556 1676 1612 1727; x_wconf 88' lang='lat' dir='ltr'>et</span> <span class='ocrx_word' id='word_1_145' title='bbox 1643 1673 1908 1745; x_wconf 88' lang='lat' dir='ltr'>proposi-</span> 
     </span>
    </p>
   </div>
   <div class='ocr_carea' id='block_1_21' title="bbox 245 1758 1909 1833">
    <p class='ocr_par' dir='ltr' id='par_1_21' title="bbox 245 1758 1909 1833">
     <span class='ocr_line' id='line_1_21' title="bbox 245 1758 1909 1833; baseline -0.004 -12"><span class='ocrx_word' id='word_1_146' title='bbox 245 1765 437 1821; x_wconf 80' lang='lat' dir='ltr'>tiones</span> <span class='ocrx_word' id='word_1_147' title='bbox 470 1759 801 1819; x_wconf 85' lang='lat' dir='ltr'>adversarii</span> <span class='ocrx_word' id='word_1_148' title='bbox 833 1758 1043 1813; x_wconf 85' lang='lat' dir='ltr'>callida</span> <span class='ocrx_word' id='word_1_149' title='bbox 1072 1761 1343 1831; x_wconf 88' lang='lat' dir='ltr'>cupimus</span> <span class='ocrx_word' id='word_1_150' title='bbox 1398 1761 1776 1833; x_wconf 87' lang='lat' dir='ltr'>responsione</span> <span class='ocrx_word' id='word_1_151' title='bbox 1810 1778 1909 1817; x_wconf 89' lang='lat' dir='ltr'>su-</span> 
     </span>
    </p>
   </div>
   <div class='ocr_carea' id='block_1_22' title="bbox 245 1849 1915 1926">
    <p class='ocr_par' dir='ltr' id='par_1_22' title="bbox 245 1849 1915 1926">
     <span class='ocr_line' id='line_1_22' title="bbox 245 1849 1915 1926; baseline -0.004 -17"><span class='ocrx_word' id='word_1_152' title='bbox 245 1868 455 1926; x_wconf 88' lang='lat' dir='ltr'>perare</span> <span class='ocrx_word' id='word_1_153' title='bbox 485 1851 517 1905; x_wconf 77' lang='lat'>‘.’</span> <span class='ocrx_word' id='word_1_154' title='bbox 546 1853 733 1907; x_wconf 77' lang='lat' dir='ltr'>Vetera</span> <span class='ocrx_word' id='word_1_155' title='bbox 771 1850 1138 1916; x_wconf 86' lang='lat' dir='ltr'>taansierunt,</span> <span class='ocrx_word' id='word_1_156' title='bbox 1189 1865 1306 1904; x_wconf 87' lang='lat' dir='ltr'>ecce</span> <span class='ocrx_word' id='word_1_157' title='bbox 1349 1849 1505 1923; x_wconf 83' lang='lat' dir='ltr'>facta</span> <span class='ocrx_word' id='word_1_158' title='bbox 1556 1854 1681 1905; x_wconf 85' lang='lat' dir='ltr'>sunt</span> <span class='ocrx_word' id='word_1_159' title='bbox 1730 1852 1915 1906; x_wconf 81' lang='lat' dir='ltr'>omnia</span> 
     </span>
    </p>
   </div>
   <div class='ocr_carea' id='block_1_23' title="bbox 251 1937 1913 2013">
    <p class='ocr_par' dir='ltr' id='par_1_23' title="bbox 251 1937 1913 2013">
     <span class='ocr_line' id='line_1_23' title="bbox 251 1937 1913 2013; baseline -0.003 -14"><span class='ocrx_word' id='word_1_160' title='bbox 251 1959 402 1999; x_wconf 80' lang='lat' dir='ltr'>nova</span> <span class='ocrx_word' id='word_1_161' title='bbox 431 1941 507 2013; x_wconf 91' lang='lat' dir='ltr'>(ll</span> <span class='ocrx_word' id='word_1_162' title='bbox 534 1940 651 1996; x_wconf 89' lang='lat' dir='ltr'>Cor.</span> <span class='ocrx_word' id='word_1_163' title='bbox 684 1956 736 2006; x_wconf 74' lang='grc' dir='ltr'>ν,</span> <span class='ocrx_word' id='word_1_164' title='bbox 772 1937 886 2009; x_wconf 89' lang='grc'>17).</span> <span class='ocrx_word' id='word_1_165' title='bbox 918 1940 1156 1992; x_wconf 89' lang='lat' dir='ltr'>Curram</span> <span class='ocrx_word' id='word_1_166' title='bbox 1189 1955 1291 2010; x_wconf 90' lang='lat' dir='ltr'>per</span> <span class='ocrx_word' id='word_1_167' title='bbox 1336 1938 1734 2010; x_wconf 88' lang='lat' dir='ltr'>apostolorum</span> <span class='ocrx_word' id='word_1_168' title='bbox 1784 1956 1913 1994; x_wconf 89' lang='lat' dir='ltr'>sen-</span> 
     </span>
    </p>
   </div>
   <div class='ocr_carea' id='block_1_24' title="bbox 256 2024 1917 2099">
    <p class='ocr_par' dir='ltr' id='par_1_24' title="bbox 256 2024 1917 2099">
     <span class='ocr_line' id='line_1_24' title="bbox 256 2024 1917 2099; baseline -0.003 -13"><span class='ocrx_word' id='word_1_169' title='bbox 256 2029 504 2096; x_wconf 86' lang='lat' dir='ltr'>tentias,</span> <span class='ocrx_word' id='word_1_170' title='bbox 540 2032 594 2083; x_wconf 92' lang='lat' dir='ltr'>et</span> <span class='ocrx_word' id='word_1_171' title='bbox 622 2026 916 2098; x_wconf 90' lang='lat' dir='ltr'>quomodo</span> <span class='ocrx_word' id='word_1_172' title='bbox 946 2024 1005 2080; x_wconf 90' lang='lat' dir='ltr'>in</span> <span class='ocrx_word' id='word_1_173' title='bbox 1039 2025 1371 2082; x_wconf 89' lang='lat' dir='ltr'>Salomonis</span> <span class='ocrx_word' id='word_1_174' title='bbox 1388 2026 1669 2099; x_wconf 80' lang='lat' dir='ltr'>exemplis</span> <span class='ocrx_word' id='word_1_175' title='bbox 1715 2027 1917 2082; x_wconf 86' lang='lat' dir='ltr'>breves</span> 
     </span>
    </p>
   </div>
   <div class='ocr_carea' id='block_1_25' title="bbox 251 2114 1914 2192">
    <p class='ocr_par' dir='ltr' id='par_1_25' title="bbox 251 2114 1914 2192">
     <span class='ocr_line' id='line_1_25' title="bbox 251 2114 1914 2192; baseline -0.004 -16"><span class='ocrx_word' id='word_1_176' title='bbox 251 2115 757 2192; x_wconf 81' lang='lat' dir='ltr'>expositiunculas</span> <span class='ocrx_word' id='word_1_177' title='bbox 788 2114 1045 2183; x_wconf 85' lang='lat' dir='ltr'>subdidi,</span> <span class='ocrx_word' id='word_1_178' title='bbox 1079 2116 1156 2176; x_wconf 80' lang='lat' dir='ltr'>ob</span> <span class='ocrx_word' id='word_1_179' title='bbox 1180 2114 1543 2188; x_wconf 87' lang='lat' dir='ltr'>intelligendi</span> <span class='ocrx_word' id='word_1_180' title='bbox 1577 2115 1914 2171; x_wconf 85' lang='lat' dir='ltr'>facilitatem</span> 
     </span>
    </p>
   </div>
   <div class='ocr_carea' id='block_1_26' title="bbox 253 2203 1917 2265">
    <p class='ocr_par' dir='ltr' id='par_1_26' title="bbox 253 2203 1917 2265">
     <span class='ocr_line' id='line_1_26' title="bbox 253 2203 1917 2265; baseline -0.004 0"><span class='ocrx_word' id='word_1_181' title='bbox 253 2208 335 2265; x_wconf 89' lang='lat' dir='ltr'>ita</span> <span class='ocrx_word' id='word_1_182' title='bbox 380 2210 443 2263; x_wconf 88' lang='lat' dir='ltr'>et</span> <span class='ocrx_word' id='word_1_183' title='bbox 492 2221 658 2261; x_wconf 89' lang='lat' dir='ltr'>nunc</span> <span class='ocrx_word' id='word_1_184' title='bbox 703 2203 996 2259; x_wconf 86' lang='lat' dir='ltr'>castitatis</span> <span class='ocrx_word' id='word_1_185' title='bbox 1042 2207 1097 2258; x_wconf 88' lang='lat' dir='ltr'>et</span> <span class='ocrx_word' id='word_1_186' title='bbox 1143 2203 1511 2259; x_wconf 74' lang='lat' dir='ltr'>continentiae</span> <span class='ocrx_word' id='word_1_187' title='bbox 1573 2204 1917 2261; x_wconf 67' lang='lat' dir='ltr'>Christianae</span> 
     </span>
    </p>
   </div>
   <div class='ocr_carea' id='block_1_27' title="bbox 254 2291 1915 2369">
    <p class='ocr_par' dir='ltr' id='par_1_27' title="bbox 254 2291 1915 2369">
     <span class='ocr_line' id='line_1_27' title="bbox 254 2291 1915 2369; baseline -0.004 -15"><span class='ocrx_word' id='word_1_188' title='bbox 254 2294 531 2369; x_wconf 65' lang='lat' dir='ltr'>eternpla</span> <span class='ocrx_word' id='word_1_189' title='bbox 561 2293 883 2366; x_wconf 88' lang='lat' dir='ltr'>replicabo,</span> <span class='ocrx_word' id='word_1_190' title='bbox 916 2296 972 2347; x_wconf 91' lang='lat' dir='ltr'>et</span> <span class='ocrx_word' id='word_1_191' title='bbox 1001 2292 1071 2348; x_wconf 89' lang='lat' dir='ltr'>de</span> <span class='ocrx_word' id='word_1_192' title='bbox 1105 2291 1310 2348; x_wconf 87' lang='lat' dir='ltr'>multis</span> <span class='ocrx_word' id='word_1_193' title='bbox 1346 2292 1698 2349; x_wconf 87' lang='lat' dir='ltr'>testimoniis</span> <span class='ocrx_word' id='word_1_194' title='bbox 1751 2292 1915 2365; x_wconf 86' lang='lat' dir='ltr'>quasi</span> 
     </span>
    </p>
   </div>
   <div class='ocr_carea' id='block_1_28' title="bbox 256 2381 1920 2455">
    <p class='ocr_par' dir='ltr' id='par_1_28' title="bbox 256 2381 1920 2455">
     <span class='ocr_line' id='line_1_28' title="bbox 256 2381 1920 2455; baseline -0.004 -12"><span class='ocrx_word' id='word_1_195' title='bbox 256 2400 445 2443; x_wconf 84' lang='lat' dir='ltr'>unum</span> <span class='ocrx_word' id='word_1_196' title='bbox 477 2399 705 2455; x_wconf 89' lang='lat' dir='ltr'>corpus</span> <span class='ocrx_word' id='word_1_197' title='bbox 724 2381 1121 2452; x_wconf 84' lang='lat' dir='ltr'>efﬁciam,quo</span> <span class='ocrx_word' id='word_1_198' title='bbox 1144 2386 1201 2436; x_wconf 87' lang='lat' dir='ltr'>et</span> <span class='ocrx_word' id='word_1_199' title='bbox 1232 2381 1378 2436; x_wconf 86' lang='lat' dir='ltr'>nihil</span> <span class='ocrx_word' id='word_1_200' title='bbox 1409 2383 1562 2453; x_wconf 88' lang='lat' dir='ltr'>quod</span> <span class='ocrx_word' id='word_1_201' title='bbox 1594 2383 1665 2437; x_wconf 88' lang='lat' dir='ltr'>ad</span> <span class='ocrx_word' id='word_1_202' title='bbox 1699 2381 1920 2454; x_wconf 87' lang='lat' dir='ltr'>pudici-</span> 
     </span>
    </p>
   </div>
   <div class='ocr_carea' id='block_1_29' title="bbox 255 2469 1919 2545">
    <p class='ocr_par' dir='ltr' id='par_1_29' title="bbox 255 2469 1919 2545">
     <span class='ocr_line' id='line_1_29' title="bbox 255 2469 1919 2545; baseline -0.003 -15"><span class='ocrx_word' id='word_1_203' title='bbox 255 2474 400 2531; x_wconf 85' lang='lat' dir='ltr'>tiam</span> <span class='ocrx_word' id='word_1_204' title='bbox 429 2469 1223 2545; x_wconf 66' lang='lat' dir='ltr'>pertineat,przetermittam,</span> <span class='ocrx_word' id='word_1_205' title='bbox 1258 2474 1315 2525; x_wconf 89' lang='lat' dir='ltr'>et</span> <span class='ocrx_word' id='word_1_206' title='bbox 1344 2470 1536 2525; x_wconf 64' lang='lat' dir='ltr'>nimiae</span> <span class='ocrx_word' id='word_1_207' title='bbox 1568 2469 1919 2542; x_wconf 81' lang='lat' dir='ltr'>prolixitatis</span> 
     </span>
    </p>
   </div>
   <div class='ocr_carea' id='block_1_30' title="bbox 254 2557 1919 2619">
    <p class='ocr_par' dir='ltr' id='par_1_30' title="bbox 254 2557 1919 2619">
     <span class='ocr_line' id='line_1_30' title="bbox 254 2557 1919 2619; baseline -0.002 0"><span class='ocrx_word' id='word_1_208' title='bbox 254 2561 551 2619; x_wconf 85' lang='lat' dir='ltr'>declinem</span> <span class='ocrx_word' id='word_1_209' title='bbox 603 2557 935 2614; x_wconf 88' lang='lat' dir='ltr'>fastidium.</span> <span class='ocrx_word' id='word_1_210' title='bbox 971 2557 1185 2614; x_wconf 88' lang='lat' dir='ltr'>Scribit</span> <span class='ocrx_word' id='word_1_211' title='bbox 1242 2559 1393 2614; x_wconf 90' lang='lat' dir='ltr'>inter</span> <span class='ocrx_word' id='word_1_212' title='bbox 1439 2566 1643 2615; x_wconf 71' lang='lat' dir='ltr'>caetera</span> <span class='ocrx_word' id='word_1_213' title='bbox 1702 2560 1919 2615; x_wconf 86' lang='lat' dir='ltr'>Paulus</span> 
     </span>
    </p>
   </div>
   <div class='ocr_carea' id='block_1_31' title="bbox 251 2647 1921 2726">
    <p class='ocr_par' dir='ltr' id='par_1_31' title="bbox 251 2647 1921 2726">
     <span class='ocr_line' id='line_1_31' title="bbox 251 2647 1921 2726; baseline -0.004 -17"><span class='ocrx_word' id='word_1_214' title='bbox 251 2649 567 2726; x_wconf 80' lang='lat' dir='ltr'>apostolus</span> <span class='ocrx_word' id='word_1_215' title='bbox 600 2648 675 2703; x_wconf 87' lang='lat' dir='ltr'>ad</span> <span class='ocrx_word' id='word_1_216' title='bbox 708 2648 1001 2702; x_wconf 86' lang='lat' dir='ltr'>Romanos</span> <span class='ocrx_word' id='word_1_217' title='bbox 1027 2664 1040 2700; x_wconf 87' lang='lat'>:</span> <span class='ocrx_word' id='word_1_218' title='bbox 1076 2647 1244 2715; x_wconf 87' lang='lat' dir='ltr'>Quem</span> <span class='ocrx_word' id='word_1_219' title='bbox 1274 2664 1401 2717; x_wconf 88' lang='lat' dir='ltr'>ergo</span> <span class='ocrx_word' id='word_1_220' title='bbox 1420 2651 1663 2720; x_wconf 84' lang='lat' dir='ltr'>fructum</span> <span class='ocrx_word' id='word_1_221' title='bbox 1692 2649 1921 2703; x_wconf 82' lang='lat' dir='ltr'>habuis-</span> 
     </span>
    </p>
   </div>
   <div class='ocr_carea' id='block_1_32' title="bbox 250 2737 1922 2807">
    <p class='ocr_par' dir='ltr' id='par_1_32' title="bbox 250 2737 1922 2807">
     <span class='ocr_line' id='line_1_32' title="bbox 250 2737 1922 2807; baseline -0.003 -10"><span class='ocrx_word' id='word_1_222' title='bbox 250 2744 318 2797; x_wconf 83' lang='lat' dir='ltr'>tis</span> <span class='ocrx_word' id='word_1_223' title='bbox 347 2748 492 2796; x_wconf 79' lang='lat' dir='ltr'>tunc</span> <span class='ocrx_word' id='word_1_224' title='bbox 522 2739 585 2792; x_wconf 88' lang='lat' dir='ltr'>in</span> <span class='ocrx_word' id='word_1_225' title='bbox 619 2737 739 2791; x_wconf 87' lang='lat' dir='ltr'>illis</span> <span class='ocrx_word' id='word_1_226' title='bbox 772 2737 813 2801; x_wconf 64' lang='grc'>³,</span> <span class='ocrx_word' id='word_1_227' title='bbox 847 2737 903 2790; x_wconf 86' lang='lat' dir='ltr'>in</span> <span class='ocrx_word' id='word_1_228' title='bbox 957 2737 1151 2807; x_wconf 80' lang='lat' dir='ltr'>quibus</span> <span class='ocrx_word' id='word_1_229' title='bbox 1194 2753 1339 2791; x_wconf 85' lang='lat' dir='ltr'>nunc</span> <span class='ocrx_word' id='word_1_230' title='bbox 1383 2737 1701 2793; x_wconf 81' lang='lat' dir='ltr'>erubescitis</span> <span class='ocrx_word' id='word_1_231' title='bbox 1732 2742 1757 2792; x_wconf 71' lang='grc' dir='ltr'>ἱ)</span> <span class='ocrx_word' id='word_1_232' title='bbox 1785 2740 1922 2793; x_wconf 85' lang='lat' dir='ltr'>Nam</span> 
     </span>
    </p>
   </div>
   <div class='ocr_carea' id='block_1_33' title="bbox 198 2826 1918 2900">
    <p class='ocr_par' dir='ltr' id='par_1_33' title="bbox 198 2826 1918 2900">
     <span class='ocr_line' id='line_1_33' title="bbox 198 2826 1918 2900; baseline -0.002 -15"><span class='ocrx_word' id='word_1_233' title='bbox 198 2860 205 2867; x_wconf 91' lang='lat'><strong>-</strong></span> <span class='ocrx_word' id='word_1_234' title='bbox 252 2831 384 2900; x_wconf 78' lang='lat' dir='ltr'>ﬁnis</span> <span class='ocrx_word' id='word_1_235' title='bbox 414 2829 656 2883; x_wconf 87' lang='lat' dir='ltr'>illorum</span> <span class='ocrx_word' id='word_1_236' title='bbox 685 2841 833 2880; x_wconf 86' lang='lat' dir='ltr'>mors</span> <span class='ocrx_word' id='word_1_237' title='bbox 860 2828 957 2880; x_wconf 88' lang='lat' dir='ltr'>est.</span> <span class='ocrx_word' id='word_1_238' title='bbox 990 2826 1144 2880; x_wconf 83' lang='lat' dir='ltr'>Nunc</span> <span class='ocrx_word' id='word_1_239' title='bbox 1173 2842 1295 2881; x_wconf 88' lang='lat' dir='ltr'>vero</span> <span class='ocrx_word' id='word_1_240' title='bbox 1347 2827 1567 2882; x_wconf 82' lang='lat' dir='ltr'>liberati</span> <span class='ocrx_word' id='word_1_241' title='bbox 1605 2845 1639 2881; x_wconf 92' lang='lat' dir='ltr'>a</span> <span class='ocrx_word' id='word_1_242' title='bbox 1684 2829 1918 2899; x_wconf 84' lang='lat' dir='ltr'>peccato,</span> 
     </span>
    </p>
   </div>
   <div class='ocr_carea' id='block_1_34' title="bbox 252 2914 1922 2985">
    <p class='ocr_par' dir='ltr' id='par_1_34' title="bbox 252 2914 1922 2985">
     <span class='ocr_line' id='line_1_34' title="bbox 252 2914 1922 2985; baseline -0.003 -10"><span class='ocrx_word' id='word_1_243' title='bbox 252 2919 398 2976; x_wconf 80' lang='lat' dir='ltr'>servi</span> <span class='ocrx_word' id='word_1_244' title='bbox 455 2917 654 2971; x_wconf 80' lang='lat' dir='ltr'>autem</span> <span class='ocrx_word' id='word_1_245' title='bbox 709 2914 811 2968; x_wconf 83' lang='lat' dir='ltr'>Dei</span> <span class='ocrx_word' id='word_1_246' title='bbox 872 2914 1028 2984; x_wconf 87' lang='lat' dir='ltr'>facti,</span> <span class='ocrx_word' id='word_1_247' title='bbox 1095 2914 1302 2969; x_wconf 79' lang='lat' dir='ltr'>habetis</span> <span class='ocrx_word' id='word_1_248' title='bbox 1372 2918 1615 2985; x_wconf 85' lang='lat' dir='ltr'>fructum</span> <span class='ocrx_word' id='word_1_249' title='bbox 1688 2924 1922 2971; x_wconf 87' lang='lat' dir='ltr'>vestrum</span> 
     </span>
    </p>
   </div>
   <div class='ocr_carea' id='block_1_35' title="bbox 255 3005 920 3076">
    <p class='ocr_par' dir='ltr' id='par_1_35' title="bbox 255 3005 920 3076">
     <span class='ocr_line' id='line_1_35' title="bbox 255 3005 920 3076; baseline -0.012 -13"><span class='ocrx_word' id='word_1_250' title='bbox 255 3010 311 3063; x_wconf 84' lang='lat' dir='ltr'>in</span> <span class='ocrx_word' id='word_1_251' title='bbox 370 3005 880 3076; x_wconf 79' lang='lat' dir='ltr'>sanctiﬁcationem</span> <span class='ocrx_word' id='word_1_252' title='bbox 905 3043 920 3067; x_wconf 93' lang='lat'>,</span> 
     </span>
    </p>
   </div>
   <div class='ocr_carea' id='block_1_36' title="bbox 255 3091 1919 3169">
    <p class='ocr_par' dir='ltr' id='par_1_36' title="bbox 255 3091 1919 3169">
     <span class='ocr_line' id='line_1_36' title="bbox 255 3091 1919 3169; baseline -0.003 -16"><span class='ocrx_word' id='word_1_253' title='bbox 255 3098 438 3169; x_wconf 83' lang='lat' dir='ltr'>(Rom.</span> <span class='ocrx_word' id='word_1_254' title='bbox 512 3111 596 3161; x_wconf 83' lang='lat' dir='ltr'>v1,</span> <span class='ocrx_word' id='word_1_255' title='bbox 664 3092 756 3159; x_wconf 72' lang='lat' dir='ltr'>2i,</span> <span class='ocrx_word' id='word_1_256' title='bbox 826 3092 939 3160; x_wconf 83' lang='lat'>22).</span> <span class='ocrx_word' id='word_1_257' title='bbox 1010 3091 1153 3147; x_wconf 85' lang='lat' dir='ltr'>Puto</span> <span class='ocrx_word' id='word_1_258' title='bbox 1220 3093 1373 3164; x_wconf 89' lang='lat' dir='ltr'>quod</span> <span class='ocrx_word' id='word_1_259' title='bbox 1455 3101 1512 3148; x_wconf 84' lang='lat' dir='ltr'>et</span> <span class='ocrx_word' id='word_1_260' title='bbox 1579 3094 1919 3166; x_wconf 86' lang='lat' dir='ltr'>nuptiarum</span> 
     </span>
    </p>
   </div>
   <div class='ocr_carea' id='block_1_37' title="bbox 258 3181 1924 3254">
    <p class='ocr_par' dir='ltr' id='par_1_37' title="bbox 258 3181 1924 3254">
     <span class='ocr_line' id='line_1_37' title="bbox 258 3181 1924 3254; baseline -0.002 -12"><span class='ocrx_word' id='word_1_261' title='bbox 258 3187 401 3242; x_wconf 86' lang='lat' dir='ltr'>ﬁnis</span> <span class='ocrx_word' id='word_1_262' title='bbox 434 3199 605 3241; x_wconf 87' lang='lat' dir='ltr'>mors</span> <span class='ocrx_word' id='word_1_263' title='bbox 636 3181 734 3236; x_wconf 88' lang='lat' dir='ltr'>sit.</span> <span class='ocrx_word' id='word_1_264' title='bbox 772 3181 1013 3235; x_wconf 81' lang='lat' dir='ltr'>Fructus</span> <span class='ocrx_word' id='word_1_265' title='bbox 1045 3184 1242 3236; x_wconf 88' lang='lat' dir='ltr'>autem</span> <span class='ocrx_word' id='word_1_266' title='bbox 1284 3182 1787 3246; x_wconf 82' lang='lat' dir='ltr'>sanctificationis,</span> <span class='ocrx_word' id='word_1_267' title='bbox 1821 3182 1924 3254; x_wconf 91' lang='lat' dir='ltr'>qui</span> 
     </span>
    </p>
   </div>
   <div class='ocr_carea' id='block_1_38' title="bbox 260 3267 1921 3343">
    <p class='ocr_par' dir='ltr' id='par_1_38' title="bbox 260 3267 1921 3343">
     <span class='ocr_line' id='line_1_38' title="bbox 260 3267 1921 3343; baseline -0.004 -12"><span class='ocrx_word' id='word_1_268' title='bbox 260 3273 354 3332; x_wconf 81' lang='lat' dir='ltr'>vel</span> <span class='ocrx_word' id='word_1_269' title='bbox 384 3273 460 3330; x_wconf 88' lang='lat' dir='ltr'>ad</span> <span class='ocrx_word' id='word_1_270' title='bbox 491 3270 920 3343; x_wconf 80' lang='lat' dir='ltr'>virginitatem,</span> <span class='ocrx_word' id='word_1_271' title='bbox 950 3267 1037 3323; x_wconf 91' lang='lat' dir='ltr'>vel</span> <span class='ocrx_word' id='word_1_272' title='bbox 1068 3270 1137 3325; x_wconf 92' lang='lat' dir='ltr'>ad</span> <span class='ocrx_word' id='word_1_273' title='bbox 1189 3271 1607 3326; x_wconf 88' lang='lat' dir='ltr'>continentiam</span> <span class='ocrx_word' id='word_1_274' title='bbox 1652 3272 1921 3342; x_wconf 85' lang='lat' dir='ltr'>pertinet,</span> 
     </span>
    </p>
   </div>
   <div class='ocr_carea' id='block_1_39' title="bbox 263 3359 1927 3433">
    <p class='ocr_par' dir='ltr' id='par_1_39' title="bbox 263 3359 1927 3433">
     <span class='ocr_line' id='line_1_39' title="bbox 263 3359 1927 3433; baseline -0.002 -14"><span class='ocrx_word' id='word_1_275' title='bbox 263 3364 395 3419; x_wconf 83' lang='lat' dir='ltr'>vita</span> <span class='ocrx_word' id='word_1_276' title='bbox 431 3363 723 3433; x_wconf 87' lang='lat' dir='ltr'>pensatur</span> <span class='ocrx_word' id='word_1_277' title='bbox 773 3362 1009 3413; x_wconf 63' lang='lat' dir='ltr'>aeterna.</span> <span class='ocrx_word' id='word_1_278' title='bbox 1056 3359 1135 3413; x_wconf 89' lang='lat' dir='ltr'>Ac</span> <span class='ocrx_word' id='word_1_279' title='bbox 1179 3359 1390 3415; x_wconf 91' lang='lat' dir='ltr'>deinde</span> <span class='ocrx_word' id='word_1_280' title='bbox 1423 3377 1434 3413; x_wconf 91' lang='lat'>:</span> <span class='ocrx_word' id='word_1_281' title='bbox 1466 3362 1672 3432; x_wconf 84' lang='lat' dir='ltr'>Itaque.</span> <span class='ocrx_word' id='word_1_282' title='bbox 1722 3364 1927 3432; x_wconf 79' lang='lat' dir='ltr'>fratres</span> 
     </span>
    </p>
   </div>
   <div class='ocr_carea' id='block_1_40' title="bbox 277 3448 1925 3521">
    <p class='ocr_par' dir='ltr' id='par_1_40' title="bbox 277 3448 1925 3521">
     <span class='ocr_line' id='line_1_40' title="bbox 277 3448 1925 3521; baseline -0.001 -15"><span class='ocrx_word' id='word_1_283' title='bbox 277 3452 419 3516; x_wconf 84' lang='lat' dir='ltr'>mei,</span> <span class='ocrx_word' id='word_1_284' title='bbox 455 3458 508 3504; x_wconf 88' lang='lat' dir='ltr'>et</span> <span class='ocrx_word' id='word_1_285' title='bbox 534 3464 627 3503; x_wconf 81' lang='lat' dir='ltr'>vos</span> <span class='ocrx_word' id='word_1_286' title='bbox 653 3448 967 3518; x_wconf 84' lang='lat' dir='ltr'>mortiﬁcati</span> <span class='ocrx_word' id='word_1_287' title='bbox 993 3450 1121 3503; x_wconf 81' lang='lat' dir='ltr'>estis</span> <span class='ocrx_word' id='word_1_288' title='bbox 1153 3449 1261 3519; x_wconf 90' lang='lat' dir='ltr'>legi</span> <span class='ocrx_word' id='word_1_289' title='bbox 1294 3465 1393 3520; x_wconf 90' lang='lat' dir='ltr'>per</span> <span class='ocrx_word' id='word_1_290' title='bbox 1434 3466 1627 3521; x_wconf 86' lang='lat' dir='ltr'>corpus</span> <span class='ocrx_word' id='word_1_291' title='bbox 1672 3449 1876 3506; x_wconf 88' lang='lat' dir='ltr'>Christi</span> <span class='ocrx_word' id='word_1_292' title='bbox 1907 3468 1925 3504; x_wconf 84' lang='lat'><strong><em>:</em></strong></span> 
     </span>
    </p>
   </div>
   <div class='ocr_carea' id='block_1_41' title="bbox 282 3536 1925 3611">
    <p class='ocr_par' dir='ltr' id='par_1_41' title="bbox 282 3536 1925 3611">
     <span class='ocr_line' id='line_1_41' title="bbox 282 3536 1925 3611; baseline -0.001 -16"><span class='ocrx_word' id='word_1_293' title='bbox 282 3543 350 3595; x_wconf 86' lang='lat' dir='ltr'>ut</span> <span class='ocrx_word' id='word_1_294' title='bbox 377 3539 501 3593; x_wconf 85' lang='lat' dir='ltr'>sitis</span> <span class='ocrx_word' id='word_1_295' title='bbox 532 3536 769 3603; x_wconf 81' lang='lat' dir='ltr'>alterius,</span> <span class='ocrx_word' id='word_1_296' title='bbox 801 3538 901 3609; x_wconf 84' lang='lat' dir='ltr'>qui</span> <span class='ocrx_word' id='word_1_297' title='bbox 927 3552 997 3591; x_wconf 70' lang='lat' dir='ltr'>ea:</span> <span class='ocrx_word' id='word_1_298' title='bbox 1024 3540 1257 3593; x_wconf 81' lang='lat' dir='ltr'>mortuis</span> <span class='ocrx_word' id='word_1_299' title='bbox 1286 3541 1595 3593; x_wconf 68' lang='lat' dir='ltr'>resurrexit</span> <span class='ocrx_word' id='word_1_300' title='bbox 1646 3555 1658 3592; x_wconf 90' lang='lat'><strong>:</strong></span> <span class='ocrx_word' id='word_1_301' title='bbox 1716 3543 1770 3594; x_wconf 89' lang='lat' dir='ltr'>ut</span> <span class='ocrx_word' id='word_1_302' title='bbox 1801 3538 1925 3611; x_wconf 88' lang='lat' dir='ltr'>fru-</span> 
     </span>
    </p>
   </div>
   <div class='ocr_carea' id='block_1_42' title="bbox 2017 338 3658 412">
    <p class='ocr_par' dir='ltr' id='par_1_42' title="bbox 2017 338 3658 412">
     <span class='ocr_line' id='line_1_42' title="bbox 2017 338 3658 412; baseline 0 -18"><span class='ocrx_word' id='word_1_303' title='bbox 2017 339 2323 411; x_wconf 82' lang='lat' dir='ltr'>homo,quis</span> <span class='ocrx_word' id='word_1_304' title='bbox 2352 356 2437 395; x_wconf 90' lang='lat' dir='ltr'>me</span> <span class='ocrx_word' id='word_1_305' title='bbox 2463 338 2715 394; x_wconf 88' lang='lat' dir='ltr'>liberabit</span> <span class='ocrx_word' id='word_1_306' title='bbox 2732 338 2797 393; x_wconf 89' lang='lat' dir='ltr'>de</span> <span class='ocrx_word' id='word_1_307' title='bbox 2825 353 3044 410; x_wconf 88' lang='lat' dir='ltr'>corpore</span> <span class='ocrx_word' id='word_1_308' title='bbox 3063 340 3252 396; x_wconf 87' lang='lat' dir='ltr'>mortis</span> <span class='ocrx_word' id='word_1_309' title='bbox 3282 340 3432 396; x_wconf 69' lang='lat'>291</span> <span class='ocrx_word' id='word_1_310' title='bbox 3466 339 3658 412; x_wconf 82' lang='lat' dir='ltr'>hujus?</span> 
     </span>
    </p>
   </div>
   <div class='ocr_carea' id='block_1_43' title="bbox 2020 426 3658 500">
    <p class='ocr_par' dir='ltr' id='par_1_43' title="bbox 2020 426 3658 500">
     <span class='ocr_line' id='line_1_43' title="bbox 2020 426 3658 500; baseline 0.002 -18"><span class='ocrx_word' id='word_1_311' title='bbox 2020 427 2207 484; x_wconf 83' lang='lat' dir='ltr'>Gratia</span> <span class='ocrx_word' id='word_1_312' title='bbox 2242 430 2339 484; x_wconf 87' lang='lat' dir='ltr'>Dei</span> <span class='ocrx_word' id='word_1_313' title='bbox 2379 445 2479 500; x_wconf 86' lang='lat' dir='ltr'>per</span> <span class='ocrx_word' id='word_1_314' title='bbox 2521 430 2702 484; x_wconf 87' lang='lat' dir='ltr'>Jesum</span> <span class='ocrx_word' id='word_1_315' title='bbox 2755 426 3032 483; x_wconf 83' lang='lat' dir='ltr'>Christum</span> <span class='ocrx_word' id='word_1_316' title='bbox 3072 429 3364 483; x_wconf 87' lang='lat' dir='ltr'>Dominum</span> <span class='ocrx_word' id='word_1_317' title='bbox 3409 437 3658 486; x_wconf 86' lang='lat' dir='ltr'>nostrum</span> 
     </span>
    </p>
   </div>
   <div class='ocr_carea' id='block_1_44' title="bbox 2022 516 3656 589">
    <p class='ocr_par' dir='ltr' id='par_1_44' title="bbox 2022 516 3656 589">
     <span class='ocr_line' id='line_1_44' title="bbox 2022 516 3656 589; baseline 0.003 -19"><span class='ocrx_word' id='word_1_318' title='bbox 2022 516 2177 589; x_wconf 88' lang='lat' dir='ltr'>(Ibid.</span> <span class='ocrx_word' id='word_1_319' title='bbox 2208 519 2299 584; x_wconf 81' lang='grc'>24,</span> <span class='ocrx_word' id='word_1_320' title='bbox 2330 518 2442 588; x_wconf 81' lang='lat'>25).</span> <span class='ocrx_word' id='word_1_321' title='bbox 2478 518 2545 572; x_wconf 86' lang='lat' dir='ltr'>Et</span> <span class='ocrx_word' id='word_1_322' title='bbox 2597 517 2827 581; x_wconf 90' lang='lat' dir='ltr'>iterum,</span> <span class='ocrx_word' id='word_1_323' title='bbox 2878 518 2994 587; x_wconf 85' lang='lat' dir='ltr'>Ipse</span> <span class='ocrx_word' id='word_1_324' title='bbox 3037 518 3211 585; x_wconf 82' lang='lat' dir='ltr'>igitur</span> <span class='ocrx_word' id='word_1_325' title='bbox 3257 521 3436 575; x_wconf 80' lang='lat' dir='ltr'>mente</span> <span class='ocrx_word' id='word_1_326' title='bbox 3480 520 3656 575; x_wconf 80' lang='lat' dir='ltr'>servio</span> 
     </span>
    </p>
   </div>
   <div class='ocr_carea' id='block_1_45' title="bbox 2021 606 3656 677">
    <p class='ocr_par' dir='ltr' id='par_1_45' title="bbox 2021 606 3656 677">
     <span class='ocr_line' id='line_1_45' title="bbox 2021 606 3656 677; baseline 0.002 -17"><span class='ocrx_word' id='word_1_327' title='bbox 2021 607 2130 675; x_wconf 82' lang='lat' dir='ltr'>legi</span> <span class='ocrx_word' id='word_1_328' title='bbox 2184 608 2298 675; x_wconf 90' lang='lat' dir='ltr'>Dei,</span> <span class='ocrx_word' id='word_1_329' title='bbox 2357 624 2519 662; x_wconf 86' lang='lat' dir='ltr'>carne</span> <span class='ocrx_word' id='word_1_330' title='bbox 2558 609 2739 661; x_wconf 86' lang='lat' dir='ltr'>autem</span> <span class='ocrx_word' id='word_1_331' title='bbox 2770 607 2876 677; x_wconf 86' lang='lat' dir='ltr'>legi</span> <span class='ocrx_word' id='word_1_332' title='bbox 2902 607 3109 675; x_wconf 79' lang='lat' dir='ltr'>peccati</span> <span class='ocrx_word' id='word_1_333' title='bbox 3166 606 3393 674; x_wconf 83' lang='lat' dir='ltr'>(Ibid.)</span> <span class='ocrx_word' id='word_1_334' title='bbox 3450 609 3541 675; x_wconf 90' lang='lat' dir='ltr'>Et,</span> <span class='ocrx_word' id='word_1_335' title='bbox 3561 609 3656 664; x_wconf 86' lang='lat' dir='ltr'>Ni-</span> 
     </span>
    </p>
   </div>
   <div class='ocr_carea' id='block_1_46' title="bbox 2020 696 3656 767">
    <p class='ocr_par' dir='ltr' id='par_1_46' title="bbox 2020 696 3656 767">
     <span class='ocr_line' id='line_1_46' title="bbox 2020 696 3656 767; baseline 0.002 -17"><span class='ocrx_word' id='word_1_336' title='bbox 2020 696 2103 750; x_wconf 88' lang='lat' dir='ltr'>hil</span> <span class='ocrx_word' id='word_1_337' title='bbox 2131 696 2502 752; x_wconf 84' lang='lat' dir='ltr'>damnationis</span> <span class='ocrx_word' id='word_1_338' title='bbox 2542 701 2619 751; x_wconf 90' lang='lat' dir='ltr'>est</span> <span class='ocrx_word' id='word_1_339' title='bbox 2666 696 2770 765; x_wconf 86' lang='lat' dir='ltr'>his,</span> <span class='ocrx_word' id='word_1_340' title='bbox 2818 697 2914 767; x_wconf 89' lang='lat' dir='ltr'>qui</span> <span class='ocrx_word' id='word_1_341' title='bbox 2952 704 3081 752; x_wconf 89' lang='lat' dir='ltr'>sunt</span> <span class='ocrx_word' id='word_1_342' title='bbox 3126 698 3188 751; x_wconf 87' lang='lat' dir='ltr'>in</span> <span class='ocrx_word' id='word_1_343' title='bbox 3240 696 3457 753; x_wconf 87' lang='lat' dir='ltr'>Christo</span> <span class='ocrx_word' id='word_1_344' title='bbox 3509 700 3656 767; x_wconf 87' lang='lat' dir='ltr'>Jesu,</span> 
     </span>
    </p>
   </div>
   <div class='ocr_carea' id='block_1_47' title="bbox 2024 785 3661 857">
    <p class='ocr_par' dir='ltr' id='par_1_47' title="bbox 2024 785 3661 857">
     <span class='ocr_line' id='line_1_47' title="bbox 2024 785 3661 857; baseline 0.001 -18"><span class='ocrx_word' id='word_1_345' title='bbox 2024 787 2121 854; x_wconf 86' lang='lat' dir='ltr'>qui</span> <span class='ocrx_word' id='word_1_346' title='bbox 2145 801 2257 842; x_wconf 88' lang='lat' dir='ltr'>non</span> <span class='ocrx_word' id='word_1_347' title='bbox 2276 785 2574 841; x_wconf 86' lang='lat' dir='ltr'>secundum</span> <span class='ocrx_word' id='word_1_348' title='bbox 2603 800 2832 840; x_wconf 89' lang='lat' dir='ltr'>carnem</span> <span class='ocrx_word' id='word_1_349' title='bbox 2859 786 3162 840; x_wconf 82' lang='lat' dir='ltr'>ambulant.</span> <span class='ocrx_word' id='word_1_350' title='bbox 3212 787 3325 840; x_wconf 68' lang='lat' dir='ltr'>Lex</span> <span class='ocrx_word' id='word_1_351' title='bbox 3354 787 3502 841; x_wconf 88' lang='lat' dir='ltr'>enim</span> <span class='ocrx_word' id='word_1_352' title='bbox 3545 788 3661 857; x_wconf 83' lang='lat' dir='ltr'>spi-</span> 
     </span>
    </p>
   </div>
   <div class='ocr_carea' id='block_1_48' title="bbox 2019 874 3662 946">
    <p class='ocr_par' dir='ltr' id='par_1_48' title="bbox 2019 874 3662 946">
     <span class='ocr_line' id='line_1_48' title="bbox 2019 874 3662 946; baseline 0.002 -19"><span class='ocrx_word' id='word_1_353' title='bbox 2019 876 2164 929; x_wconf 84' lang='lat' dir='ltr'>ritus</span> <span class='ocrx_word' id='word_1_354' title='bbox 2194 877 2250 929; x_wconf 90' lang='lat' dir='ltr'>in</span> <span class='ocrx_word' id='word_1_355' title='bbox 2284 874 2495 929; x_wconf 87' lang='lat' dir='ltr'>Christo</span> <span class='ocrx_word' id='word_1_356' title='bbox 2526 879 2663 929; x_wconf 86' lang='lat' dir='ltr'>Jesu</span> <span class='ocrx_word' id='word_1_357' title='bbox 2704 874 2954 929; x_wconf 87' lang='lat' dir='ltr'>liberavit</span> <span class='ocrx_word' id='word_1_358' title='bbox 3002 890 3089 930; x_wconf 90' lang='lat' dir='ltr'>me</span> <span class='ocrx_word' id='word_1_359' title='bbox 3131 891 3165 928; x_wconf 88' lang='lat' dir='ltr'>a</span> <span class='ocrx_word' id='word_1_360' title='bbox 3212 876 3327 946; x_wconf 90' lang='lat' dir='ltr'>lege</span> <span class='ocrx_word' id='word_1_361' title='bbox 3377 876 3584 946; x_wconf 89' lang='lat' dir='ltr'>peccati</span> <span class='ocrx_word' id='word_1_362' title='bbox 3612 879 3662 931; x_wconf 90' lang='lat' dir='ltr'>et</span> 
     </span>
    </p>
   </div>
   <div class='ocr_carea' id='block_1_49' title="bbox 2023 962 3663 1035">
    <p class='ocr_par' dir='ltr' id='par_1_49' title="bbox 2023 962 3663 1035">
     <span class='ocr_line' id='line_1_49' title="bbox 2023 962 3663 1035; baseline 0.002 -18"><span class='ocrx_word' id='word_1_363' title='bbox 2023 966 2216 1019; x_wconf 87' lang='lat' dir='ltr'>mortis</span> <span class='ocrx_word' id='word_1_364' title='bbox 2244 965 2417 1035; x_wconf 91' lang='lat' dir='ltr'>(Rom.</span> <span class='ocrx_word' id='word_1_365' title='bbox 2450 981 2575 1031; x_wconf 80' lang='lat' dir='ltr'><strong>VIII,</strong></span> <span class='ocrx_word' id='word_1_366' title='bbox 2623 963 2676 1030; x_wconf 77' lang='lat' dir='ltr'>l,</span> <span class='ocrx_word' id='word_1_367' title='bbox 2711 963 2786 1032; x_wconf 76' lang='lat'>2).</span> <span class='ocrx_word' id='word_1_368' title='bbox 2818 966 2896 1017; x_wconf 87' lang='lat' dir='ltr'>Ac</span> <span class='ocrx_word' id='word_1_369' title='bbox 2941 962 3312 1019; x_wconf 83' lang='lat' dir='ltr'>manifestius</span> <span class='ocrx_word' id='word_1_370' title='bbox 3358 964 3420 1019; x_wconf 90' lang='lat' dir='ltr'>in</span> <span class='ocrx_word' id='word_1_371' title='bbox 3462 981 3663 1020; x_wconf 90' lang='lat' dir='ltr'>conse-</span> 
     </span>
    </p>
   </div>
   <div class='ocr_carea' id='block_1_50' title="bbox 2024 1052 3662 1124">
    <p class='ocr_par' dir='ltr' id='par_1_50' title="bbox 2024 1052 3662 1124">
     <span class='ocr_line' id='line_1_50' title="bbox 2024 1052 3662 1124; baseline 0.001 -16"><span class='ocrx_word' id='word_1_372' title='bbox 2024 1054 2341 1124; x_wconf 88' lang='lat' dir='ltr'>quentibus</span> <span class='ocrx_word' id='word_1_373' title='bbox 2373 1054 2557 1121; x_wconf 87' lang='lat' dir='ltr'>docet,</span> <span class='ocrx_word' id='word_1_374' title='bbox 2591 1052 2957 1108; x_wconf 87' lang='lat' dir='ltr'>Christianos</span> <span class='ocrx_word' id='word_1_375' title='bbox 2987 1069 3099 1108; x_wconf 90' lang='lat' dir='ltr'>non</span> <span class='ocrx_word' id='word_1_376' title='bbox 3132 1052 3434 1109; x_wconf 89' lang='lat' dir='ltr'>ambulare</span> <span class='ocrx_word' id='word_1_377' title='bbox 3455 1070 3662 1110; x_wconf 90' lang='lat' dir='ltr'>secun-</span> 
     </span>
    </p>
   </div>
   <div class='ocr_carea' id='block_1_51' title="bbox 2025 1140 3667 1213">
    <p class='ocr_par' dir='ltr' id='par_1_51' title="bbox 2025 1140 3667 1213">
     <span class='ocr_line' id='line_1_51' title="bbox 2025 1140 3667 1213; baseline 0.001 -16"><span class='ocrx_word' id='word_1_378' title='bbox 2025 1142 2165 1197; x_wconf 90' lang='lat' dir='ltr'>dum</span> <span class='ocrx_word' id='word_1_379' title='bbox 2193 1158 2448 1209; x_wconf 88' lang='lat' dir='ltr'>carnem,</span> <span class='ocrx_word' id='word_1_380' title='bbox 2483 1142 2584 1197; x_wconf 89' lang='lat' dir='ltr'>sed</span> <span class='ocrx_word' id='word_1_381' title='bbox 2616 1141 2939 1196; x_wconf 90' lang='lat' dir='ltr'>secundum</span> <span class='ocrx_word' id='word_1_382' title='bbox 2980 1140 3251 1213; x_wconf 90' lang='lat' dir='ltr'>spiritum</span> <span class='ocrx_word' id='word_1_383' title='bbox 3285 1141 3483 1198; x_wconf 90' lang='lat' dir='ltr'>dicens</span> <span class='ocrx_word' id='word_1_384' title='bbox 3515 1159 3528 1198; x_wconf 88' lang='lat'><strong>:</strong></span> <span class='ocrx_word' id='word_1_385' title='bbox 3560 1145 3667 1213; x_wconf 85' lang='lat' dir='ltr'>Qui</span> 
     </span>
    </p>
   </div>
   <div class='ocr_carea' id='block_1_52' title="bbox 2022 1231 3665 1301">
    <p class='ocr_par' dir='ltr' id='par_1_52' title="bbox 2022 1231 3665 1301">
     <span class='ocr_line' id='line_1_52' title="bbox 2022 1231 3665 1301; baseline 0.001 -16"><span class='ocrx_word' id='word_1_386' title='bbox 2022 1248 2172 1285; x_wconf 82' lang='lat' dir='ltr'>enim</span> <span class='ocrx_word' id='word_1_387' title='bbox 2200 1231 2497 1287; x_wconf 83' lang='lat' dir='ltr'>secundum</span> <span class='ocrx_word' id='word_1_388' title='bbox 2544 1246 2767 1286; x_wconf 88' lang='lat' dir='ltr'>carnem</span> <span class='ocrx_word' id='word_1_389' title='bbox 2811 1237 2957 1295; x_wconf 87' lang='lat' dir='ltr'>sunt,</span> <span class='ocrx_word' id='word_1_390' title='bbox 3008 1246 3127 1301; x_wconf 67' lang='lat' dir='ltr'>quae</span> <span class='ocrx_word' id='word_1_391' title='bbox 3171 1235 3299 1286; x_wconf 85' lang='lat' dir='ltr'>sunt</span> <span class='ocrx_word' id='word_1_392' title='bbox 3340 1234 3528 1287; x_wconf 88' lang='lat' dir='ltr'>carnis</span> <span class='ocrx_word' id='word_1_393' title='bbox 3574 1249 3665 1287; x_wconf 89' lang='lat' dir='ltr'>sa-</span> 
     </span>
    </p>
   </div>
   <div class='ocr_carea' id='block_1_53' title="bbox 2015 1321 3661 1393">
    <p class='ocr_par' dir='ltr' id='par_1_53' title="bbox 2015 1321 3661 1393">
     <span class='ocr_line' id='line_1_53' title="bbox 2015 1321 3661 1393; baseline 0.001 -18"><span class='ocrx_word' id='word_1_394' title='bbox 2015 1323 2198 1392; x_wconf 85' lang='lat' dir='ltr'>piunt.</span> <span class='ocrx_word' id='word_1_395' title='bbox 2233 1322 2338 1389; x_wconf 89' lang='lat' dir='ltr'>Qui</span> <span class='ocrx_word' id='word_1_396' title='bbox 2366 1335 2487 1376; x_wconf 88' lang='lat' dir='ltr'>vero</span> <span class='ocrx_word' id='word_1_397' title='bbox 2517 1321 2813 1375; x_wconf 87' lang='lat' dir='ltr'>secundum</span> <span class='ocrx_word' id='word_1_398' title='bbox 2837 1321 3122 1390; x_wconf 84' lang='lat' dir='ltr'>spiritum,</span> <span class='ocrx_word' id='word_1_399' title='bbox 3155 1336 3274 1390; x_wconf 72' lang='lat' dir='ltr'>qua:</span> <span class='ocrx_word' id='word_1_400' title='bbox 3321 1328 3447 1376; x_wconf 87' lang='lat' dir='ltr'>sunt</span> <span class='ocrx_word' id='word_1_401' title='bbox 3492 1322 3661 1393; x_wconf 88' lang='lat' dir='ltr'>spiri-</span> 
     </span>
    </p>
   </div>
   <div class='ocr_carea' id='block_1_54' title="bbox 2021 1409 3668 1482">
    <p class='ocr_par' dir='ltr' id='par_1_54' title="bbox 2021 1409 3668 1482">
     <span class='ocr_line' id='line_1_54' title="bbox 2021 1409 3668 1482; baseline -0.001 -16"><span class='ocrx_word' id='word_1_402' title='bbox 2021 1418 2105 1466; x_wconf 87' lang='lat' dir='ltr'>tus</span> <span class='ocrx_word' id='word_1_403' title='bbox 2134 1412 2399 1466; x_wconf 86' lang='lat' dir='ltr'>sentiunt.</span> <span class='ocrx_word' id='word_1_404' title='bbox 2432 1411 2569 1465; x_wconf 89' lang='lat' dir='ltr'>Nam</span> <span class='ocrx_word' id='word_1_405' title='bbox 2596 1409 2893 1480; x_wconf 79' lang='lat' dir='ltr'>prudentia</span> <span class='ocrx_word' id='word_1_406' title='bbox 2932 1410 3136 1473; x_wconf 86' lang='lat' dir='ltr'>carnis,</span> <span class='ocrx_word' id='word_1_407' title='bbox 3186 1425 3331 1465; x_wconf 88' lang='lat' dir='ltr'>mors</span> <span class='ocrx_word' id='word_1_408' title='bbox 3373 1416 3452 1467; x_wconf 87' lang='lat' dir='ltr'>est</span> <span class='ocrx_word' id='word_1_409' title='bbox 3485 1428 3498 1479; x_wconf 92' lang='lat'><strong>;</strong></span> <span class='ocrx_word' id='word_1_410' title='bbox 3526 1428 3668 1482; x_wconf 85' lang='lat' dir='ltr'>pru-</span> 
     </span>
    </p>
   </div>
   <div class='ocr_carea' id='block_1_55' title="bbox 2024 1499 3665 1572">
    <p class='ocr_par' dir='ltr' id='par_1_55' title="bbox 2024 1499 3665 1572">
     <span class='ocr_line' id='line_1_55' title="bbox 2024 1499 3665 1572; baseline 0.001 -17"><span class='ocrx_word' id='word_1_411' title='bbox 2024 1500 2209 1555; x_wconf 86' lang='lat' dir='ltr'>dentia</span> <span class='ocrx_word' id='word_1_412' title='bbox 2248 1503 2432 1555; x_wconf 87' lang='lat' dir='ltr'>autem</span> <span class='ocrx_word' id='word_1_413' title='bbox 2476 1500 2725 1570; x_wconf 84' lang='lat' dir='ltr'>spiritus,</span> <span class='ocrx_word' id='word_1_414' title='bbox 2774 1499 2887 1553; x_wconf 88' lang='lat' dir='ltr'>vita</span> <span class='ocrx_word' id='word_1_415' title='bbox 2939 1500 2988 1552; x_wconf 90' lang='lat' dir='ltr'>et</span> <span class='ocrx_word' id='word_1_416' title='bbox 3030 1514 3147 1568; x_wconf 70' lang='lat' dir='ltr'>pax</span> <span class='ocrx_word' id='word_1_417' title='bbox 3179 1517 3192 1567; x_wconf 92' lang='lat'><strong>;</strong></span> <span class='ocrx_word' id='word_1_418' title='bbox 3223 1500 3487 1572; x_wconf 86' lang='lat' dir='ltr'>quoniam</span> <span class='ocrx_word' id='word_1_419' title='bbox 3530 1517 3665 1572; x_wconf 85' lang='lat' dir='ltr'>pru-</span> 
     </span>
    </p>
   </div>
   <div class='ocr_carea' id='block_1_56' title="bbox 2021 1588 3670 1660">
    <p class='ocr_par' dir='ltr' id='par_1_56' title="bbox 2021 1588 3670 1660">
     <span class='ocr_line' id='line_1_56' title="bbox 2021 1588 3670 1660; baseline -0.001 -15"><span class='ocrx_word' id='word_1_420' title='bbox 2021 1590 2206 1646; x_wconf 86' lang='lat' dir='ltr'>dentia</span> <span class='ocrx_word' id='word_1_421' title='bbox 2234 1590 2437 1649; x_wconf 85' lang='lat' dir='ltr'>carnis,</span> <span class='ocrx_word' id='word_1_422' title='bbox 2465 1588 2765 1643; x_wconf 85' lang='lat' dir='ltr'>inimicitia</span> <span class='ocrx_word' id='word_1_423' title='bbox 2786 1590 2865 1641; x_wconf 88' lang='lat' dir='ltr'>est</span> <span class='ocrx_word' id='word_1_424' title='bbox 2893 1589 2952 1641; x_wconf 89' lang='lat' dir='ltr'>in</span> <span class='ocrx_word' id='word_1_425' title='bbox 3008 1588 3179 1643; x_wconf 89' lang='lat' dir='ltr'>Deum</span> <span class='ocrx_word' id='word_1_426' title='bbox 3231 1590 3465 1660; x_wconf 76' lang='lat' dir='ltr'>‘...Legi</span> <span class='ocrx_word' id='word_1_427' title='bbox 3521 1591 3670 1646; x_wconf 88' lang='lat' dir='ltr'>enim</span> 
     </span>
    </p>
   </div>
   <div class='ocr_carea' id='block_1_57' title="bbox 2024 1676 3663 1748">
    <p class='ocr_par' dir='ltr' id='par_1_57' title="bbox 2024 1676 3663 1748">
     <span class='ocr_line' id='line_1_57' title="bbox 2024 1676 3663 1748; baseline 0 -14"><span class='ocrx_word' id='word_1_428' title='bbox 2024 1681 2120 1735; x_wconf 91' lang='lat' dir='ltr'>Dei</span> <span class='ocrx_word' id='word_1_429' title='bbox 2148 1693 2258 1733; x_wconf 88' lang='lat' dir='ltr'>non</span> <span class='ocrx_word' id='word_1_430' title='bbox 2287 1677 2602 1748; x_wconf 84' lang='lat' dir='ltr'>subjicitur,</span> <span class='ocrx_word' id='word_1_431' title='bbox 2652 1692 2749 1731; x_wconf 81' lang='lat' dir='ltr'>nec</span> <span class='ocrx_word' id='word_1_432' title='bbox 2793 1676 2943 1731; x_wconf 88' lang='lat' dir='ltr'>enim</span> <span class='ocrx_word' id='word_1_433' title='bbox 2985 1680 3178 1748; x_wconf 87' lang='lat' dir='ltr'>potest.</span> <span class='ocrx_word' id='word_1_434' title='bbox 3227 1679 3333 1746; x_wconf 87' lang='lat' dir='ltr'>Qui</span> <span class='ocrx_word' id='word_1_435' title='bbox 3378 1682 3561 1734; x_wconf 84' lang='lat' dir='ltr'>autem</span> <span class='ocrx_word' id='word_1_436' title='bbox 3603 1680 3663 1735; x_wconf 88' lang='lat' dir='ltr'>in</span> 
     </span>
    </p>
   </div>
   <div class='ocr_carea' id='block_1_58' title="bbox 2023 1765 3670 1837">
    <p class='ocr_par' dir='ltr' id='par_1_58' title="bbox 2023 1765 3670 1837">
     <span class='ocr_line' id='line_1_58' title="bbox 2023 1765 3670 1837; baseline 0 -14"><span class='ocrx_word' id='word_1_437' title='bbox 2023 1784 2188 1823; x_wconf 86' lang='lat' dir='ltr'>carne</span> <span class='ocrx_word' id='word_1_438' title='bbox 2209 1775 2356 1831; x_wconf 88' lang='lat' dir='ltr'>sunt,</span> <span class='ocrx_word' id='word_1_439' title='bbox 2392 1768 2497 1821; x_wconf 84' lang='lat' dir='ltr'>Deo</span> <span class='ocrx_word' id='word_1_440' title='bbox 2533 1765 2746 1837; x_wconf 82' lang='lat' dir='ltr'>placere</span> <span class='ocrx_word' id='word_1_441' title='bbox 2791 1781 2901 1820; x_wconf 88' lang='lat' dir='ltr'>non</span> <span class='ocrx_word' id='word_1_442' title='bbox 2938 1769 3180 1837; x_wconf 87' lang='lat' dir='ltr'>possunt.</span> <span class='ocrx_word' id='word_1_443' title='bbox 3234 1767 3329 1823; x_wconf 66' lang='lat' dir='ltr'>Vos</span> <span class='ocrx_word' id='word_1_444' title='bbox 3375 1776 3560 1823; x_wconf 90' lang='lat' dir='ltr'>autem</span> <span class='ocrx_word' id='word_1_445' title='bbox 3607 1769 3670 1823; x_wconf 86' lang='lat' dir='ltr'>in</span> 
     </span>
    </p>
   </div>
   <div class='ocr_carea' id='block_1_59' title="bbox 2023 1854 3665 1928">
    <p class='ocr_par' dir='ltr' id='par_1_59' title="bbox 2023 1854 3665 1928">
     <span class='ocr_line' id='line_1_59' title="bbox 2023 1854 3665 1928; baseline 0 -15"><span class='ocrx_word' id='word_1_446' title='bbox 2023 1873 2189 1913; x_wconf 86' lang='lat' dir='ltr'>carne</span> <span class='ocrx_word' id='word_1_447' title='bbox 2215 1872 2326 1911; x_wconf 83' lang='lat' dir='ltr'>non</span> <span class='ocrx_word' id='word_1_448' title='bbox 2357 1856 2504 1921; x_wconf 86' lang='lat' dir='ltr'>estis,</span> <span class='ocrx_word' id='word_1_449' title='bbox 2536 1854 2627 1909; x_wconf 88' lang='lat' dir='ltr'>sed</span> <span class='ocrx_word' id='word_1_450' title='bbox 2660 1856 2718 1909; x_wconf 86' lang='lat' dir='ltr'>in</span> <span class='ocrx_word' id='word_1_451' title='bbox 2747 1856 2969 1926; x_wconf 82' lang='lat' dir='ltr'>spiritu,</span> <span class='ocrx_word' id='word_1_452' title='bbox 3001 1858 3052 1910; x_wconf 89' lang='lat' dir='ltr'>si</span> <span class='ocrx_word' id='word_1_453' title='bbox 3090 1859 3273 1911; x_wconf 89' lang='lat' dir='ltr'>tamen</span> <span class='ocrx_word' id='word_1_454' title='bbox 3308 1858 3537 1928; x_wconf 79' lang='lat' dir='ltr'>spiritus</span> <span class='ocrx_word' id='word_1_455' title='bbox 3566 1858 3665 1913; x_wconf 87' lang='lat' dir='ltr'>Dei</span> 
     </span>
    </p>
   </div>
   <div class='ocr_carea' id='block_1_60' title="bbox 2024 1943 3668 2018">
    <p class='ocr_par' dir='ltr' id='par_1_60' title="bbox 2024 1943 3668 2018">
     <span class='ocr_line' id='line_1_60' title="bbox 2024 1943 3668 2018; baseline 0.001 -18"><span class='ocrx_word' id='word_1_456' title='bbox 2024 1946 2237 2000; x_wconf 86' lang='lat' dir='ltr'>habitat</span> <span class='ocrx_word' id='word_1_457' title='bbox 2268 1946 2325 1998; x_wconf 83' lang='lat' dir='ltr'>in</span> <span class='ocrx_word' id='word_1_458' title='bbox 2358 1943 2505 1999; x_wconf 86' lang='lat' dir='ltr'>vobis</span> <span class='ocrx_word' id='word_1_459' title='bbox 2532 1943 2692 2015; x_wconf 85' lang='lat' dir='ltr'>(Ibid.</span> <span class='ocrx_word' id='word_1_460' title='bbox 2743 1943 2778 1998; x_wconf 87' lang='lat'>5</span> <span class='ocrx_word' id='word_1_461' title='bbox 2826 1945 3017 2015; x_wconf 91' lang='lat' dir='ltr'>seqq.),</span> <span class='ocrx_word' id='word_1_462' title='bbox 3078 1949 3134 2000; x_wconf 89' lang='lat' dir='ltr'>et</span> <span class='ocrx_word' id='word_1_463' title='bbox 3192 1943 3421 2017; x_wconf 86' lang='lat' dir='ltr'>reliqua</span> <span class='ocrx_word' id='word_1_464' title='bbox 3479 1962 3668 2018; x_wconf 86' lang='lat' dir='ltr'>usque</span> 
     </span>
    </p>
   </div>
   <div class='ocr_carea' id='block_1_61' title="bbox 2024 2031 3671 2105">
    <p class='ocr_par' dir='ltr' id='par_1_61' title="bbox 2024 2031 3671 2105">
     <span class='ocr_line' id='line_1_61' title="bbox 2024 2031 3671 2105; baseline 0.002 -16"><span class='ocrx_word' id='word_1_465' title='bbox 2024 2034 2094 2089; x_wconf 88' lang='lat' dir='ltr'>ad</span> <span class='ocrx_word' id='word_1_466' title='bbox 2145 2031 2315 2087; x_wconf 90' lang='lat' dir='ltr'>illum</span> <span class='ocrx_word' id='word_1_467' title='bbox 2364 2031 2579 2099; x_wconf 91' lang='lat' dir='ltr'>locum,</span> <span class='ocrx_word' id='word_1_468' title='bbox 2633 2032 2691 2086; x_wconf 90' lang='lat' dir='ltr'>in</span> <span class='ocrx_word' id='word_1_469' title='bbox 2732 2048 2847 2103; x_wconf 92' lang='lat' dir='ltr'>quo</span> <span class='ocrx_word' id='word_1_470' title='bbox 2895 2031 3020 2087; x_wconf 93' lang='lat' dir='ltr'>ait:</span> <span class='ocrx_word' id='word_1_471' title='bbox 3052 2034 3211 2105; x_wconf 86' lang='lat' dir='ltr'>Ergo,</span> <span class='ocrx_word' id='word_1_472' title='bbox 3251 2037 3473 2105; x_wconf 79' lang='lat' dir='ltr'>fratres,</span> <span class='ocrx_word' id='word_1_473' title='bbox 3516 2034 3671 2092; x_wconf 89' lang='lat' dir='ltr'>debi-</span> 
     </span>
    </p>
   </div>
   <div class='ocr_carea' id='block_1_62' title="bbox 2026 2121 3671 2185">
    <p class='ocr_par' dir='ltr' id='par_1_62' title="bbox 2026 2121 3671 2185">
     <span class='ocr_line' id='line_1_62' title="bbox 2026 2121 3671 2185; baseline 0.001 -7"><span class='ocrx_word' id='word_1_474' title='bbox 2026 2130 2165 2178; x_wconf 86' lang='lat' dir='ltr'>tores</span> <span class='ocrx_word' id='word_1_475' title='bbox 2195 2136 2382 2177; x_wconf 88' lang='lat' dir='ltr'>sumus</span> <span class='ocrx_word' id='word_1_476' title='bbox 2410 2136 2519 2176; x_wconf 89' lang='lat' dir='ltr'>non</span> <span class='ocrx_word' id='word_1_477' title='bbox 2557 2121 2736 2185; x_wconf 86' lang='lat' dir='ltr'>carni,</span> <span class='ocrx_word' id='word_1_478' title='bbox 2785 2128 2846 2175; x_wconf 90' lang='lat' dir='ltr'>ut</span> <span class='ocrx_word' id='word_1_479' title='bbox 2889 2121 3190 2176; x_wconf 86' lang='lat' dir='ltr'>secundum</span> <span class='ocrx_word' id='word_1_480' title='bbox 3243 2138 3470 2179; x_wconf 89' lang='lat' dir='ltr'>carnem</span> <span class='ocrx_word' id='word_1_481' title='bbox 3513 2125 3671 2179; x_wconf 89' lang='lat' dir='ltr'>viva-</span> 
     </span>
    </p>
   </div>
   <div class='ocr_carea' id='block_1_63' title="bbox 2025 2208 3668 2276">
    <p class='ocr_par' dir='ltr' id='par_1_63' title="bbox 2025 2208 3668 2276">
     <span class='ocr_line' id='line_1_63' title="bbox 2025 2208 3668 2276; baseline 0.001 -11"><span class='ocrx_word' id='word_1_482' title='bbox 2025 2227 2169 2266; x_wconf 86' lang='lat' dir='ltr'>mus.</span> <span class='ocrx_word' id='word_1_483' title='bbox 2203 2210 2261 2264; x_wconf 81' lang='lat' dir='ltr'>Sz</span> <span class='ocrx_word' id='word_1_484' title='bbox 2291 2211 2442 2264; x_wconf 90' lang='lat' dir='ltr'>enim</span> <span class='ocrx_word' id='word_1_485' title='bbox 2471 2208 2769 2264; x_wconf 86' lang='lat' dir='ltr'>secundum</span> <span class='ocrx_word' id='word_1_486' title='bbox 2797 2211 3301 2276; x_wconf 68' lang='lat' dir='ltr'>carnemvixeritis,</span> <span class='ocrx_word' id='word_1_487' title='bbox 3329 2213 3668 2267; x_wconf 86' lang='lat' dir='ltr'>moriemini.</span> 
     </span>
    </p>
   </div>
   <div class='ocr_carea' id='block_1_64' title="bbox 2027 2297 3667 2371">
    <p class='ocr_par' dir='ltr' id='par_1_64' title="bbox 2027 2297 3667 2371">
     <span class='ocr_line' id='line_1_64' title="bbox 2027 2297 3667 2371; baseline 0.002 -17"><span class='ocrx_word' id='word_1_488' title='bbox 2027 2301 2088 2355; x_wconf 86' lang='lat' dir='ltr'>Si</span> <span class='ocrx_word' id='word_1_489' title='bbox 2113 2306 2296 2354; x_wconf 89' lang='lat' dir='ltr'>autem</span> <span class='ocrx_word' id='word_1_490' title='bbox 2324 2299 2528 2369; x_wconf 88' lang='lat' dir='ltr'>spiritu</span> <span class='ocrx_word' id='word_1_491' title='bbox 2553 2297 2708 2371; x_wconf 84' lang='lat' dir='ltr'>facta</span> <span class='ocrx_word' id='word_1_492' title='bbox 2733 2298 2918 2353; x_wconf 83' lang='lat' dir='ltr'>carnis</span> <span class='ocrx_word' id='word_1_493' title='bbox 2942 2300 3426 2369; x_wconf 83' lang='lat' dir='ltr'>mortiﬁcaveritis,</span> <span class='ocrx_word' id='word_1_494' title='bbox 3460 2301 3667 2357; x_wconf 86' lang='lat' dir='ltr'>vivetis.</span> 
     </span>
    </p>
   </div>
   <div class='ocr_carea' id='block_1_65' title="bbox 2027 2388 3673 2461">
    <p class='ocr_par' dir='ltr' id='par_1_65' title="bbox 2027 2388 3673 2461">
     <span class='ocr_line' id='line_1_65' title="bbox 2027 2388 3673 2461; baseline 0.002 -20"><span class='ocrx_word' id='word_1_495' title='bbox 2027 2389 2350 2459; x_wconf 86' lang='lat' dir='ltr'>Quicunque</span> <span class='ocrx_word' id='word_1_496' title='bbox 2412 2388 2561 2441; x_wconf 89' lang='lat' dir='ltr'>enim</span> <span class='ocrx_word' id='word_1_497' title='bbox 2591 2388 2795 2458; x_wconf 89' lang='lat' dir='ltr'>spiritu</span> <span class='ocrx_word' id='word_1_498' title='bbox 2823 2388 2923 2442; x_wconf 91' lang='lat' dir='ltr'>Dei</span> <span class='ocrx_word' id='word_1_499' title='bbox 2976 2395 3237 2458; x_wconf 84' lang='lat' dir='ltr'>aguntur,</span> <span class='ocrx_word' id='word_1_500' title='bbox 3293 2390 3355 2444; x_wconf 89' lang='lat' dir='ltr'>hi</span> <span class='ocrx_word' id='word_1_501' title='bbox 3407 2390 3519 2461; x_wconf 79' lang='lat' dir='ltr'>filii</span> <span class='ocrx_word' id='word_1_502' title='bbox 3574 2391 3673 2446; x_wconf 88' lang='lat' dir='ltr'>Dei</span> 
     </span>
    </p>
   </div>
   <div class='ocr_carea' id='block_1_66' title="bbox 2027 2474 3671 2549">
    <p class='ocr_par' dir='ltr' id='par_1_66' title="bbox 2027 2474 3671 2549">
     <span class='ocr_line' id='line_1_66' title="bbox 2027 2474 3671 2549; baseline 0.002 -18"><span class='ocrx_word' id='word_1_503' title='bbox 2027 2484 2154 2542; x_wconf 82' lang='lat' dir='ltr'>sunt</span> <span class='ocrx_word' id='word_1_504' title='bbox 2181 2474 2424 2549; x_wconf 81' lang='lat' dir='ltr'>(Ibid.H</span> <span class='ocrx_word' id='word_1_505' title='bbox 2442 2475 2588 2546; x_wconf 74' lang='lat' dir='ltr'>,M).</span> <span class='ocrx_word' id='word_1_506' title='bbox 2645 2476 2705 2532; x_wconf 91' lang='lat' dir='ltr'>Si</span> <span class='ocrx_word' id='word_1_507' title='bbox 2763 2476 3072 2548; x_wconf 88' lang='lat' dir='ltr'>prudentia</span> <span class='ocrx_word' id='word_1_508' title='bbox 3119 2478 3331 2539; x_wconf 80' lang='lat' dir='ltr'>carnis‘;</span> <span class='ocrx_word' id='word_1_509' title='bbox 3360 2478 3671 2535; x_wconf 86' lang='lat' dir='ltr'>inimicitia</span> 
     </span>
    </p>
   </div>
   <div class='ocr_carea' id='block_1_67' title="bbox 2029 2564 3671 2640">
    <p class='ocr_par' dir='ltr' id='par_1_67' title="bbox 2029 2564 3671 2640">
     <span class='ocr_line' id='line_1_67' title="bbox 2029 2564 3671 2640; baseline 0.002 -20"><span class='ocrx_word' id='word_1_510' title='bbox 2029 2570 2118 2622; x_wconf 86' lang='lat' dir='ltr'>est</span> <span class='ocrx_word' id='word_1_511' title='bbox 2144 2565 2204 2620; x_wconf 90' lang='lat' dir='ltr'>in</span> <span class='ocrx_word' id='word_1_512' title='bbox 2235 2565 2443 2632; x_wconf 91' lang='lat' dir='ltr'>Deum,</span> <span class='ocrx_word' id='word_1_513' title='bbox 2477 2569 2535 2620; x_wconf 91' lang='lat' dir='ltr'>et</span> <span class='ocrx_word' id='word_1_514' title='bbox 2566 2564 2667 2636; x_wconf 91' lang='lat' dir='ltr'>qui</span> <span class='ocrx_word' id='word_1_515' title='bbox 2698 2565 2758 2619; x_wconf 92' lang='lat' dir='ltr'>in</span> <span class='ocrx_word' id='word_1_516' title='bbox 2790 2581 2963 2621; x_wconf 86' lang='lat' dir='ltr'>carne</span> <span class='ocrx_word' id='word_1_517' title='bbox 2994 2570 3134 2622; x_wconf 89' lang='lat' dir='ltr'>sunt</span> <span class='ocrx_word' id='word_1_518' title='bbox 3156 2567 3264 2623; x_wconf 91' lang='lat' dir='ltr'>deo</span> <span class='ocrx_word' id='word_1_519' title='bbox 3296 2566 3523 2640; x_wconf 87' lang='lat' dir='ltr'>placere</span> <span class='ocrx_word' id='word_1_520' title='bbox 3555 2585 3671 2624; x_wconf 90' lang='lat' dir='ltr'>non</span> 
     </span>
    </p>
   </div>
   <div class='ocr_carea' id='block_1_68' title="bbox 2031 2654 3673 2731">
    <p class='ocr_par' dir='ltr' id='par_1_68' title="bbox 2031 2654 3673 2731">
     <span class='ocr_line' id='line_1_68' title="bbox 2031 2654 3673 2731; baseline 0.002 -21"><span class='ocrx_word' id='word_1_521' title='bbox 2031 2659 2282 2726; x_wconf 87' lang='lat' dir='ltr'>possunt</span> <span class='ocrx_word' id='word_1_522' title='bbox 2316 2654 2598 2721; x_wconf 87' lang='lat' dir='ltr'>;arbitror</span> <span class='ocrx_word' id='word_1_523' title='bbox 2626 2670 2725 2710; x_wconf 88' lang='lat' dir='ltr'>eos</span> <span class='ocrx_word' id='word_1_524' title='bbox 2754 2654 2855 2726; x_wconf 91' lang='lat' dir='ltr'>qui</span> <span class='ocrx_word' id='word_1_525' title='bbox 2884 2656 3146 2711; x_wconf 90' lang='lat' dir='ltr'>serviunt</span> <span class='ocrx_word' id='word_1_526' title='bbox 3166 2656 3357 2713; x_wconf 84' lang='lat' dir='ltr'>officio</span> <span class='ocrx_word' id='word_1_527' title='bbox 3378 2657 3673 2731; x_wconf 85' lang='lat' dir='ltr'>conjugali</span> 
     </span>
    </p>
   </div>
   <div class='ocr_carea' id='block_1_69' title="bbox 2031 2741 3668 2816">
    <p class='ocr_par' dir='ltr' id='par_1_69' title="bbox 2031 2741 3668 2816">
     <span class='ocr_line' id='line_1_69' title="bbox 2031 2741 3668 2816; baseline 0.002 -18"><span class='ocrx_word' id='word_1_528' title='bbox 2031 2743 2186 2815; x_wconf 91' lang='lat' dir='ltr'>quod</span> <span class='ocrx_word' id='word_1_529' title='bbox 2219 2741 2593 2815; x_wconf 87' lang='lat' dir='ltr'>prudentiam</span> <span class='ocrx_word' id='word_1_530' title='bbox 2620 2742 2814 2799; x_wconf 90' lang='lat' dir='ltr'>carnis</span> <span class='ocrx_word' id='word_1_531' title='bbox 2846 2743 3115 2816; x_wconf 85' lang='lat' dir='ltr'>diligant,</span> <span class='ocrx_word' id='word_1_532' title='bbox 3148 2748 3205 2799; x_wconf 90' lang='lat' dir='ltr'>et</span> <span class='ocrx_word' id='word_1_533' title='bbox 3233 2743 3291 2799; x_wconf 92' lang='lat' dir='ltr'>in</span> <span class='ocrx_word' id='word_1_534' title='bbox 3325 2762 3500 2802; x_wconf 89' lang='lat' dir='ltr'>carne</span> <span class='ocrx_word' id='word_1_535' title='bbox 3529 2746 3668 2801; x_wconf 87' lang='lat' dir='ltr'>sint.</span> 
     </span>
    </p>
   </div>
   <div class='ocr_carea' id='block_1_70' title="bbox 2030 2830 3671 2906">
    <p class='ocr_par' dir='ltr' id='par_1_70' title="bbox 2030 2830 3671 2906">
     <span class='ocr_line' id='line_1_70' title="bbox 2030 2830 3671 2906; baseline 0.001 -20"><span class='ocrx_word' id='word_1_536' title='bbox 2030 2838 2079 2886; x_wconf 87' lang='lat' dir='ltr'><strong>A</strong></span> <span class='ocrx_word' id='word_1_537' title='bbox 2110 2848 2225 2904; x_wconf 89' lang='lat' dir='ltr'>qua</span> <span class='ocrx_word' id='word_1_538' title='bbox 2255 2848 2361 2886; x_wconf 91' lang='lat' dir='ltr'>nos</span> <span class='ocrx_word' id='word_1_539' title='bbox 2392 2830 2695 2886; x_wconf 87' lang='lat' dir='ltr'>retrahens</span> <span class='ocrx_word' id='word_1_540' title='bbox 2715 2831 3383 2906; x_wconf 83' lang='lat' dir='ltr'>Apostolus,etjungens</span> <span class='ocrx_word' id='word_1_541' title='bbox 3413 2833 3671 2905; x_wconf 89' lang='lat' dir='ltr'>spiritui,</span> 
     </span>
    </p>
   </div>
   <div class='ocr_carea' id='block_1_71' title="bbox 2031 2918 3675 2994">
    <p class='ocr_par' dir='ltr' id='par_1_71' title="bbox 2031 2918 3675 2994">
     <span class='ocr_line' id='line_1_71' title="bbox 2031 2918 3675 2994; baseline 0.001 -18"><span class='ocrx_word' id='word_1_542' title='bbox 2031 2920 2307 2991; x_wconf 87' lang='lat' dir='ltr'>deinceps</span> <span class='ocrx_word' id='word_1_543' title='bbox 2338 2918 2638 2990; x_wconf 87' lang='lat' dir='ltr'>loquitur:</span> <span class='ocrx_word' id='word_1_544' title='bbox 2675 2920 2901 2975; x_wconf 87' lang='lat' dir='ltr'>Obsecro</span> <span class='ocrx_word' id='word_1_545' title='bbox 2932 2936 3042 2986; x_wconf 89' lang='lat' dir='ltr'>vos,</span> <span class='ocrx_word' id='word_1_546' title='bbox 3090 2924 3310 2993; x_wconf 82' lang='lat' dir='ltr'>fratres,</span> <span class='ocrx_word' id='word_1_547' title='bbox 3356 2938 3459 2994; x_wconf 85' lang='lat' dir='ltr'>per</span> <span class='ocrx_word' id='word_1_548' title='bbox 3502 2925 3675 2978; x_wconf 85' lang='lat' dir='ltr'>mise-</span> 
     </span>
    </p>
   </div>
   <div class='ocr_carea' id='block_1_72' title="bbox 1004 3002 3674 3083">
    <p class='ocr_par' dir='ltr' id='par_1_72' title="bbox 1004 3002 3674 3083">
     <span class='ocr_line' id='line_1_72' title="bbox 1004 3002 3674 3083; baseline 0.005 -27"><span class='ocrx_word' id='word_1_549' title='bbox 1004 3002 1172 3071; x_wconf 81' lang='lat' dir='ltr'>ﬁnem</span> <span class='ocrx_word' id='word_1_550' title='bbox 1254 3020 1382 3058; x_wconf 83' lang='lat' dir='ltr'>vera</span> <span class='ocrx_word' id='word_1_551' title='bbox 1441 3006 1603 3059; x_wconf 85' lang='lat' dir='ltr'>vitam</span> <span class='ocrx_word' id='word_1_552' title='bbox 1660 3008 1921 3060; x_wconf 64' lang='lat' dir='ltr'>aeternam</span> <span class='ocrx_word' id='word_1_553' title='bbox 1951 3008 1994 3075; x_wconf 64' lang='grc' dir='ltr'>(ἶ</span> <span class='ocrx_word' id='word_1_554' title='bbox 2031 3010 2329 3066; x_wconf 86' lang='lat' dir='ltr'>ricordiam</span> <span class='ocrx_word' id='word_1_555' title='bbox 2371 3010 2464 3064; x_wconf 88' lang='lat' dir='ltr'>Dei</span> <span class='ocrx_word' id='word_1_556' title='bbox 2510 3010 2549 3077; x_wconf 79' lang='grc'>³,</span> <span class='ocrx_word' id='word_1_557' title='bbox 2606 3013 2667 3063; x_wconf 89' lang='lat' dir='ltr'>ut</span> <span class='ocrx_word' id='word_1_558' title='bbox 2714 3010 3016 3066; x_wconf 76' lang='lat' dir='ltr'>exhibeatis</span> <span class='ocrx_word' id='word_1_559' title='bbox 3066 3026 3293 3083; x_wconf 86' lang='lat' dir='ltr'>corpora</span> <span class='ocrx_word' id='word_1_560' title='bbox 3334 3018 3512 3068; x_wconf 90' lang='lat' dir='ltr'>vestra</span> <span class='ocrx_word' id='word_1_561' title='bbox 3556 3013 3674 3069; x_wconf 87' lang='lat' dir='ltr'>hos-</span> 
     </span>
    </p>
   </div>
   <div class='ocr_carea' id='block_1_73' title="bbox 2029 3099 3676 3171">
    <p class='ocr_par' dir='ltr' id='par_1_73' title="bbox 2029 3099 3676 3171">
     <span class='ocr_line' id='line_1_73' title="bbox 2029 3099 3676 3171; baseline 0.004 -19"><span class='ocrx_word' id='word_1_562' title='bbox 2029 3101 2167 3154; x_wconf 89' lang='lat' dir='ltr'>tiam</span> <span class='ocrx_word' id='word_1_563' title='bbox 2208 3099 2493 3161; x_wconf 84' lang='lat' dir='ltr'>viventem,</span> <span class='ocrx_word' id='word_1_564' title='bbox 2533 3106 2796 3165; x_wconf 86' lang='lat' dir='ltr'>sanctam,</span> <span class='ocrx_word' id='word_1_565' title='bbox 2831 3100 2936 3155; x_wconf 91' lang='lat' dir='ltr'>Deo</span> <span class='ocrx_word' id='word_1_566' title='bbox 2977 3101 3303 3171; x_wconf 84' lang='lat' dir='ltr'>placentem,</span> <span class='ocrx_word' id='word_1_567' title='bbox 3346 3101 3676 3160; x_wconf 86' lang='lat' dir='ltr'>rationabile</span> 
     </span>
    </p>
   </div>
   <div class='ocr_carea' id='block_1_74' title="bbox 2032 3188 3675 3260">
    <p class='ocr_par' dir='ltr' id='par_1_74' title="bbox 2032 3188 3675 3260">
     <span class='ocr_line' id='line_1_74' title="bbox 2032 3188 3675 3260; baseline 0.002 -17"><span class='ocrx_word' id='word_1_568' title='bbox 2032 3188 2347 3257; x_wconf 80' lang='lat' dir='ltr'>obsequium</span> <span class='ocrx_word' id='word_1_569' title='bbox 2376 3192 2710 3244; x_wconf 85' lang='lat' dir='ltr'>vestrum.Et</span> <span class='ocrx_word' id='word_1_570' title='bbox 2734 3188 2905 3244; x_wconf 83' lang='lat' dir='ltr'>nolite</span> <span class='ocrx_word' id='word_1_571' title='bbox 2932 3191 3271 3259; x_wconf 85' lang='lat' dir='ltr'>conformari</span> <span class='ocrx_word' id='word_1_572' title='bbox 3298 3189 3430 3246; x_wconf 86' lang='lat' dir='ltr'>huic</span> <span class='ocrx_word' id='word_1_573' title='bbox 3455 3192 3675 3260; x_wconf 74' lang='lat' dir='ltr'>sweulo,</span> 
     </span>
    </p>
   </div>
   <div class='ocr_carea' id='block_1_75' title="bbox 2033 3276 3681 3352">
    <p class='ocr_par' dir='ltr' id='par_1_75' title="bbox 2033 3276 3681 3352">
     <span class='ocr_line' id='line_1_75' title="bbox 2033 3276 3681 3352; baseline 0.003 -21"><span class='ocrx_word' id='word_1_574' title='bbox 2033 3276 2125 3332; x_wconf 87' lang='lat' dir='ltr'>sed</span> <span class='ocrx_word' id='word_1_575' title='bbox 2148 3277 2537 3346; x_wconf 88' lang='lat' dir='ltr'>reformamini</span> <span class='ocrx_word' id='word_1_576' title='bbox 2569 3278 2628 3330; x_wconf 84' lang='lat' dir='ltr'>in</span> <span class='ocrx_word' id='word_1_577' title='bbox 2656 3279 2894 3333; x_wconf 87' lang='lat' dir='ltr'>novitate</span> <span class='ocrx_word' id='word_1_578' title='bbox 2921 3295 3113 3334; x_wconf 82' lang='lat' dir='ltr'>sensus</span> <span class='ocrx_word' id='word_1_579' title='bbox 3156 3281 3339 3345; x_wconf 85' lang='lat' dir='ltr'>vestri,</span> <span class='ocrx_word' id='word_1_580' title='bbox 3389 3288 3451 3335; x_wconf 92' lang='lat' dir='ltr'>ut</span> <span class='ocrx_word' id='word_1_581' title='bbox 3492 3281 3681 3352; x_wconf 88' lang='lat' dir='ltr'>probe-</span> 
     </span>
    </p>
   </div>
   <div class='ocr_carea' id='block_1_76' title="bbox 2036 3365 3682 3440">
    <p class='ocr_par' dir='ltr' id='par_1_76' title="bbox 2036 3365 3682 3440">
     <span class='ocr_line' id='line_1_76' title="bbox 2036 3365 3682 3440; baseline 0.002 -19"><span class='ocrx_word' id='word_1_582' title='bbox 2036 3367 2107 3421; x_wconf 86' lang='lat' dir='ltr'>tis</span> <span class='ocrx_word' id='word_1_583' title='bbox 2157 3380 2283 3437; x_wconf 69' lang='lat' dir='ltr'>quae</span> <span class='ocrx_word' id='word_1_584' title='bbox 2327 3367 2398 3420; x_wconf 90' lang='lat' dir='ltr'>sit</span> <span class='ocrx_word' id='word_1_585' title='bbox 2444 3365 2696 3421; x_wconf 81' lang='lat' dir='ltr'>voluntas</span> <span class='ocrx_word' id='word_1_586' title='bbox 2745 3366 2843 3421; x_wconf 88' lang='lat' dir='ltr'>Dei</span> <span class='ocrx_word' id='word_1_587' title='bbox 2905 3367 3063 3433; x_wconf 88' lang='lat' dir='ltr'>bona,</span> <span class='ocrx_word' id='word_1_588' title='bbox 3108 3376 3163 3423; x_wconf 81' lang='lat' dir='ltr'>et.</span> <span class='ocrx_word' id='word_1_589' title='bbox 3208 3368 3580 3440; x_wconf 86' lang='lat' dir='ltr'>beneplacens,</span> <span class='ocrx_word' id='word_1_590' title='bbox 3630 3373 3682 3425; x_wconf 89' lang='lat' dir='ltr'>et</span> 
     </span>
    </p>
   </div>
   <div class='ocr_carea' id='block_1_77' title="bbox 2031 3455 3684 3528">
    <p class='ocr_par' dir='ltr' id='par_1_77' title="bbox 2031 3455 3684 3528">
     <span class='ocr_line' id='line_1_77' title="bbox 2031 3455 3684 3528; baseline 0.002 -18"><span class='ocrx_word' id='word_1_591' title='bbox 2031 3457 2299 3526; x_wconf 86' lang='lat' dir='ltr'>perfecta.</span> <span class='ocrx_word' id='word_1_592' title='bbox 2336 3455 2462 3509; x_wconf 84' lang='lat' dir='ltr'>Dico</span> <span class='ocrx_word' id='word_1_593' title='bbox 2492 3456 2641 3510; x_wconf 88' lang='lat' dir='ltr'>enim</span> <span class='ocrx_word' id='word_1_594' title='bbox 2665 3471 2767 3526; x_wconf 88' lang='lat' dir='ltr'>per</span> <span class='ocrx_word' id='word_1_595' title='bbox 2810 3458 3051 3526; x_wconf 87' lang='lat' dir='ltr'>gratiam</span> <span class='ocrx_word' id='word_1_596' title='bbox 3094 3471 3221 3528; x_wconf 69' lang='lat' dir='ltr'>qua?</span> <span class='ocrx_word' id='word_1_597' title='bbox 3248 3456 3376 3513; x_wconf 83' lang='lat' dir='ltr'>data</span> <span class='ocrx_word' id='word_1_598' title='bbox 3403 3465 3479 3513; x_wconf 85' lang='lat' dir='ltr'>est</span> <span class='ocrx_word' id='word_1_599' title='bbox 3545 3459 3684 3514; x_wconf 87' lang='lat' dir='ltr'>mihi</span> 
     </span>
    </p>
   </div>
   <div class='ocr_carea' id='block_1_78' title="bbox 2038 3545 3683 3618">
    <p class='ocr_par' dir='ltr' id='par_1_78' title="bbox 2038 3545 3683 3618">
     <span class='ocr_line' id='line_1_78' title="bbox 2038 3545 3683 3618; baseline 0.001 -19"><span class='ocrx_word' id='word_1_600' title='bbox 2038 3545 2292 3599; x_wconf 87' lang='lat' dir='ltr'>omnibus</span> <span class='ocrx_word' id='word_1_601' title='bbox 2321 3545 2418 3613; x_wconf 89' lang='lat' dir='ltr'>qui</span> <span class='ocrx_word' id='word_1_602' title='bbox 2446 3547 2573 3597; x_wconf 88' lang='lat' dir='ltr'>sunt</span> <span class='ocrx_word' id='word_1_603' title='bbox 2612 3545 2760 3598; x_wconf 88' lang='lat' dir='ltr'>inter</span> <span class='ocrx_word' id='word_1_604' title='bbox 2806 3560 2937 3599; x_wconf 86' lang='lat' dir='ltr'>vos:</span> <span class='ocrx_word' id='word_1_605' title='bbox 2968 3560 3077 3599; x_wconf 77' lang='lat' dir='ltr'>non.</span> <span class='ocrx_word' id='word_1_606' title='bbox 3120 3546 3246 3615; x_wconf 88' lang='lat' dir='ltr'>plus</span> <span class='ocrx_word' id='word_1_607' title='bbox 3299 3561 3490 3615; x_wconf 88' lang='lat' dir='ltr'>sapere</span> <span class='ocrx_word' id='word_1_608' title='bbox 3518 3562 3683 3618; x_wconf 86' lang='lat' dir='ltr'>quam</span> 
     </span>
    </p>
   </div>
   <div class='ocr_carea' id='block_1_79' title="bbox 274 3624 1930 3698">
    <p class='ocr_par' dir='ltr' id='par_1_79' title="bbox 274 3624 1930 3698">
     <span class='ocr_line' id='line_1_79' title="bbox 274 3624 1930 3698; baseline -0.001 -15"><span class='ocrx_word' id='word_1_609' title='bbox 274 3629 585 3698; x_wconf 67' lang='lat' dir='ltr'>eti/iremus</span> <span class='ocrx_word' id='word_1_610' title='bbox 614 3624 719 3697; x_wconf 85' lang='lat' dir='ltr'>(Al.</span> <span class='ocrx_word' id='word_1_611' title='bbox 752 3625 1113 3696; x_wconf 84' lang='lat' dir='ltr'>fructi/icetis)</span> <span class='ocrx_word' id='word_1_612' title='bbox 1144 3626 1269 3681; x_wconf 90' lang='lat' dir='ltr'>Deo.</span> <span class='ocrx_word' id='word_1_613' title='bbox 1318 3627 1453 3681; x_wconf 87' lang='lat' dir='ltr'>Cum</span> <span class='ocrx_word' id='word_1_614' title='bbox 1500 3630 1646 3682; x_wconf 86' lang='lat' dir='ltr'>enim</span> <span class='ocrx_word' id='word_1_615' title='bbox 1696 3643 1930 3683; x_wconf 77' lang='lat' dir='ltr'>essemus</span> 
     </span>
    </p>
   </div>
   <div class='ocr_carea' id='block_1_80' title="bbox 268 3714 1929 3788">
    <p class='ocr_par' dir='ltr' id='par_1_80' title="bbox 268 3714 1929 3788">
     <span class='ocr_line' id='line_1_80' title="bbox 268 3714 1929 3788; baseline -0.002 -15"><span class='ocrx_word' id='word_1_616' title='bbox 268 3720 332 3773; x_wconf 87' lang='lat' dir='ltr'>in</span> <span class='ocrx_word' id='word_1_617' title='bbox 358 3732 550 3785; x_wconf 84' lang='lat' dir='ltr'>carne,</span> <span class='ocrx_word' id='word_1_618' title='bbox 577 3717 870 3787; x_wconf 80' lang='lat' dir='ltr'>passiones</span> <span class='ocrx_word' id='word_1_619' title='bbox 893 3714 915 3747; x_wconf 81' lang='grc'><strong><em>³</em></strong></span> <span class='ocrx_word' id='word_1_620' title='bbox 945 3730 1067 3784; x_wconf 72' lang='lat' dir='ltr'>qua:</span> <span class='ocrx_word' id='word_1_621' title='bbox 1090 3731 1190 3786; x_wconf 90' lang='lat' dir='ltr'>per</span> <span class='ocrx_word' id='word_1_622' title='bbox 1213 3716 1382 3786; x_wconf 84' lang='lat' dir='ltr'>legem</span> <span class='ocrx_word' id='word_1_623' title='bbox 1418 3725 1596 3784; x_wconf 86' lang='lat' dir='ltr'>erant,</span> <span class='ocrx_word' id='word_1_624' title='bbox 1630 3718 1929 3788; x_wconf 86' lang='lat' dir='ltr'>operaban-</span> 
     </span>
    </p>
   </div>
   <div class='ocr_carea' id='block_1_81' title="bbox 263 3803 1931 3874">
    <p class='ocr_par' dir='ltr' id='par_1_81' title="bbox 263 3803 1931 3874">
     <span class='ocr_line' id='line_1_81' title="bbox 263 3803 1931 3874; baseline -0.002 -11"><span class='ocrx_word' id='word_1_625' title='bbox 263 3812 364 3863; x_wconf 83' lang='lat' dir='ltr'>tur</span> <span class='ocrx_word' id='word_1_626' title='bbox 414 3807 475 3860; x_wconf 81' lang='lat' dir='ltr'>in</span> <span class='ocrx_word' id='word_1_627' title='bbox 532 3803 803 3859; x_wconf 88' lang='lat' dir='ltr'>membris</span> <span class='ocrx_word' id='word_1_628' title='bbox 862 3804 1083 3869; x_wconf 86' lang='lat' dir='ltr'>nostris,</span> <span class='ocrx_word' id='word_1_629' title='bbox 1143 3808 1205 3859; x_wconf 90' lang='lat' dir='ltr'>ut</span> <span class='ocrx_word' id='word_1_630' title='bbox 1271 3806 1676 3874; x_wconf 74' lang='lat' dir='ltr'>fructi/icerant</span> <span class='ocrx_word' id='word_1_631' title='bbox 1746 3807 1931 3870; x_wconf 88' lang='lat' dir='ltr'>morti,</span> 
     </span>
    </p>
   </div>
   <div class='ocr_carea' id='block_1_82' title="bbox 269 3893 1935 3966">
    <p class='ocr_par' dir='ltr' id='par_1_82' title="bbox 269 3893 1935 3966">
     <span class='ocr_line' id='line_1_82' title="bbox 269 3893 1935 3966; baseline -0.003 -13"><span class='ocrx_word' id='word_1_632' title='bbox 269 3900 434 3954; x_wconf 74' lang='lat' dir='ltr'>Nunc</span> <span class='ocrx_word' id='word_1_633' title='bbox 457 3902 656 3950; x_wconf 78' lang='lat' dir='ltr'>autem</span> <span class='ocrx_word' id='word_1_634' title='bbox 685 3893 857 3948; x_wconf 86' lang='lat' dir='ltr'>soluti</span> <span class='ocrx_word' id='word_1_635' title='bbox 881 3908 1069 3947; x_wconf 88' lang='lat' dir='ltr'>sumus</span> <span class='ocrx_word' id='word_1_636' title='bbox 1098 3909 1132 3947; x_wconf 94' lang='lat' dir='ltr'>a</span> <span class='ocrx_word' id='word_1_637' title='bbox 1162 3894 1277 3963; x_wconf 88' lang='lat' dir='ltr'>lege</span> <span class='ocrx_word' id='word_1_638' title='bbox 1323 3896 1534 3959; x_wconf 86' lang='lat' dir='ltr'>mortis,</span> <span class='ocrx_word' id='word_1_639' title='bbox 1588 3897 1648 3948; x_wconf 90' lang='lat' dir='ltr'>in</span> <span class='ocrx_word' id='word_1_640' title='bbox 1689 3911 1797 3966; x_wconf 88' lang='lat' dir='ltr'>qua</span> <span class='ocrx_word' id='word_1_641' title='bbox 1842 3894 1935 3949; x_wconf 86' lang='lat' dir='ltr'>de-</span> 
     </span>
    </p>
   </div>
   <div class='ocr_carea' id='block_1_83' title="bbox 270 3982 1936 4054">
    <p class='ocr_par' dir='ltr' id='par_1_83' title="bbox 270 3982 1936 4054">
     <span class='ocr_line' id='line_1_83' title="bbox 270 3982 1936 4054; baseline -0.003 -13"><span class='ocrx_word' id='word_1_642' title='bbox 270 3984 643 4043; x_wconf 75' lang='lat' dir='ltr'>tinebamur;</span> <span class='ocrx_word' id='word_1_643' title='bbox 677 3989 738 4036; x_wconf 86' lang='lat' dir='ltr'>ut</span> <span class='ocrx_word' id='word_1_644' title='bbox 782 3982 1088 4036; x_wconf 81' lang='lat' dir='ltr'>serviamus</span> <span class='ocrx_word' id='word_1_645' title='bbox 1137 3982 1197 4035; x_wconf 88' lang='lat' dir='ltr'>in</span> <span class='ocrx_word' id='word_1_646' title='bbox 1242 3984 1479 4037; x_wconf 82' lang='lat' dir='ltr'>novitate</span> <span class='ocrx_word' id='word_1_647' title='bbox 1527 3985 1777 4054; x_wconf 87' lang='lat' dir='ltr'>spiritus,</span> <span class='ocrx_word' id='word_1_648' title='bbox 1827 3999 1936 4039; x_wconf 89' lang='lat' dir='ltr'>non</span> 
     </span>
    </p>
   </div>
   <div class='ocr_carea' id='block_1_84' title="bbox 272 4070 1936 4143">
    <p class='ocr_par' dir='ltr' id='par_1_84' title="bbox 272 4070 1936 4143">
     <span class='ocr_line' id='line_1_84' title="bbox 272 4070 1936 4143; baseline -0.002 -14"><span class='ocrx_word' id='word_1_649' title='bbox 272 4077 339 4129; x_wconf 84' lang='lat' dir='ltr'>in</span> <span class='ocrx_word' id='word_1_650' title='bbox 370 4076 640 4129; x_wconf 79' lang='lat' dir='ltr'>vetustate</span> <span class='ocrx_word' id='word_1_651' title='bbox 671 4071 878 4127; x_wconf 69' lang='lat' dir='ltr'>lillerw</span> <span class='ocrx_word' id='word_1_652' title='bbox 905 4070 1079 4140; x_wconf 86' lang='lat' dir='ltr'>(Rom.</span> <span class='ocrx_word' id='word_1_653' title='bbox 1113 4087 1213 4139; x_wconf 86' lang='lat' dir='ltr'>v11,</span> <span class='ocrx_word' id='word_1_654' title='bbox 1246 4071 1279 4124; x_wconf 81' lang='grc'>4</span> <span class='ocrx_word' id='word_1_655' title='bbox 1306 4072 1496 4143; x_wconf 85' lang='lat' dir='ltr'>seqq,).</span> <span class='ocrx_word' id='word_1_656' title='bbox 1533 4071 1688 4139; x_wconf 89' lang='lat' dir='ltr'>Cum,</span> <span class='ocrx_word' id='word_1_657' title='bbox 1723 4071 1936 4143; x_wconf 85' lang='lat' dir='ltr'>inquit,</span> 
     </span>
    </p>
   </div>
   <div class='ocr_carea' id='block_1_85' title="bbox 277 4159 3695 4238">
    <p class='ocr_par' dir='ltr' id='par_1_85' title="bbox 277 4159 3695 4238">
     <span class='ocr_line' id='line_1_85' title="bbox 277 4159 3695 4238; baseline 0.001 -21"><span class='ocrx_word' id='word_1_658' title='bbox 277 4177 509 4217; x_wconf 76' lang='lat' dir='ltr'>essemus</span> <span class='ocrx_word' id='word_1_659' title='bbox 542 4161 609 4214; x_wconf 84' lang='lat' dir='ltr'>in</span> <span class='ocrx_word' id='word_1_660' title='bbox 640 4174 829 4223; x_wconf 85' lang='lat' dir='ltr'>carne,</span> <span class='ocrx_word' id='word_1_661' title='bbox 859 4161 917 4212; x_wconf 91' lang='lat' dir='ltr'>et</span> <span class='ocrx_word' id='word_1_662' title='bbox 948 4174 1063 4213; x_wconf 92' lang='lat' dir='ltr'>non</span> <span class='ocrx_word' id='word_1_663' title='bbox 1094 4160 1155 4212; x_wconf 86' lang='lat' dir='ltr'>in</span> <span class='ocrx_word' id='word_1_664' title='bbox 1174 4159 1409 4214; x_wconf 88' lang='lat' dir='ltr'>novitate</span> <span class='ocrx_word' id='word_1_665' title='bbox 1433 4161 1684 4231; x_wconf 86' lang='lat' dir='ltr'>spiritus,</span> <span class='ocrx_word' id='word_1_666' title='bbox 1739 4160 1840 4215; x_wconf 87' lang='lat' dir='ltr'>sed</span> <span class='ocrx_word' id='word_1_667' title='bbox 1882 4160 1937 4214; x_wconf 88' lang='lat' dir='ltr'>in</span> <span class='ocrx_word' id='word_1_668' title='bbox 2051 4163 2421 4235; x_wconf 86' lang='lat' dir='ltr'>beneplacens,</span> <span class='ocrx_word' id='word_1_669' title='bbox 2454 4168 2503 4220; x_wconf 89' lang='lat' dir='ltr'>et</span> <span class='ocrx_word' id='word_1_670' title='bbox 2549 4166 2808 4235; x_wconf 87' lang='lat' dir='ltr'>perfecta.</span> <span class='ocrx_word' id='word_1_671' title='bbox 2861 4166 3021 4230; x_wconf 87' lang='lat' dir='ltr'>Quod</span> <span class='ocrx_word' id='word_1_672' title='bbox 3075 4166 3234 4236; x_wconf 90' lang='lat' dir='ltr'>dicit,</span> <span class='ocrx_word' id='word_1_673' title='bbox 3285 4166 3695 4238; x_wconf 89' lang='lat' dir='ltr'>hujuscemodi</span> 
     </span>
    </p>
   </div>
   <div class='ocr_carea' id='block_1_86' title="bbox 280 4246 3697 4329">
    <p class='ocr_par' dir='ltr' id='par_1_86' title="bbox 280 4246 3697 4329">
     <span class='ocr_line' id='line_1_86' title="bbox 280 4246 3697 4329; baseline 0.001 -22"><span class='ocrx_word' id='word_1_674' title='bbox 280 4255 544 4307; x_wconf 76' lang='lat' dir='ltr'>vestutate</span> <span class='ocrx_word' id='word_1_675' title='bbox 574 4250 809 4314; x_wconf 74' lang='lat' dir='ltr'>litterae,</span> <span class='ocrx_word' id='word_1_676' title='bbox 841 4246 1197 4303; x_wconf 85' lang='lat' dir='ltr'>faciebamus</span> <span class='ocrx_word' id='word_1_677' title='bbox 1228 4264 1295 4303; x_wconf 87' lang='lat' dir='ltr'>ea</span> <span class='ocrx_word' id='word_1_678' title='bbox 1353 4264 1479 4320; x_wconf 69' lang='lat' dir='ltr'>qua:</span> <span class='ocrx_word' id='word_1_679' title='bbox 1513 4250 1705 4304; x_wconf 88' lang='lat' dir='ltr'>carnis</span> <span class='ocrx_word' id='word_1_680' title='bbox 1754 4253 1939 4314; x_wconf 87' lang='lat' dir='ltr'>erant,</span> <span class='ocrx_word' id='word_1_681' title='bbox 2053 4257 2161 4309; x_wconf 89' lang='lat' dir='ltr'>est.</span> <span class='ocrx_word' id='word_1_682' title='bbox 2196 4252 2473 4309; x_wconf 84' lang='lat' dir='ltr'>Concedit</span> <span class='ocrx_word' id='word_1_683' title='bbox 2502 4253 2740 4324; x_wconf 89' lang='lat' dir='ltr'>quidem</span> <span class='ocrx_word' id='word_1_684' title='bbox 2772 4254 2925 4310; x_wconf 89' lang='lat' dir='ltr'>Deus</span> <span class='ocrx_word' id='word_1_685' title='bbox 2957 4254 3215 4327; x_wconf 89' lang='lat' dir='ltr'>nuptias,</span> <span class='ocrx_word' id='word_1_686' title='bbox 3238 4254 3504 4312; x_wconf 89' lang='lat' dir='ltr'>concedit</span> <span class='ocrx_word' id='word_1_687' title='bbox 3532 4254 3697 4329; x_wconf 82' lang='lat' dir='ltr'>diga-</span> 
     </span>
    </p>
   </div>
   <div class='ocr_carea' id='block_1_87' title="bbox 278 4329 3701 4438">
    <p class='ocr_par' dir='ltr' id='par_1_87' title="bbox 278 4329 3701 4438">
     <span class='ocr_line' id='line_1_87' title="bbox 278 4329 3701 4438; baseline 0.001 -41"><span class='ocrx_word' id='word_1_688' title='bbox 278 4344 343 4398; x_wconf 87' lang='lat' dir='ltr'>et</span> <span class='ocrx_word' id='word_1_689' title='bbox 373 4337 890 4395; x_wconf 80' lang='lat' dir='ltr'>fructiﬁcahamus</span> <span class='ocrx_word' id='word_1_690' title='bbox 922 4329 1117 4391; x_wconf 87' lang='lat' dir='ltr'>morti.</span> <span class='ocrx_word' id='word_1_691' title='bbox 1151 4337 1315 4392; x_wconf 92' lang='lat' dir='ltr'>Nunc</span> <span class='ocrx_word' id='word_1_692' title='bbox 1338 4342 1531 4393; x_wconf 90' lang='lat' dir='ltr'>autem</span> <span class='ocrx_word' id='word_1_693' title='bbox 1567 4337 1705 4409; x_wconf 87' lang='lat' dir='ltr'>quia</span> <span class='ocrx_word' id='word_1_694' title='bbox 1728 4338 1942 4393; x_wconf 82' lang='lat' dir='ltr'>mortui</span> <span class='ocrx_word' id='word_1_695' title='bbox 1977 4374 2022 4438; x_wconf 69' lang='grc' dir='ltr'><strong>Β</strong></span> <span class='ocrx_word' id='word_1_696' title='bbox 2054 4342 2257 4411; x_wconf 90' lang='lat' dir='ltr'>miam,</span> <span class='ocrx_word' id='word_1_697' title='bbox 2290 4347 2364 4410; x_wconf 91' lang='lat' dir='ltr'>et,</span> <span class='ocrx_word' id='word_1_698' title='bbox 2397 4342 2444 4399; x_wconf 90' lang='lat' dir='ltr'>si</span> <span class='ocrx_word' id='word_1_699' title='bbox 2478 4359 2713 4399; x_wconf 86' lang='lat' dir='ltr'>necesse</span> <span class='ocrx_word' id='word_1_700' title='bbox 2745 4344 2938 4410; x_wconf 89' lang='lat' dir='ltr'>fuerit,</span> <span class='ocrx_word' id='word_1_701' title='bbox 2999 4344 3373 4401; x_wconf 77' lang='lat' dir='ltr'>fornicationi</span> <span class='ocrx_word' id='word_1_702' title='bbox 3431 4344 3584 4401; x_wconf 70' lang='lat'>298</span> <span class='ocrx_word' id='word_1_703' title='bbox 3643 4348 3701 4401; x_wconf 90' lang='lat' dir='ltr'>et</span> 
     </span>
    </p>
   </div>
   <div class='ocr_carea' id='block_1_88' title="bbox 272 4425 3702 4507">
    <p class='ocr_par' dir='ltr' id='par_1_88' title="bbox 272 4425 3702 4507">
     <span class='ocr_line' id='line_1_88' title="bbox 272 4425 3702 4507; baseline 0 -19"><span class='ocrx_word' id='word_1_704' title='bbox 272 4444 494 4488; x_wconf 77' lang='lat' dir='ltr'>sumus</span> <span class='ocrx_word' id='word_1_705' title='bbox 526 4426 669 4500; x_wconf 84' lang='lat' dir='ltr'>legi,</span> <span class='ocrx_word' id='word_1_706' title='bbox 708 4442 811 4497; x_wconf 89' lang='lat' dir='ltr'>per</span> <span class='ocrx_word' id='word_1_707' title='bbox 840 4441 1051 4496; x_wconf 90' lang='lat' dir='ltr'>corpus</span> <span class='ocrx_word' id='word_1_708' title='bbox 1081 4425 1317 4494; x_wconf 88' lang='lat' dir='ltr'>Christi,</span> <span class='ocrx_word' id='word_1_709' title='bbox 1351 4426 1773 4482; x_wconf 80' lang='lat' dir='ltr'>fructificemus</span> <span class='ocrx_word' id='word_1_710' title='bbox 1803 4427 1941 4493; x_wconf 88' lang='lat' dir='ltr'>Deo,</span> <span class='ocrx_word' id='word_1_711' title='bbox 1977 4425 2018 4438; x_wconf 68' lang='lat'><strong><em>&quot;</em></strong></span> <span class='ocrx_word' id='word_1_712' title='bbox 2054 4430 2341 4487; x_wconf 88' lang='lat' dir='ltr'>adulterio</span> <span class='ocrx_word' id='word_1_713' title='bbox 2381 4431 2610 4504; x_wconf 68' lang='lat' dir='ltr'>praefert</span> <span class='ocrx_word' id='word_1_714' title='bbox 2657 4432 2833 4488; x_wconf 86' lang='lat' dir='ltr'>etiam</span> <span class='ocrx_word' id='word_1_715' title='bbox 2879 4434 3235 4505; x_wconf 86' lang='lat' dir='ltr'>trigamiam.</span> <span class='ocrx_word' id='word_1_716' title='bbox 3286 4434 3396 4490; x_wconf 90' lang='lat' dir='ltr'>Sed</span> <span class='ocrx_word' id='word_1_717' title='bbox 3445 4450 3553 4491; x_wconf 91' lang='lat' dir='ltr'>nos</span> <span class='ocrx_word' id='word_1_718' title='bbox 3601 4433 3702 4507; x_wconf 90' lang='lat' dir='ltr'>qui</span> 
     </span>
    </p>
   </div>
   <div class='ocr_carea' id='block_1_89' title="bbox 274 4514 3706 4591">
    <p class='ocr_par' dir='ltr' id='par_1_89' title="bbox 274 4514 3706 4591">
     <span class='ocr_line' id='line_1_89' title="bbox 274 4514 3706 4591; baseline 0.001 -15"><span class='ocrx_word' id='word_1_719' title='bbox 274 4522 348 4576; x_wconf 85' lang='lat' dir='ltr'>ut</span> <span class='ocrx_word' id='word_1_720' title='bbox 378 4520 576 4575; x_wconf 88' lang='lat' dir='ltr'>simus</span> <span class='ocrx_word' id='word_1_721' title='bbox 609 4516 744 4587; x_wconf 86' lang='lat' dir='ltr'>ejus</span> <span class='ocrx_word' id='word_1_722' title='bbox 776 4514 880 4585; x_wconf 88' lang='lat' dir='ltr'>qui</span> <span class='ocrx_word' id='word_1_723' title='bbox 911 4531 979 4569; x_wconf 80' lang='lat' dir='ltr'>ex</span> <span class='ocrx_word' id='word_1_724' title='bbox 1023 4515 1271 4570; x_wconf 84' lang='lat' dir='ltr'>mortuis</span> <span class='ocrx_word' id='word_1_725' title='bbox 1323 4515 1658 4572; x_wconf 85' lang='lat' dir='ltr'>resurrexit.</span> <span class='ocrx_word' id='word_1_726' title='bbox 1710 4516 1942 4572; x_wconf 88' lang='lat' dir='ltr'>Necnon</span> <span class='ocrx_word' id='word_1_727' title='bbox 2052 4536 2295 4591; x_wconf 84' lang='lat' dir='ltr'>corpora</span> <span class='ocrx_word' id='word_1_728' title='bbox 2325 4525 2527 4576; x_wconf 88' lang='lat' dir='ltr'>nostra</span> <span class='ocrx_word' id='word_1_729' title='bbox 2555 4520 2825 4578; x_wconf 83' lang='lat' dir='ltr'>exhibere</span> <span class='ocrx_word' id='word_1_730' title='bbox 2856 4523 3137 4580; x_wconf 89' lang='lat' dir='ltr'>debemus</span> <span class='ocrx_word' id='word_1_731' title='bbox 3190 4524 3445 4580; x_wconf 87' lang='lat' dir='ltr'>hostiam</span> <span class='ocrx_word' id='word_1_732' title='bbox 3488 4523 3706 4591; x_wconf 88' lang='lat' dir='ltr'>vivam,</span> 
     </span>
    </p>
   </div>
   <div class='ocr_carea' id='block_1_90' title="bbox 273 4603 3705 4682">
    <p class='ocr_par' dir='ltr' id='par_1_90' title="bbox 273 4603 3705 4682">
     <span class='ocr_line' id='line_1_90' title="bbox 273 4603 3705 4682; baseline 0.001 -19"><span class='ocrx_word' id='word_1_733' title='bbox 273 4611 339 4663; x_wconf 87' lang='lat' dir='ltr'>et</span> <span class='ocrx_word' id='word_1_734' title='bbox 372 4608 433 4662; x_wconf 88' lang='lat' dir='ltr'>in</span> <span class='ocrx_word' id='word_1_735' title='bbox 456 4606 576 4661; x_wconf 85' lang='lat' dir='ltr'>alio</span> <span class='ocrx_word' id='word_1_736' title='bbox 606 4603 740 4660; x_wconf 89' lang='lat' dir='ltr'>loco</span> <span class='ocrx_word' id='word_1_737' title='bbox 774 4619 908 4657; x_wconf 91' lang='lat' dir='ltr'>cum</span> <span class='ocrx_word' id='word_1_738' title='bbox 942 4603 1322 4675; x_wconf 64' lang='lat' dir='ltr'>praedixisset,</span> <span class='ocrx_word' id='word_1_739' title='bbox 1356 4604 1475 4659; x_wconf 86' lang='lat' dir='ltr'>Scio</span> <span class='ocrx_word' id='word_1_740' title='bbox 1527 4606 1655 4676; x_wconf 87' lang='lat' dir='ltr'>quia</span> <span class='ocrx_word' id='word_1_741' title='bbox 1713 4606 1805 4659; x_wconf 77' lang='lat' dir='ltr'>lca:</span> <span class='ocrx_word' id='word_1_742' title='bbox 1833 4607 1945 4677; x_wconf 89' lang='lat' dir='ltr'>spi-</span> <span class='ocrx_word' id='word_1_743' title='bbox 2054 4611 2342 4675; x_wconf 89' lang='lat' dir='ltr'>sanctam,</span> <span class='ocrx_word' id='word_1_744' title='bbox 2390 4608 2713 4680; x_wconf 88' lang='lat' dir='ltr'>placentem</span> <span class='ocrx_word' id='word_1_745' title='bbox 2764 4612 2900 4677; x_wconf 90' lang='lat' dir='ltr'>Deo,</span> <span class='ocrx_word' id='word_1_746' title='bbox 2952 4611 3297 4668; x_wconf 87' lang='lat' dir='ltr'>rationabile</span> <span class='ocrx_word' id='word_1_747' title='bbox 3350 4610 3705 4682; x_wconf 77' lang='lat' dir='ltr'>obsequium.</span> 
     </span>
    </p>
   </div>
   <div class='ocr_carea' id='block_1_91' title="bbox 280 4691 3708 4771">
    <p class='ocr_par' dir='ltr' id='par_1_91' title="bbox 280 4691 3708 4771">
     <span class='ocr_line' id='line_1_91' title="bbox 280 4691 3708 4771; baseline 0.001 -22"><span class='ocrx_word' id='word_1_748' title='bbox 280 4696 517 4751; x_wconf 77' lang='lat' dir='ltr'>ritualis</span> <span class='ocrx_word' id='word_1_749' title='bbox 545 4700 628 4750; x_wconf 86' lang='lat' dir='ltr'>est</span> <span class='ocrx_word' id='word_1_750' title='bbox 653 4691 817 4763; x_wconf 83' lang='lat' dir='ltr'>(Ibid.</span> <span class='ocrx_word' id='word_1_751' title='bbox 868 4692 953 4763; x_wconf 79' lang='grc'>14)</span> <span class='ocrx_word' id='word_1_752' title='bbox 989 4710 1001 4747; x_wconf 93' lang='lat'>:</span> <span class='ocrx_word' id='word_1_753' title='bbox 1037 4696 1095 4746; x_wconf 87' lang='lat' dir='ltr'>et</span> <span class='ocrx_word' id='word_1_754' title='bbox 1142 4708 1277 4746; x_wconf 91' lang='lat' dir='ltr'>cum</span> <span class='ocrx_word' id='word_1_755' title='bbox 1316 4694 1387 4747; x_wconf 88' lang='lat' dir='ltr'>de</span> <span class='ocrx_word' id='word_1_756' title='bbox 1434 4691 1708 4749; x_wconf 88' lang='lat' dir='ltr'>violentia</span> <span class='ocrx_word' id='word_1_757' title='bbox 1754 4694 1947 4750; x_wconf 89' lang='lat' dir='ltr'>carnis</span> <span class='ocrx_word' id='word_1_758' title='bbox 2058 4700 2349 4765; x_wconf 88' lang='lat' dir='ltr'>nostrum,</span> <span class='ocrx_word' id='word_1_759' title='bbox 2381 4715 2495 4753; x_wconf 88' lang='lat' dir='ltr'>non</span> <span class='ocrx_word' id='word_1_760' title='bbox 2528 4698 2668 4770; x_wconf 92' lang='lat' dir='ltr'>quid</span> <span class='ocrx_word' id='word_1_761' title='bbox 2702 4701 2982 4756; x_wconf 87' lang='lat' dir='ltr'>concedat</span> <span class='ocrx_word' id='word_1_762' title='bbox 3032 4702 3204 4767; x_wconf 88' lang='lat' dir='ltr'>Deus,</span> <span class='ocrx_word' id='word_1_763' title='bbox 3237 4701 3338 4757; x_wconf 89' lang='lat' dir='ltr'>sed</span> <span class='ocrx_word' id='word_1_764' title='bbox 3373 4699 3515 4771; x_wconf 92' lang='lat' dir='ltr'>quid</span> <span class='ocrx_word' id='word_1_765' title='bbox 3545 4698 3708 4765; x_wconf 88' lang='lat' dir='ltr'>velit,</span> 
     </span>
    </p>
   </div>
   <div class='ocr_carea' id='block_1_92' title="bbox 279 4778 3708 4859">
    <p class='ocr_par' dir='ltr' id='par_1_92' title="bbox 279 4778 3708 4859">
     <span class='ocr_line' id='line_1_92' title="bbox 279 4778 3708 4859; baseline 0.001 -20"><span class='ocrx_word' id='word_1_766' title='bbox 279 4784 453 4859; x_wconf 84' lang='lat' dir='ltr'>quod</span> <span class='ocrx_word' id='word_1_767' title='bbox 483 4783 693 4840; x_wconf 88' lang='lat' dir='ltr'>crebro</span> <span class='ocrx_word' id='word_1_768' title='bbox 728 4796 840 4837; x_wconf 90' lang='lat' dir='ltr'>nos</span> <span class='ocrx_word' id='word_1_769' title='bbox 868 4778 1133 4853; x_wconf 89' lang='lat' dir='ltr'>impellat</span> <span class='ocrx_word' id='word_1_770' title='bbox 1160 4780 1347 4837; x_wconf 81' lang='lat' dir='ltr'>facere</span> <span class='ocrx_word' id='word_1_771' title='bbox 1378 4782 1532 4854; x_wconf 93' lang='lat' dir='ltr'>quod</span> <span class='ocrx_word' id='word_1_772' title='bbox 1563 4782 1840 4851; x_wconf 90' lang='lat' dir='ltr'>nolimus,</span> <span class='ocrx_word' id='word_1_773' title='bbox 1874 4782 1951 4839; x_wconf 89' lang='lat' dir='ltr'>la-</span> <span class='ocrx_word' id='word_1_774' title='bbox 2060 4784 2497 4842; x_wconf 88' lang='lat' dir='ltr'>consideremus</span> <span class='ocrx_word' id='word_1_775' title='bbox 2531 4803 2543 4841; x_wconf 90' lang='lat'>:</span> <span class='ocrx_word' id='word_1_776' title='bbox 2571 4790 2637 4842; x_wconf 91' lang='lat' dir='ltr'>ut</span> <span class='ocrx_word' id='word_1_777' title='bbox 2667 4788 2982 4858; x_wconf 89' lang='lat' dir='ltr'>probemus</span> <span class='ocrx_word' id='word_1_778' title='bbox 3014 4804 3140 4859; x_wconf 63' lang='lat' dir='ltr'>qua;</span> <span class='ocrx_word' id='word_1_779' title='bbox 3188 4788 3265 4843; x_wconf 89' lang='lat' dir='ltr'>sit</span> <span class='ocrx_word' id='word_1_780' title='bbox 3291 4786 3566 4844; x_wconf 87' lang='lat' dir='ltr'>voluntas</span> <span class='ocrx_word' id='word_1_781' title='bbox 3603 4785 3708 4843; x_wconf 89' lang='lat' dir='ltr'>Dei</span> 
     </span>
    </p>
   </div>
   <div class='ocr_carea' id='block_1_93' title="bbox 2040 3632 3682 3706">
    <p class='ocr_par' dir='ltr' id='par_1_93' title="bbox 2040 3632 3682 3706">
     <span class='ocr_line' id='line_1_93' title="bbox 2040 3632 3682 3706; baseline 0.003 -20"><span class='ocrx_word' id='word_1_782' title='bbox 2040 3635 2245 3703; x_wconf 86' lang='lat' dir='ltr'>Oportet</span> <span class='ocrx_word' id='word_1_783' title='bbox 2274 3647 2483 3701; x_wconf 87' lang='lat' dir='ltr'>sapere,</span> <span class='ocrx_word' id='word_1_784' title='bbox 2505 3632 2597 3685; x_wconf 82' lang='lat' dir='ltr'>sed</span> <span class='ocrx_word' id='word_1_785' title='bbox 2627 3648 2820 3701; x_wconf 84' lang='lat' dir='ltr'>sapere</span> <span class='ocrx_word' id='word_1_786' title='bbox 2848 3633 2918 3687; x_wconf 86' lang='lat' dir='ltr'>ad</span> <span class='ocrx_word' id='word_1_787' title='bbox 2963 3632 3291 3703; x_wconf 82' lang='lat' dir='ltr'>pudicitiam</span> <span class='ocrx_word' id='word_1_788' title='bbox 3334 3633 3471 3706; x_wconf 89' lang='lat' dir='ltr'>(non</span> <span class='ocrx_word' id='word_1_789' title='bbox 3499 3634 3571 3689; x_wconf 86' lang='lat' dir='ltr'>ad</span> <span class='ocrx_word' id='word_1_790' title='bbox 3596 3650 3682 3691; x_wconf 88' lang='lat' dir='ltr'>so-</span> 
     </span>
    </p>
   </div>
   <div class='ocr_carea' id='block_1_94' title="bbox 2043 3719 3689 3796">
    <p class='ocr_par' dir='ltr' id='par_1_94' title="bbox 2043 3719 3689 3796">
     <span class='ocr_line' id='line_1_94' title="bbox 2043 3719 3689 3796; baseline 0.004 -22"><span class='ocrx_word' id='word_1_791' title='bbox 2043 3721 2336 3775; x_wconf 88' lang='lat' dir='ltr'>brietatem</span> <span class='ocrx_word' id='word_1_792' title='bbox 2356 3722 2417 3773; x_wconf 89' lang='lat' dir='ltr'>ot</span> <span class='ocrx_word' id='word_1_793' title='bbox 2430 3719 2580 3773; x_wconf 89' lang='lat' dir='ltr'>male</span> <span class='ocrx_word' id='word_1_794' title='bbox 2600 3719 2657 3773; x_wconf 91' lang='lat' dir='ltr'>in</span> <span class='ocrx_word' id='word_1_795' title='bbox 2674 3720 2897 3775; x_wconf 89' lang='lat' dir='ltr'>Latinis</span> <span class='ocrx_word' id='word_1_796' title='bbox 2910 3720 3587 3796; x_wconf 84' lang='lat' dir='ltr'>codicibuslegitur),sed</span> <span class='ocrx_word' id='word_1_797' title='bbox 3600 3740 3689 3780; x_wconf 89' lang='lat' dir='ltr'>sa-</span> 
     </span>
    </p>
   </div>
   <div class='ocr_carea' id='block_1_95' title="bbox 2038 3808 3688 3885">
    <p class='ocr_par' dir='ltr' id='par_1_95' title="bbox 2038 3808 3688 3885">
     <span class='ocr_line' id='line_1_95' title="bbox 2038 3808 3688 3885; baseline 0.005 -24"><span class='ocrx_word' id='word_1_798' title='bbox 2038 3823 2187 3879; x_wconf 88' lang='lat' dir='ltr'>pere,</span> <span class='ocrx_word' id='word_1_799' title='bbox 2226 3808 2441 3879; x_wconf 87' lang='lat' dir='ltr'>inquit,</span> <span class='ocrx_word' id='word_1_800' title='bbox 2474 3809 2546 3863; x_wconf 85' lang='lat' dir='ltr'>ad</span> <span class='ocrx_word' id='word_1_801' title='bbox 2570 3809 2897 3880; x_wconf 88' lang='lat' dir='ltr'>pudicitiam</span> <span class='ocrx_word' id='word_1_802' title='bbox 2920 3813 3094 3880; x_wconf 91' lang='lat' dir='ltr'>(Rom.</span> <span class='ocrx_word' id='word_1_803' title='bbox 3114 3829 3215 3879; x_wconf 83' lang='lat' dir='ltr'>xn,</span> <span class='ocrx_word' id='word_1_804' title='bbox 3240 3811 3688 3885; x_wconf 78' lang='lat' dir='ltr'>l-3),8iquidem</span> 
     </span>
    </p>
   </div>
   <div class='ocr_carea' id='block_1_96' title="bbox 2046 3896 3691 3976">
    <p class='ocr_par' dir='ltr' id='par_1_96' title="bbox 2046 3896 3691 3976">
     <span class='ocr_line' id='line_1_96' title="bbox 2046 3896 3691 3976; baseline 0.004 -24"><span class='ocrx_word' id='word_1_805' title='bbox 2046 3897 2238 3952; x_wconf 67' lang='lat' dir='ltr'>Graece</span> <span class='ocrx_word' id='word_1_806' title='bbox 2268 3896 2553 3968; x_wconf 87' lang='lat' dir='ltr'>scriptum</span> <span class='ocrx_word' id='word_1_807' title='bbox 2578 3898 2778 3964; x_wconf 70' lang='lat' dir='ltr'>est,eic</span> <span class='ocrx_word' id='word_1_808' title='bbox 2808 3899 2870 3951; x_wconf 88' lang='grc' dir='ltr'>τὸ</span> <span class='ocrx_word' id='word_1_809' title='bbox 2902 3905 3217 3976; x_wconf 70' lang='grc' dir='ltr'>σωφρονεῖν.</span> <span class='ocrx_word' id='word_1_810' title='bbox 3241 3902 3691 3959; x_wconf 85' lang='lat' dir='ltr'>Consideremus</span> 
     </span>
    </p>
   </div>
   <div class='ocr_carea' id='block_1_97' title="bbox 2046 3984 3692 4061">
    <p class='ocr_par' dir='ltr' id='par_1_97' title="bbox 2046 3984 3692 4061">
     <span class='ocr_line' id='line_1_97' title="bbox 2046 3984 3692 4061; baseline 0.002 -18"><span class='ocrx_word' id='word_1_811' title='bbox 2046 3985 2338 4043; x_wconf 88' lang='lat' dir='ltr'>sententia</span> <span class='ocrx_word' id='word_1_812' title='bbox 2367 3984 2628 4057; x_wconf 84' lang='lat' dir='ltr'>Apostoli</span> <span class='ocrx_word' id='word_1_813' title='bbox 2658 4004 2679 4048; x_wconf 86' lang='lat'><em>;</em></span> <span class='ocrx_word' id='word_1_814' title='bbox 2713 3989 3429 4061; x_wconf 86' lang='lat' dir='ltr'>Reformamini,inquit,in</span> <span class='ocrx_word' id='word_1_815' title='bbox 3453 3993 3692 4048; x_wconf 73' lang='lat' dir='ltr'>novitate</span> 
     </span>
    </p>
   </div>
   <div class='ocr_carea' id='block_1_98' title="bbox 2046 4075 3695 4148">
    <p class='ocr_par' dir='ltr' id='par_1_98' title="bbox 2046 4075 3695 4148">
     <span class='ocr_line' id='line_1_98' title="bbox 2046 4075 3695 4148; baseline 0.004 -19"><span class='ocrx_word' id='word_1_816' title='bbox 2046 4090 2225 4130; x_wconf 82' lang='lat' dir='ltr'>sensus</span> <span class='ocrx_word' id='word_1_817' title='bbox 2252 4075 2435 4142; x_wconf 84' lang='lat' dir='ltr'>vestri,</span> <span class='ocrx_word' id='word_1_818' title='bbox 2472 4077 2530 4128; x_wconf 90' lang='lat' dir='ltr'>ut</span> <span class='ocrx_word' id='word_1_819' title='bbox 2556 4076 2795 4145; x_wconf 83' lang='lat' dir='ltr'>probetis</span> <span class='ocrx_word' id='word_1_820' title='bbox 2823 4093 2944 4148; x_wconf 76' lang='lat' dir='ltr'>qua:</span> <span class='ocrx_word' id='word_1_821' title='bbox 2971 4079 3045 4133; x_wconf 89' lang='lat' dir='ltr'>sit</span> <span class='ocrx_word' id='word_1_822' title='bbox 3074 4078 3320 4134; x_wconf 88' lang='lat' dir='ltr'>voluntas</span> <span class='ocrx_word' id='word_1_823' title='bbox 3348 4079 3450 4133; x_wconf 87' lang='lat' dir='ltr'>Dei</span> <span class='ocrx_word' id='word_1_824' title='bbox 3478 4079 3695 4135; x_wconf 88' lang='lat' dir='ltr'>bona.et</span> 
     </span>
    </p>
   </div>
   <div class='ocr_carea' id='block_1_99' title="bbox 365 5029 1953 5103">
    <p class='ocr_par' dir='ltr' id='par_1_99' title="bbox 365 5029 1953 5103">
     <span class='ocr_line' id='line_1_99' title="bbox 365 5029 1953 5103; baseline 0 -16"><span class='ocrx_word' id='word_1_825' title='bbox 365 5036 383 5069; x_wconf 79' lang='grc'>³</span> <span class='ocrx_word' id='word_1_826' title='bbox 422 5035 612 5103; x_wconf 77' lang='lat' dir='ltr'>Vetus</span> <span class='ocrx_word' id='word_1_827' title='bbox 642 5029 823 5087; x_wconf 89' lang='lat' dir='ltr'>editio</span> <span class='ocrx_word' id='word_1_828' title='bbox 848 5033 1298 5087; x_wconf 83' lang='lat' dir='ltr'>resurrectionem</span> <span class='ocrx_word' id='word_1_829' title='bbox 1344 5047 1448 5103; x_wconf 91' lang='lat' dir='ltr'>pro</span> <span class='ocrx_word' id='word_1_830' title='bbox 1496 5032 1703 5102; x_wconf 84' lang='lat' dir='ltr'>inferos</span> <span class='ocrx_word' id='word_1_831' title='bbox 1760 5031 1953 5087; x_wconf 88' lang='lat' dir='ltr'>habet.</span> 
     </span>
    </p>
   </div>
   <div class='ocr_carea' id='block_1_100' title="bbox 364 5102 1626 5175">
    <p class='ocr_par' dir='ltr' id='par_1_100' title="bbox 364 5102 1626 5175">
     <span class='ocr_line' id='line_1_100' title="bbox 364 5102 1626 5175; baseline -0.002 -16"><span class='ocrx_word' id='word_1_832' title='bbox 364 5107 390 5140; x_wconf 85' lang='grc'>²</span> <span class='ocrx_word' id='word_1_833' title='bbox 420 5102 684 5159; x_wconf 83' lang='lat' dir='ltr'>Voculae</span> <span class='ocrx_word' id='word_1_834' title='bbox 719 5105 780 5158; x_wconf 88' lang='lat' dir='ltr'>in</span> <span class='ocrx_word' id='word_1_835' title='bbox 807 5103 924 5175; x_wconf 79' lang='lat' dir='ltr'>illis</span> <span class='ocrx_word' id='word_1_836' title='bbox 955 5119 1100 5157; x_wconf 89' lang='lat' dir='ltr'>mss.</span> <span class='ocrx_word' id='word_1_837' title='bbox 1138 5118 1251 5159; x_wconf 90' lang='lat' dir='ltr'>non</span> <span class='ocrx_word' id='word_1_838' title='bbox 1280 5106 1626 5175; x_wconf 87' lang='lat' dir='ltr'>agnoscunt.</span> 
     </span>
    </p>
   </div>
   <div class='ocr_carea' id='block_1_101' title="bbox 368 5173 1963 5246">
    <p class='ocr_par' dir='ltr' id='par_1_101' title="bbox 368 5173 1963 5246">
     <span class='ocr_line' id='line_1_101' title="bbox 368 5173 1963 5246; baseline -0.001 -15"><span class='ocrx_word' id='word_1_839' title='bbox 368 5177 393 5210; x_wconf 81' lang='grc'>³</span> <span class='ocrx_word' id='word_1_840' title='bbox 457 5175 597 5231; x_wconf 78' lang='lat' dir='ltr'>Mss.</span> <span class='ocrx_word' id='word_1_841' title='bbox 663 5173 874 5240; x_wconf 86' lang='lat' dir='ltr'>nostri,</span> <span class='ocrx_word' id='word_1_842' title='bbox 934 5176 1223 5229; x_wconf 88' lang='lat' dir='ltr'>Passioncs</span> <span class='ocrx_word' id='word_1_843' title='bbox 1270 5173 1634 5246; x_wconf 86' lang='lat' dir='ltr'>peccatorum,</span> <span class='ocrx_word' id='word_1_844' title='bbox 1694 5191 1813 5246; x_wconf 74' lang='lat' dir='ltr'>qua:</span> <span class='ocrx_word' id='word_1_845' title='bbox 1865 5192 1963 5246; x_wconf 87' lang='lat' dir='ltr'>per</span> 
     </span>
    </p>
   </div>
   <div class='ocr_carea' id='block_1_102' title="bbox 282 5245 1962 5319">
    <p class='ocr_par' dir='ltr' id='par_1_102' title="bbox 282 5245 1962 5319">
     <span class='ocr_line' id='line_1_102' title="bbox 282 5245 1962 5319; baseline -0.004 -14"><span class='ocrx_word' id='word_1_846' title='bbox 282 5251 479 5319; x_wconf 78' lang='lat' dir='ltr'>legem</span> <span class='ocrx_word' id='word_1_847' title='bbox 506 5246 888 5318; x_wconf 84' lang='lat' dir='ltr'>Operabantur</span> <span class='ocrx_word' id='word_1_848' title='bbox 919 5247 978 5300; x_wconf 85' lang='lat' dir='ltr'>in</span> <span class='ocrx_word' id='word_1_849' title='bbox 1007 5245 1286 5311; x_wconf 83' lang='lat' dir='ltr'>membris,</span> <span class='ocrx_word' id='word_1_850' title='bbox 1312 5245 1791 5319; x_wconf 26' lang='lat' dir='ltr'>etcscumveteri</span> <span class='ocrx_word' id='word_1_851' title='bbox 1841 5245 1962 5301; x_wconf 79' lang='lat' dir='ltr'>edi-</span> 
     </span>
    </p>
   </div>
   <div class='ocr_carea' id='block_1_103' title="bbox 288 5316 1961 5389">
    <p class='ocr_par' dir='ltr' id='par_1_103' title="bbox 288 5316 1961 5389">
     <span class='ocr_line' id='line_1_103' title="bbox 288 5316 1961 5389; baseline -0.003 -14"><span class='ocrx_word' id='word_1_852' title='bbox 288 5316 467 5376; x_wconf 71' lang='lat' dir='ltr'>tione</span> <span class='ocrx_word' id='word_1_853' title='bbox 495 5316 554 5373; x_wconf 79' lang='lat' dir='ltr'>et</span> <span class='ocrx_word' id='word_1_854' title='bbox 574 5319 751 5389; x_wconf 79' lang='lat' dir='ltr'>juxta</span> <span class='ocrx_word' id='word_1_855' title='bbox 796 5320 1058 5389; x_wconf 67' lang='lat' dir='ltr'>Graecum</span> <span class='ocrx_word' id='word_1_856' title='bbox 1080 5321 1335 5389; x_wconf 26' lang='lat' dir='ltr'>Ataxtuxn</span> <span class='ocrx_word' id='word_1_857' title='bbox 1392 5316 1458 5368; x_wconf 71' lang='grc' dir='ltr'>τὰ</span> <span class='ocrx_word' id='word_1_858' title='bbox 1513 5318 1809 5389; x_wconf 75' lang='grc' dir='ltr'>παθήματα</span> <span class='ocrx_word' id='word_1_859' title='bbox 1854 5322 1961 5370; x_wconf 78' lang='grc' dir='ltr'>τῶν</span> 
     </span>
    </p>
   </div>
   <div class='ocr_carea' id='block_1_104' title="bbox 290 5387 1964 5465">
    <p class='ocr_par' dir='ltr' id='par_1_104' title="bbox 290 5387 1964 5465">
     <span class='ocr_line' id='line_1_104' title="bbox 290 5387 1964 5465; baseline 0.001 -20"><span class='ocrx_word' id='word_1_860' title='bbox 290 5387 623 5462; x_wconf 51' lang='lat' dir='ltr'>inagna»,</span> <span class='ocrx_word' id='word_1_861' title='bbox 659 5389 807 5461; x_wconf 89' lang='lat' dir='ltr'>quin</span> <span class='ocrx_word' id='word_1_862' title='bbox 837 5388 1014 5446; x_wconf 89' lang='lat' dir='ltr'>etiam</span> <span class='ocrx_word' id='word_1_863' title='bbox 1045 5387 1364 5462; x_wconf 86' lang='lat' dir='ltr'>Vulgatum</span> <span class='ocrx_word' id='word_1_864' title='bbox 1404 5404 1635 5461; x_wconf 89' lang='lat' dir='ltr'>quoque</span> <span class='ocrx_word' id='word_1_865' title='bbox 1672 5387 1964 5465; x_wconf 82' lang='lat' dir='ltr'>interpre-</span> 
     </span>
    </p>
   </div>
   <div class='ocr_carea' id='block_1_105' title="bbox 2137 5033 3719 5111">
    <p class='ocr_par' dir='ltr' id='par_1_105' title="bbox 2137 5033 3719 5111">
     <span class='ocr_line' id='line_1_105' title="bbox 2137 5033 3719 5111; baseline 0.005 -23"><span class='ocrx_word' id='word_1_866' title='bbox 2137 5033 2269 5111; x_wconf 60' lang='lat' dir='ltr'>fE_x</span> <span class='ocrx_word' id='word_1_867' title='bbox 2301 5033 2677 5111; x_wconf 72' lang='lat' dir='ltr'>Casapatensi</span> <span class='ocrx_word' id='word_1_868' title='bbox 2710 5037 2768 5111; x_wconf 78' lang='lat' dir='ltr'>et</span> <span class='ocrx_word' id='word_1_869' title='bbox 2815 5036 2991 5111; x_wconf 76' lang='lat' dir='ltr'>veteri</span> <span class='ocrx_word' id='word_1_870' title='bbox 3041 5035 3298 5111; x_wconf 71' lang='lat' dir='ltr'>editione</span> <span class='ocrx_word' id='word_1_871' title='bbox 3342 5036 3454 5111; x_wconf 90' lang='lat' dir='ltr'>legi</span> <span class='ocrx_word' id='word_1_872' title='bbox 3507 5037 3719 5098; x_wconf 86' lang='lat' dir='ltr'>malim</span> 
     </span>
    </p>
   </div>
   <div class='ocr_carea' id='block_1_106' title="bbox 2069 5104 3727 5233">
    <p class='ocr_par' dir='ltr' id='par_1_106' title="bbox 2069 5104 3727 5233">
     <span class='ocr_line' id='line_1_106' title="bbox 2070 5104 3727 5182; baseline 0.006 -23"><span class='ocrx_word' id='word_1_873' title='bbox 2070 5107 2298 5161; x_wconf 83' lang='lat' dir='ltr'>inimica</span> <span class='ocrx_word' id='word_1_874' title='bbox 2327 5113 2403 5161; x_wconf 88' lang='lat' dir='ltr'>est</span> <span class='ocrx_word' id='word_1_875' title='bbox 2426 5107 2555 5174; x_wconf 90' lang='lat' dir='ltr'>Deo,</span> <span class='ocrx_word' id='word_1_876' title='bbox 2595 5104 2682 5159; x_wconf 89' lang='lat' dir='ltr'>vel</span> <span class='ocrx_word' id='word_1_877' title='bbox 2734 5106 2795 5160; x_wconf 88' lang='lat' dir='ltr'>in</span> <span class='ocrx_word' id='word_1_878' title='bbox 2852 5106 3038 5161; x_wconf 86' lang='lat' dir='ltr'>Deum.</span> <span class='ocrx_word' id='word_1_879' title='bbox 3100 5107 3295 5165; x_wconf 83' lang='lat' dir='ltr'>Graece</span> <span class='ocrx_word' id='word_1_880' title='bbox 3340 5104 3575 5182; x_wconf 66' lang='lat' dir='ltr'>quoque</span> <span class='ocrx_word' id='word_1_881' title='bbox 3624 5117 3727 5171; x_wconf 85' lang='lat' dir='ltr'>est</span> 
     </span>
     <span class='ocr_line' id='line_1_107' title="bbox 2069 5174 2852 5233; baseline 0.003 -4"><span class='ocrx_word' id='word_1_882' title='bbox 2069 5176 2258 5233; x_wconf 73' lang='grc' dir='ltr'>ὲίθρά.</span> <span class='ocrx_word' id='word_1_883' title='bbox 2300 5176 2379 5231; x_wconf 88' lang='lat' dir='ltr'>[ta</span> <span class='ocrx_word' id='word_1_884' title='bbox 2405 5182 2461 5232; x_wconf 89' lang='lat' dir='ltr'>et</span> <span class='ocrx_word' id='word_1_885' title='bbox 2489 5174 2670 5233; x_wconf 83' lang='lat' dir='ltr'>naulo</span> <span class='ocrx_word' id='word_1_886' title='bbox 2703 5181 2852 5233; x_wconf 81' lang='lat' dir='ltr'>post.</span> 
     </span>
    </p>
   </div>
   <div class='ocr_carea' id='block_1_107' title="bbox 2072 5194 3738 5323">
    <p class='ocr_par' dir='ltr' id='par_1_107' title="bbox 2072 5194 3738 5323">
     <span class='ocr_line' id='line_1_108' title="bbox 2072 5194 2852 5250; baseline 0.003 -21"><span class='ocrx_word' id='word_1_887' title='bbox 2072 5194 2258 5250; x_wconf 73' lang='grc' dir='ltr'>εχυρα.</span> <span class='ocrx_word' id='word_1_888' title='bbox 2301 5194 2379 5231; x_wconf 83' lang='lat' dir='ltr'>ua</span> <span class='ocrx_word' id='word_1_889' title='bbox 2405 5194 2461 5232; x_wconf 77' lang='lat' dir='ltr'>et</span> <span class='ocrx_word' id='word_1_890' title='bbox 2489 5194 2670 5248; x_wconf 76' lang='lat' dir='ltr'>paulo</span> <span class='ocrx_word' id='word_1_891' title='bbox 2703 5194 2852 5248; x_wconf 80' lang='lat' dir='ltr'>pOSL.</span> 
     </span>
     <span class='ocr_line' id='line_1_109' title="bbox 2084 5246 3738 5323; baseline 0.002 -22"><span class='ocrx_word' id='word_1_892' title='bbox 2084 5320 2107 5323; x_wconf 34' lang='grc' dir='ltr'><strong>Α</strong></span> <span class='ocrx_word' id='word_1_893' title='bbox 2144 5248 2548 5323; x_wconf 60' lang='lat' dir='ltr'>5Veronensis</span> <span class='ocrx_word' id='word_1_894' title='bbox 2578 5246 2837 5323; x_wconf 63' lang='lat' dir='ltr'>plurium</span> <span class='ocrx_word' id='word_1_895' title='bbox 2891 5266 3133 5323; x_wconf 84' lang='lat' dir='ltr'>numero</span> <span class='ocrx_word' id='word_1_896' title='bbox 3168 5268 3266 5323; x_wconf 86' lang='lat' dir='ltr'>per</span> <span class='ocrx_word' id='word_1_897' title='bbox 3310 5251 3738 5323; x_wconf 63' lang='lat' dir='ltr'>misericordias</span> 
     </span>
    </p>
   </div>
   <div class='ocr_carea' id='block_1_108' title="bbox 2076 5316 3763 5397">
    <p class='ocr_par' dir='ltr' id='par_1_108' title="bbox 2076 5316 3763 5397">
     <span class='ocr_line' id='line_1_110' title="bbox 2076 5316 3763 5397; baseline 0.003 -25"><span class='ocrx_word' id='word_1_898' title='bbox 2076 5320 2175 5373; x_wconf 86' lang='lat' dir='ltr'>Dei</span> <span class='ocrx_word' id='word_1_899' title='bbox 2204 5335 2337 5397; x_wconf 79' lang='lat' dir='ltr'>cum</span> <span class='ocrx_word' id='word_1_900' title='bbox 2373 5316 2821 5397; x_wconf 40' lang='lat' dir='ltr'>Graeco—Scirum</span> <span class='ocrx_word' id='word_1_901' title='bbox 2864 5316 3307 5397; x_wconf 47' lang='lat' dir='ltr'>alumnam-frob</span> <span class='ocrx_word' id='word_1_902' title='bbox 3357 5327 3510 5378; x_wconf 75' lang='grc' dir='ltr'>Θεοῦ.</span> <span class='ocrx_word' id='word_1_903' title='bbox 3562 5322 3763 5389; x_wconf 55' lang='lat' dir='ltr'>Infra</span> 
     </span>
    </p>
   </div>
   <div class='ocr_carea' id='block_1_109' title="bbox 2079 5390 3395 5468">
    <p class='ocr_par' dir='ltr' id='par_1_109' title="bbox 2079 5390 3395 5468">
     <span class='ocr_line' id='line_1_111' title="bbox 2079 5390 3395 5468; baseline 0.004 -22"><span class='ocrx_word' id='word_1_904' title='bbox 2079 5393 2415 5447; x_wconf 86' lang='lat' dir='ltr'>constanter</span> <span class='ocrx_word' id='word_1_905' title='bbox 2428 5392 2655 5465; x_wconf 86' lang='lat' dir='ltr'>placens</span> <span class='ocrx_word' id='word_1_906' title='bbox 2685 5390 2861 5450; x_wconf 85' lang='lat' dir='ltr'>habet</span> <span class='ocrx_word' id='word_1_907' title='bbox 2890 5411 2993 5468; x_wconf 91' lang='lat' dir='ltr'>pro</span> <span class='ocrx_word' id='word_1_908' title='bbox 3010 5390 3395 5466; x_wconf 64' lang='lat' dir='ltr'>&#39;beneplacens.</span> 
     </span>
    </p>
   </div>
  </div>
