5364 6558
1045 255 1177 341 ’Β

2294 264 2358 336 S.
2404 266 2710 338 EUSEBll
2756 264 3193 339 HIERONYMI

4310 267 4437 337 276

1044 395 1199 457 bona
1228 399 1285 457 et
1306 394 1693 476 beneplacens
1721 409 1779 460 et
1821 403 2091 478 perfecta.
2144 406 2290 481 Ergo
2339 408 2494 480 quod
2543 424 2679 464 con-
2710 405 2762 469 Α
2794 408 2931 463 dum
2964 425 3169 466 omnes
3199 409 3271 466 ad
3305 407 3642 483 pudicitiam
3674 412 3732 467 et
3750 405 4058 483 praemium
4077 400 4436 481 virginitatis

1042 486 1213 556 cedit,
1247 506 1353 546 nec
1383 491 1622 559 bonum,
1664 510 1767 549 nec
1814 494 2200 567 beneplacens
2249 501 2360 563 est,
2405 513 2509 552 nec
2553 512 2684 567 per-

1039 573 1276 633 fectum.
1312 578 1638 653 Redditque
1664 598 1871 639 causas
1903 601 2006 639 cur
2033 584 2142 641 hoc
2172 587 2414 641 suadeat
2445 602 2457 639 :
2493 586 2684 640 Scien-

1040 671 1116 721 tes
1143 667 1370 737 tempus,
1402 670 1531 739 quia
1560 670 1695 726 hora
1720 674 1799 727 est
1827 689 1952 744 jam
1996 689 2093 728 nos
2130 674 2196 729 de
2224 690 2410 730 somno
2440 691 2681 745 surgere.

1039 758 1200 811 Nunc
1234 763 1415 811 autem
1470 760 1692 830 propior
1748 768 1825 816 est
1879 769 2064 817 nostra
2112 764 2285 830 salus,
2342 780 2508 833 quam
2561 780 2686 818 cum

1038 843 1392 900 credidimus.
1422 847 1541 902 Nox
1566 852 1867 915 prxcessit,
1897 850 2014 906 dies
2044 854 2228 906 autem
2274 854 2684 924 appropinqua-

1038 935 1117 987 vit
1149 932 1320 1003 (Rom.
1352 951 1477 1001 xm,
1513 936 1603 1004 11,
1637 938 1744 1004 12).
1780 939 1849 993 Et
1899 938 1956 993 in
2006 944 2260 997 extremo
2314 959 2327 996 :
2379 941 2687 997 Induimini

1037 1020 1331 1076 Dominum
1356 1028 1550 1080 Iesum
1581 1025 1875 1096 Christum,
1906 1031 1959 1083 et
1987 1032 2171 1084 carnis
2198 1046 2391 1086 curam
2432 1047 2500 1086 ne
2539 1031 2682 1103 fece-

1036 1111 1161 1165 ritis
1190 1112 1251 1165 in
1278 1112 1563 1169 desideriis
1591 1115 1750 1183 (Ibid.
1784 1116 1895 1186 Μ).
1932 1117 2101 1173 Aliud
2133 1122 2224 1173 est
2248 1117 2524 1173 voluntas
2555 1118 2678 1184 Dei,

1038 1197 1199 1254 aliud
1230 1199 1612 1273 indulgentia.
1648 1203 1810 1258 Unde
1841 1209 1899 1260 et
1928 1206 1996 1260 ad
2030 1206 2364 1263 Corinthios
2395 1207 2682 1274 scribens,

1041 1286 1122 1342 ait
1152 1303 1165 1341 :
1199 1290 1678 1361 Ego,fratres,non
1703 1295 1863 1363 potui
1890 1295 2040 1366 loqui
2068 1296 2219 1350 vobis
2246 1298 2387 1351 sicut
2416 1297 2684 1367 spiritua-

1040 1374 1185 1431 libus
1214 1396 1233 1432 :
1260 1378 1356 1433 sed
1382 1380 1523 1434 sicut
1549 1381 1871 1438 carnalibus
1903 1382 2198 1455 [ALquasi]
2226 1387 2403 1449 gsicut
2421 1386 2678 1453 parvulis

1038 1465 1100 1519 in
1127 1465 1439 1535 christo,lac
1465 1469 1613 1524 vobis
1637 1473 1827 1541 potum
1854 1471 1998 1537 dedi,
2032 1489 2139 1528 non
2181 1490 2361 1529 escam
2394 1490 2407 1527 :
2439 1474 2685 1530 nondum.

1034 1555 1186 1609 enim
1212 1558 1470 1625 poteratis
1497 1573 1517 1618 ;
1532 1558 1625 1612 sed
1652 1575 1825 1631 neque
1852 1577 1999 1615 nunc
2022 1565 2265 1632 potestis.
2300 1562 2487 1617 Adhuc
2534 1565 2686 1618 enim

1034 1643 1285 1699 carnales
1314 1646 1446 1699 estis
1474 1645 1524 1717 (Ι
1543 1646 1662 1702 Cor.
1697 1665 1782 1707 ιιι.
1820 1649 1865 1713 l,
1898 1649 1975 1721 2).
2010 1651 2117 1715 Qui
2160 1650 2433 1706 animalis
2483 1656 2592 1721 est,
2627 1656 2685 1708 et

1037 1732 1391 1835 nen‘recipit
1411 1735 1833 1835 (ALO-percipit)
1860 1754 1927 1793 ea
1956 1755 2084 1810 qua:
2116 1739 2362 1811 Spiritus
2415 1741 2513 1796 Dei
2541 1737 2685 1796 sunt
2715 1770 2762 1835 Β

1037 1817 1309 1890 (stultitia
1332 1821 1488 1876 enim
1519 1821 1605 1877 illi
1636 1828 1744 1891 est,
1778 1841 1882 1881 nec
1912 1831 2105 1897 potest
2144 1827 2488 1901 intelligere,
2546 1828 2686 1901 quia

1036 1907 1421 1979 spiritualiter
1448 1910 1807 1982 dijudicatur
1836 1914 1900 1985 ί),
1950 1914 2059 1971 iste
2106 1934 2221 1972 non
2272 1918 2536 1988 perfecta:
2587 1936 2682 1974 ca-

1040 1995 1259 2052 stitatis
1292 1996 1441 2065 cibo,
1474 2000 1575 2056 sed
1602 2001 1731 2056 rudi
1764 2004 2103 2075 nuptiarum
2134 2004 2283 2061 lacte
2306 2007 2687 2075 qnutritur.Si-

1038 2088 1138 2140 cut
1166 2100 1269 2157 per
1298 2086 1595 2144 hominem
1629 2107 1807 2159 mors,
1824 2092 1908 2147 sic
1939 2096 1995 2147 et
2025 2110 2127 2166 per
2155 2093 2455 2150 hominem
2489 2112 2683 2152 resur-

1041 2173 1221 2229 rectio
1252 2178 1636 2233 mortuorum.
1669 2181 1969 2245 Quomodo
1999 2181 2059 2236 in
2090 2186 2275 2238 Adam
2317 2200 2524 2240 omnes
2561 2202 2685 2241 mo-

1041 2261 1250 2329 rimur,
1286 2264 1371 2320 sic
1400 2265 1460 2320 in
1491 2266 1721 2323 Christo
1753 2286 1957 2326 omnes
1987 2270 2686 2328 vivificabimur.Servivi-

1042 2365 1177 2407 mus
1208 2350 1268 2407 in
1300 2350 1427 2425 lege
1455 2355 1632 2411 veteri
1662 2357 1850 2412 Adam
1905 2358 2235 2416 serviamus
2266 2361 2325 2415 in
2376 2361 2686 2433 Evangelio

1047 2455 1195 2496 novo
1226 2441 1427 2499 Adam.
1461 2444 1670 2501 Factus
1699 2449 1789 2501 est
1816 2447 1972 2502 enim
2001 2449 2230 2519 primus
2282 2449 2454 2505 homo
2504 2452 2692 2506 Adam

1048 2526 1110 2584 in
1140 2529 1401 2587 animam
1430 2531 1736 2597 viventem,
1768 2539 1825 2590 et
1862 2536 2217 2593 novissimus
2265 2538 2449 2594 Adam
2483 2540 2540 2593 in
2573 2539 2694 2611 spi-

1052 2616 1232 2673 ritum
1261 2618 1671 2677 viviﬁcantem.
1703 2624 1925 2680 Primus
1953 2625 2109 2682 homo
2141 2627 2206 2682 de
2249 2631 2399 2682 terra
2444 2632 2694 2683 terrenus

1051 2706 1339 2762 Secundus
1369 2708 1525 2764 homo
1552 2710 1618 2769 de
1672 2713 1803 2767 caelo
1855 2713 2105 2768 caelestis.
2167 2713 2363 2781 Qualis
2421 2724 2691 2783 terrenus,

1056 2791 1197 2863 tales
1221 2801 1272 2850 et
1299 2798 1508 2853 terreni
1533 2815 1555 2859 ,·
1583 2807 1634 2853 et
1662 2798 1848 2870 qualis
1876 2802 2125 2868 caelestis,
2142 2803 2288 2857 tales
2333 2811 2384 2858 et
2429 2802 2693 2860 caelestes.

992 2902 999 2907 ’
1059 2882 1213 2939 Sicut
1228 2887 1566 2956 portavimus
1596 2889 1894 2960 imaginem
1922 2893 2146 2957 terreni,
2176 2899 2449 2962 portemus
2478 2901 2529 2947 et
2554 2895 2696 2948 ima-

1058 2973 1243 3043 ginem
1269 2975 1515 3032 caelestis.
1548 2978 1655 3032 Hoc
1697 2982 1885 3033 autem
1930 2979 2071 3045 dico,
2115 2982 2343 3050 fratres,
2394 2983 2524 3052 quia
2570 2999 2697 3039 caro

1064 3068 1115 3116 et
1141 3065 1365 3133 sanguis
1392 3080 1620 3136 regnum
1647 3067 1747 3121 Dei
1766 3068 2039 3138 possidere
2081 3084 2191 3123 non
2234 3074 2479 3140 possunt,
2528 3087 2699 3142 neque

2793 496 3281 564 invitat,ostendit
3306 499 3531 555 sunctis
3561 499 3842 571 gradibus
3870 497 4275 571 virginitatem
4309 511 4440 552 esse

2793 586 3096 657 potiorem.
3131 588 3507 660 Rursumque
3564 589 3636 643 ad
3696 587 3979 653 Galatas;
4016 589 4099 642 Ea:
4157 586 4435 657 operibus,

2792 673 3007 753 inquit,
3039 675 3195 744 legis,
3228 691 3338 729 non
3358 675 3760 745 justiﬁcabitur
3802 675 3986 730 omnis
4043 687 4171 728 caro
4232 671 4432 743 (Galat.

2794 779 2857 830 ιι,
2891 760 3000 832 16).
3033 762 3220 831 Opera
3243 762 3390 835 legis
3417 767 3476 819 et
3505 762 3719 834 nuptiae
3751 767 3910 828 sunt,
3944 762 4097 816 unde
4146 764 4204 816 et
4254 759 4439 816 male-

2793 850 3070 906 dicuntur
3094 851 3155 906 in
3187 868 3273 917 ea,
3307 852 3405 923 qui
3457 852 3561 923 (Al.
3622 851 3770 924 quae)
3820 867 3935 906 non
3986 850 4208 905 habent
4262 849 4434 904 filios.

2792 939 2925 1002 Quae
2955 939 3003 994 si
3035 941 3433 995 conceduntur
3461 940 3635 996 etiam
3668 939 3726 994 in
3760 938 4090 1010 Evangelio,
4136 937 4297 993 aliud
4349 941 4441 993 est

2794 1028 3219 1100 indulgentiam
3254 1028 3580 1084 inﬁrmitati
3608 1028 3884 1094 tribuere,
3918 1027 4075 1083 aliud
4119 1026 4439 1082 virtutibus

2794 1116 3032 1188 praemia
3062 1116 3343 1188 polliceri.

2863 1205 2951 1271 38,
2986 1205 3185 1261 Dicam
3229 1210 3284 1261 et
3340 1222 3444 1278 ego
3505 1206 3941 1278 nuptiatoribus
3973 1205 4140 1270 meis,
4173 1205 4273 1277 qui
4306 1210 4441 1277 post

2794 1294 3119 1350 castitatem
3144 1298 3201 1349 et
3238 1294 3581 1350 diuturnam
3622 1294 4048 1349 continentiam
4096 1293 4319 1349 subant
4366 1295 4439 1349 ad

2794 1381 3095 1448 coitum,et
3114 1383 3405 1453 pecudum
3436 1400 3595 1439 more
3616 1382 3932 1438 lasciviunt
3959 1399 3972 1435 :
4000 1382 4090 1436 Sic
4112 1383 4442 1454 insipientes

2792 1472 2938 1538 estis,
2962 1474 3021 1525 ut
3049 1488 3174 1526 cum
3203 1472 3476 1541 cwperitis
3522 1473 3743 1543 spiritu,
3774 1487 3925 1527 nunc
3972 1487 4141 1526 carne
4184 1486 4443 1526 consum-

2792 1562 3025 1615 memini
3053 1564 3077 1613 .9
3106 1561 3271 1615 Tanta
3296 1561 3447 1631 passi
3476 1564 3600 1616 estis
3629 1562 3749 1617 sine
3798 1577 3968 1616 causa
4013 1559 4213 1631 (Galat.
4264 1577 4349 1628 in,
4381 1560 4438 1628 3,

2793 1649 2846 1719 4)
2876 1648 2904 1702 ?
2931 1648 3434 1721 Apostolus,quod
3466 1647 3836 1704 continentiae
3868 1648 4223 1720 quibusdam
4253 1648 4440 1704 nodos

2794 1736 3031 1803 relaxat,
3064 1742 3122 1792 et
3152 1737 3392 1793 dimittit
3437 1738 3601 1793 frena
3649 1736 4043 1805 currentibus,
4067 1740 4301 1810 propter
4342 1737 4440 1791 in-

2794 1825 3130 1881 ﬁrmitatem
3161 1826 3355 1881 carnis
3388 1826 3499 1882 hoc
3531 1826 3687 1882 facit.
3722 1826 3939 1882 Contra
3969 1841 4146 1897 quam
4182 1823 4446 1881 scribens

2793 1914 2985 1969 denuo
3032 1914 3296 1987 loquitur
3344 1933 3357 1971 :
3410 1916 3626 1986 Spiritu
3671 1915 3966 1981 ambulate,
4016 1917 4065 1969 et
4110 1913 4446 1969 desiderium

2793 2005 2979 2060 carnis
3004 2020 3116 2059 non
3140 2005 3452 2076 perﬁcietis.
3487 2004 3624 2059 Caro
3662 2005 3814 2059 enim
3862 2003 4196 2073 concupiscit
4243 2001 4442 2057 adver-

2792 2108 2882 2147 sus
2909 2094 3193 2163 spiritum,
3221 2096 3273 2147 et
3301 2093 3527 2163 spiritus
3555 2091 3815 2147 adversus
3844 2106 4065 2146 carnem
4110 2088 4315 2160 (Gatat.
4385 2107 4442 2145 ν.

2798 2180 3019 2247 16,17).
3052 2180 3176 2236 Non
3214 2197 3447 2236 necesse
3477 2184 3566 2235 est
3595 2196 3751 2235 nunc
3800 2180 3872 2234 de
3918 2178 4194 2251 operibus
4245 2178 4443 2234 carnis

2802 2266 3010 2334 dicere,
3044 2269 3186 2339 quia
3214 2268 3455 2341 longum
3504 2273 3614 2338 est,
3655 2274 3712 2325 et
3749 2267 3916 2323 facile
3963 2270 4157 2339 potest
4186 2266 4257 2321 de
4287 2270 4444 2338 Apo-

2801 2355 2934 2411 stoli
2964 2356 3223 2428 Epistola
3249 2373 3501 2422 sumere,
3536 2357 3637 2430 qui
3660 2357 3766 2427 (At.
3801 2357 3961 2428 quia,
3992 2355 4129 2426 etc.)
4169 2353 4442 2422 voluerit,

2802 2445 2998 2500 Dicam
3033 2450 3259 2501 tantum
3293 2447 3365 2501 de
3395 2446 3628 2518 spiritu,
3660 2446 3831 2516 cujus
3861 2445 4086 2499 fructus
4107 2446 4247 2498 sunt
4270 2461 4283 2511 ;
4307 2443 4444 2498 cha-

2802 2533 2964 2600 ritas,
2997 2534 3304 2605 gaudium.
3336 2552 3466 2605 pax,
3498 2533 3936 2606 longanimitas,
3971 2531 4447 2604 benignitas,bo-

2804 2620 2979 2685 nitas,
3020 2621 3187 2689 ﬁdes,
3250 2623 3640 2677 mansuetudo
3698 2623 3738 2689 ‘,
3798 2620 4178 2676 continentia.
4230 2619 4448 2676 Omnes

2802 2708 3045 2763 virtutes
3067 2709 3507 2781 spiritus,quasi
3523 2710 3952 2766 solidissimum
3971 2709 4445 2775 fundamentum,

2804 2800 2861 2853 et
2888 2796 3142 2853 sublime
3172 2799 3783 2865 culmen,continentia
3802 2802 4097 2855 sustentat
4123 2801 4179 2851 et
4199 2797 4453 2869 protegit

2803 2885 3125 2942 Adversum
3184 2887 3728 2959 hujuscemodinon
3786 2893 3875 2943 est
3919 2886 4030 2942 lex.
4115 2888 4224 2955 Qui
4267 2890 4453 2942 autem

2804 2978 2931 3028 sunt
2952 2974 3177 3041 Christi,
3200 2993 3419 3033 carnem
3466 2994 3625 3033 suam
3673 2976 4071 3045 cruci/ﬁxerunt
4118 2991 4243 3029 cum
4290 2976 4455 3031 vitiis

2804 3066 2856 3117 et
2884 3066 3435 3135 concupiscentiis.Si
3473 3068 3628 3122 300
3683 3067 3920 3121 vivimus
3969 3066 4193 3139 spiritu,
4246 3066 4450 3135 spiritu

1060 3152 1337 3220 corruptio
1385 3135 1852 3225 incopmpzim
1910 3156 2204 3227 possidebit
2234 3135 2285 3191 '2
2340 3158 2390 3229 (ι
2434 3159 2555 3214 εον,
2602 3135 2696 3228 ᾖεν,
2732 3135 2775 3202 C
2813 3155 2861 3208 et
2892 3153 3229 3209 ambulemus
3260 3154 3417 3225 (Ibid.
3448 3158 3540 3223 24,
3590 3156 3699 3227 25).
3734 3153 3842 3219 Qui
3900 3135 4033 3208 cum
4090 3152 4276 3208 Cristo
4325 3169 4454 3209 car-

1056 3236 1127 3291 47
1157 3241 1209 3292 et
1236 3240 1392 3311 seg.).
1425 3240 1542 3297 Hoc
1572 3247 1691 3297 tam
1724 3243 1947 3300 clarum
1996 3249 2109 3313 est,
2150 3250 2214 3300 ut
2262 3246 2425 3303 nulla
2472 3248 2703 3320 exposi-

1052 3322 1211 3381 tione
1240 3331 1415 3399 queat
1444 3330 1812 3388 manifestius
1843 3332 1965 3388 ﬁeri
2001 3350 2012 3387 :
2046 3337 2204 3402 Caro,
2240 3334 2450 3406 inquit,
2492 3340 2543 3391 et
2566 3354 2699 3392 san-

1051 3414 1180 3484 guis
1205 3430 1437 3487 regnum
1474 3419 1573 3474 Dei
1613 3421 1884 3491 possidere
1929 3438 2039 3478 non
2083 3433 2331 3494 possunt,
2380 3441 2555 3497 neque
2586 3443 2698 3483 cor-

1052 3504 1240 3574 ruptio
1277 3505 1771 3578 incorruptionem.
1847 3510 1906 3565 Si
1964 3512 2259 3583 corruptio
2338 3513 2409 3567 ad
2458 3529 2695 3571 omnem

1052 3590 1273 3648 coitum
1306 3594 1939 3669 pertinet,incorruptio
1971 3603 2167 3655 autem
2200 3601 2433 3672 proprie
2457 3603 2696 3658 castita-

1052 3678 1129 3736 tis
1173 3684 1284 3747 est,
1334 3685 1575 3755 praemia
1622 3687 1914 3757 pudicitia:
1960 3689 2175 3760 nuptiae
2229 3688 2526 3761 possidere
2576 3708 2691 3747 non

1051 3775 1322 3841 possunt.
1370 3775 1587 3829 Scimus
1632 3777 1785 3830 enim
1829 3778 2090 3847 quoniam
2137 3779 2189 3832 si
2235 3782 2452 3835 terrena
2500 3780 2691 3837 domus

1048 3855 1211 3929 hujus
1256 3861 1612 3917 habitationis
1659 3864 1811 3920 299
1875 3865 2150 3921 destructa
2189 3868 2388 3937 fuerit,
2441 3869 2690 3941 aediﬁca-

1038 3946 1246 4002 tionem
1275 3948 1566 4005 habeamus
1593 3967 1662 4007 ex
1696 3954 1823 4023 Deo,
1871 3955 2090 4010 bomum
2127 3971 2239 4011 non
2288 3961 2687 4027 manu/actam,

1035 4037 1430 4106 sempiternam
1456 4040 1518 4094 in
1543 4041 1715 4096 catis.
1751 4043 1812 4097 In
1841 4058 1945 4114 quo
1975 4046 2411 4115 ingemiscimus,
2462 4047 2687 4104 habita-

1038 4124 1228 4179 culum
1267 4130 1534 4193 nostrum,
1584 4130 1724 4200 quod
1750 4131 1817 4186 de
1834 4133 1965 4187 creto
1984 4142 2082 4198 est,
2101 4135 2431 4206 superindui
2454 4139 2686 4208 cupien-

1037 4219 1117 4268 tes
1141 4212 1181 4267 ³.
1217 4213 1475 4286 Cupimus
1499 4219 1651 4274 enim
1680 4220 1866 4288 egredi
1912 4221 1977 4277 de
2032 4237 2271 4294 corpore,
2324 4228 2373 4277 et
2431 4225 2685 4281 habitare

1034 4316 1161 4358 cum
1187 4303 1437 4374 Christo;
1461 4317 1685 4379 propter
1720 4310 1859 4380 quod
1907 4320 1959 4364 et
2002 4310 2405 4365 studiosissime
2425 4314 2681 4382 nitimur,

1032 4391 1145 4447 sive
1165 4392 1224 4445 in
1253 4409 1492 4465 corpore,
1525 4397 1642 4450 sive
1668 4400 1826 4451 extra
1855 4412 2049 4467 corpus
2065 4398 2285 4468 placere
2316 4399 2422 4453 Deo
2450 4402 2519 4464 (II
2551 4400 2675 4455 Cor.

2808 3256 2942 3296 nem
2976 3247 3257 3308 nostram,
3270 3247 3328 3298 et
3344 3242 3689 3315 passionnes
3710 3243 3839 3312 ejus
3854 3241 4259 3313 desideriaque
4272 3242 4455 3296 cruci-

2809 3330 3065 3394 ﬁximus,
3094 3330 3234 3402 quid
3274 3349 3510 3386 rursum
3556 3349 3623 3387 ea
3668 3348 3793 3402 quae
3843 3329 4036 3385 carnis
4082 3334 4224 3386 sunt
4276 3346 4453 3403 agere

2807 3420 3134 3492 cupimus?
3185 3420 3548 3490 Quodcunpue
3598 3421 3952 3475 seminaverit
4009 3418 4187 3486 homo,
4246 3418 4347 3474 hoc
4400 3424 4453 3474 et

2806 3511 2988 3578 metet,
3020 3511 3133 3579 Qui
3158 3510 3395 3564 seminat
3423 3510 3485 3563 in
3511 3523 3678 3563 carne
3702 3525 3827 3572 sua,
3858 3507 3925 3562 de
3954 3523 4119 3562 carne
4141 3515 4305 3563 metet
4333 3523 4451 3564 cor-

2803 3599 3131 3668 ruptionem.
3166 3599 3270 3666 Qui
3297 3605 3481 3652 autem
3505 3599 3743 3652 seminat
3765 3599 3825 3651 in
3863 3597 4092 3667 spiritu,
4137 3595 4204 3651 de
4249 3598 4453 3667 spiritu

2802 3691 2963 3743 metet
2989 3696 3159 3743 vitam
3185 3695 3449 3742 aeternam
3482 3685 3678 3758 (Galat.
3713 3704 3789 3754 χι,
3831 3685 3910 3757 8),
3963 3684 4244 3742 Existimo
4293 3687 4453 3757 quod

2802 3779 2899 3848 qui
2933 3793 3169 3832 uxorem
3204 3776 3398 3841 habet,
3430 3775 3685 3848 quandiu
3720 3775 4028 3830 revertitur
4056 3774 4129 3830 ad
4158 3773 4447 3847 idipsum,

2800 3882 2873 3920 ne
2902 3871 3083 3921 tentet
3111 3882 3246 3922 eum
3278 3866 3544 3932 Satanas,
3579 3865 3637 3919 in
3677 3880 3851 3919 carne
3900 3863 4175 3929 seminet,
4223 3868 4281 3919 et
4330 3881 4453 3919 non

2799 3954 2859 4009 in
2885 3955 3115 4026 spiritu.
3149 3953 3256 4017 Qui
3288 3958 3482 4009 autem
3528 3953 3587 4008 in
3631 3969 3803 4007 carne
3851 3953 4102 4008 seminat
4132 3952 4269 4023 (non
4308 3969 4441 4025 ego,

2796 4045 2897 4099 sed
2930 4042 3245 4115 Apostolus
3275 4042 3556 4113 loquitur)
3590 4040 4223 4112 metitcorruptionem.
4248 4038 4443 4113 Elegit

2796 4150 2902 4188 nos
2934 4132 2993 4187 in
3024 4131 3248 4187 Christo
3270 4133 3290 4165 ⁵
3323 4131 3477 4186 Deus
3529 4130 3696 4187 Pater
3727 4134 3861 4186 ante
3911 4128 4118 4183 mundi
4151 4129 4442 4184 constitu-

2792 4221 3035 4284 tionem,
3080 4224 3144 4273 ut
3175 4236 3439 4275 essemus
3478 4219 3668 4275 sancti
3716 4223 3773 4274 et
3816 4216 4181 4273 immaculati
4239 4232 4443 4272 coram

2791 4326 2877 4365 eo.
2911 4307 3354 4363 Ambulavimus
3384 4308 3442 4362 in
3465 4306 3955 4379 cnncupiscentiis
3970 4304 4186 4372 carnis,
4220 4303 4439 4361 facien-

2788 4403 2874 4453 tes
2904 4397 3261 4452 voluntatem
3293 4397 3442 4467 ejus,
3485 4402 3542 4451 et
3593 4395 4035 4468 cogitationum,
4095 4397 4153 4448 et
4209 4391 4443 4450 fuimus

1033 4493 1089 4541 ι,
1118 4478 1142 4531 4
1181 4481 1231 4531 et
1257 4483 1448 4553 seqq.).
1482 4483 1552 4536 Et
1584 4490 1643 4537 ut
1675 4483 1902 4553 plenius
1942 4491 2272 4555 exponeret,
2324 4486 2527 4557 quales
2558 4505 2673 4544 non
2708 4500 2753 4563 ι)
2784 4487 2886 4542 lilii
2920 4487 3038 4552 irae,
3072 4486 3223 4541 sicut
3251 4490 3309 4540 et
3338 4485 3547 4541 caeteri.
3602 4486 3769 4539 Nunc
3820 4488 4014 4540 autem
4066 4482 4440 4539 conresusci-

964 4618 967 4623 ,
1030 4577 1160 4619 esse
1188 4564 1376 4633 vellet,
1420 4568 1479 4622 in
1532 4568 1646 4625 alio
1706 4570 1827 4625 loco
1882 4572 2068 4638 docet,
2128 4573 2368 4630 dicens:
2403 4576 2675 4647 Despondi

1028 4653 1178 4708 enim
1207 4668 1297 4709 vos
1326 4657 1428 4710 uni
1456 4657 1593 4723 viro,
1648 4660 1919 4727 virginem
1962 4669 2167 4715 castam
2206 4662 2467 4718 exhibere
2510 4665 2672 4721 Chri-

1026 4748 1109 4797 ste
1136 4742 1210 4814 (II
1235 4741 1356 4799 Cor.
1404 4761 1481 4799 χι.
1533 4744 1607 4815 2).
1666 4745 1827 4810 Quod
1879 4747 1927 4803 si
1987 4749 2057 4804 ad
2112 4754 2295 4806 totam
2355 4753 2670 4811 Ecclesium

1026 4831 1390 4888 credentium
1421 4831 1672 4890 volueris
1702 4835 1933 4903 referre,
1968 4842 2026 4892 et
2052 4838 2109 4893 in
2142 4838 2247 4895 hac
2284 4841 2671 4914 desponsione

1021 4919 1258 4988 Christi,
1291 4925 1348 4977 et
1379 4922 1703 4991 maritatas,
1734 4929 1791 4979 et
1821 4926 2106 4999 digamas,
2140 4932 2197 4985 et
2222 4929 2447 4998 viduas,
2474 4938 2531 4989 et
2556 4934 2669 4989 vir-

1020 5006 1189 5078 gines
1218 5009 1523 5080 contineri,
1560 5013 1671 5069 hoc
1697 5031 1929 5088 quoque
1961 5033 2063 5087 pro
2115 5018 2285 5074 nobis
2318 5020 2473 5076 facit.
2524 5022 2671 5077 Nam

1141 5146 1551 5235 Casapalenais
1577 5172 1711 5235 cum
1743 5159 1995 5235 negandi
2028 5160 2313 5235 particula
2352 5163 2467 5218 Non
2516 5163 2667 5235 diju-

1019 5217 1252 5301 dicatur.
1286 5221 1465 5305 Paulo
1503 5232 1636 5296 post
1675 5217 1994 5305 moriuntur
2028 5217 2106 5305 ‘et
2154 5217 2589 5299 viviﬁcabuntur:
2611 5235 2667 5289 in

1022 5298 1494 5374 mss;_in'1enitlir
1525 5313 1634 5374 pro
1648 5302 1922 5374 morimur
1941 5305 2002 5374 et
2024 5304 2449 5374 viviﬁcabimur.

1092 5362 1114 5396 ²
1148 5361 1291 5418 Mss.
1325 5361 1793 5446 Incorruptionem
1823 5361 2166 5429 haereditabit
2187 5378 2355 5446 juxta
2402 5379 2667 5433 Graecum

1024 5427 1386 5560 ass:

1169 5505 1321 5593 idem
1356 5523 1499 5593 mss.
1535 5509 1937 5593 Superinduere
1964 5512 2355 5593 desiderantes.

1093 5578 1115 5611 ἰ
1144 5577 1209 5634 In
1239 5577 1620 5639 Casanatensi
1647 5581 1883 5638 additur
1897 5583 2186 5641 modestia.

2781 4575 2942 4644 tavit,
3002 4580 3060 4631 et
3116 4575 3428 4630 consedere
3486 4591 3592 4630 nos
3650 4574 3787 4628 fecit
3854 4574 3914 4628 in
3969 4571 4305 4628 coelestibus
4368 4573 4433 4627 in

2779 4664 3007 4721 Christo
3054 4664 3216 4732 Jesu,
3267 4668 3332 4718 ut
3385 4664 3751 4735 deponamus
3803 4661 4128 4717 secundum
4178 4660 4439 4732 priorem

2735 4751 3279 4820 conversationem
3323 4757 3569 4808 veterem
3629 4749 3949 4819 hominem,
4007 4749 4108 4821 qui
4166 4764 4441 4805 corrum-

2782 4843 2938 4914 pitur
2960 4841 3131 4911 juxta
3162 4840 3451 4897 desideria
3501 4840 3737 4905 erroris,
3785 4842 3842 4893 et
3888 4838 4075 4910 aptari
4121 4836 4291 4893 nobis
4326 4836 4439 4895 illa

2780 4930 3106 4987 benedictio
3120 4932 3458 5003 possitquae
3475 4928 3782 5002 mysticam
3799 4928 3891 4983 6ad
3908 4926 4191 4999 Ephesios
4207 4924 4441 4997 Episto~

2783 5020 2897 5076 lam
2927 5019 3029 5076 tali
3065 5021 3177 5075 {ine
3226 5019 3519 5076 concludit
3551 5037 3563 5074 :
3597 5018 3788 5074 Gratia
3842 5018 4119 5073 vobiscum
4170 5016 4432 5071 omnibus

2848 5161 2870 5193 ⁵
2904 5165 2965 5215 1η
2998 5162 3201 5217 eodem
3233 5160 3600 5216 desideratur
3625 5162 3684 5214 in
3718 5159 3949 5215 Christo.

2848 5232 2869 5263 ⁸
2902 5231 3068 5286 Falso
3100 5232 3383 5286 hactenus
3422 5231 3677 5286 obtinuit
3735 5232 3904 5286 missa
3950 5246 4053 5302 pro
4111 5230 4435 5302 mysticam,

2779 5303 3160 5376 renuentibus
3190 5319 3425 5376 quoque
3454 5318 3597 5357 mss.
3655 5299 3967 5376 Mysticam
4017 5299 4435 5376 poro'Episto-f

2777 5373 2892 5428 lam
2926 5374 2998 5428 ad
3029 5371 3309 5444 Ephesios
3331 5371 3507 5428 vocat
3535 5374 3691 5445 quod
3717 5371 4035 5444 'Apostolus
4081 5374 4151 5445 in
4175 5372 4293 5445 hac
4344 5371 4438 5426 vel

2771 5443 3120 5514 potissimum
3166 5445 3413 5499 obscuros
3432 5443 3635 5517 sensus
3659 5452 3711 5500 et
3758 5443 3940 5517 ignota
3984 5443 4183 5517 saeculi
4213 5457 4425 5517 sacra-

2775 5512 2960 5589 menta
2982 5518 3400 5589 congesserit,u_t
3429 5517 3553 5589 ipse
3575 5512 4043 5589 Hieronymusjn
4076 5512 4438 5589 Praafatione

2777 5583 3340 5644 Commentariorum
3370 5587 3431 5644 in
3452 5583 3729 5645 eamdem
3784 5583 4094 5660 epistolam
4137 5583 4432 5657 loquitur.
