4100 6156
372 293 499 362 τις

1620 296 1683 362 S.
1732 292 2042 364 EUSEBII
2090 298 2533 363 HIERONYMI

3658 284 3779 353 280

367 444 494 492 mur
557 433 619 491 in
705 430 923 490 domum
985 433 1353 507 spiritualem,
1417 438 1667 490 sanctum
1762 436 2011 492 sacerdo-
2042 436 2096 501 Α
2125 433 2387 507 Denique
2418 432 2787 491 manifestius
2817 430 3051 491 eosdem
3074 431 3256 498 notat,
3287 425 3524 486 dicens:
3551 424 3759 485 Venien

375 526 542 592 tium,
593 524 881 596 offerentes
926 526 1243 597 spirituales
1287 527 1553 593 victimas,
1604 541 1703 596 per
1748 526 2026 581 Christum

375 614 672 672 Dominum
725 618 978 669 nostrum
1035 614 1191 684 (Ibid.
1250 614 1317 669 13
1360 614 1528 685 seqq.)
1560 614 1662 669 Nos
1719 615 1870 669 enim
1928 631 2026 669 su-

379 719 503 759 mus
530 719 704 772 genus
748 704 977 759 electum
1004 704 1196 771 regale
1223 703 1604 769 sacerdotium,
1653 719 1784 773 gens
1812 707 2023 769 sancta,

377 793 615 866 populus
679 793 1075 864 acquisitionis.
1146 792 1393 848 Christus
1466 808 1564 864 pro
1645 792 1799 847 nobis
1862 809 2027 847 omne

382 888 632 937 mrtuus
693 889 788 937 est.
855 882 1144 936 Armemur
1210 882 1399 936 eadem
1461 874 1868 937 conﬁersatione
1923 896 2027 951 qua

385 968 651 1038 Christus,
681 972 943 1041 quoniam
971 971 1067 1041 qui
1094 987 1286 1041 passus
1314 979 1391 1026 est
1419 972 1475 1026 in
1528 988 1712 1038 carne,
1767 972 1967 1043 quievit
1995 988 2029 1024 a

380 1066 627 1130 peccato,
667 1062 726 1113 ut
771 1075 1115 1130 nequaquam
1161 1062 1222 1115 in
1265 1059 1555 1115 desideriis
1602 1061 1907 1127 hominum,
1939 1060 2029 1115 sed

383 1147 447 1202 in
472 1147 755 1203 voluntate
784 1148 898 1214 Dei,
913 1148 1188 1219 reliquum
1218 1151 1278 1203 in
1307 1166 1470 1203 carne
1500 1153 1703 1220 tempus
1722 1151 2026 1219 exigamus.

384 1240 598 1311 Sufﬁcit
625 1240 773 1294 enim
811 1239 967 1294 nobis
1004 1242 1341 1311 praeteritum
1373 1248 1580 1311 tempus
1627 1240 1778 1295 303
1812 1237 2031 1310 quando

382 1329 785 1386 ambulavimus
813 1330 875 1383 in
896 1328 1121 1384 luxiriis
1133 1332 1184 1384 et
1205 1328 1492 1385 desideriis
1512 1330 1831 1399 cwterisque
1857 1328 2025 1382 vitiis.

384 1417 628 1475 Grandia
654 1418 809 1474 nobis
845 1422 899 1473 et
951 1420 1191 1489 pretiosa
1246 1419 1589 1486 virginitatis
1640 1419 1911 1488 promissa
1930 1416 2031 1471 do-

381 1508 556 1574 navit,
586 1515 651 1563 ut
673 1522 774 1579 per
788 1508 929 1562 hanc
942 1506 1257 1580 efﬁciamur
1276 1506 1485 1563 divina?
1504 1514 1774 1562 consortes
1795 1508 2026 1570 natura,

382 1597 656 1669 fugientes
683 1599 833 1652 enim
887 1613 1005 1667 quae
1062 1598 1122 1651 in
1178 1596 1381 1651 mundo
1429 1601 1507 1651 est
1543 1595 2032 1667 concupiscentiam

381 1688 753 1758 corruptionis
783 1686 829 1759 (Ι
855 1691 1004 1741 Petr.
1040 1703 1100 1756 ιι,
1129 1687 1163 1741 9
1190 1702 1332 1757 seqq.
1362 1688 1403 1756 ),
1436 1687 1593 1741 Novit
1621 1687 1884 1741 Dominus
1910 1685 2029 1755 pios

2131 527 2277 582 enim
2308 527 2369 580 in
2396 526 2707 581 novissimis
2735 525 2924 580 diebus
2954 524 3204 578 illusores
3232 520 3569 585 seducentes,
3601 517 3781 588 juxta

2131 616 2358 686 propria
2413 613 2683 669 desideria
2735 614 3073 669 ambulantes
3130 610 3201 682 (II
3258 611 3402 664 Petr.
3470 624 3554 674 ιιι,
3612 607 3692 674 3),
3725 608 3785 661 et

2136 709 2362 758 caetera.

2204 792 2293 848 40.
2346 791 2633 847 Monachus
2693 793 2956 847 Iovianus
3014 788 3168 846 canis
3228 794 3500 843 revertens
3562 782 3633 838 ad
3689 797 3783 838 vo-

2133 883 2348 935 mitum.
2416 881 2605 935 Tribus
2653 882 2782 935 Levi
2823 895 2919 951 pro
2964 879 3115 933 tribu
3170 879 3291 931 Dan
3333 875 3530 946 posito.
3586 872 3785 928 Omnia

2135 986 2301 1042 opera
2346 971 2660 1041 imperfecta
2705 970 2825 1024 sine
2877 969 3133 1039 puritate.
3195 965 3455 1021 Haeretici
3518 962 3788 1017 damnant

2134 1060 2407 1129 conjugia.
2442 1060 2683 1114 Ecclesia
2710 1057 2904 1126 probat
2933 1061 2987 1111 et
3015 1056 3315 1126 dispensat.
3351 1083 3419 1093 ——
3464 1048 3788 1121 Descripsit

2138 1164 2330 1203 sermo
2380 1146 2738 1218 apostolicus
2785 1145 3159 1201 Jovinianum
3217 1141 3553 1212 loquentem
3586 1136 3785 1193 buccis

2137 1236 2503 1291 tumentibus
2543 1240 2599 1290 et
2626 1235 2827 1289 inflata
2856 1233 3031 1288 verba
3052 1229 3459 1298 trutinantem,
3484 1226 3787 1298 repromit-

2138 1328 2355 1380 tentem
2404 1324 2463 1378 in
2513 1322 2672 1379 cmlis
2721 1321 3079 1389 libertatem,
3128 1335 3261 1374 cum
3308 1317 3432 1389 ipse
3479 1331 3683 1371 servus
3713 1313 3788 1369 sit

2139 1412 2409 1469 vitiorum
2460 1413 2550 1483 [At
2599 1409 3018 1482 corruptionis]
3064 1412 3240 1478 atque
3278 1404 3575 1471 luxuriae‘,
3625 1403 3787 1459 canis

2139 1505 2430 1557 revertens
2456 1502 2527 1556 ad
2550 1500 2831 1555 vomitum
2862 1514 3055 1554 suum.
3087 1496 3234 1551 Nam
3285 1496 3441 1551 304
3488 1509 3624 1548 cum
3662 1507 3787 1547 mo~

2140 1590 2391 1645 nachum
2422 1605 2552 1645 esse
2583 1606 2645 1645 se
2672 1588 2895 1659 iactitet
2919 1605 2931 1642 :
2955 1590 3015 1641 et
3036 1589 3169 1661 post
3184 1583 3486 1640 sordidam
3500 1581 3801 1646 tunicam,‘

2138 1684 2195 1735 et
2220 1680 2410 1735 nudos
2430 1679 2624 1750 pedes,
2648 1681 2705 1732 et
2720 1674 3004 1732 cibarium
3024 1688 3259 1746 panem,
3281 1676 3338 1727 et
3367 1687 3530 1743 aqua;
3562 1673 3785 1742 potum,

385 1775 451 1832 de
478 1756 775 1832 tentatione
794 1756 1027 1848 eripere,
1050 1783 1101 1831 et
1122 1756 1336 1846 iniquos
1354 1776 1677 1831 cruciandos
1698 1777 1757 1830 in
1778 1775 1923 1831 diem
1943 1790 2032 1830 re-
2060 1801 2108 1866 B
2140 1770 2212 1824 ad
2245 1768 2560 1823 candidas‘
2588 1770 2776 1822 vestes
2807 1764 2911 1836 [Αἰ.
2948 1762 3259 1818 candidam
3290 1759 3554 1830 vestem),
3605 1762 3664 1814 et
3698 1756 3787 1811 ni-

385 1881 602 1922 servare
623 1865 845 1938 judicii,
875 1867 1155 1936 prmcipue
1171 1881 1257 1920 eos
1268 1866 1364 1936 qui
1376 1869 1723 1936 postcarnem
1750 1867 1809 1919 in
1830 1864 2032 1919 deside-

387 1955 491 2011 riis
516 1955 840 2028 pollutionis
891 1954 1178 2009 ambulant
1224 1962 1274 2009 et
1312 1954 1707 2010 dominationes
1728 1954 2033 2025 despiciunt

387 2043 619 2121 audaces
649 2051 700 2100 et
725 2059 992 2114 procaces.
1028 2045 1128 2098 Isti
1152 2045 1300 2099 enim
1328 2045 1489 2114 quasi
1517 2043 1925 2098 irrationabilia
1943 2044 2035 2113 ju-

386 2136 574 2189 menta
600 2135 661 2189 in
691 2141 935 2188 ventrem
964 2140 1013 2188 et
1033 2131 1319 2188 libidinem
1329 2133 1495 2203 proni
1516 2139 1662 2197 sunt,
1689 2130 2036 2201 blapheman-

389 2230 487 2292 tes,
513 2223 611 2293 qui
638 2226 690 2277 et
717 2222 778 2276 in
797 2222 1142 2292 corruptione
1160 2237 1266 2276 sua
1291 2222 1726 2291 corrumpentur,
1753 2220 2036 2291 recipient-

389 2325 493 2385 que
510 2309 810 2366 mercedem
821 2310 1135 2380 iniquitatis
1153 2309 1440 2364 luxuriam
1460 2327 1477 2362 :
1493 2310 1588 2380 qui
1595 2308 2036 2380 putantdelicias

388 2416 499 2458 esse
541 2399 901 2471 injustitiam,
945 2398 1147 2466 sordes,
1198 2402 1249 2453 et
1295 2399 1555 2464 maculas,
1609 2401 1660 2452 et
1708 2397 1853 2452 nihil
1883 2397 2036 2452 aliud

387 2491 503 2546 nisi
529 2488 593 2544 de
648 2488 1018 2559 voluptatibus
1073 2489 1384 2557 cogitantes.
1448 2488 1554 2555 Qui
1611 2484 1808 2541 habent
1858 2487 2037 2543 oculos

383 2579 573 2652 plenos
601 2577 875 2632 adulterio
907 2584 958 2631 et
986 2576 1296 2630 insatiabili
1354 2576 1609 2641 libidine,
1662 2580 1714 2630 et
1758 2577 2039 2647 decipiunt

390 2666 609 2731 animas
634 2665 865 2719 necdum
895 2663 1099 2717 Christi
1148 2663 1413 2719 charitate
1467 2664 1732 2718 robustas.
1784 2666 2039 2735 Loquun-

396 2761 487 2811 tur
513 2754 661 2809 enim
688 2753 856 2807 verba
881 2752 1145 2806 tumentia
1195 2759 1246 2805 et
1298 2751 1531 2805 indoctos
1576 2753 1742 2822 facile
1773 2753 2042 2808 illecebris

398 2842 582 2899 carnis
627 2842 918 2897 irretiunt:
969 2841 1405 2907 repromittentes
1446 2841 1522 2895 eis
1561 2840 1889 2909 libertatem,
1922 2858 2044 2897 cum

402 2931 511 3005 ipsi
536 2933 678 2989 servi
704 2931 964 2987 vitiorum
1007 2930 1121 2983 sint
1167 2930 1326 3001 atque
1371 2928 1610 2983 luxuria:
1657 2937 1706 2984 et
1736 2932 2047 3001 corruptio-

405 3022 527 3079 nis“
560 3022 935 3093 Unusquisque
978 3020 1128 3076 enim
1151 3020 1203 3073 ei
1254 3018 1495 3088 subjacet
1545 3019 1809 3088 passioni,
1867 3035 1899 3072 a
1939 3035 2046 3089 qua

404 3112 666 3170 vincitur.
726 3109 877 3179 Quod
929 3111 978 3163 si
1018 3110 1289 3179 fugientes
1336 3108 1805 3178 coinquinationes
1856 3106 2051 3162 mundi

396 3226 499 3286 per
526 3205 813 3264 scientiam
856 3200 1152 3255 Saluatoris
1198 3206 1370 3253 nostri
1418 3198 1541 3253 Jcsu
1591 3195 1809 3262 Christi,
1854 3195 2047 3251 iisdem

402 3314 628 3356 rursum
682 3293 1034 3365 superantur,
1086 3304 1205 3358 quae
1252 3293 1376 3341 ante
1427 3289 1839 3356 superaverant,
1896 3289 2046 3354 facta

385 3396 530 3446 «sunt
583 3389 636 3444 ei
690 3383 988 3440 novissima
1039 3378 1234 3450 pejora
1274 3375 1574 3447 prioribus.
1633 3374 1931 3445 Meliusque
1969 3375 2047 3428 eis

398 3486 520 3535 erat
547 3492 658 3532 non
685 3488 839 3530 nosse
863 3472 1009 3526 viam
1045 3467 1302 3539 justitia’,
1352 3480 1511 3534 quam
1552 3470 1673 3533 post
1710 3462 2046 3529 agnitionem

397 3571 697 3628 retrorsum
724 3561 983 3625 converti,
1015 3562 1068 3612 et
1098 3556 1414 3625 relinquere
1455 3558 1704 3606 sanet-um
1721 3550 2045 3605 mandatum

398 3657 540 3731 quod
569 3658 645 3713 eis
690 3651 958 3708 traditum
1006 3648 1208 3719 fuerat.
1257 3642 1696 3713 Completumque
1742 3643 1820 3695 est
1874 3641 1933 3693 in
1964 3641 2043 3695 eis

396 3728 742 3806 verissimum
769 3738 913 3797 illud
939 3734 1325 3809 proverbium:
1361 3732 1529 3788 Canis
1562 3745 1806 3785 reversus
1849 3728 1919 3783 ad
1950 3744 2040 3782 vo-

394 3838 594 3893 mitum
624 3848 807 3896 suum,
837 3837 888 3885 et
916 3842 1009 3883 sus
1040 3825 1150 3880 lota
1198 3824 1258 3877 in
1307 3818 1590 3876 volutabra
1640 3819 1745 3872 luti
1794 3817 1868 3887 (Il
1892 3819 2039 3871 Petr.

397 3939 462 3994 ιι,
490 3914 671 3992 9-22).
703 3917 873 3975 Nolui
902 3928 1137 3970 omnem
1162 3910 1356 3966 locum
1387 3906 1655 3963 secundae
1676 3907 1697 3939 ⁵
1728 3905 1881 3961 Petri
1914 3905 2043 3977 Epi-

398 4011 561 4071 stolas
589 4025 824 4083 ponere,
855 4022 925 4061 ne
944 4003 1184 4076 longum
1211 4000 1479 4065 facerem,
1504 3997 1606 4053 sed
1628 3996 2037 4051 tantummodo

397 4099 627 4159 ostendi
657 4096 908 4170 Spiritus
960 4091 1146 4148 sancti
1196 4086 1494 4153 vaticinio,
1545 4085 1726 4156 hujus
1755 4084 2039 4157 temporis

397 4191 662 4248 doctores
693 4184 807 4259 [Αι.
842 4179 1160 4249 doctorem]
1190 4182 1247 4234 et
1274 4175 1543 4232 haeresim
1566 4175 2035 4246 praenuntiatam.

469 4351 487 4385 ¹
519 4350 660 4405 Mss.
691 4345 896 4409 nostri,
925 4342 1069 4398 servi
1097 4340 1209 4394 sint
1246 4334 1614 4409 corruptionis
1664 4332 1887 4409 absque
1947 4331 2036 4385 in-

393 4402 602 4477 trusisw
620 4402 819 4475 verbis
866 4402 1131 4469 vitiorum
1179 4411 1341 4477 atque
1383 4402 1667 4459 luxuria}:
1700 4402 1939 4477 omnino
1970 4419 2038 4477 ei;

611 4473 768 4545 testu
800 4484 951 4541 αὐτοὶ
983 4477 1172 4536 δοῦλοι
1199 4473 1664 4549 67id|910v1€i§ﬁ€
1696 4473 2036 4549 φθορᾶςηουὶ

393 4545 792 4629 etHVulgatus
847 4545 1654 4629 interpres.concinit._*l\ios
1709 4545 2039 4629 ex;eodem

392 4614 921 4691 G'rzecoi‘S’alvatoris
949 4614 1080 4681 Jésu
1108 4621 1330 4691 absque
1358 4618 1551 4682 nostri,
1600 4614 1858 4691 etpaulo
1881 4620 2033 4691 post,

590 4706 711 4776 post
740 4701 995 4757 notitiam
1019 4696 1136 4767 ejus
1160 4688 1283 4763 post
1306 4698 1516 4759 tergum
1556 4688 1739 4743 redire
1782 4695 1832 4742 et
1867 4688 2036 4742 relin-

389 4792 573 4850 sum,
605 4779 713 4850 αρ’
934 4841 945 4850 .
1227 4849 1231 4850 ν
1337 4831 1400 4850 πμ

460 4828 661 4905 1vlillo'lite
675 4828 899 4901 omnem
928 4841 1127 4895 locum-
1153 4831 1402 4890 secundae
1436 4831 1609 4905 Petri,
1661 4834 1767 4885 etc.
1808 4828 1900 4905 _De
1929 4830 2033 4885 Ca-

388 4900 737 4976 nonehdixit
792 4928 970 4984 supra
1043 4918 1462 4984 omnem_esse
1510 4900 2030 4984 “disputationem;

389 4972 563 5047 cense
602 4972 814 5046 uenter
858 4972 984 5054 ipse
1027 4984 1083 5036 et
1128 4975 1471 5034 Jovinianus
1510 4972 2033 5044 EpiStolam‘Petri
2082 5024 2083 5027 η

389 5007 707 5115 secundum
738 5053 1127 5114 admittebant
1156 5050 1215 5103 in
1260 5061 1542 5103 canonem
1588 5043 1894 5099 Librorum
1935 5060 2020 5099 sa-

389 5043 707 5118 iéé‘dhaam
738 5043 1127 5114 admittebant
1156 5050 1215 5103 in
1260 5043 1894 5103 canonem’Librorum
1935 5060 2020 5099 sa-

391 5147 645 5188 crorum.
682 5131 966 5186 ΜΑιιτιΑΝ.

462 5185 748 5268 {Victorn
783 5199 918 5253 Cum
966 5198 1081 5266 ipse
1135 5190 1502 5261 corruptionis
1560 5201 1749 5241 servus
1776 5185 1846 5239 sit
1873 5186 2035 5254 atque

391 5272 657 5328 luxuriae.

458 5324 866 5413 aﬁesclriptum
898 5338 956 5393 Ξ.
990 5331 1283 5413 Ambrosii.
1313 5330 1381 5413 ad
1416 5327 1833 5413 ISiricium‘ne
1879 5324 2031 5413 ,ξονί-

387 5398 573 5471 ιιίαιιό
593 5398 837 5484 ejusque
869 5404 1107 5464 asseclis
1132 5422 1144 5459 :
1179 5425 1206 5451 «
1232 5404 1307 5484 ‘Se
1337 5398 1650 5481 dolentisti
1673 5398 1868 5484 aliquo
1891 5401 2033 5484 te‘m-

385 5502 525 5570 pore
589 5470 1125 5570 eusse'maceratos,
1194 5477 1253 5527 et
1311 5471 1602 5553 prepriam
1673 5470 2034 5570 ulciscuntur

384 5539 661 5618 iniuriam
695 5539 1175 5618 quotidianisque
1205 5539 1496 5618 conviviis
1517 5557 1746 5618 usuque
1766 5539 2032 5618 luxuriae,

383 5610 661 5688 laborem—
680 5610 1050 5687 abstinentiae
1070 5610 1415 5692 propulsare
1465 5610 1818 5669 desiderant.
1855 5634 1875 5661 η
1920 5610 2031 5666 No-

2138 1856 2320 1912 tidam
2354 1860 2567 1921 cutem,
2600 1856 2670 1909 ad
2705 1852 2963 1909 mulsum
2990 1856 3049 1907 et
3078 1849 3406 1906 elaboratas
3452 1863 3676 1915 carnes,
3719 1848 3787 1900 ad

2134 1947 2272 2018 jura
2315 1944 2493 2017 Apitii
2541 1948 2597 1998 et
2637 1942 2871 1998 Paxami
2922 1941 3030 2012 [Αι.
3082 1938 3375 2008 Paxamis]
3434 1937 3507 1991 ad
3552 1934 3792 1991 balneas

2142 2049 2376 2107 quoque
2406 2025 2472 2088 ac
2501 2030 2820 2086 friaticulas
2841 2031 2861 2064 ⁵
2891 2030 2998 2100 [ΑΙ.
3034 2026 3314 2097 fritillas],
3344 2029 3403 2082 et
3449 2023 3698 2097 popinas
3729 2038 3791 2080 se

2142 2122 2420 2188 conferat,
2455 2120 2833 2175 manifestum
2865 2122 2956 2174 est
3003 2116 3159 2188 quod
3198 2120 3413 2169 terram
3457 2112 3622 2181 coelo,
3654 2110 3794 2168 vitia

2141 2210 2479 2276 virtutibus,
2513 2212 2771 2264 ventrem
2792 2209 2814 2242 ⁶
2845 2207 3112 2279 ριιεεΐει-ιιῐ
3126 2203 3791 2274 Christo,etpurpuram

2145 2299 2354 2356 coloris
2384 2300 2512 2369 ejus
2552 2302 2717 2370 putet
2766 2313 2945 2369 regna
2983 2293 3286 2351 scelerum.
3340 2292 3412 2346 Et
3454 2296 3653 2346 tamen
3682 2289 3793 2346 iste

2145 2388 2437 2443 formosus
2460 2385 2805 2452 monachus,
2827 2400 3089 2450 crassus,
3112 2381 3359 2445 nitidus,
3383 2378 3713 2444 dealbatus,
3733 2381 3793 2433 et

2147 2476 2316 2549 quasi
2348 2492 2601 2548 sponsus
2626 2490 2855 2545 semper
2883 2473 3178 2538 incedens,
3212 2472 3314 2524 aut
3334 2483 3572 2523 uxorem
3595 2467 3791 2532 ducat,

2146 2570 2213 2622 ut
2242 2565 2523 2638 aequalem
2552 2563 2944 2635 virginitatem
2977 2558 3198 2631 nuptiis
3221 2557 3463 2631 probet:
3488 2560 3587 2610 aut
3607 2555 3657 2611 si
3678 2571 3794 2609 non

2149 2655 2398 2720 duxerit,
2432 2654 2648 2708 frustra
2673 2656 2876 2707 contra
2907 2666 3013 2705 nos
3044 2647 3235 2703 verbis
3266 2645 3407 2719 agit,
3441 2661 3575 2700 cum
3623 2658 3797 2716 opere

2150 2744 2458 2799 nobiscum
2489 2740 2728 2796 sit.'Sod
2756 2744 2813 2794 et
2840 2739 3096 2794 Joannes
3127 2737 3187 2791 in
3216 2735 3419 2790 eadem
3451 2734 3627 2789 verba
3655 2748 3797 2788 con-

2151 2832 2387 2888 cordat:
2420 2830 2601 2885 Nolite
2645 2829 2873 2900 diligere
2918 2825 3204 2891 mundum,
3253 2839 3427 2895 neque
3474 2839 3540 2879 ea
3585 2836 3709 2892 quae
3738 2823 3799 2876 in

2151 2919 2354 2976 mundo
2383 2926 2526 2974 sunt.
2552 2918 2612 2973 Si
2634 2919 2758 2989 quis
2804 2916 2991 2986 diligit
3016 2914 3307 2980 mundum,
3360 2928 3475 2968 non
3508 2913 3587 2966 est
3614 2910 3797 2965 chari-

2155 3015 2240 3064 tas
2288 3009 2470 3064 Patris
2526 3008 2587 3061 in
2633 3022 2710 3060 eo.
2765 3006 3033 3073 Quoniam
3076 3018 3234 3059 omne
3288 3000 3431 3073 quod
3481 3001 3541 3054 in
3597 2997 3799 3054 mundo

2157 3101 2235 3154 est
2286 3097 2628 3152 desiderium
2663 3095 2846 3149 carnis
2891 3097 2987 3161 est,
3038 3101 3088 3147 et
3131 3089 3464 3146 desiderium
3496 3088 3799 3154 oculorum,

2079 3164 2121 3231 Ο
2159 3189 2209 3242 et
2235 3186 2493 3257 superbia
2520 3185 2683 3253 hujus
2715 3185 2862 3247 vitae,
2896 3196 3021 3253 quae
3048 3196 3159 3235 non
3188 3187 3266 3235 est
3288 3179 3355 3233 de
3382 3182 3571 3242 Patre,
3618 3176 3712 3232 sed
3738 3175 3803 3231 de

2154 3275 2355 3330 mundo
2385 3276 2426 3346 (Ι
2482 3275 2637 3330 Joan.
2692 3290 2752 3341 ιι,
2790 3273 2852 3326 15
2897 3270 3090 3341 seqq.).
3146 3269 3231 3336 Et,
3289 3267 3526 3322 Mundus
3554 3266 3801 3337 praterit

2156 3363 2261 3435 [AL
2290 3362 2610 3434 prwteriet],
2641 3366 2693 3416 et
2738 3359 3069 3415 desiderium
3124 3357 3261 3428 ejus.
3308 3358 3416 3425 Qui
3461 3359 3645 3410 autem
3669 3355 3806 3425 facit

2152 3454 2485 3508 voluntatem
2515 3452 2626 3515 Dei,
2676 3457 2860 3504 manet
2906 3450 2965 3503 in
3015 3453 3287 3505 aeternum
3318 3443 3458 3517 (Ibid
3501 3445 3613 3513 17).
3640 3442 3799 3499 Man-

2151 3541 2342 3596 datum
2369 3556 2571 3596 novum
2600 3540 2795 3610 scripsi
2826 3538 2991 3605 vobis,
3041 3536 3189 3607 quod
3229 3539 3305 3589 est
3352 3534 3723 3598 verissimum,
3752 3537 3806 3587 et

2153 3617 2212 3685 in
2244 3629 2455 3685 Christo
2499 3633 2551 3685 et
2598 3630 2659 3683 in
2689 3627 2883 3689 nobis;
2939 3627 3069 3699 quia
3115 3623 3360 3680 tenebrae
3382 3622 3797 3694 prseterian

2150 3728 2200 3775 et
2253 3721 2353 3774 lux
2385 3721 2508 3792 jam
2557 3718 2697 3773 lucet
2740 3715 2877 3789 (Ibid
2927 3716 3002 3787 8).
3044 3714 3114 3769 Et
3155 3728 3435 3768 rursum:
3472 3711 3803 3766 Charissimi

2150 3826 2297 3864 nunc
2325 3808 2433 3878 filii
2461 3809 2559 3864 Dei
2586 3822 2793 3873 sumus,
2825 3808 2877 3859 et
2931 3802 3165 3859 necdum
3227 3801 3490 3872 apparuit
3535 3798 3669 3870 quid
3708 3802 3801 3868 fu-

2150 3900 2266 3954 turi
2317 3913 2525 3952 sumus.
2581 3896 2795 3951 Scimus
2842 3901 3043 3961 autem,
3103 3892 3236 3962 quia
3296 3906 3419 3946 cum
3451 3888 3798 3960 apparuerit,

2148 3988 2356 4041 similes
2384 3988 2438 4042 ei
2467 3986 2677 4040 erimus
2701 4002 2719 4037 :
2748 3983 3010 4054 quoniam
3036 3979 3344 4035 videbimus
3366 3993 3492 4033 eum
3509 3977 3674 4031 sicuti
3696 3979 3799 4031 est.

2148 4078 2212 4130 Et
2243 4076 2417 4129 omnis
2447 4075 2543 4144 qui
2570 4071 2729 4127 habet
2754 4072 2894 4125 hanc
2920 4085 3091 4141 spem,
3122 4068 3391 4138 castiﬁcat
3419 4064 3795 4136 semetipsum,

2147 4166 2285 4220 sicut
2313 4170 2364 4220 et
2390 4162 2485 4217 ille
2513 4167 2688 4216 castus
2709 4162 2788 4215 est
2817 4159 2864 4229 (1
2890 4159 3044 4215 Joan.
3089 4174 3174 4223 ιιι,
3219 4159 3274 4223 2,
3323 4155 3401 4225 3).
3453 4155 3518 4209 In
3545 4153 3645 4208 hoc
3667 4167 3796 4224 per-

2144 4328 2269 4379 tum
2304 4337 2473 4393 porro
2507 4318 2958 4393 Apitiinomen;
2991 4314 3228 4393 Paxami
3257 4327 3388 4393 vero
3403 4308 3797 4393 “mentionem

2149 4338 2269 4379 tum
2304 4338 2473 4393 porro
2507 4338 2545 4374 Λ
2574 4338 2675 4374 ιιιιι
2708 4338 2958 4385 nomen;
2992 4338 3228 4371 raxuuu
3258 4338 3388 4370 vero
3431 4338 3652 4366 uwuuu

2149 4394 2284 4450 facit
2314 4338 2633 4448 Columeila
2661 4390 2809 4445 libro
2839 4389 2910 4444 de
2936 4404 2995 4443 re
3028 4386 3286 4450 Rustica,
3316 4390 3373 4440 et
3401 4382 3612 4439 Suidas
3639 4398 3652 4436 :

2148 4465 2387 4536 scripsit
2431 4468 2626 4536 autem
2661 4459 3114 4536 6Lt1_proriuai._ln
3164 4457 3382 4536 aliquot
3446 4452 3795 4536 φιληρέτμ-

2070 4530 2115 4593 Ι)
2149 4537 2251 4591 mii
2270 4522 2511 4606 legitur.
2544 4533 2654 4606 Pro
2685 4522 3005 4606 fricticulas
3027 4522 3282 4606 Gravius
3299 4522 3549 4606 "mavult
3578 4523 3793 4606 ﬁtillas.

2148 4590 2313 4663 Certe
2337 4590 2651 4670 Krnobius,
2684 4590 2786 4658 lib.
2822 4618 2935 4657 vn:
2967 4624 2996 4650 «
3031 4599 3204 4670 Quid,
3227 4596 3469 4670 titillas,_
3500 4590 3642 4665 quid
3672 4590 3799 4670 fru-

2148 4695 2301 4743 men,
2360 4693 2484 4748 qua:
2539 4666 2705 4748 sunt
2735 4669 3383 4748 pulicum_nomina?p
3425 4666 3517 4748 pe
3571 4667 3800 4748 mutata

2142 4735 2438 4806 Joviniahi
2468 4750 2625 4802 veste
2656 4735 2785 4800 vide
2816 4762 2943 4816 quae
2975 4738 3550 4816 adnotam_us__infra,_
3570 4735 3609 4791 Ι.
3642 4752 3704 4791 ιι.

2214 4822 2235 4855 ³
2266 4820 2500 4874 Balneas
2519 4832 2729 4888 quoque
2766 4808 3428 4888 ac'fricticulassNullus
3449 4808 3628 4888 code};
3665 4822 3789 4888 ins.

2145 4891 2285 4964 legit
2309 4906 2450 4964 cum
2480 4878 2654 4964 editis
2682 4878 2931 4964 fritillus,
2966 4886 3067 4964 sed
3098 4883 3384 4964 fidiculas,
3420 4878 3508 4935 vel
3537 4879 3795 4964 fricticu-

2145 4947 2246 5020 las).
2282 4960 2602 5017 Fricticulaa
2630 4947 2761 5014 vers
2792 4947 3069 5014 dicuntur
3084 4947 3189 5011 abs
3216 4947 3564 5024 Hieranymo
3585 4947 3792 5024 culinis

2143 5019 2405 5090 ciborum
2438 5031 2770 5086 frictorum:
2804 5045 2986 5100 quare
3017 5025 3258 5099 pulchre
3287 5019 3598 5095 conjungit
3614 5019 3797 5075 fricti-

2144 5104 2345 5161 culum
2377 5119 2512 5159 cum
2543 5101 2797 5174 popinis.
2832 5100 3121 5155 Murrus.
3160 5173 3163 5174 ν
3212 5167 3222 5174 _
3285 5166 3296 5174 ι
3422 5123 3430 5132 ·

2212 5178 2255 5232 ⁴.
2289 5177 2396 5231 Pro
2427 5162 2563 5228 voce
2589 5162 2831 5229 ventrem
2864 5187 3006 5226 mss.
3043 5167 3224 5225 nostri
3282 5166 3486 5238 legunt
3514 5162 3794 5234 accipient

2141 5263 2323 5303 aerem
2351 5244 2436 5300 vel
2467 5261 2627 5311 aera,
2662 5259 2913 5311 quorum
2944 5242 3053 5297 etsi
3075 5255 3316 5295 sensum
3339 5249 3789 5311 nonassequor,

2144 5302 2384 5372 moneor
2414 5302 2626 5370 tamen,
2669 5302 3235 5386 depravatumhunc
3262 5324 3388 5386 esse
3418 5302 3785 5386 Hiersonymi

2142 5388 2374 5443 locum:
2429 5387 2569 5457 quid
2628 5375 2785 5457 enim
2862 5390 2993 5454 post
3055 5384 3179 5437 haec
3231 5381 3500 5457 praeferat
3533 5375 3786 5457 Christo,

2143 5459 2253 5516 sibi
2279 5448 2478 5512 volunt
2508 5457 2628 5512 haec
2660 5456 2790 5511 alia.
2824 5448 2886 5510 Et
2913 5448 3447 5526 purpuram—coloris
3492 5448 3607 5518 ejus
3635 5449 3792 5525 putet

2142 5546 2311 5658 regraa
2338 5528 2612 5584 caelorum.
2647 5528 2824 5583 Miror
2852 5521 2973 5583 haec
3004 5521 3038 5581 ὁ.
3066 5522 3302 5582 nemine
3338 5521 3629 5579 editorum
3661 5521 3789 5574 ani-

2143 5619 2242 5658 ma
2286 5616 2473 5658 versa.

2143 5616 2473 5665 madversa.
