5364 6558
289 220 390 287 181

1380 216 1799 287 ADVERSUS
1842 218 2328 288 JOVINIANUM
2378 217 2521 286 LIB.
2567 218 2618 286 Ῑ.

3576 220 3697 293 282

286 358 424 429 [ecta
471 361 551 414 est
600 362 789 415 nostra
835 354 1096 427 eharitas,
1146 360 1195 414 si
1242 359 1501 429 ﬁduciam
1552 357 1843 413 habeamus
1877 359 1939 412 in
1965 359 2020 425 Α
2048 357 2215 426 debo,
2258 358 2413 428 quod
2441 357 2541 430 qui
2574 362 2775 415 octava
2807 357 2900 413 die
2929 356 3309 416 circumcisus
3359 364 3467 428 est,
3501 364 3558 417 et
3586 378 3693 435 pro

284 448 426 504 diem
445 448 668 520 judicii
691 468 709 503 :
740 453 797 503 ut
829 448 1091 520 quomodo
1144 448 1245 505 ille
1288 457 1386 514 est,
1438 451 1514 504 sic
1560 452 1609 502 et
1644 464 1740 503 nos
1769 450 1944 503 simus

283 539 342 592 in
372 537 475 592 hoc
517 540 723 595 5.1?qu
775 541 820 608 (Ι
874 541 1033 594 Joan.
1098 556 1170 605 1v,
1231 539 1339 607 17).
1402 536 1656 608 Epistola
1713 552 1944 607 quoque

281 626 448 683 Judze
485 627 601 682 tale
634 628 775 699 quid
812 629 1125 699 signiﬁcat.
1165 626 1420 682 0dientes
1445 636 1496 682 et
1543 629 1729 680 carnis
1758 628 1942 697 pollu-

284 724 399 771 tam
461 720 705 771 tunicam
765 717 947 788 (Iuda?
1002 718 1113 785 ‘23).
1184 721 1467 782 Legamus
1533 715 1940 787 Apocalypsim

282 805 557 867 Joannis.
589 810 645 859 et
676 806 755 859 ibi
788 806 1146 877 reperiemus
1189 806 1421 874 Agnum
1467 820 1643 875 super
1679 809 1937 858 montem

283 893 450 959 Sion,
482 898 540 947 et
565 910 705 947 cum
738 911 805 948 eo
838 898 1073 948 centum
1106 893 1496 964 quadraginta
1528 897 1776 963 quatuor
1812 892 1939 947 mil-

283 980 357 1036 lia
402 982 814 1053 signatorum,
864 982 1207 1036 habentium
1268 997 1480 1035 nomen
1530 982 1677 1051 ejus,
1731 984 1787 1034 et
1841 998 1913 1034 n0

281 1086 411 1124 men
446 1070 647 1124 Patris
682 1072 814 1141 ejus
863 1071 1149 1141 scriptum
1200 1070 1258 1124 in
1308 1069 1599 1123 frontibus
1649 1070 1796 1138 suis,
1846 1070 1943 1140 qui

280 1162 523 1213 cantant
552 1158 865 1213 Canticum
906 1175 1143 1223 novum,
1200 1163 1256 1212 ct
1306 1174 1475 1213 nemo
1520 1163 1707 1229 potest
1755 1157 1946 1211 dicere

284 1247 595 1301 Canticum
629 1246 825 1313 illlud,
861 1247 972 1301 nisi
1003 1247 1061 1300 hi
1109 1247 1207 1318 qui
1253 1246 1434 1317 empti
1487 1251 1625 1301 sunt
1667 1246 1738 1300 de
1772 1251 1943 1300 terra.

290 1336 392 1391 Isti
425 1342 563 1389 sunt
593 1337 695 1406 qui
739 1352 875 1391 cum
926 1334 1273 1390 mulieribus
1326 1352 1388 1389 se
1437 1352 1551 1390 non
1602 1334 1946 1405 coinquina-

287 1428 514 1487 verunt,
581 1424 862 1496 virgines,
935 1424 1090 1478 enim
1143 1428 1613 1495 permanserunt.
1674 1424 1826 1478 305
1880 1424 1945 1477 Hi

284 1519 624 1583 sequuntur
656 1516 894 1583 Agnum
944 1529 1295 1583 quocunque
1340 1512 1544 1566 vadit:
1596 1513 1775 1584 empti
1812 1516 1950 1566 sunt

280 1602 432 1656 enim
465 1618 540 1657 ex
572 1600 920 1655 hominibus
951 1601 1221 1672 primitiae
1253 1601 1366 1656 Deo
1397 1608 1452 1655 et
1480 1602 1668 1670 Agno,
1691 1606 1746 1655 et
1771 1602 1828 1655 in
1853 1617 1949 1655 ore

276 1689 553 1761 ipsorum
608 1706 727 1744 non
796 1694 885 1744 est
929 1689 1230 1744 inventum
1281 1691 1674 1757 mendacium,
1726 1694 1781 1744 et
1825 1690 1949 1744 sine

282 1778 518 1834 macula
554 1783 721 1833 sunt.
762 1778 843 1832 De
887 1778 1138 1849 singulis
1184 1779 1479 1841 tribubus,
1526 1782 1762 1849 excepta
1793 1779 1948 1834 tribu

278 1868 426 1934 Dan,
462 1884 579 1939 pro
628 1884 747 1938 qua
790 1866 1088 1938 reponitur
1136 1866 1345 1933 tribus,
1400 1868 1587 1933 Levi‘,
1641 1867 1947 1922 duodecim

280 1956 476 2012 millia
527 1956 828 2027 virginum
883 1956 1246 2027 signatorum
1309 1956 1601 2011 creditura
1652 1956 1948 2023 dicuntur,

285 2046 572 2116 quicum
605 2042 943 2100 mulieribus
986 2061 1100 2098 non
1145 2048 1286 2099 sunt
1335 2044 1718 2116 coinquinati.
1768 2047 1846 2099 Ac
1879 2062 1950 2100 ne

276 2140 647 2207 .putaremus
676 2134 745 2188 de
775 2133 871 2187 his
900 2133 1036 2199 dici,
1071 2134 1169 2204 qui
1206 2137 1396 2189 scorta
1427 2151 1539 2189 non
1575 2138 1808 2199 norunt,
1832 2138 1949 2189 sta-

282 2225 390 2277 tim
428 2221 676 2277 intulit:
716 2224 974 2291 Virgines
1015 2224 1163 2277 enim
1205 2231 1651 2293 permanserunt.
1706 2223 1784 2276 Ex
1835 2239 1949 2294 quo

278 2311 553 2368 ostendit
583 2327 791 2365 omnes
822 2311 925 2381 qui
956 2312 1212 2381 virgines
1244 2328 1360 2366 non
1385 2315 1851 2382 permanserunt,
1876 2312 1948 2366 ad

282 2401 800 2472 comparationem
826 2399 1151 2470 purissima:
1183 2406 1240 2454 et
1263 2399 1536 2471 angelicae
1563 2400 1870 2467 castitatis,
1894 2404 1953 2454 et

287 2489 477 2561 ipsius
509 2489 751 2543 Domini
787 2488 969 2542 nostri
1002 2488 1141 2543 Jesu
1174 2488 1407 2558 Christi,
1432 2505 1557 2544 esse
1579 2488 1849 2560 pollutos.
1876 2489 1953 2542 Hi

285 2582 421 2633 sunt
449 2580 546 2648 qui
594 2582 830 2631 cantant
880 2578 1168 2631 Canticum
1217 2593 1435 2643 novum,
1492 2577 1629 2648 quod
1674 2593 1828 2633 nemo
1854 2594 1951 2648 p0-

283 2675 377 2722 test
408 2683 639 2732 canere,
675 2667 790 2719 nisi
818 2668 913 2736 qui
942 2667 1100 2734 virgo
1129 2670 1225 2720 est.
1271 2667 1338 2719 Ili
1386 2665 1526 2720 sunt
1555 2668 1825 2737 primitiae
1858 2667 1954 2720 Dei

280 2762 331 2812 et
359 2758 532 2826 Agm',
568 2760 623 2809 et
656 2756 779 2809 sine
824 2756 1042 2808 macula
1092 2754 1254 2825 (Apoc
1303 2772 1419 2824 xw,
1451 2756 1503 2819 3,
1559 2757 1632 2825 4).
1688 2755 1747 2810 Si
1778 2755 1951 2827 virgi-

284 2862 386 2900 nes
420 2843 711 2916 primitise
736 2842 836 2897 Dei
859 2847 999 2897 sunt
1023 2860 1034 2897 :
1059 2858 1195 2914 ergo
1216 2843 1401 2897 viduae
1419 2848 1474 2897 et
1501 2843 1559 2896 in
1580 2843 1953 2898 matrimonio

280 2934 689 2993 continentes,
722 2935 889 2985 erant
919 2936 1051 3003 post
1083 2931 1397 3003 primitias,
1430 2932 1487 2986 id
1521 2936 1627 2997 est,
1655 2933 1714 2986 in
1747 2950 1951 2987 secun-

284 3023 355 3077 do
386 3027 445 3077 et
476 3021 660 3076 tertio
684 3020 870 3091 gradu
896 3038 908 3074 :
946 3036 1048 3074 nec
1078 3021 1243 3091 prius
1278 3021 1539 3091 perditus
1562 3020 1814 3091 populus
1841 3021 1953 3075 sal-

1982 1732 2026 1795 B

2054 464 2168 519 quo
2201 450 2334 518 pars
2366 452 2683 515 turturum,
2718 451 2774 503 et
2802 448 2916 502 duo
2966 448 3110 519 pulli
3160 449 3563 506 columbarum
3597 451 3690 507 die

2051 536 2419 607 purgationis
2465 537 2645 591 oblati
2694 540 2850 604 sunt,
2902 554 3033 591 cum
3079 539 3321 608 caeteris,
3376 544 3691 612 antequam

2053 628 2366 696 pateretur,
2400 625 2704 679 Judaicam
2738 625 3221 680 consuetudinem
3262 628 3693 698 comprobavit:

2053 730 2123 768 ne
2154 712 2272 767 illis
2304 714 2666 769 occasionem
2694 716 2852 785 juste
2901 732 2962 769 se
3009 714 3397 770 interficiendi
3442 718 3695 773 tribuere

2052 802 2363 867 videretur,
2398 802 2565 873 quasi
2597 802 2784 875 legem
2824 804 3132 858 destruens
3163 804 3569 874 damnansque
3599 823 3694 860 na-

2050 895 2265 945 turam.
2287 894 2630 961 Quanquam
2648 896 2703 945 et
2726 891 2832 946 hoc
2865 910 2966 962 pro
2990 893 3177 947 nobis.
3204 894 3309 957 Qui
3335 894 3490 947 enim
3514 895 3694 949 semel

2051 978 2208 1033 venit
2256 980 2325 1033 ad
2375 980 2629 1050 nuptias,
2681 979 2858 1034 semel
2910 980 3108 1034 docuit
3150 996 3278 1035 csse
3327 982 3691 1037 nubendum.

2054 1070 2215 1123 306
2248 1069 2315 1121 Et
2346 1074 2485 1121 tunc
2515 1069 2833 1139 virginitati
2865 1075 3061 1139 posset
3090 1069 3340 1137 officere,
3375 1071 3422 1124 si
3463 1070 3701 1142 nuptias

2054 1162 2185 1227 post
2229 1158 2643 1229 virginitatem,
2694 1161 2750 1211 et
2792 1157 3091 1212 viduitatis
3139 1159 3549 1214 castimoniam
3584 1178 3697 1215 non

2055 1244 2113 1298 in
2147 1246 2329 1315 gradu
2363 1245 2530 1299 tertio
2563 1261 2927 1316 poneremus.
2958 1246 3122 1299 Nunc
3148 1250 3341 1299 autem
3362 1263 3494 1301 cum
3520 1247 3700 1302 haere-

2054 1331 2302 1387 ticorum
2354 1334 2428 1387 sit
2479 1334 2757 1388 damnare
2807 1334 3098 1405 conjugia,
3166 1338 3223 1388 et
3267 1334 3365 1389 Dei
3428 1352 3701 1406 spernere

2056 1422 2471 1488 conditionem,
2506 1422 2794 1493 quidquid
2827 1423 2896 1477 de
2926 1423 3097 1477 laude
3145 1423 3354 1477 dixerit
3403 1423 3507 1496 [Αἰ.
3542 1425 3701 1480 dixe-

2058 1512 2193 1581 rint]
2230 1510 2620 1581 nuptiarum3,
2648 1511 2893 1566 libenter
2922 1512 3216 1567 audimus.
3252 1512 3504 1568 Ecclesia
3543 1514 3698 1569 enim

2058 1601 2435 1654 matrimonia
2463 1617 2576 1655 non
2610 1601 2870 1667 damnat,
2906 1601 3004 1655 sed
3039 1600 3312 1669 subiicit;
3342 1618 3445 1656 nec
3477 1602 3700 1673 abjicit,

2059 1690 2159 1744 sed
2185 1690 2521 1759 dispensat;
2557 1690 2766 1755 sciens,
2802 1695 2865 1743 ut
2896 1706 3077 1760 supra
3107 1690 3384 1755 diximus,
3437 1690 3495 1744 in
3526 1692 3701 1746 domo

2062 1793 2277 1849 magna
2306 1794 2421 1833 non
2454 1778 2644 1833 solum
2680 1795 2808 1833 esse
2839 1796 2976 1834 vasa
2996 1796 3172 1834 aurea
3204 1783 3259 1834 et
3281 1784 3576 1851 argentea,
3603 1781 3701 1835 sed

2060 1870 2115 1921 et
2146 1866 2339 1937 lignea
2370 1870 2427 1920 et
2459 1866 2693 1934 fictilia;
2743 1874 2798 1921 et
2823 1867 2937 1922 alia
2982 1884 3109 1923 esse
3157 1867 3216 1924 in
3252 1869 3550 1936 honorem,
3584 1868 3700 1924 alia

2061 1955 2119 2008 in
2150 1954 2566 2010 contumeliam
2597 1974 2609 2023 ;
2635 1960 2691 2010 et
2712 1956 3049 2027 quicunque
3072 1972 3132 2012 se
3160 1957 3545 2027 mundaverit,
3570 1973 3705 2013 eum

2061 2044 2322 2097 futurum
2372 2059 2499 2099 esse
2550 2061 2648 2099 vas
2703 2044 3057 2110 honorabile,
3109 2049 3165 2099 et
3213 2046 3611 2102 necessarium
3646 2046 3704 2101 in

2061 2149 2233 2186 omne
2263 2149 2411 2203 opus
2444 2133 2662 2188 bonum
2696 2139 3106 2203 praeparatum.

2134 2222 2219 2274 41.
2270 2220 2536 2292 Exempla
2580 2238 2609 2275 e
2647 2223 2841 2277 saeculi
2891 2221 3152 2277 historiis.
3211 2223 3514 2290 Virginitas
3563 2224 3708 2291 apud

2062 2309 2321 2364 ethnicos.
2361 2312 2603 2379 Virgines
2653 2310 2855 2364 honore
2903 2327 3116 2380 semper
3162 2310 3367 2365 habitae
3417 2312 3562 2381 apud
3606 2316 3707 2368 Ro-

2060 2414 2268 2452 manos.
2304 2398 2700 2468 Spartanorum
2730 2400 2990 2467 virgines.
3024 2400 3149 2453 Atia
3201 2400 3484 2467 Virginum
3513 2417 3703 2456 exem-

2060 2490 2171 2558 pla.
2206 2518 2273 2525 ——
2304 2486 2455 2543 Satis
2501 2487 2849 2558 abundeque
2907 2486 3250 2541 Christianae
3302 2488 3597 2559 pudicitiae
3648 2494 3705 2544 et

2061 2575 2413 2647 virginitatis
2464 2574 2760 2646 angelicas,
2822 2577 2891 2630 de
2939 2575 3151 2631 divinis
3202 2575 3395 2631 Libris
3446 2577 3710 2643 exempla

2063 2664 2441 2736 praabuimus.
2466 2664 2575 2719 Sed
2601 2665 2876 2735 quoniam
2901 2664 3155 2720 intellexi
3177 2665 3235 2719 in
3260 2666 3705 2722 Commentariis

2063 2753 2403 2820 adversarii,
2440 2754 2734 2824 provocari
2768 2770 2873 2809 nos
2905 2753 3080 2808 etiam
3114 2755 3179 2809 ad
3238 2755 3439 2808 mundi
3477 2757 3709 2827 sapien-

2062 2842 2226 2909 tiam,
2261 2843 2414 2913 quod
2447 2858 2750 2913 nunquam
2785 2842 2892 2897 hoc
2924 2859 3109 2913 genus
3138 2842 3198 2897 in
3231 2843 3440 2897 saeculo
3474 2845 3549 2898 sit
3580 2861 3712 2915 pro-

2063 2932 2288 2997 batum,
2321 2936 2378 2985 et
2415 2946 2629 2985 novum
2678 2931 2888 3002 dogma
2937 2937 3138 2985 contra
3187 2936 3454 2985 naturam
3507 2931 3707 3003 religio

2066 3026 2265 3075 nostra
2316 3020 2654 3091 prodiderit,
2707 3036 3042 3090 percurram
3092 3020 3342 3075 breviter
3390 3020 3617 3076 Graecas
3655 3025 3712 3076 et

279 3113 401 3167 vari
429 3110 680 3183 poterit,
718 3109 831 3164 nisi
871 3108 1020 3164 tales
1060 3109 1284 3164 hostias
1325 3110 1614 3165 castitatis
1645 3115 1757 3165 Deo
1789 3110 1953 3164 obtu-
1983 3100 2025 3165 C
2066 3109 2302 3164 Latinas
2333 3108 2735 3179 Barbarasque
2768 3107 3062 3177 historias,
3096 3113 3151 3163 et
3166 3109 3383 3165 docebo
3405 3110 3705 3181 virginita-

281 3199 435 3266 lerit,
465 3204 527 3254 et
559 3196 1012 3252 immaculatum
1045 3202 1301 3269 Agnum,
1328 3198 1682 3268 purissimus
1704 3197 1954 3253 victimis

290 3286 787 3343 reconciliaverit.
821 3285 1120 3339 Infinitum
1164 3290 1254 3340 est
1302 3286 1371 3340 de
1412 3286 1721 3358 Evangelio
1753 3286 1955 3342 decem

287 3376 592 3448 virginum
625 3390 916 3445 exponere
950 3378 1399 3449 sacramentum
1437 3374 1697 3446 quinque
1747 3375 1954 3429 stulta-

296 3481 437 3519 rum
466 3470 524 3519 et
553 3464 813 3535 quinque
845 3462 1200 3534 sapientum.
1245 3463 1364 3517 Hoc
1393 3463 1583 3517 solum
1621 3481 1776 3518 nunc
1803 3464 1952 3533 dico,

308 3554 468 3623 quod
499 3552 787 3622 quomodo
818 3552 1044 3622 absque
1076 3552 1297 3607 caeteris
1329 3553 1603 3623 operibus
1648 3553 1956 3625 virginitas

304 3640 436 3697 sola
466 3657 580 3696 non
606 3639 803 3703 salvat,
829 3640 914 3695 sic
937 3640 1135 3695 omnia
1156 3657 1334 3711 opera
1353 3641 1575 3712 absque
1598 3641 1953 3713 virginitate,

297 3730 579 3802 puritate,
631 3728 1012 3795 continentia,
1064 3730 1350 3793 castitate,
1401 3729 1742 3801 imperfecta
1792 3736 1950 3786 sunt.

291 3820 377 3875 Ex
424 3837 542 3891 quo
607 3834 986 3889 nequaquam
1026 3834 1133 3872 nos
1193 3818 1337 3872 illud
1386 3820 1597 3889 poterit
1646 3818 1951 3891 impedire,

292 3910 449 3981 quod
483 3908 867 3964 adversarius
898 3908 1116 3977 objicit,
1152 3907 1333 3963 fuisse
1363 3908 1678 3963 Dominum
1712 3910 1769 3962 in
1802 3913 1956 3964 Cana

291 3997 563 4063 Galilaza,
612 4000 672 4051 et
720 3996 1062 4067 nuptiarum
1110 3996 1258 4051 festa
1317 3995 1663 4064 celebrasse,
1717 3997 1951 4067 quando

283 4101 471 4157 aquas
492 4083 677 4139 vertit
700 4082 762 4138 in
784 4083 1007 4138 vinum.
1035 4083 1151 4139 Hoc
1174 4084 1328 4139 enim
1353 4083 1695 4139 brevissime
1718 4100 1953 4157 respon-

363 4209 381 4242 ¹
413 4208 685 4274 Videtur,
720 4206 917 4278 inquit
946 4208 1212 4275 Gravius,
1247 4208 1442 4278 potius
1466 4208 1656 4262 tribus
1681 4208 1951 4265 Manasse

295 4278 407 4334 ﬁlii
435 4278 647 4351 Joseph
686 4277 990 4351 protribu
1044 4283 1161 4351 Dan
1216 4277 1488 4349 reposita,
1539 4296 1672 4351 cum
1725 4280 1853 4334 Levi
1885 4298 1953 4336 ex

286 4349 643 4422 patriarcbis
672 4349 988 4404 duodecim
1022 4350 1100 4403 sit
1146 4350 1380 4413 tertius,
1433 4356 1487 4405 et
1540 4350 1696 4404 filius
1746 4351 1945 4407 Jacob.

365 4423 387 4455 ε
414 4420 701 4477 Voculam
736 4438 838 4477 var
868 4422 1208 4476 suil'ecimus
1238 4438 1307 4476 ex
1339 4438 1485 4477 mss.
1530 4428 1585 4476 et
1616 4423 1792 4476 veteri
1826 4423 1945 4477 edi-

448 4437 701 4477 ‘oculam
731 4438 838 4492 par
868 4437 1208 4476 SUIIBClmUS
1238 4438 1307 4476 ΘΧ
1339 4438 1485 4477 mss.
1530 4437 1585 4476 BL
1616 4437 1792 4476 veteri
1826 4437 1950 4477 8G1-

287 4495 470 4549 tione.

355 4566 382 4598 ³
411 4563 633 4635 Collige
664 4580 732 4617 ex
766 4561 858 4616 his
891 4562 1163 4635 rumoris
1189 4562 1522 4628 falsitatem,
1570 4580 1700 4617 cum
1732 4565 1802 4619 ab
1836 4564 1946 4619 hae-

282 4635 507 4701 reticis,
540 4633 691 4690 teste
734 4634 1060 4703 Augustino
1107 4633 1207 4688 lib.
1258 4651 1298 4688 Il
1342 4635 1612 4690 Retract..
1669 4652 1716 4689 c.
1756 4639 1843 4703 1‘2,
1875 4637 1946 4691 de

281 4710 646 4779 Hieronymo
667 4706 1007 4779 jactabatur,
1038 4707 1324 4779 Joviniano
1354 4706 1677 4779 respondere
1714 4724 1821 4761 non
1845 4724 1943 4778 po-

286 4779 465 4832 tuisse
492 4776 609 4832 cum
641 4776 824 4843 lawte,
858 4776 951 4830 sed
992 4793 1115 4830 cum
1159 4778 1556 4847 vituperatione
1598 4776 1939 4847 nuptiarum.

374 4850 794 4905 ‘Clmlchiaecus
840 4863 1069 4918 quoque,
1120 4853 1227 4902 etc.
1288 4852 1411 4902 Non
1476 4852 1632 4902 extat
1681 4850 1799 4903 haec
1855 4850 1943 4903 hi-

286 4922 495 4986 storia,
529 4920 688 4992 quod
722 4919 928 4992 sciam»,
963 4919 1117 4989 apud
1164 4924 1429 4992 auctores
1476 4919 1828 4992 fabularum.
1864 4922 1944 4976 De

280 4992 419 5065 aliis
462 4989 636 5065 porro
678 4989 1035 5065 virginibus,
1062 5006 1142 5065 ac;
1172 4990 1406 5065 Sibyllis
1456 4990 1585 5065 vide
1630 4991 1940 5065 Nasonem,

275 5062 385 5120 lib.
422 5060 549 5127 vin,
580 5068 637 5117 et
667 5080 702 5115 χ
733 5060 943 5116 Metam.
975 5078 987 5126 ;
1020 5060 1290 5115 Lactant.’
1318 5060 1419 5115 lib.
1470 5079 1487 5115 1
1541 5062 1605 5115 de
1651 5063 1809 5116 Falsa
1844 5064 1942 5117 Re-

274 5136 379 5215 tig.
408 5153 421 5189 :
457 5137 711 5215 August.
738 5134 803 5215 de
834 5133 1007 5215 Civit;
1029 5132 1144 5215 Dei,
1336 5150 1497 5215 intui,
1531 5150 1657 5203 cap.
1692 5135 1794 5198 23;
1828 5134 1938 5215 Tit.

278 5202 405 5261 Liv.
442 5202 793 5260 vmWDecad.
854 5220 917 5275 1;
967 5202 1148 5257 Valer.
1201 5203 1350 5275 Max.
1395 5204 1495 5257 lib.
1548 5221 1672 5269 Vill,
1727 5221 1850 5275 cap.
1887 5206 1937 5272 -l,

274 5282 394 5333 etc.
454 5277 744 5331 Mam-mn.
776 5306 842 5315 —
890 5273 1012 5327 Duo
1067 5274 1420 5345 exemplaria
1466 5279 1663 5328 nostra
1710 5273 1941 5330 Citati-ze-

273 5365 389 5403 cos.
424 5346 841 5402 Casanatensis
874 5346 1251 5415 Calcoi’equos,
1284 5346 1356 5400 al.
1384 5346 1721 5413 Calcodecus,
1754 5349 1940 5415 quod-

274 5436 422 5475 nam
456 5436 523 5474 ex
559 5420 652 5474 bis
684 5421 917 5489 priestct
943 5416 1304 5489 ignoramus.
1347 5417 1697 5489 Chalicizccus
1729 5416 1938 5473 Miner-

274 5508 364 5545 va:
414 5492 567 5546 aedes
622 5488 940 5562 vocabatur
969 5488 1047 5562 _in
1099 5488 1554 5562 Lacedaemonis,
1609 5490 1764 5562 unde
1810 5492 1940 5562 ipsa

277 5578 521 5633 quoque
550 5562 815 5619 Minerva
846 5557 1205 5618 Chalcicecus
1228 5559 1553 5633 appellatur
1582 5578 1615 5617 a
1646 5557 1937 5634 plerisque

1982 4470 2026 4533 D

2063 3202 2180 3252 tem
2213 3213 2445 3267 semper
2474 3197 2733 3253 tenuisse
2766 3197 3057 3268 pudicitiae
3088 3197 3501 3270 principatum.
3538 3200 3706 3254 Refe-

2066 3290 2203 3342 runt
2236 3285 2442 3340 fabula:
2473 3286 2800 3341 Atalantam
2830 3286 3201 3359 Calydoniam
3234 3287 3517 3360 virginem
3549 3305 3708 3344 sem—

2064 3390 2168 3445 per
2198 3374 2256 3428 in
2286 3374 2616 3441 venatibus,
2651 3391 2881 3447 semper
2924 3374 2980 3428 in
3029 3375 3211 3444 silvis,
3265 3393 3377 3431 non
3413 3382 3707 3433 tumentes

2064 3467 2260 3518 uteros
2293 3463 2643 3518 feminarum
2678 3464 3025 3535 fastidiaquc
3049 3470 3457 3537 conceptuum,
3484 3467 3584 3521 sed
3607 3484 3709 3522 ex—

2065 3554 2320 3623 peditam
2353 3558 2408 3608 et
2447 3558 2667 3608 castam
2718 3569 2947 3608 amasse
2994 3554 3289 3609 virtutem.
3340 3555 3706 3626 Harpalicem

2066 3658 2297 3713 quoque
2328 3641 2609 3713 virginem
2640 3642 2947 3697 Thraciam
2980 3642 3230 3712 insignis
3263 3648 3431 3713 poeta
3453 3644 3704 3713 (VmGIL.

2069 3748 2083 3784 1
2127 3730 2367 3799 zEneid.)
2415 3730 2732 3797 describit;
2784 3736 2841 3785 et
2889 3732 3149 3802 reginam
3209 3730 3549 3786 Volscorum
3601 3732 3707 3787 Ca-

2065 3818 2311 3883 millam,
2346 3835 2521 3889 quam
2555 3820 2809 3883 Turnus,
2842 3819 2933 3874 cui
2966 3819 3179 3897 auxilio
3215 3824 3468 3887 venerat,
3504 3820 3710 3877 lauda-

2064 3924 2124 3962 re
2154 3908 2372 3972 volens,
2407 3924 2521 3962 non
2567 3907 2821 3978 amplius
2870 3909 3077 3964 habuit
3118 3910 3271 3980 quod
3323 3909 3559 3976 diceret,
3594 3910 3707 3966 nisi

2061 3996 2345 4068 virginem
2380 3996 2724 4050 nominaret.
2782 3997 2820 4052 0
2867 3997 3025 4053 decus
3077 4000 3274 4065 ltaliw,
3328 4001 3479 4070 virgo
3505 3999 3703 4071 (idem,

2060 4084 2162 4139 lib.
2199 4083 2745 4155 x1)!Chalchioccus
2784 4102 3014 4157 quoque
3046 4088 3067 4120 ⁴
3115 4087 3213 4142 illa
3265 4086 3384 4142 ﬁlia
3433 4093 3561 4155 Leo,
3594 4089 3706 4143 vir-

2062 4206 2272 4263 Grtecis
2302 4206 2705 4277 scriptoribus.
2740 4206 3032 4264 Victorius
3074 4226 3250 4264 unam
3282 4225 3350 4263 ex
3400 4208 3493 4265 his
3539 4213 3706 4277 putat

2060 4277 2327 4344 indicari,
2360 4295 2487 4349 quae
2515 4295 2548 4331 a
2577 4278 2759 4333 Suida
2789 4279 2898 4333 sub
2940 4278 3072 4335 aliis
3121 4280 3460 4335 nominibus
3508 4277 3703 4335 Theo-

2059 4366 2161 4421 pes
2211 4366 2440 4421 nempe,
2498 4350 2791 4415 Embules,
2824 4355 2880 4404 et
2919 4351 3218 4407 Pasitheas
3276 4357 3706 4417 memorantur,

2060 4439 2326 4494 quarum,
2370 4438 2486 4476 una
2530 4427 2713 4494 morte
2758 4421 3085 4478 voluntaria
3150 4427 3391 4494 pestem,
3461 4426 3706 4480 deorum

2058 4492 2251 4567 ira_m,_
2276 4493 2628 4567 placaverit:
2678 4509 2925 4567 eamque
2972 4492 3643 4567 forte—cognominatum
3676 4514 3709 4551 a

2056 4563 2291 4639 Pallade
2323 4563 2920 4639 ChalciiecumrNota
2966 4581 3032 4619 cx
3062 4563 3354 4639 plurimis
3403 4567 3705 4639 scriptori-

2055 4635 2166 4689 bus
2203 4651 2350 4705 quos
2402 4636 2692 4690 Meursius
2743 4636 2801 4690 in
2850 4635 3128 4692 Ceromic.
3174 4638 3374 4693 laudat
3415 4635 3701 4705 historia;

2057 4723 2181 4781 qua:
2212 4706 2384 4781 refert
2416 4711 2531 4760 tres
2564 4724 2678 4761 una
2710 4724 2914 4763 omnes
2935 4710 3187 4764 Minerva:
3229 4727 3332 4781 pro
3383 4708 3570 4762 salute
3605 4725 3702 4781 ur-

2054 4776 2145 4831 bis
2178 4776 2452 4841 Athenar,
2487 4782 2790 4841 mactatas,
2841 4781 2991 4834 unde
3036 4776 3325 4835 Leocorion
3368 4783 3565 4834 sancte
3595 4779 3703 4832 de-

2053 4848 2309 4902 dicatum
2342 4854 2431 4901 est
2461 4848 2518 4901 in
2547 4866 2748 4903 earum
2782 4850 3145 4904 memoriam.
3188 4851 3479 4903 Laudatus
3510 4850 3707 4904 Meur-

2054 4920 2178 4974 sius
2202 4919 2442 4991 proinde
2461 4919 2865 4991 corrigendum
2890 4920 3011 4974 vult
3029 4938 3129 4991 pro
3147 4921 3221 4974 Cl;
3233 4920 3540 4991 alchizccus
3558 4921 3701 4976 duo-

2053 4991 2163 5045 bus
2197 4990 2384 5044 verbis
2417 4990 2569 5043 Haud
2614 5007 2782 5055 secus,
2834 4991 2987 5059 quod
3031 4990 3284 5061 probare
3334 4990 3493 5045 nullo
3526 4993 3701 5048 modo

2053 5078 2317 5133 possum.
2350 5062 2616 5115 Fortasse
2631 5067 2833 5133 autem
2860 5061 3367 5133 Hieronymianam
3393 5062 3706 5119 lectionem

2051 5130 2369 5198 tuebimur,
2404 5133 2452 5185 si
2476 5130 2889 5203 appellativum
2916 5131 3060 5187 illud
3078 5130 3295 5191 nomen
3319 5135 3699 5192 Chalchiwcus

2054 5223 2165 5278 non
2197 5204 2505 5278 proprium;
2529 5219 2833 5273 agnoscas,
2867 5220 3048 5275 eoque
3079 5206 3229 5260 scias
3278 5206 3559 5261 vocabulo
3594 5224 3700 5278 ap-

2052 5274 2327 5347 pella—tam
2365 5274 2645 5343 virginem
2680 5291 2857 5328 unam
2891 5292 2919 5329 e
2948 5274 3197 5347 quatuor
3220 5278 3485 5333 Minervas
3510 5274 3697 5333 sacer-

2050 5346 2455 5421 dotibusquae
2504 5347 2831 5421 arreptioria
2876 5346 3007 5421 Dote
3059 5351 3319 5421 ferebant
3377 5346 3703 5421 percelcbri

2049 5416 2487 5496 ejusxtthenis
2512 5418 2679 5485 festo,
2736 5420 2889 5488 quod
2919 5419 3063 5496 item
3088 5421 3154 5472 τὰ
3186 5416 3427 5496 [dilaniat
3447 5420 3700 5496 vocabat

2048 5487 2162 5544 tur.
2190 5488 2334 5542 Vide
2365 5488 2437 5543 ad
2475 5487 2624 5545 hanc
2670 5505 2867 5545 vocem
2910 5492 3148 5547 Suidam
3192 5487 3249 5547 et
3300 5493 3620 5553 Meursium
3653 5487 3701 5539 si

2046 5560 2210 5618 lubet
2238 5560 2400 5615 Attio.
2434 5561 2675 5620 Lectica.
2712 5558 2812 5617 lib.
2846 5579 2922 5633 ιν,
2960 5580 3086 5636 cap.
3122 5563 3208 5619 49.
