5364 6558
1062 247 1185 319 383

2302 250 2368 317 S.
2408 247 2717 319 EUSEBll
2762 250 3052 317 HlERON
3064 250 3229 318 YMl.

4341 247 4464 322 181

1061 399 1134 459 go
1161 386 1459 459 perpetua,
1493 382 1892 458 pestilentiam
1923 372 2123 458 patrias
2154 386 2433 444 scribitur
2472 389 2708 458 sponta-
2736 386 2791 452 Α
2820 392 3142 455 cernerent,
3176 386 3342 460 quasi
3371 389 3444 446 ad
3474 387 3758 463 requisita
3803 392 4025 449 natura;
4071 390 4456 464 egredientes,

1064 490 1175 531 nea
1199 476 1387 529 morte
1413 470 1694 541 solvisse;
1726 470 2133 546 et‘Iphigeniae
2178 474 2419 547 virginis
2469 474 2710 546 sanguis
2820 473 3066 531 invicem
3100 494 3161 532 se
3187 477 3499 550 complexae
3547 479 4055 553 praecipitaverunt
4101 478 4159 535 in
4191 482 4466 552 puteum,

1060 563 1337 620 adversos
1386 561 1647 634 placasse
1688 566 1910 618 ventos.
1965 563 2109 627 Quid
2163 564 2404 618 referam
2459 561 2709 634 Sibyllas
2818 567 2885 619 ut
2910 563 3305 636 virginitatem
3340 573 3525 624 morte
3554 574 3864 625 servarent.
3908 569 4268 626 Demotionis
4296 570 4473 624 Areo-

1057 652 1416 727 Erythraaam
1448 654 1623 723 atque
1651 651 1996 720 Cumanam,
2026 656 2082 707 et
2098 656 2225 707 octo
2248 651 2504 723 reliquas
2529 654 2550 706 Ρ
2571 668 2706 705 nam

1054 742 1239 799 Varro
1264 742 1463 796 decem
1487 741 1669 797 fuisse
1691 744 1978 808 autumat,
2008 757 2259 812 quarum
2283 741 2511 812 insigne
2533 739 2706 811 virgi—

1058 831 1212 887 nitas
1241 834 1349 899 est,
1381 834 1437 885 et
1465 828 1817 901 virginitatis
1857 829 2161 901 praemium
2209 830 2507 885 divinatio.
2543 829 2705 893 Quod

1056 921 1106 976 si
1134 918 1335 975 [ἙοΙίθὶ
1366 935 1576 990 genere
1608 918 1897 973 sermonis
1926 917 2146 990 Sibylla
2190 911 2471 983 Θεοϐοὖλη
2508 916 2703 989 appel-

1048 1008 1224 1079 latur,
1258 1013 1409 1064 recte
1439 1007 1735 1063 concilium
1768 1008 1862 1062 Dei
1889 1004 2014 1063 sola
2044 1008 2190 1063 807
2231 1005 2512 1064 scribitur
2534 1022 2705 1062 nosse

1045 1097 1378 1170 virginitas.
1420 1096 1810 1151 Cassandram
1843 1112 2075 1168 quoque
2123 1102 2180 1151 et
2229 1097 2511 1169 Chryscin
2545 1099 2704 1153 vates

1049 1185 1357 1258 Apollinis,
1391 1202 1457 1239 ac
1488 1184 1738 1240 Junonis
1767 1184 2022 1258 virgines
2073 1183 2378 1257 legimus‘.
2414 1186 2482 1240 Et
2511 1202 2700 1241 sacer-

1047 1276 1212 1331 dotes
1240 1274 1435 1329 Dianae
1465 1273 1745 1341 Tauricae,
1779 1278 1836 1328 et
1863 1273 2070 1343 Vestae,
2105 1272 2575 1329 innumerabiles
2606 1290 2700 1329 ex-

1046 1362 1341 1419 stiterunt.
1375 1362 1633 1425 Quarum
1668 1378 1787 1416 una
1836 1362 2080 1417 Munitia
2128 1366 2364 1435 propter
2413 1363 2699 1434 suspicio-

1047 1467 1183 1507 nem
1216 1450 1404 1521 stupri
1432 1450 1562 1505 viva
1590 1450 1822 1506 defossa
1848 1455 1973 1506 est:
2009 1451 2247 1520 injusta,
2297 1455 2360 1505 ut
2394 1467 2541 1519 reor,
2575 1468 2698 1522 pce-

1046 1556 1145 1607 na,
1178 1539 1291 1594 nisi
1322 1539 1543 1611 grande
1572 1539 1793 1594 crimen
1838 1543 2141 1610 putaretur
2186 1538 2323 1594 laesa
2370 1539 2694 1611 virginitas.

1046 1628 1212 1683 Certe
1260 1628 1561 1683 Romanus
1607 1626 1860 1698 populus
1905 1632 2123 1698 quanto
2187 1627 2406 1683 honore
2445 1626 2697 1700 virgines

2818 650 3185 723 pagitarum’
3246 655 3527 728 principis
3598 655 3758 728 virgo
3826 656 3967 723 ﬁlia,
4016 656 4218 711 audito
4266 656 4471 728 sponsi

2819 740 3160 797 Leosthenis
3190 742 3452 812 interitu,
3487 744 3586 816 qui
3613 743 3830 800 bellum
3885 745 4223 800 Lamiacum
4272 744 4467 799 conci-

2816 833 2985 899 tarat,
3022 848 3085 887 se
3132 832 3459 890 interfecit:
3515 833 3818 889 asserens3
3856 850 4195 906 quanquam
4244 833 4463 890 intacta

2815 924 2971 975 esset
2999 936 3257 992 corpore,
3292 925 3487 978 tamen
3527 922 3575 978 si
3628 922 3876 979 alterum
3926 922 4186 997 accipere
4229 939 4462 995 cogere-

2812 1011 2927 1080 tur,
2962 1010 3131 1083 quasi
3165 1011 3490 1067 secundum
3531 1012 3837 1084 acciperet,
3886 1029 4017 1068 cum
4053 1012 4227 1085 priori
4266 1015 4464 1068 mente

2812 1098 3132 1170 nupsisset.
3161 1100 3314 1157 308
3345 1100 3655 1173 Spartiatm
3685 1103 3743 1155 et
3772 1101 4039 1157 Messenii
4085 1100 4187 1156 diu
4216 1100 4368 1157 inter
4396 1115 4463 1156 se

2810 1186 3066 1244 habuere
3090 1189 3400 1258 amicitias,
3429 1190 3487 1244 in
3540 1193 3773 1246 tantum
3818 1193 3883 1245 ut
3903 1189 3975 1246 ob
4001 1189 4269 1261 quaedam
4291 1204 4460 1245 sacra

2809 1275 2983 1330 etiam
3015 1276 3271 1349 virgines
3291 1278 3361 1333 ad
3395 1295 3459 1333 se
3489 1281 3696 1334 mutuo
3718 1277 4035 1333 mitterent.
4069 1276 4331 1341 Quodam
4352 1276 4463 1349 igi-

2807 1368 2905 1419 tur
2931 1369 3212 1436 tempore,
3244 1382 3381 1421 cum
3415 1365 3852 1438 quinquaginta
3899 1364 4158 1437 virgines
4200 1364 4462 1421 Lacedae-

2808 1455 3140 1509 moniorum
3190 1455 3463 1511 Messenii
3510 1454 3728 1511 violare
3770 1455 4149 1521 tentassent‘,
4183 1454 4253 1510 de
4298 1457 4462 1510 tanto

2807 1559 3051 1598 numero
3084 1544 3155 1599 ad
3200 1548 3473 1615 stuprum
3531 1543 3696 1599 nulla
3740 1543 4057 1611 consensit,
4106 1543 4204 1598 sed
4253 1557 4463 1599 omnes

2804 1629 3196 1687 libentissime
3226 1649 3332 1704 pro
3365 1632 3649 1704 pudicitia
3696 1633 4115 1688 occubuerunt.
4166 1630 4460 1695 Quamob-

1046 1733 1279 1818 semper
1307 1716 1597 1817 habuerit,
1630 1716 1768 1772 hinc
1798 1721 2075 1820 .apparet,
2125 1717 2280 1820 qupd
2313 1717 2609 1817 Iconsules
2639 1721 2697 1820 et
2726 1756 2773 1820 Β
2806 1736 2927 1774 rem
2949 1736 3122 1793 grave
3152 1720 3371 1777 bellum
3401 1724 3457 1777 et
3489 1719 3906 1793 longissimum
3957 1720 4309 1776 concitatum
4341 1722 4460 1790 est,

1045 1806 1448 1879 imperatores,
1482 1810 1538 1860 et
1567 1805 1626 1860 in
1659 1805 1930 1861 curribus
1978 1805 2434 1878 triumphantes,
2490 1807 2591 1878 qui
2623 1807 2694 1862 de
2728 1805 2772 1820 "
2805 1812 2861 1863 et
2892 1813 3026 1880 post
3056 1808 3308 1864 multum
3354 1809 3635 1882 temporis
3688 1808 3995 1864 Mamertia
4040 1808 4318 1864 subversa
4344 1810 4457 1864 est.

1047 1896 1343 1968 superatis
1372 1895 1645 1968 gentibus
1690 1894 1949 1967 trophaa
1994 1895 2344 1962 referebant,
2398 1898 2454 1950 et
2501 1895 2695 1951 omnis

1043 1985 1349 2059 dignitatis
1380 1985 1618 2058 gradus,
1640 1984 1724 2040 eis
1745 1984 1816 2039 de
1834 1983 1925 2039 via
1945 1984 2149 2039 cedere
2171 1983 2380 2039 solitus
2402 1983 2499 2040 sit.
2522 1983 2692 2039 Clau-

1045 2074 1142 2130 dia
1186 2075 1349 2146 virgo
1395 2073 1646 2129 Vestalis
1689 2090 1822 2129 cum
1872 2073 1930 2128 in
1982 2072 2380 2145 suspicionem
2442 2072 2696 2128 venisset

1043 2163 1254 2236 stupri,
1287 2167 1344 2219 et
1375 2162 1759 2218 simulacrum
1791 2160 1997 2216 matris
2043 2161 2203 2216 Idaea:
2252 2161 2312 2215 in
2342 2161 2489 2216 vado
2521 2160 2691 2215 Tibe-

1043 2252 1126 2308 ris
1152 2251 1416 2319 haereret,
1468 2252 1541 2306 ad
1591 2250 2086 2322 comprobandam
2130 2250 2474 2321 pudicitiam
2523 2265 2690 2305 suam

1043 2342 1228 2397 fertur
1256 2338 1489 2412 cingulo
1520 2338 1756 2395 duxisse
1785 2354 2014 2404 navem,
2064 2355 2242 2410 quam
2294 2337 2478 2394 multa
2510 2337 2694 2393 millia

1042 2429 1354 2487 hominum
1384 2429 1617 2485 trahere
1642 2428 2043 2500 nequiverant.
2100 2427 2308 2483 Melius
2356 2432 2574 2495 tamen,
2608 2427 2693 2480 in-

1043 2519 1172 2592 quit
1207 2518 1422 2574 Lucani
1472 2522 1651 2590 poeta:
1700 2521 1944 2589 patruus
1992 2515 2147 2588 [Scii.
2199 2517 2420 2571 Seneca
2473 2531 2690 2588 praece-

1044 2612 1179 2680 ptor
1207 2605 1498 2677 Neronis].
1532 2622 1664 2661 cum
1693 2605 1792 2660 illa
1841 2610 1994 2661 esset
2039 2608 2256 2672 actum,
2304 2604 2354 2659 si
2399 2604 2508 2660 hoc
2537 2604 2689 2675 quod

1044 2693 1254 2760 evenit,
1288 2697 1699 2748 ornamentum
1732 2692 1928 2763 potius
1955 2692 2263 2763 explorata:
2300 2692 2507 2748 fuisset
2527 2691 2693 2764 pudi-

1049 2780 1217 2848 cities,
1250 2796 1427 2852 quam
1474 2780 1663 2835 dubiae
1709 2779 2122 2851 patrocinium.
2170 2781 2283 2835 Nec
2332 2780 2548 2835 mirum
2582 2780 2691 2835 hoc

1046 2870 1119 2927 de
1146 2869 1506 2936 hominibus,
1541 2884 1674 2923 cum
1708 2867 2027 2923 Minervam
2075 2884 2308 2941 quoque
2355 2872 2413 2922 et
2443 2866 2688 2922 Dianam

1042 2959 1296 3032 virgines
1326 2959 1465 3015 deas
1497 2958 1728 3014 ﬁnxerit
1756 2974 1917 3013 error
1936 2956 2266 3030 gentilium,
2289 2961 2347 3017 et
2365 2956 2515 3012 inter
2544 2957 2688 3012 duo-

1044 3048 1232 3105 decim
1264 3049 1434 3121 signa
1464 3047 1611 3116 cceli,
1654 3047 1872 3118 quibus
1922 3047 2211 3102 mundum
2261 3045 2407 3101 volvi
2458 3049 2685 3117 putant,

1042 3137 1343 3209 Virginem
1374 3135 1730 3192 collocarint.
1771 3136 1981 3208 Magna
2002 3134 2216 3206 injuria
2238 3134 2599 3207 nuptiarum,
2622 3137 2688 3188 ut
2717 3122 2759 3188 C

1040 3240 1114 3280 ne
1142 3224 1293 3279 inter
1323 3224 1583 3295 scorpios
1613 3224 1849 3295 quidem
1882 3228 1939 3278 et
1975 3227 2303 3289 centauros,
2337 3228 2393 3278 et
2421 3239 2679 3289 cancros,

1038 3317 1097 3370 et
1126 3313 1336 3385 pisces,
1368 3316 1426 3367 et
1453 3316 1802 3385 aagocerotas
1846 3312 1997 3383 [SciL
2049 3312 2504 3386 capricornum],
2536 3329 2679 3368 uxo-

1040 3417 1162 3458 rem
1196 3402 1591 3472 maritumque
1620 3401 2032 3456 contruserint.
2075 3401 2339 3474 Triginta
2368 3401 2679 3457 Athenien-

1041 3490 1197 3547 sium
1246 3490 1477 3564 tyranni
1526 3506 1658 3545 cum
1710 3489 2028 3545 Phidonem
2078 3492 2185 3561 [AL
2238 3490 2590 3561 Phedonem]
2622 3490 2681 3544 in

1038 3579 1298 3636 convivio
1330 3582 1655 3645 necassent,
1690 3577 1842 3633 filias
1871 3579 2000 3649 ejus
2032 3578 2284 3651 virgines
2314 3579 2387 3635 ad
2408 3594 2472 3634 se
2487 3579 2683 3634 venire

1032 3670 1367 3741 jusserunt,
1414 3672 1473 3724 et
1524 3671 1852 3724 scortorum
1902 3684 2063 3723 more
2111 3666 2357 3736 nudari;
2410 3684 2475 3723 ac
2506 3683 2684 3739 super

1040 3758 1390 3831 pavimenta,
1425 3757 1610 3829 patris
1661 3755 1947 3827 sanguine
1995 3760 2313 3823 cruentata,
2367 3756 2682 3828 impudicis

1041 3847 1304 3919 gestibus
1335 3845 1571 3901 ludere:
1605 3862 1733 3916 quae
1766 3843 2065 3917 paulisper
2084 3844 2454 3901 dissimulato
2487 3843 2683 3901 dolore

1040 3936 1160 4007 [ΑΙ.
1220 3933 1435 3990 doloris
1506 3933 1751 4004 habita],
1814 3950 1948 3988 cum
2008 3932 2360 3990 temulentos
2413 3934 2683 3990 convivas

1112 4078 1129 4111 ¹
1161 4074 1321 4131 Alias
1350 4079 1492 4131 erat.
1530 4078 1680 4132 Vates
1720 4076 1988 4147 Apollinis
2027 4076 2168 4131 Aetii
2212 4093 2323 4133 non
2370 4079 2484 4132 nisi
2510 4078 2685 4147 virgi-

1038 4164 1134 4204 nes
1179 4147 1576 4220 legimus.Vide
1646 4148 1717 4202 de
1768 4146 2015 4220 reliquis
2067 4149 2450 4220 Lactantium,
2505 4146 2680 4214 lib.’1,

1040 4236 1093 4278 ο.
1121 4221 1177 4275 6.
1209 4218 1273 4276 de
1304 4220 1460 4275 Falsa
1491 4220 1788 4290 religione;
1818 4224 1876 4274 et
1901 4218 1972 4274 'c.
2017 4221 2107 4273 22.
2149 4219 2214 4275 de
2260 4221 2351 4274 Ira
2398 4220 2528 4283 Dei;
2565 4224 2681 4290 Au-

1039 4292 1378 4365 gustinum,‘
1399 4290 1501 4346 lib.
1533 4289 1677 4365 xvul
1700 4290 2174 4365 de_Ciuiiate_pe_i,
2208 4306 2267 4365 _c.
2316 4290 2423 4344 23:
2458 4289 2683 4365 Livium

1040 4360 1294 4436 quoque,
1322 4361 1425 4436 l_i_b.
1459 4378 1580 4428 vm,
1612 4362 1736 4436 dec.
1772 4362 1796 4436 i
1828 4379 1841 4428 ;
1870 4361 2012 4436 item
2032 4360 2325 4436 Valerium
2360 4360 2681 4436 maximum

1041 4429 1299 4515 quoque,
1330 4432 1434 4515 lib:
1469 4433 1736 4515 V111,.d‘fic.
1764 4433 1790 4486 1
1820 4431 2005 4515 ;item
2036 4429 2332 4515 Valerium
2353 4430 2683 4515 Maximum

1040 4491 1142 4559 lib.
1171 4491 1298 4569 vni;
1328 4520 1377 4558 c.
1414 4505 1439 4557 1
1469 4521 1482 4568 ;
1516 4491 1787 4558 Ovidium
1822 4491 2089 4571 denique
2138 4503 2197 4555 in
2238 4502 2433 4569 Fastis,
2469 4501 2685 4573 quibus
2715 4491 2760 4555 D

1040 4573 1380 4646 hujusmodi
1413 4573 1671 4629 historiae
1703 4573 1889 4627 fusius
1921 4577 2289 4646 enarrantur.

1110 4642 1136 4681 ί
1159 4646 1488 4715 Demolionis
1524 4646 1995 4715 Areopagitarum.
2029 4642 2344 4715 Nunquam
2367 4642 2682 4698 consilium

1038 4717 1184 4774 mihi
1218 4717 1327 4773 fuit
1355 4714 2135 4771 scribendiCommentarios
2166 4714 2225 4769 in
2257 4715 2443 4783 Opera
2472 4716 2528 4770 S.
2560 4715 2686 4771 Hie-

1040 4789 1291 4863 ronymi,
1318 4787 1433 4845 nisi
1482 4787 1628 4863 forte
1669 4786 1727 4840 in
1779 4786 1996 4863 librum
2046 4786 2460 4863 Hebraicorum
2494 4786 2682 4863 nomi:

1040 4857 1209 4929 num,
1257 4878 1430 4932 quem
1482 4858 1737 4915 sciebam
1786 4857 2684 4932 contemptuibhabitumapud

1038 4928 1295 5014 multos.—
1318 4934 1518 5014 Itaque
1548 4946 1756 5014 puram
1906 4946 1971 4985 ac
2002 4928 2319 5014 genuinam
2370 4928 2682 5014 editionem

1038 5003 1379 5082 Hieronymi
1406 5001 1665 5082 requirat
1694 5001 1998 5082 studiosus
2029 5001 2249 5082 lc.ctor,_
2279 5018 2392 5082 non
2427 5001 2684 5082 paedago-

1040 5071 1644 5146 gorum'diligen'tiam
1677 5075 2050 5146 scriptorum,
2075 5073 2132 5127 in
2161 5073 2286 5146 suis
2308 5071 2476 5126 libris
2498 5075 2686 5146 osten-

1039 5141 1294 5198 tantium
1324 5141 1712 5201 eruditionem
1744 5141 2073 5201 Griecarum
2109 5162 2173 5199 ac
2224 5141 2682 5199 Romanensium

1038 5213 1392 5288 fabularum.
1424 5221 1725 5283 Uaeterpm,
1758 5217 1859 5288 qui
1882 5216 2028 5288 scire
2050 5216 2313 5288 voluerit,
2348 5214 2501 5269 unde
2525 5218 2686 5288 tanta

1039 5284 1410 5355 antiquitatis
1439 5284 1821 5360 monumenta
1849 5287 2144 5360 collegerit
2172 5284 2685 5360 virbsanctusilie-

1040 5354 1344 5428 ronymus,
1383 5354 1650 5428 consulat
1698 5354 2025 5428 Cbronicoﬁ
2073 5357 2488 5423 Eusebianum,
2522 5356 2684 5413 Stra-

1041 5425 1274 5493 bonem,
1324 5425 1649 5492 Justinum,
1694 5427 2009 5498 Polybium,
2064 5435 2123 5482 L.
2199 5428 2449 5497 Florum,
2498 5428 2683 5485 Xeno-

1042 5500 1347 5575 phontem,
1368 5498 1746 5575 Herodotum,
1774 5498 2173 5575 Plutarchum,
2185 5499 2682 5575 Theophrastum,

1042 5568 1102 5635 δι
1127 5572 1407 5648 reliquos,
1440 5584 1586 5644 quos
1615 5568 1739 5642 ipse
1768 5568 1982 5642 saepius
2010 5568 2284 5642 appellat.
2303 5568 2589 5629 Mka'rxau.

2802 1896 3187 1954 Aristoclides
3218 1898 3565 1954 Orchomeni
3608 1902 3894 1970 tyrannus
3942 1897 4236 1953 adamavit
4278 1895 4458 1968 virgi-

2803 2002 2937 2041 nem
2986 1986 3476 2061 Stymphalidem,
3529 1971 3654 2059 quae
3705 2003 3860 2055 cum,
3912 1990 4075 2058 patre
4120 1985 4332 2052 occiso,
4380 1985 4457 2041 ad

2801 2075 3088 2147 templum
3138 2076 3333 2131 Dianae
3377 2076 3760 2148 confugisset,
3799 2080 3856 2131 et
3902 2073 4287 2131 simulacrum
4327 2074 4457 2144 ejus

2804 2169 3041 2231 teneret,
3075 2180 3181 2220 nec
3210 2165 3265 2218 vi
3315 2168 3512 2236 posset
3560 2163 3749 2229 avelli,
3798 2164 3856 2218 in
3909 2163 4113 2219 eodem
4158 2161 4282 2218 loco
4313 2178 4458 2218 con-

2805 2254 2961 2311 fossa
2986 2258 3093 2308 est.
3128 2253 3212 2308 0b
3262 2255 3432 2325 cujus
3472 2268 3708 2319 'necem,
3758 2256 3919 2308 tanto
3966 2252 4160 2307 omnis
4206 2250 4457 2307 Arcadia

2801 2342 3000 2399 dolore
3032 2345 3325 2398 commota
3355 2344 3463 2409 est,
3497 2345 3560 2396 ut
3591 2339 3807 2397 bellum
3842 2339 4074 2413 publice
4094 2342 4373 2408 sumeret,
4397 2342 4460 2394 et

2802 2448 3001 2487 necem
3020 2430 3263 2503 virginis
3276 2429 3674 2486 ulcisceretur.
3694 2428 4090 2485 Aristomenes
4103 2425 4455 2492 Messenios,

2802 2519 3301 2590 virjustissimus,
3352 2517 3523 2573 victis
3569 2516 4047 2587 Lacedaemoniis,
4095 2520 4154 2571 et
4199 2515 4457 2587 quodam

2799 2612 3060 2681 tempore
3087 2612 3370 2663 nocturna
3415 2623 3581 2662 sacra
3621 2605 4074 2672 celebrantibus,
4127 2620 4254 2675 quae
4282 2619 4454 2659 voca-

2802 2696 3013 2752 bantur
3057 2694 3455 2767 Hyacinthia‘,
3508 2694 3703 2766 rapuit
3751 2694 3822 2749 de
3867 2692 4060 2749 choris
4120 2690 4453 2748 ludentium

2797 2784 3052 2857 virgines
3103 2783 3461 2855 quindecim,
3508 2786 3566 2837 et
3616 2785 3740 2838 tota
3786 2786 3953 2837 nocte
3997 2781 4181 2854 gradu
4229 2779 4453 2835 concito

2798 2873 3052 2946 fugiens,
3080 2870 3335 2927 excessit
3364 2872 3435 2926 de
3465 2869 3684 2925 finibus
3714 2870 4161 2942 Spartanorum.
4190 2872 4454 2940 Cumque

2797 2978 2896 3018 eas
2925 2960 3168 3017 comites
3196 2961 3324 3031 ejus
3353 2958 3569 3014 vellent
3599 2959 3837 3026 violare,
3883 2957 4117 3013 monuit
4163 2960 4454 3028 quantum

2798 3050 3005 3122 potuit,
3041 3066 3111 3104 ne
3143 3048 3251 3103 hoc
3292 3048 3564 3114 facerent,
3600 3050 3658 3101 et
3696 3046 3767 3101 ad
3799 3051 4126 3102 extremum
4160 3046 4453 3117 quosdam

2799 3155 2915 3194 non
2946 3141 3216 3210 parentes
3248 3137 3359 3207 [Αι.
3395 3136 3720 3208 parcentes]
3752 3134 4064 3203 interiecit,
4086 3133 4305 3190 caeteris
4335 3150 4456 3190 men

2791 3230 2853 3282 tu
2886 3226 3174 3282 coercitis.
3210 3225 3543 3296 Redemptze
3591 3227 3793 3295 postea
3821 3240 3855 3278 a
3907 3223 4173 3295 cognatis
4220 3221 4449 3295 puellae,

2791 3331 2925 3371 cum
2956 3314 3385 3370 Aristomenem
3424 3312 3690 3368 viderent
3718 3311 3893 3368 caedis
3924 3328 4091 3368 reum
4136 3311 4283 3379 ﬁeri,
4315 3314 4453 3366 tan-

2791 3405 2890 3460 diu
2923 3404 2995 3459 ad
3026 3402 3277 3475 patriam
3301 3418 3416 3457 non
3438 3405 3578 3457 sunt
3598 3417 3861 3468 reversae,
3885 3400 4152 3472 quandiu
4176 3399 4452 3471 judicum

2790 3492 3075 3548 advoluta:
3108 3491 3359 3564 genibus
3390 3490 3756 3546 defensorem
3804 3488 4103 3562 pudicitiae
4151 3505 4269 3545 sua:
4316 3504 4451 3543 cer-

2792 3585 2995 3638 nerent
3021 3580 3382 3637 absolutum.
3425 3582 3546 3645 Quo
3579 3594 3676 3635 ore
3706 3578 4018 3634 laudandae
4058 3583 4199 3634 sunt
4227 3577 4448 3633 Sceda-

2793 3672 2879 3727 si‘
2912 3670 3044 3726 ﬁliae
3093 3670 3151 3725 in
3199 3668 3459 3726 Leuctris
3508 3667 3757 3736 Boeotiae,
3810 3683 3959 3739 quas
4007 3667 4292 3723 traditum
4337 3670 4446 3736 est,

2791 3760 3031 3816 absente
3065 3764 3249 3831 patre,
3284 3758 3431 3814 duos
3455 3758 3703 3828 juvenes
3732 3759 4149 3828 praetereuntes
4174 3756 4310 3826 jure
4340 3754 4451 3810 ho-

2792 3849 2952 3923 spitii
3008 3847 3357 3919 suscepisse.
3425 3846 3533 3913 Qui
3584 3844 3840 3901 multum
3910 3844 4283 3917 indulgentes
4310 3843 4450 3900 vino

2790 3940 2908 3994 vim
2936 3954 3038 4010 per
3077 3945 3305 3992 noctem
3352 3934 3602 3991 intulere
3632 3934 3981 4007 virginibus.
4027 3934 4163 3998 Quae
4211 3932 4450 3987 amissaa

2862 4082 2883 4113 ³
2913 4078 3159 4133 Videtur
3221 4075 3414 4148 suppl.
3474 4075 3623 4148 quod,
3673 4075 3745 4130 ad
3805 4090 4014 4148 sensus
4070 4072 4448 4148 eiegantiam.

2864 4153 2885 4185 ὀ
2915 4149 3162 4205 Consule
3212 4144 3508 4213 Orosium}
3568 4146 3668 4201 lib.
3720 4164 3784 4211 II,
3830 4162 3880 4201 c.
3930 4146 4038 4213 21;
4099 4144 4454 4201 Strabonem

2795 4236 3048 4293 quoque,
3083 4218 3183 4293 lib.
3220 4218 3673 4293 vr_,-_Jusiinum,
3705 4216 3900 4293 lib.bm
3927 4234 3939 4271 :
3968 4215 4448 4293 et_Eu_stach_ium,

2886 4287 3249 4371 Dionysium.
3281 4290 3415 4371 Mox
3446 4289 3878 4371 Ossanatensis,
3911 4310 3939 4337 «
3971 4287 4242 4371 Virgines
4274 4287 4451 4371 La'ce-

2797 4357 3222 4419 daemoniorum
3279 4361 3486 4425 iSSent,
3538 4367 3594 4414 et
3632 4376 3730 4414 eas
3780 4357 4138 4421 Messeniif»
4184 4362 4293 4413 etc.
4347 4357 4454 4413 Pro

2796 4434 3118 4498 Mamertia,
3152 4432 3309 4502 quod
3354 4433 3506 4487 infra
3552 4436 3659 4502 est,
3707 4430 3937 4486 codices
3984 4428 4169 4485 nostri
4217 4429 4456 4502 Homer:

2794 4508 2932 4569 tina,
2969 4499 3477 4576 quemadmodum
3508 4504 3567 4556 in
3598 4501 3880 4576 Chronico
3910 4502 3983 4556 ad
4002 4499 4456 4576 annum_mu_ndi

2795 4576 2936 4655 i430
2961 4569 3042 4631 ;’‹‹
3073 4578 3339 4655 Messana
3365 4591 3491 4655 quae
3522 4572 3970 4655 etMamertina,
3995 4594 4028 4653 ,ι
4064 4569 4456 4655 etcz‘Plinius,

2794 4648 2833 4704 l.
2871 4665 2956 4711 ιιι,
2992 4663 3041 4701 c.
3077 4648 3148 4701 8:
3189 4665 3210 4693 ι
3244 4642 3539 4717 Oppidum
3587 4647 3856 4699 Messana
3888 4642 4113 4717 civium
4158 4642 4455 4717 1³10ῳᾶ90-

2797 4735 2954 4785 rum,
2986 4717 3085 4789 qui
3120 4712 3445 4772 Mamertini
3484 4720 3782 4789 vocantur.
3818 4737 3845 4789 η
3887 4713 4087 4789 Denuo
4102 4712 4305 4789 grecole
4334 4712 4454 4768 Eu-

2795 4784 3026 4847 sebium
3061 4789 3131 4843 ad
3167 4805 3261 4843 an.
3294 4789 3454 4843 3670.
3489 4787 3645 4843 Infra
3677 4803 3779 4858 pro
3812 4785 4048 4841 Arcadia
4091 4784 4457 4841 Casanaten-

2796 4863 2879 4919 sis
2910 4860 3092 4915 habet
3123 4859 3349 4915 Achaia.
3834 4866 3843 4876 ‘

2866 4933 2888 4966 ⁵
2918 4930 3087 5003 Falso
3126 4937 3252 4987 erat
3316 4929 3710 5003 Hyacinthina.
3779 4929 3955 4983 Erant
4003 4930 4199 4982 autem
4248 4923 4459 5003 isthaec

2798 5002 3071 5075 Apollini,
3105 5003 3226 5058 sive
3275 4995 3483 5075 Libero
3506 5006 3820 5075 nocturna
3849 4995 4453 5075 _sacra._Macr_obiu_s.

2797 5066 2898 5131 lib.
2932 5093 2949 5129 ι
2981 5066 3168 5146 Satyr.
3204 5090 3253 5127 c.
3292 5074 3390 5146 1S:
3422 5094 3455 5146 _«
3488 5072 3655 5146 Apud
3690 5069 4153 5146 Lacedaemonios
4183 5067 4361 5124 etiam
4390 5066 4456 5120 in

2794 5146 2998 5211 sacris,
3029 5139 3155 5216 quia;
3188 5142 3437 5214 Apollini
3481 5139 3811 5216 celebrant,
3847 5139 4460 5216 Hyacinthia_vocan-

2795 5220 2903 5283 tes,
2952 5212 3168 5272 hedera
3216 5212 3567 5271 coronantur
3608 5213 3885 5269 Bacchico
3902 5212 4047 5281 ritu,
4086 5233 4130 5283 ﬁ»
4168 5214 4304 5283 Mox
4349 5224 4459 5283 pro

2795 5224 2903 5283 tes,
2955 5224 3168 5272 hedera
3216 5224 3567 5271 coronantur
3608 5224 3885 5269 Bacchica
3902 5224 4047 5281 ritu,
4102 5233 4130 5260 »
4174 5224 4304 5264 mox
4345 5224 4459 5335 Ero

2793 5287 3104 5360 quindecim
3131 5290 3296 5340 vetus
3324 5284 3500 5360 editio
3532 5284 3709 5360 habet
3736 5283 4037 5360 duodecim.
4078 5281 4298 5338 Deinde
4392 5296 4459 5335 a-

2796 5356 3136 5428 senatensis
3154 5356 3403 5427 quandiu
3428 5358 3605 5428 potuit
3647 5372 3749 5428 pro
3778 5358 4063 5428 quantum.

2865 5431 2886 5463 θ
2916 5428 3059 5483 Vide
3088 5419 3454 5484 Plutarchum
3491 5428 3550 5484 in
3599 5419 3893 5498 Pelopida,
3940 5430 3997 5482 et
4024 5424 4084 5480 in
4133 5419 4457 5479 Amatoriis

2798 5499 3258 5557 narrationibus.
