5364 6558
1444 203 1858 276 ΑΒνΕΗΞῙῙΞ
1902 198 2392 273 JOVlNIANUM
2435 207 2582 274 LIB.
2628 205 2681 272 Ῑ.

3649 201 3784 277 386

369 341 635 420 pudicitia
664 341 930 402 nolentes
959 344 1346 418 supervivere,
1381 344 1602 401 mutuis
1634 344 2013 400 conciderunt
2041 346 2093 408 Α
2126 341 2406 413 magister
2426 342 2830 414 plenissimam
2853 341 3056 398 scribit
3074 340 3489 399 historiam.Ac
3510 359 3582 400 ne
3605 343 3777 400 nobis

366 435 723 490 vulneribus.
755 434 991 490 Justum
1023 440 1113 490 est
1165 440 1222 490 et
1270 435 1537 490 Loeridas
1569 435 1672 505 [AL
1713 431 2016 503 Lucrinas]

361 524 616 596 virgines
645 541 762 579 non
795 528 1004 590 tacere,
1031 541 1158 595 qua:
1191 541 1322 579 cum
1363 523 1535 579 Ilium
1565 523 1933 578 mitterentur
1953 537 2020 575 ex

361 629 522 668 more
549 628 653 684 per
682 630 868 668 annos
913 613 1145 668 circiter
1189 612 1367 677 mille,
1419 611 1581 666 nulla
1625 610 1878 666 obscumi
1921 627 2018 663 ru-

359 702 552 757 moris
582 707 638 756 et
665 700 895 772 polluta:
928 702 1283 772 virginitatis
1317 701 1500 755 ullam
1548 699 1804 755 tabulam
1837 697 2016 753 dedit.

359 790 507 853 Quis
539 789 720 843 valeat
754 789 988 844 silentio
1021 790 1315 860 praeterire
1347 793 1570 859 septem
1602 787 1858 842 Milesias
1905 786 2019 840 vir-

359 877 552 950 gines,
584 896 731 949 quze,
765 877 1069 933 Gallorum
1115 878 1332 948 impetu
1383 881 1592 932 cuncta
1638 879 1921 941 vastante,
1950 892 2022 929 ne

361 966 500 1037 quid
526 966 810 1021 indecens
839 967 912 1020 ab
961 967 1228 1021 hostibus
1276 967 1428 1021 309
1478 965 1860 1030 sustinerent,
1899 968 2020 1017 tur-

357 1054 687 1125 pitudinem
722 1059 908 1109 morte
940 1055 1236 1126 fugerunt,
1270 1053 1603 1125 exemplum
1651 1053 1742 1108 sui
1793 1053 2021 1107 cunctis

355 1143 689 1215 virginibus
722 1141 1140 1213 relinquentes,
1176 1143 1436 1197 honestis
1489 1142 1786 1196 mentibus
1837 1139 2021 1212 magis

359 1231 704 1302 pudicitiam
737 1247 892 1285 curae
926 1247 1056 1286 esse
1082 1247 1256 1302 quam
1281 1230 1460 1285 vitam
1484 1231 1532 1284 1‘?
1553 1231 1823 1292 Nicanor,
1855 1228 2023 1283 victis

361 1318 581 1375 Thebis
640 1326 817 1391 atque
877 1319 1197 1387 subversis,
1251 1319 1426 1373 unius
1484 1317 1728 1390 virginis
1783 1317 2021 1388 captivae

363 1425 558 1463 amore
586 1412 901 1480 superatus
933 1412 1041 1462 est.
1077 1409 1255 1477 Cujus
1287 1407 1626 1479 conjugium
1651 1410 1941 1477 expetens,
1969 1409 2026 1459 et

357 1496 724 1552 voluntarios
757 1496 1084 1568 amplexus,
1120 1497 1272 1567 quod
1307 1495 1530 1552 scilicet
1567 1495 1792 1566 captiva
1824 1498 2024 1566 optare

356 1585 662 1652 debuerat,
687 1586 878 1640 sensit
900 1584 1128 1656 pudicis
1152 1585 1448 1640 mentibus
1472 1584 1603 1656 plus
1627 1584 2023 1656 virginitatem

357 1688 482 1728 esse
513 1691 706 1745 quam
738 1689 1010 1746 regnum,
1056 1678 1113 1728 et
1145 1673 1507 1728 interfectam
1559 1672 1796 1744 propria
1848 1689 2024 1726 manu

356 1761 496 1817 ﬂens
526 1768 589 1818 et
621 1761 839 1834 lugens
878 1765 1108 1816 amator
1153 1760 1358 1816 tenuit.
1409 1760 1659 1815 Narrant
1706 1759 2022 1832 scriptores

354 1851 529 1906 Graeci
580 1855 643 1906 et
695 1851 871 1905 aliam
921 1849 1261 1905 Thebanam
1310 1849 1594 1920 virginem
1617 1851 1656 1916 ²,
1709 1865 1885 1921 quam
1919 1848 2020 1903 bo-

355 1940 466 1995 stis
493 1939 743 1995 Macedo
773 1943 1131 2010 corruperat,
1167 1936 1574 1993 dissimulasse
1596 1936 1893 2009 paulisper
1921 1938 2023 1992 do-

357 2025 578 2092 lorem,
604 2033 666 2081 et
692 2026 1022 2082 violatorem
1051 2027 1405 2097 virginitatis
1437 2043 1555 2080 suae
1582 2024 1888 2097 jugulasse
1919 2043 2023 2098 po-

363 2121 496 2170 stea
539 2117 961 2170 dormientem:
1018 2131 1197 2185 seque
1244 2114 1608 2170 interfecisse
1655 2114 1847 2186 gladio
1869 2115 1909 2181 3,
1963 2118 2028 2168 ut

359 2221 468 2258 nec
493 2205 694 2259 vivere
724 2203 971 2258 voluerit
1019 2209 1152 2275 post
1198 2204 1484 2275 perditam
1536 2203 1888 2269 castitatem,
1921 2219 2025 2258 nec

354 2298 489 2348 aute
523 2293 682 2348 mori
716 2309 895 2363 quam
929 2292 1020 2347 sui
1055 2290 1230 2346 ultrix
1258 2291 1580 2348 exsisteret.

429 2471 514 2526 42.
537 2472 576 2524 Α
599 2471 920 2538 virginibus
933 2474 1341 2540 procreatarum
1352 2471 1656 2541 fabulae.—
1669 2471 1838 2542 Apud
1857 2473 2028 2545 Gym-

358 2559 747 2631 nosOphistas
769 2558 1145 2629 Indiae,quasi
1175 2575 1274 2631 per
1295 2559 1713 2630 manus,hujus
1735 2560 2027 2632 opinionis

357 2648 686 2704 auctoritas
717 2648 996 2714 traditur,
1049 2649 1202 2718 quod
1248 2648 1555 2702 Buddam‘
1595 2649 1699 2719 [Αἱ.
1736 2649 2025 2723 Buldam],

356 2738 690 2810 principem
723 2736 1027 2809 dogmatis
1058 2753 1280 2802 eorum,
1313 2753 1342 2792 e
1373 2736 1554 2792 latere
1585 2753 1692 2791 suo
1731 2739 1893 2810 virgo
1926 2757 2029 2813 ge-

358 2827 598 2881 nerarit.
635 2827 763 2880 Nec
795 2825 906 2880 hoc
938 2824 1151 2879 mirum
1200 2825 1270 2880 de
1321 2825 1607 2892 Barbaris,
1657 2842 1789 2882 cum
1822 2828 2031 2884 Miner-

355 2931 483 2970 vam
512 2930 766 2986 quoque
797 2913 870 2968 de
901 2914 1088 2984 capite
1117 2914 1296 2983 Jovis,
1323 2921 1379 2968 et
1413 2914 1682 2969 Liberum
1709 2919 1934 2986 patrem
1959 2918 2030 2972 de

355 3003 619 3059 femore5
649 3004 787 3073 ejus
818 3006 1154 3073 procreatos
1204 3001 1546 3057 doctissima
1596 3004 1825 3058 finxerit
1870 3005 2027 3061 Grae-

2129 430 2444 486 Dominum
2476 433 2832 487 Salvatorem
2865 433 2935 486 de
2972 430 3209 503 Virgine
3257 437 3624 504 procreatum
3655 435 3776 491 Ro-

2129 536 2302 575 mana
2333 522 2711 592 exprobraret
2759 521 3038 594 potentia,
3094 525 3359 577 auctores
3410 524 3563 579 810
3612 525 3776 581 urbis

2129 612 2185 663 et
2213 610 2404 679 gentis
2456 627 2573 664 suae
2607 610 2710 665 Ilia
2758 609 2978 682 virgine
3032 614 3089 664 et
3146 611 3327 665 Marte
3364 612 3592 683 genitos
3624 615 3777 669 arbi-

2130 700 2381 752 trantur.

2201 787 2286 839 43.
2323 787 2501 842 Vidua:
2540 789 2791 856 gentiles.
2824 819 2891 827 ——
2924 788 3051 842 Hac
3101 789 3170 844 de
3218 788 3545 861 virginibus
3588 791 3783 846 szeculi

2130 887 2370 927 currens
2428 891 2530 944 per
2584 873 2938 944 multiplices
2995 874 3287 940 historias,
3348 881 3405 930 et
3462 894 3782 950 properans

2131 976 2323 1015 sermo
2356 960 2775 1031 perstrinxerit.
2813 962 3054 1017 Veniam
3089 964 3157 1017 ad
3190 963 3496 1020 maritatas
3520 967 3627 1036 [AL
3662 983 3787 1022 ma-

2131 1047 2314 1119 ritas],
2352 1066 2478 1120 quae
2536 1051 2784 1104 mortuis
2842 1049 2929 1104 vel
2964 1050 3172 1104 occisis
3205 1051 3342 1107 viris
3365 1053 3383 1086 ⁸
3415 1055 3786 1125 supervivere

2133 1136 2547 1205 noluerunt,ne
2571 1145 2913 1210 cogerentur
2926 1141 3213 1194 secundos
3229 1157 3399 1195 nosse
3412 1143 3785 1215 concubitus,

2133 1230 2190 1280 et
2221 1243 2346 1297 quae
2379 1226 2523 1283 mire
2546 1229 2750 1282 unicos
2771 1233 3110 1282 amaverunt
3133 1230 3375 1283 maritos
3402 1247 3413 1296 ;
3440 1234 3508 1284 ut
3530 1231 3788 1288 sciamus

2135 1314 2455 1385 digamiam
2490 1317 2643 1386 apud
2677 1315 2942 1370 ethnicos
2964 1316 3138 1371 etiam
3161 1317 3481 1388 reprobari.
3506 1318 3672 1385 Dido,
3697 1337 3787 1375 so-

2135 1419 2230 1456 ror
2279 1404 2695 1475 Pygmalionis,
2747 1404 2935 1458 multo
2981 1405 3106 1459 auri
3157 1409 3214 1459 et
3251 1407 3475 1477 argenti
3532 1409 3787 1478 pondere

2135 1496 2505 1564 congregato,
2552 1493 2612 1546 in
2661 1493 2914 1548 Africam
2974 1494 3285 1565 navigavit,
3345 1495 3542 1566 ibique
3582 1497 3787 1552 urbem

2135 1580 2544 1651 Carthaginem
2567 1581 2846 1645 condidit,
2871 1587 3083 1637 etcum
3107 1584 3176 1638 ab
3196 1583 3536 1655 Jarba[mss.
3553 1585 3788 1656 Hiarba]

2136 1684 2268 1738 rege
2302 1669 2492 1740 Libyae
2525 1669 2582 1723 in
2617 1669 2957 1740 conjugium
2989 1675 3303 1742 peteretur,
3347 1671 3643 1745 paulisper
3673 1673 3790 1729 dis-

2133 1756 2271 1812 tulit
2301 1758 2557 1829 nuptias,
2593 1759 2775 1814 donec
2808 1759 3085 1815 conderet
3118 1760 3430 1816 civitatem.
3463 1762 3578 1817 Nec
3605 1762 3792 1818 multo

2133 1850 2265 1918 post
2287 1851 2582 1902 exstructa
2599 1848 2657 1901 in
2683 1849 3026 1903 memoriam
3052 1849 3244 1903 mariti
3267 1851 3563 1922 quondam
3585 1851 3792 1907 Sicbaei

2134 1951 2296 2005 pyra,
2340 1935 2549 1990 maluit
2599 1937 2800 1991 ardere
2842 1954 3017 2008 quam
3070 1938 3309 1993 nubere.
3362 1937 3533 1994 Casta
3583 1939 3794 1996 mulier

2133 2022 2542 2094 Carthaginem
2580 2024 2864 2092 condidit,
2913 2030 2969 2080 et
3017 2043 3251 2081 rursum
3301 2028 3503 2082 eadem
3555 2028 3697 2084 urbs
3732 2030 3792 2085 in

2134 2113 2424 2167 castitatis
2454 2113 2628 2168 laude
2660 2114 2826 2169 finita
2868 2119 2975 2169 est.
3011 2116 3157 2170 Nam
3207 2116 3592 2172 Hasdrubalis
3624 2136 3791 2186 uxor,

2134 2205 2303 2271 capta
2332 2206 2388 2256 et
2413 2202 2654 2257 incensa
2685 2203 2848 2267 urbe,
2871 2219 3003 2257 cum
3037 2219 3099 2258 se
3138 2208 3397 2259 cerneret
3429 2223 3463 2260 a
3514 2207 3796 2263 Romanis

2136 2290 2482 2360 capiendam
2533 2307 2682 2358 esse,
2735 2291 3120 2362 apprehensis
3188 2292 3260 2347 ab
3315 2298 3561 2364 utroque
3614 2294 3793 2351 latere

2136 2377 2395 2450 parvulis
2436 2378 2594 2446 filiis,
2649 2380 2708 2433 in
2757 2380 3084 2449 subjectum
3117 2381 3328 2436 domus
3359 2397 3476 2436 sua:
3507 2381 3794 2439 devolavit

2137 2467 2500 2521 incendium.

2209 2557 2291 2609 44.
2316 2556 2463 2621 Quid
2486 2555 2694 2628 loquar
2711 2557 2958 2613 Nicerati
2979 2559 3793 2633 conjugem,quae,impatiens

2137 2644 2363 2715 injuriae
2397 2645 2523 2712 viri,
2560 2651 2806 2701 mortem
2838 2645 2951 2701 sibi
2982 2645 3094 2717 ipsi
3127 2648 3428 2712 conscivit,
3456 2665 3528 2705 ne
3552 2649 3795 2723 triginta

2135 2738 2540 2806 tyrannorum,
2575 2752 2721 2806 quos
2762 2736 3058 2808 Lysander
3107 2736 3271 2792 victis
3325 2738 3563 2793 Athenis
3601 2739 3790 2812 impo-

2138 2829 2356 2888 suerat,
2409 2823 2712 2878 libidinem
2773 2824 3140 2880 sustineret?
3188 2825 3503 2880 Artemisia
3560 2844 3792 2899 quoque

2141 2928 2283 2966 uxor
2314 2911 2557 2966 Mausoli
2592 2912 2846 2984 insignis
2885 2913 3176 2982 pudicitiae
3231 2913 3411 2969 fuisse
3455 2915 3795 2986 perhibetur

2139 2999 2272 3062 Quae
2301 3017 2432 3054 cum
2465 3005 2621 3055 esset
2651 3001 2852 3073 regina
2873 3000 3072 3066 Cariae,
3097 3007 3152 3056 et
3176 3001 3458 3057 nobilium
3485 3008 3789 3075 poetarum

355 3090 459 3146 cia.
495 3072 878 3164 Speusippus
923 3107 1155 3162 quoque
1202 3091 1420 3146 sororis
1471 3092 1728 3147 Platonis
1770 3092 1944 3163 ﬁlius,
1973 3099 2030 3150 et
2059 3072 2101 3138 C
2139 3093 2314 3160 atque
2345 3072 2755 3144 historicorum
2789 3089 3063 3145 laudibus
3097 3090 3462 3162 praedicetur,
3486 3072 3545 3146 in
3568 3093 3678 3149 hoc
3699 3093 3788 3150 vel

354 3179 678 3235 Clearchus
711 3179 773 3233 in
805 3178 981 3234 laude
1013 3178 1293 3244 Platonis,
1343 3183 1401 3234 et
1441 3179 1774 3236 Anaxilides
1795 3183 1815 3215 ⁶
1848 3181 1906 3237 in
1936 3200 2025 3238 se-

355 3276 555 3324 cundo
582 3269 739 3323 libro
773 3267 1179 3340 philosophiae,
1214 3267 1593 3323 Perictionem
1629 3274 1871 3325 matrem
1904 3271 2018 3327 Pla-

355 3358 540 3426 tonis,
573 3357 997 3428 phantasmate
1030 3354 1315 3428 Apollinis
1348 3373 1690 3429 Oppressam
1723 3359 1934 3425 ferunt,
1970 3365 2027 3416 et

363 3445 672 3516 sapientis:
704 3445 1025 3517 principem
1060 3462 1174 3500 non
1206 3445 1375 3500 aliter
1403 3447 1782 3512 arbitrantur,
1819 3449 1930 3504 nisi
1954 3450 2025 3505 de

368 3536 554 3604 partu
586 3533 820 3604 virginis
848 3533 1095 3588 editum.
1131 3534 1239 3589 Sed
1288 3538 1346 3589 et
1387 3535 1642 3590 Timmus
1684 3536 1889 3592 scribit
1917 3537 2024 3611 Py-

367 3621 634 3690 thagora
665 3621 937 3694 virginem
972 3621 1154 3677 ﬁliam
1183 3623 1361 3678 choro
1382 3623 1677 3695 virginum
1702 3625 2019 3698 przefuisse,

365 3715 428 3766 et
458 3709 743 3765 castitatis
772 3728 870 3766 eas
901 3711 1228 3767 instituisse
1259 3711 1563 3767 doctrinis.
1610 3713 1892 3770 Diodorus
1925 3717 2023 3771 So-

361 3797 621 3854 craticus
651 3799 916 3870 quinque
947 3800 1097 3856 ﬁlias
1118 3802 1136 3835 ⁷
1166 3800 1505 3856 Dialectieas
1530 3801 1780 3873 insignis
1803 3804 2023 3875 pudici-

358 3888 456 3942 tia
489 3887 774 3945 habuisse
804 3893 1096 3955 narratur,
1115 3889 1185 3944 de
1208 3889 1421 3960 quibus
1442 3893 1498 3944 et
1522 3889 1681 3945 Philo
1708 3891 2020 3949 Carneadis

428 4016 444 4044 ³
473 4009 616 4066 Vide
646 4011 709 4064 in
744 4010 905 4066 Jonas
937 4027 986 4066 c.
1022 4030 1034 4066 ι
1062 4028 1074 4066 :
1109 4034 1136 4060 ‹‹
1171 4011 1333 4066 Unde
1353 4015 1409 4066 et
1431 4011 1488 4065 in
1513 4013 2018 4081 persecutionibus

347 4097 470 4136 non
507 4083 639 4137 licet
670 4082 911 4153 propria
941 4083 1128 4154 perire
1160 4100 1360 4150 manu,
1394 4083 1617 4154 absque
1639 4101 1704 4139 eo
1727 4085 1825 4140 ubi
1849 4086 2016 4140 casti-

348 4156 443 4207 tas
476 4152 870 4207 periclitatur.
910 4176 937 4200 ››

348 4156 996 4297 ῗᾶξῐίῗεῖιῗὲῗιῗὲυέὸέὲιχ
1051 4225 1206 4295 apud
1270 4224 1545 4280 Gravium
1596 4241 1697 4297 pro
1744 4235 1795 4281 et
1843 4228 2015 4283 aliam

352 4292 539 4348 habet
566 4297 882 4353 ﬁlhaliam.

424 4365 450 4398 ³
483 4365 690 4448 Fertne
716 4365 1048 4449 elegantius
1079 4365 1320 4449 habent
1366 4383 1514 4422 mss.
1573 4368 1754 4449 nostri
1805 4385 2012 4449 omnes

342 4451 484 4512 cum
516 4439 694 4493 veteri
728 4435 983 4493 editione
1009 4438 1348 4506 interfecisse
1377 4455 1500 4493 cum
1527 4439 1729 4508 gaudio
1761 4456 1863 4510 pro
1891 4443 2009 4512 gla-
2042 4438 2088 4502 D
2118 4436 2467 4512 παρατίθεται
2521 4435 2648 4491 τάδε
2683 4457 2722 4512 Α·

347 4508 463 4563 dio.

419 4582 612 4652 ‘Sunt
642 4581 746 4652 qui
776 4579 958 4634 velint
1005 4579 1161 4634 hunc
1208 4596 1383 4651 quem
1435 4584 1720 4636 memorat
1750 4581 1808 4636 S.
1843 4582 2013 4638 Pater

342 4650 629 4724 Raditum,
661 4650 752 4706 vel
782 4653 1024 4724 Bultam,
1054 4650 1325 4724 eumdem
1346 4667 1485 4724 esse
1537 4669 1672 4724 cum
1721 4653 2010 4724 antiquis-

345 4722 510 4776 simo
531 4725 697 4793 cujus
723 4723 995 4778 meminit
1016 4723 1279 4777 Clemens
1295 4722 2011 4790 Alexandrinus,Sarnma-

345 4808 618 4875 umorum
646 4800 701 4875 et
730 4794 1361 4875 Cymnosopbigtqurp
1386 4794 1666 4866 principe.
1701 4801 2010 4875 Atuatum

343 4863 524 4919 illum
555 4880 621 4938 ex
650 4863 897 4938 virgine,
925 4863 1065 4938 non
1113 4865 1257 4938 dixit
1303 4863 1606 4938 Clemens}
1661 4867 1813 4938 quod
1855 4872 2010 4922 certe

341 4953 466 4990 non
501 4936 854 5002 reticuisset,
887 4937 936 4992 si
968 4937 1260 5006 ejusmodi
1286 4937 1358 4991 de
1387 4936 1486 4991 illo
1528 4937 1726 4991 fabula
1755 4939 2008 4993 tradere-

340 5012 464 5080 tur:
486 5024 667 5079 quam
691 5009 932 5063 omnino
951 5024 984 5080 a
1006 5007 1210 5080 Budda
1230 5008 1546 5063 Manichoeo
1569 5007 1855 5064 invectam
1877 5014 2010 5080 post

339 5078 564 5133 Christi
597 5085 862 5150 tempora
891 5078 1322 5134 existimamus.

412 5152 434 5183 ε
467 5149 826 5222 Veronensis
857 5152 1048 5222 prima
1078 5167 1257 5204 manu
1287 5151 1352 5205 de
1391 5151 1620 5222 femina,
1667 5149 1822 5219 quod
1857 5149 2008 5206 alius

339 5221 600 5293 mutavit
647 5223 708 5277 in
768 5221 998 5286 sentiae,
1049 5222 1550 5293 quemadmodum
1602 5222 1777 5293 etiam
1829 5222 2008 5278 codex

338 5292 400 5345 S.
431 5292 637 5348 Crucis
669 5293 866 5364 habet.
909 5292 1251 5364 Alter’apud
1286 5292 1558 5347 Gravium
1591 5292 1656 5346 de
1681 5293 1912 5362 femina.

411 5365 435 5396 ⁸
473 5365 631 5418 Idem
662 5363 1018 5419 Veronensis
1062 5363 1412 5434 Amaa:z'lidis,
1445 5365 1854 5419 Casanatensis
1894 5364 2004 5418 Μα-

337 5436 620 5523 sciliadi's,
652 5442 724 5523 et_
739 5435 1071 5523 paul‘olpost
1089 5439 1320 5523 fas-inulti
1337 5453 1437 5523 pro
1449 5436 1862 5523 ἰψανξιίρςτραιιςζ
1883 5436 2004 5520 Diq-

379 5520 529 5562 cnes
561 5502 828 5564 Laertius
854 5502 979 5577 illi.
1031 5502 1130 5563 ut:
1159 5507 1279 5574 Καὶ,
1313 5502 1417 5572 ait,
1449 5502 1814 5576 Ἃναξηλίόης
1846 5505 1895 5559 ἐν
1926 5510 2004 5577 τῷ

379 5578 590 5654 ευτέρῳ
621 5579 742 5654 περὶ
789 5575 1142 5658 φιλοτόφωνε
1177 5579 1335 5652 quod
1385 5583 1472 5636 est
1519 5579 1582 5636 de
1612 5575 1999 5652 Philosophia;

2139 3177 2390 3232 maxime
2439 3179 2716 3233 ell'ertur9
2765 3179 2919 3250 quod
2970 3179 3310 3234 defunctum
3371 3181 3647 3239 maritum
3707 3184 3792 3240 sic

2135 3283 2367 3338 semper
2397 3268 2613 3322 amavit
2638 3271 2704 3322 ut
2735 3268 2950 3335 vivum,
2985 3271 3042 3322 et
3088 3268 3247 3323 mirae
3299 3270 3726 3342 magnitudinis
3749 3275 3790 3308 ¹⁰

2134 3354 2418 3409 exstruxit
2447 3355 2804 3428 sepulcrum,
2828 3356 2887 3411 in
2920 3359 3151 3412 tantum
3176 3363 3240 3412 ut
3264 3375 3450 3430 usque
3471 3359 3644 3417 hodie
3665 3379 3789 3418 om-

2135 3443 2232 3497 nia
2279 3444 2546 3516 sepulcra
2595 3446 2850 3517 pretiosa
2897 3463 2967 3501 ex
3009 3447 3245 3502 nomine
3295 3448 3424 3517 ejus
3477 3449 3793 3507 Mausolaea

2133 3538 2567 3603 nuncupentur.
2602 3535 2789 3589 Teuta
2819 3534 3180 3605 Illyricorum
3225 3535 3444 3607 regina,
3495 3541 3560 3592 ut
3615 3538 3789 3612 longo

2131 3625 2392 3692 tempore
2422 3621 2560 3676 viris
2608 3622 2948 3678 fortissimis
3001 3624 3333 3694 imperaret,
3385 3629 3442 3678 et
3491 3626 3787 3684 Romanos

2131 3725 2283 3780 szepe
2313 3710 2624 3781 frangeret,
2662 3709 2944 3766 miraculo
2975 3711 3179 3781 utique
3228 3713 3445 3766 meruit
3475 3714 3783 3774 castitatis.

2135 3797 2282 3863 ludi,
2311 3802 2374 3851 ut
2403 3815 2607 3853 omnes
2637 3799 2728 3854 31
2753 3801 2785 3853 ι
2839 3815 2984 3870 pene
3033 3799 3294 3870 Barbari,
3345 3817 3554 3858 uxores
3603 3803 3788 3875 pluri-

2132 3902 2258 3941 mas
2291 3885 2528 3941 habent.
2562 3888 2730 3959 Apud
2763 3905 2863 3942 eos
2895 3888 2985 3943 lex
3015 3894 3123 3954 est,
3159 3893 3222 3943 ut
3262 3907 3409 3945 uxor
3439 3890 3788 3952 charissima

2128 4015 2184 4094 et
2213 4010 2458 4092 fortasse
2508 4008 2921 4094 quide111__ipse
2971 4012 3229 4094 l‘li'eron”
3278 4014 3667 4086 Philosophich
3697 4021 3782 4074 hi-

2127 4083 2306 4135 storia
2329 4081 2564 4154 scripsit
2595 4098 2698 4152 pro
2725 4081 3112 4154 Philosophiae.

2195 4154 2214 4185 ⁷
2249 4153 2457 4236 accipe
2487 4151 2680 4236 locum
2725 4152 2878 4208 hunc
2907 4151 3020 4236 _ex__
3042 4153 3382 4236 C'lemepte.‘
3407 4157 3662 4236 Siromal.
3697 4159 3778 4236 lib

2124 4224 2318 4297 tvng't
2351 4219 2451 4297 γᾶρ
2504 4219 2801 4297 Διοδώρ-ου,
2840 4229 2935 4276 τοῦ
2986 4224 3186 4297 Κρόνου
3239 4223 3646 4296 ἐπικληθέντος,
3693 4229 3780 4282 θυ-

2126 4293 2378 4376 ςίατὲἣεςς
2409 4293 2565 4376 vitam
2607 4293 2952 4376 A‘tilxé‘lﬂt‘otlt
2985 4293 3298 4376 «Magaw,
3331 4293 3434 4376 ~(bé
3494 4293 3641 4376 φησζ
3681 4300 3779 4353 Φί-

2123 4362 2234 4418 λων
2260 4362 2316 4442 ’ὁ¹
2347 4362 2692 4442 Διαλεκτεξιὸς
2752 4366 2802 4420 ἐν
2861 4371 2939 4437 τῷ
2995 4362 3292 4442 lle-vaginis,
3320 4368 3391 4422 ὧν
3425 4362 3515 4423 rei.
3539 4362 3780 4442 ἆνόματα

2782 4439 3043 4526 Μενεξέγη
3083 4439 3379 4526 ,ῂᾋργεία
3431 4485 3444 4509 ,
3505 4439 3726 4526 Θε-ῥγνξς
3762 4488 3775 4526 ,

2125 4507 2464 4580 ’Aptszueiat,
2517 4507 2874 4578 Παντάκλεικ,
2935 4507 3046 4567 etc.
3085 4507 3280 4569 'Filiial;
3319 4507 3501 4569 autem
3557 4507 3780 4571 Diodori

2120 4581 2216 4634 cui
2241 4582 2350 4649 fuit
2377 4597 2672 4649 cognomen
2719 4582 3014 4649 Saturnus,
3043 4584 3277 4652 fuerunt
3303 4600 3488 4641 omnes
3518 4588 3776 4643 Dialecti-

2120 4667 2214 4728 (ξω,
2244 4654 2423 4728 ulait
2480 4655 2643 4728 Philo
2690 4654 3018 4709 Dialeclieus
3075 4657 3135 4709 in
3182 4656 3482 4728 Menexero,
3538 4673 3776 4728 quarum

2121 4721 2234 4796 lyaeo
2279 4722 2358 4796 ab,
2421 4738 2480 4777 eo
2555 4727 2816 4792 feruntur
2889 4729 3116 4781 nomina
3165 4743 3178 4780 :
3244 4721 3558 4793 Menexene;
3606 4729 3777 4796 Argia

2127 4794 2402 4862 Theognis,
2447 4797 2758 4862 Artemisia,
2799 4798 3113 4859 Pantaclea,
3147 4801 3255 4850 etc.
3581 4851 3584 4854 _

2189 4863 2383 4946 3_Mss,
2418 4881 2642 4931 omnes,
2675 4868 2864 4920 occisis
2892 4868 3172 4936 prioribus
3203 4868 3357 4934 viris,
3398 4873 3566 4923 vetus
3596 4867 3773 4926 editio

2120 4951 2258 4990 UII‘ZS
2287 4951 2423 4989 suis.

2189 5008 2209 5041 9
2239 5006 2646 5062 Casanatensis
2679 5006 2972 5062 interserit
2999 5025 3205 5078 parum
3229 5009 3452 5064 abrasis
3476 5009 3689 5067 litteris
3709 5013 3774 5069 de

2116 5094 2286 5145 more,
2321 5082 2378 5133 ut
2409 5078 2560 5132 solet.

2190 5152 2232 5224 ιγο
2257 5149 2672 5224 _Addunt_m_s_s.
2706 5153 3012 5224 omnes,_et
3041 5154 3210 5224 vetus
3235 5167 3470 5222 quoque
3491 5153 3690 5224 editio,
3713 5161 3773 5213 et

2156 5220 2562 5297 ulehriludinis.
2591 5221 2908 5297 Sequentes
2941 5219 3214 5297 histqrias
3245 5219 3456 5297 recole,
3476 5227 3633 5297 apud
3668 5219 3770 5283 Po.

2137 5291 2358 5361 ybium,
2402 5291 2502 5364 lib.
2546 5307 2620 5364 I:_
2666 5289 2920 5364 Florum,
2977 5292 3033 5346 in
3077 5293 3374 5364 Epitome;
3433 5289 3768 5354 Ciceronem

2115 5362 2552 5444 quoqueainfra
2583 5362 3007 5444 tusculanarum
3041 5362 3244 5432 Quaest.
3270 5383 3302 5418 v
3329 5384 3340 5432 ;
3379 5366 3764 5444 Propertium,

2113 5433 2215 5487 lib.
2251 5451 2302 5501 v,
2337 5438 2510 5504 atque
2567 5433 2734 5491 alios.
2798 5433 2939 5489 Mss.
2994 5452 3198 5497 omnes
3255 5444 3310 5493 et
3367 5433 3536 5494 vetu's
3567 5433 3763 5503 editio,

2115 5505 2279 5580 [ante
2333 5505 2680 5580 Illyricorum
2736 5506 2964 5577 Regina,
3013 5524 3115 5580 pro
3175 5511 3337 5567 Teuta
3387 5509 3763 5580 Illyricorum,

2115 5574 2322 5636 Florus
2353 5574 2579 5634 Teusam
2606 5582 2794 5637 vocat.
