5364 6558
1076 206 1196 305 387

2319 220 2385 284 S.
2431 216 2739 285 EUSEBII
2783 218 3225 287 HIERONYMI

4353 211 4469 285 288

1079 324 1213 416 cum
1242 359 1516 417 defuncto
1548 354 1755 415 marito
1786 358 2093 414 cremetur.
2124 359 2221 413 Hie
2267 354 2447 430 igitur
2474 360 2716 412 conten-
2744 357 2801 422 Α
2829 372 3059 429 quoque
3084 357 3292 415 saeculo
3330 372 3434 431 pro
3476 356 3741 430 exemplo
3790 356 3985 427 fuerit,
4019 371 4132 430 quo
4162 353 4465 430 impudici-

1080 449 1231 505 dunt
1256 447 1409 506 inter
1438 465 1500 505 se
1530 448 1601 504 de
1652 464 1847 503 amore
1897 446 2039 513 viri;
2091 450 2147 501 et
2198 445 2438 501 ambitio
2488 461 2721 500 summa

1077 537 1426 595 certantium
1458 543 1567 606 est,
1601 553 1664 592 ac
1697 536 2096 592 testimonium
2138 535 2445 599 castitatis,
2480 533 2718 603 dignam

1076 632 1263 684 morte
1292 626 1543 684 decerni.
1577 628 1776 698 Itaque
1805 626 2010 680 victrix
2050 624 2111 679 in
2158 623 2362 679 habitu
2395 624 2720 692 ornatuque

1075 717 1322 789 pristino
1342 717 1511 787 juxta
1540 715 1784 770 cadaver
1814 714 2079 779 accubat,
2112 710 2451 783 amplexans
2490 708 2630 763 illud
2665 713 2720 763 et

1073 805 1446 871 deosculans,
1494 808 1552 859 et
1593 803 1931 874 suppositos
1978 800 2143 871 ignes
2198 797 2488 871 pudicitiae
2547 796 2718 852 laude

1074 898 1472 950 contemnens.
1504 893 1649 947 Puto
1680 909 1809 962 qua:
1842 890 1926 945 sic
1973 888 2238 955 moritur,
2288 886 2577 942 secundas
2608 903 2715 939 nu-

1072 983 1225 1055 ptias
1254 1000 1371 1038 non
1400 981 1666 1053 requirit.
1724 978 2052 1034 Alcibiades
2096 975 2191 1032 ille
2230 974 2582 1041 Socraticus,
2633 974 2714 1029 vi-

1072 1072 1179 1128 ctis
1202 1069 1678 1134 Atheniensibus,
1712 1067 1858 1140 fugit
1889 1068 1959 1122 ad
1988 1066 2448 1122 Pharnabazum.
2475 1065 2604 1131 Qui,
2628 1082 2717 1119 ac-

1071 1166 1237 1233 cepto
1268 1159 1450 1232 pretio
1481 1176 1515 1214 a
1544 1157 1841 1229 Lysandro
1864 1156 2124 1228 principe
2147 1153 2714 1210 Lacedaemoniorum

1062 1247 1249 1318 jussit
1276 1262 1411 1303 eum
1446 1244 1715 1300 interfici.
1749 1248 2009 1316 Cumque
2040 1244 2322 1298 sutfocato
2355 1246 2529 1313 caput
2562 1246 2717 1296 esset

1069 1333 1351 1400 ablatum,
1384 1339 1439 1389 et
1468 1333 1717 1388 missum
1753 1333 2051 1405 Lysandro
2080 1332 2138 1386 in
2170 1330 2571 1386 testimonium
2603 1346 2714 1385 caa-

1067 1421 1159 1478 dis
1177 1421 1438 1495 expletas,
1463 1421 1688 1493 reliqua
1709 1438 1844 1493 pars
1867 1421 2126 1493 corporis
2140 1420 2373 1489 jacebat
2403 1417 2711 1488 insepulta.

1067 1511 1203 1567 Sola
1232 1511 1410 1583 igitur
1458 1510 1801 1575 concubina,
1847 1513 2048 1565 contra
2088 1507 2479 1563 crudelissimi
2528 1505 2715 1561 hostis

1064 1598 1900 1670 imperium,inter‘extraneos,
1914 1603 1972 1653 et
1990 1598 2331 1653 imminente
2354 1594 2710 1663 discrimine,

1064 1687 1257 1744 funeri
1305 1689 1472 1759 justa
1517 1686 1814 1756 persolvit,
1874 1687 2019 1741 mori
2076 1690 2277 1759 parata
2329 1701 2428 1756 pro
2462 1687 2709 1751 mortuo,
2743 1727 2791 1791 B

1065 1793 1243 1848 quem
1271 1775 1469 1832 vivum
1503 1775 1798 1832 dilexerat.
1833 1776 2139 1831 Imitentur
2171 1778 2470 1840 matronae,
2504 1778 2560 1827 et
2592 1789 2712 1828 ma-

1065 1869 1249 1921 tronaa
1279 1864 1485 1922 saltem
1518 1864 1885 1933 Christiana),
1917 1864 2375 1920 concubinarum
2428 1862 2622 1930 fidem,
2659 1865 2714 1916 et

1066 1958 1346 2027 prmetent
1374 1953 1564 2009 libera:
1597 1954 1751 2026 quod
1782 1954 2008 2026 captiva
2038 1953 2302 2009 servavit.

1138 2043 1227 2098 45.
1260 2043 1455 2100 Strato
1484 2042 1724 2116 regulus
1751 2042 1983 2099 Sinodis
2033 2059 2207 2097 manu
2259 2041 2493 2113 propria
2522 2056 2584 2096 se
2614 2055 2711 2094 vo-

1038 2130 1194 2188 ‘lens
1233 2132 1559 2200 confodere,
1610 2149 1683 2187 ne
1729 2132 2175 2187 imminentibus
2221 2129 2411 2186 Persis
2460 2128 2711 2184 ludibrio

1065 2218 1234 2288 foret,
1266 2237 1517 2292 quorum
1549 2221 1738 2275 tmdus
1767 2220 2017 2293 Egyptii
2047 2220 2201 2292 regis
2222 2219 2497 2274 societate
2524 2217 2713 2289 negle-

1064 2312 1247 2378 xerat,
1280 2308 1685 2365 retrahebatur
1735 2309 2063 2375 formidine,
2117 2313 2173 2363 et
2224 2307 2487 2381 gladium
2535 2321 2710 2377 quem

1066 2397 1395 2469 arripuerat
1423 2397 1941 2470 circumspectans,
1964 2397 2225 2453 hostium
2248 2396 2492 2469 pavidus
2514 2410 2713 2466 exspe-

1066 2487 1264 2542 ctabat
1311 2487 1649 2542 adventum.
1700 2488 1881 2552 Quem
1927 2488 2295 2559 jamjamque
2360 2484 2709 2558 capiendum

1066 2593 1213 2632 uxor
1239 2575 1595 2649 intelligens,
1646 2576 1919 2647 exstorsit
1966 2576 2259 2631 acinacem
2312 2576 2382 2631 de
2424 2590 2623 2641 manu,
2657 2578 2713 2627 et

1064 2662 1220 2720 latus
1249 2665 1378 2734 ejus
1408 2664 1914 2720 transverberavit.
1966 2664 2414 2735 Compositoque
2454 2679 2520 2717 ex
2553 2677 2712 2717 more

1064 2751 1329 2809 cadaveri
1358 2768 1420 2808 se
1452 2753 1709 2808 moriens
1738 2752 2070 2824 superjecit,
2114 2767 2184 2806 ne
2225 2756 2357 2823 post
2404 2749 2714 2822 virginalia

1063 2841 1283 2897 fmdera
1333 2840 1576 2897 alterius
1626 2840 1842 2896 coitum
1892 2840 2224 2896 sustineret.
2275 2839 2592 2910 Xenophon
2650 2838 2708 2892 in

1053 2930 1197 3004 Cyri
1224 2930 1468 3002 majoris
1498 2930 1702 2985 scribit
1732 2930 1999 2997 infantia,
2021 2929 2210 2985 occiso
2231 2929 2541 2985 Abradote‘
2568 2927 2708 2993 viro,

1062 3036 1242 3092 quem
1262 3020 1523 3075 Pantbea
1545 3037 1689 3075 uxor
1708 3019 1858 3075 miro
1880 3035 2075 3074 amore
2093 3016 2712 3084 dilexerat,collocasse

1063 3123 1128 3164 se
1149 3109 1321 3178 juxta
1349 3124 1560 3179 corpus
1600 3109 1879 3177 lacerum,
1911 3113 1968 3162 et
1992 3108 2258 3163 confosso
2291 3111 2539 3178 pectore,
2572 3122 2705 3160 san-
2737 3087 2781 3156 C

1062 3196 1301 3268 guinem
1333 3212 1509 3251 suum
1541 3196 1737 3251 mariti
1765 3195 2051 3251 infudisse
2080 3194 2439 3251 vulneribus.
2478 3194 2707 3249 Justam

1062 3299 1304 3340 causam
1336 3284 1490 3355 regis
1521 3283 1819 3340 occidendi
1852 3285 2075 3356 putavit
2115 3301 2275 3353 uxor,
2317 3300 2495 3355 quam
2530 3282 2708 3337 mari-

1060 3376 1159 3429 tus
1187 3372 1408 3428 nudam
1430 3374 1451 3406 ²
1481 3372 1667 3428 amico
1696 3390 1801 3428 suo
1849 3378 1905 3428 et
1936 3373 2299 3445 ignorantem
2348 3375 2707 3428 monstrave-

1061 3466 1171 3520 rat.
1202 3461 1494 3518 Judicavit
1539 3463 1697 3518 enim
1745 3479 1807 3517 se
1855 3480 1970 3518 non
2016 3462 2221 3529 amari,
2268 3479 2394 3534 quae
2438 3466 2495 3517 et
2540 3459 2706 3515 alteri

1060 3555 1261 3625 posset
1276 3551 1523 3608 ostendi.
1549 3552 1907 3624 Rhodogune
1924 3553 1946 3587 ³
1966 3552 2088 3608 filia
2112 3552 2282 3619 Darii,
2302 3556 2434 3624 post
2456 3554 2706 3606 mortem

1058 3640 1188 3710 viri,
1222 3640 1509 3697 nutricem
1542 3658 1671 3713 qua:
1702 3640 1785 3695 illi
1815 3642 2105 3697 secundas
2136 3641 2371 3713 nuptias
2398 3640 2708 3712 persuade-

1059 3730 1179 3800 bat,
1225 3730 1453 3787 occidit.
1501 3730 1755 3786 Alcestin
1810 3729 2018 3786 tabulae
2073 3732 2265 3786 ferunt
2312 3747 2413 3802 pro
2462 3729 2705 3784 Admeto

1059 3824 1266 3891 sponte
1313 3820 1650 3875 defunctam
1693 3837 1705 3874 :
1754 3821 1906 3876 312
1954 3824 2011 3875 et
2062 3818 2373 3890 Penelopes
2423 3818 2707 3890 pudicitia

1059 3907 1294 3964 Homeri
1340 3924 1575 3963 carmen
1607 3911 1714 3963 est.
1768 3907 2082 3963 Laodamia
2125 3923 2355 3979 quoque
2401 3910 2702 3977 poetarum

1059 4012 1159 4053 ore
1187 4000 1480 4064 cantatur,
1511 3997 1701 4052 occiso
1747 3997 1902 4069 apud
1950 3994 2186 4069 Trojam
2225 3995 2564 4063 Protesilao,
2600 4012 2701 4051 no-

1059 4084 1245 4143 luisse
1273 4085 1658 4159 supervivere.

1130 4175 1218 4231 46.
1267 4175 1517 4231 Mulieres
1565 4179 1819 4230 Romam
1864 4176 2125 4246 insignes.
2167 4207 2233 4214 —
2274 4174 2359 4229 Ad
2411 4175 2702 4229 Romanas

1058 4263 1309 4320 feminas
1336 4267 1668 4332 transeam;
1717 4269 1775 4319 et
1820 4265 2071 4335 primam
2112 4280 2323 4335 ponam
2354 4262 2698 4329 Lucretiam,

1058 4369 1185 4426 qua
1212 4352 1439 4409 violatae
1459 4352 1750 4425 pudicitiae
1772 4351 1976 4408 nolens
1998 4353 2383 4424 supervivere,
2409 4352 2699 4407 maculam

2829 445 2909 502 tia
2940 452 3271 503 monstrum
3301 451 3445 514 erat,
3478 465 3593 504 non
3622 447 3848 503 vitium.
3873 446 4069 518 Isjam
4093 462 4266 502 senex
4285 450 4343 502 et
4366 450 4469 502 tre-

2829 535 3009 590 menti
3040 553 3276 608 corpore
3308 537 3367 591 in
3400 537 3655 608 quodam
3677 536 3877 609 jurgio
3901 535 4127 592 audivit
4146 534 4472 606 exprobrari

2828 623 2939 678 sibi
2966 641 3031 680 os
3060 625 3346 691 foetidum,
3379 630 3436 681 et
3457 626 3642 682 tristis
3665 642 3729 682 se
3752 626 3997 680 domum
4020 623 4289 680 contulit.
4312 623 4475 680 Cum-

2827 729 2940 783 que
2984 713 3146 769 uxori
3194 718 3439 785 questus
3486 719 3641 769 esset
3682 730 3863 786 quare
3912 730 4218 784 nunquam
4262 728 4325 767 se
4357 728 4474 768 mo-

2827 801 3074 869 nuisset,
3110 807 3173 857 ut
3198 802 3335 857 huic
3365 802 3501 857 vitio
3533 802 3898 857 mederetur:
3937 800 4255 868 Fecissem,
4294 799 4477 872 inquit

2811 889 2945 957 illa,
2980 890 3091 946 nisi
3124 896 3427 963 putassem
3460 891 3738 947 omnibus
3763 890 3906 947 viris
3939 890 4023 946 sic
4043 907 4107 946 os
4133 889 4306 947 olere.
4338 890 4472 945 Lau-

2828 979 3021 1036 danda
3052 979 3110 1034 in
3145 983 3392 1052 utroque
3436 979 3652 1053 pudica
3696 983 3752 1034 et
3802 978 4017 1036 nobilis
4067 978 4306 1044 femina,
4340 982 4399 1034 et
4426 977 4473 1034 si

2824 1067 3111 1143 ignoravit
3137 1069 3342 1127 vitium
3373 1068 3502 1138 viri,
3535 1072 3591 1125 et
3621 1068 3670 1124 si
3719 1069 4008 1143 patienter
4047 1068 4202 1135 tulit,
4234 1071 4292 1123 et
4320 1067 4470 1140 quod

2825 1160 3073 1215 maritus
3105 1158 3503 1215 infelicitatem
3536 1157 3796 1230 corporis
3823 1157 3938 1225 sui,
3963 1174 4081 1213 non
4101 1156 4299 1212 uxoris
4321 1154 4474 1211 fasti-

2825 1249 2939 1315 dio,
2974 1249 3073 1304 sed
3108 1247 3416 1303 maledicto
3448 1248 3633 1304 sensit
3654 1247 3899 1302 inimici.
3925 1248 4091 1302 Certe
4112 1263 4242 1317 qua:
4267 1260 4474 1301 secun-

2824 1337 2966 1391 dum
3000 1337 3160 1392 ducit
3188 1336 3488 1404 maritum,
3523 1335 3631 1392 hoc
3662 1352 3778 1391 non
3810 1339 4002 1406 potest
4029 1335 4239 1390 dicere.
4264 1332 4476 1390 Marcia

2824 1424 3058 1482 Catonis
3088 1425 3210 1480 ﬁlia
3237 1424 3450 1492 minor,
3484 1440 3620 1480 cum
3652 1428 4013 1496 quaereretur
4042 1424 4115 1478 ab
4135 1440 4203 1479 ea
4224 1440 4328 1478 cur
4346 1428 4475 1494 post

2823 1513 3108 1571 amissum
3142 1514 3423 1569 maritum
3455 1514 3646 1569 denuo
3698 1529 3813 1568 non
3870 1512 4135 1578 nuberet,
4178 1510 4476 1584 respondit

2824 1619 2939 1658 non
2991 1620 3054 1659 se
3102 1603 3358 1658 invenire
3409 1603 3599 1658 virum
3654 1603 3755 1673 qui
3788 1618 3851 1658 se
3882 1601 4070 1674 magis
4099 1600 4267 1657 vellet
4295 1618 4473 1672 quam

2822 1708 2948 1747 sua.
2983 1698 3106 1759 Quo
3138 1691 3289 1747 dicto
3316 1691 3612 1747 ostendit’:
3645 1690 3877 1746 divitias
3927 1689 4114 1763 magis
4161 1689 4222 1745 in
4271 1690 4472 1745 uxori-

2821 1781 2932 1836 bus
2963 1780 3097 1853 eligi
3126 1780 3333 1847 solere,
3383 1796 3559 1852 quam
3605 1779 3973 1851 pudicitiam,
4020 1782 4078 1835 et
4108 1778 4325 1834 multos
4355 1795 4472 1834 non

2820 1869 3003 1926 oculis
3051 1870 3151 1925 sed
3202 1868 3401 1942 digitis
3459 1885 3668 1924 uxores
3739 1869 3970 1924 ducere.
4048 1868 4284 1939 Optima
4330 1883 4473 1923 sane

2822 1975 2933 2027 res,
2994 1975 3171 2031 quam
3230 1957 3470 2013 avaritia
3545 1956 3836 2013 conciliat.
3916 1956 4128 2012 Eadem
4189 1973 4324 2012 cum
4377 1955 4469 2013 lu-

2819 2052 2980 2121 geret
3007 2048 3218 2113 viram,
3258 2051 3316 2102 et
3362 2051 3640 2102 matronae
3689 2047 3760 2101 ab
3803 2061 3872 2100 ea
3920 2054 4245 2117 quaterent
4293 2061 4469 2117 quem

2819 2137 2971 2193 diem
3004 2136 3243 2192 haberet
3272 2135 3466 2191 luctus
3498 2134 3795 2201 ultimum,
3832 2135 3945 2190 ait:
3975 2135 4157 2199 Quem
4214 2139 4270 2190 et
4316 2134 4470 2203 vita,

2820 2224 3100 2290 Arbitror,
3135 2240 3261 2295 qua:
3300 2223 3382 2278 ita
3438 2223 3628 2277 virum
3687 2223 3985 2294 quaerebat
4039 2222 4357 2292 absentem,
4399 2223 4473 2278 de
4553 2249 4575 2264 ο

2819 2313 3074 2369 secundo
3098 2311 3470 2367 matrimonio
3493 2328 3608 2367 non
3632 2311 3942 2384 cogitabat.
3967 2311 4184 2367 Brutus
4209 2311 4474 2366 Porciam

2818 2402 3105 2475 virginem
3139 2400 3304 2456 duxit
3334 2416 3570 2456 uxorem
3598 2418 3611 2467 ;
3642 2399 3918 2455 Marciam
3969 2399 4109 2455 Cato
4150 2416 4266 2455 non
4293 2399 4472 2472 virgi-

2820 2507 2992 2559 nem;
3026 2491 3125 2546 sed
3160 2489 3376 2545 Marcia
3412 2489 3565 2544 inter
3611 2488 3987 2545 Hortensium
4010 2488 4031 2522 ⁸
4080 2487 4475 2563 Catonemque

2820 2579 3115 2645 discurrit,
3165 2582 3221 2634 et
3273 2579 3399 2634 sine
3447 2579 3663 2634 Catone
3725 2577 3914 2633 vivere
3975 2576 4193 2633 Marcia
4250 2578 4473 2647 potuit;

2820 2668 3021 2724 Porcia
3050 2668 3175 2723 sine
3207 2667 3383 2722 Bruto
3414 2683 3530 2722 non
3562 2666 3767 2739 potuit.
3803 2666 3989 2738 Magis
4020 2666 4177 2722 enim
4201 2682 4263 2721 se
4283 2665 4474 2722 unicis

2818 2756 2959 2812 viris
2990 2754 3284 2828 applicant
3312 2755 3540 2811 feminas
3566 2772 3581 2822 ;
3612 2759 3669 2810 et
3699 2755 3845 2810 nihil
3896 2754 4054 2809 aliud
4108 2771 4301 2821 nosse,
4344 2770 4473 2811 ma-

2819 2862 3001 2918 gnum
3033 2844 3297 2900 arctioris
3326 2843 3702 2916 indulgentiae
3731 2842 4030 2898 vinculum
4077 2847 4187 2898 est.
4219 2842 4473 2899 Anniam

2818 2951 2953 2990 cum
3002 2933 3366 3005 propinquus
3413 2938 3693 3000 moneret,
3740 2937 3806 2988 ut
3847 2931 4011 2988 alteri
4060 2931 4181 2988 viro
4227 2933 4475 2989 nuberet

2820 3022 2969 3093 (esse
2988 3023 3143 3078 enim
3166 3023 3217 3078 ei
3237 3027 3291 3077 ct
3310 3026 3538 3077 (etatem
3561 3023 3875 3094 integram,
3899 3027 3955 3076 et
3979 3020 4182 3076 faciem
4207 3021 4470 3093 bonam):

2820 3113 3223 3184 Nequaquam,
3255 3110 3470 3182 inquit,
3502 3110 3611 3165 hoc
3645 3110 3878 3166 faciam.
3910 3109 3963 3164 Si
3988 3108 4142 3165 enim
4165 3109 4357 3165 virum
4377 3110 4477 3165 bo-

2818 3218 2959 3256 num
2990 3201 3323 3268 invenero“,
3377 3199 3508 3255 nolo
3562 3199 3771 3256 timere
3799 3201 3955 3257 813
3987 3215 4058 3254 ne
4110 3198 4390 3270 perdam;
4426 3199 4477 3254 si

2818 3290 3064 3355 malum,
3094 3289 3234 3361 quid
3267 3305 3505 3344 necesse
3555 3294 3645 3344 est
3699 3293 3834 3360 post
3883 3289 4103 3345 bonum
4143 3288 4476 3361 pessimum

2816 3378 3149 3435 sustinere?
3181 3377 3379 3434 Porcia
3404 3379 3597 3434 minor
3628 3394 3765 3433 cum
3795 3377 4135 3433 laudaretur
4160 3377 4315 3449 apud
4341 3393 4476 3433 eam

2816 3468 3083 3540 quaedam
3114 3468 3261 3523 bene
3292 3471 3538 3533 morata,
3562 3484 3687 3538 qua:
3705 3467 4033 3522 secundum
4061 3465 4313 3521 habebat
4345 3483 4479 3522 ma-

2815 3557 3015 3623 ritum,
3064 3556 3400 3628 respondit:
3451 3555 3606 3611 Felix
3653 3559 3711 3610 et
3759 3555 3973 3626 pudica
4020 3558 4289 3610 matrona
4318 3571 4478 3610 nun-

2814 3662 2993 3718 quam
3016 3649 3404 3717 praaterquam
3435 3643 3614 3700 semel
3646 3644 3834 3699 nubit.
3858 3642 4129 3699 Marcella
4159 3644 4350 3714 major
4378 3660 4475 3698 ro-

2813 3738 2949 3807 gata
2968 3751 3003 3790 a
3023 3738 3207 3790 matre
3228 3751 3334 3790 sua
3354 3732 3710 3806 gauderetne
3726 3750 3789 3788 se
3810 3733 4103 3804 nupsisse,
4130 3731 4472 3803 respondit:

2812 3823 2897 3879 Ita
2924 3822 3108 3889 valde,
3144 3827 3210 3877 ut
3255 3821 3508 3894 amplius
3558 3820 3759 3876 nolim.
3805 3819 4031 3876 Valeria
4074 3818 4471 3875 Messalarum

2813 3929 2998 3979 soror,
3023 3911 3239 3967 amisso
3263 3910 3457 3967 Servio
3486 3910 3631 3978 viro,
3649 3908 3795 3967 nulli
3816 3907 4045 3965 volebat
4064 3908 4303 3964 nubere.
4329 3909 4474 3974 Quae

2810 4000 3168 4073 interrogata
3198 4016 3303 4055 cur
3333 4000 3563 4066 faceret,
3614 3998 3695 4053 ait
3744 3996 3856 4053 sibi
3906 4013 4137 4068 semper
4185 3996 4479 4053 maritum

2811 4089 3075 4145 Servium
3106 4089 3312 4144 vivere.

2882 4180 2969 4232 47.
3021 4176 3372 4245 Theophrasti
3426 4176 3490 4231 do
3544 4177 3761 4247 Nuptiis
3814 4177 3973 4231 liber.
4038 4176 4235 4232 Uxoris
4292 4174 4481 4231 ducta:

2810 4267 3168 4323 incommoda.
3203 4268 3432 4337 Propter
3476 4265 3614 4336 quod
3659 4265 3919 4320 dicuntur
3968 4280 4188 4320 umores.
4219 4263 4482 4320 Stultitia

2809 4357 3094 4412 hominum
3123 4372 3233 4411 non
3254 4371 3407 4409 rara.
3431 4387 3498 4393 —
3521 4353 3720 4409 Sentio
3742 4353 3798 4407 in
3823 4352 4088 4425 catalogo
4110 4351 4479 4409 feminarum

1058 4442 1317 4513 corporis
1347 4457 1553 4497 cruore
1583 4441 1812 4497 delevit.
1846 4439 2098 4495 Duillius
2151 4442 2251 4507 [AL
2286 4439 2568 4513 Duellius]
2600 4441 2699 4513 qui
2731 4459 2779 4524 Β
2809 4444 2993 4503 multo
3027 4460 3119 4501 me
3150 4442 3321 4517 plura
3352 4442 3567 4500 dixisse
3598 4458 3774 4515 quam
3805 4441 4205 4513 exemplorum
4239 4441 4481 4514 patitur

1057 4527 1285 4600 primus
1309 4529 1502 4585 Romae
1524 4529 1711 4585 navali
1737 4530 2053 4587 certamine
2072 4529 2473 4601 triumphavit,
2494 4530 2702 4585 Bitiam

1056 4613 1345 4690 virginem
1392 4615 1555 4671 duxit
1602 4632 1864 4684 uxorem,
1912 4620 2086 4672 tanta:
2136 4617 2445 4689 puditiciaa,
2498 4624 2565 4674 ut
2603 4619 2701 4676 illo

1131 4813 1147 4847 ι
1178 4811 1531 4868 Veronensis
1561 4810 1661 4868 lib.
1707 4813 2001 4879 Abradate,
2043 4813 2447 4872 Cisterciensis
2481 4815 2698 4882 Abrate,

1058 4884 1468 4958 Casanatensis
1488 4884 1758 4958 Ahradite.
1784 4884 1913 4941 Vid.
1936 4885 2398 4958 Xenophontem,
2454 4886 2553 4940 lib.
2599 4903 2697 4940 vu.

1058 4957 1453 5084 goxthuoque
1479 4957 1725 5014 Phantia
1754 4958 1815 5013 in
1866 4962 2064 5015 nostro
2102 4957 2226 5013 ’ms.
2279 4958 2574 5014 invenitur
2598 4973 2702 5027 pro

1107 5044 1177 5082 an
1225 5044 1329 5083 tea.
1848 5064 1855 5067 ν

1107 5036 1329 5083 anthea.
1848 5064 1855 5067 ν

1129 5099 1151 5132 ²
1181 5098 1348 5155 Falso
1377 5100 1750 5157 Martianaaus
1780 5116 1943 5172 quam
1971 5102 2181 5154 amicus
2209 5099 2432 5172 nudam,
2459 5101 2703 5172 etc.,pro

1057 5172 1314 5238 maritus,
1348 5177 1413 5228 ut
1438 5172 1655 5228 habent
1684 5168 1826 5228 mss.
1848 5187 2051 5227 omnes
2072 5176 2247 5240 atque
2266 5169 2405 5224 editi
2428 5168 2702 5240 vetustio-

1060 5258 1174 5370 τῆς.
1206 5241 1523 5369 ῌΙίβιοῑὶαιιι
1556 5244 1879 5299 Herodotus
1908 5246 2103 5297 narrat
2128 5238 2200 5296 de
2241 5238 2553 5309 Candaule,
2585 5239 2705 5295 sive

1123 5330 1238 5370 vrm
1267 5332 1340 5370 ιο.

1161 5330 1340 5370 [⁵81110.

1122 5331 1542 5441 ζιὲεἰὲἓιιθὶθιιε.
1570 5382 1839 5437 Rhodone.
1867 5382 1999 5436 Vid.
2028 5380 2446 5437 Philostratum
2472 5381 2530 5436 in
2553 5381 2704 5437 Ima-

1061 5455 1318 5528 ginibus.
1353 5454 1433 5528 De
1462 5452 2076 5528 xxlceste_Euripidem.
2104 5451 2357 5525 Reliquae
2378 5453 2555 5509 obvia:
2583 5471 2702 5509 ma-

1061 5520 1151 5600 gis
1179 5525 1433 5600 historiae
1472 5527 1547 5600 et_
1560 5520 1789 5600 fabulae.

1130 5598 1153 5637 ⁴
1179 5598 1318 5656 Mss.
1353 5597 1470 5667 Quo
1514 5592 1657 5651 dicto
1696 5593 1974 5667 eleganter
2019 5593 2269 5667 ostendit,
2300 5597 2409 5654 etc.
2451 5594 2703 5656 Victorio

2814 4534 3194 4601 consuetudo,
3231 4538 3286 4588 et
3315 4550 3349 4588 a
3378 4532 3593 4588 lectore
3622 4530 3849 4587 erudito
3883 4530 4242 4602 juste-posse
4276 4546 4488 4602 repre-

2813 4622 3013 4680 hendi.
3041 4623 3148 4678 Sed
3181 4622 3319 4694 quid
3354 4622 3586 4690 faciam,
3618 4637 3752 4676 cum
3784 4618 3929 4674 mihi
3973 4617 4249 4675 mulieres
4280 4619 4485 4675 nostri

2814 4820 3009 4873 autem
3040 4832 3142 4887 pro
3172 4817 3376 4872 Marcia
3403 4816 3715 4887 legendum
3744 4815 4039 4873 videretur
4056 4817 4291 4872 Porcia:
4326 4832 4485 4872 nam

2815 4889 3047 5014 lttlarciq,
3070 4892 3135 5013 utt
3163 4888 3362 4944 statim
3395 4887 3686 4951 subditur,
3721 4903 3835 4943 non
3868 4887 4006 4956 ﬁlia,
4041 4888 4143 4944 sed
4186 4903 4333 4943 uxor
4363 4891 4485 4945 Ca-

2841 4975 2971 5014 onis
3029 4976 3082 5014 ιιι
3120 4999 3133 5013 .

2815 4959 2971 5014 tonis
3003 4959 3133 5014 fuit.

2886 5031 2906 5064 ⁵
2936 5030 3139 5087 Marcia
3176 5032 3319 5086 inter
3358 5027 3727 5093 Hortensium,
3772 5032 3882 5084 etc.
3908 5028 4285 5086 Discurrebat
4314 5028 4491 5085 Mar-

2816 5102 2905 5157 cia
2931 5101 3084 5157 inter
3127 5098 3619 5173 Hortensium___et
3674 5099 3974 5167 Catonem,
4025 5101 4181 5173 quod
4224 5100 4493 5173 utrique

2815 5173 2991 5229 fuerit
3020 5188 3182 5238 uxor,
3230 5175 3287 5225 et
3329 5173 3459 5238 post
3509 5166 3723 5226 liberos
3769 5166 4103 5238 procreatos
4141 5171 4356 5228 rediret
4375 5166 4490 5229 'ad

2815 5243 3069 5315 priorem
3098 5241 3308 5315 virum.
3335 5241 3615 5315 Maurum.
3648 5273 3717 5282 ——
3744 5241 4023 5315 Marciam
4046 5261 4080 5300 a
4101 5242 4315 5299 Catone
4335 5245 4494 5315 ejus

2812 5310 2934 5369 viro
2975 5313 3322 5387 Hortensius
3368 5310 3699 5387 obtinuerat
3743 5313 4062 5387 liberorum
4085 5310 4496 5387 procreando-

2815 5401 2945 5440 rum
2977 5384 3166 5456 gratia
3190 5400 3383 5457 ;_qugs
3413 5400 3547 5457 cum
3578 5384 3664 5457 illi
3695 5385 4033 5457 peperisset,
4069 5384 4138 5442 ad
4186 5388 4492 5443 Catonem

2814 5454 3045 5511 reversa
3074 5459 3180 5510 est.
3216 5454 3295 5510 De
3326 5455 3550 5522 Porcia,
3579 5454 4094 5513 vidCPlutarcth
4116 5457 4317 5513 Bruto.

2884 5528 2905 5563 δ
2934 5525 3124 5583 Verba
3153 5528 3212 5602 ut
3241 5535 3371 5602 ante
3396 5527 3565 5602 habui
3592 5526 3686 5584 hic
3717 5528 3994 5602 supplent
4038 5528 4494 5589 emendations

2816 5612 2961 5675 mss.
3002 5603 3059 5660 et
3087 5601 3252 5659 vetus
3282 5598 3482 5659 editio.
