2682 3279
143 98 204 138 άθθ
688 72 893 132 ᾉῡνΕΒευε
915 89 1158 130 JOVINIANUM
1179 98 1202 129 L

784 99 893 131 nisus
915 89 1158 130 JOVINIANUM
1179 98 1253 129 LIB.
1278 98 1302 127 1.
1784 87 1843 125 290

142 171 284 208 temporis
298 169 423 207 apostoli
445 168 582 206 ingerent
605 168 825 200 auctoritatem;
841 169 869 194 εἰ
902 174 966 193 ηοε-
979 166 1006 198 Α
1023 182 1137 201 marum
1153 173 1371 208 sericarumque
1386 171 1510 199 vestium
1524 171 1548 198 si
1561 169 1841 206 intromiscris,peri-

142 217 212 245 dum
222 215 300 244 elato
313 215 415 243 funere
428 214 534 251 prioris
550 213 615 247 viri,
632 212 801 240 memoriter
829 210 964 246 digamia:

137 262 286 298 praecepta
302 258 480 288 decantent?
494 257 531 286 Ut
546 266 609 294 qua:
621 256 794 284 Christianae
819 254 964 291 pudicitiae

137 305 307 342 despiciunt
317 304 417 337 ﬁdem,
434 303 552 331 discant
567 302 670 329 saltem
687 301 723 328 ab
737 300 861 328 ethnicis
878 300 964 327 casti-

136 352 242 379 tatem.
254 349 356 377 Fertur
365 347 504 376 aureolus
518 347 527 364 ί
542 345 734 381 Theophrasti
750 344 824 372 liber
852 344 883 371 de
909 344 966 370 Nu-

137 393 249 431 ptiisjn
263 401 322 429 quo
336 392 443 429 quaerit
457 400 495 419 an
510 390 555 418 vir
570 390 687 426 sapiens
701 389 787 417 ducat
800 388 968 416 uxoremEt

137 447 206 467 cum
218 437 382 469 deﬁnisset,
393 435 418 464 si
430 435 554 472 pulchra
569 436 656 465 esset,
673 434 698 461 si
709 434 781 461 bene
790 435 914 466 morata,
942 432 966 459 si

137 481 270 511 honestis
285 480 468 518 parentibus,
483 479 509 507 si
524 479 588 515 ipse
600 486 690 506 sanus
705 486 737 506 ac
753 478 845 510 dives,
857 477 899 504 sic
918 485 967 504 sa-

136 528 269 564 pientem
299 524 545 561 aliquandoinire
557 522 789 554 matrimonium,
805 521 906 548 statim
928 520 969 548 in-

137 571 228 599 tulit:
245 582 260 596 α
274 570 342 598 Hac
357 571 455 598 autem
471 569 502 596 in
518 568 630 604 nuptiis
650 575 714 595 raro
739 566 876 594 universa
900 574 967 592 con-

140 615 273 644 cordant.
286 613 350 642 Non
366 615 413 642 est
427 621 496 650 ergo
511 621 583 640 uxor
597 611 730 639 ducenda
754 610 890 646 sapienti.
906 610 967 638 Pri-

141 667 225 688 mum
240 659 318 688 enim
337 655 803 694 impediri'studiaphilosophia:
822 663 873 682 nec
884 663 970 690 posse

140 711 322 741 quamquam
333 702 420 730 libris
430 704 458 729 et
472 701 557 729 uxori
571 700 680 737 pariter
701 699 850 727 inservire.
879 698 972 725 Multa

137 756 200 777 esse
209 756 284 784 quae
302 749 508 775 matronarum
524 745 628 773 usibus
641 744 805 772 necessaria
817 744 885 777 sint,
907 751 970 778 pre-

137 794 340 826 tioszvestes,
359 799 476 824 aurum,
493 791 778 827 gemmm,sumptus,
795 787 971 821 ancillac,su-

1020 218 1119 246 culum
1141 218 1284 254 pudicitiae
1296 219 1361 251 est;
1393 217 1417 244 si
1443 215 1638 251 probibueris,
1662 214 1840 250 suspicionis

1021 263 1137 298 injuria.
1157 262 1262 290 Verum
1280 261 1348 297 quid
1361 260 1480 297 prodest
1494 260 1581 287 etiam
1598 258 1721 294 diligens
1747 261 1842 286 custo-

1021 306 1078 340 dia,
1096 315 1162 333 cum
1178 315 1250 333 uxor
1271 305 1379 333 servari
1402 304 1551 340 impudica
1573 312 1629 330 non
1659 303 1762 339 possit,
1792 312 1844 339 pu-

1021 351 1086 378 dica
1101 359 1157 378 non
1171 350 1293 377 debeat?
1309 350 1400 376 [nﬁda
1414 349 1491 376 enim
1509 350 1607 375 custos
1629 349 1674 374 est
1702 347 1844 375 castitatis

1023 396 1201 426 necessitas;
1218 397 1246 421 et
1267 393 1317 421 illa
1340 402 1405 421 vere
1429 393 1534 429 pudica
1557 392 1681 419 dicenda
1709 394 1763 425 est,
1797 391 1844 418 cui

1022 439 1103 467 licuit
1122 447 1241 474 peccare
1270 438 1293 465 si
1315 438 1415 465 voluit.
1442 437 1567 464 Pulchra
1595 437 1651 464 cito
1680 437 1843 468 adamatur,

1025 484 1099 511 foeda
1116 483 1198 511 facile
1213 483 1402 517 concupiscit.
1422 481 1542 509 Difficile
1567 481 1742 512 custoditur,
1767 481 1845 516 quod

1024 528 1122 564 plures
1139 530 1238 555 amant
1253 528 1271 554 ⁵.
1290 526 1443 554 Molestum
1455 529 1498 553 est
1510 525 1749 561 possidere,quod
1763 533 1847 552 nemo

1024 572 1131 599 habere
1147 572 1292 608 dignetur.
1311 571 1420 598 Minorc
1432 573 1529 597 tamen
1560 569 1678 597 miseria
1706 569 1846 597 deformis

1024 617 1159 649 habetur,
1173 624 1259 652 quam
1276 615 1402 642 formosa
1418 616 1558 642 servatur.
1575 613 1652 641 Nihil
1664 616 1761 640 tutum
1792 616 1846 645 est,

1025 661 1053 688 in
1070 661 1147 696 quod
1164 661 1254 688 totius
1270 659 1368 695 populi
1385 661 1449 686 vota
1464 658 1622 693 suspirant.
1638 657 1721 685 Alius
1742 658 1847 692 forma,

1027 705 1101 732 alius
1118 705 1243 741 ingenio,
1262 704 1337 731 alius
1349 702 1555 737 facetiis,alius
1580 702 1752 730 liberalitate
1767 702 1847 729 solli-

1027 750 1105 777 citat.
1122 749 1225 784 Aliquo
1256 749 1350 781 modo,
1379 747 1423 774 vel
1458 746 1639 782 aliquando“
1664 748 1849 782 expugnatur

1028 794 1105 829 quod
1123 794 1253 829 undique
1268 792 1432 820 incessitur.
1446 792 1527 822 Quod
1544 791 1568 819 si
1585 792 1702 826 propter
1731 791 1848 825 dispen-

138 837 233 874 lie“ex
246 835 348 870 varia:
362 835 471 881 Ῑεοιίίξεθ
484 837 513 863 et
528 832 974 881 εδεθάεξάεδυΐθῖξςΠθῖηάε-Ρεν
989 849 1011 881 Β
1028 838 1169 866 sationem
1193 838 1298 865 domus
1321 839 1348 864 et
1377 836 1527 872 languoris
1557 835 1671 870 solatia,
1701 837 1729 862 et
1750 835 1849 871 fugam

137 884 240 910 noctes
252 882 335 908 totas
350 879 473 916 garrulas
490 879 715 914 conquestiones
729 885 736 903 ε
760 877 811 904 illa
841 876 971 903 ornatior

137 925 317 962 proceditin
331 923 485 961 publicum
499 932 506 957 ;
522 923 582 950 haec
593 922 754 950 honoratur
768 921 804 948 ab
821 920 970 951 omnibus,

143 978 200 1006 ego
213 969 248 998 in
262 971 403 998 conventu
418 968 594 996 feminarum
613 966 728 994 misella
742 965 897 1001 despicior.
915 965 973 992 Cur

146 1013 442 1051 aspiciebasvicinam
452 1012 466 1039 ‘I
474 1012 546 1048 quid
556 1020 621 1039 cum
634 1009 948 1045 ancillulaloquebaris
959 1010 973 1036 ?

143 1059 181 1086 de
196 1059 262 1087 foro
278 1057 396 1086 veniens
407 1057 477 1093 quid
494 1056 619 1084 attulisti
629 1055 708 1083 ?Non
721 1055 849 1082 amicum
866 1054 973 1082 habere

141 1110 310 1140 possumus
321 1102 523 1138 [ALpossnm],
539 1108 595 1128 non
606 1099 735 1128 sodalem
745 1099 883 1126 .Altcrius
895 1107 973 1126 amo-

139 1154 203 1176 rem
217 1154 316 1176 suum
331 1146 432 1174 odium
449 1145 624 1181 suspicatur.
643 1144 670 1171 Si
687 1143 879 1172 doctissimus
904 1151 974 1178 prte-

139 1191 284 1229 ceptorin
299 1189 560 1228 qualibeturbium
575 1188 671 1223 fuerit,
704 1196 756 1216 nec
785 1196 903 1215 uxorem
930 1196 973 1215 re-

137 1237 289 1274 linquere,
306 1243 361 1264 nec
374 1243 442 1263 cum
453 1231 569 1262 sarcina
583 1234 625 1261 ire
649 1232 832 1269 possumus?
849 1233 901 1268 [AL
924 1240 973 1267 po-

138 1284 196 1310 test
209 1281 232 1318 ].
250 1281 419 1316 Pauperem
434 1279 522 1312 alere,
534 1278 652 1306 difﬁcile
667 1279 726 1310 est;
740 1278 860 1305 divitem
889 1277 973 1310 ferre,

138 1327 342 1355 tormentum.
359 1324 442 1352 Adde
453 1323 531 1359 quod
542 1323 553 1340 ²
568 1322 650 1350 nulla
664 1324 708 1350 est
738 1321 837 1349 uxoris
862 1320 973 1354 electio,

141 1371 191 1399 sed
217 1369 445 1406 qualiscunque
476 1367 554 1395 314
584 1366 743 1398 obvenerit,
776 1366 923 1394 habenda.
948 1366 976 1392 Si

141 1413 303 1448 iracunda,
319 1413 346 1441 si
362 1412 482 1446 fatua,si
497 1411 674 1446 deformis,si
692 1410 855 1446 superba,si
866 1410 976 1443 fmtida,

143 1456 422 1496 quodcunquevitii
436 1458 482 1484 est
497 1458 563 1492 post
577 1455 695 1491 nuptias
710 1455 978 1490 discimus.Equus,

144 1503 264 1537 asinus,
281 1503 347 1536 bos,
367 1500 460 1534 canis,
479 1502 507 1527 et
532 1499 675 1527 vilissima
704 1499 859 1535 mancipia,
885 1502 979 1526 vestes

144 1533 314 1585 quoque,et
326 1533 555 1579 lebetes,sedile
570 1544 710 1580 ligneum,
727 1533 811 1576 calix;
827 1546 855 1571 et
880 1552 979 1571 urceo-
996 1533 1017 1565 (ἶ

141 1591 195 1620 Ius
208 1590 316 1620 ﬁctilis
330 1590 495 1627 probantur
505 1588 597 1625 prius,
619 1590 648 1615 et
664 1588 705 1615 sic
730 1589 868 1615 emuntur
885 1596 891 1615 ι
918 1587 981 1615 sola

142 1644 223 1664 uxor
231 1642 296 1664 non
319 1633 495 1666 ostenditur,
513 1641 549 1660 ne
565 1634 632 1660 ante
648 1632 802 1668 displiceat
818 1640 908 1667 quam
925 1633 978 1659 du-

145 1681 253 1709 catur.
268 1678 449 1708 Attendenda
463 1685 579 1714 semper
593 1678 657 1712 ejus
672 1679 715 1704 est
732 1677 828 1710 facies,
858 1679 885 1704 et
915 1676 980 1712 pul-

151 1722 476 1753 chrimdoiaudanda:
506 1722 543 1750 ne
563 1722 587 1749 si
613 1721 735 1749 alteram
766 1721 924 1757 aspexeris,
950 1730 981 1748 sc

153 1766 310 1797 existimet
321 1766 480 1804 displicere.
504 1766 638 1795 Vocanda
649 1765 778 1799 domina,
791 1765 981 1793 celebrandus

153 1810 273 1842 natalis
284 1810 528 1849 ojus,jurandum
545 1819 596 1846 per
621 1809 745 1838 salutem
775 1810 866 1843 illius,
893 1812 924 1837 ut
944 1811 982 1838 sit

150 1857 311 1895 nuperum
323 1855 497 1893 optandum,
527 1855 699 1883 honoranda
728 1854 825 1881 nutrix
855 1855 928 1889 ejus,
955 1858 983 1882 et

150 1896 388 1939 mussans
402 1899 548 1936 patrinus,
561 1901 588 1927 et
599 1898 737 1933 alumnus
752 1899 807 1932 ﬂet
837 1899 983 1926 formosus

146 1944 283 1979 modo,
296 1946 326 1973 et
338 1946 510 1982 procurator
524 1943 750 1976 calamistratus,
767 1945 795 1970 et
810 1943 838 1970 in
865 1942 982 1980 longam

147 1996 355 2027 uanumque
368 1988 520 2017 libidinem
537 1990 669 2016 exsectos
684 1987 774 2023 spado
787 1995 793 2014 :
806 1988 861 2015 sub
877 1987 983 2023 quibus

145 2032 331 2070 liv-ﬁnibus
337 2032 481 2062 adulteria
490 2032 699 2068 [ALadulteris]
708 2032 984 2063 delitescunt.Quos-

139 2075 512 2118 dilexerit,‘
528 2076 651 2114 ingratis
677 2076 805 2104 amandi.
833 2076 863 2104 Si
893 2079 984 2104 totam

316 2121 476 2159 regendam
506 2121 531 2149 ei
561 2112 754 2154 commiseris,
798 2121 982 2148 serviendum

144 2166 260 2201 “'83
272 2165 386 2204 liquid
401 2167 453 2195 tuo
469 2165 589 2194 arbitrio
605 2165 808 2201 reservaveris,
825 2165 912 2193 ﬁdem
928 2165 983 2193 sibi

1027 882 1206 914 solitudinis,
1219 882 1367 908 ducuntur
1382 888 1503 907 uxores:
1522 879 1613 906 multo
1629 879 1734 907 melius
1749 888 1850 907 servus

1028 926 1121 953 ﬁdelis
1138 925 1450 962 dispensat.obediens
1477 923 1642 951 auctoritati
1671 924 1793 957 domini,
1824 926 1852 951 et

1026 970 1209 1007 dispositioni
1220 970 1230 986 τ
1245 970 1308 1005 ejus
1324 970 1539 1004 obtemperans,
1566 968 1642 996 315
1655 976 1742 1004 quam
1770 976 1851 1002 uxor,

1028 1024 1092 1051 qure
1107 1015 1134 1042 in
1152 1015 1186 1042 co
1201 1022 1231 1042 se
1247 1014 1393 1041 existimat
1410 1013 1569 1045 dominam,
1587 1012 1611 1040 si
1628 1012 1782 1040 adversum
1799 1012 1853 1040 viri
1885 1007 1887 1011 l

1028 1059 1114 1087 faciat
1129 1059 1317 1089 voluntatem,
1336 1058 1362 1084 id
1379 1060 1433 1090 est,
1450 1057 1526 1093 quod
1552 1057 1655 1092 placet,
1686 1065 1743 1084 non
1772 1057 1850 1092 quod

1024 1104 1156 1139 jubetur.
1174 1103 1307 1130 Assidere
1323 1104 1420 1129 autem
1437 1101 1588 1136 aegrotanti
1604 1101 1697 1137 magis
1727 1102 1853 1136 possunt

1029 1148 1127 1182 amici,
1146 1150 1174 1174 et
1202 1146 1326 1174 vernula:
1352 1145 1501 1173 beneﬁciis
1526 1145 1655 1181 obligati,
1683 1153 1771 1180 quam
1801 1144 1853 1172 illa

1030 1201 1093 1229 qua:
1109 1192 1193 1219 nobis
1205 1191 1330 1226 imputat
1359 1191 1411 1226 [ΑΙ.
1440 1190 1574 1225 imputet]
1597 1189 1741 1225 lacrymas
1771 1198 1850 1222 suas,

1030 1240 1057 1264 et
1074 1235 1250 1264 hmreditatis
1267 1244 1318 1271 spe
1333 1235 1430 1262 vendit
1445 1235 1497 1270 [AL
1520 1234 1641 1269 vendas]
1661 1233 1803 1267 illuviem,
1826 1235 1855 1260 et

1032 1280 1259 1309 sollicitudinem
1277 1280 1404 1315 jactans,
1421 1278 1587 1314 languentis
1604 1277 1735 1305 animum
1756 1278 1855 1314 despe-

1032 1326 1143 1353 ratione
1154 1324 1319 1352 conturbat.
1332 1324 1411 1355 Quod
1429 1323 1452 1350 si
1470 1323 1533 1359 ipsa
1547 1323 1704 1358 languerit,
1729 1331 1854 1358 coa‘gro-

1032 1370 1153 1397 tandum
1164 1370 1251 1401 est,et
1262 1376 1411 1404 nunquam
1419 1367 1454 1394 ab
1463 1368 1526 1402 ejus
1539 1366 1643 1394 lectulo
1659 1367 1854 1394 recedendum

1033 1416 1089 1442 Aut
1105 1414 1128 1441 si
1147 1414 1222 1441 bona
1236 1413 1323 1440 fuerit
1337 1415 1365 1439 et
1379 1411 1476 1439 suavis
1492 1420 1563 1439 uxor
1574 1412 1648 1447 (quis
1665 1414 1763 1438 tamen
1791 1419 1856 1438 rara.

1033 1459 1093 1486 avis
1109 1460 1153 1485 est
1167 1458 1200 1492 ³),
1216 1466 1283 1484 cum
1301 1456 1478 1493 parturiente
1489 1456 1649 1492 gemimus,
1662 1463 1729 1483 cum
1742 1455 1855 1490 pericli-

1036 1504 1115 1530 tante
1131 1505 1312 1537 torquemur.
1330 1500 1452 1536 Sapiens
1468 1502 1564 1527 autem
1594 1508 1745 1535 nunquam
1775 1499 1856 1527 solus

1036 1556 1099 1575 esse
1107 1546 1305 1583 potestilabct
1312 1553 1413 1573 secum
1421 1554 1522 1572 omnes
1529 1545 1577 1581 qui
1588 1544 1718 1581 sunt,qui
1727 1553 1857 1581 unquam

1035 1593 1154 1619 fuerunt
1170 1591 1248 1624 boni,
1264 1592 1290 1617 et
1308 1590 1438 1617 animum
1456 1589 1580 1617 liberum
1597 1598 1770 1626 quocunque
1786 1589 1857 1624 vult,

1036 1636 1184 1664 transfert.
1208 1635 1287 1668 Quod
1320 1643 1439 1670 corpore
1468 1643 1526 1661 non
1551 1636 1655 1670 potest,
1685 1634 1857 1670 cogitatione

1037 1680 1248 1716 complectitur.
1265 1680 1299 1707 Et
1314 1679 1337 1707 si
1355 1680 1508 1707 hominum
1524 1679 1622 1714 inopia
1635 1679 1732 1713 fuerit,
1763 1679 1858 1715 loqui-

1036 1728 1085 1752 tur
1100 1734 1167 1752 cum
1183 1725 1251 1752 Deo.
1268 1724 1434 1760 Numquam
1451 1724 1550 1751 minus
1574 1723 1654 1751 solus
1683 1724 1740 1751 erit
1768 1732 1857 1759 quam

1038 1778 1104 1797 cum
1118 1769 1199 1796 solus
1215 1768 1297 1796 erit”.
1314 1770 1401 1795 Porro
1418 1768 1575 1794 liberorum
1605 1776 1709 1794 causas
1739 1776 1857 1794 uxorem

1038 1814 1154 1845 ducere,
1172 1815 1204 1840 ut
1218 1812 1377 1839 velnomcn
1401 1813 1534 1838 nostrum
1563 1819 1620 1838 non
1650 1811 1783 1845 intereat,
1814 1811 1857 1839 vel

1038 1857 1200 1884 habeamus
1216 1856 1377 1884 senectutis
1394 1856 1538 1892 przesidia,
1569 1858 1598 1883 et
1626 1856 1712 1883 certis
1739 1858 1858 1883 utamur

1041 1901 1214 1933 hzcredibus,
1231 1900 1458 1928 stolidissimum
1475 1902 1529 1928 est.
1546 1900 1618 1933 Quid
1636 1900 1713 1927 enim
1741 1901 1777 1928 ad
1804 1909 1858 1928 nos

1040 1945 1165 1981 pertinet
1182 1945 1347 1972 recedentes
1372 1953 1386 1971 e
1415 1944 1534 1978 mundo,
1560 1945 1584 1971 si
1614 1945 1733 1973 nomine
1760 1947 1860 1973 nostro

1041 1990 1116 2017 alius
1125 1989 1291 2017 nominetur
1307 1997 1384 2023 ;cum
1401 1990 1429 2015 et
1446 1989 1523 2016 ﬁlius
1539 1990 1560 2006 ¹⁰
1575 1997 1632 2016 non
1645 1989 1742 2017 statim
1769 1989 1861 2025 patris

1039 2033 1213 2062 vocabulum
1243 2033 1356 2066 referat,
1382 2035 1410 2060 et
1429 2032 1658 2060 innumerabiles
1697 2033 1765 2065 sint,
1810 2033 1860 2068 qui

1040 2079 1141 2106 eodem
1172 2077 1354 2114 appellentur
1387 2077 1526 2104 nomine?
1554 2079 1611 2105 Aut
1639 2085 1702 2112 qua:
1727 2079 1860 2105 senectu-

1041 2123 1079 2151 tis
1094 2122 1202 2151 auxilia
1214 2123 1283 2149 sunt
1305 2121 1433 2149 enutrirc
1455 2120 1544 2156 domi,
1574 2121 1624 2157 qui
1654 2123 1705 2149 aut
1732 2121 1811 2157 prior
1834 2123 1862 2149 te

1042 2168 1113 2195 forte
1134 2167 1287 2200 moriatur,
1312 2168 1363 2194 aut
1392 2165 1618 2202 perversissimis
1642 2166 1680 2193 sit
1707 2166 1863 2194 moribus?

367 2210 484 2248 putabit
500 2219 508 2244 ;
534 2210 584 2238 sed
612 2210 642 2238 in
671 2209 771 2237 odium
798 2212 927 2237 vertetur
952 2218 985 2238 ac
1000 2217 1023 2249 Ι)
1038 2213 1095 2239 Aut
1109 2214 1185 2239 certe
1200 2219 1267 2238 cum
1283 2211 1318 2238 ad
1332 2214 1476 2238 maturam
1493 2212 1607 2238 aetatem
1629 2210 1748 2244 venerit,
1782 2211 1864 2238 tarde

137 2252 306 2297 Mli
327 2253 386 2284 nisi
407 2255 466 2284 cito
481 2254 690 2287 .consulueris,
721 2254 835 2290 parabit
863 2262 982 2282 venena.

309 2299 461 2336 ituspices
475 2300 498 2334 ι,
511 2301 540 2327 et
554 2297 682 2327 hariolos
698 2300 726 2326 et
739 2298 887 2327 institores
904 2307 983 2335 gem-

378 2358 575 2410 Theopbrasti
588 2370 662 2410 liber
682 2369 745 2410 iste.
764 2370 801 2410 de
817 2370 986 2410 _Nuptiis_a

287 2405 443 2446 Manilia
455 2405 576 2446 totaque
591 2405 747 2442 fragmenti
772 2405 862 2441 hujus
874 2405 881 2406 ί
891 2405 986 2442 gratia

240 2442 485 2478 ﬂucticulis
500 2442 556 2470 est.

244 2475 747 2516 ﬂmmiam,renuentibus
763 2484 835 2516 mss.

423 2521 492 2555 cum
507 2510 596 2555 veteri
608 2521 724 2549 quoque
747 2512 873 2555 editione
895 2519 986 2555 servus

247 2549 518 2586 mmuﬁtc.
527 2549 592 2577 Mox
606 2556 658 2585 pro
668 2549 790 2586 exsertus
799 2549 860 2575 erat
867 2551 984 2586 exectus.

437 2583 500 2615 uno
514 2583 659 2614 consensu
675 2583 784 2612 habent
800 2591 872 2611 mss.
890 2585 917 2611 et
938 2592 984 2611 ve-

248 2628 594 2697 mbiﬂlcﬂe
621 2655 771 2684 custoditur
799 2654 868 2689 quod
892 2655 986 2682 multis

369 2718 525 2766 Ma
538 2727 570 2757 in
592 2726 709 2756 duobus
724 2734 797 2755 mss.
813 2734 870 2755 non
900 2726 987 2755 habe-

416 2762 540 2805 respuit.

310 2536 414 2558 ΨΥ*

160 2630 170 2633 ,λ
240 2605 378 2650 ᾳδτλςεκταιή·

207 2628 317 2666 ἰι

137 2722 143 2729 μ
175 2722 231 2730 ην·
250 2722 267 2730 κ.
285 2719 322 2731 ,ιι
346 2725 392 2731 μ.

125 2731 236 2762 ’ΤΠ

247 2666 392 2728 ἓν

1041 2256 1067 2283 ei
1083 2255 1208 2283 videaris
1220 2255 1303 2283 mori.
1322 2255 1454 2282 Haercdes
1470 2256 1568 2282 autem
1580 2255 1715 2283 meliores
1738 2257 1766 2282 et
1803 2263 1863 2283 cer-

1042 2299 1129 2328 tiores
1145 2299 1230 2326 amici
1244 2301 1313 2328 sunt
1334 2302 1362 2327 et
1378 2299 1545 2335 propinqui,
1558 2308 1631 2335 quos
1650 2299 1763 2334 judicio
1791 2298 1863 2326 deli-

1077 2371 1086 2387 °
1098 2370 1196 2398 Minus
1211 2371 1284 2398 bene
1299 2372 1361 2398 erat
1375 2371 1574 2405 dispensationi
1584 2372 1686 2398 contra
1699 2378 1771 2398 mss.
1795 2378 1857 2398 om-

1043 2406 1124 2434 nium
1142 2406 1239 2433 ﬁdem.

1079 2442 1088 2458 ⁸
1104 2442 1195 2469 Penes
1206 2441 1393 2469 Abzclardum
1404 2440 1453 2476 qui
1466 2441 1544 2469 hunc
1560 2440 1656 2469 locum
1671 2441 1784 2475 laudat,
1802 2449 1862 2478 quae

1043 2486 1119 2508 rara.
1136 2479 1183 2505 aut
1198 2478 1246 2504 vim
1258 2480 1307 2504 est.

1078 2514 1088 2530 θ
1104 2513 1238 2540 Publium
1254 2512 1419 2549 Scipionem
1435 2510 1526 2539 dicere
1539 2512 1651 2540 solitum
1664 2513 1774 2549 scripsit
1800 2513 1866 2542 Cato

1042 2557 1192 2585 numquam
1208 2556 1235 2576 se
1247 2548 1342 2585 minus
1353 2548 1469 2575 otiosum
1483 2555 1548 2585 esse.
1564 2556 1647 2584 quam
1659 2548 1723 2576 cum
1744 2550 1867 2585 otiosus,-

1042 2583 1199 2624 necgiginus
1210 2584 1408 2624 sctumnqaam
1418 2590 1485 2624 cuia
1499 2583 1674 2624 891115.8856‘,‘
1691 2585 1781 2612 Cicer.
1812 2584 1866 2624 lib.

1044 2629 1076 2647 ιιι
1091 2620 1167 2683 (lt/ﬁo.
1193 2619 1286 2653 initio,
1306 2618 1374 2646 Vide
1398 2620 1427 2646 et
1454 2618 1645 2648 Plutarchum
1668 2620 1697 2649 in
1727 2619 1875 2656 Apophle~

1044 2664 1103 2683 ama
1117 2664 1150 2683 zs.

1040 2664 1139 2691 gmaus
1144 2677 1150 2683 .

1078 2691 1099 2727 1°
1114 2691 1196 2723 Mss.,
1211 2691 1288 2718 dlius
1298 2699 1349 2718 non
1366 2694 1488 2727 vocatur,
1502 2699 1564 2719 cum
1579 2693 1605 2719 ct
1619 2691 1705 2727 ﬁlius,
1716 2688 1879 2727 etc.Paul_o

1041 2726 1119 2794 git-'2:
1133 2726 1416 2792 gqgatanensismum
1430 2726 1467 2755 ad.
1480 2725 1623 2756 maluram‘
1632 2731 1738 2756 aetatem
1755 2725 1877 2759 veneris

1121 2784 1127 2800 ι
1144 2783 1199 2794 νυν.

1789 2895 1904 2962 ,Γ
