5364 6558
1037 246 1151 309 291

2273 242 2337 306 S.
2385 236 2695 307 EUSEBlI
2737 241 3028 306 HIERON
3038 237 3205 307 YMl.

4317 240 4439 304 292

1042 392 1169 449 gas,
1230 391 1406 447 quam
1467 384 1636 448 quos,
1692 370 1834 430 velis
1902 374 2074 441 nolis,
2128 374 2343 430 habere
2438 373 2680 446 cogaris.
2715 382 2770 449 Α
2801 379 2987 446 putet,
3011 376 3059 431 si
3113 392 3429 448 pauperem
3490 375 3738 443 duxerit,
3798 373 3942 431 satis
3997 391 4058 430 se
4114 372 4435 431 concordia)

1041 465 1202 521 Licet
1229 466 1439 521 certior
1455 463 1764 520 hereditas
1776 464 1874 531 sit,
1906 464 2048 519 dum
2077 463 2318 531 advivis,
2345 463 2491 519 bene
2522 461 2685 518 abuti

1042 552 1377 610 substantia
1394 558 1702 625 tua,quam
1731 558 1831 609 tuo
1848 552 2047 609 labore
2068 552 2314 624 quaesita
2340 550 2400 607 in
2432 542 2685 606 incertos

1044 660 1189 699 usus
1218 641 1570 713 relinquere.
1605 663 1632 690 »

1111 733 1201 786 48.
1262 730 1459 787 Omnia
1509 731 1660 785 mala
1706 746 1775 785 ex
1830 729 2173 786 mulieribus.
2205 731 2473 801 Epicurus
2526 729 2681 785 volu-

1034 821 1204 891 ptatis
1261 826 1515 874 assertor.
1566 820 1710 874 lovis
1767 819 2050 875 Gamelius
2103 822 2156 874 et
2222 816 2555 874 Genethlius.
2615 848 2684 859 —

1040 908 1172 963 Haec
1245 912 1302 962 et
1375 907 1783 979 hujuscemodi
1856 907 2298 979 Theophrastus
2365 907 2681 973 disserens,

1038 1013 1217 1069 quem
1249 1014 1365 1053 non
1397 996 1701 1052 sulfundat
1731 995 2218 1061 Christianorum,
2251 1013 2503 1068 quorum
2545 1012 2683 1051 con-

1037 1085 1290 1142 versatio
1320 1085 1486 1141 estin
1522 1084 1701 1150 caelis,
1738 1084 1838 1156 qui
1887 1084 2147 1156 quotidie
2213 1085 2454 1141 dicunt:
2515 1084 2684 1155 Cupio

1037 1175 1254 1243 disolvi,
1288 1183 1480 1230 etesse
1506 1190 1632 1229 cum
1663 1173 1875 1229 Christo
1935 1174 2203 1245 (Philipp.
2252 1191 2291 1240 ι,
2350 1175 2497 1246 23)?
2552 1172 2681 1228 Hae-

1037 1263 1235 1318 redem
1290 1261 1569 1317 nimirum
1628 1262 1983 1318 desiderabit
2046 1262 2345 1319 hominem
2422 1262 2682 1318 cohaeres

1038 1350 1253 1406 Christi
1279 1354 1302 1405 Ρ
1331 1355 1389 1406 et
1416 1351 1640 1423 optabit
1669 1350 1904 1418 liberos,
1947 1356 2342 1423 nepotumque
2373 1350 2523 1407 serie
2582 1351 2680 1406 de-

1034 1438 1365 1508 lectabitur,
1412 1455 1561 1510 quos
1628 1438 1872 1494 forsitan
1930 1438 2009 1494 sit
2064 1443 2453 1511 occupaturus
2517 1439 2680 1494 Anti-

1037 1528 1293 1584 christus
1318 1546 1331 1596 ;
1366 1544 1500 1583 cum
1532 1526 1800 1599 legamus
1829 1531 2062 1600 Moysen
2084 1532 2143 1583 et
2169 1528 2499 1584 Samuelem
2542 1527 2679 1583 ﬁliis

1035 1616 1160 1672 suis
1207 1615 1351 1671 alios
1394 1616 1542 1672 316
1588 1615 1952 1687 praetulisse;
2008 1632 2113 1671 nec
2169 1620 2407 1688 putasse
2466 1615 2678 1671 liberos

1035 1721 1182 1776 quos
1211 1703 1489 1760 videbant
1508 1706 1750 1760 Domino
1804 1703 2110 1776 displicere
2129 1704 2158 1758 ?
2185 1705 2381 1760 Cicero
2440 1709 2678 1777 rogatus

1035 1794 1105 1849 ab
1150 1793 1356 1861 Hirtio,
1414 1797 1481 1848 ut
1534 1797 1668 1865 post
1715 1793 2025 1865 repudium
2075 1793 2356 1850 Terentiae
2416 1808 2674 1849 sororem

1035 1885 1166 1954 ejus
1196 1883 1455 1950 duceret,
1488 1883 1729 1937 omnino
1756 1883 1944 1938 facere
1975 1883 2532 1954 supersedit,dicens
2561 1899 2675 1937 non

1035 1986 1206 2043 posse
1235 1987 1299 2026 se
1320 1969 1485 2026 uxori
1515 1975 1574 2026 et
1601 1969 1984 2043 phi1030phiaz
2014 1970 2230 2042 pariter
2250 1986 2487 2042 operam
2519 1971 2677 2035 dare,

1037 2059 1144 2117 Illa
1172 2059 1405 2115 interim
1443 2060 1658 2129 conqu
1696 2060 1950 2132 egregia,
2008 2064 2068 2115 et
2115 2076 2242 2131 qua:
2290 2060 2361 2115 de
2417 2059 2678 2114 fontibus

1033 2147 1323 2205 Tullianis
1371 2148 1651 2204 hauserat
1708 2148 2084 2220 sapientiam,
2145 2148 2346 2221 nupsit
2397 2146 2677 2203 Sallustio

1032 2236 1271 2293 inimico
1299 2237 1451 2307 ejus,
1480 2240 1536 2291 et
1557 2235 1728 2292 tertio
1761 2235 2020 2292 Messalas
2068 2238 2335 2306 Corvino,
2394 2242 2451 2294 et
2506 2235 2675 2309 quasi

1031 2341 1135 2397 per
1162 2324 1453 2396 quosdam
1482 2325 1703 2397 gradus
1731 2323 2070 2395 eloquentiae
2101 2324 2374 2381 devoluta
2414 2330 2521 2381 est.
2572 2327 2673 2381 So-

1030 2417 1220 2469 crates
1251 2414 1581 2486 Xantippen
1604 2417 1667 2469 et
1695 2413 1896 2486 Myron
1928 2418 2161 2487 neptem
2202 2414 2472 2471 Aristidis
2529 2415 2677 2471 duas

1030 2501 1284 2557 habebat
1296 2518 1523 2558 uxores.
1548 2503 1683 2566 Quae
1705 2519 1839 2558 cum
1871 2503 2075 2559 crebro
2102 2503 2258 2560 inter
2287 2520 2350 2559 se
2371 2505 2677 2576 jurgaren-

1029 2595 1145 2657 tur,
1178 2594 1236 2645 et
1264 2590 1361 2646 ille
1388 2606 1486 2645 eas
1510 2590 1749 2646 irridere
1781 2596 1934 2647 esset
1963 2591 2193 2658 solitus,
2228 2593 2383 2664 quod
2441 2598 2678 2665 propter

1032 2678 1527 2746 sci'azdissimum,
1560 2678 1882 2747 hominem,
1915 2679 2084 2736 simis
2125 2680 2390 2747 naribus,
2450 2681 2680 2738 recalva

1033 2768 1183 2839 [man
1216 2768 1476 2837 recurva]
1508 2767 1714 2836 fronte,
1747 2767 1948 2840 pilosis
1979 2768 2262 2835 humeris,
2295 2772 2353 2824 et
2398 2770 2676 2842 repandis

1032 2855 1723 2929 cruribus,disceptarent
1747 2873 1759 2911 :
1794 2857 2112 2913 novissime
2126 2862 2425 2914 verterunt
2453 2859 2513 2913 in
2538 2875 2673 2915 eum

1029 2944 1338 3016 impetum,
1383 2949 1441 3000 et
1492 2944 1643 3000 male
1702 2944 2015 3002 multatum
2076 2946 2514 3019 fugientemque
2571 2946 2673 3002 diu

1032 3038 1346 3105 persecutae
1378 3037 1538 3089 sunt.
1570 3034 1832 3100 Quodam
1860 3039 2055 3091 autem
2087 3040 2347 3107 tempore
2377 3052 2509 3091 cum
2544 3035 2673 3090 inti-

2795 464 3137 535 providisse.
3171 464 3505 537 Philippum
3536 481 3730 538 regem
3788 465 4185 527 Macedonum.
4233 466 4441 519 contra

2795 570 2969 625 quem
3000 553 3411 609 Demosthenis
3440 553 3776 626 Philippicae
3804 553 4437 619 tonant,introeuntem

2794 658 2863 697 ex
2913 658 3075 698 more
3122 642 3456 699 cubiculum
3525 660 3671 698 uxor
3742 641 3990 698 exclusit
4062 641 4248 696 irata:
4335 639 4438 711 qui

2795 730 3069 787 exclusus
3126 732 3329 798 tacuit,
3375 737 3432 786 et
3477 730 3756 802 injuriam
3828 746 3998 786 suam
4073 745 4247 785 versu
4320 733 4437 783 tra-

2794 819 2923 893 gico
2995 820 3329 876 consolatus
3402 825 3509 876 est.
3590 820 3869 893 Gorgias2
3955 818 4153 874 rhetor
4218 815 4435 872 librum

2795 909 3255 981 pulcherrimum
3297 908 3367 963 de
3469 909 3781 964 concordia
3880 907 4093 963 Graecis
4151 910 4291 961 tunc
4351 906 4437 960 in-

2791 1002 2879 1055 ter
2908 1015 2970 1053 se
3014 997 3439 1054 dissidentibus
3495 996 3754 1053 recitavit
3811 995 4109 1068 Olympia.
4168 993 4268 1049 Cui
4326 997 4439 1049 Me-

2791 1085 3056 1141 lanthius
3085 1086 3362 1142 inimicus
3387 1087 3516 1157 ejus
3541 1103 3553 1140 :
3588 1085 3691 1141 Hic
3720 1085 3910 1153 nobis,
3934 1084 4149 1156 inquit,
4181 1084 4252 1138 de
4298 1098 4432 1137 con-

2793 1175 2991 1231 cordia
3020 1176 3299 1248 przecipit,
3331 1175 3432 1247 qui
3464 1192 3525 1231 se
3554 1179 3612 1230 et
3642 1190 3876 1230 uxorem
3911 1177 3970 1229 et
4007 1172 4282 1229 ancillam
4314 1175 4435 1227 tres

2791 1264 2850 1318 in
2873 1281 2991 1319 una
3020 1265 3193 1319 domo
3225 1264 3577 1319 concordare
3604 1279 3719 1318 non
3771 1262 3980 1334 potuit.
4029 1258 4439 1316 IEmulabatur

2791 1353 2940 1408 317
2977 1351 3194 1425 quippe
3220 1368 3364 1407 uxor
3390 1353 3520 1423 ejus
3551 1350 3838 1407 ancillulae
3878 1349 4321 1423 pulchritudini,
4378 1353 4438 1405 et

2791 1441 3192 1497 castissimum
3229 1440 3420 1496 virum
3451 1439 3810 1512 quotidianis
3835 1436 4048 1511 jurgiis
4076 1437 4431 1510 exagitabat.

2789 1530 2946 1585 Totae
2977 1528 3272 1602 Euripidis
3338 1528 3633 1601 tragoedia:
3690 1528 3750 1582 in
3796 1526 4070 1583 mulieres
4128 1525 4441 1583 maledicta

2789 1623 2946 1673 sunt.
2980 1617 3144 1674 Unde
3172 1622 3231 1675 et
3259 1618 3568 1674 Hermione
3591 1618 3612 1651 ³
3669 1616 3971 1689 loquitur:
4015 1618 4300 1673 Maiarum
4342 1631 4438 1671 me

2786 1708 3081 1763 mulierum
3111 1707 3369 1779 decepere
3393 1707 3649 1763 consilia.
3694 1706 3757 1760 In
3826 1704 3989 1777 Lepti
4057 1705 4200 1761 urbe
4256 1703 4437 1760 semi-

2789 1796 3056 1865 barbara,
3090 1800 3148 1851 et
3175 1796 3366 1869 posita
3384 1795 3444 1850 in
3475 1794 3816 1860 solitudine,
3838 1794 4018 1849 moris
4049 1797 4139 1850 est
4166 1797 4232 1848 ut
4248 1809 4437 1848 nurus

2789 1884 2972 1939 altera
3001 1884 3094 1941 die
3119 1901 3352 1941 socrum
3409 1883 3588 1941 ollam
3645 1888 3912 1939 mutuam
3968 1883 4072 1954 [ΑΙ.
4134 1880 4437 1952 mutuum]

2787 1973 3059 2046 postulet.
3094 1973 3195 2028 Cui
3226 1972 3327 2028 illa
3356 1972 3555 2028 statim
3589 1976 3763 2045 negat
3798 1987 3811 2026 :
3849 1970 4074 2026 utscias
4134 1968 4281 2024 illud
4337 1984 4433 2024 ve-

2787 2078 2921 2117 rum
2952 2078 3082 2118 esse
3111 2061 3387 2129 Terentii,
3415 2061 3571 2133 quod
3600 2059 3868 2117 consulto
3901 2058 4176 2130 ambigue
4202 2056 4434 2113 extulit:

2788 2153 2895 2220 Qui
2922 2154 3001 2207 est
3032 2152 3128 2207 hoc
3154 2152 3183 2206 ῖ
3210 2167 3396 2206 omnes
3423 2166 3603 2206 socrus
3633 2149 3861 2205 oderunt
3908 2164 4101 2203 nurus.
4162 2146 4437 2219 Legimus

2787 2241 3103 2312 quemdam
3152 2240 3307 2311 apud
3365 2240 3659 2295 Romanos
3719 2237 4036 2306 nobilem‘,
4097 2253 4227 2292 cum
4285 2251 4428 2290 eum

2787 2328 2958 2384 amici
2981 2332 3310 2401 arguerent,
3331 2344 3510 2400 quare
3551 2342 3788 2383 uxorem
3823 2326 4140 2382 formosam
4196 2329 4252 2380 et
4307 2340 4439 2379 cas-

2784 2421 2906 2472 tam
2939 2420 2996 2472 et
3025 2415 3262 2472 divitem
3303 2416 3685 2488 repudiasset,
3716 2413 4080 2487 protendisse
4110 2413 4341 2484 pedem,
4375 2416 4437 2467 et

2785 2505 3004 2562 dixisse
3034 2505 3154 2561 eis:
3189 2506 3310 2560 «Et
3337 2505 3432 2560 hic
3460 2520 3664 2560 soccus
3718 2519 3891 2576 quem
3948 2502 4208 2567 cernitis,
4263 2500 4433 2556 vide-

2784 2599 2882 2650 tur
2909 2595 3072 2650 vobis
3094 2610 3276 2649 novus
3303 2598 3361 2649 et
3390 2593 3625 2666 elegans
3649 2609 3661 2646 :
3703 2592 3804 2648 sed
3834 2606 4002 2647 nemo
4055 2590 4165 2645 scit
4222 2593 4435 2662 praeter

2786 2700 2878 2739 me
2910 2683 3007 2739 ubi
3059 2699 3153 2738 me
3220 2686 3530 2754 premat.»
3599 2680 3814 2737 Scribit
3876 2679 4222 2743 Herodotus,
4272 2678 4431 2750 quod

2786 2771 2998 2829 mulier
3027 2789 3161 2827 cum
3216 2775 3375 2827 veste
3439 2771 3692 2842 deponat
3758 2773 3815 2824 et
3877 2767 4283 2823 verecundia“.
4318 2826 4321 2827 ν
4356 2767 4432 2822 Et

2784 2866 2987 2918 noster
3031 2860 3302 2917 Comicus
3361 2860 3723 2915 fortunatum
3780 2860 3968 2930 putat,
4029 2855 4131 2929 qui
4189 2871 4430 2911 uxorem

2784 2966 3088 3022 nunquam
3119 2949 3366 3005 duxerit.
3400 2947 3547 3011 Quid
3587 2946 3834 3003 referam
3892 2944 4242 3017 Pasiphaen,
4297 2943 4430 3016 Cly-

2784 3043 3158 3095 temnestram
3200 3041 3257 3094 et
3275 3036 3647 3110 Eriphylen):
3681 3052 3930 3107 quarum
3965 3034 4155 3107 prima
4192 3032 4426 3089 deliciis

1034 3124 1156 3179 nita
1193 3122 1453 3178 convicia
1482 3139 1551 3178 ex
1580 3123 1863 3195 superiori
1896 3124 2022 3180 loco
2054 3125 2337 3197 ingerenti
2366 3124 2672 3196 Xantippa
2703 3113 2745 3180 C
2784 3126 3300 3199 dil'fluens,quippe
3338 3125 3515 3198 regiis
3546 3124 3864 3189 uxor,tauri
3899 3123 4112 3179 dicitur
4141 3121 4431 3194 expetisse

1034 3211 1369 3277 restitisset,
1401 3227 1556 3283 aqua
1585 3212 1859 3282 perfusus
1881 3212 2209 3281 immunda,
2244 3213 2390 3269 nihil
2421 3213 2674 3285 amplius

1035 3300 1354 3373 respondit,
1411 3317 1587 3372 quam
1648 3301 1837 3372 capite
1892 3301 2156 3357 deterso:
2221 3303 2506 3369 Sciebam,
2594 3303 2676 3357 in-

1034 3389 1180 3460 quit,
1216 3389 1480 3444 futurum
1513 3393 1576 3443 ut
1605 3386 1719 3444 ista
1750 3389 2011 3445 tonitrua
2068 3390 2257 3446 imber
2313 3396 2672 3463 sequeretur.

1038 3478 1092 3532 L.
1124 3476 1289 3549 Syllae
1347 3476 1500 3548 (Vid.
1550 3477 1944 3533 PLUTARCHUM
2005 3480 2064 3533 in
2119 3479 2298 3550 Sylla)
2350 3480 2553 3535 Felicis
2604 3480 2676 3551 (si

1035 3582 1150 3621 non
1182 3564 1491 3621 habuisset
1519 3566 1780 3635 uxorem)
1800 3565 2028 3622 Metella
2058 3584 2161 3622 con
2162 3569 2272 3638 jux
2300 3567 2494 3640 palam
2554 3574 2679 3624 erat

1035 3653 1369 3726 impudica:
1404 3659 1459 3710 et
1491 3654 1652 3725 (quia
1683 3654 1984 3710 novissimi
2025 3654 2181 3711 mala
2237 3662 2440 3712 nostra
2496 3657 2674 3713 disci-

1036 3744 1191 3813 mus)
1221 3743 1279 3797 id
1310 3742 1552 3797 Athenis
1585 3744 1949 3810 cantabatur,
2004 3749 2061 3800 et
2113 3744 2264 3818 Sylla
2320 3746 2628 3817 ignorabat
2660 3765 2672 3814 ;

1038 3834 1375 3903 secretaque
1401 3831 1611 3887 domus
1640 3849 1755 3887 suae
1798 3834 2056 3904 primum
2114 3834 2371 3891 hostium
2421 3836 2678 3892 convicio

1038 3918 1262 3989 didicit.
1291 3919 1393 3974 Cn.
1430 3918 1733 3993 Pompeio(
1784 3922 1905 3977 Vid.
1964 3924 2238 3979 eumdem
2296 3927 2355 3979 in
2395 3926 2677 3997 Pompeio)

1038 4006 1279 4063 Mutiam
1312 4024 1552 4065 uxorem
1586 4009 1983 4081 impudicam,
2044 4029 2219 4085 quem
2269 4014 2495 4070 Pontici
2545 4032 2677 4086 spa-

1036 4097 1242 4165 dones,
1274 4102 1333 4154 et
1370 4097 1774 4154 Mithridaticae
1832 4101 2171 4157 ambiebant
2225 4107 2486 4168 catervae,
2545 4119 2679 4157 cum

1041 4202 1177 4242 eum
1208 4186 1692 4260 putarentcaateri
1749 4188 2027 4245 scientem
2085 4191 2225 4261 pati,
2287 4191 2563 4246 indicavit
2619 4191 2680 4246 in

1042 4276 1408 4349 expeditione
1465 4276 1809 4343 commilito,
1841 4282 1897 4331 et
1949 4278 2225 4332 victorem
2283 4279 2463 4335 totius
2523 4280 2682 4336 orbis

1040 4365 1198 4419 tristi
1230 4366 1437 4420 nuntio
1467 4365 2108 4421 consternavit.M.Cato
2134 4366 2446 4422 Censorius
2478 4368 2684 4424 habuit

2785 3216 3151 3285 concubitus,
3204 3214 3384 3270 altera
3439 3213 3725 3270 occidisse
3777 3213 3966 3269 virum
4027 3212 4099 3267 ob
4158 3226 4423 3267 amorem

2784 3304 3069 3372 adulteri;
3102 3304 3273 3360 tertia
3300 3303 3631 3375 prodidisse
3658 3302 4102 3374 Amphiaraum,
4134 3305 4191 3357 et
4250 3299 4433 3357 saluti

2783 3393 2891 3448 viri
2922 3392 3138 3449 monile
3159 3408 3402 3447 aureum
3434 3390 3782 3464 praetulisse.
3806 3389 4101 3462 Quidquid
4134 3388 4430 3461 tragoediae

2784 3486 3036 3547 tument,
3068 3485 3126 3536 et
3154 3482 3382 3550 domos,
3416 3480 3613 3546 urbes,
3645 3495 3939 3552 regnaque
3971 3477 4280 3546 subvertit,
4295 3493 4433 3533 uxo~

2786 3588 2917 3626 rum
2960 3569 3352 3642 pellicumque
3376 3568 3668 3624 contentio
3699 3573 3806 3624 est.
3838 3569 4158 3623 Armantur
4214 3583 4428 3639 paren-

2785 3665 2911 3715 tum
2944 3659 3004 3715 in
3036 3659 3250 3714 liberos
3273 3673 3483 3713 manus
3507 3673 3519 3710 :
3542 3656 3801 3712 nefandae
3823 3661 4199 3728 apponuntur
4219 3655 4431 3727 epulae;

2788 3754 2845 3805 et
2875 3753 3112 3822 propter
3140 3747 3319 3802 unius
3349 3744 3704 3801 mulierculae
3735 3749 3989 3817 raptum,
4013 3745 4240 3817 Europa
4254 3748 4433 3815 atque

2786 3839 2925 3895 Asia
2951 3834 3416 3893 decennalibello
3436 3835 3758 3907 confligunt
3773 3835 3813 3888 θ.
3838 3834 4132 3898 Quasdam
4163 3833 4438 3905 repudia-

2787 3933 2900 3993 tas,
2932 3924 3113 3981 altero
3144 3924 3480 3995 nuptiarum
3497 3922 3827 3989 die,statim
3852 3922 4123 3994 nupsisse
4152 3921 4434 3993 legimus.

2791 4016 3043 4087 Uterque
3075 4013 3587 4086 reprehendendus
3626 4011 3895 4077 maritus,
3926 4016 3984 4065 et
4014 4010 4107 4065 cui
4137 4014 4257 4066 tam
4319 4009 4438 4066 cilo

2790 4103 3111 4177 displicuit,
3143 4106 3202 4156 et
3230 4100 3323 4155 cui
3353 4104 3474 4155 tam
3506 4102 3618 4156 cito
3640 4100 3878 4173 placuit.
3930 4099 4216 4171 Epicurus
4271 4097 4440 4154 volu-

2789 4193 2967 4265 ptatis
3006 4194 3261 4247 assertor
3294 4192 3661 4261 (quanquam
3698 4189 4061 4245 Metrodorus
4110 4186 4444 4259 discipulus

2791 4282 2921 4352 ejus
2940 4278 3239 4335 Leontiam
3268 4276 3715 4351 [ALLeontium]
3738 4276 4009 4333 habuerit
4029 4278 4295 4343 uxorem)
4311 4292 4447 4330 raro

2791 4369 2934 4425 dicit
2963 4366 3213 4439 sapienti
3244 4365 3503 4421 ineunda
3531 4366 3824 4439 conjugia,
3856 4364 3995 4437 quia
4026 4363 4213 4419 multa
4243 4363 4453 4419 incon-

1042 4467 1280 4545 uxorem
1328 4453 1623 4545 Actoriam
1683 4453 1946 4518 Paulam,
2008 4452 2217 4545 humili
2280 4454 2405 4512 loco
2460 4461 2681 4527 natam,
2717 4482 2761 4545 ι)
2794 4457 2968 4513 moda
2985 4454 3238 4512 admista
3266 4458 3406 4510 sunt
3434 4453 3678 4545 nuptiis.
3713 4455 3781 4509 Et
3809 4452 4102 4524 quomodo
4124 4451 4450 4545 divitiie_et

1038 4538 1459 4609 vinolentam‘,
1490 4543 1891 4616 impotentem,
1922 4546 1980 4598 et
2026 4544 2203 4615 (quod
2262 4562 2435 4602 nemo
2490 4552 2688 4619 posset

1042 4629 1297 4701 credere)
1327 4629 1531 4686 Catoni
1560 4631 1875 4703 superbam
1926 4631 2043 4687 Hoc
2073 4632 2202 4689 ideo
2232 4634 2382 4704 dico,
2436 4652 2509 4692 ne
2557 4638 2690 4710 quis

1116 4774 1132 4806 ¹
1167 4771 1318 4829 Illud
1350 4771 1684 4828 vinolentum
1705 4772 2111 4832 Casanatensis
2141 4794 2257 4833 non
2309 4777 2525 4835 habet:
2577 4780 2690 4835 duo

1045 4844 1143 4921 alii
1171 4846 1664 4921 _mss.vinolentam
1694 4843 1920 4917 legunt,
1943 4853 2000 4904 et
2029 4866 2133 4921 pro
2154 4851 2511 4921 impotentem
2528 4856 2691 4907 vetus

1045 4916 1223 4971 editio
1251 4919 1452 4972 mentis
1478 4918 1764 4988 impotem.

1118 4988 1139 5059 ξ
1167 4988 1441 5059 Mendose
1471 4994 1595 5059 erat
1625 4990 1898 5059 Georgius.

2798 4547 3048 4603 honores
3077 4549 3135 4599 et
3163 4560 3471 4616 corporum
3496 4542 3859 4610 sanitates,et
3887 4549 4092 4597 caetera
4113 4557 4239 4613 quae
4261 4539 4443 4596 indif-

2798 4634 3044 4692 ferentia
3073 4632 3469 4701 nominamus,
3502 4648 3606 4688 nec
3638 4633 3791 4687 bona
3821 4647 3927 4687 nec
3966 4628 4122 4685 mala
4145 4633 4281 4686 sunt
4302 4647 4316 4698 ;
4337 4628 4446 4684 sed

2869 4778 2890 4811 ⁵
2920 4776 3045 4831 Non
3079 4775 3423 4847 septimo,ut
3442 4777 3709 4847 notatum
3740 4777 3830 4847 est
3886 4771 4040 4839 aliis,
4099 4770 4201 4847 sed
4246 4770 4455 4847 primo

2800 4848 2972 4913 libro,
3003 4842 3348 4920 αξη)ᾚώωο
3378 4845 3581 4920 scribit
3639 4844 4071 4920 Herodotus‘ex
4117 4842 4293 4920 Cygis
4349 4858 4457 4897 ore

2803 4921 2872 5004 uti
2904 4910 3263 5004 Ct—mdal‘lle'n‘l
3287 4935 3300 4972 :
3328 4919 3480 5004 "Ap?
3539 4912 3595 4968 δὲ
3648 4916 3856 5004 χιεὶξῦνιι.
3906 4910 4454 5004 ἐκδυομὲνῖρῖσυϊεκ-

2803 4988 2983 5045 δύεται
3040 4989 3130 5044 καὶ
3185 4990 3283 5057 τήν
3344 4984 3480 5059 atati:
3527 4984 3691 5059 yuwf'
3724 4987 3951 5059 Mulier,
4005 4984 4197 5059 exuta‘
4234 4984 4454 5059 tunica,

1115 5056 1440 5152 3‘Notatum
1472 5058 1533 5113 in
1566 5055 1974 5146 Andromacha
2025 5062 2331 5152 Tragoedia
2360 5063 2528 5152 hanc
2563 5079 2694 5118 esse
2799 5063 3198 5148 ueremni-liam
3227 5055 3492 5152 extritus.
3527 5055 3760 5152 quoqpe
3788 5057 4130 5152 Cyprianus,
4154 5055 4227 5111 de
4272 5055 4457 5152 Disci-

1048 5127 1397 5205 sententiam
1434 5133 1648 5205 :xgiu‘ov
1697 5137 1966 5205 γμγαικῶν
2025 5127 2222 5195 εἷ’ςοξοι
2283 5140 2335 5205 μ’
2383 5130 2687 5188 ἀπώλεσαν.

1118 5197 1464 5277 ‘_Bejert_ex
1494 5197 1790 5257 Plutarchi
1834 5205 1984 5260 libro
2033 5207 2099 5263 de
2149 5197 2516 5277 Nupiz'alibus_
2548 5221 2691 5277 prle-

1047 5269 1216 5349 ccptis
1240 5267 1549 5349 Strobntens'
1574 5286 1748 5327 serm.
1780 5277 1886 5349 732:
1971 5279 2050 5349 ὈΛ
2079 5267 2369 5349 Ῥωμὰῖος,
2429 5267 2561 5329 ὑπὸ”
2586 5280 2691 5349 τῶν

2799 5134 3316 5208 ptinaVirginmn,
3341 5151 3377 5208 _«
3407 5126 3774 5208 Verecundia
3803 5126 3921 5183 illic
3952 5127 4143 5208 omnis
4192 5126 4454 5208 exuitur,

2804 5196 2981 5281 simul
3016 5196 3398 5281 cuinamictu
3427 5200 3606 5281 vestis
3636 5200 3823 5255 honor
3852 5200 4115 5281 corporis
4135 5214 4229 5281 ac“
4256 5196 4459 5270 pudor

2805 5277 3061 5357 ponitur.
3101 5297 3126 5357 ις
3156 5278 3285 5357 lidox
3305 5271 3563 5357 plurium
3595 5270 4074 5357 numerolegitur
4101 5270 4161 5324 in
4191 5270 4456 5357 Casana-

1050 5336 1249 5428 etiam),
1302 5336 1764 5428 νουθςτῗύμξνοςη
1807 5342 1903 5428 ὅτι.
1973 5336 2237 5428 ,σώφροῦᾳ
2320 5336 2549 5428 γῖέηίοέῖκα
2604 5346 2694 5428 xui
2804 5336 3168 5428 tensiPasipi

2187 5336 2237 5428 ἲᾳ
2320 5336 2549 5428 vescum
2604 5346 2694 5428 κᾳί
2804 5336 3325 5428 tensi‘Pasiphaes,’
3342 5342 3811 5428 Clytemnestram
3838 5336 4305 5428 Eripliylas,‘etc.

1049 5394 1336 5477 αἷτλουςῆαν,
1368 5409 1456 5487 iui
1488 5394 2132 5487 thp‘atav_'&1renéu¢ard:
2176 5420 2239 5472 τὸ
2293 5394 2541 5473 ualidam
2602 5416 2696 5471 αὖ·

1048 5486 1166 5544 τοῖς
1195 5480 1500 5556 προτείνας,
1535 5480 1631 5535 Καὶ
1664 5483 1766 5557 γὰρ
1797 5480 1983 5554 103:6,
2036 5480 2159 5570 ἔφή,
2210 5488 2376 5545 καλὸν
2424 5488 2555 5545 ἰδεῖν

1185 5553 1197 5570 ι
1304 5549 1347 5570 0‘
1402 5558 1415 5570 ι
1486 5549 1541 5570 ’Ν
1577 5552 1589 5570 \
1686 5550 1738 5570 θῇ
1833 5553 1857 5570 η
2095 5560 2116 5570 Α
2172 5554 2219 5570 ,Ω

1050 5532 1259 5654 ista“;
1280 5532 1629 5620 inisse;
1654 5532 1794 5613 ὀῖὲἓν
1808 5532 1978 5613 tisi!
1999 5532 2270 5638 92763362:

2876 5420 2897 5453 ⁸
2932 5423 3068 5472 Mss.
3103 5410 3235 5471 cum
3265 5410 3447 5472 veteri
3473 5416 3636 5482 edit.,
3673 5410 3906 5487 Europae
3933 5410 4111 5487 atque
4140 5413 4286 5470 Asiae
4345 5410 4459 5471 de-

2608 5489 2697 5545 καὶ
2807 5491 3075 5548 cennalia
3104 5487 3259 5547 bella
3287 5487 3606 5566 conﬂigunt.
