5364 6558
1116 275 1233 351 2Θὸ

2348 276 2431 344 ’8.
2475 276 2787 346 EUSEBII
2830 276 3276 347 HIERONYMI

4382 281 4488 348 996

1113 412 1452 499 bimaritum
1502 430 1519 499 ς
1565 407 1989 483 Hierophantas
2037 429 2269 485 quoque
2315 414 2757 472 Atheniensium
2788 418 2842 483 Α
2873 416 3049 489 quam
3080 417 3140 472 in
3171 416 3575 489 pontiﬁcatum
3634 410 3851 472 fuerint
3905 414 4117 484 allecti,
4178 417 4487 474 virosesse

1115 498 1302 574 usque
1332 498 1508 558 hodie'
1554 500 1755 558 cicutae
1803 500 2124 558 sorbitione
2170 503 2436 571 castrari,
2486 508 2543 560 et
2595 510 2759 576 post-
2869 505 3155 562 desinere.

2288 803 2617 887 LIBER
2698 802 3332 890 SECUNDUS-

1188 1062 1333 1117 32]
1378 1060 1430 1116 4.
1464 1061 1712 1118 Secunda
1726 1062 2026 1134 propositio
2048 1062 2352 1118 Joviniani.
2386 1093 2454 1100 —
2485 1059 2753 1116 Secunda

1111 1149 1431 1223 propositio
1457 1154 1566 1216 est,
1599 1167 1698 1206 eos
1730 1151 1830 1222 qui
1863 1151 2081 1206 fuerint
2106 1149 2405 1223 baptizati,
2441 1167 2474 1205 a
2521 1148 2750 1204 diabolo

1110 1255 1226 1295 non
1257 1254 1429 1310 posse
1457 1239 1690 1294 tentari.
1721 1240 1792 1294 Et
1839 1255 1911 1294 ne
1940 1238 2050 1296 hoc
2082 1239 2260 1296 stulte
2290 1239 2482 1294 dicere
2526 1238 2752 1293 videre-

1108 1330 1226 1396 tur,
1259 1327 1521 1398 adjecit;
1571 1351 1591 1377 α
1629 1328 1973 1400 Quicunque
2023 1333 2217 1385 autem
2260 1328 2465 1383 tentati
2513 1326 2749 1394 fuerint,

1094 1415 1337 1471 ostendi
1396 1415 1501 1486 [AL
1537 1415 1812 1489 ostendit]
1837 1433 1935 1472 eos
1966 1433 2122 1488 aqua
2141 1420 2396 1483 tantum,
2418 1420 2475 1471 et
2495 1431 2610 1470 non
2642 1413 2755 1486 spi-

1100 1502 1225 1557 ritu
1254 1503 1600 1575 baptizatos,
1635 1505 1789 1575 quod
1838 1504 1898 1559 in
1957 1504 2192 1560 Simone
2250 1505 2418 1576 Mago
2476 1502 2750 1576 legimus,

1105 1592 1268 1647 Unde
1297 1595 1354 1647 et
1381 1591 1643 1647 Joannes
1672 1592 1816 1647 dicit
1848 1609 1861 1646 :
1898 1592 2088 1647 Omnis
2117 1594 2210 1663 qui
2236 1603 2403 1647 natus
2432 1597 2509 1647 est
2534 1608 2604 1647 ex
2647 1592 2753 1647 Deo

1099 1689 1387 1752 peccatum
1426 1696 1536 1735 non
1564 1679 1700 1754 fecit
1732 1698 1746 1737 :
1780 1682 2047 1753 quoniam
2101 1697 2286 1738 semen
2337 1684 2513 1753 ipsius
2551 1683 2611 1738 in
2667 1697 2750 1745 eo,

1102 1775 1303 1826 manet
1333 1787 1352 1824 :
1383 1778 1435 1826 et
1460 1786 1572 1825 non
1600 1779 1774 1842 potest
1798 1786 2057 1844 peccare,
2098 1773 2231 1845 quia
2287 1788 2360 1826 ea:
2416 1777 2528 1828 Deo
2582 1778 2753 1826 natus

1103 1867 1199 1925 est.
1231 1860 1297 1915 Et
1328 1861 1385 1914 in
1416 1860 1516 1916 hoc
1544 1861 1823 1931 mani/esti
1852 1861 1992 1931 ﬁunt
2040 1861 2207 1932 (mss.
2255 1861 2405 1932 sunt)
2455 1860 2564 1932 ﬁlii
2622 1862 2741 1927 Dei,

1103 1959 1158 2005 et
1179 1949 1288 2019 filii
1314 1948 1534 2004 diaboli
1564 1949 1608 2020 (I
1634 1951 1791 2021 Joan.
1821 1967 1904 2006 ιιι.
1936 1951 1991 2019 9,
2025 1951 2134 2017 10).
2167 1950 2239 2005 Et
2274 1950 2332 2005 in
2367 1951 2483 2005 fine
2512 1950 2745 2021 Episto-

1102 2037 1168 2092 las
1203 2054 1217 2094 :
1252 2037 1441 2094 Omnis
1469 2040 1569 2110 qui
1594 2042 1758 2093 natus
1789 2044 1869 2094 est
1898 2055 1967 2094 ea:
1992 2044 2099 2095 Deo
2122 2055 2238 2094 non
2277 2044 2460 2110 peccat
2488 2056 2508 2101 ;
2537 2039 2629 2094 sed
2655 2054 2746 2110 ge-

1098 2127 1452 2182 neratio-Dei
1476 2131 1762 2183 conservat
1787 2143 1936 2196 eum,
1965 2132 2018 2183 et
2063 2128 2342 2199 malignus
2397 2144 2512 2182 non
2566 2129 2750 2198 tangit

1094 2231 1229 2270 eum
1258 2216 1307 2287 (1
1329 2217 1487 2271 Joan.
1512 2232 1567 2283 v,
1599 2216 1711 2287 l8).
1740 2238 1768 2264 »

1092 2320 1097 2351 :
1170 2307 1226 2359 2.
1258 2305 1660 2375 Hieronymus.
1693 2309 1991 2360 Peccatum
2018 2306 2182 2377 fugat
2238 2305 2523 2363 Christum
2573 2311 2625 2360 et
2658 2308 2744 2360 in-

1101 2392 1249 2447 ducit
1276 2391 1578 2447 diabolum.
1613 2423 1679 2433 —
1711 2393 1930 2449 Revera
1979 2394 2144 2449 fortis
2193 2393 2462 2464 objectio,
2512 2398 2569 2448 et
2617 2410 2743 2465 quae

1100 2480 1531 2537 indissolubilis
1561 2489 1943 2552 permaneret,
1986 2482 2100 2537 nisi
2130 2482 2319 2555 ipsius
2365 2481 2613 2539 Joannis
2660 2487 2743 2539 te-

1088 2569 1378 2625 stimonio
1409 2569 1748 2625 solveretur.
1780 2570 1988 2625 Statim
2047 2571 2207 2627 enim
2264 2571 2459 2626 intulit
2491 2587 2504 2626 :
2537 2572 2742 2639 Fitioli,

1099 2657 1371 2713 custodite
1398 2674 1489 2713 vos
1516 2675 1553 2713 a
1581 2659 1898 2713 simulacris
1930 2660 1978 2729 (l
2004 2661 2160 2714 Joan.
2191 2676 2247 2725 v,
2278 2659 2388 2729 21).
2447 2660 2506 2714 Si
2553 2659 2747 2715 omnis

1099 2746 1201 2817 qui
1233 2749 1406 2801 natus
1426 2750 1516 2801 est
1544 2761 1609 2801 ex
1642 2745 1756 2801 Deo
1787 2763 1904 2801 non
1936 2751 2158 2818 peccat,
2225 2751 2282 2802 et
2309 2764 2340 2803 a
2367 2747 2597 2803 diabolo
2627 2750 2747 2803 ten-

1107 2834 1218 2890 tari
1249 2851 1365 2889 non
1399 2837 1608 2907 potest,
1642 2835 1934 2906 quomodo
1991 2835 2221 2907 paacipit
2272 2840 2337 2890 ut
2379 2841 2623 2892 caveant
2674 2854 2745 2893 ne

1100 2924 1442 2978 tentantur?
1493 2924 1563 2978 Et
1592 2923 1653 2977 in
1671 2924 1875 2979 eadem
1899 2941 2106 2980 rursus
2120 2922 2381 2997 Epistola
2416 2941 2428 2978 :
2464 2925 2524 2980 Si
2533 2926 2744 2981 dixeri-

1099 3028 1243 3079 mus,
1278 3012 1407 3083 quia
1456 3011 1566 3083 (Al.
1626 3013 1911 3085 quoniam)
1964 3021 2249 3084 peccatum
2304 3029 2415 3068 non
2474 3014 2746 3071 habemus

1096 3103 1206 3172 ipsi
1238 3116 1336 3156 nos
1364 3100 1699 3170 seducimus,
1731 3109 1781 3156 et
1810 3103 2009 3156 veritas
2056 3103 2116 3156 in
2173 3103 2332 3157 nobis
2386 3118 2498 3157 non
2554 3111 2651 3159 est.
2686 3104 2747 3159 Si

2864 1061 3056 1131 seqq.).
3092 1060 3417 1133 Propterea,
3452 1060 3663 1133 inquit,
3694 1061 3886 1117 scribo
3915 1061 4100 1130 vobis,
4147 1061 4310 1118 ﬁlioli
4343 1064 4446 1120 mei
4479 1081 4491 1120 :

2865 1147 3051 1204 Omnis
3081 1152 3179 1221 qui
3204 1157 3370 1204 natus
3398 1158 3477 1204 est
3496 1166 3568 1204 ex
3587 1151 3718 1215 Deo,
3748 1166 3857 1206 non
3884 1155 4069 1222 peccat
4097 1155 4163 1206 ut
4192 1167 4307 1206 non
4364 1168 4493 1224 pec-

2861 1238 3026 1305 cetis,
3057 1242 3116 1294 et
3143 1237 3349 1293 tandiu
3407 1238 3607 1294 sciatis
3657 1255 3760 1294 vos
3790 1238 3848 1294 in
3875 1240 4246 1313 generatione
4274 1239 4490 1296 Domini

2860 1342 3222 1398 permanere,
3251 1327 3513 1397 quandiu
3544 1343 3659 1382 non
3685 1327 4079 1398 peccaveritis.
4132 1327 4253 1384 Imo
4302 1329 4397 1400 qui
4434 1329 4492 1385 in

2859 1414 3231 1487 generatione
3265 1414 3497 1469 Domini
3527 1419 3918 1486 perseverant,
3952 1432 4191 1487 peccare
4220 1433 4335 1473 non
4363 1433 4492 1489 pos-

2861 1508 3165 1573 sunt.Qua.v
3193 1519 3343 1559 enim
3370 1505 3794 1560 communicatio
3825 1505 3937 1560 luci
3962 1508 4014 1560 et
4043 1507 4279 1561 tenebris
4297 1509 4323 1561 ?
4342 1505 4491 1562 Chri-

2859 1596 2939 1648 sto
2967 1596 3019 1647 et
3044 1592 3220 1647 Belial
3249 1593 3322 1663 (II
3347 1591 3552 1658 Cor.v1,
3580 1594 3670 1657 14,
3704 1592 3791 1664 15)
3824 1593 3852 1647 ‘I
3904 1594 4203 1660 Quomodo
4259 1594 4381 1652 dies
4436 1600 4492 1652 et

2861 1698 2975 1737 nox
3003 1681 3236 1737 misceri
3267 1686 3567 1753 nequeunt
3590 1697 3602 1735 :
3624 1680 3708 1736 sic
3722 1680 4077 1750 necjustitia
4121 1686 4178 1737 et
4198 1682 4492 1753 iniquitas,

2862 1772 3163 1842 peccatum
3191 1773 3248 1826 et
3277 1771 3471 1825 bonna
3501 1786 3694 1841 opera,
3728 1768 3995 1826 Christus
4025 1773 4083 1825 et
4102 1770 4496 1829 Antichristus

2864 1858 2925 1913 Si
2941 1858 3378 1930 susceperimus
3390 1858 3467 1915 Cb
3476 1858 3685 1914 ristum
3708 1858 3766 1913 in
3781 1857 4034 1930 hospitio
4047 1859 4230 1915 nostri
4253 1860 4495 1930 pectoris

2858 1947 3252 2021 [Al.corporisj
3285 1947 3383 2003 illo
3415 1947 3687 2020 fugamus
3708 1947 4180 2019 [Al.fugabimus]
4202 1946 4493 2005 diabolum

2861 2036 2921 2092 Si
2952 2037 3385 2108 peccaverimus
3414 2041 3472 2091 et
3507 2051 3611 2107 per
3652 2035 3873 2108 peccati
3913 2037 4161 2106 januam
4198 2035 4493 2108 ingressus

2862 2126 3037 2181 fuerit
3065 2124 3355 2190 diabolus,
3391 2125 3659 2197 protinus
3688 2124 3952 2180 Christus
3979 2125 4222 2180 recedet.
4255 2124 4415 2182 Unde
4437 2131 4497 2182 et

2857 2214 3038 2270 David
3056 2217 3189 2285 post
3210 2213 3721 2286 peccatum:Redde
3739 2212 4262 2281 mihi,ait,lwtitiam
4281 2208 4497 2271 saluta?

2858 2304 2942 2358 ris
2957 2304 3045 2357 tui
3065 2303 3305 2374 (Psalm,
3334 2301 3672 2374 14):scilicet
3692 2319 3871 2374 quam
3894 2303 4187 2374 peccando
4203 2303 4498 2373 amiserat,

2859 2390 2999 2460 Quid
3026 2391 3163 2447 dicit
3186 2406 3243 2446 se
3269 2407 3426 2446 nosse
3451 2399 3659 2459 eum,et
3686 2391 3947 2446 mandata
3973 2392 4092 2463 ejus
4112 2407 4219 2447 non
4244 2392 4496 2460 custodit,

2858 2479 3096 2536 mendas:
3115 2488 3213 2549 est,
3237 2482 3287 2535 et
3300 2481 3361 2535 in
3383 2480 3481 2535 hoc
3508 2481 3707 2535 veritas
3729 2496 3840 2536 non
3857 2484 3937 2535 est
3968 2480 4013 2550 (1
4026 2480 4500 2552 Joan.u.4).Cbri-

2856 2574 2983 2625 stus
3011 2569 3224 2624 veritas
3254 2567 3583 2641 appellatur
3609 2586 3623 2637 ;
3656 2571 3762 2640 Ego
3781 2585 3924 2635 sum,
3949 2569 4162 2641 inquit,
4184 2570 4279 2625 via
4305 2578 4359 2626 et
4380 2572 4497 2627 vita

2854 2663 2905 2713 et
2934 2659 3134 2713 veritas
3163 2658 3176 2691 ¹
3210 2656 3839 2727 (Joan.x1v,6).Frustra
3875 2657 4044 2714 nobis
4082 2657 4142 2713 in
4169 2674 4236 2714 eo
4266 2658 4497 2730 plaudi-

2859 2763 2992 2802 mus
3016 2745 3776 2818 [Al.applaudimus],cujus
3802 2748 4080 2803 mandata
4092 2764 4205 2803 non
4225 2747 4494 2804 facimus.

2854 2836 3066 2891 Scienti
3096 2836 3336 2901 bonum,
3368 2840 3427 2890 et
3457 2852 3573 2891 non
3605 2836 3836 2891 facienti
3868 2835 4035 2903 illud,
4059 2841 4361 2909 peccatum
4385 2842 4495 2904 est,

2857 2924 3135 2998 Quomodo
3164 2940 3356 2996 corpus
3382 2926 3503 2980 sine
3521 2926 3725 2996 spiritu
3746 2933 4025 2981 mortuum
4052 2934 4148 2992 est,
4170 2928 4254 2981 sic
4282 2929 4334 2981 et
4360 2926 4497 2997 ﬁdes

2851 3016 2981 3077 sine,
3000 3013 3246 3085 operibus
3270 3021 3487 3069 mortua
3517 3016 3593 3069 est
3623 3014 3775 3084 (Jac.
3833 3031 3895 3079 ιι,
3952 3013 4062 3084 26).
4116 3013 4231 3069 Nec
4273 3014 4498 3085 grande

2853 3102 3129 3175 putenius
3157 3118 3343 3157 unum
3377 3101 3558 3157 Deum
3590 3118 3925 3168 nosse,cum
3957 3106 4015 3157 et
4038 3103 4333 3159 daemones
4363 3119 4489 3159 cre-

1095 3190 1452 3261 conﬁteamur
1479 3198 1712 3261 peccata,
1741 3194 1961 3258 nostra,
1993 3190 2172 3260 ﬁdelis
2219 3194 2269 3247 et
2301 3194 2494 3263 justus
2535 3200 2632 3257 est,
2682 3201 2742 3249 ut
2772 3190 2814 3256 C
2854 3192 2997 3247 dant
3026 3195 3083 3246 et
3111 3190 3582 3246 contremiscunt.
3619 3191 3761 3259 Quid
3787 3191 3923 3247 dicit
3949 3207 4004 3246 se
4034 3192 4094 3245 in
4123 3192 4240 3263 ipso
4270 3206 4502 3248 manere

1098 3281 1339 3334 remittat
1366 3279 1523 3335 nobis
1549 3287 1791 3350 peccata,
1821 3287 1872 3334 et
1917 3279 2140 3334 mundet
2192 3279 2299 3349 (Al.
2350 3281 2627 3353 emundet)
2650 3299 2747 3338 nos

1098 3369 1166 3422 ab
1196 3369 1347 3423 omni
1376 3368 1687 3439 iniquitate.
1721 3367 1781 3422 Si
1807 3367 2137 3435 dixerimus,
2179 3370 2312 3440 quia
2342 3384 2453 3424 non
2493 3373 2743 3441 peccavi-

1095 3471 1242 3522 mus,
1273 3455 1590 3511 mendaeem
1617 3457 1855 3527 facimus
1886 3472 2033 3525 eum,
2076 3466 2127 3511 et
2173 3457 2394 3511 verbum
2454 3460 2576 3526 ejus
2635 3475 2744 3514 non

1094 3551 1171 3599 est
1200 3546 1260 3599 in
1288 3545 1448 3599 nobis
1476 3544 1523 3614 (I
1547 3546 1705 3600 Joan.
1740 3562 1778 3611 ι,
1809 3544 1843 3598 8
1870 3548 2059 3616 seqq)
2094 3545 2375 3600 Existimo
2428 3546 2533 3617 (Al.
2586 3548 2741 3602 testi-

1096 3633 1215 3705 mo)
1246 3633 1398 3703 quod
1422 3631 1678 3687 Joannes
1700 3630 2030 3704 baptizatus
2052 3634 2123 3688 ad
2153 3634 2477 3706 baptizatos
2497 3635 2741 3707 scripse-

1097 3721 1191 3784 rit,
1223 3725 1279 3774 et
1309 3721 1463 3793 quod
1495 3737 1667 3776 omne
1697 3725 1996 3793 peccatum
2032 3739 2066 3776 a
2093 3722 2325 3777 diabolo
2356 3722 2452 3778 sit.
2489 3723 2586 3779 Ille
2615 3741 2742 3795 pec-

1099 3813 1353 3864 catorem
1389 3826 1451 3864 se
1480 3811 1809 3878 confitetur,
1840 3816 1898 3866 et
1928 3818 2125 3883 sperat
2158 3811 2587 3879 remissionem,
2613 3818 2744 3884 post

1096 3896 1409 3966 baptisma,
1442 3902 1812 3968 peccatorum
1847 3915 1859 3953 :
1895 3905 1951 3954 et
1971 3899 2315 3956 Jovinianus
2348 3918 2513 3957 meus
2559 3901 2736 3971 dicit;

1094 3984 1174 4039 Ne
1202 3992 1390 4055 tangas
1420 4000 1525 4051 me,
1558 3988 1817 4056 quoniam
1844 3988 2088 4042 mundus
2115 4005 2237 4043 sum
2267 3990 2394 4059 (lsa.
2424 4007 2551 4057 va,
2573 3993 2740 4063 juxta

1092 4074 1253 4145 LXX).
1287 4074 1434 4140 Quid
1467 4089 1603 4147 ergo
1633 4076 1661 4129 ‘?
1691 4076 1980 4132 contraria
2023 4077 2135 4133 sibi
2184 4078 2498 4151 Apostolus
2547 4079 2735 4151 loqui-

1093 4166 1192 4218 tur
1212 4162 1241 4217 ‘l
1272 4162 1605 4219 Minime.ln
1628 4165 1830 4220 eodem
1858 4165 2074 4238 quippe
2089 4166 2215 4222 loco
2238 4184 2343 4222 cur
2373 4167 2483 4222 hoc
2503 4167 2734 4236 dixerit,

1091 4253 1290 4308 statim
1321 4252 1593 4309 edisserit
1620 4269 1633 4308 :
1665 4255 1854 4310 Filioli
1881 4256 2014 4321 mei,
2049 4255 2166 4312 haec
2218 4256 2393 4311 scribo
2448 4257 2618 4321 vobis,
2678 4261 2739 4311 ut

1090 4356 1202 4397 non
1230 4343 1484 4413 peccetis.
1518 4341 1622 4397 Sed
1651 4350 1703 4398 et
1756 4344 1807 4396 si
1860 4344 1981 4415 quis
2032 4346 2351 4413 peccaverit,
2411 4344 2738 4400 advocatum

1092 4430 1351 4485 habemus
1388 4430 1534 4500 apud
1588 4435 1819 4486 Patrem
1863 4432 2047 4487 Iesum
2096 4431 2373 4486 Christum
2417 4434 2651 4504 justum,
2684 4438 2737 4490 et

1090 4517 1203 4587 ipse
1231 4525 1311 4572 est
1362 4519 1685 4589 propitiatio
1740 4535 1839 4590 pro
1890 4521 2128 4590 peccatis
2182 4521 2406 4575 nostris.
2466 4522 2584 4578 Non
2634 4539 2735 4594 pro
2771 4559 2812 4623 Β

1090 4606 1298 4661 nostris
1324 4609 1507 4661 autem
1540 4613 1783 4673 tantum,
1822 4607 1916 4662 sed
1956 4610 2123 4664 etiam
2153 4625 2253 4681 pro
2300 4612 2470 4666 totius
2515 4610 2730 4667 mundi.

1087 4695 1153 4750 Et
1183 4696 1244 4749 in
1274 4694 1376 4751 hoc
1402 4696 1629 4760 scimus,
1662 4694 1802 4767 quod
1832 4699 2175 4768 cognovimus
2202 4714 2347 4767 eum,
2385 4701 2436 4754 si
2471 4700 2738 4756 mandata

1090 4788 1213 4856 ejus
1261 4784 1621 4840 observemus.
1657 4785 1762 4853 Qui
1816 4784 1956 4841 dicit
1976 4802 2033 4841 se
2054 4802 2208 4843 nosse
2225 4803 2367 4855 eum,
2396 4793 2448 4844 et
2475 4789 2738 4845 mandata

1092 4873 1211 4944 ejus
1240 4890 1351 4930 non
1380 4873 1635 4943 custodit,
1688 4874 1928 4930 mendae:
1973 4879 2071 4943 est,
2116 4879 2167 4931 et
2204 4878 2263 4930 in
2294 4892 2353 4932 eo
2400 4880 2600 4934 veritas
2629 4894 2740 4934 non

1089 4970 1191 5018 est.
1217 4963 1324 5031 Qui
1353 4972 1537 5019 autem
1557 4968 1741 5020 servat
1770 4964 1995 5021 verbum
2021 4966 2161 5033 eius;
2184 4982 2306 5021 vere
2350 4968 2411 5021 in
2459 4966 2556 5022 hoc
2601 4966 2738 5023 cha-

1094 5052 1239 5106 ritas
1288 5055 1388 5107 Dei
1434 5056 1683 5126 perfecta
1726 5062 1821 5110 est.
1854 5056 1915 5109 In
1944 5055 2041 5110 hoc
2067 5057 2271 5112 scimus
2299 5055 2453 5112 322
2483 5055 2741 5126 quoniam

1091 5139 1152 5192 in
1180 5140 1298 5209 ipso
1328 5156 1545 5198 sumus.
1577 5144 1683 5211 Qui
1710 5145 1843 5200 dicit
1889 5160 1946 5200 se
1996 5146 2058 5199 in
2114 5147 2235 5216 ipso
2289 5159 2534 5211 manere,
2587 5142 2742 5200 debet

1092 5227 1235 5281 sicut
1258 5227 1353 5282 ille
1383 5231 1706 5300 ambulavit,
1739 5241 1788 5289 et
1818 5234 1936 5307 ipse
1964 5234 2254 5289 ambulare
2299 5233 2343 5306 (1
2392 5232 2549 5288 Joan.
2611 5250 2672 5300 ιι,
2705 5233 2728 5288 4

1164 5386 1181 5420 ¹
1213 5386 1387 5464 Addit
1412 5391 1579 5464 vetus
1608 5390 1786 5449 editio
1817 5393 1925 5448 imo
1955 5393 2123 5453 est.In
2155 5392 2538 5464 subsequenti
2568 5392 2740 5448 Joan-

1094 5456 1186 5514 nis
1218 5457 1506 5514 versiculo
1540 5476 1708 5515 voccs
1745 5468 1796 5516 ct
1822 5464 1937 5517 vita
1966 5480 2033 5518 ex
2066 5480 2209 5519 mss.
2243 5456 2521 5520 omnibus
2550 5469 2606 5520 et
2633 5464 2738 5519 Vi-

1093 5530 1727 5612 ctoriosu'pplevimus.
1764 5533 2002 5590 Leviora
2050 5536 2166 5593 alia
2224 5537 2505 5594 nonnulla
2562 5554 2740 5612 supra

1092 5607 1269 5683 atque
1294 5602 1451 5663 infra
1479 5603 1885 5663 emendamus.

2853 3280 3013 3336 debet
3038 3282 3180 3335 sicut
3209 3280 3306 3334 ille
3333 3280 3635 3334 ambulavit
3662 3288 3713 3335 et
3741 3282 3856 3350 ipse
3882 3280 4170 3336 ambulare
4197 3281 4247 3348 (I
4270 3282 4409 3336 Joan
4429 3298 4498 3349 ιι,

2857 3370 2934 3436 6).
2968 3366 3155 3439 Eligat
3184 3367 3553 3423 adversarius
3583 3384 3613 3422 e
3644 3368 3877 3423 duobus
3908 3368 4064 3439 quod
4094 3367 4219 3423 vult
4250 3386 4262 3433 ;
4296 3369 4501 3441 optio-

2855 3473 2987 3511 nem
3019 3457 3069 3511 ei
3104 3457 3209 3526 [Αἰ.
3243 3455 3398 3511 enim
3458 3456 3689 3511 damus.
3751 3461 3937 3511 Manet
3996 3456 4053 3510 in
4112 3456 4362 3525 Christo,
4421 3474 4501 3513 au

2853 3561 2967 3600 non
3001 3549 3199 3601 manet
3224 3545 3252 3599 ?
3272 3544 3332 3600 Si
3355 3549 3570 3611 manet,
3594 3545 3675 3600 ita
3698 3561 3835 3617 ergo
3859 3545 4121 3601 ambulet
4133 3551 4198 3601 ut
4217 3545 4497 3602 Christus

2851 3634 2911 3689 Si
2942 3639 3136 3689 autem
3168 3633 3545 3689 temeriarum
3576 3638 3666 3689 est
3717 3632 4168 3689 similitudinem
4203 3633 4501 3690 virtutum

2852 3722 3080 3778 Domini
3113 3721 3394 3795 polliceri,
3429 3738 3545 3778 non
3578 3726 3775 3777 manet
3805 3723 3864 3777 in
3910 3723 4159 3790 Christo,
4190 3723 4333 3795 quia
4374 3740 4501 3779 non

2848 3812 3174 3885 ingreditur
3202 3815 3267 3867 ut
3295 3811 3580 3867 Christus.
3613 3810 3717 3867 Ille
3746 3816 4047 3884 peccatum
4077 3829 4192 3867 non
4216 3811 4373 3881 fecit,
4400 3829 4506 3870 ne-

2849 3917 2963 3973 que
2991 3900 3262 3956 iuventus
3292 3904 3383 3955 est
3405 3899 3573 3955 dolus
3605 3900 3663 3955 in
3696 3917 3794 3955 ore
3825 3901 3974 3971 ejus,
4011 3901 4111 3973 qui
4142 3916 4278 3957 cum
4311 3901 4505 3958 male-

2847 3990 3157 4055 diceretur,
3191 4005 3307 4044 non
3339 3987 3703 4044 remaledixit
3732 3988 3776 4058 (ι
3805 3990 3952 4044 Petr.
3985 4006 4051 4059 ιι,
4097 3991 4212 4059 22),
4254 3994 4313 4044 et
4356 3992 4504 4045 tan-

2847 4096 3023 4151 quam
3054 4093 3243 4150 agnus
3268 4093 3463 4132 coram
3497 4078 3774 4133 tondente
3804 4094 3886 4145 se,
3920 4078 4006 4133 sic
4035 4093 4151 4133 non
4176 4079 4412 4150 aperuit
4434 4095 4507 4135 os

2846 4183 3020 4222 suum
3053 4167 3183 4237 (Isa.
3216 4182 3333 4230 LIII,
3364 4165 3420 4235 9)
3448 4182 3461 4232 ;
3495 4165 3563 4219 ad
3595 4181 3769 4237 quem
3800 4165 3960 4221 venit
3992 4165 4261 4238 princeps
4283 4166 4509 4223 mundi

2846 4255 3041 4322 istius,
3075 4257 3132 4307 et
3158 4252 3380 4308 invenit
3408 4252 3467 4306 in
3494 4269 3560 4308 eo
3614 4253 3763 4308 nihil
3797 4271 3810 4321 ;
3842 4255 3941 4325 qui
3992 4271 4125 4310 cum
4184 4258 4509 4328 peccatum

2846 4360 2961 4398 non
2990 4342 3222 4398 fecisset
3251 4341 3298 4411 (I
3313 4345 3471 4397 Joan.
3522 4359 3603 4409 ιιι,
3653 4342 3732 4414 5),
3793 4360 3896 4415 pro
3956 4343 4125 4399 nobis
4183 4347 4509 4416 peccatum

2845 4447 2978 4487 eum
3012 4430 3146 4486 fecit
3178 4434 3324 4485 Deus
3355 4431 3422 4500 (Il
3465 4430 3584 4485 Cor.
3618 4449 3671 4495 v,
3718 4432 3832 4503 21).
3881 4431 4001 4487 Nos
4054 4435 4272 4500 autem,
4321 4434 4515 4503 juxta

2846 4518 3163 4590 Epistolam
3190 4517 3413 4584 Jacobi,
3447 4518 3632 4575 multa
3666 4536 3953 4591 peccamus
3982 4536 4186 4587 omnes,
4231 4528 4283 4576 et
4333 4535 4513 4577 nemo

2843 4608 3084 4664 mundus
3113 4624 3147 4662 a
3175 4609 3403 4679 peccatis
3436 4607 3635 4679 (Iacob.
3669 4625 3754 4676 ιιι,
3780 4609 3858 4680 2),
3888 4625 3988 4665 nec
4015 4610 4170 4667 823
4217 4611 4269 4664 si
4323 4611 4517 4665 unius

2845 4696 3065 4770 quidem
3096 4695 3210 4751 diei
3235 4698 3408 4768 fuerit
3436 4697 3553 4750 vita
3596 4697 3714 4767 ejus
3762 4697 3878 4765 (Job
3933 4714 4049 4764 xxv,
4110 4700 4162 4766 4,
4220 4699 4299 4768 5),
4363 4698 4516 4766 Quis

2847 4786 2998 4841 enim
3018 4785 3347 4856 gloriabitur
3372 4788 3583 4840 castum
3612 4801 3667 4842 se
3723 4786 3930 4841 habere
3983 4802 4078 4842 cor
4132 4791 4155 4843 Ρ
4212 4789 4310 4842 aut
4369 4788 4516 4859 quis

2846 4873 3075 4945 conﬁdet
3103 4874 3373 4930 mundum
3397 4889 3454 4929 se
3483 4889 3597 4929 esse
3623 4891 3659 4928 a
3681 4877 3915 4946 peccatis
3943 4877 3969 4928 .9
3999 4876 4377 4946 Tenemurqne
4410 4876 4514 4931 rei

2846 4965 2907 5018 in
2935 4964 3360 5020 similitudinem
3384 4965 3869 5034 pravaricationis
3925 4964 4097 5020 Adam
4148 4964 4330 5036 (Prov.
4398 4981 4513 5032 xx,

2847 5051 2923 5122 9).
2957 5052 3119 5109 Unde
3150 5057 3207 5108 et
3237 5050 3417 5107 David
3452 5068 3465 5105 :
3499 5052 3647 5120 Ecce,
3681 5052 3784 5119 ait,
3820 5055 3879 5107 in
3916 5053 4307 5124 iniquitatibus
4356 5068 4518 5110 con-

2848 5147 3030 5204 ceptus
3056 5158 3196 5207 sum,
3228 5144 3278 5195 et
3308 5141 3368 5195 in
3415 5139 3627 5195 delictis
3669 5143 3909 5213 concepit
3951 5158 4037 5196 me
4092 5143 4116 5176 ²
4145 5149 4322 5198 mater
4368 5156 4519 5198 mea

2849 5232 3019 5304 (Psal.
3056 5249 3103 5297 L,
3134 5231 3212 5301 7).
3246 5228 3316 5284 Et
3344 5228 3551 5283 beatur
3579 5229 3711 5285 Job.
3739 5230 3798 5285 Si
3824 5233 3980 5302 fuero
3994 5232 4182 5304 justus
4210 5247 4265 5286 os
4304 5244 4521 5287 meum

2914 5394 2936 5425 ²
2967 5391 3089 5466 Duo
3121 5404 3266 5466 mss.
3294 5391 3505 5466 peperit
3530 5405 3638 5466 me,
3673 5392 3773 5447 sed
3806 5391 4038 5448 Graacus
4095 5390 4346 5466 ἐκίσσησὲ
4408 5410 4513 5466 με.

2847 5462 3024 5518 Paulo
3057 5464 3189 5534 post
3215 5460 3647 5534 Gasanatensis,
3677 5468 4019 5520 exsecratum
4073 5472 4155 5521 est
4200 5460 4519 5522 vestimen-

2845 5540 2963 5593 tum
2991 5532 3192 5605 meum,
3224 5532 3444 5607 absque
3473 5549 3578 5593 me.
