5364 6558
288 192 398 259 397

1338 191 1757 263 ADVERSUS
1786 188 2293 257 JOYINIANUM
2313 194 2480 258 .LIB.
2527 195 2606 259 ll.

287 325 445 396 impia
476 323 745 395 loquetur,
777 326 829 381 et
857 341 905 379 st
934 324 1052 381 sine
1076 327 1328 395 crimine,
1383 343 1589 399 pravus
1644 327 1916 381 inveniar.
1949 328 2002 391 Α
2035 342 2247 397 corpus
2279 345 2475 395 suum,
2517 333 2573 384 et
2627 330 2684 384 in
2734 328 3084 388 servitudem
3138 331 3369 405 redigit,
3420 350 3493 391 ne
3541 334 3677 393 aliis

286 414 417 467 Etsi
442 413 765 484 puriﬁcatus
793 414 856 468 in
882 416 1013 470 nive
1066 423 1119 471 et
1174 419 1315 471 totus
1369 415 1590 471 mundis
1641 415 1916 480 manibus,

285 503 409 557 satis
454 518 543 557 me
584 502 742 558 sorde
771 505 1011 571 tinxisti,
1041 506 1095 560 ei
1144 508 1486 560 exsecratum
1540 513 1619 559 est
1644 519 1731 558 me
1760 505 1921 558 vcsti-

283 594 515 645 mentum
556 607 741 646 meum
772 593 888 658 (Job
945 610 1061 659 xxv,
1089 603 1141 648 et
1193 611 1247 647 ιχ
1286 594 1455 665 juxta
1488 591 1668 662 LXX).
1705 592 1916 647 Verum

281 696 353 738 ne
380 678 603 752 penitus
633 680 1038 752 desperemus,
1073 682 1428 738 arbitrantes
1459 698 1567 738 nos
1609 688 1743 752 post
1784 696 1917 753 pec-

285 773 410 826 cata
437 767 706 840 baptismi
738 786 854 824 non
887 786 1060 842 posse
1091 769 1327 837 salvari,
1360 770 1557 826 statim
1581 769 1689 825 hoc
1720 770 1914 842 ipsum

2033 414 2377 485 praedicans,
2411 417 2535 488 ipse
2594 419 2878 490 reprobus
2924 419 3254 478 inveniatur
3309 421 3355 492 (ι
3414 422 3534 479 Cor.
3592 442 3679 494 xx,

2028 504 2118 574 27)
2154 520 2165 557 :
2200 506 2264 558 Et
2290 505 2452 560 datus
2480 516 2555 562 est
2589 509 2749 574 mihi,
2808 508 3001 580 inquit
3055 510 3096 577 ³,
3154 511 3407 567 stimulus
3462 516 3675 584 carnis,

2028 594 2259 660 angelus
2290 594 2532 662 Satanae,
2564 598 2664 668 qui
2690 614 2776 653 me
2809 597 3106 669 colaphizet
3152 598 3223 670 (11
3276 602 3398 655 Cor.
3439 618 3539 670 ιιι,
3585 604 3666 676 7).

2026 680 2098 736 Et
2127 681 2200 736 ad
2232 682 2561 739 Corinthios
2605 702 2617 738 :
2653 687 2846 755 Timeo,
2902 686 3113 758 inquit,
3161 702 3229 743 ne
3273 688 3416 743 sicut
3444 705 3667 762 serpens

2025 768 2232 841 decepit
2290 772 2457 825 Evam
2514 774 2569 826 in
2636 775 2842 829 astutia
2908 791 3029 840 sua,
3104 777 3184 831 ita
3247 782 3667 849 corrumpantur

282 860 557 930 temperat
584 875 606 919 ;
632 862 699 914 Et
725 860 779 914 si
810 860 935 929 quis
969 861 1229 930 peccavit,
1289 858 1610 914 advocatum
1658 858 1918 914 habemus

282 945 421 1019 apud
460 944 690 1002 Patrem
735 946 923 1002 Jesum
967 946 1241 1002 Christum
1278 949 1512 1019 justum,
1562 956 1614 1002 et
1672 949 1786 1018 ipse
1840 950 1917 1001 est

269 1030 587 1106 propitiatio'
634 1052 738 1106 pro
776 1038 1012 1107 peccatis
1038 1037 1260 1092 nostris.
1293 1036 1406 1093 Non
1435 1053 1534 1108 pro
1584 1038 1786 1091 nostris
1813 1053 1916 1090 au-

268 1132 369 1179 tem
393 1126 635 1187 tantum,
667 1123 760 1178 sed
817 1126 988 1179 etiam
1042 1141 1141 1196 pro
1194 1126 1361 1180 totius
1409 1125 1604 1180 mundi
1660 1126 1707 1195 (I
1751 1126 1909 1181 Joan.

272 1229 331 1279 ιι,
367 1218 413 1278 ι,
438 1212 519 1283 2).
551 1211 669 1267 Hoc
701 1212 774 1268 ad
804 1213 1106 1268 credentes
1138 1216 1270 1287 post
1312 1212 1911 1286 baptisma'loquitur,

269 1304 326 1355 et
354 1298 690 1356 advocatum
723 1317 828 1373 pro
860 1300 1089 1357 delictis
1109 1318 1312 1358 eorum
1345 1301 1661 1357 Dominum
1685 1300 1913 1374 pollice-

274 1392 382 1443 tur.
412 1388 528 1444 Nec
578 1387 724 1444 dicit
757 1406 771 1444 :
801 1388 860 1445 Si
911 1388 1052 1461 quid
1107 1390 1504 1461 peccaveritis,
1565 1390 1910 1445 advocatum

2025 875 2214 914 sensus
2244 863 2409 915 vestri
2438 878 2471 915 α
2501 861 2853 933 simplicitate
2902 878 3027 937 quae
3079 872 3159 919 est
3211 867 3272 919 in
3329 865 3545 923 Christo
3597 869 3672 941 (II

2028 945 2149 1003 Cor.
2184 964 2261 1014 ιιι,
2294 948 2368 1020 3).
2420 953 2483 1003 Et
2534 949 2673 1005 alibi
2709 968 2721 1005 :
2755 953 2862 1008 Cui
2890 955 3075 1007 autem
3122 953 3344 1023 aliquid
3403 953 3669 1024 donastis,

2024 1043 2076 1089 et
2105 1051 2219 1106 ego.
2253 1036 2393 1091 Nam
2441 1046 2491 1092 et
2528 1054 2621 1109 ego
2679 1039 2819 1109 quod
2870 1038 3090 1106 donavi,
3147 1042 3198 1095 si
3252 1041 3385 1113 quid
3439 1043 3665 1114 donavi,

2021 1128 2246 1195 prapter
2270 1140 2380 1195 vos,
2418 1126 2481 1180 in
2505 1142 2741 1198 persona
2757 1128 2979 1194 Christi,
3014 1133 3073 1183 ut
3118 1145 3232 1185 non
3272 1131 3667 1190 circumvenian-

2021 1229 2149 1266 mur
2177 1230 2211 1266 a
2242 1213 2468 1268 Satana.
2521 1216 2637 1270 Non
2687 1219 2835 1271 enim
2882 1219 3002 1287 ejus
3050 1220 3368 1289 ignoramus
3424 1223 3667 1278 astutias

2024 1301 2098 1371 (ΙΙ
2126 1299 2248 1366 Cor,
2295 1318 2356 1365 ιι,
2411 1303 2496 1368 10,
2548 1303 2659 1373 11).
2712 1305 2781 1359 Et
2828 1322 3063 1362 rursum
3099 1322 3112 1360 :
3142 1307 3384 1363 Tentatio
3429 1323 3520 1364 vos
3553 1325 3666 1365 non

2021 1389 2414 1461 apprehendat,
2448 1393 2564 1447 nisi
2593 1392 2858 1449 humana.
2907 1393 3108 1450 Fidelis
3144 1402 3329 1450 autem
3371 1397 3534 1463 Deus,
3565 1398 3664 1470 qui

266 1475 483 1532 habetis
508 1477 670 1549 apud
701 1475 932 1533 Patrem
965 1476 1284 1545 Christum,
1336 1482 1395 1534 et
1423 1478 1548 1551 ipse
1594 1484 1685 1534 est
1722 1477 1913 1550 prOpi-
2019 1493 2130 1533 non
2159 1477 2396 1534 dimittet
2414 1495 2503 1535 vos
2532 1484 2741 1536 tentari
2784 1498 2957 1551 supra
3006 1482 3062 1537 id
3091 1482 3231 1554 quod
3270 1486 3536 1555 potestis;
3563 1485 3667 1543 sed

262 1563 412 1621 tiatio
452 1582 569 1639 pro
618 1565 877 1638 peccatis
933 1566 1143 1624 vestris
1177 1586 1190 1635 ;
1228 1584 1298 1623 ne
1331 1584 1430 1623 eos
1488 1567 1733 1635 diceres,
1790 1584 1907 1622 non
2018 1566 2185 1634 faciet
2212 1582 2340 1621 cum
2371 1570 2668 1624 tentatione
2695 1570 2717 1603 ³
2745 1572 2910 1625 etiam
2933 1574 3281 1641 proventum,
3327 1573 3388 1626 ut
3439 1571 3667 1645 possitis

261 1651 421 1753 plena
458 1654 605 1753 ﬁde.
637 1652 949 1753 baptisma.
981 1660 1328 1711 consecutos
1360 1674 1374 1724 ;
1408 1655 1508 1712 sed
1539 1654 1906 1753 “Advocatum,
1940 1687 1988 1753 Β
2020 1658 2293 1753 sustinere
2322 1657 2372 1724 (I
2391 1658 2517 1713 Cor.
2551 1674 2607 1725 ιι,
2642 1657 2753 1730 13).
2785 1659 2877 1727 Et,
2911 1658 3017 1727 Qui
3069 1659 3178 1714 sibi
3228 1659 3444 1717 videtur
3498 1670 3666 1745 stare,

260 1742 464 1814 inquit,
501 1741 769 1798 habemus
800 1742 949 1814 apud
994 1744 1216 1800 Patrem
1248 1744 1262 1778 ¹
1292 1745 1476 1800 Jesum
1529 1742 1824 1812 Christum,
1857 1747 1911 1799 et
1940 1741 1985 1753 “’
2019 1741 2198 1799 videat
2220 1760 2291 1800 ne
2331 1744 2490 1801 cadat
2520 1746 2683 1817 (Ibid.
2743 1747 2854 1819 42).
2913 1748 2984 1803 Et
3039 1747 3110 1803 ad
3168 1746 3405 1806 Galatas
3461 1742 3665 1821 (Galat.

258 1832 362 1901 ipse
388 1834 468 1886 est
500 1833 823 1903 propitiatio
849 1848 951 1904 pro
988 1834 1226 1904 peccatis
1266 1833 1468 1889 nostris
1500 1851 1513 1901 ;
1548 1836 1605 1888 et
1653 1849 1769 1888 non
1814 1849 1908 1888 so-
2018 1850 2073 1899 ν,
2103 1832 2159 1904 7)
2195 1851 2207 1888 :
2244 1833 2568 1890 Currebatis
2597 1837 2752 1901 bene,
2803 1838 2927 1908 quis
2975 1853 3067 1893 vos
3109 1837 3399 1911 impedivit
3444 1840 3668 1896 veritati

254 1918 375 1974 lum
406 1935 520 1992 pro
552 1919 816 1986 Joannis,
849 1919 1202 1993 illorumque
1245 1921 1501 1994 peccatis
1535 1939 1547 1989 ;
1581 1921 1683 1978 sed
1730 1921 1906 1976 etiam
2017 1938 2125 1978 non
2185 1921 2401 1978 obedire
2456 1923 2485 1977 ‘t
2541 1923 2614 1980 Et
2671 1925 2811 1980 alibi
2873 1925 3153 1981 Voluimus
3230 1925 3332 1993 (Al.
3393 1925 3669 2000 volumus)

262 2024 369 2078 pro
396 2008 586 2064 totius
613 2009 834 2064 mundi.
870 2014 934 2064 In
957 2013 1077 2066 toto
1108 2013 1304 2066 autem
1329 2008 1549 2066 mundo
1574 2013 1630 2065 et
1660 2009 1908 2082 apostoli
2018 2012 2205 2066 venire
2257 2011 2328 2065 ad
2385 2028 2477 2067 vos
2514 2030 2533 2066 :
2564 2029 2658 2084 ego
2713 2013 2936 2085 quidem
2994 2015 3226 2071 Paulus.
3286 2019 3338 2070 et
3391 2015 3562 2072 semel
3612 2020 3667 2073 et

265 2099 406 2152 sunt
433 2112 749 2170 omnesque
781 2099 1105 2154 credentes.
1140 2099 1218 2154 Ex
1248 2099 1465 2171 quibus
1493 2097 1715 2171 liquido
1745 2114 1904 2154 com-
2015 2101 2237 2163 iterum.
2263 2099 2355 2155 sed
2384 2101 2667 2172 impedivit
2708 2118 2806 2157 nos
2836 2102 3070 2158 Satanas
3119 2104 3168 2173 (Ι
3209 2102 3383 2159 Thess.
3436 2121 3497 2168 ιι,
3553 2104 3662 2176 18).

258 2182 560 2257 probatur,
594 2192 727 2258 post
775 2185 1074 2259 baptisma
1129 2204 1304 2260 posse
1362 2186 1609 2259 peccari.
1664 2187 1907 2244 Frustra
2016 2188 2083 2244 Et
2112 2189 2180 2244 ad
2219 2189 2467 2244 maritos
2499 2206 2511 2243 :
2547 2192 2611 2245 Et
2641 2190 2843 2245 iterum
2883 2192 3237 2247 revertimini
3274 2192 3346 2246 ad
3401 2192 3662 2263 idipsum,

250 2273 398 2329 enim
423 2273 724 2330 habemus
755 2274 1102 2332 advocatum
1135 2274 1337 2332 Jesum
1368 2276 1740 2346 Christum,si
1772 2293 1904 2348 pec-
2013 2292 2083 2331 ne
2108 2280 2277 2333 tentet
2308 2292 2396 2331 vos
2427 2276 2666 2333 Satanas
2676 2282 2901 2350 propter
2928 2281 3406 2335 incontinentiam
3426 2283 3666 2335 vestram

251 2362 364 2423 cui
395 2380 521 2419 non
555 2367 772 2436 potest.
2013 2364 2062 2436 (Ι
2108 2364 2230 2421 Cor.
2292 2382 2394 2431 v11,
2453 2365 2530 2437 5).
2593 2366 2664 2421 Et
2723 2383 2959 2423 rursum
2995 2385 3007 2423 :
3039 2368 3167 2423 Dico
3205 2371 3412 2435 autem,
3460 2366 3665 2440 spiritu

286 2448 364 2507 '3.
398 2451 582 2507 Error
604 2450 854 2509 Montani
878 2456 931 2510 et
958 2453 1154 2510 Novati
1187 2454 1504 2521 damnatur,
1540 2455 1725 2511 Liberi
1753 2456 1904 2511 arbi-
2014 2453 2311 2521 ambulate,
2348 2457 2399 2508 et
2427 2452 2705 2510 desideria
2752 2458 2939 2511 carnis
2994 2472 3106 2512 non
3157 2456 3468 2527 perﬁcietis.
3528 2456 3666 2513 Caro

245 2542 338 2596 trii
366 2558 571 2597 sumus
595 2541 825 2598 conditi.
855 2542 1002 2599 Nova
1053 2545 1346 2616 imperitia
1376 2545 1568 2615 factio.
1599 2575 1668 2583 —
1699 2547 1905 2600 Petrus

250 2628 578 2702 apostolus,
604 2629 677 2686 ad
711 2646 887 2701 quem
939 2629 1159 2687 dictum
1206 2633 1395 2688 fuerat
1426 2650 1439 2688 :
1474 2627 1581 2701 Qui
1618 2633 1759 2689 lotus
1800 2634 1900 2699 est,

244 2734 347 2774 non
375 2734 602 2776 necesse
632 2718 798 2774 habet
824 2727 885 2774 ut
907 2720 1110 2775 iterum
1140 2721 1279 2777 lavet
1310 2722 1487 2793 (Joan.
1548 2737 1673 2788 xm,
1735 2721 1906 2791 10):et

249 2807 314 2862 Tu
359 2818 437 2865 at
466 2808 710 2873 Petrus,
745 2816 796 2863 et
815 2824 980 2880 super
999 2808 1142 2865 hanc
1168 2819 1381 2880 petram
1407 2809 1693 2881 mdiﬁeabo
1725 2809 1902 2866 Eccle-

241 2896 596 2954 siommeam
627 2895 838 2967 (Matth.
864 2913 980 2964 xvr,
1014 2898 1141 2969 18);
1174 2898 1247 2953 ab
1299 2896 1511 2954 ancilla
1560 2897 1905 2970 perterritus
2014 2899 2216 2951 contra
2248 2913 2310 2952 se
2342 2897 2682 2952 substantias
2713 2896 2863 2953 bella
2896 2898 3208 2969 patiamur.
3251 2897 3321 2952 Et
3367 2897 3439 2953 ad
3471 2896 3658 2969 Ephe-

242 2989 427 3057 negat.
464 2984 545 3040 Et
571 2984 707 3058 ipse
734 2982 1020 3040 Dominus
1052 3002 1066 3042 :
1098 2985 1306 3051 Simon,
1330 2983 1899 3053 Simon,ecce,inquit,
1937 3049 1971 3058 Δ
2014 2984 2134 3041 sios
2163 3003 2181 3039 :
2214 2985 2329 3040 Non
2352 2994 2430 3041 est
2459 2986 2619 3041 nobis
2642 3002 2836 3057 pugna
2866 2984 2977 3057 (Al.
3019 2985 3351 3056 colluctatio)
3400 2986 3655 3042 adversus

237 3049 478 3131 Satanas
505 3049 822 3146 postulavit
856 3088 966 3141 vos,
998 3076 1060 3128 ut
1112 3049 1379 3130 cribra-ret
1408 3049 1547 3129 sicut
1584 3049 1692 3145 (Al.
1740 3049 1901 3144 quasi
1929 3049 1972 3117 (ἶ
2006 3090 2232 3129 carnem
2277 3082 2329 3129 et
2377 3049 2748 3145 sanguinein;
2780 3049 2880 3130 sed
2926 3073 3186 3130 adversus
3228 3075 3249 3107 ⁴
3290 3049 3656 3146 principatus,

240 3164 513 3219 triticum.
548 3163 662 3234 Ego
691 3166 881 3216 autem
926 3164 1115 3233 rogavi
1146 3178 1246 3235 pro
1278 3166 1349 3230 te,
1394 3179 1463 3218 ne
1508 3162 1616 3233 (Al.
1666 3170 1727 3217 ut
1764 3161 1895 3232 non)
2003 3165 2065 3221 et.
2080 3164 2389 3234 potestates,
2422 3162 2679 3217 adversus
2724 3166 2951 3218 rectores
2998 3164 3347 3218 tenebrarum
3391 3163 3649 3231 istarum,

238 3249 494 3323 deﬁceret
537 3250 674 3321 ﬁdes
724 3260 819 3307 tua
863 3252 997 3319 (Luc
1055 3268 1194 3321 xm,
1260 3251 1373 3323 5|).
1452 3251 1522 3306 Et
1577 3250 1635 3306 in
1691 3248 1895 3307 eodem
2005 3250 2263 3307 adversus
2304 3251 2629 3323 spiritualia
2677 3253 2947 3324 nequitia?
2990 3253 3051 3307 in
3092 3251 3392 3308 ctelestibus
3438 3250 3653 3323 (Ephes.

239 3337 405 3396 loco:
434 3342 683 3411 Vigilate
710 3344 764 3395 et
789 3344 966 3408 orate,
1006 3357 1078 3395 ne
1106 3341 1324 3396 intretis
1378 3342 1437 3395 in
1492 3342 1897 3401 tentationem;
2006 3358 2083 3407 v1,
2124 3339 2228 3411 l2).
2263 3339 2330 3395 Et
2360 3338 2633 3396 existima
2676 3339 2891 3411 aliquis
2940 3355 3199 3407 securos,
3250 3344 3308 3395 et
3356 3339 3658 3395 dosmienv

245 3429 480 3499 spiritus
509 3428 727 3500 quidem
766 3433 1055 3501 promptus
1094 3431 1195 3495 est,
1242 3444 1374 3484 caro
1415 3433 1600 3485 autem
1645 3429 1894 3499 inﬁrma.
2007 3434 2096 3485 tes
2126 3426 2279 3485 325
2314 3445 2420 3484 nos
2452 3443 2579 3484 esse
2610 3427 2824 3484 debere
2840 3432 2974 3500 post
2991 3428 3395 3500 baptismum?
3423 3427 3659 3484 Necnon

249 3514 425 3579 Quod
477 3514 527 3571 si
570 3521 699 3573 ante
745 3533 979 3573 crucem
1029 3515 1251 3572 dictum
1302 3516 1697 3589 responderis,
1745 3522 1899 3572 certe
2009 3516 2082 3572 ad
2115 3514 2435 3571 Hebraeos:
2492 3514 2830 3586 Impossibile
2874 3522 2952 3569 est
3005 3517 3155 3570 enim
3204 3530 3291 3570 eos
3346 3518 3442 3585 qui
3488 3512 3665 3571 semel

256 3606 401 3675 post
430 3619 657 3661 crucem
682 3606 735 3661 in
766 3605 1040 3662 Oratione
1075 3604 1375 3662 Dominica
1421 3605 1674 3661 dicimus
1708 3606 1897 3662 τευ
2010 3611 2138 3660 sunt
2184 3604 2521 3670 illuminati,
2576 3606 2626 3657 et
2672 3611 3033 3673 gustaverunt
3086 3601 3291 3658 donum
3336 3601 3567 3669 caeleste,
3612 3609 3666 3659 et

2014 2543 2166 2598 enim
2221 2544 2557 2615 concupiscit
2637 2542 2901 2600 adversus
2969 2546 3248 2616 spiritum,
3323 2553 3376 2601 et
3434 2547 3664 2617 spiritus

2012 2630 2269 2687 adversus
2311 2648 2535 2687 carnem
2578 2649 2599 2693 ;
2646 2632 2763 2690 hzec
2813 2635 2964 2688 enim
3017 2634 3252 2689 invicem
3306 2633 3667 2690 adversantur

2014 2720 2148 2787 sibi,
2180 2728 2238 2775 ut
2267 2736 2375 2776 non
2408 2736 2535 2791 qua:
2565 2722 2729 2776 vultis
2746 2722 2848 2777 illa
2869 2723 3089 2792 faciatis
3126 2720 3270 2792 (Gal.
3322 2739 3381 2777 v.
3433 2723 3517 2789 ιϐ,
3549 2723 3660 2793 17).

2014 2808 2094 2862 Ex
2124 2813 2373 2880 utroque
2426 2809 2736 2882 compacti,
2779 2826 3049 2871 necessse
3105 2814 3197 2866 est
3242 2814 3306 2865 ut
3352 2810 3662 2882 utriusque

252 3692 489 3750 Dimitte
509 3694 666 3750 nobis
692 3694 877 3751 debita
904 3698 1114 3764 nostra,
1141 3696 1285 3750 sicut
1322 3697 1373 3749 et
1417 3711 1516 3750 nos
1565 3696 1905 3750 dimittimus

251 3782 602 3840 debitoribus
627 3786 832 3838 nostris
865 3801 877 3851 ;
910 3788 960 3838 et
989 3799 1060 3839 ne
1098 3799 1196 3839 nos
1246 3782 1474 3839 inducas
1529 3784 1589 3838 in
1644 3785 1903 3839 tentatio-

250 3887 398 3941 nem,
430 3871 529 3928 sed
556 3872 741 3928 libera
768 3888 867 3927 nos
896 3889 932 3926 a
959 3872 1105 3926 malo
1134 3871 1347 3941 (Matth.
1389 3889 1469 3938 vr,
1520 3872 1630 3941 12).
1680 3870 1741 3927 Si
1789 3887 1904 3927 non

2010 3694 2305 3765 participes
2334 3692 2470 3763 facti
2518 3693 2651 3747 sunt
2690 3689 2929 3762 Spiritus
2968 3691 3164 3755 sancti,
3207 3693 3668 3763 gustavcruntque

2012 3780 2379 3837 nihilominus
2409 3779 2605 3835 bonum
2649 3779 2751 3835 Dei
2801 3779 3048 3843 verbum,
3092 3780 3431 3851 virtutesque
3476 3779 3668 3836 swculz

2014 3870 2213 3941 futuri,
2246 3872 2298 3924 et
2338 3868 2589 3939 prolapsi
2634 3876 2782 3935 sunt,
2834 3869 3093 3924 renovari
3138 3869 3339 3925 iterum
3377 3869 3447 3925 ad
3488 3870 3670 3942 paeni-

253 3976 572 4032 peccamus
604 3965 741 4033 post
768 3959 1084 4032 baptisma,
1117 3976 1222 4015 cur
1250 3958 1418 4015 nobis
1449 3959 1748 4032 poscimus
1779 3975 1908 4032 pec-
2016 3960 2266 4025 tentiam,
2326 3967 2559 4010 rursum'
2618 3956 2995 4026 cruciﬁgentes
3050 3957 3407 4029 sibimetipsis
3460 3957 3668 4012 Filium

251 4052 379 4105 cata
409 4048 662 4115 dimitti,
692 4065 821 4121 qua
850 4048 909 4103 in
938 4047 1291 4121 baptismate
1306 4048 1434 4119 jam
1466 4044 1715 4104 dimissa
1744 4046 1911 4105 sunt?
2017 4046 2137 4115 Dei,
2197 4049 2247 4101 et
2302 4045 2540 4100 ostentui
2595 4042 2851 4100 habentes
2910 4045 3088 4117 (Hebr.
3154 4062 3233 4113 v.,
3302 4046 3335 4099 4
3385 4049 3439 4101 et
3492 4046 3667 4117 seqq.)

252 4136 402 4201 Quid
437 4153 687 4195 oramus
737 4153 808 4192 ne
852 4136 1141 4193 intremus
1184 4135 1246 4192 in
1290 4136 1694 4204 tentationem,
1745 4141 1801 4193 et
1846 4140 1912 4193 ut
2020 4135 2183 4192 Certe
2239 4150 2336 4190 eos
2369 4132 2470 4205 qui
2502 4131 2816 4188 illuminati
2880 4137 3039 4198 sunt,
3070 4138 3127 4189 et
3178 4136 3563 4206 gustaverunt
3631 4128 3669 4187 5

254 4224 579 4284 liberemur
610 4242 646 4283 a
679 4222 857 4294 male,
888 4225 938 4283 si
973 4223 1245 4281 diabolus
1290 4229 1515 4282 tentare
1561 4242 1675 4282 non
1723 4228 1914 4299 potest
2020 4225 2243 4280 donum
2277 4220 2530 4288 cmleste,
2577 4225 2634 4277 ct
2679 4220 2994 4294 participes
3050 4221 3184 4276 facti
3229 4225 3368 4276 sunt
3413 4219 3668 4294 Spiritus

248 4315 383 4385 jam
417 4313 748 4388 baptizatos
778 4314 807 4369 ?
835 4312 1010 4370 Aliud
1042 4318 1239 4371 autem
1272 4318 1382 4381 est,
1427 4315 1474 4370 si
1525 4314 1595 4369 ad
1640 4313 1911 4370 catechu-
2027 4312 2238 4380 saneti,
2267 4314 2766 4384 gustaveruntque
2795 4309 3015 4366 bonum
3046 4309 3147 4365 Dei
3163 4310 3425 4379 verbum,
3458 4323 3671 4383 negaro

252 4417 467 4460 menos
496 4404 624 4459 hac
652 4402 842 4459 oratio
872 4404 1148 4475 pertinet,
1164 4405 1223 4459 et
1254 4418 1366 4458 non
1417 4402 1684 4458 convenit
1732 4400 1913 4458 ﬁdeli-
1945 4409 1993 4474 1)
2026 4417 2142 4457 nou
2173 4417 2494 4473 possumus
2524 4399 2874 4473 baptizatos.
2911 4398 2971 4454 Si
3004 4402 3197 4455 autem
3229 4398 3504 4471 baptizati
3532 4413 3671 4471 pec-

252 4491 365 4548 bus
395 4497 459 4548 et
486 4491 864 4548 Christianis.
898 4490 1116 4547 Paulus
1167 4489 1470 4547 electionis
1517 4507 1617 4547 vas
1667 4490 1918 4563 castigat
2025 4506 2158 4547 care
2189 4505 2304 4545 non
2331 4492 2601 4561 possunt,
2632 4487 2925 4560 quomodo
2957 4504 3112 4543 nunc
3160 4486 3472 4561 Apostolus
3504 4485 3671 4558 dicit,

330 4705 353 4739 ³
385 4704 584 4762 Verba
611 4705 769 4778 apud
818 4706 1038 4761 Patrem
1065 4703 1441 4778 Martianaeus
1463 4702 1917 4760 omiserat:tnm

256 4775 685 4849 Cannensis
710 4791 815 4849 pro
841 4777 1096 4842 Joannis,
1126 4776 1463 4849 iugi-umque
1503 4778 1759 4849 peccatis,
1792 4778 1918 4847 qui-

257 4846 365 4901 bus
394 4848 587 4904 scribit
624 4865 648 4910 ;
677 4846 772 4903 sed
802 4850 992 4914 etiam,
1035 4853 1145 4903 etc.
1192 4846 1740 4903 Victorius’maluit
1778 4846 1916 4902 alio-

524 4925 782 4975 tantum.

327 4992 352 5024 ²
382 4988 757 5047 Velustiores
785 4990 903 5045 duo
933 5005 1077 5045 mss.
1115 5005 1228 5044 non
1260 4988 1479 5045 habent
1519 4989 1695 5044 verba
1721 4991 1919 5043 stimu-

250 5062 343 5118 lus
368 5064 576 5118 emis
597 5077 728 5134 quas
769 5065 913 5134 sunt
960 5060 1230 5134 equidem
1279 5061 1598 5134 hodiernum
1638 5059 1815 5134 etiam
1860 5060 1919 5113 in

252 5133 468 5207 Greco
499 5128 689 5207 textu,
720 5128 930 5207 σηᾴλοψ
958 5128 1216 5207 sinciput
1250 5150 1263 5188 :
1298 5133 1415 5207 sed
1431 5131 1571 5207 olim
1613 5147 1646 5186 a
1676 5130 1922 5202 quibus-

251 5205 407 5277 dam,
462 5202 915 5277 exemplaribus
957 5202 1236 5277 abfuisse,
1297 5202 1540 5277 indicio_
1589 5207 1677 5277 est
1754 5207 1923 5277 vetus

250 5276 601 5348 £thiopica
629 5272 838 5348 vei-sio,
869 5290 997 5348 quos
1026 5274 1131 5329 tlla
1161 5288 1273 5348 non
1306 5272 1589 5348 agnoscit.
1620 5273 1680 5348 lu
1714 5273 1925 5348 subse-

252 5362 476 5421 quenn
507 5362 797 5403 versiculo
827 5362 971 5401 mss.
998 5362 1200 5402 omnes
1232 5362 1448 5400 nauem
1478 5362 1549 5398 ne
1598 5362 1739 5415 [orte
1784 5362 1927 5400 sicut

252 5434 525 5484 serpens,
559 5422 672 5484 etc,
702 5419 881 5473 Graec.
923 5416 997 5484 μὴ
1046 5436 1165 5477 πως
1198 5433 1211 5470 :
1247 5432 1451 5471 rursus
1502 5417 1578 5470 ita
1627 5416 1927 5472 desidera-

251 5419 525 5495 serpens,
559 5422 672 5489 etc,
702 5419 881 5473 Graec.
923 5419 997 5488 μὴ
1046 5436 1165 5477 πως
1198 5433 1211 5470 :
1247 5432 1451 5471 rursus
1502 5419 1578 5470 ita
1627 5419 1927 5472 desidera-

253 5496 380 5559 tur.
437 5488 713 5563 Denique
749 5487 996 5545 inferius
1037 5487 1212 5547 verba
1257 5488 1309 5544 si
1366 5484 1498 5562 quid
1544 5486 1746 5546 donavi
1808 5503 1927 5551 non

598 5614 878 5711 Panos.
916 5610 1143 5705 χχιιι.

634 6048 681 6071 Ιχ.

814 6136 915 6155 μιᾳ-Α
980 6148 989 6151 -

507 5345 797 5403 versiculo
827 5344 971 5401 mss.
998 5361 1200 5402 omnes
1229 5344 1448 5400 habent
1478 5359 1549 5398 ne
1598 5346 1739 5415 forte
1784 5346 1929 5400 sicut

2029 4706 2378 4777 agnoscunt,
2448 4701 2651 4758 eadem
2724 4701 2990 4758 versione
3071 4699 3397 4772 Ethiopian
3464 4696 3673 4755 suifra-

2029 4778 2540 4898 gailteVeronensis
2589 4858 2759 4909 mss.,
2809 4847 2861 4898 et
2906 4845 3175 4897 eventum.
3221 4841 3319 4896 Gr.
3387 4832 3605 4892 ’ἑκϐασιν
3659 4857 3674 4897 :

2031 4914 2207 4991 paulo
2237 4912 2565 4991 post,_illud
2595 4914 2944 4991 revertimini
2979 4911 3362 4991 desideratur,
3395 4910 3679 4991 quemadj

2034 4982 2274 5044 inodum
2306 4990 2364 5042 et
2394 4984 2546 5039 intra
2574 4984 2815 5055 verbum
2848 4983 3197 5055 concupiscit,
3236 4999 3370 5039 cum
3409 4982 3685 5055 sequenti

2032 5063 2365 5140 enimaquce
2403 5055 2461 5111 in
2506 5054 2685 5111 nullis
2732 5054 3201 5126 Hieronymianis
3243 5053 3680 5127 exemplaribus

2035 5132 2431 5183 inveniuntur.

2211 5147 2225 5184 ι
2316 5147 2431 5183 tur.

2032 5147 2333 5256 ιῃῖϐιὲιιῗὲιι
2388 5201 2514 5254 erat
2563 5197 2858 5268 principes,
2912 5196 3295 5253 renuentibus
3344 5213 3489 5253 mss.
3551 5196 3684 5253 Mox

2036 5270 2465 5339 Casanatensis,
2485 5278 2545 5342 et
2568 5268 2899 5342 dormientes
2925 5283 3038 5324 esse
3061 5270 3499 5342 postbaptisma.

2109 5344 2129 5379 ⁸
2160 5337 2502 5399 Amovimus
2534 5340 2670 5395 hinc
2698 5340 2798 5395 Dei
2827 5355 3037 5396 nomen
3061 5337 3139 5397 ex
3174 5337 3290 5398 ﬁdo
3335 5340 3464 5398 eod.
3497 5337 3682 5395 Vero-

2039 5415 2239 5475 nensis
2271 5416 2329 5471 et
2356 5411 2596 5470 Victorii
2626 5412 2987 5470 auctoritate.

3298 5613 3373 5680 10
