4100 6156
330 294 452 361 299
1569 298 1635 361 S;
1679 298 1988 365 EUSEBII
2028 296 2495 364 HIERONYMI.
3615 292 3735 360 300

329 431 394 484 Et
414 429 659 501 prolapsi
686 436 812 484 sunt
838 424 1096 485 ?Verum
1144 447 1215 486 ne
1257 432 1571 489 Montanus
1621 438 1679 488 et
1726 434 1981 488 Novatus
2010 435 2064 499 Α
2091 435 2315 503 fornax,
2349 435 2592 489 homines
2630 435 2812 488 autem
2848 430 3024 504 justas
3072 432 3091 466 ⁵
3139 431 3383 489 tentatio
3429 429 3738 485 tribulatio-

329 518 426 574 hic
464 518 714 584 rideant,
764 519 862 590 qui
908 519 1269 575 contendunt
1318 538 1433 576 nou
1488 538 1659 593 posse
1720 522 1984 577 renovari
2092 523 2403 592 nis(Eccli.
2456 539 2632 589 xxvu,
2680 522 2758 594 6).
2810 522 2879 577 Et
2926 521 2985 577 in
3047 520 3162 577 alio
3221 520 3344 577 loco
3412 518 3735 575 scribitur:

332 624 435 679 per
488 606 889 679 paenitentiam
958 624 1056 663 eos
1115 609 1215 681 qui
1276 610 1692 665 cruciﬁxerunt
1750 610 1987 665 sibimet
2094 612 2220 678 Fili,
2270 612 2522 667 accedens
2579 610 2648 665 ad
2693 611 3007 666 servitutem
3060 612 3179 678 Dei,
3246 624 3511 682 praepara
3566 610 3617 662 te
3669 606 3742 661 ad

332 695 545 752 Filium
574 695 696 762 Dei,
746 699 804 752 et
848 697 1104 752 ostentui
1154 696 1526 754 habuerunt:
1561 703 1987 770 consequenter
2096 700 2456 755 tentationem
2510 700 2669 767 (Ibid.
2724 717 2787 767 11,
2838 701 2912 769 1).
2968 700 3222 754 Rursum
3272 697 3429 753 idem
3483 694 3740 751 Jacobus

334 784 494 840 hunc
523 800 779 840 errorem
811 783 1000 851 solvit,
1048 790 1104 840 et
1150 786 1232 840 ait
1265 803 1277 840 :
1314 787 1649 858 Conﬁdimus
1694 792 1875 843 autem
1922 788 1987 844 de

333 875 506 941 vobis,
554 874 916 941 dilectissimi,
961 875 1194 929 meliora
1241 884 1289 931 et
1338 878 1613 935 vicinoria
1659 878 1846 945 saluti,
1901 885 1985 932 ta-

336 964 499 1018 metsi
547 964 625 1017 ita
660 963 959 1034 loquimur.
1017 962 1134 1017 Non
1192 966 1339 1020 enim
1396 966 1633 1036 injustus
1689 974 1766 1020 est
1824 967 1982 1033 Deus,

338 1054 398 1106 ut
446 1051 803 1107 obliviscatur
849 1053 1074 1123 1operis
1124 1054 1310 1119 vestri,
1371 1057 1422 1108 et
1481 1053 1759 1123 dictionis,
1821 1071 1984 1125 quam

341 1138 581 1195 ostendis
611 1140 670 1193 in
710 1141 939 1194 nomine
984 1142 1176 1211 ipsius,
1222 1144 1319 1212 qui
1358 1144 1715 1197 ministrastis
1761 1146 1983 1207 sanctis,

342 1233 395 1284 et
424 1244 573 1283 nunc
617 1229 949 1283 ministratis
1006 1230 1188 1298 (llebr.
1248 1247 1324 1294 v1,
1383 1232 1438 1295 9,
1497 1231 1607 1303 lO).
1667 1232 1737 1286 Et
1791 1248 1989 1287 revera

342 1317 583 1390 grandis
612 1316 904 1388 injustitia
934 1316 1058 1385 Dei,
1094 1318 1143 1373 si
1183 1322 1413 1373 tantum
1464 1324 1699 1391 peccata
1730 1320 1985 1392 puniret,

342 1411 399 1475 et
440 1406 594 1462 bona
634 1421 811 1478 opera
858 1423 972 1460 non
1022 1407 1365 1477 susciperet.
1421 1409 1504 1462 Ita
1550 1409 1777 1463 locutus
1830 1426 1985 1474 sum,

341 1495 535 1567 inquit
565 1494 899 1567 Apostolus,
933 1498 996 1549 ut
1026 1511 1127 1549 vos
1154 1513 1188 1549 a
1219 1497 1468 1566 peccatis
1498 1496 1878 1564 retraherem,
1931 1503 1989 1552 et

346 1583 771 1654 desperationis
820 1586 975 1638 metu
1023 1584 1270 1639 facerem
1343 1585 1651 1640 cautiores.
1703 1585 1986 1640 Caeterum

345 1671 571 1727 confido
602 1672 673 1725 de
706 1671 889 1737 vobis,
924 1671 1310 1739 dilectissimi,
1336 1672 1575 1728 meliora
1605 1678 1662 1728 et
1709 1674 1991 1730 viciniora

2091 787 2396 859 loquitur:
2433 790 2607 845 Estote
2660 790 2893 859 factores
2947 788 3121 854 verbi,
3181 795 3233 842 et
3285 803 3401 844 non
3458 784 3736 840 auditores

2092 882 2323 931 tantum.
2357 876 2418 932 Si
2460 879 2579 949 quis
2626 877 2844 932 auditor
2890 880 2968 932 est
3011 878 3033 912 δ
3072 876 3229 931 verbi
3275 883 3327 931 et
3371 891 3488 929 non
3544 874 3744 943 factor,

2094 968 2191 1021 iste
2217 966 2422 1021 similis
2452 973 2531 1020 est
2554 966 2691 1032 viro,
2727 967 2823 1038 qui
2868 964 3171 1020 considerat
3210 964 3426 1020 vultum
3476 963 3742 1017 nativita-

2093 1056 2165 1107 tis
2216 1069 2337 1110 suze
2380 1057 2439 1109 in
2497 1053 2734 1123 speculo,
2798 1053 3167 1109 Consideravit
3240 1051 3400 1121 illud,
3448 1058 3502 1108 et
3559 1052 3745 1106 statim

2093 1143 2347 1198 recedens
2402 1144 2603 1197 oblitus
2656 1150 2737 1198 est
2791 1142 2968 1214 qualis
3026 1143 3097 1197 sit
3166 1141 3365 1213 (Iacob.
3444 1157 3483 1209 1,
3563 1140 3635 1195 23
3692 1146 3743 1194 et

2093 1232 2259 1304 seqq).
2293 1232 2531 1288 Frustra
2575 1230 2825 1299 monuit,
2878 1236 2942 1286 ut
2986 1231 3305 1301 jungerent
3359 1243 3536 1301 opera
3579 1227 3742 1295 ﬁdei,

2096 1320 2144 1375 si
2179 1324 2311 1392 post
2340 1320 2638 1390 baptisma
2668 1335 2906 1375 peccare
2936 1336 3053 1374 non
3104 1322 3393 1391 poterant,
3439 1318 3546 1386 Qui
3572 1320 3743 1372 totam

2098 1409 2289 1479 legem,
2325 1408 2517 1480 inquit
2542 1410 2842 1464 servaverit
2869 1416 2920 1463 et
2940 1410 3246 1479 peccaverit
3293 1409 3354 1462 in
3394 1422 3525 1476 uno,
3563 1407 3746 1477 factus

2095 1501 2171 1551 est
2229 1498 2479 1552 omnium
2535 1514 2665 1552 reus
2723 1497 2937 1567 (Jacob.
3006 1513 3068 1565 ιι,
3127 1498 3237 1568 10).
3305 1496 3412 1561 Qui
3473 1498 3744 1550 nostrum

2097 1586 2318 1657 absque
2349 1590 2551 1657 pecato
2581 1586 2609 1640 ‘?
2649 1586 2927 1641 Conclusit
2973 1587 3112 1640 Deus
3162 1585 3350 1640 omnia
3390 1583 3496 1640 sub
3524 1583 3742 1648 delicto,

2099 1682 2159 1729 ut
2186 1675 2436 1728 omnibus
2464 1676 2792 1729 misereatur
2838 1674 3013 1743 (Rom.
3066 1690 3147 1737 x1,
3197 1674 3309 1741 32).
3358 1672 3557 1728 Petrus
3602 1688 3745 1743 quo-

344 1759 542 1816 saluti.
575 1760 771 1831 Neque
805 1761 959 1815 enim
986 1761 1230 1829 justitiae
1264 1761 1359 1816 Dei
1392 1766 1500 1828 est,
1529 1767 1593 1816 ut
1613 1760 1990 1818 obliviscatur
2022 1801 2065 1864 Β
2099 1780 2211 1835 que
2242 1762 2314 1832 (ll
2344 1768 2486 1818 Petr.
2519 1780 2578 1830 11,
2612 1764 2689 1835 9),
2722 1763 2898 1827 Novit,
2944 1762 3157 1834 inquit,
3207 1763 3463 1817 Dominus
3511 1762 3632 1833 pios
3676 1761 3748 1817 de

344 1850 633 1905 bonorum
655 1853 982 1919 operum,et
1006 1848 1313 1903 ministerii
1338 1851 1489 1920 quod
1521 1855 1755 1922 propter
1774 1868 1985 1906 nomen

344 1938 475 2008 ejus
504 1936 854 1992 exhibuistis
884 1943 941 1991 et
969 1937 1253 1992 exhibetis
1276 1938 1332 1991 in
1369 1945 1624 2003 sanctos,
1667 1944 1723 1993 et
1754 1944 1984 1995 tantum

343 2024 678 2083 meminerit
708 2030 1098 2097 peccatorum.
1126 2027 1237 2081 Sed
1276 2031 1333 2080 et
1381 2026 1679 2098 apostolus
1709 2027 1984 2099 Jacobus,

345 2116 538 2171 sciens
585 2114 907 2185 baptizatos
957 2130 1129 2182 posse
1176 2115 1414 2181 tentari,
1465 2119 1521 2170 et
1567 2116 1802 2187 prepria
1855 2133 1985 2171 cor-

345 2220 512 2260 ruere
536 2202 832 2258 voluntate
865 2220 876 2258 :
909 2204 1130 2266 Beatus,
1168 2203 1269 2269 ait,
1308 2206 1397 2258 vir
1447 2206 1547 2275 qui
1590 2206 1985 2275 suﬂertteula-

344 2296 568 2360 tionem,
600 2295 750 2362 quia,
782 2307 903 2346 cam
928 2291 1191 2363 probatus
1218 2294 1409 2363 fuerit,
1456 2295 1683 2364 accipiet
1732 2310 1987 2348 coronam

346 2384 494 2450 vitae,
529 2398 694 2454 quam
736 2382 1053 2451 repromisit
1102 2381 1242 2435 Deus
1289 2381 1645 2449 diligentibus
1687 2398 1742 2436 se
1780 2383 1983 2453 (Iacob.

346 2488 384 2540 1,
410 2470 518 2541 42).
553 2476 633 2524 Ac
665 2485 737 2524 ne
768 2473 1111 2541 putaremus
1140 2470 1462 2524 secundum
1495 2469 1641 2525 illud
1673 2470 1982 2538 Geneseos,

345 2559 446 2615 ubi
503 2557 781 2614 scribitur
824 2557 1117 2612 Abraham
1195 2575 1229 2611 a
1289 2559 1400 2613 Deo
1458 2557 1639 2613 fuisse
1695 2562 1985 2614 tentatum

346 2648 498 2716 (Gen.
582 2648 745 2713 xxn),
799 2663 906 2701 nos
962 2661 1197 2716 quoque
1254 2646 1464 2701 tentari
1515 2664 1548 2701 τι
1600 2647 1763 2702 Deo:
1799 2649 1984 2719 Nemo,

345 2734 560 2808 inquit,
594 2751 719 2791 cum
750 2738 1011 2800 tentatur,
1041 2735 1209 2801 dicat,
1278 2737 1538 2805 quoniam
1583 2753 1618 2791 a
1670 2736 1775 2791 Deo
1811 2754 1823 2791 :
1864 2740 1984 2791 ten-

346 2828 451 2880 tor.
501 2825 645 2879 Deus
665 2825 813 2878 enim
853 2824 1151 2877 intentalor
1191 2823 1464 2878 malorum
1518 2827 1616 2888 est,
1651 2825 1764 2895 ipse
1804 2829 1988 2880 autem

344 2913 623 2968 neminem
669 2915 855 2966 tentet.
909 2912 1289 2982 Unusquisque
1336 2927 1466 2966 vero
1505 2915 1747 2968 tentatur
1789 2930 1822 2968 a
1853 2930 1986 2969 con-

343 3001 679 3073 cupiscentia
722 3016 822 3054 sua
860 2999 1163 3055 abstractus
1213 3008 1265 3055 et
1305 3000 1542 3057 illectus.
1603 3002 1809 3057 Dehinc
1854 3018 1984 3058 con-

344 3090 685 3158 cupiscentia
729 3106 854 3143 cum
883 3091 1208 3160 conceperit,
1252 3092 1399 3159 parit
1440 3098 1724 3161 peccatum
1754 3108 1772 3144 .·
1791 3106 1984 3161 pecca-

2098 1853 2394 1906 tentatione
2421 1853 2635 1922 eripere
2666 1850 2775 1922 (Al.
2809 1852 3020 1921 eruere)
3064 1851 3133 1905 Et
3162 1851 3232 1905 de
3276 1848 3440 1905 falsis
3489 1849 3743 1905 doctori-

2096 1940 2206 1995 bus
2240 1942 2346 1995 :Ili
2371 1948 2499 1995 sunt
2527 1943 2703 2010 fontes
2752 1942 2875 1994 sine
2920 1956 3085 2010 aqua,
3128 1942 3179 1994 et
3228 1939 3450 1996 nebula
3496 1938 3739 1993 turbini-

2096 2029 2190 2082 bus
2219 2030 2533 2095 exagitatae,
2561 2029 2755 2100 quibus
2783 2029 2958 2098 caligo
3008 2028 3359 2083 tenebrarum
3400 2034 3738 2082 reservatur.

2092 2117 2341 2187 Superba
2406 2117 2517 2188 (Al.
2581 2117 2858 2188 superbia)
2939 2119 3088 2172 enim
3155 2117 3420 2171 vanitatis
3471 2116 3744 2188 loquentes

2090 2206 2379 2277 pelliciunt
2420 2205 2528 2277 (Al.
2577 2206 2806 2277 pellicit(
2840 2207 2896 2259 in
2928 2205 3211 2261 desideriis
3258 2206 3446 2260 carnis
3470 2203 3739 2271 luxuriat,

2094 2310 2182 2349 eos
2220 2296 2318 2366 qui
2341 2295 2627 2365 paululum
2664 2295 2984 2365 c/fugerant,
3044 2297 3095 2347 et
3144 2292 3217 2348 ad
3252 2308 3493 2349 errorem
3541 2292 3749 2348 reversi

2093 2391 2220 2437 sunt
2243 2382 2403 2451 (Ibid.
2455 2384 2542 2451 17,
2602 2382 2711 2453 l8).
2761 2381 2962 2437 Nonne
3022 2382 3135 2436 tibi
3194 2381 3426 2437 videtur
3481 2381 3746 2453 pinxisse

2097 2487 2287 2526 sermo
2339 2470 2709 2543 Apostolicus
2755 2487 2964 2526 novam
3032 2470 3321 2542 inperitia:
3372 2470 3685 2527 factionem
3717 2470 3747 2525 τ

2099 2559 2382 2630 Aperiunt
2405 2559 2558 2615 enim
2593 2558 2762 2630 quasi
2820 2559 3009 2614 fontes
3038 2558 3292 2614 scientiis
3324 2559 3364 2614 ⁷.
3400 2558 3538 2631 quia
3568 2574 3747 2631 quem

2097 2664 2212 2703 non
2246 2647 2484 2713 habent,
2517 2647 2917 2703 doctrinarum
2947 2647 3293 2719 promittum
3315 2646 3749 2715 imbrem,velut

2097 2736 2283 2791 nubes
2316 2736 2685 2807 propheticis,
2720 2737 2791 2791 ad
2822 2752 2970 2807 quas
3019 2735 3316 2807 perveniat
3355 2735 3568 2791 veritas
3618 2721 3743 2801 Dei,

2097 2831 2153 2880 et
2183 2825 2520 2880 turbinibus
2554 2825 2925 2897 exagitantur
2968 2824 3301 2880 daemonum
3353 2829 3531 2897 atque
3576 2823 3745 2880 vitio-

2098 2928 2250 2966 rum.
2297 2911 2644 2984 Loquuntur
2691 2912 2956 2985 grandia,
3007 2917 3065 2967 et
3108 2916 3266 2967 totus
3313 2928 3515 2968 eorum
3547 2928 3741 2969 sermo

2098 2999 2374 3071 superbia
2428 3006 2517 3056 est
2576 3016 2589 3055 :
2651 3001 2963 3056 Immundas
3019 3009 3097 3056 est
3146 3003 3329 3056 autem
3385 3000 3534 3072 apud
3574 3001 3746 3057 Deum

2096 3089 2274 3144 omnis
2306 3090 2403 3159 qui
2456 3089 2664 3144 exultat
2716 3104 2809 3144 cor
2862 3105 3025 3144 suum
3081 3088 3361 3161 (Proverb,
3411 3105 3525 3157 1m,
3576 3090 3747 3162 juxta

345 3187 469 3236 tum
493 3183 694 3244 autem,
726 3195 849 3232 cum
871 3185 1306 3233 consummatum
1340 3178 1495 3233 826
1523 3180 1712 3246 fuerit,
1764 3185 1988 3246 generat
2019 3161 2061 3227 C
2104 3176 2287 3245 LXX).
2322 3177 2393 3232 Ut
2421 3178 2518 3248 qui
2552 3177 2855 3250 paululum
2890 3177 3227 3250 refugerant
3268 3194 3302 3232 a
3343 3161 3616 3249 peccatis,
3671 3178 3745 3235 ad

350 3272 581 3324 mortem
601 3266 805 3339 (Jacob.
842 3283 880 3334 1,
926 3266 993 3320 13
1036 3274 1089 3322 et
1129 3266 1319 3337 seqq.).
1373 3265 1560 3322 Liberi
1612 3267 1837 3322 arbitrii
1886 3283 1992 3323 nos

352 3356 613 3413 condidit
648 3357 819 3419 Deus,
854 3370 959 3409 nec
988 3354 1061 3409 ad
1086 3354 1350 3421 virtutes,
1386 3371 1490 3409 nec
1530 3355 1601 3409 ad
1623 3354 1761 3410 vitia
1794 3373 1990 3411 ncces-

350 3444 523 3501 sitate
571 3444 880 3500 trahimur.
927 3442 1205 3515 Alioquin
1264 3443 1286 3475 ³
1349 3443 1449 3497 ubi
1495 3444 1836 3510 necessitas,
1884 3461 1989 3500 nec

350 3550 565 3590 corona
605 3536 712 3589 est.
751 3532 913 3588 Sicut
944 3532 1003 3586 in
1034 3531 1203 3587 bonis
1253 3530 1528 3602 operibus
1577 3532 1860 3603 perfector
1901 3540 1990 3588 est

350 3624 521 3690 Deus,
554 3638 670 3677 non
701 3625 791 3676 est
818 3620 974 3676 enim
1005 3619 1271 3676 volentis.
1326 3634 1515 3691 neque
1567 3620 1853 3676 currentis
1886 3623 1987 3677 sed

346 3710 681 3767 miserentis
732 3713 789 3766 et
820 3709 1205 3779 ‘adjuvantis
1263 3708 1385 3775 Dei,
1447 3712 1511 3762 ut
1562 3710 1859 3780 pervenire
1888 3728 1982 3765 va-

345 3798 571 3855 leamus
618 3799 690 3853 ad
730 3797 945 3852 calcem
981 3814 992 3852 :
1028 3796 1111 3852 sic
1159 3799 1218 3851 in
1271 3796 1440 3852 malis
1486 3801 1660 3868 atque
1710 3799 1980 3869 peccatis,

339 3886 568 3943 semina
598 3889 799 3941 nostra
829 3891 967 3940 sunt
998 3885 1313 3955 incentiva,
1338 3889 1394 3941 et
1436 3885 1712 3957 perfectio
1744 3886 1980 3943 diaboli.

342 3975 488 4030 Cum
516 3974 725 4030 viderit
756 3990 861 4029 nos
893 3989 1069 4046 super
1100 3973 1547 4029 fundamentum
1579 3975 1795 4031 Christi
1843 3977 1981 4031 aedi-

342 4063 513 4119 ficare
560 4064 666 4136 (At.
726 4062 1061 4133 aedificasse)
1139 4062 1359 4130 fenum,
1421 4062 1598 4136 ligna,
1677 4064 1977 4136 stipulam,

337 4158 478 4211 tunc
508 4151 788 4226 supponit
814 4150 1548 4208 incendium./Ediﬁcemus
1580 4169 1716 4223 ergo
1746 4170 1977 4218 aurum,

335 4242 905 4316 argentum,1apides
936 4240 1241 4314 pretiosos,
1275 4244 1331 4295 et
1362 4244 1584 4295 tentare
1636 4258 1749 4295 non
1801 4241 1978 4295 audc-

335 4332 421 4402 bit
453 4348 465 4386 :
500 4347 836 4404 quanquam
868 4334 924 4385 et
953 4330 1011 4384 in
1042 4329 1149 4384 hoc
1190 4345 1305 4383 non
1338 4329 1415 4383 sit
1464 4332 1622 4383 certa
1656 4333 1713 4383 et
1772 4345 1978 4384 secura

330 4420 644 4490 possessio.
676 4420 847 4474 Sedet
880 4418 1094 4490 quippe
1124 4417 1211 4473 leo
1243 4417 1301 4471 in
1332 4416 1563 4471 insidiis
1593 4422 1649 4471 et
1680 4416 1737 4470 in
1780 4416 1975 4473 occul-

2102 3282 2276 3320 suum
2326 3266 2468 3322 827
2524 3270 2885 3321 revertantur
2954 3282 3213 3321 errorem
3247 3270 3341 3333 ;et
3387 3268 3637 3323 suadent
3684 3267 3746 3323 in

2100 3354 2351 3420 luxuria,
2385 3354 2649 3410 ciborum
2698 3355 3009 3426 carnisque
3039 3355 3061 3388 ⁸
3092 3352 3350 3422 delicias,
3403 3355 3544 3420 Quis
3586 3355 3745 3412 enim

2101 3459 2216 3497 non
2248 3441 2497 3498 libenter
2522 3442 2723 3498 audiat
2753 3443 2858 3514 (Al.
2892 3441 3154 3514 audient)
3188 3459 3200 3497 :
3235 3442 3664 3500 Manducemus
3688 3447 3748 3500 et

2100 3532 2395 3598 bibamus,
2427 3536 2483 3587 et
2513 3531 2570 3586 in
2603 3535 2881 3586 aeternum
2915 3529 3339 3603 regnabimus?
3358 3531 3664 3603 Sapientes
3685 3536 3746 3589 et

2097 3621 2433 3691 prudentes,
2493 3637 2697 3692 pravos
2740 3625 2951 3676 vocant
2998 3638 3009 3675 :
3050 3636 3149 3676 eos
3200 3636 3334 3676 vero
3384 3620 3487 3692 qui
3536 3620 3738 3677 dulces

2096 3714 2235 3765 sunt
2263 3710 2320 3764 in
2353 3708 2746 3775 sermonibus,
2780 3708 2914 3781 plus
2944 3709 3476 3765 audiunt.Joannes
3510 3713 3742 3781 aposto.

2094 3796 2206 3865 lus,
2267 3798 2384 3853 imo
2440 3798 2498 3853 in
2557 3797 2780 3853 Joanne
2858 3795 3122 3852 Salvator
3198 3798 3461 3853 scribens
3531 3798 3737 3871 angelo

2093 3884 2299 3956 Ephesi
2330 3884 2631 3940 Ecclesiae:
2666 3886 2805 3954 Scio,
2856 3885 3067 3956 inquit,
3114 3901 3276 3957 opera
3326 3890 3444 3953 tua,
3487 3893 3538 3942 et
3590 3885 3739 3942 labo-

2090 3989 2205 4029 rem
2251 3979 2301 4029 et
2341 3975 2665 4045 patientiam
2710 3978 2883 4041 tuam,
2916 3982 2966 4029 et
3004 3974 3135 4046 quia
3162 3976 3477 4030 sustinuisti
3521 3979 3741 4048 prapter

2090 4079 2283 4117 nomen
2314 4079 2515 4127 meum,
2566 4066 2615 4117 et
2641 4078 2753 4117 non
2798 4063 3047 4134 defecisti
3079 4080 3090 4118 :
3125 4063 3221 4118 sed
3264 4063 3436 4120 habeo
3477 4064 3739 4120 adversus

2090 4153 2157 4214 te,
2183 4149 2323 4221 quod
2349 4152 2671 4206 charitatem
2717 4156 2871 4206 tuam
2914 4153 3153 4222 primam
3195 4153 3493 4224 reliquisti,
3540 4154 3741 4210 Memor

2086 4246 2201 4293 esto
2247 4239 2391 4295 unde
2436 4239 2717 4305 cecideris,
2753 4247 2810 4295 et
2852 4255 2953 4309 age
2998 4244 3394 4311 paenitentiam,
3444 4248 3496 4296 et
3543 4242 3736 4313 prima

2086 4343 2250 4397 opera
2275 4330 2382 4397 fac.
2418 4328 2514 4382 Sin
2564 4331 2766 4395 autem,
2816 4331 3037 4384 veniam
3085 4330 3209 4396 tibi,
3240 4334 3292 4385 et
3332 4330 3553 4387 movebo
3600 4346 3735 4386 can-

2083 4415 2370 4470 delubrum
2415 4420 2572 4471 tuum
2614 4417 2681 4471 de
2746 4418 2885 4485 loco,
2935 4420 3052 4473 nisi
3114 4419 3497 4490 paenitentiam
3555 4420 3735 4489 egeris

330 4506 429 4573 tis,
461 4511 525 4561 ut
555 4506 863 4562 interficiat
892 4507 1283 4562 innocentem.
1316 4504 1379 4559 Et
1410 4520 1553 4577 vasa,
1578 4505 1738 4576 ﬁguli
1779 4508 1977 4578 probat
2007 4525 2053 4589 Ι)
2085 4504 2265 4576 (Apoc.
2301 4522 2362 4573 11,
2392 4508 2428 4559 2
2456 4508 2505 4559 et
2546 4507 2735 4577 seqq.).
2799 4505 3083 4562 Similiter
3130 4512 3187 4562 et
3238 4511 3476 4564 caeteras
3535 4506 3733 4564 Eccle-

400 4759 417 4793 ί
449 4755 742 4831 Martian.
775 4771 882 4829 pos
909 4755 1133 4831 Erasm,
1183 4755 1408 4831 addunt
1454 4756 1549 4831 hic
1595 4757 1725 4831 boni
1772 4762 1973 4815 contra
2081 4758 2257 4831 ribus
2296 4757 2581 4829 perfector
2627 4762 2716 4815 est
2768 4758 2937 4815 Deus.
2968 4758 3234 4831 ,Videant
3273 4774 3430 4831 nunc
3469 4756 3729 4831 theologi

326 4846 471 4886 mss.
506 4829 681 4885 ﬁdem
716 4826 1021 4903 ipsamque
1049 4826 1286 4903 Yictorii
1317 4828 1806 4885 emendationem.
2081 4826 2363 4895 nostri,ne
2387 4833 2724 4903 sanctorum
2747 4830 3334 4903 verba‘detorqueant
3364 4830 3424 4886 in
3457 4826 3728 4903 proprios

394 4904 416 4935 ³
444 4898 855 4974 Casanatensis
885 4915 1017 4954 cum
1054 4898 1317 4971 Vulgata,
1350 4903 1610 4974 tentatur.
1673 4973 1677 4974 ν
1714 4973 1743 4974 η
1775 4973 1781 4974 ί
2078 4917 2287 4974 sensus
2316 4919 2345 4974 ;_
2360 4901 2463 4974 sed
2493 4917 2641 4973 pura
2670 4918 2736 4956 ac
2765 4900 3033 4974 simplice
3081 4898 3195 4957 fide
3242 4898 3727 4974 interpretentur,

393 4974 414 5006 ³
441 4973 583 5045 Uubi
608 4974 918 5038 necessitas,
947 4987 1046 5045 nec
1073 4970 1273 5045 corona
1302 4981 1398 5025 est.
1425 4972 1591 5045 lfalso
1613 4973 1969 5045 addiderunt
2077 4989 2191 5045 non
2226 4970 2586 5045 declinantes
2618 4989 2804 5044 neque
2834 4970 2907 5028 ad
2938 4973 3258 5028 dexteram.
3313 4970 3501 5045 neque
3548 4973 3622 5029 ad
3651 4973 3730 5030 si-

319 5042 452 5097 libri
484 5049 620 5097 ante
650 5060 779 5107 nos,
810 5058 908 5097 nec
935 5042 1231 5109 damnatio,
1275 5048 1383 5097 etc.
1438 5044 1494 5097 S.
1530 5044 1803 5099 Germani
1869 5060 1964 5098 eo-
2077 5044 2345 5098 nistram.
2375 5043 2660 5099 Manum.

318 5113 428 5187 de;
458 5129 567 5168 ms.
601 5113 1492 5187 legit_interrogative.__Alioquin
1526 5116 1626 5187 ubi
1650 5115 1959 5187 necessitas.
2145 5115 2187 5187 δέ
2214 5114 2566 5187 Veronensis
2606 5129 2738 5169 cum
2801 5119 2913 5187 vet.
2970 5114 3110 5170 edit.
3165 5121 3226 5170 ut
3261 5117 3320 5170 in
3366 5116 3593 5187 occultis
3632 5117 3724 5171 in-

316 5185 416 5264 ubi
444 5184 779 5264 coronaest?
809 5184 1169 5264 Μιθιιτιὶιιιέ-
1196 5184 1398 5241 Nescio
1414 5202 1487 5240 an
1512 5186 1706 5241 verius
1737 5185 1963 5241 addunt
2071 5186 2326 5264 terﬁciat.
2380 5185 2554 5241 Paulo
2599 5189 2731 5257 post
2777 5184 2875 5240 alii
2927 5203 3071 5242 mss.
3118 5187 3345 5242 tentatio
3387 5194 3439 5242 et
3480 5186 3724 5242 tribula-

313 5258 539 5325 veteres
570 5253 708 5309 editi
728 5270 828 5308 nec
856 5255 1156 5310 damnatio.
2071 5253 2265 5325 tiones,

384 5326 406 5358 ⁴
432 5324 756 5399 Adjuvantis
784 5326 920 5399 ρερη
954 5327 1358 5399 ut_pervenire.
1416 5327 1692 5399 Eamdem
1735 5330 1959 5399 scnten:
2067 5329 2087 5361 ⁶
2120 5324 2388 5399 Martian.
2424 5331 2555 5399 post
2582 5327 2808 5390 Erasm,
2844 5326 3126 5382 omittunt
3149 5326 3244 5399 hic
3274 5327 3448 5385 verbi.

312 5397 455 5452 tiam
486 5394 750 5469 legimus
792 5394 960 5469 initio
1020 5395 1245 5465 Prologi
1304 5398 1454 5452 santi
1535 5398 1720 5453 Patris
1773 5397 1957 5453 nostri
2138 5399 2157 5431 ⁷
2188 5394 2501 5463 Victorius,
2535 5400 2633 5468 qui
2657 5414 2859 5469 aquam
2910 5414 3021 5453 non
3065 5398 3265 5454 habent
3311 5400 3717 5457 doctrinarum.

309 5464 605 5541 Benedicti
664 5466 725 5521 in
770 5464 1054 5541 regulam_
1090 5464 1258 5541 suam
1294 5484 1315 5541 _:
1365 5474 1427 5522 In
1465 5470 1682 5541 primis,
1736 5469 1953 5539 inquit,
2135 5470 2154 5501 ⁸
2206 5469 2347 5523 Mss.
2406 5464 2629 5541 omnes
2668 5464 2943 5541 deliciis._
2971 5469 3102 5523 Mox
3160 5486 3265 5540 pro
3308 5486 3525 5541 pravos.
3575 5470 3719 5527 olim

306 5542 365 5625 ut
393 5538 709 5625 quidquam
735 5536 1005 5625 agendum
1030 5536 1507 5625 incboasgbo'num,‘
1551 5540 1618 5625 ab
1674 5556 1735 5621 eo
1762 5536 1957 5611 perﬁci
2058 5554 2258 5625 parvos
2288 5543 2430 5620 erat.
2463 5539 3056 5625 Qraviuslegendum
3095 5536 3429 5625 suspicatur
3462 5544 3715 5625 patruos,

294 5607 711 5699 gratantissime
739 5607 983 5667 oratione
1024 5607 1295 5683 deposcas.
1343 5609 1447 5666 Hic
1494 5609 1554 5667 in
1602 5607 1777 5669 bonis
1812 5607 1953 5687 ope-
2059 5607 2188 5669 erat
2222 5610 2383 5669 enim
2415 5614 2586 5668 antea
2608 5607 2888 5691 sapienter
2909 5607 3224 5687 prudentes:
