5364 6558
290 215 415 282 ’301

1385 214 1802 281 ADVERSUS
1844 212 2328 280 JOVINIANUM
2372 213 2521 280 LIB.
2566 217 2645 281 II.

314 351 438 416 sies,
494 351 837 425 Smyrnam,
886 353 1259 426 Pergamum,
1310 352 1675 425 Thyatiram,
1732 351 1950 419 Sardis,
1985 355 2035 418 Α
2067 357 2124 406 et
2154 350 2541 423 alienigenam
2574 353 2684 409 sibi
2716 368 2783 409 ex
2814 353 3085 425 gentibus
3114 352 3428 410 Ecclesiam
3470 354 3712 428 copula-

315 440 795 512 Philadelphiam,
832 443 1163 498 Laodiciam
1198 443 1267 497 ad
1312 441 1714 514 pmnitentiam
1749 457 1958 512 provo-

313 534 415 598 cat,
447 537 503 585 et
532 530 650 584 nisi
684 535 1054 587 revertantur
1083 533 1151 586 ad
1196 547 1373 602 opera
1411 530 1682 602 pristina,
1714 529 1957 585 commi-

318 623 505 674 natur.
559 619 627 673 Et
682 619 742 675 in
802 621 1000 676 Sardis
1056 636 1277 691 paucos
1328 619 1542 674 habere
1574 634 1634 673 se
1665 619 1823 684 dicit,
1856 618 1957 689 qui

319 723 428 763 non
458 707 991 778 coinquinaverunt
1046 707 1160 778 [AL
1222 705 1748 778 coinquinaverint)
1780 706 1960 761 vesti-

314 799 498 850 menta
526 812 655 858 sua,
689 799 748 851 et
780 795 1140 852 ambulaturi
1189 800 1330 851 sunt
1378 794 1485 868 [AL
1536 794 1677 865 sint]
1727 810 1858 849 cum
1890 809 1957 849 eo

312 883 363 938 in
417 882 586 950 albis,
649 883 788 955 quia
845 884 1008 956 digni
1068 888 1227 940 sunt.
1288 883 1392 939 Cui
1442 888 1636 939 autem
1677 883 1819 938 dicit
1848 883 1955 953 [Αἱ.

303 970 562 1044 scribit]:
611 972 877 1028 Memento
925 973 1071 1028 unde
1114 971 1390 1028 cecideris.
1441 972 1530 1040 Et,
1580 973 1717 1026 Ecce
1758 975 1956 1025 missu-

301 1076 385 1114 rus
411 1063 495 1114 est
523 1059 779 1115 diabolus
808 1077 879 1116 ea:
917 1062 1065 1117 vobis
1114 1063 1177 1116 in
1224 1076 1515 1125 carcerem,
1566 1068 1623 1114 ut
1671 1060 1960 1114 tentemini

305 1149 449 1219 (Ibid.
517 1148 630 1218 10.)
691 1149 778 1216 Et,
840 1149 964 1205 Scio
1020 1149 1118 1205 ubi
1187 1148 1425 1214 habitas,
1497 1148 1595 1203 ubi
1666 1148 1811 1204 sedes
1877 1151 1958 1202 est

311 1237 517 1292 Satanae
592 1237 757 1309 (Ibid.
818 1239 932 1309 13.)
988 1238 1078 1305 Et,
1132 1240 1193 1294 In
1269 1242 1448 1294 mente
1524 1237 1665 1292 habe
1719 1238 1958 1308 qua—liter

308 1330 592 1399 acceperis,
624 1334 678 1382 et
705 1326 974 1398 audieris,
1018 1335 1068 1383 et
1114 1343 1293 1395 serva,
1344 1331 1394 1381 et
1433 1327 1813 1398 paenitentiam
1858 1342 1957 1397 age

306 1414 450 1485 (Ibid.
492 1431 578 1479 ιιι,
611 1414 695 1486 3,)
721 1418 780 1471 et
810 1414 1038 1487 reliqua
1066 1416 1272 1486 utique
1300 1414 1351 1470 ei
1383 1414 1526 1470 dicit
1556 1413 1655 1486 qui
1687 1414 1955 1482 credidit,

298 1508 349 1559 et
389 1503 731 1576 baptizatus
778 1509 889 1570 est,
931 1508 987 1558 et
1038 1508 1197 1560 stant
1244 1503 1566 1574 quondam,
1600 1502 1822 1557 corruit
1853 1519 1955 1574 per

270 1620 277 1628 ·
295 1591 573 1648 delictum
584 1633 597 1646 .

2066 441 2166 507 vit,
2223 445 2416 496 tamen
2467 442 2792 497 secundum
2840 441 3093 496 litteram
3138 447 3271 513 post
3300 443 3710 501 sacerdotium

2067 528 2401 585 sordidatus
2457 530 2774 596 inducitur,
2834 536 2889 585 et
2940 534 3058 585 stat
3111 529 3379 587 diabolus
3419 549 3451 587 a
3492 533 3710 592 dextris

2066 619 2229 687 ejus;
2264 624 2319 673 et
2353 619 2599 673 candida
2632 620 2712 673 illi
2764 620 3111 674 vestimenta
3156 620 3427 692 deinceps
3456 622 3710 679 reddun-

2064 711 2181 763 tur.
2216 708 2589 779 Superﬂuum
2623 712 2712 764 est
2758 709 2829 763 de
2876 708 3072 780 Moyse
3113 712 3171 763 et
3216 713 3408 764 Aaron
3439 710 3709 779 scribere,

2066 796 2221 867 quod
2255 796 2326 849 ad
2359 812 2574 867 aquam
2607 795 3088 851 contradictionis
3128 796 3475 852 offenderint
3502 797 3709 866 Deum,

2066 887 2125 938 et
2179 887 2393 938 terram
2454 884 2929 955 repromissionis
2990 901 3103 940 non
3156 884 3533 942 intraverint:
3575 903 3710 943 cum

2067 971 2272 1027 beatus
2301 972 2412 1027 Job
2444 972 2680 1044 angelos
2712 989 2944 1044 qucque
2994 978 3053 1029 et
3104 989 3337 1029 omnem
3382 979 3710 1032 creaturam

2064 1076 2300 1132 peccare
2358 1077 2528 1132 posse
2583 1066 3021 1127 commemoret,
3082 1062 3315 1118 dicens:
3351 1064 3493 1132 Quid
3537 1067 3712 1134 enim,

2061 1148 2312 1220 nunquid
2368 1148 2779 1206 homo’corum
2834 1151 2937 1205 Deo
2994 1151 3231 1205 mundus
3290 1151 3424 1207 est?
3487 1154 3594 1208 Aut
3648 1155 3708 1210 in

2062 1238 2319 1307 operibus
2345 1239 2459 1292 suis
2485 1238 2605 1292 sine
2630 1239 2849 1293 macula
2880 1239 2964 1293 vir
2981 1242 3006 1291 .9
3033 1236 3093 1292 Si
3127 1246 3315 1295 contra
3351 1255 3532 1296 servos
3581 1257 3710 1297 suos

2061 1341 2169 1380 non
2222 1325 2413 1391 credit,
2454 1328 2503 1381 et
2541 1325 2831 1381 adversum
2873 1312 3094 1397 angelos
3137 1342 3260 1383 suos
3299 1344 3535 1399 pravum
3576 1329 3710 1401 quid

2062 1416 2303 1484 reperit;
2336 1421 2537 1487 quanto
2567 1417 2748 1483 magis
2789 1415 3098 1471 habitantes
3143 1418 3205 1470 in
3245 1415 3496 1473 domibus
3544 1418 3709 1474 luteis

2064 1504 2200 1573 (Job.
2233 1521 2310 1570 v1,
2348 1504 2409 1557 17
2441 1507 2491 1557 et
2519 1503 2727 1575 seqq.)l
2762 1504 2832 1559 de
2868 1504 3084 1575 quibus
3134 1508 3193 1559 et
3232 1521 3338 1560 nos
3386 1522 3455 1562 ex
3500 1506 3709 1563 eodem

2068 1591 2190 1647 luto
2226 1594 2467 1647 sumus!
2506 1594 2733 1648 tentatio
2761 1600 2837 1648 est
2876 1594 2993 1648 vita
3016 1591 3258 1649 hominis
3301 1610 3466 1666 super
3503 1598 3711 1651 terram

351 1682 402 1736 At.
470 1682 673 1737 Omnes
748 1688 890 1737 retro
957 1682 1138 1736 sancti
1210 1680 1475 1763 ejusdem,
1521 1681 1730 1747 meriti,
1798 1680 1952 1749 cujus
1983 1718 2028 1783 Β
2061 1681 2198 1752 (Job.
2229 1698 2329 1746 vn,
2393 1681 2463 1751 1).
2518 1681 2588 1779 Εἰ
2629 1680 3143 1783 ceciditml.ucifer,
3166 1683 3266 1754 qui
3325 1681 3593 1739 mittebat
3633 1684 3707 1740 ad

290 1787 429 1826 nunc
483 1770 815 1825 Christiani.
871 1770 1130 1826 Salomon
1180 1786 1370 1825 amore
1414 1762 1713 1825 mulierum
1759 1785 1793 1824 a
1841 1770 1948 1823 Deo

295 1859 562 1915 discessit.
617 1860 770 1914 Iesus
826 1857 1078 1913 Iosedech
1129 1863 1291 1929 typus
1369 1857 1689 1913 Saluatoris.
1754 1857 1951 1925 Angeli

300 1950 525 2019 possunt
552 1950 795 2019 recipere
819 1950 1124 2018 peccatum.
1175 1979 1245 1987 —-
1291 1945 1594 2018 Paulisper
1639 1946 1709 2001 de
1758 1945 1948 2001 Veteri

307 2035 671 2091 Testamento
701 2035 971 2106 exempla
1002 2034 1383 2103 distuleram;
1418 2035 1558 2106 quia
1598 2033 1786 2090 solent
1815 2034 1949 2089 ubi-

308 2141 556 2197 cumque
585 2129 787 2179 contra
817 2140 917 2180 eos
949 2124 1104 2189 facit,
1137 2124 1367 2179 dicere:
1414 2125 1527 2179 Lex
1570 2126 1620 2178 et
1670 2125 1949 2195 Prophetas

300 2230 461 2286 usque
513 2213 588 2267 ad
643 2215 913 2269 Joannem
969 2213 1183 2284 (Matth.
1216 2229 1295 2280 x1,
1342 2213 1455 2281 13.)
1498 2211 1781 2267 Caeterum
1812 2211 1946 2282 quis

289 2304 523 2376 ignorat
579 2303 695 2357 sub
748 2301 931 2357 altera
984 2301 1094 2374 (At.
1155 2301 1292 2371 alta]
1351 2300 1785 2372 dispensatione
1823 2300 1946 2367 Dei,

292 2407 496 2448 omnes
532 2396 697 2446 retm
726 2395 960 2446 sanctos
991 2389 1257 2460 ejusdem
1292 2389 1474 2444 fuisse
1520 2388 1735 2453 meriti,
1780 2388 1951 2457 cujus

289 2497 437 2536 nunc
503 2478 828 2535 Christiani
886 2478 1073 2535 sunt?
1131 2478 1432 2544 Quomodo
1481 2482 1614 2532 ante
1656 2476 1946 2532 Abraham

287 2569 511 2641 placuit
540 2568 608 2623 in
640 2566 957 2639 conjugio;
992 2567 1074 2623 sic
1124 2582 1281 2622 nunc
1328 2566 1582 2637 virgines
1632 2565 1863 2637 placent
1891 2565 1949 2619 in

287 2662 582 2731 perpetua
642 2656 929 2711 castitate.
988 2655 1232 2711 Servivit
1285 2654 1384 2710 ille
1438 2653 1552 2727 legi
1608 2658 1666 2710 et
1700 2653 1950 2725 tempori

286 2763 390 2803 suo
418 2765 436 2815 ;
473 2744 819 2801 serviamus
850 2746 863 2779 ¹
892 2748 948 2800 et
978 2761 1084 2800 nos
1112 2743 1424 2816 Evangelio
1472 2748 1529 2798 et
1576 2742 1822 2814 tempori
1854 2758 1951 2798 no-

285 2838 424 2903 stro,
459 2835 528 2890 in
563 2849 723 2905 quos
754 2833 900 2888 fines
941 2831 1289 2888 saeculorum
1340 2832 1724 2887 decurrerunt
1752 2832 1797 2901 (I
1826 2829 1946 2885 Cor.

285 2940 342 2989 ι,
370 2923 491 2994 11.)
525 2921 719 2978 David
760 2920 978 2977 electus
1007 2921 1333 2977 secundum
1363 2936 1462 2975 cor
1490 2918 1721 2975 Domini
1755 2921 1803 2990 (Ι
1821 2920 1947 2988 Reg.

2059 1769 2362 1824 universas
2417 1768 2702 1824 nationes.
2736 1770 2805 1824 Et
2851 1768 2948 1824 ille
3000 1769 3099 1842 qui
3150 1770 3210 1823 in
3260 1771 3530 1842 paradiso
3562 1770 3708 1827 deli-

2058 1858 2277 1912 ciarum
2315 1858 2464 1912 inter
2494 1857 2798 1913 duodecim
2832 1856 3090 1913 nutritus
3121 1864 3209 1913 est
3237 1857 3483 1931 lapides,
3505 1859 3709 1917 vulne-

2057 1950 2221 2000 ratus
2253 1963 2286 2000 a
2319 1949 2516 2001 monte
2546 1945 2801 2011 Domini,
2834 1946 2906 2000 ad
2940 1946 3164 2002 inferna
3193 1947 3510 2003 descendit.
3546 1948 3708 2005 Unde

2057 2040 2116 2090 et
2143 2035 2406 2090 Salvator
2435 2034 2494 2088 in
2550 2033 2895 2106 Evangelia:
2962 2035 3236 2101 Videbam,
3297 2035 3511 2108 inquit,
3546 2038 3708 2095 Sata-

2055 2140 2196 2179 nam
2241 2124 2403 2193 quasi
2438 2124 2627 2194 fulgur
2671 2122 2735 2177 de
2794 2123 2925 2178 ctelo
2969 2122 3249 2179 cadentem
3294 2124 3443 2195 (Luc.
3491 2143 3546 2194 x,
3592 2127 3707 2199 18.)

2058 2211 2119 2266 Si
2162 2210 2451 2267 altissima
2498 2210 2599 2265 illa
2648 2209 2980 2266 sublimitas
3028 2212 3256 2276 cecidit,
3308 2212 3441 2284 quis
3498 2214 3706 2271 cadere

2058 2317 2172 2355 non
2206 2300 2430 2372 possit?
2457 2300 2514 2355 Si
2573 2299 2632 2355 in
2682 2299 2824 2355 cmlo
2878 2300 3082 2368 ruinae,
3143 2304 3362 2373 quanto
3420 2303 3610 2375 magis
3642 2303 3704 2360 in

2056 2388 2258 2444 terra?
2305 2390 2370 2443 Et
2411 2393 2599 2445 tamen
2649 2405 2772 2444 cum
2820 2388 3076 2444 ceciderit
3117 2390 3335 2461 Lucifer
3372 2390 3508 2463 (imo
3569 2396 3704 2464 post

2059 2494 2263 2534 casum
2313 2477 2551 2533 coluber
2609 2477 2936 2551 antiquus,)
2980 2480 3156 2534 virtus
3194 2479 3352 2550 ejus8
3394 2480 3457 2534 in
3505 2479 3708 2536 lumbis

2057 2567 2193 2637 ejus,
2235 2574 2286 2621 et
2325 2570 2557 2638 potestas
2599 2568 2715 2638 ejus
2755 2582 2918 2638 super
2961 2566 3290 2622 umbilicum
3325 2568 3547 2623 ventris.
3601 2567 3708 2624 0b-

2058 2656 2388 2711 umbrantur
2424 2658 2480 2711 in
2542 2672 2602 2712 eo
2648 2656 2865 2712 arbores
2913 2672 3149 2725 magum,
3195 2660 3247 2711 et
3296 2656 3497 2712 dormit
3535 2658 3708 2728 juxta

2049 2747 2281 2817 juncum
2318 2748 2369 2799 et
2417 2745 2690 2799 calamum
2739 2752 2791 2800 et
2827 2747 3064 2800 caricem
3111 2745 3245 2815 (Job.
3293 2762 3351 2812 x,
3405 2746 3473 2799 10
3510 2748 3702 2818 seqq.).

2055 2839 2181 2904 Ipse
2208 2837 2284 2889 est
2340 2849 2441 2888 rex
2496 2835 2741 2888 omnium
2774 2850 2892 2905 quae
2942 2836 3001 2888 in
3039 2835 3203 2905 aquis
3241 2840 3370 2889 sunt
3404 2833 3533 2905 (Job
3588 2849 3700 2891 xu.

2056 2922 2185 2993 23):
2220 2920 2319 2976 ubi
2351 2920 2573 2976 scilicet
2618 2920 2889 2993 voluptas
2922 2926 2979 2977 et
3017 2921 3267 2989 luxuria,
3310 2925 3367 2977 et
3422 2938 3702 2995 propago,

288 3014 435 3084 1111,)
464 3011 574 3084 qui
606 3025 815 3066 omnes
844 3012 972 3081 ejus
1022 3011 1234 3066 fecerat
1277 3008 1626 3077 voluntates,
1668 3012 1726 3064 et
1756 3008 1857 3080 qui
1890 3008 1947 3063 in
1995 3079 2024 3084 ᾧ
2059 3013 2116 3066 et
2141 3008 2401 3082 irrigatio
2451 3009 2808 3081 nuptiarum.
2871 3011 3000 3078 Quis
3056 3012 3207 3065 enim
3263 3009 3562 3067 denudabit
3616 3012 3706 3082 fa-

290 3079 556 3173 quoda'm
592 3098 825 3171 psalmo
854 3079 1114 3173 dixerat:
1163 3096 1356 3154 Judica
1386 3113 1493 3163 me,
1541 3079 1789 3162 Domine,
1822 3112 1952 3168 quo-
1983 3079 2026 3146 (ἶ
2058 3100 2196 3154 ciem
2223 3079 2449 3153 vestitus
2479 3079 2628 3155 εἶθ
2656 3098 2775 3169 ejus
2796 3101 2823 3152 ?
2865 3100 2929 3153 Et
2969 3107 3154 3171 portas
3202 3100 3387 3154 vultus
3426 3100 3543 3171 ejus
3579 3079 3705 3171 quis

290 3192 447 3244 niam
476 3204 576 3260 ego
633 3190 695 3243 in
729 3188 1043 3242 innocentia
1098 3201 1219 3241 mea
1271 3187 1550 3254 ingressus
1602 3201 1743 3252 sum,
1792 3188 1843 3240 et
1889 3186 1950 3239 in

293 3279 523 3333 Domino
567 3291 802 3348 sperans
847 3291 959 3331 non
1010 3274 1355 3345 inﬁrmabor.
1399 3274 1577 3330 Proba
1606 3290 1712 3340 me,
1764 3274 1948 3329 Domi-

296 3383 388 3435 ne,
446 3371 496 3421 et
555 3373 709 3421 tenta
769 3366 883 3433 ine,
950 3380 1052 3419 ure
1121 3380 1279 3419 renes
1337 3363 1491 3420 328
1553 3378 1697 3418 meos
1755 3371 1807 3418 et
1859 3378 1953 3418 cor

302 3468 489 3509 meum
518 3456 631 3525 (Ps.
662 3470 787 3522 xxv,
827 3454 876 3522 1,
909 3452 989 3523 2,)
1049 3457 1248 3525 postea
1306 3456 1563 3507 tentatur
1615 3468 1650 3506 a
1697 3450 1949 3517 diabolo,

310 3547 371 3596 et
401 3546 533 3612 post
561 3548 856 3614 peccatum
898 3541 1189 3613 paenitens
1220 3540 1516 3613 loquitur:
1549 3541 1799 3595 Miserere
1820 3540 1950 3607 mei,

304 3631 468 3698 Deus,
569 3632 867 3686 secundum
944 3646 1203 3701 magnam
1281 3628 1719 3684 misericordiam
1802 3636 1955 3683 tuam

301 3719 474 3791 (Psal.
509 3738 560 3787 L,
598 3722 675 3786 1.)
713 3723 986 3792 Magnum
1019 3722 1323 3791 peccatum
1374 3733 1588 3790 magna
1625 3716 1801 3773 deleri
1833 3715 1957 3771 vult

296 3808 728 3865 misericordia.
783 3807 1077 3874 Salomon,
1127 3804 1396 3862 amabilis
1453 3804 1708 3873 Domini,
1758 3811 1815 3860 et
1862 3804 1957 3859 cui

294 3898 391 3954 bis
420 3897 582 3954 Deus
613 3897 810 3953 fuerat
840 3895 1129 3952 revelatus
1155 3912 1167 3962 ;
1201 3893 1340 3966 quia
1388 3898 1613 3949 amator
1642 3894 1956 3950 mulierum

292 3986 430 4053 fuit,
461 4003 497 4042 a
527 3984 637 4042 Dei
671 4001 871 4039 amore
892 3983 1183 4040 discessit.
1203 3986 1509 4039 Manassen
1534 3981 1956 4054 impiissimum

291 4092 491 4149 regem
517 4072 1083 4147 postcaptivitatem
1108 4071 1540 4145 Babylonicam,
1565 4071 1622 4126 in
1648 4071 1958 4143 pristinam

295 4164 653 4235 dignitatem
682 4162 853 4217 Liber
873 4161 1106 4217 Dierum
1130 4160 1596 4232 (Paralipomena)
1620 4159 1959 4215 restitutum

301 4252 496 4307 refert.
528 4252 603 4307 Et
630 4251 830 4306 Josias
855 4251 945 4305 vir
972 4254 1234 4316 sanctus,
1280 4249 1339 4303 in
1385 4264 1588 4320 campo
1620 4248 1859 4320 Magedo
1889 4247 1961 4303 ab

296 4340 575 4412 sigyptio
609 4355 749 4412 rege
781 4339 1131 4395 confoditur.
1177 4337 1352 4393 Jesus
1400 4353 1634 4408 quoque
1677 4337 1834 4392 filius
1863 4337 1963 4393 Jo-

2056 3189 2307 3259 aperiet?
2333 3186 2672 3258 Saginantur
2729 3188 2789 3242 in
2838 3203 2899 3243 eo
2955 3190 3260 3254 nationes‘,
3294 3192 3347 3244 et
3382 3189 3707 3260 partiuntur

2056 3291 2181 3331 eum
2238 3274 2555 3330 Phwnicum
2608 3278 2790 3344 gentes
2857 3276 3012 3347 (Ibid.
3069 3278 3181 3331 2et
3233 3278 3422 3348 seqq.).
3483 3278 3563 3331 Ac
3629 3293 3704 3333 ne

2060 3364 2301 3420 forsitan
2332 3362 2504 3419 tacite
2544 3362 2788 3436 legentis
2835 3363 3110 3437 cogitatio
3160 3368 3413 3437 putaret,
3445 3381 3544 3420 eas
3574 3370 3710 3421 tan-

2058 3457 2184 3509 tum
2219 3453 2555 3509 Pbmnicum
2588 3458 2790 3525 gentes
2846 3459 2903 3508 et
2963 3451 3210 3525 populos
3254 3453 3590 3526 [EthiOpum
3620 3454 3708 3510 si-

2059 3540 2345 3613 gnificari,
2379 3540 2593 3613 quibus
2623 3542 2798 3596 draco
2830 3541 2887 3595 in
2920 3555 3115 3596 escam
3163 3541 3336 3595 datus
3376 3541 3475 3608 sit,
3507 3541 3707 3597 statim

2061 3629 2132 3684 de
2162 3628 2255 3684 his
2285 3629 2382 3700 qui
2418 3645 2518 3700 per
2572 3645 2733 3683 mare
2783 3628 2965 3699 hujus
3013 3627 3209 3683 szeculi
3258 3632 3568 3684 transeunt
3597 3628 3708 3700 [Αι.

2061 3717 2464 3784 transierunt],
2494 3721 2552 3772 et
2580 3717 2653 3773 ad
2687 3724 2919 3788 portum
2965 3715 3171 3772 salutis
3213 3717 3514 3789 pervenire
3548 3717 3712 3774 festi-

2066 3808 2225 3870 nant,
2262 3803 2514 3859 dicitur:
2558 3805 2579 3838 ⁵
2634 3807 2700 3859 Et
2756 3807 2813 3859 in
2870 3806 3104 3861 navibus
3150 3808 3487 3878 piscatorum
3546 3810 3713 3879 caput

2063 3895 2179 3965 ejus
2235 3894 2341 3947 stat
2386 3894 2543 3947 incus
2593 3893 2694 3958 (Al.
2754 3893 2972 3963 incudo]
3032 3894 3455 3963 infatigabilis:
3498 3896 3715 3967 reputat

2063 3984 2274 4054 ferrum
2313 3985 2374 4036 ut
2400 3981 2612 4052 paleas,
2664 3986 2718 4036 et
2765 3983 2906 4037 sicut
2936 3982 3154 4052 lignum
3197 3985 3359 4054 putre
3388 3982 3496 4054 (At.
3532 3984 3715 4054 putri-

2065 4071 2218 4142 dum)
2261 4086 2354 4125 aes.
2399 4070 2462 4124 Et
2503 4085 2660 4125 omne
2703 4086 2900 4124 aurum
2944 4072 3117 4125 maris
3157 4070 3256 4125 sub
3288 4086 3367 4137 eo,
3426 4072 3571 4125 sicut
3626 4071 3717 4127 lu-

2069 4164 2206 4215 tum.
2260 4162 2575 4215 Fervescere
2612 4159 2756 4229 facit
2811 4159 3088 4230 abyssum,
3136 4159 3276 4213 sicut
3324 4174 3418 4213 vas
3458 4173 3713 4214 aeneum:

2067 4250 2312 4305 acstimat
2341 4262 2495 4302 mare
2525 4246 2699 4302 sicut“
2736 4244 3001 4312 deletum,
3032 4251 3086 4301 et
3117 4250 3391 4302 tartarum
3438 4246 3622 4317 abyssi
3657 4248 3719 4302 ut

2068 4338 2365 4408 captivum.
2418 4338 2590 4391 Umne
2634 4335 2812 4389 altum
2881 4335 3027 4389 videt
3078 4334 3237 4406 (Ibid.
3304 4335 3369 4389 48
3421 4334 3613 4407 seqq.).
3654 4335 3720 4390 Et

291 4428 537 4497 sodech,
585 4427 867 4483 sacerdos
941 4442 1213 4499 magnus,
1292 4441 1630 4497 quanquam
1692 4427 1752 4480 in
1826 4430 1963 4498 typo
1992 4444 2040 4511 Ι)
2075 4425 2392 4479 arbitratur
2419 4422 2763 4511 Jovinianus
2794 4439 2961 4479 meus
3013 4423 3180 4479 facile
3223 4423 3332 4480 sibi
3381 4439 3721 4511 eum_posse

290 4516 605 4589 praecessit
634 4514 979 4584 Salvatoris,
1013 4515 1111 4587 qui
1164 4519 1366 4570 nostra
1414 4518 1648 4586 peccata
1685 4513 1955 4586 portavit,

373 4676 393 4710 ³
425 4674 845 4731 Casanatensis
872 4690 1010 4731 cum
1060 4672 1402 4735 Veronensi,
1448 4673 1748 4728 serviamus
1788 4677 1838 4728 et
1868 4688 1964 4729 nos

302 4748 423 4821 legi
436 4750 498 4821 et
521 4748 761 4821 tempori
788 4750 991 4802 nostra.
1210 4817 1220 4821 Α
1462 4814 1469 4821 ί

380 4820 405 4851 ²
431 4814 785 4944 anensis
815 4834 999 4874 coram
1056 4817 1291 4873 Domino
1338 4814 1581 4871 mundus
1610 4818 1709 4882 est,
1760 4823 1856 4870 aut
1896 4814 1964 4869 ab

380 4891 470 4944 eri
575 4934 589 4944 .
620 4894 732 4944 etc.

298 4891 589 4944 oneribus.
620 4894 732 4944 etc.

329 4905 589 4962 rpmous,
620 4905 732 4945 etc.

372 4962 397 5037 ξ’
422 4960 567 5037 ἕδη
600 4962 658 5015 in
694 4960 899 5037 lumbis
927 4967 1006 5016 est
1036 4960 1304 5037 pro_ejus.

372 5035 396 5066 ‘
422 5031 713 5104 Expungo
734 5031 848 5104 hic
873 5026 1076 5104 vocem
1109 5026 1674 5104 zEt'hiopum,__quam
1707 5026 1969 5104 subdunt

296 5097 621 5175 hucusque
641 5097 835 5175 Editi;
870 5103 927 5156 in
960 5119 1104 5157 mss.
1155 5097 1302 5156 vero'
1338 5097 1536 5175 nullis,
1579 5112 1768 5175 neque
1792 5099 1966 5175 veteri

292 5170 570 5232 editione
600 5173 922 5244 invenitur,
954 5189 1202 5244 eamque
1260 5188 1363 5227 nec
1391 5170 1697 5244 “Hebraeus
1753 5173 1965 5244 textus,

296 5264 415 5303 nec
452 5244 640 5300 versio
676 5243 798 5299 ulla
837 5240 1076 5316 recipit;
1107 5240 1241 5298 'imo
1280 5260 1353 5297 ne
1389 5240 1494 5316 illa
1541 5240 1778 5316 quidem
1818 5240 1970 5295 anti-

290 5332 668 5391 qua‘,_quam
715 5332 852 5371 cum
902 5311 1087 5371 obelis
1130 5320 1191 5369 et
1218 5312 1531 5391 asteriscis
1583 5311 1970 5391 Hieronymus

292 5383 524 5453 édidit',
554 5392 613 5443 et
644 5403 824 5458 quam
867 5402 1051 5459 operae
1087 5386 1336 5459 pretium
1386 5383 1496 5459 erit
1546 5384 1805 5459 conferre
1836 5399 1969 5459 cum

294 5461 481 5529 hisee
508 5452 577 5515 ex
604 5452 805 5513 Graeco
832 5452 1203 5515 testimoniis.
1238 5456 1367 5512 Mox
1398 5452 1661 5522 Gravius,
1691 5470 1794 5529 pro
1813 5455 1972 5512 datus

284 5534 411 5605 sit,
449 5528 594 5611 legit
621 5528 840 5590 dandus
863 5539 960 5589 est.

2072 4512 2471 4568 succumbere.
2530 4510 2677 4576 Quid
2734 4510 2942 4583 loquar
2988 4512 3059 4567 de
3115 4512 3334 4569 sanctis
3371 4506 3622 4568 viris‘et
3648 4512 3721 4568 de

2143 4671 2262 4742 δίει
2291 4675 2353 4725 in
2381 4672 2610 4727 navibus
2642 4672 3000 4742 piscatorum.
3062 4674 3142 4729 Ex
3199 4673 3308 4728 hoc
3362 4670 3509 4737 loco,
3545 4685 3721 4742 quem

2073 4741 2313 4814 replicat
2335 4741 2760 4815 consequenter
2786 4744 3196 4815 Hieronymus,
3228 4742 3377 4815 scire
3401 4741 3723 4815 possumus

2075 4812 2295 4886 quanta
2328 4812 2546 4886 fuerint
2572 4814 2963 4886 praetermissa
2990 4812 3051 4867 in
3093 4813 3249 4886 libro
3287 4812 3595 4886 Job‘juxta
3619 4816 3721 4886 8e-

2074 4884 2404 4958 ptuaginta,
2438 4884 2485 4939 si
2517 4884 3140 4958 consulamustomum
3166 4884 3426 4958 primum
3445 4884 3724 4958 editionis

2076 4953 2308 5039 hpstr'az,
2341 4956 2396 5039 i‘d
2432 4959 2521 5010 est
2552 4954 2807 5039 divinam
2833 4953 3250 5039 bibliothecam
3273 4953 3333 5009 S.
3363 4954 3726 5039 Hierpnymi,

2077 5028 2177 5083 ubi
2209 5045 2316 5082 suo
2350 5026 2474 5082 loco
2505 5025 2698 5081 editus
2728 5033 2816 5080 est
2846 5025 2989 5080 liber
3017 5023 3127 5080 Job
3175 5042 3307 5081 cum
3341 5023 3640 5084 asteriscis
3667 5023 3730 5086 et

2077 5098 2282 5156 obelis.
3263 5101 3544 5154 ΜΑιιτιΑΝ.

2147 5173 2169 5204 ⁸
2198 5174 2392 5242 Grmce
2421 5173 2511 5222 est
2536 5160 2907 5242 sinitaut-.9011,
2939 5167 3091 5242 quod
3128 5172 3219 5223 est
3263 5169 3731 5242 unguentariam

2147 5184 2169 5204 ο
2198 5184 2390 5224 urmce
2421 5184 2511 5222 esu
2540 5184 2907 5239 εξαικειπτρον,
2939 5184 3091 5294 quon
3128 5184 3219 5223 est
3263 5184 3731 5242 unguentariam

2077 5239 2493 5319 vas,__testibus
2543 5236 2775 5319 Polluce
2832 5242 2890 5319 et
2990 5239 3126 5319 uidu
3158 5241 3735 5319 :_qu_emadmodu1n

2080 5318 2137 5368 et
2166 5312 2263 5385 alii
2298 5311 2642 5385 interpretes
2667 5310 2997 5385 atquejpse
3022 5310 3635 5385 innuitiliieronymus
3664 5310 3735 5368 in

2081 5384 2344 5438 versione
2392 5380 2467 5435 ex’
2515 5380 2771 5435 Hebraeo.
2832 5380 2944 5436 Sed
3002 5387 3166 5437 vetus
3228 5380 3486 5438 Latinus'
3547 5381 3736 5435 inter~

2125 5471 2215 5510 res
2266 5450 2772 5528 faciliuopulorum
2818 5448 2987 5526 lapsu
3044 5452 3204 5528 legit,
3256 5450 3586 5523 ἐξάλειπτον,
3632 5447 3742 5506 ἀο-

2075 5517 2271 5601 Ιθιιιηι,
2304 5524 2378 5583 ab
2409 5517 2696 5619 ἐξαλείςρω.

3593 195 3831 287 362'
