4100 6156
344 282 469 348 3G3

1594 285 1661 347 S.
1703 282 2018 349 EUSEBII
2058 281 2511 348 'HIEHONYMI

3624 266 3746 345 eos

340 414 570 488 angelis
615 412 716 487 qui
765 430 900 471 cum
943 420 1218 472 creaturae
1265 415 1367 473 Dei
1420 412 1559 486 sint,
1598 423 1847 490 possunt
1876 419 1990 474 uti-
2020 421 2075 486 Α
2105 417 2319 473 cervuli
2350 419 2470 489 [Αι.
2502 416 2696 499 cervi],
2733 415 3002 483 damula,
3043 412 3190 488 apri,
3239 413 3484 487 lepores,
3530 418 3589 470 et
3632 413 3748 471 hu-

347 520 462 576 que
487 502 743 576 recipere
770 509 1071 576 peccatum
1092 506 1120 559 ‘?
1150 505 1359 561 Filium
1411 506 1509 562 Dei
1551 510 1774 563 tentare
1813 525 1994 565 ausus

345 596 457 661 est,
488 595 545 648 et
574 592 765 665 prima
792 594 921 665 ejus
951 598 1009 649 et
1048 596 1306 650 secunda
1353 595 1644 651 sententia
1692 613 1991 667 repercus-

340 698 468 750 sus,
497 680 882 739 nihilominus
912 688 1091 755 caput
1117 683 1288 749 levat,
1321 689 1376 739 et
1418 684 1588 741 tertio
1629 684 1991 753 vulneratus,

339 787 529 844 usque
576 772 648 827 ad
695 777 931 844 tempus
979 773 1219 842 recedit,
1260 774 1535 829 ditl‘erens
1593 774 1781 846 magis
1805 778 1991 831 tenta-

335 860 580 930 tionem,
632 876 810 934 quam
865 861 1181 917 auferens:
1246 866 1302 917 et
1368 879 1475 917 nos
1543 862 1712 918 nobis
1760 862 1989 918 blandi-

341 964 475 1004 mur
530 949 601 1003 de
677 949 1075 1021 baptismate:
1150 952 1305 1022 quod
1386 952 1536 1007 sicut
1594 952 1788 1023 priora
1861 968 1988 1022 pec-

340 1039 471 1092 cata
500 1036 762 1105 dimittit,
797 1036 881 1093 sic
922 1038 981 1091 in
1032 1039 1296 1093 futurum
1351 1054 1579 1094 servare
1630 1054 1744 1093 non
1777 1042 1987 1110 potest,

341 1124 457 1180 nisi
529 1124 809 1196 baptizati
868 1126 1027 1181 omni
1108 1126 1375 1183 custodia
1450 1127 1809 1183 servaverint
1889 1144 1988 1182 cor

342 1228 541 1268 suum.

408 1303 464 1356 5.
516 1302 694 1357 Tertia
747 1305 997 1373 quaestio.
1058 1336 1126 1345 ——
1176 1305 1438 1360 Tandem
1489 1306 1863 1377 pervenimus
1915 1305 1987 1360 ad

338 1388 523 1456 cibos,
555 1393 613 1445 et
641 1390 824 1445 tertias.
873 1392 1213 1463 qumstionis
1264 1392 1432 1448 nobis
1480 1393 1794 1466 opponitur
1828 1393 1986 1448 diffi-

337 1474 528 1534 cultas
555 1496 568 1534 :
600 1500 629 1529 «
670 1479 758 1533 Ad
795 1478 903 1534 hoc
933 1486 1127 1536 creata
1164 1497 1293 1537 esse
1325 1482 1542 1550 omnia,
1576 1488 1642 1537 ut
1672 1482 1805 1537 usui
1840 1498 1989 1537 mor-

339 1565 548 1623 talium
581 1566 959 1623 deservirent.
991 1570 1061 1623 Et
1108 1571 1405 1641 quomodo
1459 1570 1656 1638 homo,
1707 1570 1988 1626 rationale

338 1653 756 1726 animal,quasi
779 1658 1017 1727 quidam
1041 1656 1335 1714 habitator
1354 1662 1409 1714 et
1432 1676 1738 1731 possessor
1759 1659 1986 1729 mundi,

338 1741 455 1799 Deo
493 1743 778 1813 subjacet,
836 1749 895 1800 et
952 1762 1127 1801 suum
1180 1752 1491 1803 veneratur
1544 1749 1875 1816 Auctorem,
1908 1747 1990 1803 ita

339 1834 553 1887 cuneta
581 1831 922 1902 animantia,
958 1838 1059 1889 aut
1090 1834 1149 1889 in
1184 1836 1346 1891 cibos
1399 1836 1728 1905 hominum,
1783 1842 1885 1892 aut
1928 1837 1987 1891 in

337 1919 636 1986 vestitum,
669 1927 771 1976 aut
799 1923 869 1977 ad
902 1923 1284 1979 scindendam
1329 1930 1566 1992 terram,
1613 1930 1714 1980 aut
1744 1926 1815 1980 ad
1849 1927 1987 1981 sub-

337 2007 659 2064 vectionem
736 2010 971 2083 frugum
1005 2012 1043 2078 ι,
1124 2016 1227 2067 aut
1284 2012 1474 2085 ipsius
1541 2013 1802 2068 hominis
1860 2031 1989 2069 esse

339 2099 570 2154 creata:
604 2097 759 2154 unde
789 2102 847 2154 et
867 2100 1139 2170 jumenta
1169 2100 1240 2155 ab
1273 2117 1340 2156 eo
1363 2101 1517 2172 quod
1536 2102 1765 2171 juvent,
1790 2102 1987 2174 appel-

338 2184 551 2242 lentur.
608 2186 747 2255 Quid
794 2196 893 2256 est,
943 2188 1024 2244 ait
1071 2188 1273 2259 David,
1307 2190 1483 2259 homo,
1519 2190 1661 2262 quod
1698 2207 1906 2247 memor
1932 2208 1987 2247 es

336 2274 456 2347 ejus
512 2282 610 2331 aut
667 2275 819 2345 ﬁlius
886 2277 1144 2345 hominis,
1203 2280 1463 2349 quoniam
1542 2281 1732 2335 visitas
1810 2284 1988 2335 eum?

334 2364 585 2420 Minuisti
630 2364 716 2436 [Al
761 2367 1072 2438 minorasti]
1120 2382 1246 2422 eum
1292 2369 1459 2439 paulo
1497 2370 1682 2424 minus
1711 2371 1780 2424 ab
1814 2386 1987 2439 ange-

338 2454 433 2520 lis,
481 2454 660 2525 gloria
706 2462 756 2511 et
810 2456 1014 2511 honore
1054 2460 1327 2512 coronasti
1379 2474 1505 2513 eum
1550 2467 1601 2513 et
1656 2461 1989 2515 constituisti

338 2558 465 2600 eum
491 2559 655 2613 super
699 2559 862 2615 opera
906 2561 1172 2600 manuum
1215 2553 1457 2601 tuarum.
1511 2548 1708 2602 Omnia
1752 2548 1987 2619 subjeci-

338 2631 412 2687 sti
436 2630 535 2686 sub
559 2630 785 2702 pedibus
814 2632 953 2702 ejus,
1010 2648 1129 2688 oves
1186 2634 1342 2690 πθ
1401 2637 1450 2689 et
1508 2636 1662 2691 boves
1702 2638 1985 2692 universas

342 2719 431 2791 [Αι
487 2719 802 2790 universa,]
860 2722 1086 2792 insuper
1138 2729 1189 2777 et
1241 2738 1439 2793 pecora
1502 2726 1685 2795 campi
1742 2726 1986 2781 Volucres

340 2808 487 2874 caeli,
513 2813 568 2863 et
598 2808 777 2879 pisces
821 2810 1017 2878 maris,
1048 2812 1145 2881 qui
1181 2812 1568 2882 perambulant
1610 2814 1835 2868 semitas
1865 2830 1985 2869 ma-

340 2898 422 2953 ris
443 2897 609 2969 (Psal.
644 2914 768 2963 vm,
788 2898 824 2951 5
850 2901 902 2953 et
921 2913 1011 2970 seq
1045 2898 1103 2969 .).
1136 2899 1295 2966 Esto,
1326 2899 1538 2971 inquit,
1575 2900 1681 2956 bos
1710 2902 1780 2956 ad
1813 2918 1984 2957 aran-

328 2987 507 3065 ‘dum,
538 2986 611 3043 ad
646 2987 969 3043 sedendum
1017 3003 1225 3060 equus,
1275 2988 1436 3045 cauis
1485 2990 1557 3045 ad
1608 2991 1983 3059 servandum,

342 3090 528 3147 capris
559 3075 630 3129 ad
674 3074 782 3140 lac,
831 3091 965 3131 oves
1012 3076 1085 3132 ad
1132 3076 1339 3133 lanitia
1384 3079 1631 3134 conditae
1675 3079 1810 3135 sint.
1844 3080 1985 3144 Quis

2096 507 2356 577 jusmodi
2388 506 2616 562 venatio
2636 506 2664 560 ‘I
2694 506 2833 578 quid
2862 522 3101 562 anseres
3126 504 3428 561 silvestres
3456 507 3515 559 et
3542 504 3746 560 dome-

2102 596 2281 651 stici?
2311 596 2450 667 quid
2478 594 2735 650 ﬁcedulae
2754 595 2782 650 ?
2802 595 2941 666 quid
2968 593 3226 651 ficedula:
3247 593 3275 648 ?
3295 592 3438 666 quid
3460 596 3695 665 attagen
3716 590 3746 646 τ

2101 686 2242 755 quid
2276 683 2492 739 fulica?
2521 683 2661 755 quid
2693 685 2903 739 turdus
2924 683 2952 737 Ὺ
2979 685 3094 739 Cur
3120 682 3181 737 in
3214 681 3489 737 domibus
3530 679 3748 753 gallina

2099 772 2424 828 discurrit?
2454 772 2513 828 Si
2546 789 2659 827 non
2691 773 3096 839 comeduntur,
3132 776 3250 826 haec
3293 770 3495 826 omnia
3523 769 3744 825 frustra

2101 879 2135 917 a
2162 862 2277 917 Deo
2307 866 2501 917 creata
2530 866 2686 916 sunt.
2723 862 2940 917 Verum
2972 861 3113 932 quid
3145 876 3295 932 opus
3322 867 3411 915 est
3440 872 3748 931 argumen-

2101 949 2176 1005 tis
2203 967 2336 1005 cum
2369 949 2852 1005 manifestissime
2900 948 3201 1021 Scriptura
3248 949 3454 1003 doceat
3482 946 3635 1018 (Gen.
3667 963 3748 1013 sx,

2100 1042 2135 1092 2
2163 1040 2354 1111 seqq.),
2402 1054 2574 1093 omne
2624 1039 2777 1109 quod
2828 1043 3113 1107 movetur,
3164 1038 3318 1093 sicut
3355 1035 3511 1092 olera
3538 1035 3749 1092 herba-

2100 1144 2251 1195 rum,
2285 1128 2422 1183 data
2451 1127 2623 1182 nobis
2655 1128 2713 1183 in
2746 1142 2963 1192 escam,
3004 1130 3061 1181 et
3100 1124 3414 1198 Apostolus
3446 1124 3745 1180 clamitet:

2100 1216 2295 1271 Omnia
2328 1214 2538 1269 munda
2581 1214 2824 1279 mundis,
2872 1220 2924 1270 et
2980 1214 3123 1269 nihil
3180 1213 3568 1285 rejiciendum,
3608 1212 3749 1284 quod

2096 1321 2222 1359 cum
2276 1306 2586 1373 gratiarum
2640 1307 2858 1360 actione
2905 1304 3208 1375 percipitur
3245 1304 3418 1374 (Rom.
3471 1318 3588 1371 xxv,
3636 1301 3745 1370 20;

2100 1393 2284 1448 ITim.
2322 1410 2395 1460 1v,
2426 1392 2521 1461 5):
2556 1396 2613 1447 et
2658 1397 2935 1448 venturos
2978 1391 3038 1447 in
3088 1390 3430 1461 novissimo,
3475 1390 3579 1463 qui
3618 1406 3750 1463 pro-

2097 1481 2335 1537 hibeant
2365 1481 2605 1549 nubere,
2658 1484 2717 1537 et
2760 1479 2915 1537 vesci
2963 1479 3132 1546 cibis,
3175 1497 3324 1551 quos
3352 1478 3506 1535 Deus
3535 1477 3751 1536 creavit

2099 1570 2171 1625 ad
2204 1571 2487 1625 utendum
2522 1570 2566 1640 (Ι
2598 1570 2728 1625 Tim.
2791 1572 2888 1638 ιν).
2949 1568 3080 1641 Ipse
3110 1569 3398 1625 Dominus
3439 1567 3558 1623 vini
3588 1571 3747 1640 pota-

2100 1664 2192 1713 tor
2220 1662 2278 1714 et
2305 1662 2537 1714 vorator
2584 1676 2617 1713 a
2665 1657 2973 1713 Pharisaais
3022 1657 3368 1730 appellatur,
3401 1661 3459 1713 et
3485 1655 3753 1729 publiea-

2101 1764 2315 1802 norum
2347 1747 2589 1803 conviva
2616 1752 2674 1802 et
2720 1750 3128 1819 peccatorum;
3179 1746 3401 1802 Zachaai
3432 1744 3750 1818 prandium

2100 1852 2213 1891 non
2250 1852 2548 1902 recusans,
2580 1836 2797 1891 vadens
2826 1836 2898 1890 ad
2931 1835 3267 1907 nuptiarum
3316 1832 3541 1907 epulas.
3574 1834 3751 1890 Porro

2098 1924 2258 1979 aliud
2310 1929 2423 1993 est,
2471 1924 2522 1980 si
2570 1923 2751 1980 stulta
2798 1923 3172 1980 contentione
3216 1923 3433 1989 dicitis,
3465 1938 3603 1979 eum
3632 1921 3753 1978 isse

2097 2013 2170 2068 ad
2192 2014 2214 2047 ²
2247 2012 2560 2085 prandium
2584 2013 3019 2083 jejunaturum,
3059 2016 3118 2067 et
3166 2012 3556 2085 impostorum
3588 2024 3751 2067 more

2097 2101 2353 2157 dixisse:
2408 2101 2525 2157 Hoc
2586 2101 2849 2167 comedo,
2897 2099 3041 2156 illud
3090 2118 3203 2157 non
3261 2100 3551 2155 comedo:
3613 2098 3749 2154 nolo

2097 2189 2298 2245 vinum
2330 2190 2555 2245 bibere:
2591 2190 2745 2261 quod
2777 2204 2846 2244 ex
2887 2189 3057 2261 aquis
3100 2188 3310 2245 creavi.
3348 2189 3409 2243 In
3440 2192 3579 2260 typo
3610 2203 3749 2243 san-

2096 2278 2291 2351 guinis
2323 2278 2415 2333 sui
2465 2294 2578 2332 non
2612 2275 2828 2332 obtulit
2885 2294 3122 2349 aquam,
3178 2278 3280 2333 sed
3345 2276 3568 2332 vinum.
3599 2279 3744 2332 Post

2096 2367 2577 2423 resurrectionem
2633 2366 2851 2438 piscem
2896 2370 2954 2422 et
3001 2367 3195 2421 favum
3259 2365 3535 2435 comedit,
3576 2381 3693 2422 non
3724 2364 3750 2399 ³

2096 2473 2348 2524 sesama,
2382 2473 2560 2511 nuces
2590 2460 2648 2511 et
2693 2454 3173 2511 sorbitiunculas.
3208 2454 3412 2509 Petrus
3442 2452 3744 2525 apostolus

2097 2562 2211 2602 non
2242 2548 2539 2617 exspectat
2569 2543 2796 2600 stellam
2827 2543 3266 2615 morejudaico,
3288 2542 3388 2598 sed
3414 2541 3556 2598 hora
3585 2544 3748 2598 sexta

2094 2634 2152 2688 in
2204 2633 2485 2689 solarium
2527 2649 2852 2704 pransurus
2907 2632 3191 2688 ascendit.
3240 2630 3455 2687 Paulus
3503 2630 3564 2686 in
3610 2628 3745 2687 navi

2096 2738 2305 2793 panem
2338 2721 2571 2793 frangit.
2600 2737 2716 2777 non
2749 2721 2992 2775 caricas.
3026 2719 3335 2776 Timotheo
3382 2717 3602 2776 dolenti
3627 2722 3746 2775 sto-

2096 2809 2392 2877 machum,
2432 2809 2635 2864 vinum
2667 2809 2875 2865 suadet
2923 2808 3143 2876 bibere,
3176 2825 3292 2864 non
3327 2807 3638 2880 piracium.
3666 2810 3745 2862 De

2094 2897 2358 2954 ciborum
2415 2897 2526 2953 sibi
2583 2897 2814 2969 placent
2873 2896 3249 2963 abstinentia,
3309 2896 3479 2968 quasi
3539 2898 3747 2952 nonet

2094 2987 2431 3059 superstitio
2460 2986 2821 3043 Gentilium‘
2849 2987 3089 3043 Castam
3137 2985 3341 3041 Matris
3390 2985 3577 3041 Deum
3634 2984 3741 3040 ob-

2096 3079 2286 3132 servet
2313 3079 2372 3131 et
2398 3074 2590 3131 Isidis.

343 3177 492 3218 usus
512 3178 846 3235 porcorum,
870 3164 1091 3235 absque
1110 3182 1210 3221 esu
1234 3167 1547 3223 carnium?
1571 3168 1712 3239 quid
1740 3185 1983 3241 capreae,
2018 3169 2060 3235 C
2166 3166 2221 3219 6.
2281 3166 2662 3237 Hieronymus.
2719 3164 2944 3236 Physici
3016 3165 3113 3234 qui
3162 3178 3327 3235 prosa
3379 3170 3447 3248 et.
3491 3162 3742 3219 uersibus

419 3278 435 3311 ¹
467 3277 879 3350 Casanatensis
919 3282 975 3333 et
1021 3280 1193 3350 ipsius
1239 3281 1495 3337 hominis.
1547 3283 1677 3339 Mox
1732 3284 1987 3341 recolen-

342 3349 455 3422 dus
491 3347 883 3422 leAieronymus
937 3347 1137 3405 noster
1188 3352 1249 3406 in
1310 3369 1359 3407 c.
1404 3370 1421 3407 ι
1470 3354 1677 3422 Isaias;
1740 3356 1983 3411 Lactan-

342 3420 462 3499 tius
491 3418 644 3499 libro
693 3418 756 3487 1i,
805 3436 855 3475 ο.
908 3422 967 3476 11
998 3424 1128 3499 :__l_lt
1175 3425 1578 3499 inuesccolenda
1626 3418 1775 3499 terra
1812 3428 1985 3499 juva-

505 3491 759 3563 jumenta
812 3500 939 3547 sunt
986 3491 1151 3548 dicta.
1206 3494 1351 3550 Vide
1406 3495 1783 3553 Columellam
1812 3491 1981 3555 initio

366 3581 384 3618 1
459 3579 585 3618 1V1.

366 3576 477 3618 ωτι
507 3579 585 3618 VI.

402 3635 425 3669 ²
464 3634 731 3711 Fecimus
782 3635 1088 3711 prandium
1143 3652 1245 3711 pro
1300 3654 1365 3693 eo
1417 3639 1570 3711 quod
1631 3645 1755 3695 erat
1810 3645 1981 3698 antea

604 3706 949 3811 uigentibus
982 3724 1124 3763 mss.
1145 3706 1224 3811 ad
1259 3706 1450 3811 up‘um:
1477 3712 1771 3767 omnibus.

454 3778 573 3832 Non
607 3792 838 3855 sesama,
898 3794 1084 3855 nuces.
1140 3784 1246 3855 ete_.
1306 3780 1544 3837 Codices
1602 3800 1744 3838 mss.
1778 3782 1981 3855 legunt

334 3849 546 3925 sisima,
571 3847 660 3925 vel
692 3849 916 3925 sisama.
950 3852 1357 3925 Sesama‘fem.
1404 3870 1506 3925 pro
1554 3870 1764 3925 genere
1796 3847 1977 3911 Indici

335 3918 618 3997 grumenti
653 3918 943 3997 accipitur
959 3922 1112 3997 apud
1146 3918 1694 3991 Plinium-libmvvm,
1717 3944 1843 3997 cap.
1871 3929 1936 3981 10
1963 3945 1974 3981 :

332 3990 847 4069 EslivaA/rumenta
883 3990 1153 4059 diximus,
1200 4010 1488 4064 sesamum,
1538 3990 1975 4069 milz'urn,'panz'-

330 4061 841 4136 cium.__Sesam_um
872 4078 1002 4119 vere
1048 4079 1258 4136 genere
1309 4061 1536 4134 neutro,
1570 4073 1628 4123 et
1657 4061 1887 4124 sesama
1918 4069 1976 4124 in

335 4131 548 4205 plurali
605 4134 835 4212 saepius
869 4136 1026 4212 apud
1051 4131 1452 4212 'Columellam
1497 4131 1649 4194 inter
1678 4139 1978 4212 legumina

331 4208 742 4282 recensentur,_
780 4207 866 4282 ut
890 4206 990 4262 lib.
1038 4224 1099 4282 r1,
1145 4222 1272 4280 cap.
1318 4209 1352 4262 7
1400 4214 1456 4264 et
1500 4227 1627 4282 cap.
1678 4206 1768 4282 410‘.
1815 4211 1885 4264 Et
1914 4227 1975 4266 re

323 4291 463 4332 vera
488 4275 787 4353 sesamauin
817 4276 1106 4353 Yasconia
1135 4275 1333 4334 nostra
1363 4284 1503 4336 sunt
1526 4275 1655 4351 ipsa
1676 4280 1975 4353 legumina

329 4362 460 4419 quis
487 4349 610 4429 pisci
639 4348 801 4413 alibi,
834 4348 891 4402 in
920 4350 1107 4420 patria
1137 4353 1331 4429 autem
1360 4366 1489 4405 mea
1506 4348 1970 4429 sesesdiéuntur,

330 4418 501 4492 quasi
531 4418 692 4473 dicas
716 4418 985 4492 sesames;
1020 4435 1151 4475 nam
1193 4419 1396 4492 lingua
1426 4426 1626 4476 nostra
1654 4422 1974 4478 Vasconica

328 4489 546 4562 gaudet
574 4488 993 4562 monosyllabis
1023 4495 1080 4544 et
1109 4488 1346 4545 vocibus
1378 4493 1691 4548 contractis
1728 4493 1969 4562 Latinis,

326 4559 709 4630 sicutqmnem
738 4559 1099 4684 apgellamus
1127 4578 1242 4631 pan
1284 4566 1335 4617 et
1376 4579 1551 4618 unum
1592 4580 1782 4619 canem
1829 4559 1971 4620 dici;

328 4646 462 4684 mus
501 4645 578 4684 un
625 4645 747 4684 can.
844 4631 1080 4684 imiliter
1127 4632 1392 4684 arborem
1441 4635 1781 4684 sambucam-
1833 4652 1971 4684 cnn~

328 4646 462 4687 mus
501 4645 578 4684 un
625 4645 747 4684 can.
799 4631 1080 4686 Similiter
1127 4632 1393 4688 arborem
1441 4635 1782 4703 sambucam,
1833 4652 1971 4693 con~

324 4706 509 4758 tracta
536 4716 811 4755 vocamus
839 4717 988 4756 sauc.

395 4773 529 4847 .lam
552 4771 708 4847 quod
724 4777 968 4847 _spectat
989 4788 1200 4847 nomen
1226 4791 1478 4847 sequens
1518 4778 1965 4846 sorbitiunculas,

319 4842 507 4922 nolim
561 4841 803 4899 definire
863 4860 935 4899 an
974 4845 1217 4922 fuerint
1272 4841 1491 4922 léganai
1544 4848 1632 4905 vel
1698 4841 1973 4922 placentae

321 4915 632 4991 Seripturaa
663 4931 839 4991 saera:
881 4932 942 4991 lt
974 4916 1109 4989 Reg.
1159 4917 1249 4988 13,
1292 4915 1364 4974 an
1417 4921 1646 4976 minora
1676 4915 1868 4991 sorba,
1901 4923 1971 4978 de

324 4985 543 5059 quibus
573 4985 855 5043 Martialis
886 4986 986 5043 lib.
1020 4985 1124 5043 xiii
1152 5006 1164 5045 :

427 5092 599 5144 Sorba
634 5107 837 5153 sumus,
872 5093 1059 5144 molles
1087 5096 1314 5145 nimium
1343 5097 1591 5147 durantia
1626 5101 1856 5149 ventres.

322 5190 606 5270 Mauri“.
656 5220 740 5270 -Δ
778 5194 959 5246 Vetus
1008 5192 1483 5270 editio‘caricas,
1524 5213 1667 5252 mss.
1721 5196 1969 5270 promis-

319 5274 427 5319 cue
454 5264 663 5317 sisama
692 5265 749 5317 et
798 5278 1030 5318 sesama.
1083 5263 1144 5318 In
1193 5266 1304 5321 {ine
1352 5267 1514 5321 addit
1561 5263 1969 5324 Casanatensis

318 5341 609 5459 πῗρὲἒῗέῗς
642 5334 1143 5461 ﬂexit-ﬂii.”
1177 5335 1624 5465 ἷῖἰῖἓὲυδέίέξὲἓιᾟ
1685 5411 1818 5465 ἰηιοι

389 5424 413 5439 ν
441 5424 609 5459 ιιωδο
657 5424 713 5458 ει
750 5424 953 5459 contra
996 5424 1138 5461 mss.
1177 5424 1408 5480 quoque
1453 5424 1624 5465 tidem
1687 5424 1968 5466 hactenus

317 5475 577 5557 obtinuit
630 5474 848 5557 Cossum
925 5491 1039 5557 pro.
1107 5477 1363 5557 Cmtum,
1422 5497 1600 5552 quam
1660 5479 1966 5537 lectionem

321 5547 694 5619 Martianaius
719 5546 859 5601 dum
892 5546 1178 5619 ekplicare
1206 5546 1574 5619 conatus'est,
1602 5568 1749 5609 novo
1775 5568 1968 5610 errore

318 5617 661 5705 cumulavit.
695 5621 903 5681 Cossos
930 5617 1280 5679 vermiculos
1318 5617 1628 5682 roboribus
1657 5623 1969 5686 innascen-

2005 4541 2050 4605 D
2082 4560 2156 4614 les
2208 4541 2434 4629 (Matris
2490 4541 2695 4630 Deum.)

2093 3278 2486 3361 tesindiearu
2511 3279 2611 3361 ait,
2653 3295 2820 3361 'quos
2877 3277 3186 3361 ipsenint‘ra
3215 3277 3607 3361 Hieronymus
3638 3277 3739 3361 de-

2094 3350 2318 3426 scribit,
2362 3354 2419 3426 et
2464 3346 2803 3426 ξυλοφάιξρυς
2845 3346 3121 3426 appellat,
3169 3364 3386 3420 eosque
3413 3346 3739 3426 inﬂPontb

2094 3438 2159 3493 ac
2202 3421 2471 3493 Phrygia,
2524 3419 2827 3493 comedere
2873 3419 3164 3493 luxuriam
3216 3419 3351 3493 esse
3406 3419 3622 3493 tradit:
3675 3424 3742 3493 et

2096 3490 2579 3564 Plinius'qquue
2610 3492 2711 3547 lib.
2745 3509 2882 3557 xvn,
2913 3508 3040 3564 cap.
3067 3492 3138 3564 24
3159 3490 3720 3564 ε-Ιιιιπιινὶα,γᾳίηᾳρὶι

2094 3563 2276 3619 Cossus
2331 3561 2586 3620 robor—um
2643 3561 3002 3619 delicatiores
3034 3562 3291 3617 adhibere
3338 3565 3398 3617 in
3436 3561 3575 3618 cibo.
3607 3561 3700 3618 'Se

2091 3636 2335 3691 minime
2391 3636 2504 3691 ista
2562 3635 2632 3690 ad
2696 3651 2815 3690 rem
2867 3639 3024 3699 sunt,
3087 3650 3273 3705 neque
3330 3633 3737 3705 aliquidcum

2090 3706 2341 3779 Cybeles
2360 3707 2651 3779 Isidisque
2673 3706 2968 3779 mysteriis
2986 3706 3149 3779 Cossi
3170 3703 3736 3779 vermiculibabent,

2088 3774 2274 3868 eoque
2332 3778 2459 3868 ipsc?
2518 3774 3358 3868 sensuv'CossurmLobservare,
3421 3774 3567 3832 nihil
3626 3778 3736 3868 est.

2089 3845 2301 3905 Contra
2331 3845 2551 3905 Castam
2601 3848 2773 3920 Isidis
2819 3853 2877 3904 et
2918 3846 3188 3920 Cybeles,
3202 3852 3425 3920 veteres
3465 3845 3735 3920 nonnulli

2089 3925 2433 3976 memorant.
2467 3919 2866 3975 Tertullianus
2899 3917 3247 3989 de'Jejuniis
3278 3919 3556 3974 adversus
3594 3917 3736 3987 Psy-

2087 3991 2304 4057 chieos,
2333 4009 2457 4064 cap.
2496 3992 2562 4064 l6
2586 4008 2607 4064 εΔ
2631 3993 2693 4064 In
2722 3992 2926 4064 nostris
2972 3988 3324 4064 xerophagiis
3371 3989 3736 4064 blasphemia:

2086 4064 2359 4133 ingerens,
2403 4060 2614 4117 'CASTO
2672 4063 2829 4117 Isidis
2885 4071 2937 4133 et
2996 4060 3227 4132 Cybetes
3289 4075 3405 4133 eos,
3450 4060 3730 4131 adaequas.

2082 4131 2374 4189 Arnobius
2430 4133 2531 4188 lib.
2598 4150 2632 4185 v
2680 4149 2693 4186 :
2772 4131 2915 4204 Quid
2947 4131 3289 4204 temperatis
3338 4131 3734 4204 adpalinwnio

2119 4206 2262 4267 anis,
2312 4207 2406 4259 cui
2473 4206 2557 4260 rei
2606 4219 2807 4259 nomen
2859 4201 3379 4261 dedisti'GASTUS.
3432 4201 3597 4260 Paria
3643 4201 3735 4259 his

2127 4276 2259 4330 abet
2289 4275 2548 4346 incertus
2579 4279 2784 4346 auctor
2832 4274 2987 4346 apud
3036 4273 3384 4346 Suidamjn
3423 4290 3561 4330 voce
3610 4277 3728 4346 Μῃ-

2081 4345 2322 4418 τρῳᾳκαὶ
2368 4363 2516 4418 quas
2563 4344 2811 4418 κᾳστεζας
2859 4340 3057 4418 vocat:
3121 4345 3245 4418 Ti;
3289 4340 3346 4398 δὲ
3400 4340 3732 4418 μητρῳακᾶς

2080 4414 2225 4490 Ψέά
2255 4414 2565 4490 Ῑρωιηίοίς
2606 4416 2757 4490 imi
2804 4414 3064 4490 πρότερον
3114 4416 3260 4490 πεξρά
3303 4414 3524 4490 rimati."
3564 4414 3731 4490 tuo».

2084 4483 2391 4560 δαὰθξίᾳαξ
2433 4486 2682 4548 καστείας
2744 4483 2983 4540 Exin-“sou.
3055 4483 3227 4559 μηνὸς
3292 4483 3511 4560 ἤγνεὺγεν.
3558 4486 3735 4543 Matre

2752 4560 3128 4625 castimonias,
3183 4574 3305 4630 quae
3351 4559 3389 4614 α
3450 4559 3732 4630 Romanis,

2081 4634 2130 4685 et
2162 4634 2291 4684 ante
2321 4630 2416 4686 hos
2447 4629 2826 4701 arPhrygibus
2854 4629 3298 4699 observabuntur,
3347 4630 3586 4701 singulis
3623 4629 3736 4685 sibi

2080 4701 2355 4774 mensibus
2407 4700 2700 4774 indicebat.
2758 4701 2934 4774 Porro
2990 4707 3127 4756 sunt
3173 4702 3271 4774 qui
3305 4700 3451 4774 rem
3504 4704 3730 4774 castam

2081 4772 2555 4845 interpretentur,
2589 4772 2683 4828 alii
2708 4772 3112 4845 expiationem
3138 4789 3152 4840 ;
3181 4771 3409 4845 i‘malim
3457 4787 3563 4845 ego
3592 4771 3734 4827 abs-

2079 4842 2336 4916 tinentiae
2369 4845 2556 4916 ritum,
2574 4845 2639 4916 in
2671 4842 2815 4899 cibis
2857 4843 3238 4916 intelligisld
3285 4848 3439 4899 certe
3469 4842 3733 4916 iqﬁnuuut

2079 4914 2316 4970 laudata
2344 4915 2685 4971 Tertulliani
2719 4919 2892 4986 atque
2930 4913 3558 4986 Arnobiitestimonia,
3593 4913 3730 4986 qui-

2080 4986 2190 5068 bus
2222 4987 2527 5068 concinere
2577 4986 2722 5041 illud
2772 4984 2912 5057 puto
2961 4984 3148 5068 ipsius
3167 4984 3727 5068 hieronymiep'ist.

2086 5059 2203 5112 107.
2266 5058 2338 5112 ad
2412 5058 2646 5114 Laetam.
2725 5055 2888 5113 num.
2969 5055 3078 5111 {0:
3158 5055 3412 5113 Cultores'
3457 5055 3618 5112 Isidis
3671 5059 3727 5112 et

2080 5128 2300 5200 Cybeles
2322 5130 2513 5200 gulosa
2543 5128 2876 5183 abstinentia
2907 5126 3169 5183 Phasides
3199 5145 3342 5197 aves,
3365 5198 3377 5200 ᾼ
3396 5143 3463 5183 ac
3496 5130 3727 5199 fuman-

2079 5198 2151 5254 tes
2176 5198 2412 5255 turtures
2440 5208 2655 5267 vorant,
2694 5215 2765 5254 ne
2800 5200 3007 5255 scilicet
3061 5200 3308 5255 Cerealia
3343 5198 3504 5255 dona
3529 5200 3726 5254 conta-

2078 5273 2309 5326 minent.
2338 5272 2626 5327 Nimirum
2652 5286 2799 5342 pane
2820 5270 3208 5342 abstinebant.
3237 5268 3729 5342 Luculentissime

2077 5357 2211 5396 vero
2262 5343 2414 5397 intra
2469 5343 2578 5398 hoc
2636 5340 2764 5414 ipso
2820 5341 2877 5395 in
2942 5340 3109 5414 libro,
3168 5341 3461 5410 Quomodo,
3494 5340 3724 5414 inquit,

2078 5414 2390 5485 uirginitati
2442 5428 2587 5471 verae
2615 5412 2726 5468 non
2767 5412 3098 5485 prmiudicat
3120 5415 3389 5485 _imitatio
3426 5412 3729 5485 uirginum

2076 5483 2283 5538 diaboli
2333 5486 2411 5539 ita
2468 5502 2565 5540 nec
2612 5481 2780 5540 veris'
2800 5481 3047 5555 jejuniis
3102 5483 3363 5541 CASTUM
3416 5481 3562 5554 (erat
3618 5481 3730 5555 hic

2077 5570 2309 5629 quoque
2341 5555 2651 5626 Cassarum)
2705 5553 2890 5629 Isidis
2919 5563 2970 5610 et
3018 5553 3242 5629 Cybeles
3269 5564 3321 5629 et
3360 5553 3726 5629 quorumdam

2074 5621 2322 5688 ciborum
2354 5629 2416 5686 in
2452 5621 2723 5688 aeternum
2748 5621 3104 5705 abstinentia,
3135 5621 3386 5689 maxime
3420 5640 3549 5689 cum
3578 5621 3732 5711 apud
