5364 6558
1557 231 1977 300 ADVERSUS
2021 228 2505 299 JOVINIANUM
2551 230 2699 298 LIB.
2745 228 2823 299 ῙῙ.

3772 216 3909 297 306

504 366 853 440 scripserunt.
900 366 1099 426 Nostra
1154 365 1349 442 religio
1407 365 1589 426 erudit
1642 369 1932 442 sapientiae
1978 372 2143 426 seeta-
2169 369 2224 436 Α
2255 371 2314 426 et
2343 371 2569 425 stercus
2600 367 2729 440 ejus
2759 372 2817 425 et
2846 383 3060 426 canum
3089 365 3326 442 putrida
3350 370 3520 427 curat
3543 363 3804 426 vulnera.
3824 363 3903 426 Et

506 458 716 514 tionem
752 458 985 531 Epicuri
1010 461 1280 515 sententia
1302 458 1586 515 damnata.
1619 489 1688 499 -—-
1735 460 1960 531 Sequar
2006 475 2142 531 ergo

501 546 735 620 vestigia
782 548 1204 620 propositionis
1251 549 1398 605 8³1
1482 549 1756 621 expositae
1806 566 1818 602 :
1878 554 1935 603 et
1983 552 2142 603 ante-

504 652 678 708 quam
715 637 781 693 ad
834 638 1168 709 Scripturas
1221 636 1472 705 veniam,
1528 639 1887 710 doceamque
1930 656 1999 693 ex
2056 638 2141 692 eis

503 724 804 799 Deograta
824 726 1079 798 jejunis,
1129 730 1188 781 et
1234 725 1650 800 acceptabilem
1700 727 2138 794 continentiam,

505 815 857 888 argumentis
914 814 1404 887 philosophorum
1483 821 1832 889 argumenta
1905 833 2140 888 compo-

508 920 691 960 nam:
734 909 790 959 et
837 904 1123 975 probabo,
1168 920 1284 960 non
1333 905 1704 978 Empedoclis
1751 910 1809 961 et
1860 905 2140 979 Pythago-

496 1008 702 1049 ranos
754 992 973 1063 dogma
1031 993 1423 1064 sectariyqui
1482 999 1717 1066 propter
1774 993 2138 1068 μετεμψῦχω-

492 1100 571 1134 σιν
596 1096 780 1138 omne
810 1082 969 1153 quod
1044 1086 1310 1138 movetur
1363 1087 1420 1137 et
1476 1082 1618 1138 vivit
1674 1084 1966 1139 edendum
2025 1101 2141 1139 non

495 1173 723 1243 putant,
751 1174 812 1226 et
839 1170 1112 1241 ejusdem
1153 1170 1418 1227 criminis
1459 1188 1588 1227 reos
1636 1172 1994 1228 arbitrantur
2041 1172 2141 1245 qui

498 1258 743 1315 abietem
797 1274 1203 1331 quercumque
1249 1259 1626 1326 succiderint,
1652 1263 1819 1333 cujus
1841 1262 2141 1334 parricidae

499 1351 633 1404 sunt
659 1350 719 1403 et
743 1347 984 1403 veneﬁci
1022 1365 1035 1401 :
1064 1347 1166 1403 sed
1196 1349 1456 1404 venerari
1480 1349 1839 1405 conditorem
1873 1354 2139 1406 nostrum

498 1436 678 1509 quiin
710 1452 862 1492 usus
892 1435 1205 1492 hominum
1237 1442 1447 1494 cuncta
1497 1438 1713 1494 creavit
1748 1438 1860 1512 [ΑΙ.
1898 1454 2140 1510 genera-

492 1524 602 1597 vit).
635 1525 715 1581 Et
741 1524 1043 1596 quomodo
1073 1525 1181 1580 bos
1211 1526 1284 1581 ad
1326 1527 1637 1593 arandum,
1689 1543 1878 1598 equus
1927 1528 1998 1582 ad
2050 1542 2140 1581 se-

486 1614 771 1679 dendum,
812 1630 991 1669 canes
1020 1614 1094 1670 ad
1126 1616 1503 1686 servandum,
1537 1632 1721 1688 caprae
1748 1617 1819 1672 ad
1850 1615 1961 1687 lac,
2006 1632 2141 1671 oves

487 1703 554 1760 ad
583 1702 799 1759 lanitia
827 1702 1077 1758 conditae
1112 1706 1253 1758 sunt
1285 1719 1298 1757 :
1333 1702 1414 1758 ita
1438 1721 1575 1760 sues
1605 1709 1662 1761 et
1686 1721 1909 1773 cervos,
1954 1709 2010 1759 et
2038 1722 2137 1760 ca-

486 1807 651 1865 pmas
680 1796 748 1847 et
785 1790 1016 1863 lepores
1047 1792 1090 1861 ⁸,
1122 1795 1181 1847 et
1208 1796 1415 1847 caetera
1447 1809 1460 1848 :
1492 1793 1595 1848 sed
1646 1792 1749 1848 illa
1780 1810 1894 1848 non
1939 1793 2139 1849 statim

487 1881 556 1938 ad
581 1880 1022 1938 comedendum
1053 1883 1249 1935 creata
1278 1896 1427 1948 esse,
1460 1883 1560 1937 sed
1592 1880 1651 1937 in
1685 1880 1830 1938 alios
1863 1899 2007 1937 usus
2038 1883 2141 1937 ho-

492 1969 754 2025 minam.
776 1969 835 2023 Si
866 1968 1024 2024 enim
1071 1984 1245 2024 omne
1291 1970 1447 2042 quod
1485 1974 1748 2025 movetur
1793 1976 1849 2026 et
1898 1972 2037 2025 vivit
2070 1972 2141 2026 ad

496 2057 848 2113 vescendum
876 2056 1095 2114 factum
1128 2061 1236 2125 est,
1282 2063 1340 2113 et
1388 2063 1781 2131 praeparatum
1836 2058 2003 2132 gulae,
2054 2076 2140 2115 re-

499 2146 829 2218 spondeant
858 2145 1002 2201 mihi
1048 2162 1155 2201 cur
1203 2145 1520 2218 elepnanti,
1572 2164 1678 2203 cur
1724 2147 1943 2215 leones,
1998 2147 2142 2212 ursi,

488 2233 777 2307 loopardi,
820 2233 941 2306 lupi
974 2252 989 2300 ;
1022 2251 1129 2290 cur
1154 2235 1386 2307 viperae,
1421 2236 1657 2308 scorpii,
1694 2236 1954 2303 cimices,
1997 2236 2143 2291 culi-

482 2338 597 2389 ces,
630 2321 1024 2396 pulicesque;
1057 2339 1164 2378 cur
1200 2322 1417 2392 vultur,
1452 2325 1672 2396 aquila,
1722 2341 1948 2392 corvus,
1993 2326 2141 2380 acci-

480 2412 627 2484 piter
660 2430 680 2481 ;
716 2427 831 2467 cur
858 2410 991 2475 ceti,
1032 2410 1588 2484 delphines,phocze,
1646 2413 2002 2485 minutasque
2048 2431 2143 2469 co-

479 2500 728 2558 chleola
755 2500 1011 2556 condita:
1044 2500 1181 2556 sint.
1226 2500 1366 2567 Quis
1423 2506 1694 2558 nostrum
1739 2500 1988 2570 leonem,
2039 2503 2143 2573 qui

476 2590 775 2663 viperam,
803 2587 911 2660 qui
936 2587 1253 2658 vulturem,
1288 2589 1423 2661 quis
1470 2591 1780 2657 ciconiam,
1828 2591 1961 2662 quis
2013 2590 2142 2645 mil-

479 2695 636 2747 vam,
674 2677 823 2751 q-uis
856 2681 1158 2748 reptantes
1189 2679 1248 2733 in
1289 2678 1587 2735 littoribus
1635 2678 1983 2735 vermiculos
2031 2696 2141 2735 un-

475 2784 653 2841 quam
684 2766 1105 2837 comedit:(At.
1154 2768 1492 2839 comederit)
1523 2768 1551 2823 ?
1582 2768 1745 2825 Sicut
1796 2768 1978 2841 igitur
2025 2768 2145 2824 haec

472 2857 755 2932 proprios
786 2873 939 2911 usus
972 2855 1206 2923 habent,
1240 2856 1320 2913 ita
1358 2874 1677 2930 possumus
1728 2857 1920 2913 dicere
1951 2862 2007 2913 et
2035 2875 2142 2913 cie-

471 2951 628 3004 tsras
668 2944 930 3012 bestias,
978 2945 1165 3017 pisces
1213 2947 1253 3013 ²,
1288 2963 1423 3002 aves
1470 2964 1586 3003 non
1639 2947 1711 3002 ad
1744 2947 2040 3012 esum,sed
2073 2948 2143 3003 ad

475 3035 843 3092 medicinam
875 3040 1124 3090 creatas.
1158 3036 1421 3108 Denique
1459 3051 1665 3092 carnes
1713 3036 1940 3107 viperis,
1990 3036 2143 3091 unde

2249 459 2427 530 (quod
2459 459 2701 515 forsitan
2734 458 3048 532 legendum
3082 458 3298 514 mirum
3321 458 3416 530 sit)
3436 458 3695 515 hominis
3714 458 3895 514 ﬁmus

2251 549 2488 621 quantis
2571 547 2971 604 curationibus
3056 548 3340 620 proﬁciat,
3398 547 3654 604 Galenus
3712 555 3763 604 ἐν
3826 555 3895 604 ά-

2247 646 2384 701 πλοῖς
2449 637 2634 704 docet,
2705 637 2885 693 Aiunt
2955 639 3107 694 332
3173 636 3427 710 Physici,
3497 637 3650 708 quod
3716 635 3888 710 pellis

2250 726 2492 793 colubri,
2528 743 2644 799 qua
2674 727 2925 796 exuitur,
2967 728 3204 783 decocta
3249 726 3307 781 in
3358 725 3504 791 oleo,
3558 726 3704 782 mire
3731 724 3892 783 dolo-

2250 831 2373 870 rem
2403 814 2634 871 aurium
2670 815 2915 888 mitiget.
2949 814 3098 882 Quid
3131 816 3211 870 ita
3249 814 3459 871 inutile
3511 812 3742 870 videtur
3787 830 3895 870 ne-

2251 904 2572 959 scientibus
2602 907 2667 959 ut
2695 904 2932 959 cimices
2962 904 2990 959 ‘?
3019 904 3079 960 Si
3108 905 3469 976 sanguisuga
3491 903 3758 960 faucibus
3786 902 3900 960 h9-

2250 994 2411 1060 serit,
2447 995 2606 1049 fumo
2636 995 2763 1064 ejus
2793 997 3054 1066 excepto,
3083 994 3280 1049 statim
3306 993 3594 1049 evomitur
3622 1011 3636 1050 :
3675 998 3732 1049 et
3750 993 3903 1049 difﬁ-

2250 1082 2413 1138 culas
2445 1082 2626 1137 urinae
2658 1082 2837 1153 hujus
2869 1082 3235 1154 appositione
3279 1081 3530 1138 laxatur.
3581 1087 3899 1139 Porcorum

2251 1175 2467 1238 autem,
2503 1177 2557 1226 et
2586 1179 2948 1238 anserum,et
2971 1170 3902 1244 gallinarum,phasianorumque

2251 1259 2451 1331 adipes
2479 1260 2618 1331 quid
2652 1259 2942 1315 commodi
2974 1259 3246 1328 habeant,
3280 1276 3484 1315 omnes
3531 1260 3897 1316 medicorum

2251 1347 2551 1403 declarant
2581 1347 2711 1402 libri
2748 1365 2760 1403 :
2798 1365 2947 1419 quos
2978 1348 3085 1419 (At.
3121 1348 3295 1421 quod)
3326 1348 3377 1404 si
3406 1347 3639 1421 legeris,
3669 1347 3897 1406 videbis

2250 1440 2337 1492 tot
2366 1436 2696 1492 curationes
2718 1453 2846 1492 esse
2876 1438 2933 1491 in
2966 1436 3199 1493 vulture
3229 1440 3372 1508 quot
3421 1438 3687 1492 membra
3735 1440 3899 1493 sunt.

2249 1526 2385 1581 Pavi
2416 1526 2592 1581 ﬁmus
2622 1526 2890 1598 podagrae
2929 1526 3211 1582 fervorem
3260 1525 3509 1597 mitigat.
3561 1525 3746 1582 Grues
3794 1523 3903 1595 (Αι.

2250 1615 2461 1687 gruis),
2514 1615 2771 1681 ciconiae,
2834 1613 2907 1669 fel
2982 1614 3213 1686 aquilae,
3273 1613 3516 1688 sanguis
3583 1613 3903 1687 accipitris,

2248 1702 2784 1771 struthiocamelus,
2822 1720 2997 1769 rana,
3032 1702 3507 1772 chamaeleontes,
3554 1702 3893 1759 hirundinis

2253 1794 2497 1859 stercus,
2532 1796 2589 1847 et
2618 1807 2843 1858 carnes,
2879 1792 3096 1863 quibus
3125 1792 3346 1848 morbis
3387 1802 3538 1865 apta
3569 1790 3711 1860 sint,
3742 1791 3899 1848 dice-

2252 1880 2455 1948 rem,si
2479 1879 2620 1935 mihi
2641 1880 3007 1953 propositum
3037 1885 3193 1937 esset
3221 1881 3292 1937 de
3325 1881 3553 1938 medela
3581 1897 3894 1954 corporum

2252 1969 2571 2042 disputare.
2635 1970 2812 2042 Legat
2868 1970 2967 2041 qui
3036 1970 3163 2026 vult
3233 1970 3544 2027 Aristolem
3601 1974 3659 2028 et
3712 1970 3901 2028 Theo-

2250 2058 2562 2131 phrastum
2595 2075 2794 2130 prosa,
2826 2057 3164 2114 Marcellum
3195 2060 3452 2115 Sidetem
3484 2060 3526 2128 ⁸,
3550 2064 3609 2116 et
3637 2064 3905 2117 nostrum

2250 2146 2509 2201 Flavium
2542 2146 2901 2203 hexametris
2916 2148 3184 2203 versibus
3206 2147 3562 2204 disserentes
3597 2164 3611 2202 :
3644 2146 3905 2205 Plinium

2252 2252 2486 2307 quoque
2530 2236 2886 2299 Secundum,
2959 2239 3015 2290 et
3070 2236 3492 2304 Dioscoridem,
3550 2240 3608 2291 et
3662 2239 3902 2293 caeteros

2252 2329 2373 2379 tam
2406 2324 2680 2396 physicos
2713 2340 2889 2396 quam
2921 2324 3198 2392 medicos,
3232 2325 3333 2396 qui
3364 2323 3587 2379 nullam
3632 2323 3903 2391 herbam,

2253 2411 2483 2468 nullum
2514 2411 2793 2484 lapidem,
2830 2412 3059 2468 nullum
3092 2412 3312 2469 animal
3341 2417 3463 2468 tam
3485 2411 3901 2486 reptile,quam

2250 2500 2505 2569 volatile,
2539 2506 2597 2557 et
2627 2501 2886 2569 natatile,
2937 2518 3056 2558 non
3107 2502 3179 2558 ad
3229 2518 3349 2558 suae
3394 2501 3538 2558 artis
3586 2500 3905 2559 utilitatem

2252 2590 2529 2646 referunt.
2594 2590 2798 2663 Igitur,
2858 2606 2991 2647 cum
3055 2590 3201 2646 mihi
3258 2591 3474 2648 dixeris
3528 2607 3634 2647 cur
3686 2607 3902 2663 porcus

2251 2684 2481 2735 creatus
2539 2683 2645 2745 est,
2702 2679 2900 2735 statim
2961 2680 3070 2736 tibi
3129 2680 3513 2753 respondebo,
3580 2695 3901 2752 puerorum

2253 2785 2413 2824 more
2443 2769 2817 2836 certantium,
2878 2785 2983 2825 cur
3038 2769 3271 2842 vipera,
3326 2786 3433 2825 cur
3486 2770 3720 2842 scorpii.
3782 2770 3901 2826 Nec

2256 2858 2437 2912 Deum
2462 2857 2891 2929 superﬂuorum
2916 2858 3215 2929 judicabis
3246 2857 3553 2924 artiﬁcem,
3583 2857 3724 2930 quia
3770 2856 3903 2929 plu-

2253 2944 2413 3001 rimae
2443 2950 2500 3001 et
2527 2947 2727 3001 bestiae
2758 2952 2814 3003 et
2841 2945 3107 3003 volucres
3158 2950 3301 3003 sunt
3346 2963 3493 3018 quas
3536 2950 3651 3001 tua:
3702 2946 3907 3001 fauces

2253 3039 2541 3091 recusent.
2574 3035 2685 3090 Sed
2716 3052 2786 3091 ne
2816 3036 3246 3091 contentiosum
3270 3034 3403 3102 hoc,
3420 3038 3477 3090 et
3507 3050 3745 3107 pugnax
3773 3050 3901 3091 ma-

469 3124 745 3182 theriaca
774 3123 1394 3195 conticimur,quantis
1418 3125 1593 3180 rebus
1614 3128 1757 3195 aptae
1781 3125 2142 3191 sint,norunt
2172 3113 2215 3179 C
2252 3123 2343 3196 gis
2372 3123 2640 3179 videatur
2669 3140 2797 3179 esse
2829 3140 3004 3196 quam
3037 3139 3261 3189 verum,
3294 3123 3431 3178 audi
3468 3122 3683 3179 idcirco
3733 3138 3895 3192 sues,

473 3213 716 3271 medici.
750 3212 1078 3285 Segmenta
1103 3212 1296 3268 eboris
1327 3213 1386 3268 in
1420 3213 1678 3269 medelas
1705 3214 1727 3247 ³
1758 3213 1947 3268 varias
1972 3231 2138 3269 assu-

474 3305 752 3359 muntur.
785 3301 881 3356 Fel
916 3301 1131 3374 hyaenae
1161 3301 1466 3357 oculorum
1499 3302 1755 3358 restituit
1794 3301 2138 3370 claritatem,

480 3426 613 3498 illos
637 3426 923 3498 jejunium
947 3428 1148 3498 panis,
1197 3427 1403 3498 sagina
1448 3428 1701 3482 carnium
1747 3431 2138 3498 compensatur.

484 3496 796 3579 Eidﬁquae
825 3496 904 3577 ibi
944 3496 1187 3579 insuper
1232 3496 1603 3579 annotamus.
1658 3496 1887 3579 Qossurn
1922 3499 2137 3553 matris.

493 3566 706 3641 Cossis
729 3567 1023 3641 Vermiculi
1055 3566 1459 3641 dicuntur,qui
1493 3569 1800 3625 roboribus
1833 3569 2144 3641 innascun-

496 3642 627 3694 tur.
656 3636 778 3693 Hos
806 3636 939 3692 olim
972 3640 1031 3694 in
1058 3639 1284 3696 deliciis
1312 3636 1546 3696 habitos
1594 3645 1847 3696 testatur
1893 3640 2139 3695 Plinius.

492 3710 562 3767 In
592 3708 779 3784 Ponto
808 3715 864 3765 et
895 3710 1143 3784 l‘h‘rygia
1175 3728 1277 3767 eos
1323 3712 1683 3784 comedisse,
1718 3710 1951 3784 luxuria
1998 3716 2145 3784 erat,

486 3785 556 3838 ut
589 3781 1483 3855 observat}nfra'Hieronymus.
1534 3782 1764 3855 Abrhis
1812 3782 2143 3855 vermiculis

478 3853 830 3923 sacerdotes
859 3852 1090 3923 Cybelis
1128 3852 1331 3909 Matris
1375 3854 1550 3910 deum
1602 3853 1972 3909 abstinebant
2004 3854 2144 3909 ridi-

477 3924 621 3983 cula
650 3924 1097 3997 superstitione,
1130 3925 1298 3997 quasi
1322 3924 1405 3980 illi
1439 3930 1636 3980 essent
1666 3925 1837 4051 alacri.

1306 4037 1319 4051 .
1740 4013 1837 4050 am

1306 4037 1319 4051 .
1684 4013 1963 4051 ΜΑΒΤῙΑΝ.

552 4068 570 4103 ί
605 4065 993 4123 Cisterciens.
1045 4083 1177 4121 cum
1226 4066 1604 4123 Casanatensi
1638 4084 1781 4123 mss.
1832 4069 1898 4121 Et
1943 4070 2147 4124 cariem

476 4137 813 4204 huiusmodi
840 4153 956 4193 non
982 4140 1171 4193 statim
1198 4139 1268 4194 ad
1290 4139 1706 4204 comedendum,
1723 4143 1833 4194 etc.

594 4209 823 4267 Vocem
854 4224 992 4265 aves
1022 4226 1092 4265 ex
1122 4210 1396 4267 omnibus
1427 4227 1570 4265 mss.
1600 4214 1656 4264 et
1685 4210 1861 4265 veteri
1894 4209 2146 4264 editione

475 4280 866 4339 Mecimus.

550 4352 577 4388 ⁸
606 4350 765 4408 Alias
803 4355 934 4407 erat
960 4354 1187 4407 aurium
1212 4368 1314 4423 pro
1339 4354 1559 4423 varias.
1584 4352 1727 4423 iMox
1780 4351 1992 4423 Aquilae
2040 4366 2145 4423 pro

550 4366 577 4388 ’
606 4366 765 4408 Alias
803 4366 934 4407 erat
960 4368 1187 4407 aurium
1212 4368 1314 4423 pro
1339 4368 1540 4408 varias.
1596 4366 1727 4407 mox
1780 4366 1992 4422 Aquilae
2040 4366 2143 4476 pro

470 4423 743 4498 Hym,
777 4422 940 4495 quod
973 4422 1220 4479 Gravius
1279 4424 1503 4496 probat.
1548 4422 1693 4479 Vide
1736 4422 1992 4477 Plinium
2068 4421 2143 4475 ib.

470 4513 642 4549 xxix-
695 4511 750 4549 c.
815 4495 852 4549 6
908 4499 924 4540 ε
984 4494 1381 4549 Dioscoridem
1439 4510 1693 4549 auoaue.
1740 4498 1805 4549 et
1860 4491 2143 4549 Galenum

467 4513 642 4564 nix,
686 4511 750 4564 _c.
815 4499 852 4549 6
908 4499 924 4540 ε

467 4568 533 4627 in
559 4561 842 4631 Haeduis,
880 4564 1062 4638 idest
1091 4566 1175 4638 de
1194 4561 1548 4638 simplicium
1577 4561 2145 4638 medicamentorum

470 4642 725 4706 natura,
766 4653 802 4691 e
831 4636 1284 4708 quibusisthasc
1305 4636 1505 4693 omnia
1538 4637 1717 4692 ferme
1746 4636 2099 4708 delibantur.

553 4710 582 4743 δ
611 4709 679 4762 Et
706 4706 964 4763 Murum
1000 4707 1341 4764 Flavimum.
1406 4713 1485 4763 De
1532 4708 1735 4763 eodem
1786 4706 1975 4762 Flavio
2028 4707 2149 4760 haec

472 4778 676 4833 habet
700 4777 849 4833 libro
881 4778 1156 4834 Virorum
1186 4779 1511 4834 illustrium
1546 4780 1603 4834 in
1644 4778 1936 4833 Firmiano
1972 4795 1983 4832 :
2027 4779 2147 4832 Fir-

469 4850 741 4921 miamts,
806 4851 909 4921 qui
969 4858 1021 4906 et
1082 4852 1425 4906 Lactantius.
1464 4893 1475 4905 .
1514 4894 1575 4905 ..
1646 4854 1748 4904 sub
1811 4849 2149 4921 Diocletiano

466 4919 750 5002 principe
776 4919 988 5002 accitus
1034 4938 1161 4976 cum
1208 4921 1401 4977 Flavio
1428 4921 2043 5002 “Grammatice-"cujus
2073 4919 2150 5002 de

466 4989 933 5064 mea;
980 5009 1137 5048 versu
1201 4994 1484 5064 compositi
1538 4999 1746 5064 extant
1825 4989 1981 5064 libri,
2034 4995 2145 5044 etc.

468 5065 788 5122 ΜΑΒΊἼΑΝ.
819 5061 1374 5120 —Grammaticum
1417 5063 1694 5134 intelligo,
1746 5061 1902 5134 cujus
1949 5061 2151 5134 deme-

465 5135 835 5208 dicinalibus
898 5151 1055 5208 versu
1107 5137 1430 5208 compositos
1503 5132 1718 5208 exstare
1795 5132 1967 5187 libros
2025 5132 2152 5208 ipse

466 5211 749 5267 testatur
778 5206 838 5261 in
867 5207 1162 5273 Catalogn,
1193 5203 1243 5262 θ’.
1275 5207 1365 5260 80.
1400 5207 1550 5261 Sunt
1568 5204 1665 5273 qui
1688 5203 1845 5258 hunc
1876 5203 2149 5258 eumdem

464 5296 614 5338 esse
640 5283 857 5350 putent
889 5295 1022 5334 cum
1061 5275 1262 5350 Flavio
1288 5277 1473 5348 Capro
1509 5275 1655 5350 ;_alii
1684 5275 1784 5329 sed
1820 5290 2148 5350 perperam,

464 5347 773 5407 Par-dium
806 5367 914 5422 pro
955 5353 1207 5407 Flavium
1252 5347 1457 5420 legunt
1490 5347 1963 5411 ;Casanatensis,
2025 5349 2148 5401 Fla-

462 5439 648 5483 πείνη.

702 5491 1108 5563 partietur-es.
1140 5491 1380 5550 Fcedum
1428 5505 1703 5563 errorem
1733 5493 1899 5563 putat
1946 5488 2151 5563 Maria-

1166 5564 1458 5623 rhetores:
1494 5579 1597 5636 pro
1660 5560 1993 5618 rhetoribus
2050 5560 2152 5615 tri-

984 4478 1410 4567 Dioscorid‘em‘
1432 4478 1805 4567 Aquoquertet
1860 4491 2144 4549 Galenum
2180 4478 2225 4541 D

2248 3218 2306 3268 et
2334 3228 2528 3283 apros,
2560 3218 2617 3268 et
2645 3229 2863 3281 cervos,
2896 3218 2952 3269 et
2984 3213 3241 3285 reliquas
3290 3212 3619 3268 animantes
3667 3215 3892 3268 creatas

2249 3306 2315 3357 ut
2346 3300 2581 3368 milites,
2615 3306 2671 3357 et
2701 3301 2932 3358 athletae
2957 3303 2997 3370 ⁵,
3032 3306 3243 3371 nautae,
3289 3300 3572 3369 rhetores,
3624 3300 3893 3358 metallo-

2250 3425 2439 3480 bueus
2478 3428 2720 3482 sectores.
2762 3427 3007 3482 Gravius
3059 3430 3253 3481 autem
3312 3425 3371 3480 in
3429 3424 3585 3481 notis
3642 3424 3767 3481 suis
3820 3425 3899 3480 ad

2250 3495 2409 3551 hunc
2443 3495 2656 3563 locum,
2689 3498 2770 3551 ita
2814 3497 3099 3554 disserere
3155 3496 3375 3551 voluit:
3409 3495 3599 3552 Nautaa
3652 3495 3895 3552 rethores

2251 3573 2360 3622 etc.
2414 3568 2625 3638 Ingens
2676 3570 2976 3634 mendum,
3037 3569 3248 3638 inquit.
3311 3566 3465 3638 quod
3534 3566 3774 3638 irrepsit
3835 3566 3896 3621 in

2251 3639 2624 3710 exemplaria,
2679 3639 2900 3710 corrige
2937 3639 3136 3709 legens
3169 3655 3181 3693 :
3216 3647 3467 3693 vectores.
3529 3638 3615 3692 Ita
3661 3652 3905 3708 quoque

2251 3709 2379 3780 lege
2407 3709 2509 3763 lib.
2544 3728 2580 3765 ιι
2611 3710 2669 3763 in
2704 3709 3042 3835 Pelagianos
3075 3726 3087 3763 :
3123 3710 3446 3782 Loquuntur
3490 3714 3681 3789 nautae
3727 3711 3893 3791 ath

2251 3788 2507 3835 vectores.
2565 3781 2624 3834 in
2692 3781 2831 3835 Ezec
2882 3823 2895 3835 .
2963 3798 3077 3835 xvn
3112 3797 3125 3835 :
3195 3781 3302 3835 bos
3394 3779 3542 3835 duos
3624 3777 3893 3835 Similiter

2250 3777 2507 3847 vectores,
2565 3781 2624 3834 in
2692 3777 2895 3836 Ezech.
2963 3797 3125 3847 xvu;
3195 3777 3302 3836 bos
3394 3779 3542 3835 duos
3624 3777 3896 3836 similiter

2255 3850 2561 3975 conjungit
2589 3856 2646 3905 et
2676 3851 2735 3905 in
2767 3852 2970 3933 Matth.
2994 3868 3108 3933 xiv,
3142 3856 3252 3907 etc.
3285 3853 3360 3906 At
3387 3866 3528 3923 pace
3567 3850 3821 3934 Mariani
3842 3854 3903 3906 et

2255 3923 2447 3975 Gravn
2502 3926 2649 3975 iceat
2696 3923 2866 3975 nobis
2913 3924 3181 3975 codicum
3228 3939 3373 3975 mss.
3424 3922 3758 3975 auctoritati
3805 3938 3898 3975 1n-

2254 3921 2447 3978 Gra’vii
2480 3921 2649 3976 liceat
2696 3923 2866 3977 nobis
2913 3923 3181 3978 codicum
3228 3921 3758 3979 mssfauctoritati
3805 3922 3898 3978 in-

2255 3993 2493 4059 haerere,
2528 4009 2594 4047 ac
2622 3992 2925 4048 lectionem
2963 3994 3185 4049 Erasmi
3217 3993 3547 4061 defendere,
3581 4009 3717 4049 cum
3734 3991 3898 4050 illam

2255 4064 2619 4119 retinendam
2651 4064 2853 4120 doceat
2883 4069 3183 4120 contextus
3215 4066 3339 4136 ipse
3383 4063 3896 4135 Hieronymianus.

2255 4135 2404 4192 Dicit
2450 4140 2690 4190 sanctus
2722 4136 2923 4191 doctor
2979 4152 3136 4200 sues,
3196 4135 3254 4191 et
3308 4152 3510 4206 apros,_
3560 4139 3619 4190 et
3673 4150 3896 4203 cervos,

2254 4211 2387 4274 etc.,
2420 4212 2645 4262 creatos
2688 4222 2835 4274 esse,
2893 4210 2957 4261 ut
3014 4206 3228 4262 milites
3283 4204 3363 4261 et_
3395 4204 3646 4272 athletas,
3707 4208 3899 4261 nautas

2255 4282 2319 4350 et
2368 4277 2649 4344 rhetores,
2733 4276 3219 4350 metallorumque
3281 4277 3538 4350 fossores
3612 4275 3899 4350 haberent

2256 4349 2459 4416 cibos;
2509 4354 2711 4421 postea
2755 4350 2934 4415 addit,
2978 4346 3146 4421 quod
3206 4348 3425 4405 culibet
3479 4346 3767 4421 convenit,
3788 4348 3898 4421 qui

2251 4424 2477 4491 portant
2497 4420 2657 4475 arma
2688 4420 2744 4474 id
2773 4426 2863 4493 est
2892 4420 3108 4478 milites
3142 4439 3155 4477 :
3188 4422 3284 4492 qui
3307 4427 3505 4493 pugntt
3549 4423 3601 4476 et
3650 4420 3794 4493 calci

2255 4507 2354 4546 sua
2376 4508 2601 4563 corpora
2631 4491 2929 4548 debilitant
2960 4511 2973 4558 ;
3006 4493 3065 4548 hi
3099 4491 3239 4548 sunt
3279 4491 3508 4547 athletae
3538 4510 3551 4548 :
3585 4492 3683 4563 qui
3731 4507 3905 4548 remos

2258 4563 2508 4637 trahunt,
2536 4563 2714 4637 idest
2745 4570 2932 4619 nautae
2967 4582 2979 4619 :
3013 4580 3247 4637 quorum
3291 4564 3480 4637 latera
3534 4563 3604 4637 ad
3654 4564 3903 4618 claman-

2256 4633 2388 4687 dum
2411 4634 2805 4704 direndumque
2838 4640 2967 4690 sunt
3023 4633 3233 4699 calida,
3287 4635 3344 4690 id
3405 4639 3495 4689 est
3551 4634 3899 4689 rhetorum:

2257 4707 2355 4775 qui
2384 4706 2963 4771 subvertantmontes,
3013 4707 3121 4763 hoc
3151 4712 3239 4763 est
3296 4705 3664 4762 metallorum
3713 4704 3901 4760 t‘osso-

2259 4792 2372 4831 res.
2408 4778 2721 4848 Subjungit
2753 4777 2905 4832 idem
2938 4778 3325 4848 Hieronymus
3359 4793 3371 4830 :
3405 4779 3677 4832 Ceterum
3703 4778 3896 4830 nostra

2258 4848 2476 4915 religio,
2507 4864 2616 4901 non
2644 4845 2877 4914 ῖπύκττμ,
2909 4865 3019 4904 ηοη
3066 4845 3354 4911 athletam,
3386 4862 3496 4900 non
3538 4847 3754 4915 nautas,
3787 4861 3904 4902 non

2258 4914 2483 4985 milites,
2532 4936 2646 4975 non
2694 4925 2921 4987 fessorcs
2970 4938 2982 4987 ;
3036 4920 3127 4974 sed
3178 4918 3469 4988 sapientiae
3510 4914 3692 4972 erudit
3738 4924 3906 4973 secta-

2260 4995 2426 5045 torem
2487 4995 2597 5046 etc.
2658 4991 2827 5044 Certe
2878 4990 2928 5044 si
3003 4994 3173 5044 antea
3228 4987 3469 5059 legisset
3517 4990 3746 5043 sectores
3805 4992 3912 5045 aut

2258 5066 2537 5126 vectores,
2599 5061 2693 5115 hic
2747 5060 2963 5116 diceret
3006 5078 3017 5114 :
3069 5068 3252 5115 nostra
3300 5058 3498 5129 religio
3550 5074 3663 5114 non
3725 5059 3913 5118 erudit

2260 5134 2492 5188 vectores
2521 5140 2622 5187 aut
2651 5136 2884 5186 sectores
2915 5150 2933 5185 :
2960 5130 3061 5202 sed
3120 5130 3255 5202 quia
3309 5128 3668 5187 Christianos
3715 5131 3931 5191 erudit

2260 5204 2497 5259 rhetores
2526 5208 2583 5258 et
2622 5208 2903 5267 oratores,
2963 5201 3110 5256 hanc
3140 5201 3365 5257 ’vocem
3422 5202 3642 5269 omisit,
3702 5205 3937 5267 caetera~

2261 5274 2542 5343 abjiciens
2600 5273 2858 5328 nomina.
2922 5272 3336 5345 Retinendumg
3381 5271 3581 5345 itaque
3657 5275 3936 5339 verbum

2260 5346 2499 5401 rhetores
2533 5362 2545 5410 ;
2580 5345 2636 5399 id
2668 5345 2824 5400 enim
2856 5350 3103 5415 praepter
3126 5345 3252 5413 jam
3283 5343 3677 5409 dicta,s_uadet
3703 5344 3947 5407 Cicera

2263 5417 2333 5471 de
2391 5418 2700 5471 Senectute
2748 5433 2760 5469 :
2814 5414 3008 5483 Legem
3083 5416 3403 5487 Voconiam,
3434 5414 3656 5487 inquit,
3707 5431 3987 5487 meum

2261 5501 2382 5541 voce
2411 5495 2459 5541 et
2481 5488 2633 5541 bonis
2661 5487 2925 5543 lateribus
2973 5490 3281 5543 suusissem.
3327 5483 3549 5543 Ibidem
3598 5484 3719 5539 haec
3763 5483 4007 5555 deti;

2262 5558 2381 5613 nite
2412 5557 2673 5628 loquitur
2707 5577 2719 5615 :
2754 5559 2817 5615 Et
2846 5562 2895 5617 si
2925 5561 3074 5615 enim
3103 5575 3304 5616 munus
3332 5573 3442 5613 non
3472 5555 3685 5625 ingenii
3710 5553 4041 5651 solum;

3764 5870 3941 5967 Γ
