5364 6558
1032 276 1150 348 ³07

2267 290 2332 359 s.
2371 291 2681 359 susssu
2726 286 3187 358 BlERONYMl.

4310 286 4433 358 308

1032 433 1284 492 rumque
1310 419 1589 490 fossores,
1621 428 1679 482 et
1706 425 1896 483 caeteri
1927 426 2073 485 duro
2104 428 2263 501 operi
2308 427 2669 499 manicipati,
2703 431 2757 495 Α
2787 444 2921 483 cum
2962 427 3330 501 philosophis
3358 427 3723 485 doceremus.
3756 428 4044 486 Ceterum
4075 424 4207 502 quis
4262 426 4425 502 igno-

1032 504 1314 565 haberent
1361 512 1542 580 cibos,
1601 516 1817 587 quibus
1881 517 2159 573 fortitudo
2207 535 2514 590 corporum
2579 533 2675 571 ne-

1034 599 1289 654 cessaria
1330 606 1450 658 est:
1486 603 1587 674 qui
1634 609 1868 675 portant
1914 624 2079 671 arma
2125 613 2181 663 et
2231 606 2450 661 cibaria
2504 624 2517 661 :
2574 604 2674 677 qui

1034 687 1249 759 pugnis
1297 695 1354 745 et
1395 691 1653 747 calcibus
1700 711 1808 750 sua
1855 694 2101 750 invicem
2163 696 2426 750 membra
2468 693 2673 748 debili-

1035 776 1183 844 tant,
1245 778 1344 848 qui
1399 795 1591 835 remos
1639 784 1790 838 333
1840 783 2103 849 trahunt,
2160 800 2411 854 quorum
2490 781 2674 837 latera

1038 863 1112 918 ad
1161 866 1537 924 clamandum
1584 870 2015 943 dicendumque
2073 878 2212 929 sunt
2259 871 2450 925 valida
2503 888 2516 926 :
2571 870 2672 942 qui

1039 953 1390 1010 subvertant
1454 967 1699 1026 montes,
1769 964 1826 1014 et
1889 960 2000 1015 sub
2062 962 2073 995 '
2134 962 2280 1015 sudo
2349 965 2406 1015 et
2468 959 2673 1014 imbri-

1039 1038 1153 1097 bus
1184 1043 1503 1100 dormiunt.
1550 1047 1831 1102 Caeterum
1880 1053 2080 1104 nostra
2127 1048 2377 1122 Religio,
2406 1066 2522 1105 non
2571 1045 2673 1100 πύ-

1036 1146 1192 1198 κτην,
1226 1148 1339 1186 non
1370 1133 1670 1200 athletam,
1705 1153 1819 1191 non
1861 1142 2089 1205 nautas,
2123 1154 2238 1193 non
2290 1138 2525 1204 milites,
2559 1153 2675 1192 non

1034 1217 1290 1275 fossores
1325 1238 1338 1287 ;
1369 1223 1470 1277 sed
1502 1224 1798 1295 sapientiae
1841 1226 2035 1281 erudit
2075 1231 2441 1294 sectatorem,
2475 1226 2574 1298 qui
2614 1242 2677 1282 se

1045 1308 1348 1365 Deicultui
1382 1310 1703 1367 dedicavit:
1738 1319 1795 1370 et
1820 1315 1929 1370 scit
1978 1332 2083 1370 cur
2128 1320 2358 1371 creatus
2418 1316 2514 1381 sit,
2575 1331 2678 1369 cur

1030 1403 1297 1453 versetur
1349 1398 1410 1454 in
1468 1402 1687 1458 mundo
1759 1420 1873 1475 quo
1931 1404 2090 1460 abire
2123 1404 2373 1460 festinet.
2411 1404 2574 1459 Unde
2621 1408 2678 1458 et

1030 1487 1348 1558 Apostolus
1390 1488 1691 1562 loquitur:
1723 1493 1945 1561 Quando
1992 1494 2265 1563 inﬁrmor,
2315 1502 2442 1551 tunc
2484 1493 2678 1565 fortior

1029 1579 1253 1649 summ
1275 1578 1394 1634 Cor.
1427 1597 1526 1648 xu,
1583 1581 1693 1650 40).
1755 1584 1843 1650 Et,
1892 1584 1953 1638 Si
2006 1585 2244 1639 exterior
2301 1592 2484 1638 noster
2520 1582 2676 1638 homo

1039 1670 1434 1740 corrumpitur,
1463 1669 1558 1726 sed
1587 1672 1821 1727 interior
1847 1677 2145 1728 renovatur
2193 1673 2259 1727 de
2294 1673 2383 1728 die
2426 1675 2487 1728 in
2532 1672 2677 1727 diem

1032 1756 1106 1825 (Il
1144 1756 1270 1812 Cor.
1330 1774 1405 1825 IV,
1466 1761 1553 1829 16)
1589 1778 1602 1827 ;
1636 1760 1723 1825 Et,
1782 1761 1948 1832 Cupio
2005 1761 2231 1817 dissolvi
2284 1765 2334 1816 et
2388 1778 2502 1817 esse
2554 1777 2677 1816 cum

1033 1844 1247 1903 Christo
1275 1848 1445 1915 (Phil.
1478 1865 1518 1919 ι,
1550 1849 1662 1920 23),
1707 1850 1793 1917 Et,
1846 1850 2041 1906 Carnis
2089 1868 2281 1906 curam
2329 1868 2398 1906 ne
2436 1852 2676 1922 feceritis

1030 1935 1095 1990 in
1121 1935 1601 2009 desideriis(Rom.
1635 1956 1757 2005 xm,
1788 1940 1898 2008 44).
1932 1940 2206 2012 Nunquid
2230 1940 2507 1996 omnibus
2541 1957 2676 2011 pra:-

1030 2028 1264 2095 ceptum
1294 2030 1402 2093 est,
1436 2043 1507 2081 ne
1537 2027 1685 2083 duas
1715 2028 1945 2084 tunicas
1974 2028 2229 2084 habeant
2261 2048 2273 2085 :
2309 2045 2381 2084 ne
2421 2028 2582 2085 cibos
2614 2030 2672 2082 in

1032 2128 1191 2186 pera,
1223 2131 1303 2170 aes
1332 2116 1389 2171 in
1420 2132 1584 2182 zona,
1619 2116 1838 2189 virgam
1885 2118 1943 2172 in
1996 2135 2171 2173 manu
2221 2120 2262 2188 ’,
2315 2116 2673 2173 calceamen-

1031 2202 1236 2258 tumin
1269 2204 1561 2275 pedibus?
1592 2210 1655 2260 ut
1684 2207 1937 2261 vendant
1985 2208 2254 2262 universa
2305 2223 2432 2278 quas
2482 2205 2671 2277 possi-

1031 2292 1194 2359 dent,
1245 2294 1501 2366 dentque
1547 2296 1922 2367 pauperibus,
1964 2301 2021 2351 et
2090 2301 2416 2368 sequantur
2467 2295 2673 2351 Jesum

1031 2382 1241 2455 (Matth.
1309 2401 1365 2449 κ,
1432 2384 1487 2451 9,
1553 2402 1669 2449 xix,
1736 2384 1827 2455 2|,
1897 2390 1953 2440 et
2018 2385 2183 2440 Marc.
2253 2403 2330 2450 v1,
2390 2389 2423 2439 8
2465 2385 2671 2455 )?Sed

1031 2470 1126 2527 his
1164 2472 1268 2539 (At.
1301 2472 1401 2527 sed
1436 2473 1506 2528 de
1535 2472 1648 2544 his)
1684 2474 1904 2545 utique,
1939 2475 2075 2546 quid
2134 2473 2337 2529 volunt
2382 2490 2513 2529 esse
2544 2489 2671 2545 per-

1030 2560 1185 2626 fecti,
1219 2559 1492 2631 Alioquin
1526 2578 1560 2615 a
1582 2563 1801 2617 Joanne
1833 2563 2093 2635 Baptista
2130 2562 2285 2618 aliud
2338 2562 2675 2634 praecipitur

1029 2648 1340 2714 militibus,
1371 2647 1530 2703 aliud
1558 2649 1907 2721 publicanis.
1950 2650 2237 2705 Dominus
2284 2656 2479 2706 autem
2531 2650 2677 2706 dicit

1031 2736 1093 2791 in
1124 2736 1435 2809 Evangelio
1465 2738 1537 2792 ad
1567 2754 1723 2803 eum,
1757 2738 1856 2809 qui
1905 2755 1968 2794 se
2005 2740 2328 2810 jactaverat
2375 2739 2489 2813 legi
2540 2740 2672 2795 uni-

1030 2841 1201 2882 versa
1252 2823 1623 2897 complesse:
1668 2827 1730 2881 Si
1776 2829 1855 2882 vis
1910 2828 2180 2898 perfectus
2231 2845 2364 2895 esse,
2423 2828 2575 2893 vade,
2625 2831 2677 2884 et

1032 2913 1205 2970 vende
1232 2916 1421 2969 omnia
1447 2929 1573 2985 qua
1619 2914 1801 2983 habes,
1845 2916 1894 2971 el
1949 2915 2019 2971 du
2056 2918 2389 2987 pauperibus
2426 2921 2476 2972 et
2525 2919 2673 2981 veni,

1030 3018 1255 3075 sequere
1284 3018 1370 3058 me
1399 3004 1608 3071 (Matth,
1629 3021 1741 3072 nx,
1770 3004 1885 3072 2i).
1920 3005 1999 3059 Ne
2031 3022 2205 3078 grave
2254 3023 2404 3062 onus
2454 3004 2675 3060 nolenti

1030 3092 1326 3149 videretur
1354 3092 1651 3164 inponere,
1685 3093 1744 3148 in
1779 3094 2013 3165 propria
2042 3095 2333 3151 audientis
2376 3094 2675 3150 voluntate

2785 522 2892 584 ret,
2928 534 3401 589 unamquamque
3430 523 3665 591 gentem
3692 535 3806 574 non
3838 518 4136 573 communi
4165 517 4290 591 lege
4319 535 4421 574 na-

2785 610 2946 672 turze,
2972 606 3071 661 sed
3106 606 3218 674 his,
3269 623 3520 678 quorum
3572 607 3728 678 apud
3781 622 3843 662 se
3893 607 4062 679 copia
4113 611 4226 672 est,
4272 608 4427 662 vesci

2785 694 3016 750 solitam
3048 695 3076 749 ?
3107 695 3278 750 Verbi
3316 697 3465 751 884
3499 697 3712 767 gratia,
3763 697 3979 752 Arabes
4028 700 4085 750 et
4131 695 4425 765 Saraceni,

2784 786 2840 837 et
2870 783 3064 838 omnis
3095 783 3274 838 eremi
3304 784 3576 839 barbaria
3604 782 3960 839 camelorum
3984 783 4132 839 lacte
4147 787 4205 839 et
4233 782 4425 839 carni-

2784 872 2895 926 bus
2926 871 3062 926 vivit
3088 890 3100 927 :
3126 872 3265 943 quia
3294 873 3702 944 hujuscemodi
3751 873 3968 929 animal
4020 890 4126 945 pro
4154 874 4176 907 ‘
4206 876 4427 945 tempe-

2784 960 2866 1015 rie
2898 964 2955 1015 et
2984 960 3289 1017 sterilitate
3340 962 3643 1033 regionum
3684 961 3853 1017 facile
3891 963 4045 1034 apud
4094 978 4195 1017 eos
4243 967 4299 1017 ct
4341 961 4430 1034 gi-

2784 1049 2983 1122 gnitur
3012 1051 3366 1105 etnutritur.
3401 1051 3465 1106 Hi
3500 1051 3664 1107 nefas
3711 1050 4071 1107 arbitrantur
4121 1068 4424 1123 porcorum

2783 1139 2937 1194 vesci
2969 1140 3267 1195 carnibus.
3298 1141 3444 1196 Sues
3474 1140 3653 1207 enim,
3686 1141 3784 1211 qui
3824 1139 4058 1212 glande,
4111 1140 4424 1196 castaneis.

2787 1227 3083 1283 radicibus
3114 1227 3358 1295 ﬁlicum,
3390 1233 3449 1284 et
3496 1230 3714 1285 hordeo
3758 1228 3835 1284 ali
3887 1228 4096 1298 solent,
4146 1232 4251 1285 aut
4297 1245 4429 1284 raro

2786 1318 2941 1388 apud
2975 1333 3095 1384 eos,
3128 1322 3230 1372 aut
3260 1317 3494 1389 penitus
3526 1335 3640 1373 non
3693 1318 4077 1374 inveniuntur
4109 1335 4122 1374 :
4150 1322 4209 1373 et
4238 1318 4288 1373 si
4339 1317 4429 1372 in-

2786 1405 2938 1459 venti
2988 1406 3225 1471 fuerint,
3278 1405 3559 1461 alimenta
3621 1424 3736 1461 non
3776 1406 4013 1473 habent,
4064 1423 4191 1478 quas
4246 1423 4433 1478 supra

2786 1494 3064 1549 diximus.
3114 1496 3155 1549 E
3214 1494 3449 1567 regione
3511 1495 3993 1566 septentrionales
4053 1495 4324 1568 populos,
4380 1494 4431 1550 si

2785 1583 2854 1638 ad
2914 1600 3078 1639 esum
3147 1583 3447 1639 asinorum
3505 1584 3982 1656 camelorumque
4028 1582 4348 1657 compellas
4406 1584 4428 1618 ⁸

2785 1673 2976 1729 simile
3006 1673 3297 1745 putabunt
3325 1690 3525 1728 eorum
3556 1674 3710 1728 vesci
3740 1673 4111 1740 carnibus,ac
4140 1673 4189 1729 si
4216 1671 4424 1744 lupum

2785 1763 3085 1819 comedere
3115 1766 3417 1835 cogantur,
3449 1767 3551 1817 aut
3580 1764 3911 1817 corvum.In
3941 1761 4123 1817 Ponto
4153 1767 4213 1817 et
4245 1760 4432 1834 Phry-

2785 1851 2900 1924 gia,
2931 1868 3154 1907 vermes
3198 1850 3362 1907 albos
3409 1855 3466 1906 et
3512 1851 3741 1918 obesos,
3789 1851 3890 1923 qui
3956 1849 4170 1923 nigello
4233 1849 4425 1923 capite

2785 1945 2944 2011 sunt,
2977 1944 3033 1995 et
3062 1944 3387 1996 nascuntur
3416 1939 3475 1995 in
3508 1938 3802 2012 lignorum
3834 1938 4009 2006 carie,
4042 1955 4146 2011 pro
4193 1939 4426 2011 magnis

2785 2029 3070 2084 reditibus
3107 2027 3530 2101 paterfamilias
3578 2028 3773 2100 exigit.
3825 2028 3895 2083 Et
3940 2027 4233 2099 quomodo
4273 2027 4433 2099 apud

2785 2134 2890 2173 nos
2919 2122 3150 2190 attagen
3183 2122 3240 2173 et
3269 2116 3536 2183 ficedula,
3574 2115 3794 2173 mullus
3824 2120 3883 2171 et
3926 2133 4131 2172 scarus
4176 2116 4238 2171 in
4281 2115 4435 2173 deli-

2783 2207 2888 2261 ciis
2933 2211 3394 2278 computantur:
3447 2205 3531 2260 ita
3567 2205 3723 2278 apud
3774 2204 3906 2261 illos
3960 2200 4268 2279 ξυλοφάγον
4311 2204 4423 2277 (Al.

2784 2294 3138 2371 ξυλθφάγιον)
3172 2294 3499 2350 comedisse
3522 2293 3755 2349 luxnria
3782 2297 3891 2349 est.
3926 2294 4180 2349 Rursum
4220 2292 4434 2349 Orien-

2782 2384 2929 2439 tales
2962 2390 3018 2439 et
3046 2384 3230 2456 Libyae
3262 2384 3531 2455 populos,
3566 2383 3705 2454 quia
3736 2399 3838 2455 per
3882 2383 4179 2438 desertum
4227 2385 4283 2437 et
4331 2398 4433 2438 ca-

2784 2473 2965 2529 lidam
3013 2473 3193 2529 eremi
3242 2471 3575 2528 vastitatem
3626 2471 3988 2527 locustarum
4048 2470 4237 2525 nubes
4268 2486 4433 2542 repe-

2784 2563 3037 2628 riuntur,
3069 2561 3310 2617 locustis
3340 2560 3489 2617 vesci
3527 2559 3706 2616 moris
3737 2564 3849 2616 est.
3896 2559 4015 2615 Hoc
4058 2576 4262 2615 verum
4304 2575 4435 2616 esse

2780 2650 3039 2706 Joannes
3071 2666 3302 2722 quoque
3333 2648 3594 2720 Baptista
3626 2648 3850 2720 probat.
3906 2646 4198 2719 Compelle
4247 2647 4434 2720 Phry-

2784 2754 2916 2810 gem
2959 2742 3015 2792 et
3071 2738 3401 2803 Ponticum,
3465 2741 3531 2792 ut
3585 2735 3872 2792 locustam
3930 2736 4215 2802 comedat,
4269 2736 4434 2792 nefas

2785 2826 3029 2898 putabit.
3065 2829 3213 2897 Coge
3241 2830 3470 2898 Syrum.
3503 2825 3707 2880 Afrum
3740 2830 3798 2881 et
3826 2825 4072 2881 Arabem
4101 2825 4433 2881 utVermes

2789 2914 3054 2971 Ponticos
3101 2914 3331 2986 glutiat,
3376 2915 3458 2969 ita
3505 2930 3604 2969 eos
3653 2914 3958 2986 despiciet,
4005 2919 4072 2968 ut
4126 2930 4362 2970 muscas
4390 2916 4433 2981 ⁸,

2786 3002 3148 3074 millepedas,
3181 3006 3238 3059 et
3265 3002 3535 3069 lacertos,
3579 3019 3939 3074 quamquam
3987 3002 4100 3057 Siri
4150 3006 4209 3058 et
4237 3018 4440 3066 crocos

2786 3088 2922 3144 dilis
2954 3089 3219 3155 terrenis,
3268 3088 3391 3143 Afri
3440 3091 3617 3144 etiam
3665 3087 3897 3145 lacertis
3946 3088 4234 3146 viridibus
4280 3089 4437 3144 vesci

1038 3177 1267 3235 dimisit
1295 3180 1495 3236 dicens
1524 3199 1537 3236 :
1569 3180 1629 3236 Si
1658 3183 1738 3237 vis
1765 3184 2177 3253 perfectusesse.
2202 3184 2591 3248 Quamobrem
2625 3187 2682 3238 et
2710 3167 2755 3231 C
2792 3178 3038 3234 soleant.
3100 3178 3164 3233 In
3221 3179 3463 3250 Egypto
3520 3183 3578 3233 et
3633 3176 3910 3233 Palestina
3963 3182 4201 3250 propter
4254 3178 4431 3234 boum

1039 3284 1148 3342 ego
1177 3268 1283 3323 tibi
1313 3268 1503 3325 dicam
1538 3286 1551 3325 :
1583 3269 1640 3325 Si
1674 3271 1759 3325 vis
1783 3271 2071 3342 perfectus
2092 3272 2466 3337 esse,bonum
2497 3276 2585 3327 est
2604 3271 2682 3327 vi-

1038 3371 1182 3412 num
1197 3373 1311 3413 non
1325 3358 1607 3424 bibere,et
1622 3375 1854 3414 carnem
1870 3376 1982 3414 non
2000 3361 2171 3415 mand
2184 3360 2439 3417 ucare.Si
2453 3361 2540 3416 vis
2556 3377 2681 3433 per-

1036 3444 1223 3500 fectus
1253 3445 1620 3513 esse,melius
1649 3451 1737 3503 est
1766 3447 2034 3520 saginare
2064 3447 2529 3520 animam,quam
2554 3465 2678 3503 cor-

1033 3549 1166 3605 pus.
1196 3533 1254 3589 Si
1286 3539 1479 3590 autem
1512 3534 1791 3607 parvulus
1811 3553 1874 3591 es
1904 3536 2008 3607 (Al.
2040 3539 2088 3591 si
2152 3540 2345 3592 autem
2378 3537 2676 3609 parvulus)

1031 3625 1091 3677 et
1119 3638 1390 3678 cocorum
1422 3624 1552 3694 iura
1580 3628 1635 3680 te
1665 3623 2153 3690 delectant,nemo
2186 3624 2359 3697 eripit
2407 3625 2676 3682 faucibus

1030 3709 1118 3766 tui
1139 3709 1471 3766 esculentas
1502 3710 1701 3782 dapes.
1738 3712 2029 3767 Manduca
2073 3717 2131 3767 et
2163 3710 2313 3778 bibe,
2363 3716 2420 3767 et
2471 3712 2519 3767 si
2569 3713 2676 3768 tibi

1029 3797 1240 3870 placet,
1273 3815 1407 3853 cum
1456 3799 1668 3854 Israele
1717 3798 1854 3855 lude
1901 3815 2284 3872 consurgens,
2336 3806 2393 3855 et
2432 3800 2671 3857 canito:

1029 3885 1411 3943 Handucemus
1482 3890 1533 3942 et
1609 3887 1856 3943 bibamus
1890 3933 1902 3957 ,
1953 3905 2074 3944 cras
2146 3890 2294 3944 enim
2376 3892 2678 3946 moriemur

925 3986 939 4007 κ
1029 3975 1079 4045 (Ι
1096 3974 1216 4030 Cor.
1246 3992 1339 4041 xv,
1373 3976 1486 4046 85),
1511 3976 1814 4031 Manducet
1861 3980 1919 4032 et
1965 3977 2146 4046 bibat,
2198 3978 2300 4050 qui
2341 3983 2473 4050 post
2515 3979 2675 4035 cibos

1028 4068 1325 4136 exspectat
1372 4064 1674 4120 interitum
1736 4082 1749 4119 :
1811 4066 1911 4135 qui
1962 4082 2097 4121 cum
2157 4067 2406 4139 Epicuro
2462 4067 2606 4123 dicit
2657 4085 2671 4123 :

1028 4151 1165 4209 Post
1188 4158 1430 4209 mortem
1463 4152 1605 4208 nihil
1638 4158 1746 4222 est,
1782 4156 1837 4209 et
1869 4171 2026 4210 rrors
2057 4155 2185 4227 ipsa
2215 4155 2362 4211 nihil
2416 4161 2523 4211 est.
2556 4156 2672 4212 Nos

1027 4240 1205 4297 Paulo
1236 4242 1529 4299 credimus
1550 4240 2001 4299 intonanti:Esca
2030 4245 2226 4307 ventri,
2247 4248 2297 4300 et
2318 4253 2502 4300 venter
2540 4246 2673 4300 escis

1024 4331 1167 4387 Deus
1196 4340 1378 4388 autem
1407 4335 1459 4387 et
1478 4332 1624 4386 hunc
1652 4339 1704 4386 et
1733 4332 1890 4386 illam
1919 4332 2159 4387 destruet
2197 4333 2245 4403 (Ι
2269 4332 2390 4387 Cor.
2422 4350 2502 4399 νι,
2558 4334 2665 4404 13).

1094 4421 1146 4473 7.
1203 4419 1458 4476 Gentium
1507 4422 1788 4475 variarum
1852 4421 2043 4475 victus.
2119 4424 2369 4477 Locustae
2442 4422 2671 4477 Joannis

2790 3267 3090 3324 raritatem
3148 3284 3318 3323 nemo
3385 3283 3618 3323 vaccam
3679 3267 3950 3335 comedit,
4014 3272 4437 3340 taurorumque

2790 3373 2994 3412 carnes
3024 3361 3082 3412 et
3125 3355 3301 3411 boum
3353 3355 3789 3428 vitulorumque
3832 3361 4147 3412 assumunt
4176 3356 4233 3411 in
4266 3356 4435 3413 cibis.

2787 3447 2860 3501 At
2889 3446 2948 3500 in
2980 3448 3179 3500 nostra
3211 3443 3507 3516 provincia
3538 3444 3731 3500 scelus
3760 3448 3967 3517 putant
4014 3444 4228 3500 vitulos
4254 3445 4437 3503 devo-

2786 3551 2935 3590 rare.
2969 3534 3131 3590 Unde
3164 3538 3221 3590 et
3252 3535 3574 3606 Imperator
3606 3532 3821 3590 Valens
3863 3551 4051 3606 nuper
4096 3533 4285 3607 legem
4334 3551 4439 3607 per

2786 3623 3080 3679 Orientem
3140 3623 3398 3688 dederat,
3458 3639 3531 3678 ne
3588 3622 3722 3694 quis
3782 3621 4102 3679 vitulorum
4157 3622 4437 3680 carnibus

2785 3716 3132 3778 vesceretur,
3194 3710 3465 3766 utilitatis
3521 3709 3891 3783 agriculturae
3968 3710 4302 3783 providens,
4380 3716 4441 3767 et

2786 3800 3103 3873 pessimam
3129 3799 3490 3869 judaizantis
3518 3798 3676 3870 vulgi
3706 3799 4029 3855 emendans
4058 3799 4436 3855 consuetudi-

2791 3906 2948 3955 nem,
2982 3906 3086 3960 pro
3117 3888 3379 3944 altilibus
3415 3893 3473 3944 et
3502 3889 3521 3922 ⁷
3554 3886 3928 3955 lactentibus,
3955 3886 4170 3944 vitulos
4216 3904 4440 3944 consu-

2785 3978 3020 4046 mentis,
3062 3978 3377 4044 Nomades,
3419 3981 3476 4033 et
3525 3976 3910 4049 Troglodytas,
3974 3981 4030 4032 et
4070 3976 4317 4050 Scythae,
4380 3982 4442 4033 et

2783 4067 3131 4122 Hunnorum
3204 4082 3353 4120 nova
3419 4065 3645 4130 feritas,
3711 4065 4063 4121 semicrudis
4115 4070 4441 4121 vescuntur

2782 4154 3079 4210 carnibus.
3113 4154 3320 4208 Porrro
3354 4153 3793 4226 Ichthyophagi,
3825 4169 3969 4225 gens
3999 4170 4202 4209 errans
4243 4153 4303 4208 in
4334 4152 4437 4209 lit-

2779 4247 2905 4298 tore
2935 4242 3111 4297 maris
3144 4242 3345 4309 Rubri,
3379 4258 3556 4314 super
3587 4248 3778 4315 petras
3809 4242 3949 4299 solis
3980 4242 4172 4299 calore
4203 4243 4431 4299 ferven-

2780 4336 2866 4387 tes
2897 4336 3100 4387 assant
3129 4330 3337 4402 pisces,
3373 4336 3431 4386 et
3485 4331 3594 4386 hoc
3646 4331 3769 4387 solo
3800 4330 4077 4387 alimento
4134 4330 4434 4388 victitant.

2780 4421 3081 4484 Sarmatis,
3113 4420 3264 4475 385
3296 4420 3505 4486 Quadi,
3551 4419 3819 4488 Vandali,
3868 4424 3926 4475 et
3964 4418 4434 4476 innumerabiles

1023 4506 1299 4597 baptism,
1350 4508 1584 4561 Valentis
1636 4508 1732 4561 lea:
1794 4506 1858 4561 de
1908 4508 2103 4597 vitulis
2136 4524 2246 4563 non
2308 4509 2664 4565 comedendis.
2700 4533 2746 4597 Β
2777 4508 2902 4565 alia:
2935 4514 3158 4580 gentes,
3192 4525 3477 4597 equorum
3530 4514 3587 4564 et
3634 4510 3898 4581 vulpium
3946 4508 4225 4597 carnibus
4270 4502 4430 4565 dele-

996 4594 1325 4667 ‘Variarum
1362 4597 1611 4663 gentium
1660 4611 1851 4650 mores.
1906 4595 2154 4664 Singula:
2201 4600 2424 4669 Aigypti
2468 4602 2665 4655 civita-

1018 4687 1097 4739 tes
1124 4684 1377 4753 singulas
1408 4684 1616 4739 bestias
1641 4684 1909 4738 colebant.
1957 4716 2025 4724 —
2085 4685 2214 4740 Haec
2262 4687 2283 4719 ³
2339 4691 2534 4743 autem
2593 4691 2663 4745 de

1015 4773 1336 4845 Scripturis
1361 4789 1549 4846 pauca
1595 4772 1925 4845 posuimus,
1978 4778 2042 4828 ut
2091 4790 2412 4847 congruere
2464 4782 2665 4834 nostra

1013 4897 1106 4953 sed
1130 4899 1363 4954 laterum
1382 4900 1549 4953 etiam
1576 4906 1627 4953 et
1669 4897 1901 4951 virium.
1952 4896 2159 4953 Valida
2207 4899 2449 4969 proinde
2478 4900 2661 4957 latera

1016 4969 1087 5023 ad
1120 4969 1494 5025 clamandum
1526 4969 1981 5040 dicendumque,
2015 4986 2130 5025 non
2178 4971 2525 5037 sectoribus,
2559 4977 2661 5027 aut

1012 5041 1366 5107 vectoribus,
1389 5042 1487 5097 sed
1523 5040 1855 5097 rhetoribus
1892 5045 1950 5095 et
1998 5041 2348 5109 oratoribus,
2402 5042 2658 5099 tribuere

1014 5123 1254 5165 necesse
1284 5111 1379 5165 sit.
2158 5112 2441 5168 MARTIAN.

1083 5179 1203 5305 LI;
1227 5182 1604 5238 Casanatensi
1632 5186 1689 5239 et
1708 5182 1882 5239 veteri
1904 5182 2179 5249 editione,
2210 5185 2311 5240 sub
2338 5184 2484 5252 divo,
2531 5183 2655 5257 lege

1182 5267 1253 5305 io.

1009 5264 1112 5303 suo
1141 5264 1253 5306 am.

1081 5320 1103 5354 ²
1168 5319 1425 5376 Plurium
1508 5338 1752 5378 numero
1836 5340 1979 5379 mss.
2047 5326 2413 5382 calceamenta
2505 5325 2655 5381 Infra

1008 5388 1152 5519 illa,t
1181 5398 1235 5449 et
1289 5393 1361 5448 da
1412 5394 1768 5465 pauperibus,
1828 5395 1889 5449 in
1946 5395 2323 5454 Casanatensi
2385 5414 2498 5454 non
2548 5397 2652 5453 ha-

1052 5479 1122 5519 en
1157 5481 1244 5519 ur.

1040 5506 1266 5663 ἷῖᾗξέέ,
1317 5539 1450 5592 meo
1500 5551 1679 5608 pauca
1731 5535 1796 5591 dc
1848 5536 2161 5607 scripturis,
2220 5543 2277 5595 ut
2321 5557 2647 5612 congruere,

1063 5621 1116 5663 c.

1005 5621 1116 5677 etc,

2776 4602 3030 4653 ctantur.
3062 4597 3209 4659 Quid
3241 4596 3449 4668 loquar
3495 4598 3566 4652 de
3612 4598 3840 4653 caeteris
3894 4596 4253 4666 nationibus,
4287 4613 4431 4654 cum

2775 4687 2899 4758 ipse
2966 4684 3436 4742 adolescentulus
3504 4687 3563 4741 in
3631 4685 3819 4742 Gallia
3890 4687 3910 4719 ⁸
3966 4685 4249 4741 Atticotos
4310 4688 4424 4754 (At.

2771 4776 3019 4843 Scotos),
3052 4778 3285 4846 gentem
3317 4775 3737 4843 Britannicam,
3789 4774 4069 4830 humanis
4108 4775 4261 4832 vesci
4294 4791 4427 4831 car-

2842 4897 2863 4970 F
2893 4896 3052 4970 idem
3087 4914 3228 4953 mss.
3259 4915 3358 4968 pro
3388 4907 3649 4970 tempore,
3686 4914 3799 4970 non
3833 4900 4115 4970 temperie.

2840 4969 2861 5003 ⁸
2890 4968 3112 5052 supino
3143 4986 3336 5025 errore
3367 4968 3543 5052 penes
3573 4968 3976 5052 Martianaaum
4005 4969 4429 5052 eratsimulque

2769 5057 2872 5111 pro
2921 5040 3111 5095 simile
3173 5059 3186 5095 :
3247 5040 3745 5111 quemadmodum
3805 5057 3951 5096 mss.
4009 5050 4064 5097 et
4119 5040 4421 5098 Victorius

2768 5113 3106 5167 emendant.

2835 5184 2857 5218 ⁸
2887 5182 3046 5237 Alias
3077 5180 3451 5254 millepetlias.
3484 5183 3585 5237 Est
3610 5188 3811 5254 autem
3860 5183 4153 5254 millepeda
4197 5184 4426 5254 vermis

2764 5252 3187 5326 genusmultis
3218 5252 3486 5307 innixum
3516 5253 3793 5325 pedibus.
3821 5252 4144 5326 Paulopost
4172 5253 4426 5312 Charita-

2762 5323 2867 5379 tem
2897 5323 2997 5378 alii
3030 5324 3248 5378 habent
3277 5340 3379 5394 pro
3411 5323 3717 5381 raritatem.

2833 5395 2854 5470 ἶ
2884 5394 3217 5470 Sic-vocant
3250 5395 3520 5470 porculos
3550 5396 3815 5470 tenellos,
3848 5412 3999 5466 quos
4030 5400 4083 5452 et
4106 5395 4282 5453 Graeci
4307 5417 4416 5470 γα-

2763 5460 3220 5539 )αϐηνοίόςηνίἀ.
3250 5460 3546 5539 Laertium
3578 5466 3637 5521 in
3672 5460 4014 5539 Pythagora.

2830 5538 2849 5570 ⁸
2879 5537 3129 5613 ξίάρνίηι
3162 5538 3434 5613 Atticotos.
3467 5537 3746 5613 Erasmus
3772 5543 3831 5613 et
3858 5537 4160 5596 Marianus
4204 5537 4424 5613 legunt

2760 5607 2876 5677 huc
2907 5606 3054 5676 loco,
3087 5610 3276 5665 Lcotos
3294 5612 3506 5681 gentem
3526 5611 3910 5668 Britannicam
3935 5628 3947 5667 :
3981 5626 4191 5668 omnes
4209 5606 4417 5669 autem
