5364 6558
526 237 643 307 κθ

1587 240 2001 309 Αῡν-Εῐὶθυδ
2044 238 2532 321 JOVINIANUM
2576 245 2722 310 LIB.
2768 246 2848 313 11.

3798 240 3922 313 ΜΔ

525 358 709 436 omnis
738 382 990 436 conatus
1013 377 1143 450 ejus
1168 381 1227 435 et
1253 375 1512 453 impetus
1532 376 1604 434 ad
1634 374 1934 435 lasciviam
1958 392 2157 451 prope-
2190 385 2241 447 Α
2271 377 2342 435 de
2373 379 2672 453 carnibus,
2703 386 2762 439 et
2789 383 2982 450 ructu,
3014 384 3071 439 et
3099 379 3322 440 ventris
3348 379 3607 457 ingluvie
3635 380 3914 457 cogitare.
3946 416 3955 425 -

520 468 813 526 rant.8ine
833 474 1091 541 quatuor
1109 468 1381 524 sensibus
1402 467 1588 524 vivere
1618 468 2023 542 possumus,id
2045 473 2156 534 est,

520 559 642 614 sine
690 562 957 631 aspectu,
1012 558 1238 623 auditu,
1289 557 1558 624 odoratu,
1607 561 1781 629 atque
1829 556 2155 630 complexu.

516 647 750 719 Absque
780 650 957 720 gustu
979 653 1178 703 autem
1211 651 1270 702 et
1293 647 1438 703 cibis
1460 645 1827 719 impossibile
1848 651 1937 703 est
1954 646 2160 701 huma-

519 752 664 793 num
693 753 904 808 corpus
925 736 1267 792 subsistere.
1308 735 1526 791 Adesse
1542 751 1678 807 ergo
1700 735 1872 791 debet
1893 735 2060 801 ratio,
2094 739 2161 790 ut

521 825 668 882 tales
688 842 752 880 ac
773 830 966 881 tantas
978 840 1292 881 sumamus
1313 825 1723 897 escas,quibus
1747 841 1864 879 non
1884 827 2163 880 oneretur

525 931 747 987 corpus,
783 931 887 970 nec
914 913 1161 970 libertas
1190 913 1402 968 animae
1443 920 1873 985 praegravelur;
1923 912 2061 985 quia
2105 915 2163 967 et

522 1003 943 1059 comedendum
986 1011 1095 1069 est,
1134 1006 1192 1057 et
1220 1001 1743 1068 deambulandum,
1776 1005 1833 1056 et
1863 999 2161 1056 dormien-

513 1092 673 1160 dum,
706 1096 769 1147 et
823 1091 1238 1164 digerendum,
1287 1094 1343 1145 et
1372 1095 1575 1162 postea
1605 1089 1824 1145 inﬂatis
1859 1090 2045 1159 venis,
2077 1090 2161 1143 in-

514 1180 739 1237 centiva
772 1179 1092 1236 libidinum
1132 1179 1528 1234 sustinenda‘.
1580 1179 1893 1234 Luxuriosa
1931 1194 2016 1234 res
2072 1180 2160 1233 vi-

512 1286 668 1335 num,
716 1271 771 1324 et
814 1268 1210 1324 contumeliosa
1251 1267 1480 1322 ebrietas
1510 1268 1690 1338 (Prov.
1722 1284 1817 1330 xx,
1850 1267 1922 1338 t).
1958 1266 2162 1321 Omnis

519 1357 616 1433 qui
644 1373 779 1414 cum
808 1356 909 1413 bis
936 1356 1243 1424 miscetur,
1276 1372 1393 1411 non
1423 1356 1535 1411 erit
1566 1356 1823 1427 sapiens.
1873 1356 1989 1411 Nec
2017 1354 2163 1412 tales

509 1447 870 1518 accipiamus
890 1446 1078 1511 cibos,
1103 1461 1251 1518 quos
1272 1450 1374 1501 aut
1402 1444 1720 1500 difﬁculter
1748 1444 2031 1516 digerere,
2060 1447 2162 1499 aut

509 1550 797 1604 comesos,
832 1551 1051 1608 magno
1100 1539 1298 1606 partos
1344 1539 1402 1590 et
1448 1534 1705 1606 perditos
1746 1532 1944 1589 labore
1974 1532 2165 1589 dolea-

507 1641 656 1682 mus.
686 1624 966 1691 Olerum,
987 1639 1322 1696 pomorum,
1347 1639 1413 1677 ac
1433 1622 1822 1695 leguminum,
1854 1627 1911 1678 et
1938 1621 2164 1677 facilior

2269 468 2551 542 Diogenes
2580 476 2861 543 tyrannos
2890 478 2946 529 et
2968 472 3375 529 subversiones
3400 473 3920 543 (Al.subversores)

2269 558 2524 628 urbium,
2560 560 2829 633 bellaque
2857 561 2944 618 vel
2973 559 3230 627 hostilia,
3262 560 3350 616 vel
3380 561 3592 631 civilia,
3640 578 3757 618 non
3812 579 3914 636 pro

2267 647 2522 720 simplici
2553 652 2707 705 victu
2740 650 2963 707 olerum
2997 651 3555 723 pomorumque,sed
3587 667 3692 723 pro
3726 652 3914 707 carni-

2266 736 2378 791 bus
2407 740 2463 793 ct
2492 738 2797 810 epularum
2857 739 3081 795 deliciis
3112 738 3319 795 asserit
3347 737 3604 794 excitari.
3635 738 3916 811 Quodque

2269 826 2603 882 mirandum
2637 827 2730 896 sit,
2756 828 3041 901 Epicurus
3067 827 3384 901 voluptatis
3417 831 3919 895 assertor,omnes

2268 913 2448 971 libros
2479 933 2617 972 suos
2651 917 2887 989 replevit
2919 917 3177 973 oleribus
3233 919 3290 971 et
3342 916 3536 989 pomis
3592 919 3650 972 et
3705 915 3920 971 vilibus

2270 1002 2415 1059 cibis
2435 1004 2575 1059 dicit
2604 1022 2733 1061 esse
2761 1006 3104 1073 vivendum;
3143 1005 3282 1077 quia
3312 1009 3602 1073 carnes,et
3617 1005 3920 1077 exquisitae

2269 1092 2475 1164 epulae,
2507 1093 2728 1166 ingenti
2759 1111 2898 1149 cura
2926 1112 2991 1150 ac
3024 1094 3262 1151 miseria
3285 1098 3707 1166 praeparentur,
3734 1094 3913 1165 majo-

2270 1198 2511 1254 remque
2542 1200 2771 1254 pmnam
2799 1184 3050 1239 habeant
3077 1184 3136 1237 in
3158 1183 3506 1254 inquirendo
3531 1184 3921 1254 [.Jl.quaeren-

2271 1271 2365 1341 do]
2399 1288 2575 1342 quam
2606 1272 2966 1344 voluptatem
2998 1273 3054 1326 in
3100 1271 3414 1327 abutendo.
3470 1271 3614 1342 (Vid.
3679 1275 3918 1327 Lactan-

2272 1364 2413 1415 tzum
2444 1360 2746 1431 l.m,c.t7.)
2778 1361 3031 1432 Corpora
3062 1363 3258 1415 autem
3288 1363 3490 1415 nostra
3518 1359 3647 1415 cibo
3685 1362 3919 1415 tantum

2273 1453 2328 1504 et
2357 1453 2496 1520 potu
2530 1448 2810 1521 indigere.
2837 1447 2944 1505 Ubi
2975 1465 3129 1521 aqua
3158 1452 3217 1504 et
3247 1448 3416 1520 panis
3442 1446 3540 1511 sit,
3599 1451 3656 1503 et
3713 1452 3921 1504 caetera

2273 1536 2364 1592 bis
2395 1537 2633 1605 similia,
2668 1538 2748 1593 ibi
2782 1542 3003 1593 naturai
3035 1536 3400 1593 satisfactum
3438 1536 3533 1593 Vid
3566 1537 3840 1592 Laertium
3874 1537 3914 1592 l.

2272 1644 2306 1680 x
2331 1643 2343 1681 :
2377 1634 2428 1682 et
2451 1631 2715 1682 Senecam
2738 1627 2775 1681 l.
2813 1626 3173 1698 111.Epistol.2
3200 1628 3249 1681 et
3277 1624 3393 1695 25.)
3424 1623 3719 1696 Quidquid
3742 1640 3923 1695 supra

506 1719 834 1789 apparatus
864 1718 977 1814 est,
1009 1717 1067 1768 et
1098 1721 1219 1767 arte
1262 1710 1698 1817 impendiisque
1745 1726 2014 1767 cocorum
2045 1726 2161 1765 non
2195 1752 2242 1817 Β
2274 1714 2468 1814 fuerit,
2502 1732 2618 1771 non
2651 1715 2723 1770 ad
2754 1714 2880 1769 vitae
2929 1712 3339 1770 necessitatem
3377 1716 3662 1785 spectare,
3714 1712 3816 1769 sed
3847 1712 3918 1768 ad

502 1805 733 1877 indiget
759 1821 774 1860 :
806 1808 866 1859 et
895 1803 1022 1857 sine
1043 1818 1185 1856 cura
1221 1805 1509 1856 sustentat
1567 1801 1893 1855 humanum
1926 1816 2159 1872 corpus.

508 1893 931 1964 moderateque
960 1895 1237 1962 sumptus
1269 1890 1409 1960 quia
1465 1905 1571 1944 nec
1628 1889 1795 1944 avide
1853 1889 2165 1944 devoratur

516 1981 675 2053 quod
702 1981 1071 2036 irritamenta
1101 1979 1250 2052 gulae
1268 1994 1383 2034 non
1408 1977 1583 2033 habet
1608 1976 1806 2033 leviori
1838 1976 2163 2049 digestione

525 2068 923 2141 concoquitur.
954 2067 1140 2123 Nemo
1172 2066 1329 2122 enim
1375 2083 1489 2121 uno
1547 2070 1648 2121 aut
1702 2066 1934 2121 duobus
1991 2065 2163 2132 cibis,

522 2156 737 2230 bisque
763 2156 988 2224 vilibus,
1021 2172 1212 2228 usque
1244 2155 1314 2209 ad
1346 2154 1711 2210 inﬂationem
1743 2155 1965 2211 ventris
2022 2170 2161 2210 one-

512 2260 697 2315 ratur,
734 2263 863 2319 quae
896 2245 1231 2301 diversitate
1262 2244 1523 2299 carnium
1582 2248 1639 2299 et
1692 2243 1918 2315 saporis
1975 2243 2163 2300 delec-

500 2336 771 2394 tatioueg
800 2334 1149 2407 concipitur.
1185 2334 1327 2389 Cum
1359 2332 1534 2389 variis
1573 2332 1878 2388 nidoribus
1926 2338 2167 2389 sumant

502 2425 749 2497 patinae,
800 2424 877 2480 ad
903 2439 1070 2479 esum
1096 2423 1253 2479 840
1296 2423 1414 2487 sui,
1461 2420 1686 2494 expleta
1737 2421 1950 2487 esurie,
1996 2422 2165 2493 quasi

500 2515 773 2587 captivos
798 2513 1069 2569 trahunt.
1100 2512 1265 2568 Unde
1294 2516 1350 2567 et
1379 2510 1569 2565 morbi
1609 2526 1679 2566 ex
1726 2510 2034 2566 saturitate
2075 2510 2162 2565 ni-

500 2605 620 2659 mia
677 2602 1105 2668 concitantur;
1168 2599 1455 2671 multique
1512 2598 1936 2671 impatientiam
1989 2597 2162 2671 gula,

494 2694 726 2750 vomitu
761 2690 1188 2757 remediantur,
1219 2688 1451 2760 etquod
1485 2689 1733 2761 turpiter
1761 2688 2159 2762 ingesserunt,

502 2783 748 2855 turpius
778 2784 1052 2852 egerunt.

570 2870 947 2927 H.0ratione
976 2868 1230 2923 suasoria
1253 2865 1329 2922 ad
1358 2869 1502 2921 artes
1533 2882 1656 2939 cap.
1692 2868 1910 2922 ultimo.
1938 2866 2169 2923 Grandis

500 2960 799 3016 multatio
829 2959 1046 3014 animae
1073 2955 1218 3012 unde
1245 2958 1339 3011 sit.
1374 2957 1606 3012 Tenuior
1632 2957 1827 3025 victus,
1885 2957 2168 3028 Exempla

498 3044 1276 3120 frugalitatisﬂippocrates
1307 3043 1364 3100 in
1386 3043 1756 3118 Apborismis
1782 3046 1949 3101 docet
1968 3061 2169 3111 crassa

2270 1802 2476 1858 vitium
2523 1802 2862 1876 voluptatis.
2896 1803 3115 1869 Bibere,
3168 1806 3224 1857 et
3269 1801 3594 1868 comedere,
3644 1818 3760 1858 non
3818 1801 3923 1856 de-

2272 1891 2540 1948 liciarum
2571 1893 2897 1959 ardorcm‘,
2952 1893 3052 1947 sed
3123 1890 3282 1946 sitim
3329 1891 3666 1961 famemque
3714 1890 3922 1947 restin-

2271 1996 2468 2052 guere.
2504 1979 2610 2047 Qui
2643 1981 2919 2036 carnibus
2948 1985 3279 2051 vescantur,
3328 1979 3589 2052 indigere
3614 1978 3789 2035 etiam
3822 1978 3917 2034 his

2273 2087 2399 2137 quae
2433 2085 2548 2124 non
2570 2074 2710 2125 sunt
2733 2068 3020 2125 carnium.
3053 2069 3161 2132 Qui
3214 2072 3409 2124 autem
3460 2067 3713 2139 simplici
3761 2068 3915 2123 victu

2273 2159 2612 2225 abutantur,
2648 2175 2745 2214 eos
2793 2173 2996 2213 carnes
3054 2173 3171 2212 non
3230 2157 3544 2229 requirere.
3605 2156 3923 2229 Sapientiae

2273 2263 2505 2320 quoque
2537 2249 2684 2304 341
2720 2263 2956 2319 operam
2989 2247 3127 2301 dare
3150 2262 3262 2301 non
3288 2245 3923 2318 possumus,simensm

2274 2335 2695 2391 abundantiam
2728 2335 3222 2406 cogitemus,quas
3250 2332 3452 2388 labore
3482 2331 3665 2388 nimio
3695 2340 3753 2388 et
3781 2348 3921 2388 cura

2272 2424 2515 2496 indiget.
2547 2424 2672 2480 Cito
2701 2423 2969 2496 expletur
2996 2427 3220 2479 naturas
3250 2420 3571 2477 necessitas
3597 2439 3609 2477 :
3644 2420 3831 2493 frigus
3861 2426 3920 2477 et

2277 2516 2481 2579 lames,
2542 2511 2795 2586 simplici
2854 2511 3068 2567 vestitu
3125 2514 3183 2567 et
3254 2509 3383 2565 cibo
3442 2507 3655 2582 expelli
3709 2513 3920 2583 potest.

2277 2602 2439 2659 Unde
2468 2606 2525 2658 et
2555 2600 2908 2673 Apostolus:
2967 2600 3265 2665 Habentes,
3323 2598 3538 2671 inquit,
3594 2599 3819 2664 victum,
3872 2601 3926 2654 et

2276 2693 2529 2748 vestitum
2561 2691 2667 2762 [Αι.
2706 2689 3132 2760 vestimentum],
3192 2689 3254 2743 in
3315 2688 3398 2743 his
3453 2689 3699 2744 contenti
3751 2690 3924 2743 simus

2278 2780 2325 2851 (Ι
2354 2781 2486 2835 lim.
2520 2797 2598 2846 v1,
2630 2779 2708 2846 8).
2744 2776 2973 2833 Delicias
3028 2782 3086 2832 et
3111 2776 3420 2849 epularum
3468 2775 3778 2833 varietates
3809 2776 3922 2847 [Αἰ.

2275 2868 2567 2940 varietas],
2595 2867 2852 2924 fomenta
2909 2865 3162 2922 avaritiae
3213 2869 3373 2921 sunt.
3427 2864 3679 2921 Grandis
3726 2862 3924 2920 exsul-

2277 2957 2420 3013 tatio
2450 2956 2658 3012 animae
2690 2960 2802 3023 est,
2834 2971 2969 3011 cum
3000 2970 3176 3025 parvo
3208 2956 3512 3009 contentus
3545 2953 3724 3009 fueris
3754 2969 3922 3008 mun-

2278 3046 2420 3100 dum
2451 3045 2668 3101 habere
2697 3043 2807 3099 sub
2839 3042 3109 3115 pedibus,
3142 3045 3199 3098 et
3237 3056 3470 3096 omnem
3532 3041 3661 3113 ejus
3719 3046 3921 3117 poten-

496 3108 550 3193 ὲκ
581 3108 769 3193 obesa
797 3108 1205 3207 corporaque:
1228 3108 1524 3190 crescendi
1549 3149 1887 3189 mensuram
1911 3108 2171 3206 comple-I
2195 3120 2239 3187 C
2276 3133 2440 3201 tiam,
2477 3132 2700 3205 epulas,
2732 3108 3022 3197 libidines,
3056 3134 3293 3203 propter
3322 3146 3450 3202 quae
3493 3108 3921 3186 divitias'com-

495 3226 715 3289 verint,
748 3224 872 3280 nisi
915 3222 1213 3278 ablatione
1252 3222 1559 3296 sanguinis
1590 3223 1703 3277 cito
1735 3222 2170 3277 imminuantur

496 3314 559 3370 in
573 3312 900 3388 paralysim
914 3314 974 3369 et
984 3312 1241 3386 pessima
1254 3312 1592 3368 morborum
1608 3327 1822 3383 genera
1832 3327 1933 3367 eru
1943 3328 1996 3366 m
2003 3327 2158 3384 pere;

500 3408 565 3459 et
590 3402 816 3458 idcirco
841 3417 973 3458 esse
1004 3400 1397 3456 necessariam
1421 3399 1909 3470 demptionem,ut
1929 3417 2166 3457 rursum

502 3488 775 3545 habeant
798 3490 863 3544 in
890 3505 1016 3560 quae
1048 3488 1279 3560 possint
1308 3488 1720 3544 crescere.Non
1749 3488 1906 3544 enim
1930 3505 2166 3545 manere

514 3577 585 3632 in
614 3592 735 3633 uno
764 3582 918 3633 statu
950 3581 1226 3633 naturam
1258 3592 1590 3648 corporum,
1642 3577 1742 3631 sed
1778 3582 1879 3631 aut
1909 3594 2166 3634 crescere

512 3679 775 3737 semper,
809 3669 908 3720 aut
935 3664 1287 3732 decrescere,
1318 3680 1427 3720 nec
1477 3681 1649 3736 posse
1679 3665 1866 3721 vivere
1921 3665 2162 3731 animal,

504 3752 629 3811 nisi
660 3753 961 3810 crescendi
982 3770 1164 3826 capax
1186 3753 1453 3809 sit.Unde
1474 3759 1531 3809 et
1550 3752 1806 3810 Galenus
1829 3753 1918 3809 vir
1936 3754 2164 3827 (At.vel)

500 3841 1297 3917 doctissimusdiippocratis
1318 3842 1884 3914 interpres,atbletas
1911 3860 2162 3916 quorum

492 3933 622 3989 vita
650 3936 709 3988 et
739 3947 843 3987 ars
868 3931 1075 4004 sagina
1101 3936 1209 3997 est,
1243 3931 1385 3986 dicit
1412 3931 1506 3986 in3
1533 3931 1947 3989 Exhortatiuno
1985 3933 2165 3989 medi-

490 4021 667 4089 cine,
701 4036 816 4076 nec
842 4020 1038 4077 vivere
1068 4036 1241 4092 posse
1272 4020 1397 4086 diu,
1443 4037 1548 4077 nec
1592 4037 1768 4076 sanos
1818 4037 1981 4078 esse:
2038 4021 2162 4077 ani-

486 4126 749 4184 masque
759 4125 972 4166 eorum
987 4109 1071 4165 ita
1087 4108 1272 4165 nimio
1285 4110 1660 4182 sanguine,et
1689 4109 2161 4183 adipibus,quasi

486 4198 622 4254 luto
654 4197 1135 4270 involutas,nibil
1169 4196 1514 4268 tenue,nihil
1546 4196 1906 4267 cmleste,sed
1930 4215 2162 4272 semper

484 4355 1160 4430 bistoricosﬁallustius
1190 4373 1362 4430 porro
1391 4356 1450 4412 in
1472 4357 1876 4428 conjuratione
1895 4358 2153 4416 Catilinae

478 4428 656 4512 initio
684 4430 877 4510 hujus
907 4427 1280 4512 historize,'in
1314 4429 1469 4512 hunc
1501 4427 2007 4512 m0dum__scripsit
2029 4432 2155 4512 εᾷσιζ

476 4489 894 4584 nostr-acrinus
921 4501 1004 4584 vis
1050 4501 1113 4555 in
1352 4503 1404 4555 et
1440 4516 1663 4584 corpore
1700 4503 1807 4556 sita
1830 4489 1929 4584 est.
1960 4504 2153 4559 Animi
2182 4489 2229 4556 D
2260 4489 2478 4584 ἕχουσὶν
2498 4522 2594 4584 “x3:

1243 4516 1325 4582 ηιο
1352 4503 1404 4555 et
1440 4516 1663 4584 corpore
1700 4503 1807 4556 sita
1830 4489 1929 4584 .652.
1960 4504 2153 4559 Animi
2182 4489 2229 4556 D
2260 4489 2478 4584 {xeno-iv
2498 4489 2982 4584 ιξιριὲξᾳϐεσμνξνηγ,
3020 4489 3201 4584 ὀῦὂέλί
3224 4489 3361 4584 ,ᾆιξρι

770 4573 1024 4654 femoris
1051 4572 1276 4654 servitio
1300 4573 1479 4654 magis
1504 4573 1752 4628 utimur:
1785 4573 2020 4654 alterum
2049 4591 2148 4645 no-

466 4642 705 4698 biscum
715 4642 854 4707 diis,
869 4642 1230 4713 attemmcum
1242 4642 1438 4697 bettuis
1448 4658 1741 4698 commune
1753 4642 2144 4713 est.MAn'rIA1v.

474 4743 550 4754 —
575 4713 909 4789 Sallustius
938 4714 1000 4789 in
1027 4712 1429 4789 Catilinapap.
1468 4715 1650 4789 l,‘ubi
1688 4717 1877 4789 animi
1905 4722 1995 4771 est
2041 4712 2145 4789 pro

473 4787 718 4859 enim.
746 4784 1116 4859 Chrysippus
1147 4784 1300 4856 apud
1334 4783 1640 4859 Claudian.
1688 4783 2146 4859 Mamertum‘de

471 4856 659 4930 Statu
688 4854 903 4913 animae
932 4854 1104 4930 cili,
1135 4854 1266 4928 cap,
1299 4859 1367 4930 8:
1430 4857 1626 4930 Animo
1681 4857 2009 4914 dominandi
2044 4854 2145 4930 jus

462 4928 703 5001 tribuit,
727 4929 950 5001 corpori
978 4928 1150 4999 legem
1176 4928 1464 5001 servitutis
1493 4929 1747 5001 imponit,
1790 5000 1795 5001 ί
1976 4999 1997 5001 _
2022 4928 2062 5001 ,ξ
2118 4940 2123 4958 ⁵

538 5004 559 5035 ¹
598 4998 1054 5073 astitui-imum
1080 5003 1275 5073 tostus
1305 4998 1583 5066 Proverb,
1608 5016 1702 5073 ax,
1723 4999 1744 5073 l
1763 5000 1946 5070 ,juxta
1975 4999 2137 5073 LXX.

458 5070 632 5145 quod
644 5070 902 5145 minime
914 5075 1086 5145 antea
1102 5070 1473 5145 observatum
1490 5070 1738 5142 est.Legi
1750 5086 1882 5125 mus
1898 5070 2141 5145 proinde

454 5141 605 5199 cum
641 5142 971 5199 Veronensi
1002 5157 1069 5197 ac
1093 5141 1461 5197 Cisterciensi
1496 5158 1641 5197 mss.
1674 5141 1725 5198 et
1751 5141 2141 5199 contumeliosa

453 5214 752 5286 ebrietas;
786 5228 891 5286 pro
919 5229 1034 5286 quo
1065 5217 1208 5286 erat,
1251 5220 1303 5268 et
1350 5214 1708 5286 tumultuosa.
1766 5214 1960 5268 Graeco
2010 5212 2138 5286 ipso

450 5278 906 5359 κιῖῥόρερτὶκρν
934 5278 1371 5359 dissentiente.“
1397 5285 1875 5359 Emendationem
1932 5278 2139 5356 probat

450 5361 511 5411 et
540 5354 830 5411 Gravius.
862 5354 1025 5412 intra
1060 5355 1276 5411 leviora
1299 5354 1414 5410 alia
1442 5356 1829 5428 castigamus.

523 5429 551 5463 ³
580 5431 673 5483 Ex
702 5428 915 5501 iisdem
941 5444 1087 5501 mss.
1113 5429 1447 5501 concipitur,
1487 5426 1701 5501 nempe
1735 5426 1996 5497 inflatio;
2030 5444 2133 5484 an-

448 5502 549 5556 tea
579 5503 721 5571 erat
742 5498 1073 5571 percipitur.

520 5572 549 5605 ⁸
580 5566 837 5649 Proprie
870 5566 1271 5647 τὲροτρεπτικὸς
1301 5566 1470 5647 λόγος
1500 5568 1636 5645 πρὸς
1665 5570 1761 5633 τὰς
1790 5571 1987 5647 τέχνας
2043 5571 2132 5627 in.

323 5984 1211 6186 ait..-

2276 3227 2579 3295 parantur,
2616 3221 2832 3277 vilibus
2889 3223 3121 3276 mutare
3173 3220 3342 3284 cibis,
3392 3223 3449 3275 et
3499 3219 3785 3276 crassiore
3814 3218 3919 3293 [Αἱ.

2275 3311 2575 3384 grossiori]
2608 3311 2810 3367 tunica
2840 3325 3240 3381 compensare.
3282 3308 3444 3365 Tolle
3510 3308 3817 3381 epularum
3863 3312 3923 3364 et

2275 3400 2539 3457 libidinis
2568 3399 2880 3464 luxuriam,
2919 3414 3091 3455 nemo
3130 3402 3349 3469 quaeret
3380 3396 3634 3467 divitias,
3666 3414 3919 3470 quarum

2274 3506 2442 3561 usus,
2474 3493 2577 3546 aut
2605 3490 2666 3544 in
2697 3494 2918 3554 ventre,
2952 3492 3054 3543 aut
3084 3487 3194 3543 sub
3223 3490 3423 3541 ventre
3452 3489 3560 3541 est.
3602 3485 3710 3550 Qui
3735 3502 3918 3559 aegro-

2272 3580 2377 3642 tat,
2408 3594 2522 3632 non
2555 3577 2725 3632 aliter
2753 3576 2957 3648 recipit
3012 3573 3344 3639 sanitatem,
3398 3573 3512 3629 nisi
3570 3573 3731 3629 tenui
3788 3574 3920 3630 cibo

2275 3669 2331 3719 et
2356 3667 2638 3738 castigato
2664 3665 2840 3730 victu,
2865 3679 2995 3736 quae
3025 3659 3197 3730 λεπτὴ
3258 3658 3438 3714 δίαιτα
3468 3662 3706 3719 dicitur.
3783 3662 3918 3728 Qui-

2274 3753 2385 3808 bus
2415 3770 2550 3827 ergo
2582 3754 2728 3810 cibis
2756 3752 3033 3826 recipitur
3063 3750 3306 3817 sanitas,
3338 3750 3434 3806 his
3462 3755 3520 3806 et
3564 3750 3783 3806 servari
3817 3766 3910 3823 po-

2271 3845 2422 3909 test;
2456 3860 2529 3899 ne
2561 3843 2696 3914 quis
2726 3847 2890 3914 putet
2916 3840 3151 3896 morbos
3200 3839 3458 3896 oleribus
3503 3839 3800 3897 concitari.
3856 3839 3919 3897 Si

2273 3937 2466 3987 autem
2500 3931 2767 3987 Milonis“
2798 3930 2957 3985 illius
2995 3929 3341 3985 Crotoniatm
3393 3929 3544 3985 vires
3592 3928 3753 3986 olera
3803 3947 3920 3986 non

2273 4020 2613 4076 ministrant
2643 4036 2768 4089 quae
2800 4023 3124 4074 nascuntur
3154 4021 3211 4073 et
3231 4017 3470 4073 aluntur
3497 4019 3593 4074 ex‘i
3614 4018 3914 4076 carnibus:

2271 4109 2412 4182 quid
2472 4124 2708 4165 necesse
2764 4112 2854 4164 est
2910 4107 3029 4162 viro
3100 4106 3349 4178 sapienti
3433 4110 3491 4161 et
3562 4106 3916 4179 philosopho

2269 4285 2921 4359 scribitur.Hujusmodi
2939 4287 3134 4359 autem
3149 4282 3914 4359 sentcntiaest,quam_llier.

2272 4360 2469 4416 Latine
2498 4352 3042 4432 θξλριὶἒθιηΣαρκῶκζ
3074 4355 3183 4432 γξρ
3240 4354 3319 4410 ἀεὶ
3348 4354 3437 4432 xuii
3470 4352 3914 4432 αξίμᾶιςος-ἀθροΐ-

2301 4449 2449 4493 οντες
2498 4421 2724 4513 ττλῆθοὶ
2769 4428 2852 4513 ὡς.
2894 4421 2953 4482 ’ἐν
3018 4421 3273 4513 βοῖῥξόριιι
3336 4426 3436 4513 rip;
3490 4421 3676 4501 ψὺχὴν
3708 4421 3912 4513 sepltth

3377 4464 3388 4478 .
3417 4464 3434 4479 ν
3491 4464 3675 4501 ..μιν
3708 4464 3911 4481 “ww.

3366 4464 3461 4560 6‘s;
3520 4505 3713 4567 νοῆσαι
3758 4494 3914 4552 δυνα-

2264 4567 2452 4648 μίένην,
2488 4570 2613 4626 ἀλλ’
2643 4567 2805 4626 cives}
2832 4567 3042 4654 ὁμοίως
3066 4575 3183 4632 τοῖς
3214 4567 3439 4644 ἀλόγοις
3474 4570 3658 4639 ζώοις.

2328 4648 2351 4679 ⁴
2382 4646 2522 4700 Mss.
2558 4645 2771 4700 ardore.
2806 4643 2946 4698 olim
2978 4648 3102 4698 erat
3131 4644 3421 4699 ardorest:
3448 4642 3744 4698 Victorius
3778 4657 3907 4696 ma-

2256 4714 2366 4771 luit
2395 4716 2464 4770 ad
2493 4715 2823 4771 deliciarum
2852 4714 3132 4772 ardorem.

2327 4788 2347 4821 ⁸
2373 4787 2530 4842 Illius
2562 4786 2895 4842 Crotoniatae
2946 4788 3107 4841 vives.
3140 4784 3273 4840 Milo
3303 4781 3700 4839 Crotoniensis
3729 4783 3905 4837 tanta;

2255 4858 2617 4913 fortitudinis
2648 4856 2829 4911 fuisse
2859 4857 3097 4923 dicitur,
3143 4861 3209 4911 ut
3254 4860 3313 4909 in
3370 4854 3670 4926 Olympico
3712 4859 3907 4926 certa-

2255 4930 2412 4985 mine
2443 4929 2645 4984 bovem
2681 4944 2781 4998 per
2807 4928 3068 4982 stadium
3100 4926 3415 4998 portaVerit
3437 4925 3453 4980 :’
3485 4941 3659 4998 quem
3691 4925 3903 4998 deinde

2252 5002 2370 5056 ictu
2405 5001 2585 5077 pugni
2612 4995 2930 5077 interfecit,
2964 4995 3333 5077 unoquoque
3361 4996 3456 5077 die
3483 4995 3778 5077 integrum
3798 4997 3909 5077 _d_o-

2248 5066 2665 5128 vorav‘ithide
2691 5069 2976 5124 Galenum
3010 5066 3341 5139 ubiisup’ra,
3393 5072 3449 5122 et
3482 5066 3735 5125 Plinium
3797 5068 3902 5126 lib.

2248 5161 2355 5208 vn,
2388 5162 2514 5216 cap.
2533 5145 2635 5216 20.
2660 5146 2941 5196 Maurus.

2318 5217 2340 5250 ⁸
2370 5209 2588 5272 Vocula
2616 5229 2686 5268 ea:
2743 5216 2914 5285 antea
2966 5209 3429 5285 desiderabatur.
3482 5210 3663 5267 Paulo
3722 5229 3908 5285 supra

2245 5288 2572 5358 castigatum
2601 5283 3003 5358 aADeo_vic!um
3034 5280 3455 5358 Tertullianus.
3490 5286 3549 5337 et
3577 5280 3910 5358 castigatam

2244 5353 2595 5429 refectionem
2625 5354 2943 5429 Cassianus
2965 5353 3514 5429 vocat._Macrobius
3564 5353 3800 5429 quoque
3859 5356 3911 5414 1,

2250 5425 2556 5484 ιιείιῑιιιή.
2587 5443 2713 5498 cap.
2740 5427 2773 5498 ί1
2813 5427 3006 5498 "eroes
3035 5427 3316 5498 castigatis
3344 5425 3593 5498 dapibus
3624 5425 3913 5498 assidam.

2250 5446 2287 5483 ll
2320 5444 2556 5484 butum.
2587 5444 2653 5482 ca
2701 5469 2713 5481 .
2749 5444 2773 5480 1
2813 5444 3006 5481 uerocs
3035 5444 3316 5497 castigans
3344 5444 3577 5498 uapwus
3624 5444 3913 5485 asszaunt.

2244 5499 2525 5557 Caeterum
2558 5499 2629 5570 de
2657 5444 2872 5555 Klilone
2897 5496 3015 5552 vid.
3046 5496 3332 5554 Galenum
3363 5496 3488 5555 loco
3534 5513 3715 5570 supra
3767 5497 3917 5552 lau-

2244 5571 2493 5643 ᾶαεονοι
2520 5569 2779 5628 Plinium
2808 5569 3042 5641 lib.-vu,
3068 5584 3199 5642 cap.
3229 5571 3321 5626 20.

3762 5918 3971 6037 Γ
