5364 6558
1113 234 1228 300 315

2345 234 2407 299 8.
2454 231 2765 300 EUSEBII
2805 232 3277 302 HIERONYMI.

4370 227 4482 297 816

1107 366 1340 435 Christi,
1371 369 1596 427 tantam
1626 368 1840 429 habere
1868 370 2292 443 fortitudinem,
2324 388 2452 444 qua
2509 369 2744 428 athletis
2774 369 2833 437 Α
2858 369 3153 428 caarchus
3177 369 3238 427 in
3298 367 3431 427 libri
3486 369 3942 444 Antiquitatum,
3998 370 4055 427 et
4107 365 4483 443 descriptione

1109 461 1167 513 et
1196 456 1482 515 militibus
1513 462 1843 518 necessaria
1862 468 1971 525 est.
2005 480 2180 535 quam
2213 480 2346 519 cum
2380 462 2751 525 habuerit,ad

1105 544 1246 600 vitia
1276 550 1658 617 provocetur?
1691 550 1777 605 Illi
1810 550 2166 608 arbitrentur
2200 553 2306 623 [Αἰ.
2367 550 2750 621 arbritantur]

1106 650 1311 690 carnes
1340 636 1579 692 sanitati
1610 655 1920 712 congruas,
1953 640 2051 711 qui
2086 640 2289 696 volunt
2319 639 2477 695 abuti
2511 638 2753 694 libidine

1107 728 1165 779 et
1196 724 1253 778 in
1287 741 1518 781 canum
1551 727 1801 784 demersi
1842 728 2309 802 voluptatum,ad
2341 728 2559 784 coitum
2606 745 2753 784 sem-

1106 830 1208 885 per
1251 821 1589 870 exastuant.
1637 816 1967 873 Christiano
1999 820 2223 874 sanitas
2272 819 2494 890 absque
2524 817 2749 872 viribus

1107 902 1306 957 nimiis
1338 906 1667 961 necessaria
1696 911 1803 961 est.
1837 907 1951 962 Nec
1990 907 2226 962 turbare
2286 924 2392 962 nos
2447 907 2637 975 debet,
2698 904 2749 961 si

1109 990 1224 1046 rari
1285 991 1407 1047 sint
1465 993 1642 1064 hujus
1691 994 1971 1066 propositi
2029 999 2381 1062 sectatores;
2438 995 2577 1066 quia
2634 993 2747 1048 rari

1104 1085 1244 1136 sunt
1274 1085 1332 1135 et
1359 1082 1533 1137 amici
1569 1083 1705 1137 boni
1736 1088 1792 1139 et
1822 1082 2047 1151 ﬁdeles,
2090 1089 2146 1140 et
2204 1083 2397 1157 pudici
2450 1089 2507 1139 et
2563 1081 2745 1137 conti-

1103 1176 1330 1236 nentes,
1363 1186 1713 1243 semperque
1741 1173 1927 1229 virtus
1958 1190 2087 1229 rara
2141 1177 2248 1229 est.
2301 1173 2448 1244 Lege
2501 1167 2745 1226 Fabricii

1101 1257 1541 1328 continentiam,
1575 1260 1730 1316 Curii
1765 1266 2186 1335 paupertatem,
2220 1265 2277 1317 et
2304 1260 2364 1315 in
2414 1263 2572 1315 tanta
2604 1259 2749 1314 urbe

1099 1347 1193 1401 vix
1226 1363 1442 1419 paucos
1471 1348 1730 1406 invenies
1762 1368 1911 1423 quos
1940 1350 2227 1422 sequaris.
2263 1349 2392 1405 Noli
2424 1350 2628 1405 timere
2651 1364 2743 1415 ne,

1099 1436 1148 1491 si
1203 1452 1408 1493 carnes
1467 1455 1584 1493 non
1641 1441 1985 1505 comederis,
2041 1456 2298 1512 aucupes
2349 1443 2406 1494 et
2444 1442 2747 1493 venatores

1099 1525 1319 1580 frustra
1349 1526 1595 1583 artiﬁcia
1624 1528 1969 1585 dedicerint.

1171 1613 1258 1668 l2.
1292 1614 1559 1686 Podagra
1590 1617 1883 1673 medicina.
1918 1618 2145 1674 Vitanda
2175 1620 2355 1673 omnis
2401 1619 2645 1672 satietas.
2678 1648 2746 1657 —

2866 460 3117 528 Gracia,
3159 461 3335 517 refert
3381 460 3490 517 sub
3538 460 3809 529 Saturno,
3844 460 3900 515 id
3944 463 4052 528 est,
4097 459 4156 514 in
4188 475 4361 516 aureo
4390 475 4492 515 sa-

2862 547 3014 615 culo,
3042 566 3174 604 cum
3208 548 3404 605 omnia
3431 548 3650 604 humus
3684 549 3970 617 funderet,
4016 547 4241 604 nullum
4302 564 4491 605 come-

2861 638 3020 693 disse
3050 655 3277 706 carnes,
3310 638 3410 694 sed
3444 638 3748 693 universos
3778 637 3990 694 vixisse
4020 637 4288 710 frugibus
4318 641 4373 693 et
4398 653 4499 710 po.

2860 727 2994 786 mis.
3029 744 3153 800 qua
3184 731 3391 800 sponte
3418 731 3575 783 terra
3628 727 3925 800 gignebat.
3987 727 4292 783 Persarum
4351 727 4498 800 regis

2858 814 2985 888 Cyri
3032 815 3151 871 vita
3204 816 3524 887 Xenophon
3580 819 3708 871 octo
3758 815 4159 872 voluminibus
4208 814 4491 888 explicat:

2859 903 3096 977 polenta
3123 910 3181 961 et
3209 905 3483 961 cardamo
3513 909 3572 960 et
3625 903 3746 960 sale
3803 921 3868 959 ac
3925 921 4074 976 pane
4125 903 4341 959 cibario
4399 920 4490 959 eos

2858 1009 3128 1050 asserens
3171 992 3451 1049 victitare.
3502 992 4067 1048 Lacedamoniorum
4119 1009 4332 1048 mensa
4379 993 4490 1048 fru-

2857 1080 3233 1155 galitatisque
3261 1087 3319 1137 et
3348 1081 3785 1155 suprascriptus
3824 1081 4143 1153 Xenophon
4204 1086 4264 1137 et
4312 1082 4488 1138 Theo-

2858 1170 3156 1242 phrastus,
3186 1175 3244 1226 et
3272 1187 3477 1226 omnes
3508 1186 3655 1242 pene
3679 1170 3992 1242 scriptores
4040 1170 4269 1226 Gracia
4317 1175 4487 1228 testes

2856 1264 3015 1314 sunt.
3070 1259 3455 1316 Chaeremon3
3525 1258 3778 1325 Stoicus,
3809 1258 3898 1313 vir
3954 1257 4487 1331 eloquentissimus,

2857 1355 3057 1405 narrat
3082 1351 3153 1405 de
3198 1350 3332 1405 Vita
3385 1349 3764 1421 antiquorum
3821 1348 4048 1421 Egypti
4107 1349 4487 1420 sacerdotum,

2855 1438 3010 1510 quod
3041 1437 3316 1494 omnibus
3335 1436 3539 1493 mundi
3570 1435 3821 1509 negotiis
3851 1435 4125 1508 curisque
4156 1436 4491 1509 postpositis

2854 1543 3088 1599 semper
3112 1527 3172 1582 in
3198 1526 3417 1598 templo
3449 1525 3703 1592 fuerint;
3738 1529 3796 1581 et
3825 1540 4025 1580 rerum
4066 1530 4331 1596 naturas,
4361 1542 4493 1582 cau-

2856 1633 3069 1688 sasque
3120 1632 3186 1672 ac
3244 1616 3496 1671 rationes
3550 1614 3812 1670 siderum
3897 1613 4275 1687 contemplati
4331 1616 4489 1683 sint;

1100 1702 1376 1775 Legimus
1407 1705 1694 1776 quosdam
1742 1707 1944 1762 morbo
2003 1707 2303 1763 articulari
2360 1712 2419 1763 et
2476 1706 2744 1779 podagra
2781 1722 3163 1806 Bnunquam
3222 1703 3568 1761 mulieribus
3635 1719 3698 1759 se
3757 1702 4134 1771 miscuerint;
4194 1720 4492 1777 nunquam

1098 1790 1447 1848 humoribus
1480 1794 1831 1863 laborantes,
1868 1796 2291 1868 proscriptione
2328 1797 2641 1862 bonorum,
2674 1796 2746 1851 ad
2781 1790 2827 1806 υ
2858 1799 3136 1868 cognatos
3167 1797 3224 1849 et
3252 1794 3633 1866 propinquos,
3669 1808 3740 1848 ne
3780 1791 3994 1848 liberos
4049 1792 4288 1864 quidem
4343 1794 4492 1850 ³48

1100 1880 1427 1953 simplicem
1471 1900 1735 1939 mensam
1781 1890 1839 1940 et
1894 1902 2181 1957 pauperes
2239 1884 2399 1941 cibos
2458 1884 2743 1951 redactos,

1097 1969 1482 2027 convaluisse.
1526 1973 1845 2030 Caruerant
1901 1973 2059 2029 enim
2119 1972 2449 2030 sollicitudo
2509 1972 2743 2045 dispen-

1097 2059 1293 2114 sanda
1325 2060 1537 2116 domus
1567 2066 1624 2117 et
1662 2063 1970 2134 epularum
2003 2063 2295 2136 largitate,
2330 2078 2458 2135 qua
2490 2066 2546 2118 et
2603 2078 2732 2117 cor-

1098 2162 1208 2217 pus
1241 2148 1519 2222 frangunt
1543 2155 1600 2206 et
1655 2153 1810 2209 842
1860 2151 2144 2208 animam.
2205 2150 2414 2207 Irridet
2468 2149 2745 2207 Horatius

1098 2236 1290 2307 (Epist.
1324 2239 1420 2294 lib.
1456 2257 1493 2307 1,
1528 2256 1610 2311 ep.
1643 2244 1698 2309 2,
1749 2240 1819 2296 ad
1877 2242 2139 2316 Lollium)
2199 2240 2524 2314 appetitum
2582 2239 2743 2295 cibo-

1098 2340 1251 2393 rum,
1279 2327 1382 2398 qui
1406 2330 1740 2402 consumpti
1771 2329 2113 2402 relinquunt
2156 2328 2596 2402 paenitentiam:

1181 2440 1384 2505 Sperne
1412 2443 1736 2507 voluptates,
1766 2449 1924 2495 nocet
1952 2447 2129 2507 empta
2157 2442 2340 2493 dolore
2391 2443 2651 2506 voluptas.

1170 2558 1239 2612 Et
1266 2574 1402 2613 cum
1434 2560 1493 2614 in
1525 2560 1926 2616 amoenissima
1957 2577 2094 2633 agro
2125 2560 2183 2615 in
2216 2575 2481 2615 morsum
2530 2558 2740 2630 volup-

1094 2647 1403 2700 tuosorum
1433 2647 1742 2703 hominum
1774 2665 1835 2704 se
1863 2664 2130 2704 crassum
2173 2648 2569 2720 pinguemque
2615 2647 2741 2702 des-

1095 2732 1361 2804 criberet,
1394 2733 1531 2790 lusit
1563 2735 1658 2791 his
1689 2736 1989 2792 versibus:

1161 2848 1243 2897 Me
1272 2849 1527 2914 pinguem
1555 2856 1608 2901 et
1636 2851 1882 2910 nitidum,
1912 2852 2048 2902 bene
2077 2856 2261 2902 curata
2288 2856 2431 2908 cute,
2461 2850 2617 2907 vises.

1159 2928 1289 2977 Cum
1320 2929 1492 2979 ridere
1521 2932 1689 2992 voles,
1722 2932 1933 2995 Epicuri
1963 2933 2029 2982 de
2061 2945 2219 2995 grege
2248 2944 2488 2994 porcum.

1169 3036 1279 3092 Sed
1312 3040 1369 3092 et
1396 3053 1465 3091 ex
1494 3036 1797 3094 vilissimis
1840 3037 1987 3095 cibis
2039 3038 2278 3093 vitanda
2330 3036 2570 3091 satietas
2627 3040 2736 3090 est.

2855 1884 3127 1952 viderint,
3184 1899 3253 1938 ex
3321 1898 3388 1938 eo
3446 1885 3728 1954 tempore,
3775 1897 3892 1953 quo
3941 1880 4255 1954 coepissent
4302 1881 4493 1938 divino

2856 1973 3039 2029 cultui
3070 1971 3361 2029 deservire
3388 1987 3402 2025 :
3433 1970 3710 2026 carnibus
3738 1973 3797 2025 et
3826 1967 3957 2025 vino
3976 1971 3999 2004 ⁸
4045 1985 4277 2043 semper
4323 1970 4495 2027 absti-

2854 2062 3110 2131 nuerint,
3143 2065 3399 2134 propter,
3430 2058 3775 2115 tenuitatem
3806 2073 4016 2115 sensus
4055 2063 4112 2114 et
4152 2059 4488 2133 vertiginem

2854 2150 3063 2223 capitis
3094 2166 3271 2223 quam
3303 2165 3373 2205 ex
3403 2165 3578 2221 parvo
3609 2148 3736 2203 cibo
3766 2147 4176 2219 patiebantur;
4226 2153 4284 2204 et
4313 2148 4490 2204 maxi-

2853 2256 2949 2296 me
2979 2243 3215 2312 propter
3245 2238 3541 2310 appetitus
3588 2236 3873 2303 libidinis,
3931 2236 4032 2308 qui
4089 2252 4159 2292 ex
4208 2236 4301 2292 his
4350 2236 4493 2294 cibis

2853 2334 2911 2385 et
2940 2346 3007 2386 ex
3037 2328 3146 2384 hac
3176 2327 3410 2400 potione
3442 2330 3787 2382 nascuntur.
3819 2325 3973 2381 Pane
4020 2342 4149 2381 raro
4180 2327 4494 2382 vesceban-

2853 2423 2969 2488 tur,
3004 2433 3075 2473 ne
3106 2420 3417 2472 onerarent
3444 2414 3838 2472 stomachum.
3862 2414 3930 2469 Et
3961 2413 4008 2469 si
4040 2414 4275 2486 quando
4306 2431 4496 2472 come-

2852 2507 3088 2575 debant,
3122 2512 3319 2562 tusum
3355 2505 3460 2576 [AL
3496 2520 3738 2559 consum
3766 2507 3823 2559 et
3850 2502 4075 2577 tusum]
4107 2502 4327 2576 pariter
4360 2504 4493 2578 hys-

2853 2612 3064 2669 80pum
3118 2594 3433 2652 sumebant
3478 2594 3538 2648 in
3595 2593 3746 2659 cibo,
3806 2596 3873 2648 ut
3932 2608 4128 2648 escam
4172 2593 4494 2665 graviorem

2850 2684 3009 2741 illius
3039 2683 3227 2740 calore
3256 2684 3667 2755 decoquerent.
3702 2680 3907 2737 Oleum
3938 2683 4171 2737 tantum
4219 2680 4279 2736 in
4333 2682 4500 2739 oleri-

2850 2773 2961 2829 bus
2994 2776 3499 2837 noverant,verum
3531 2773 3588 2826 et
3614 2770 3811 2841 ipsum
3843 2785 4073 2841 parum,
4106 2774 4343 2843 propter
4359 2787 4499 2827 nau-

2849 2878 3009 2917 seam
3040 2865 3098 2917 et
3125 2860 3501 2932 asperitatem
3531 2862 3741 2931 gustus
3788 2856 4143 2912 leniendam.
4204 2858 4355 2924 Quid
4410 2858 4494 2915 lo-

2848 2966 3015 3023 quar,
3042 2949 3256 3021 inquit,
3288 2949 3361 3004 de
3388 2946 3747 3016 volatilibus,
3771 2961 3905 3001 cum
3936 2961 4108 3001 ovum
4134 2962 4369 3018 quoque
4389 2963 4491 3020 pro

2849 3038 3124 3095 carnibus
3154 3036 3540 3103 vitaverint,et
3567 3034 3697 3091 lac?
3718 3036 3975 3101 Quorum
4006 3033 4255 3091 alterum
4287 3051 4496 3093 carnes

1097 3123 1254 3179 Nihil
1285 3125 1443 3180 enim
1476 3126 1557 3181 ita
1586 3126 1783 3182 obruit
1807 3127 2099 3194 animum,
2132 3131 2197 3181 ut
2215 3125 2426 3197 plenus
2455 3129 2652 3180 venter
2681 3129 2739 3179 et
2771 3110 2814 3177 C
2849 3126 3126 3200 liquidas,
3159 3125 3409 3182 alterum
3440 3124 3788 3197 sanguinem
3815 3139 3945 3179 esse
3975 3123 4269 3191 dicebant,
4303 3123 4497 3181 colore

1094 3216 1441 3285 exastnans,
1472 3219 1530 3270 et
1561 3215 1675 3271 huc
1703 3214 1959 3288 illucque
1990 3232 2053 3271 se
2082 3220 2333 3282 vertens,
2356 3218 2414 3270 et
2442 3214 2499 3268 in
2535 3218 2739 3268 ructus

1094 3300 1183 3359 vel
1211 3302 1271 3358 in
1301 3304 1558 3376 crepitus
1587 3308 1891 3361 ventorum
1923 3304 2213 3361 efflatione
2241 3302 2554 3376 respirans.
2591 3302 2740 3367 Qua-

1095 3390 1149 3448 le
1177 3391 1320 3448 illud
1343 3392 1642 3465 jejunium
1672 3398 1780 3462 est,
1821 3398 1921 3449 aut
1969 3392 2163 3465 qualis
2212 3392 2313 3448 illa
2345 3391 2576 3448 refectio
2608 3395 2740 3464 post

1086 3480 1407 3552 jejunium,
1467 3498 1601 3537 cum
1660 3481 1942 3554 pridianis
1998 3481 2189 3554 epulis
2232 3479 2647 3545 distendimur,
2679 3484 2737 3535 et

1096 3572 1305 3641 guttur
1337 3574 1604 3626 nostrum
1674 3571 2139 3628 meditatorium'
2196 3569 2447 3627 efficitur
2497 3568 2735 3625 latrina-

1097 3675 1229 3713 rum
1250 3658 1278 3714 ?
1302 3658 1570 3732 Dumque
1598 3660 1871 3717 volumus
1903 3659 2232 3733 prolixioris
2263 3657 2467 3715 inedia
2517 3659 2736 3713 famam

1096 3762 1340 3817 querere
1368 3749 1475 3818 [AL
1509 3749 1665 3804 fama
1695 3748 1932 3821 carere],
1968 3754 2193 3805 tantum
2226 3763 2521 3817 voramus,
2545 3763 2735 3818 quan-

1095 3840 1221 3889 tum
1249 3834 1343 3889 vix
1371 3835 1610 3892 alterius
1641 3838 1755 3893 diei
1789 3854 1901 3893 nox
1929 3838 2175 3910 digerat.
2212 3838 2410 3908 Itaque
2454 3853 2570 3892 non
2615 3841 2734 3891 tam

1069 3921 1381 3993 jejunium
1414 3924 1828 3995 appellandum
1859 3930 1971 3995 est,
2004 3942 2178 4000 quam
2211 3924 2475 3999 crapula,
2526 3942 2590 3980 ac
2649 3926 2733 3979 fe-

1092 4015 1221 4067 tens
1251 4014 1309 4067 et
1340 4011 1585 4068 molesta
1607 4014 1873 4089 digestio.

1166 4099 1255 4156 l3.
1289 4100 1710 4171 Dicaarchus’,
1736 4104 2081 4179 Xenophon,
2132 4106 2489 4161 Charemon.
2524 4134 2589 4143 —
2646 4100 2737 4156 Di-

1167 4279 1181 4313 ¹
1216 4279 1469 4363 Nostrum
1514 4282 1938 4363 meditatorium.
1973 4282 2067 4339 Sic
2096 4283 2222 4363 lege
2279 4297 2413 4363 cum
2473 4281 2734 4363 Erasmo,

1094 4354 1151 4407 et
1180 4352 1455 4408 omnibus
1485 4369 1625 4410 mss.
1658 4353 1957 4410 codicibus
1998 4352 2233 4408 nostris.
2287 4352 2446 4406 Idem
2492 4352 2736 4407 verbum

1095 4422 1348 4491 reperies
1380 4426 1439 4478 in
1470 4424 1718 4494 epistola
1748 4425 1819 4479 ad
1854 4423 2149 4479 Fabiolam
2175 4424 2245 4478 de
2274 4439 2387 4477 xw
2413 4422 2734 4477 mansioni-

1094 4493 1205 4546 bus
1237 4493 1634 4549 Israelitarum
1675 4495 1733 4549 in
1769 4495 2021 4550 deserto.
2052 4500 2196 4549 tom.
2223 4494 2269 4548 II
2300 4492 2577 4549 editionis
2607 4510 2734 4550 nos-

1096 4568 1217 4629 tra,
1250 4562 1358 4617 col.
1383 4566 1508 4633 60i,
1541 4565 1599 4619 in
1628 4566 1763 4621 fine.
1794 4567 1895 4621 Est
1924 4571 2115 4620 autem
2150 4564 2555 4620 meditatorium
2583 4564 2745 4621 locus

1097 4634 1502 4707 exercitiorum
1538 4636 1656 4691 sive
1694 4637 2266 4693 meditamentorum.
2310 4635 2473 4691 Unde
2503 4635 2746 4707 pulchre

1097 4704 1549 4779 meditatoriumg
1565 4707 1793 4779 vocavit
1816 4711 2021 4779 guttur
2050 4711 2341 4774 nostrum,
2383 4704 2521 4779 quia
2545 4708 2653 4764 hoc
2684 4710 2743 4763 in

1094 4794 1162 4833 eo
1184 4777 1379 4850 agitur
1406 4782 1464 4861 et
1491 4777 1637 4833 illud
1667 4778 1748 4859 ibi
1778 4777 1985 4860 incipit
2037 4785 2095 4833 et
2152 4777 2531 4903 praipara'tur,
2587 4782 2743 4862 quod

1097 4856 1300 4903 postea
1327 4849 1543 4903 latrina
1571 4855 1823 4903 suscnmt
1842 4854 1900 4903 et
1930 4850 2187 4903 devorat.
2297 4850 2389 4903 ide
2436 4851 2743 4903 Tertullin-

1096 4849 1300 4919 postea
1327 4849 1543 4906 latrina
1571 4849 1823 4921 suscipit
1842 4854 1900 4906 et
1930 4849 2187 4921 devorat.
2244 4849 2389 4906 Vide
2436 4849 2743 4907 Tertullia-

1098 4937 1240 4994 num
1272 4921 1344 4977 de
1369 4922 1623 4994 Jejunio.
1660 4920 1937 4977 Msarxn.
1971 4920 2121 4978 Alibi
2154 4921 2560 4994 mediatorium,
2581 4924 2737 4994 quod

1099 4990 1295 5047 minus
1325 4990 1531 5064 placet.
1566 4993 1847 5063 Sumptus
1878 4999 2071 5049 autem
2106 4998 2195 5049 est
2222 4993 2382 5064 locus
2414 4993 2541 5057 iste,
2574 4990 2744 5048 illud-

1098 5077 1212 5130 que
1239 5063 1587 5135 vocabulum
1620 5081 1689 5120 ex
1717 5064 2057 5121 Tertulliani
2089 5065 2191 5120 lib.
2246 5064 2318 5120 de
2354 5063 2603 5135 Jejuniis
2634 5065 2741 5119 ad-

1095 5147 1300 5209 versus
1332 5134 1661 5209 Psycbicos,
1692 5154 1818 5209 cap,
1846 5139 1912 5192 6:
1950 5138 2084 5193 Cum
2108 5145 2279 5192 totum
2321 5134 2463 5189 illud
2498 5134 2741 5209 domici-

1097 5203 1237 5275 lium
1269 5203 1558 5275 interioris
1588 5203 1848 5275 hominis,
1878 5210 2015 5264 escis
2061 5210 2343 5275 stipatum,
2385 5207 2529 5261 vinis
2572 5208 2741 5261 inun-

1096 5272 1308 5349 datum,
1340 5273 1697 5349 decoqueudis
1717 5272 1841 5346 jam
1892 5272 2219 5334 stercoribus
2271 5285 2548 5349 aestuans,
2585 5293 2742 5349 prae-

1098 5344 1511 5421 meditatoriugn
1542 5344 1782 5421 efﬁcitur
1810 5350 2173 5405 latrinarum.
2211 5349 2341 5403 Vid.
2372 5349 2431 5403 in
2463 5344 2631 5421 epist.
2667 5351 2740 5406 ad

1107 5414 1321 5472 l’abiol.
1356 5417 1425 5472 de
1458 5414 1745 5472 ManSion.
1779 5421 1867 5472 42.

1170 5489 1191 5521 ²
1222 5488 1301 5565 E}
1330 5488 1535 5565 eodem
1580 5488 1920 5565 Porphyrio,
1952 5490 1979 5543 ὁ
2014 5490 2440 5565 περξπᾳτηςξικὸς
2488 5490 2740 5565 Δικαίαρ-

1098 5577 1223 5637 χος,
1257 5558 1317 5623 ’ὸς
1362 5558 1453 5616 τὸν
1503 5557 1730 5638 ἀρχαῖόν
1774 5557 1913 5634 ”βίον
1961 5557 2390 5630 τῆς’⁹ΈλΑᾶδος
2422 5557 2742 5643 ἀφηγούμε-

2851 3220 3077 3272 mutato
3093 3214 3123 3270 ?
3151 3214 3385 3271 Cubile‘
3419 3214 3505 3270 eis
3533 3214 3605 3269 de
3636 3211 3792 3269 foliis
3814 3210 4324 3285 palmarum,quas
4346 3213 4503 3270 boias

2849 3309 3079 3372 vocant,
3113 3308 3450 3360 contextum
3479 3306 3603 3359 erat
3630 3318 3644 3357 :
3674 3300 3994 3358 scabellum
4022 3302 4044 3337 ⁶
4073 3300 4320 3371 accline,
4354 3306 4505 3359 etex

2850 3411 2970 3450 una
3000 3398 3165 3466 parte
3194 3391 3522 3465 obliquum,
3563 3391 3625 3446 in
3667 3394 3824 3447 terra
3868 3406 3973 3463 pro
4025 3388 4263 3463 pulvillo
4323 3389 4506 3463 capiti

2850 3482 3282 3556 supponebant,
3297 3480 3461 3537 bidui
3489 3478 3786 3551 triduique
3816 3478 4073 3535 inediam
4104 3479 4499 3537 sustinentes.

2848 3570 3269 3644 Humores[Al.
3303 3571 3370 3626 Et
3398 3569 3693 3639 homores]
3750 3567 4030 3640 corporis,
4074 3567 4176 3640 qui
4236 3584 4501 3625 nascun-

2848 3666 2949 3718 tur
2973 3677 3043 3717 ex
3072 3661 3188 3716 otio
3218 3664 3276 3716 et
3303 3675 3373 3715 ex
3401 3656 3705 3715 mansione
3734 3656 3911 3712 unius
3941 3655 4076 3723 loci,
4102 3654 4286 3712 nimia
4306 3657 4497 3713 victus

2847 3750 3233 3823 castigatione
3261 3748 3581 3805 siccabant.

2919 3841 2985 3895 14
3012 3838 3331 3896 Judaorum
3385 3840 3564 3903 secta,
3622 3836 3903 3905 Magorum
3957 3835 4067 3890 tria
4113 3850 4317 3903 genera
4344 3836 4496 3907 apud

2845 3930 3041 3985 Persas
3090 3925 3549 3999 Gymnosophista
3603 3923 3880 3979 Indorum.
3922 3927 4203 3994 Praecepta
4257 3923 4367 3979 tria
4427 3925 4489 3979 in

2846 4017 3045 4089 templo
3076 4016 3372 4071 Elemina.
3408 4012 3746 4069 Antisthenes
3771 4012 3935 4084 quis?
3969 4042 4039 4051 —
4082 4009 4375 4083 Josepbus
4426 4012 4490 4068 in

2845 4104 3104 4163 secunda
3131 4101 3390 4160 Judaica
3419 4099 3771 4173 captivitatis
3804 4099 4073 4167 Historia,
4106 4104 4164 4156 et
4191 4100 4251 4156 in
4280 4105 4491 4158 octavo

2849 4300 2961 4342 νος.
2995 4284 3128 4345 etc.,
3161 4296 3287 4351 qua
3309 4279 3364 4351 si
3390 4276 3643 4351 libuerit,
3675 4278 4119 4351 consules.Vide
4148 4283 4204 4351 et
4224 4278 4498 4351 Suidam,

2849 4357 2908 4408 et
2937 4349 3257 4407 Varronem
3289 4350 3360 4405 de
3390 4350 3470 4422 Re
3501 4350 3739 4422 rustica.
3771 4350 3811 4406 Ι.
3840 4369 3905 4418 n,
3927 4367 3978 4406 c.
4015 4350 4197 4422 1,,ubi
4233 4349 4503 4422 idipsum

2852 4423 3059 4479 recitat
3088 4440 3157 4477 ex
3183 4421 3556 4494 Dicaearcho:
3589 4421 3766 4494 paulo
3824 4422 3975 4477 infra
4030 4420 4362 4478 Ciceronem
4429 4421 4507 4478 ad

2776 4478 2819 4543 D
2853 4478 3171 4561 Qiuinctum
3208 4494 3444 4565 fratrem
3479 4478 3634 4565 lib};
3666 4493 3793 4565 Ep.,
3822 4494 3963 4565 Etsi
3989 4508 4101 4565 non
4128 4497 4237 4549 etc.

2923 4566 2945 4600 ³
2976 4566 3186 4620 Totum
3213 4564 3389 4637 hocce
3419 4563 3743 4637 capitulum
3774 4565 3848 4637 ad
3876 4563 4115 4637 Josephi
4154 4579 4356 4637 usque,
4388 4565 4512 4637 tes-

2853 4636 3275 4717 timonium,_ex
3305 4634 4031 4717 Porphyrio-vertit,_qhuod
4065 4640 4293 4692 tantum
4342 4634 4507 4690 indi-

2852 4725 2920 4764 co
2946 4706 3246 4763 brevitatis
3277 4706 3517 4762 studiof
3534 4711 3715 4763 Antea
3742 4711 3866 4763 erat
3894 4706 4217 4763 Cheramon.

2922 4779 2944 4814 δ
2974 4780 3253 4861 Enpungo
3282 4794 3340 4834 se
3367 4778 3809 4861 voculam,_qua
3853 4778 3922 4861 in.
3963 4795 4105 4835 mss.
4157 4794 4270 4835 non
4320 4775 4508 4832 habe-

2851 4854 2967 4921 tur,
2999 4849 3354 4922 et'quadam
3385 4849 3600 4906 leviora
3619 4849 3735 4906 alia
3763 4850 4029 4906 restituo.

2862 4990 2876 5011 ν
2922 4922 2943 4956 ³
2960 4921 3206 5011 ερὴίρνιιῐ
3222 4921 3656 5011 ~Porphyrius“:
3690 4919 3884 5011 Κθίξη-
3920 4916 4016 5011 δὲ’)
4033 4918 4217 5011 aii-cog;
4242 4916 4329 5011 ,ἐξ

2853 4989 3118 5069 ρπεδίκων
3154 4987 3576 5069 ’ττοῖζῐη(ίςιοῖνιῖι-ος,⁸
3718 4987 3945 5069 natoue:
3987 4992 4129 5069 pii;
4167 4987 4507 5069 éa€n1_sxzo.

2850 5065 3107 5131 Hieron.,
3131 5061 3324 5137 cubile
3345 5066 3425 5137 eis
3454 5063 3519 5118 de
3544 5063 3697 5137 foliis
3722 5061 4069 5137 palmarum,
4082 5068 4191 5120 etc.
4242 5063 4355 5120 Sed
4407 5061 4513 5118 fa-

2851 5131 3291 5209 qile__c1t13ixtov
3352 5134 3415 5209 in_
3475 5131 3793 5209 Porphyrio
3844 5135 4181 5209 legendum
4254 5138 4342 5209 est
4391 5146 4515 5208 pro

2859 5204 3149 5274 ὀπεδίκων,
3181 5204 3649 5277 vertendumque
3672 5204 3737 5264 ile
3761 5204 4082 5277 palmarum
4110 5204 4444 5263 termitibus.

2924 5280 2946 5314 ⁶
2978 5280 3111 5334 Erat
3139 5277 3363 5334 accline.
3396 5278 3461 5332 In
3492 5276 3695 5349 regula
3737 5276 3796 5334 S.
3844 5278 4144 5335 Pachomii
4188 5294 4257 5333 ex
4302 5294 4523 5335 emen-

2854 5348 3346 5424 dationenostra,
3369 5349 3542 5424 Aemo
3562 5348 3840 5406 dormiens
3870 5353 4141 5424 supponat
4176 5350 4292 5405 nisi
4336 5351 4533 5424 recli-

2854 5368 3093 5405 aauone
3124 5368 3346 5420 nostra,
3376 5368 3542 5405 uerno
3562 5368 3840 5406 aormzens
3870 5368 3973 5424 sup
4012 5368 4141 5407 enat
4176 5368 4290 5405 nisi
4336 5368 4531 5406 recu-

2851 5436 2979 5502 nem
3034 5420 3316 5476 sellulam.
3369 5419 3499 5477 Vid.
3550 5437 3732 5492 supra
3775 5438 3911 5495 pag,
3961 5368 4050 5490 (ξε,
4109 5425 4232 5477 not.
4299 5421 4531 5480 ordine

2860 5508 3074 5564 prima.
