4100 6156
378 205 497 288 349

1612 213 1678 284 Β.
1724 212 2035 286 EUSEBII
2079 216 2551 290 HIERONYMI.

377 357 591 415 magna
621 341 946 437 frequentia
972 348 1202 409 Graeciaa
1232 351 1655 425 celebrabatur,
1682 358 1808 430 jam
1840 374 2016 416 senex
2045 369 2100 437 Α
2129 360 2366 417 mundis
2395 360 2632 430 bina,de
2662 359 2901 418 mundis
2923 356 3373 417 introducantur
3418 356 3674 434 imparia
3692 362 3772 431 (et

377 437 661 503 pergeret,
695 434 840 491 febri
867 437 924 493 in
961 439 1167 498 itinere
1215 443 1428 501 dicitur
1465 448 1888 520 apprehensus,
1922 465 2018 503 ac-

375 521 652 578 cubuisse
685 526 786 590 [AL
813 525 1172 604 incubuisse]
1205 533 1263 588 in
1307 536 1600 608 crepidine
1645 537 1744 592 viae
1781 556 1792 592 :
1828 537 2020 593 volen-

372 610 648 684 tibusque
677 631 810 670 eum
844 620 1069 686 amicis,
1105 628 1205 678 aut
1235 625 1292 679 in
1313 627 1671 697 jumentum,
1706 634 1808 684 aut
1839 630 1896 684 in
1930 646 2018 685 ve-

372 699 636 757 hiculum
669 703 890 774 tollere,
944 726 1057 765 non
1091 714 1381 784 acquievit
1414 734 1427 771 :
1459 719 1558 773 sed
1607 718 1897 774 transiens
1944 719 2014 773 ad

373 791 601 847 arboris
632 795 905 850 umbram
943 796 1177 856 locutus
1234 809 1323 858 est
1355 821 1367 858 :
1408 830 1426 853 ι
1483 805 1671 871 Abite,
1708 824 1927 878 quzeso,
1961 811 2018 862 et

372 885 695 969 spectatum
730 885 949 957 pergite
982 906 994 944 :
1030 888 1150 946 haec
1183 909 1273 948 me
1300 911 1410 949 nox
1442 901 1541 950 aut
1573 897 1846 952 victorem
1882 915 2011 969 pro-

371 968 552 1034 babit,
585 977 687 1025 aut
717 971 954 1032 victum.
989 978 1046 1032 Si
1082 979 1299 1036 febrem
1336 983 1615 1048 vicero,ad
1652 968 1899 1057 agonem
1929 1003 2012 1040 ve-

370 1063 530 1112 niam
565 1075 578 1113 :
615 1063 661 1114 si
695 1077 786 1115 me
818 1063 1016 1120 vicerit
1044 1069 1220 1124 febris
1246 1073 1359 1136 ',ad
1397 1073 1618 1129 interna
1640 1075 2010 1134 descendam.

371 1145 569 1217 ibique
602 1164 704 1218 per
735 1159 959 1206 noctem
993 1154 1134 1210 eliso
1165 1166 1422 1230 gutture,
1456 1180 1569 1218 non
1603 1168 1721 1218 tam
1771 1163 1918 1218 mori
1951 1179 2014 1218 se

369 1234 930 1332 ait,.quam_febrem
964 1250 1148 1301 morte
1177 1248 1501 1306 excludere.
1549 1252 1732 1307 Unius
1781 1256 2010 1307 tantum

363 1503 450 1592 tes
465 1503 722 1592 vestigia
752 1523 764 1560 :
798 1524 1047 1578 quorum
1081 1515 1251 1570 verba
1283 1516 1340 1570 in
1376 1517 1587 1588 pugnis
1619 1523 1778 1584 sunt,
1810 1523 1867 1574 et
1899 1520 2010 1592 syl—

365 1587 597 1661 logismi
627 1592 684 1646 in
717 1594 977 1654 calcibus
1010 1618 1022 1656 :
1059 1602 1155 1673 qui
1191 1587 1588 1677 paupertatem
1613 1587 2006 1679 apostolorum

363 1683 420 1733 et
449 1680 637 1736 crucis
669 1682 970 1756 duritiam,
999 1697 1100 1745 aut
1131 1694 1421 1763 nesciunt,
1451 1701 1554 1751 aut
1599 1702 2002 1765 contemnunt,

362 1766 669 1824 imitentur
693 1771 901 1829 saltem
934 1779 1241 1848 gentilium
1275 1785 1637 1854 parcitatem.

434 1859 519 1912 15.
550 1859 812 1932 Exempla
842 1881 916 1920 ea:
943 1867 1251 1940 Scriptura.
1285 1872 1534 1928 Secunda
1582 1876 1869 1946 inscriptio
1921 1880 2005 1930 ta-

361 1946 640 2002 bularum.
673 1951 1015 2022 Jejuniorum
1044 1962 1457 2016 commendatio.
1509 1962 1889 2018 Monac/torum
1918 1966 2002 2018 in.-

359 2035 656 2124 cunabula.
690 2070 756 2078 -—
787 2040 917 2097 Hzec
947 2043 1018 2100 de
1067 2050 1430 2118 argumentis
1468 2052 1489 2085 ³
1521 2052 2003 2124 pbiIOSOphorum

361 2123 762 2213 exemplisque
794 2130 1068 2189 disserui.
1102 2137 1266 2193 Nunc
1306 2139 1378 2194 ad
1426 2123 1725 2196 exordium
1755 2123 2004 2213 generis

358 2211 625 2282 humani,
658 2216 714 2270 id
746 2224 836 2273 est
881 2223 948 2276 ad
1007 2229 1226 2294 nostra,
1278 2229 1574 2284 transiens
1623 2211 1843 2285 docebo
1883 2231 2005 2302 pri—

362 2317 526 2357 mum
557 2303 737 2360 Adam
773 2308 830 2362 in
863 2313 1134 2381 paradiso
1178 2317 1470 2390 accepisse
1514 2325 1888 2394 praeceptum,
1941 2323 2006 2374 ut

362 2395 570 2479 cetera
600 2410 773 2464 poma
797 2401 1130 2466 comedens,
1163 2405 1237 2458 ab
1279 2423 1396 2462 una
1443 2407 1648 2463 arbore
1687 2409 2001 2479 jejunaret.

361 2478 664 2568 Beatitudo
696 2487 953 2554 paradisi
985 2491 1208 2562 absque
1237 2495 1590 2551 abstinentia
1611 2497 1722 2551 cibi
1749 2478 1869 2552 non
1903 2513 1999 2568 po-

357 2566 470 2621 tuit
497 2569 776 2625 dedicari.
811 2573 1076 2636 Quandiu
1101 2581 1409 2651 jejunavit,
1445 2583 1503 2638 in
1538 2586 1810 2655 paradiso
1843 2566 1952 2640 luit
1986 2603 1998 2653 ;

356 2657 628 2727 comedit,
661 2664 718 2712 et
743 2660 963 2731 ejectus
994 2671 1082 2720 est
1114 2685 1125 2732 ;
1159 2669 1380 2738 ejectus
1413 2671 1612 2727 statim
1645 2674 1810 2727 duxit
1861 2690 1999 2727 uxo-

358 2759 501 2798 rem.
535 2745 641 2809 Qui
667 2747 909 2817 jejunus
929 2751 988 2806 in
1023 2755 1290 2825 paradiso
1322 2758 1481 2831 virgo
1509 2761 1716 2829 fuerat,
1749 2767 1913 2816 satur
1941 2761 1998 2815 in

356 2836 511 2888 terra
539 2837 915 2896 malrimonio
946 2843 1254 2914 copulatur
1286 2865 1298 2914 ;
1332 2853 1390 2904 et
1420 2853 1610 2904 tamen
1636 2851 1999 2921 ejectus,non

355 2921 622 2993 protinus
651 2930 874 2997 accepit
907 2929 1201 2988 licentiam
1233 2938 1497 2993 carnium
1541 2941 1958 2995 vescendarum
1985 2958 1998 3007 ;

356 3011 468 3101 sed,
489 3015 719 3069 tantum
753 3033 927 3088 poma
956 3022 1231 3079 arborum
1263 3030 1322 3080 et
1369 3029 1564 3100 fruges
1613 3035 1899 3101 segetum,
1946 3034 2000 3084 et

2040 1741 2087 1806 Β

2131 450 2332 521 utique
2355 451 2796 508 immundorum
2844 468 2981 507 esus
2998 451 3226 507 ablatus
3249 450 3427 518 sit,ne
3449 451 3576 506 sine
3597 467 3773 509 causa

2130 539 2461 596 dicerentur
2490 541 2912 612 immunda),ex
2933 543 3094 612 parte
3108 539 3404 611 jejunium
3436 540 3770 597 dedicatum

2127 633 2236 692 est,
2269 630 2483 685 docens
2515 630 2866 687 abstinentia
2898 629 3164 686 omnium
3199 630 3346 685 341
3394 628 3453 683 in
3489 645 3770 701 quorum-

2128 718 2262 772 dam
2295 719 2593 787 recisione,
2616 721 2730 776 Cur
2755 718 3006 790 perdidit
3036 719 3182 773 Esau
3217 717 3611 790 primogenita
3660 735 3766 775 sua

2127 823 2319 863 nonne
2342 813 2578 880 propter
2599 808 2834 864 cibum?
2856 806 3401 879 impatientiamque
3421 805 3574 877 gulae
3593 805 3770 880 lacry-

2125 897 2238 952 mis
2267 897 2580 952 emendare
2621 913 2735 951 non
2767 896 2976 967 potuit,
3010 895 3241 965 Ejectus
3273 894 3343 948 de
3372 895 3615 966 [Egypto
3662 912 3768 967 po-

2125 985 2301 1056 pulus
2323 986 2520 1052 lsrael,
2553 991 2610 1042 et
2640 985 2698 1040 in
2729 991 2944 1040 terram
2997 982 3472 1054 repromissionis
3519 983 3669 1039 lacte
3713 989 3768 1040 et

2125 1073 2294 1129 melle
2329 1080 2665 1130 manantem
2699 1071 3179 1137 introducendus,
3208 1071 3509 1144 {Egyptias
3539 1088 3766 1138 carnes,

2123 1167 2180 1218 et
2211 1179 2464 1235 pepones
2492 1165 2512 1198 ⁵
2543 1163 2796 1235 alliaque
2825 1161 3137 1227 desiderat,
3169 1161 3410 1229 Utinam,
3468 1159 3764 1232 inquiens,

2123 1251 2414 1307 obissemus
2435 1254 2680 1323 percussi
2707 1269 2741 1306 a
2770 1251 3000 1306 Domino
3021 1251 3078 1304 in
3109 1251 3262 1302 terra
3293 1251 3768 1322 zEgypti,quando

2121 1357 2284 1412 super
2311 1342 2453 1396 ollas
2490 1343 2744 1396 carnium
2773 1339 3085 1395 sedebamus
3115 1337 3308 1409 (Exod.
3365 1354 3483 1393 xvs.
3535 1339 3591 1410 3)
3637 1339 3649 1394 Ξ
3701 1340 3768 1395 Et

2123 1429 2336 1484 iterum
2371 1429 2382 1484 ι
2421 1430 2551 1498 Quis
2579 1446 2677 1486 nos
2698 1433 2864 1485 vescet
2884 1427 3144 1483 carnibus
3163 1428 3184 1463 ⁵
3201 1425 3230 1482 ?
3257 1429 3526 1482 Venerunt
3540 1429 3600 1482 in
3620 1445 3768 1486 men-

2119 1521 2229 1572 tem
2256 1518 2415 1574 nobis
2444 1520 2620 1590 pisces
2650 1535 2781 1590 quos
2811 1519 2871 1572 in
2899 1519 3126 1588 Egypto
3153 1515 3568 1571 comedebamus
3627 1535 3768 1587 gra-

2120 1609 2211 1674 tis,
2242 1615 2292 1662 et
2322 1624 2654 1674 cucumeres,
2685 1612 2736 1663 et
2763 1623 3014 1678 pepones,
3045 1614 3096 1662 et
3110 1605 3287 1676 porri,
3319 1609 3371 1660 et
3413 1621 3556 1677 cepe,
3586 1610 3639 1661 ct
3679 1608 3769 1662 al-

2119 1699 2216 1754 lia.
2251 1701 2318 1753 At
2345 1716 2492 1754 nunc
2514 1699 2704 1754 anima
2747 1705 2932 1752 nostra
2977 1695 3156 1763 arida,
3208 1694 3354 1749 nihil
3400 1695 3513 1750 nisi
3559 1711 3772 1752 manna

2117 1789 2263 1844 oculi
2291 1791 2467 1845 nostri
2494 1789 2834 1859 conspiciunt
2865 1788 3051 1854 (Num.
3084 1801 3163 1849 x1,
3218 1783 3366 1854 4J6.)
3409 1782 3766 1855 Angelorum

2117 1878 2314 1934 cibum
2349 1881 3018 1943 contemnentes,carnes
3038 1871 3332 1945 Egyptias
3354 1889 3422 1928 su
3435 1873 3761 1945 spirabant.

2116 1967 2341 2039 Moyses
2372 1966 2761 2038 quadraginta
2790 1964 2998 2019 diebus
3027 1966 3086 2017 et
3116 1961 3387 2016 noctibus
3410 1962 3658 2034 jejunus
3703 1963 3762 2018 in

2117 2059 2316 2111 monte
2342 2056 2500 2122 Sina,
2531 2055 2706 2110 etiam
2741 2057 2881 2108 tunc
2909 2049 3162 2124 probans
3192 2067 3307 2106 non
3339 2049 3398 2104 in
3429 2067 3580 2123 pane
3640 2051 3763 2109 solo

2113 2145 2300 2200 vivere
2333 2144 2655 2210 hominem,
2686 2143 2785 2198 sed
2815 2141 2876 2196 in
2909 2141 3067 2196 omni
3106 2140 3281 2195 verbo
3315 2139 3436 2207 Dei,
3471 2156 3607 2195 cum
3646 2141 3764 2198 Do-

2113 2231 2272 2288 mino
2305 2231 2566 2304 loquitur
2599 2250 2610 2286 :
2637 2229 2888 2302 populus
2907 2233 3104 2285 autem
3137 2232 3303 2283 satur
3325 2228 3762 2302 [Al.saturatus]

2068 2347 2073 2350 ·
2114 2321 2272 2377 idola
2303 2321 2637 2376 fabricatur.
2671 2319 2789 2385 Ille,
2823 2335 3002 2374 vacuo
3051 2321 3275 2383 ventre,
3309 2315 3496 2388 legem
3551 2317 3764 2391 accipit

2113 2411 2389 2483 scriptam
2425 2409 2607 2482 digito
2643 2406 3271 2474 Dei.Iste,manducans
3300 2410 3357 2461 et
3385 2405 3764 2476 bibens,con-

2113 2515 2477 2570 surgensque
2508 2498 2726 2564 ludere,
2773 2513 2983 2552 aurum
3035 2495 3249 2550 conﬁat
3291 2493 3352 2548 in
3401 2493 3676 2563 vitulum,
3705 2500 3764 2552 et

2110 2589 2442 2662 Egyptium
2476 2589 2678 2644 bovem
2711 2586 2942 2658 praefert
2993 2583 3222 2640 Domini
3274 2584 3594 2655 majestati.
3645 2586 3757 2641 Tot

2111 2678 2339 2733 dierum
2370 2675 2556 2744 labor,
2589 2676 2764 2730 unius
2794 2674 2947 2729 horae
2979 2671 3283 2730 saturitate
3305 2671 3474 2744 perit.
3512 2672 3750 2745 Frangit

2111 2766 2388 2822 audacter
2419 2766 2642 2837 Moyses
2674 2761 2936 2818 tabulas:
2971 2761 3193 2817 sciebat
3215 2759 3374 2815 enim
3405 2759 3505 2816 Dei
3535 2777 3757 2817 sermo-

2111 2871 2242 2910 nem
2280 2871 2390 2910 non
2425 2870 2596 2925 posse
2628 2852 2830 2908 audire
2859 2849 3234 2906 temulentos.
3283 2850 3626 2905 Incmssatus
3653 2854 3755 2922 est,

2109 2951 2161 2998 et
2206 2945 2610 3014 pinguefactus,
2660 2945 2711 2996 ct
2758 2941 3044 3006 dilatatus,
3102 2943 3153 2994 ct
3207 2937 3577 2994 rccalcitravit
3636 2937 3754 3010 (Al,

2107 3034 2435 3100 calcitravit)
2487 3032 2736 3096 dilectus,
2795 3038 2846 3084 et
2900 3028 3192 3098 dereliquit
3265 3027 3560 3082 Dominum
3629 3027 3747 3098 (Al,

352 3098 667 3156 herbarum
699 3105 855 3162 olera
885 3109 939 3164 ei
978 3113 1293 3169 traduntur
1339 3116 1397 3170 in
1441 3098 1637 3172 cibum
1672 3098 1787 3186 {ut
1833 3119 1997 3174 exsul
2029 3109 2072 3176 C
2109 3122 2327 3193 Deum),
2356 3098 2454 3192 qui
2495 3124 2700 3192 fecerat
2749 3135 2894 3189 eum,
2924 3120 2974 3173 et
3017 3117 3241 3172 abcessit
3289 3133 3324 3170 α
3367 3117 3474 3171 Deo
3505 3115 3615 3188 (ΑΙ.
3649 3117 3757 3172 Do-

353 3205 587 3262 quoque
615 3195 896 3268 paradisi,
931 3214 1048 3254 non
1099 3203 1397 3274 carnibus,
1431 3223 1560 3276 quas
1609 3207 1668 3262 in
1728 3207 1996 3278 paradiso

353 3294 468 3334 non
505 3286 694 3348 erant,
729 3285 829 3339 sed
862 3286 1249 3347 similitudine
1272 3293 1504 3366 frugum
1526 3297 1778 3366 paradisi
1805 3313 1995 3352 vesce-

353 3373 530 3424 retur.
567 3370 773 3428 Postea
803 3391 934 3431 vero
965 3378 1171 3434 videns
1204 3380 1356 3438 Deus
1387 3385 1542 3454 quod
1564 3385 1875 3456 diligenter
1895 3402 1996 3456 ap-

351 3456 609 3528 positum
641 3468 796 3518 esset
824 3465 895 3519 ad
929 3466 1212 3524 malitiam
1247 3486 1346 3525 cor
1377 3473 1633 3528 hominis
1681 3474 1753 3528 ab
1802 3473 1994 3528 adole-

350 3547 657 3620 scentia,et
677 3552 920 3622 spiritus
934 3556 1063 3626 ejus
1084 3557 1142 3611 in
1163 3557 1256 3614 his
1281 3576 1623 3631 permanere
1645 3579 1759 3617 non
1803 3566 2000 3635 posset

350 3635 490 3708 quia
517 3637 628 3708 [Αι.
663 3640 785 3712 qui]
817 3649 986 3699 erant
1015 3661 1353 3720 caro,opera
1381 3650 1576 3706 carnis
1607 3651 1827 3707 diluvio
1859 3667 1994 3706 con-

351 3727 734 3792 demnavit,et
750 3731 1163 3790 avidissimum
1188 3737 1502 3793 hominum
1522 3739 1719 3811 gulam
1744 3740 1998 3812 probans

350 3815 510 3870 dedit
527 3816 614 3871 eis
637 3815 932 3874 licentiam
946 3825 1440 3881 comedendarum
1459 3828 1727 3883 carnium
1749 3833 1836 3884 :ut
1853 3829 1994 3883 dum

351 3902 462 3959 sibi
495 3902 834 3977 intelligunt
862 3907 1036 3966 licere
1066 3913 1408 3981 omnia,non
1440 3917 1840 3974 desiderarent
1872 3935 1994 3974 ma-

352 4008 606 4065 gnopere
637 3996 794 4066 quod
825 3996 1037 4056 licebat
1068 4003 1088 4034 ⁴
1122 4019 1135 4069 ;
1169 4020 1239 4058 ne
1271 4006 1614 4065 mandatum
1648 4007 1707 4066 in
1759 4023 1998 4065 causam

351 4086 643 4142 verterent
685 4088 1200 4157 praevaricationis.
1251 4095 1599 4166 Quanquam
1642 4101 1700 4151 et
1742 4100 1882 4151 tunc
1932 4113 2000 4151 ex

354 4176 516 4244 parte
533 4171 1195 4250 imperatumjejunium
1221 4183 1468 4239 sit.Nam
1487 4201 1618 4240 cum
1642 4183 1758 4239 alia
1779 4185 2002 4239 munda

293 4273 298 4278 ‘
353 4260 645 4332 dicantur,
673 4264 787 4321 alia
834 4267 1144 4326 immunda
1178 4287 1191 4326 :
1224 4271 1361 4326 etin
1409 4278 1559 4329 Arca
1602 4273 1721 4328 Noe
1769 4273 1839 4328 de
1887 4273 2001 4328 im-

361 4404 700 4530 ﬁgillﬁptmen
729 4409 899 4477 febris
929 4417 1095 4467 vetus
1125 4412 1262 4468 edit.
1297 4429 1432 4468 cum
1465 4415 1694 4471 duobus
1725 4416 1998 4472 messui-

383 4491 592 4530 ιοιυῐη.

426 4546 446 4579 ²
474 4549 636 4611 Mss.,
668 4552 1160 4626 trosu_li.Vid.quze
1193 4553 1249 4608 in
1283 4555 1560 4626 Epistolis
1590 4558 1661 4612 de
1693 4556 1800 4612 hoc
1827 4559 2002 4614 verbo

355 4633 469 4697 non
502 4619 682 4697 semel
715 4623 994 4697 diaimus,
1035 4619 1494 4697 Trossutosﬁzuasi
1515 4630 1779 4684 torosulos
1807 4629 2000 4685 dictos.

355 4688 454 4772 {ioc
480 4697 574 4771 est,
609 4692 744 4772 bene
777 4688 1066 4772 habitoslet
1097 4688 1467 4772 masculorum
1495 4703 1628 4755 toris
1645 4701 1999 4772 primialidos.

355 4761 620 4848 Nonnips
650 4769 816 4848 notat
850 4770 953 4848 :_et
984 4767 1236 4834 Persius,
1290 4770 1567 4826 Trossulus
1616 4761 1856 4827 (insultat
1900 4773 2006 4828 tibi

352 4849 452 4903 ρον
480 4835 743 4890 subsellia
773 4839 942 4893 laevis.

360 4977 394 4987 Α
425 4903 447 4938 ³
477 4905 676 4987 Dditti,
710 4910 916 4965 llaecde
936 4913 1826 4987 argumentismtc.,renuentibus
1856 4931 1996 4987 mss.

356 4977 639 5052 Quaehinc
663 4986 991 5052 sequuntur
1006 4977 1082 5037 de
1101 4977 1469 5052 jejunioruin
1493 4985 2002 5041 commendatione

355 5049 1055 5127 abexordiofereomnia
1085 5049 1527 5114 eis—Tertulliani
1559 5057 1706 5112 libro
1737 5058 1806 5111 de
1837 5057 2000 5127 Jeju-

354 5124 711 5198 niis_capp.3
739 5129 796 5178 et
826 5126 856 5198 li
889 5134 1477 5198 expressapsunt,quae
1494 5130 1798 5185 studiosus
1819 5124 2001 5184 lector

355 5189 749 5271 conte-rudper
779 5189 1226 5268 otium-poterit.
1261 5189 1383 5253 Nos
1427 5200 1696 5271 quaedam
1746 5199 2000 5255 subinde

357 5262 792 5319 annotabimus.

426 5332 620 5415 ‘_0_l_im
653 5337 1490 5415 erat,desiderentinagnopcre
1532 5343 1672 5415 quod
1721 5359 1830 5397 non
1873 5343 1999 5415 lice-

359 5403 463 5482 bat,
497 5408 623 5482 M9);
655 5409 817 5482 addit
848 5413 1012 5482 vetus
1043 5403 1571 5482 editio,impcrutmii
1602 5415 1670 5470 de
1697 5413 2001 5476 immundis

359 5477 695 5551 animalibus
714 5480 997 5551 jejunium
1025 5481 1116 5535 sit.

428 5548 449 5583 ⁸
479 5546 730 5609 Gravius
756 5546 1074 5624 étpepones,
1105 5559 1156 5608 et
1179 5567 1392 5627 porros,
1423 5557 1686 5632 alliaque,
1720 5561 1829 5616 etc.
1873 5561 2003 5616 Mox

2109 3212 2278 3280 mino)
2307 3211 2544 3266 salutari
2569 3225 2664 3264 suo
2695 3209 2853 3276 (Deut
2879 3223 3058 3273 xxxii,
3095 3206 3203 3275 15).
3249 3204 3413 3260 Unde
3457 3209 3515 3260 et
3543 3204 3602 3259 in
3652 3220 3749 3260 eo-

2107 3299 2238 3355 dem
2271 3296 2718 3354 Deuteronomio
2752 3295 3089 3368 praecipitur
3120 3312 3133 3349 :
3165 3295 3240 3349 Ne
3275 3309 3398 3348 eum
3451 3294 3755 3350 manduca-

2106 3390 2248 3444 veris
2272 3392 2321 3443 et
2352 3387 2629 3442 biberis.et
2657 3385 2839 3441 domos
2869 3385 3101 3456 optimas
3125 3384 3145 3417 ⁷
3177 3382 3750 3454 κάίβοαυονίεβυῶω

2106 3485 2157 3533 et
2187 3478 2358 3531 bubus
2386 3477 2496 3530 tuis
2524 3475 2924 3546 multiplicatis,
2957 3480 3008 3528 et
3037 3477 3264 3541 argento
3283 3475 3333 3527 et
3364 3486 3523 3538 auro,
3571 3473 3755 3528 extol-

2109 3567 2257 3622 latur
2282 3581 2374 3621 cor
2393 3573 2569 3632 tuum,
2600 3567 2652 3618 et
2673 3563 3020 3618 obliviscaris
3050 3561 3270 3615 Domini
3306 3561 3403 3616 Dei
3449 3561 3536 3615 tui
3563 3561 3746 3631 (Deut.

2107 3672 2230 3720 vui,
2265 3653 2389 3710 12-4
2404 3654 2477 3723 4).
2501 3652 2762 3724 Denique
2786 3649 3159 3706 manducavit
3177 3647 3507 3720 populus‘et
3525 3649 3756 3706 incres-

2107 3748 2302 3798 satum
2333 3746 2422 3797 est
2450 3758 2549 3797 cor
2577 3742 2808 3810 ejus,ne
2835 3739 3055 3794 videret
3084 3736 3292 3804 oculis,
3311 3742 3368 3793 et
3396 3737 3628 3796 audiret
3654 3755 3756 3796 au-

2106 3831 2290 3896 ribus,
2322 3838 2377 3886 et
2409 3830 2580 3885 corde
2608 3829 2920 3900 conjiceret
2951 3827 3056 3899 (Al,
3088 3826 3405 3897 continere)
3437 3843 3454 3882 :
3487 3831 3544 3882 et
3564 3826 3757 3885 ultum

2100 3919 2427 3993 jejunantis
2455 3918 2657 3990 Moysi,
2691 3917 2844 3974 348
2875 3920 2933 3972 et
2957 3917 3128 3986 juxta
3155 3914 3498 3970 Hebraicam
3541 3915 3755 3972 verita-

2108 4014 2248 4077 tem,
2284 4007 2380 4063 Dei
2413 4005 2884 4062 confabulatione
2913 4008 3247 4072 cornutum,
3267 4010 3471 4078 pastus
3501 4007 3522 4039 ⁶
3547 4008 3604 4064 et
3619 4005 3757 4080 pin-

2109 4097 2277 4170 guior
2305 4095 2558 4169 populus
2588 4095 2876 4151 sustinere
2911 4111 3024 4149 non
3054 4093 3668 4166 potuit.Quamobrem
3693 4098 3758 4152 et

2108 4186 2390 4242 Dominus
2425 4189 2619 4240 noster
2649 4187 2822 4256 atque
2853 4181 3113 4238 Salvator
3143 4199 3257 4238 non
3288 4181 3362 4237 ob
3411 4181 3758 4240 indifferen-

2109 4276 2254 4332 tiam
2285 4271 2636 4345 virginitatis
2662 4276 2719 4327 et
2748 4271 3110 4343 nuptiarum,
3145 4275 3211 4326 ut
3239 4270 3484 4342 quidam
3529 4275 3758 4344 putant,

2110 4434 2215 4492 pro
2242 4418 2467 4498 Domine
2498 4419 2620 4498 erat
2650 4419 2784 4498 Deo,
2817 4417 3022 4470 contra
3042 4413 3764 4488 Hieronym.mss.ipsum-

2115 4489 2229 4562 que
2259 4489 2573 4560 Scriptura;
2604 4490 2850 4553 textum,

2182 4562 2206 4638 ξ
2236 4559 2532 4638 Victorius
2563 4557 2722 4638 quod
2753 4557 2954 4638 Latine
3003 4564 3194 4638 vescet_
3223 4571 3376 4638 non.
3404 4555 3760 4638 reperiatur,

2114 4631 2421 4687 substituit
2444 4627 2643 4702 pascet.
2677 4628 3074 4702 Vulgata,quis
3103 4627 3252 4683 dabit
3281 4627 3438 4702 nobis
3457 4627 3528 4702 ad
3553 4643 3766 4684 vescen-

2112 4703 2244 4760 dum
2279 4703 2306 4757 ε)
2339 4702 2399 4757 In
2430 4700 2544 4756 fine
2571 4700 2893 4756 testimonii
2945 4701 3187 4755 verbum
3239 4700 3584 4767 conspiciunt
3641 4715 3761 4755 non

2111 4775 2289 4830 habet
2319 4772 2672 4830 Veronensis
2705 4770 2872 4836 liber,
2905 4771 3005 4827 sed
3039 4772 3184 4826 nihil
3211 4772 3326 4824 nisi
3353 4787 3559 4826 manna
3612 4771 3765 4827 oculi

2111 4849 2309 4904 nostri.

2183 4918 2202 4951 ⁷
2235 4917 2328 4972 Sic
2361 4917 2768 4986 habentmss.
2810 4913 3017 4986 nostri
3072 4914 3301 4986 optimas
3335 4913 3467 4986 :Asic
3523 4928 3761 4986 quoque

2123 4988 2282 5054 LXX,
2315 4987 2490 5047 οἰκίας
2518 4983 2690 5044 καλάς
2723 5002 2734 5038 :
2773 4984 2856 5038 sic
2888 4983 3140 5056 denique
3171 4983 3463 5041 Victorius
3484 4983 3762 5046 emenda-

2109 5066 2287 5117 verat.
2319 5059 2687 5129 Martianmus
2716 5061 2912 5129 tamen
2933 5059 3143 5129 opimas
3187 5057 3378 5113 denuo
3408 5073 3477 5114 ex
3514 5057 3759 5114 Erasmo

2111 5131 2376 5189 obtrudit
2406 5129 2590 5185 inscio
2624 5125 2841 5182 leciori.

2182 5204 2203 5236 ⁵
2235 5202 2311 5257 Ex
2342 5198 2691 5272 Tertulliani
2720 5197 2824 5252 lib.
2858 5214 3038 5270 supra
3065 5198 3304 5255 laudato
3339 5216 3352 5253 :
3384 5221 3410 5272 ⁸σι
3447 5197 3594 5272 cum
3622 5198 3758 5272 qui-

2113 5273 2244 5328 dem
2279 5289 2380 5328 nec
2410 5273 2605 5343 ipsum
2637 5269 2874 5343 Moysen
2909 5269 3019 5324 Deo
3067 5274 3326 5342 pastum,
3379 5269 3764 5343 inediamque

2110 5345 2239 5416 ejus
2272 5339 2508 5416 nomine
2539 5339 3237 5416 saginatam,co_nstanter
3255 5339 3763 5416 contemplariva-

2110 5411 2254 5489 leret
2283 5415 2556 5489 pinguior
2586 5411 2868 5489 populum
2895 5435 2921 5460 »
2953 5414 3021 5469 Et
3053 5430 3187 5489 mox
3220 5428 3232 5466 :
3269 5411 3537 5489 «__Meritp
3579 5411 3765 5489 igitur

2110 5482 2679 5560 etiam'in'carne'se
2703 5483 2990 5560 Dominus
3019 5484 3070 5541 ei
3101 5483 3380 5560 ostendit,
3412 5482 3647 5560 collegi
3671 5484 3762 5558 je-

2106 5559 2411 5632 Judiorum
2442 5574 2689 5618 suorum
2719 5573 2838 5616 non
2865 5555 3063 5615 minus
3090 5561 3149 5615 et
3177 5553 3372 5616 Helia;
3405 5577 3434 5606 ››
