4100 6156
308 290 407 350 321

1358 284 1775 350 ADVERSUS
1820 282 2306 349 JOVlNlANUM
2348 286 2499 349 LIB.
2548 285 2624 351 ll.

3576 289 3695 358 322

300 422 394 477 sed
429 421 875 493 objejuniorum
898 420 1462 493 censortia,Moysen
1480 422 1732 477 etEliam
1754 426 1940 476 trans-
1971 422 2023 486 Α
2054 420 2371 475 mincntem
2406 422 2552 478 iram
2576 424 3180 494 Deminijeiunierum
3206 428 3578 485 miseratione
3597 431 3693 485 de—

300 511 586 581 ﬁguratus
617 511 676 565 in
707 516 908 567 monte
939 528 1140 567 secum
1173 511 1430 566 ostendit
1460 510 1516 564 in
1537 510 1943 582 gleria.Quan-

294 616 468 671 quam
486 599 715 671 Moyses
746 605 803 655 et
832 599 987 654 Elias
1018 605 1221 673 typum
1250 599 1481 670 proprie
1504 599 1673 669 Legis
1694 598 1941 669 Prophe-

292 696 604 760 tarumque
654 690 1110 745 menstraverint
1153 690 1259 759 [AL
1294 692 1705 754 monstrarent]
1744 705 1757 741 :
1794 688 1945 743 sicut

290 777 601 832 manifeste
630 777 926 849 Evangelii
959 779 973 811 ¹
1002 777 1304 849 Scriptura
1360 780 1606 831 testatur
1640 792 1652 828 :
1680 777 1943 829 Dicebant

288 869 344 921 ei
363 869 573 921 exitum
600 882 761 938 quem
790 867 1154 938 completurus
1182 864 1292 936 [ΑΙ.
1325 864 1673 936 impleturus]
1706 868 1825 919 erat
1881 866 1942 917 in

285 956 586 1012 Jerusalem
629 957 779 1025 (Luc.
832 972 910 1021 1x,
951 957 1063 1023 31).
1113 954 1450 1010 Passienem
1501 952 1658 1007 enim
1708 952 1940 1008 Domini

286 1061 400 1099 non
446 1044 750 1115 virginitas
797 1048 854 1098 et
906 1043 1145 1115 nuptiae,
1178 1043 1275 1098 sed
1310 1042 1419 1096 Lex
1461 1040 1691 1095 nuntiat
1720 1045 1775 1095 et
1804 1041 1939 1094 Pro-

284 1132 494 1203 pheta.
530 1134 693 1197 Quod
744 1133 791 1187 si
847 1132 1213 1187 centensiose
1263 1131 1321 1185 in
1362 1132 1554 1203 Moyse
1586 1129 1847 1201 nuptias,
1881 1130 1939 1184 in

282 1219 410 1273 Elia
442 1218 847 1290 virginitatem
870 1218 1122 1273 dixerint
1151 1217 1562 1283 demonstrari,
1580 1217 1829 1271 breviter
1846 1234 1943 1271 au-

287 1307 471 1372 diant,
498 1308 743 1379 Moysen
776 1312 1072 1363 mortuum
1105 1312 1161 1362 et
1192 1306 1509 1378 sepultum,
1544 1306 1728 1361 Etiam
1772 1306 1941 1377 ignee

282 1413 457 1451 curru
483 1401 751 1467 raptum,
768 1401 903 1451 ante
921 1395 1312 1451 immortalem
1332 1412 1461 1451 esse
1478 1394 1745 1466 coepisse,
1762 1410 1939 1466 quam

282 1491 608 1541 mortuum.
644 1486 755 1541 Sed
790 1501 893 1540 nec
924 1486 1182 1540 secunda
1213 1484 1567 1555 conscriptie
1599 1483 1939 1538 tabularum

283 1576 503 1646 absque
527 1575 765 1645 jejunio
798 1574 989 1645 potuit
1018 1573 1519 1645 impetrari.Qued
1539 1573 1793 1628 ebrietas
1812 1588 1941 1643 per-

282 1664 526 1729 diderat,
560 1663 762 1718 inedia
818 1663 1050 1734 reperit.
1085 1664 1160 1717 Ex
1206 1678 1323 1734 quo
1370 1662 1722 1728 ostenditur,
1769 1678 1941 1733 posse

282 1769 383 1808 nos
414 1769 520 1824 per
541 1751 846 1823 jejunium
878 1751 1066 1806 redire
1086 1752 1145 1805 in
1169 1750 1702 1822 paradisum,unde
1723 1766 1824 1821 per
1844 1766 1936 1806 sa-

284 1841 584 1895 turitatem
618 1840 923 1895 fueramus
951 1840 1138 1910 ejecti.
1166 1840 1227 1893 In
1247 1839 1439 1895 Exodo
1471 1839 1752 1894 adversus
1770 1840 1940 1893 Ama-

284 1929 389 1992 lec,
422 1930 689 1984 oratione
720 1928 928 1999 Moysi,
960 1932 1016 1982 et
1045 1928 1226 1983 totius
1258 1926 1481 1999 pepuli,
1508 1942 1696 1998 usque
1726 1927 1797 1981 ad
1827 1944 1947 1981 ves-

289 2034 492 2089 peram
520 2018 738 2087 jejunio
772 2015 1114 2073 dimicatum
1150 2020 1239 2071 est
1267 2016 1459 2087 (Exod.
1494 2015 1947 2085 xvu,12).Jesus

296 2105 459 2159 ﬁlius
490 2105 639 2160 Nave
667 2105 973 2161 stationem
1001 2107 1021 2139 ²
1052 2104 1363 2177 imperavit
1421 2104 1528 2159 soli
1577 2108 1634 2159 et
1665 2102 1815 2158 luna:
1851 2120 1863 2157 :
1890 2107 1948 2159 et

293 2194 549 2249 inediam
598 2192 727 2265 plus
771 2210 947 2263 quam
990 2192 1167 2248 unius
1219 2193 1353 2260 diei,
1388 2192 1627 2247 victoris
1658 2192 1944 2247 exercitus

284 2282 597 2355 protelavit
644 2284 826 2351 (Iosue
853 2300 908 2348 x,
949 2283 1051 2353 13).
1104 2281 1265 2347 Saul,
1302 2281 1451 2337 sicut
1498 2281 1555 2335 in
1608 2281 1941 2353 Regnorum

283 2371 478 2443 primo
508 2370 660 2426 libro
692 2372 970 2427 scribitur
1000 2388 1013 2425 :
1049 2370 1389 2435 Maledictus,
1409 2369 1731 2441 inquit,qui
1768 2370 1945 2424 ederit

277 2477 481 2532 panem
514 2477 687 2531 usque
716 2460 787 2514 ad
814 2476 1116 2530 vesperam,
1148 2459 1318 2514 donec
1338 2458 1583 2513 ulciscar
1618 2474 1704 2512 me
1733 2458 1800 2513 de
1827 2459 1941 2513 ini-

280 2551 441 2604 micis
470 2550 611 2603 meis
642 2548 749 2615 [AL
780 2549 1007 2602 inimico
1034 2548 1195 2618 meo].
1232 2548 1293 2602 Et
1330 2563 1440 2602 non
1479 2548 1724 2615 gustavit
1764 2548 1941 2602 omnis

279 2639 524 2710 populus
571 2638 711 2708 ejus,
743 2644 795 2692 et
839 2644 950 2692 tota
995 2644 1137 2691 terra
1185 2635 1489 2707 prandebat
1520 2636 1541 2669 ³
1572 2637 1619 2705 (Ι
1663 2636 1791 2705 Reg.
1824 2652 1939 2702 XIV,

273 2729 392 2793 24).
427 2727 737 2797 Tantaque
782 2726 895 2780 fuit
940 2725 1254 2780 auctoritas
1302 2724 1571 2780 stationis
1618 2723 1798 2780 semel
1830 2724 1940 2780 Do-

276 2818 442 2871 mino
474 2815 802 2881 destinata,
837 2819 901 2868 ut
927 2814 1213 2869 Jenathas
1237 2815 1277 2880 ‘,
1312 2814 1411 2884 qui
1462 2830 1642 2869 causa
1686 2813 1940 2868 victoria:

275 2903 606 2967 exstiterat,
659 2902 1193 2975 deprehenderetur
1262 2906 1437 2965 sorte,
1496 2907 1554 2956 et
1601 2900 1940 2973 ignorantia:

272 2993 501 3049 crimen
535 2990 829 3046 declinare
860 3008 972 3046 non
1006 2995 1226 3063 posset,
1259 2989 1559 3062 patrisque
1600 2989 1658 3044 in
1692 3007 1753 3045 se
1802 3006 1939 3045 cen-

273 3083 488 3137 citaret
520 3096 787 3145 manum,
818 3084 873 3136 et
903 3080 996 3134 vix
1027 3078 1223 3152 populi
1260 3079 1532 3151 precibus
1593 3078 1937 3133 salvaretur.

2056 510 2492 581 torsit:quam6
2518 518 2574 566 et
2620 514 2871 567 Sodoma
2914 512 3699 584 placassetetGemorrhami

2054 597 2336 652 voluisset
2364 616 2530 670 agere
2563 602 2984 671 pmnitentiam,
3018 608 3074 656 et
3104 602 3392 674 lacrymas
3448 606 3557 675 [AL
3609 606 3692 662 la-

2053 687 2292 757 crymis]
2325 689 2675 759 peenitentim
2699 691 3098 761 patrocinante
3118 692 3422 747 conciliare
3444 695 3690 764 jejunio.

2053 775 2247 829 Achab
2279 792 2373 829 rex
2409 777 2820 848 impiissimus,
2866 784 2930 833 ut
2955 781 3303 835 sententiam
3336 781 3435 835 Dei
3467 784 3694 838 subter-

2054 863 2296 935 fugeret,
2332 870 2389 919 et
2417 868 2637 921 eversio
2669 868 2879 922 domus
2911 869 3039 938 ejus
3071 869 3477 925 diti‘erreturin
3510 876 3696 942 peste-

2050 969 2166 1018 ros,
2192 953 2419 1023 jejunio
2454 954 2781 1026 impetravit
2803 961 2859 1010 et
2880 959 3240 1012 saece.Anna
3260 975 3403 1013 uxor
3424 957 3691 1013 Helcanaa

2054 1040 2284 1096 inanem
2316 1042 2443 1096 cibo
2472 1048 2751 1109 ventrem,
2787 1044 2905 1098 filio
2938 1045 3151 1099 meruit
3182 1045 3445 1116 implere.
3469 1047 3699 1103 Pericli-

2051 1134 2249 1184 tantur
2278 1131 2336 1184 in
2368 1130 2656 1202 Babylone
2686 1134 2852 1201 Magi,
2888 1134 3080 1187 omnis
3112 1135 3403 1204 conjecter
3424 1140 3479 1189 et
3504 1136 3695 1193 hario-

2054 1217 2146 1273 lus
2175 1224 2231 1273 et
2260 1236 2510 1289 aruspex
2539 1221 2777 1274 caeditur
2808 1224 2977 1289 (Dan.
3015 1240 3029 1275 ι
3062 1227 3115 1276 et
3148 1224 3229 1293 ιι).
3264 1223 3462 1278 Daniel
3492 1229 3549 1279 et
3580 1232 3697 1281 tres

2050 1307 2213 1377 pueri
2247 1306 2586 1362 relationem
2622 1314 2919 1364 merentur
2942 1310 3200 1381 jejunio:
3237 1318 3290 1366 et
3326 1312 3478 1382 pasti
3534 1313 3697 1385 legu-

2053 1396 2335 1463 minibus,
2361 1395 2720 1467 pulchriores
2753 1403 2893 1452 sunt
2931 1404 2987 1452 et
3040 1399 3445 1469 prudentiores
3485 1401 3578 1456 his
3627 1404 3698 1457 de

2054 1499 2257 1538 mensa
2289 1484 2442 1555 regis
2472 1486 2747 1540 carnibus
2793 1487 3195 1541 vescebantur.
3246 1487 3464 1543 Deinde
3513 1492 3696 1563 scrip-

2054 1576 2178 1625 tum
2212 1575 2321 1640 est,
2355 1573 2509 1643 quod
2544 1572 2741 1627 Daniel
2774 1573 3695 1646 tribusbebdemadibusjejuna-

2052 1660 2229 1714 verit:
2268 1677 2475 1731 panem
2492 1677 2727 1716 suavem
2752 1679 2866 1716 non
2895 1662 3214 1717 comederit
3238 1679 3392 1717 :caro
3419 1668 3476 1719 et
3495 1664 3696 1720 vinum

2054 1765 2167 1802 non
2204 1749 2507 1804 intraverit
2536 1766 2599 1804 es
2630 1751 2757 1819 ejus
2780 1766 2792 1804 :
2815 1749 2940 1805 oleo
2972 1756 3185 1806 unctus
3217 1768 3330 1806 non
3364 1753 3441 1807 sit
3466 1771 3478 1820 ;
3500 1754 3697 1809 et7ve-

2058 1837 2209 1892 nerit
2240 1839 2311 1892 ad
2343 1854 2475 1892 eum
2507 1838 2771 1910 angelus,
2806 1839 3042 1895 dicens:
3081 1841 3297 1905 Daniel,
3349 1841 3503 1897 homo
3533 1844 3698 1897 mise-

2056 1927 2253 1980 rabilis
2283 1943 2335 1981 es
2368 1927 2526 1995 (Dan.
2565 1945 2639 1994 1x,
2671 1928 2781 1997 23).
2833 1927 2939 1992 Qui
2974 1928 3087 1982 Deo
3121 1928 3471 1985 miserabilis
3520 1948 3697 2004 appa-

2057 2018 2271 2081 ruerat,
2302 2020 2433 2086 pest
2457 2016 2753 2086 jejunium
2786 2015 3055 2071 leonibus
3121 2017 3179 2071 in
3238 2018 3367 2073 lacu
3432 2018 3540 2073 fuit
3588 2021 3695 2091 [AL

2057 2103 2261 2173 fuerat]
2293 2103 2612 2159 horribilis.
2647 2106 2831 2167 Quam
2866 2104 3107 2175 pulchra
3156 2123 3268 2170 res,
3331 2124 3456 2179 quae
3509 2108 3701 2180 placat

2056 2191 2261 2258 Deum,
2294 2192 2490 2247 leones
2522 2192 2769 2263 mitigat,
2817 2193 3109 2249 daemones
3167 2196 3383 2250 terret!
3447 2197 3702 2253 Mittitur

2055 2282 2125 2334 ad
2159 2297 2291 2334 cum
2316 2280 2475 2346 (licet
2505 2281 2694 2336 hocin
2732 2281 3446 2339 llebraicisveluminibus
3478 2302 3591 2340 non
3618 2287 3700 2341 in-

2054 2369 2650 2439 venerimus)Abacu¢
2712 2387 3039 2425 messorum
3093 2371 3403 2441 prandium
3458 2378 3699 2443 portans

2053 2459 2212 2527 (Dan.
2248 2475 2340 2511 xv:
2371 2460 2442 2511 26
2470 2459 2636 2528 seqq).
2671 2457 2864 2513 Talem
2900 2459 3055 2513 enim
3106 2458 3521 2530 discophorum
3574 2462 3695 2517 ine-

2053 2547 2149 2601 dia
2180 2552 2473 2601 meruerat
2504 2547 2907 2602 hebdomadis.
2943 2548 3123 2602 David
3158 2548 3519 2619 periclitante
3552 2550 3694 2617 ﬁlio,

2054 2640 2183 2705 post
2219 2634 2573 2689 adulterium
2636 2632 2985 2708 ἐξμολόγεσὶν
3051 2637 3106 2690 in
3166 2636 3357 2692 cinere
3422 2643 3477 2692 et
3535 2639 3696 2709 jeju-

2052 2723 2150 2778 nio
2186 2723 2338 2789 facit,
2391 2723 2615 2791 dicens,
2676 2727 2825 2796 Quia
2872 2726 3143 2779 cinerem8
3192 2728 3456 2797 tanquam
3496 2743 3696 2797 panem

2052 2812 2473 2877 manducabam,
2504 2822 2554 2868 et
2579 2822 2765 2884 potum
2807 2830 2989 2869 meum
3031 2832 3156 2869 cum
3208 2816 3339 2884 ﬂetu
3405 2817 3694 2871 miscebam

2051 2902 2281 2972 (Psalm.
2317 2918 2391 2965 c1,
2432 2902 2536 2970 l0).
2571 2904 2663 2965 Et,
2698 2904 2983 2971 Infirmata
3012 2912 3138 2957 sunt
3170 2906 3228 2958 in
3260 2906 3487 2974 jejunio
3516 2921 3696 2974 genua

2049 3007 2169 3045 mea
2194 2991 2361 3059 (Psal.
2395 3007 2551 3057 cvm,
2583 2992 2694 3062 2-4).
2730 2992 2883 3047 350
2916 2992 2981 3045 Et
3009 2997 3160 3046 certe
3210 2993 3337 3062 jam
3364 2994 3629 3050 audierat
3662 3014 3695 3050 a

2050 3078 2278 3133 Nathan
2303 3096 2321 3137 .·
2354 3080 2615 3133 Dominus
2643 3080 2866 3134 abstulit
2897 3083 3000 3134 ate
3029 3080 3127 3135 hoc
3158 3090 3432 3152 peccatum
3460 3083 3539 3153 (II
3567 3084 3691 3155 Reg.

276 3171 430 3226 Elias
466 3168 863 3241 quadraginta
888 3167 1522 3237 dierum349jeiunie
1554 3173 1938 3246 praeparatus,
1971 3154 2012 3218 C
2052 3184 2155 3231 xu,
2200 3168 2307 3235 13).
2344 3168 2587 3222 Samson
2616 3171 2673 3221 et
2698 3167 2933 3223 Samaei
2966 3168 3167 3223 vinum
3204 3174 3259 3224 et
3283 3169 3529 3225 siceram
3578 3154 3691 3227 non

273 3259 463 3314 Deum
490 3258 638 3313 vidit
668 3258 726 3312 in
760 3261 959 3312 mente
990 3257 1138 3312 Oreb
1168 3258 1274 3327 [Αἰ.
1299 3256 1569 3328 Chereb],
1594 3261 1650 3310 et
1681 3256 1843 3311 audit
1865 3257 1937 3311 ab

274 3366 347 3405 eo
382 3365 396 3401 :
433 3348 573 3416 Quid
594 3349 615 3382 ⁸
645 3356 704 3402 tu
735 3347 847 3411 hic,
875 3346 1003 3401 Elia
1051 3346 1178 3415 (Isa.
1222 3363 1363 3411 xxu,
1392 3345 1523 3411 l6)?
1552 3344 1735 3400 Multo
1766 3346 1933 3400 fami-

276 3437 489 3493 liarior
518 3438 631 3491 ista
655 3452 784 3501 vox,
819 3451 996 3506 quam
1027 3434 1128 3488 illa
1160 3435 1219 3488 in
1250 3433 1481 3497 Genesi,
1516 3434 1711 3498 Adam,
1744 3436 1842 3488 ubi
1885 3450 1939 3488 es

282 3525 501 3594 (Gates.
529 3541 616 3589 ιιι,
636 3525 734 3592 9)?
764 3522 868 3578 Illa
898 3522 1052 3577 enim
1087 3528 1322 3593 pastum
1354 3523 1607 3577 terrebat
1639 3527 1695 3577 et
1746 3523 1935 3593 perdi-

282 3618 421 3667 tum
458 3630 471 3665 :
508 3611 626 3665 haec
646 3612 933 3682 jejunanti
968 3610 1185 3665 famulo
1217 3610 1649 3665 blandiebatur.
1683 3612 1934 3683 Congre-

272 3705 491 3775 gatum
520 3701 748 3757 Samuel
780 3698 1062 3772 populum
1087 3700 1144 3754 in
1171 3700 1934 3772 Masphat,indictejejunie

268 3790 594 3854 roboravit,
625 3796 682 3844 et
714 3790 850 3844 fecit
906 3788 1176 3843 hostibus
1210 3788 1525 3843 fortiorem.
1562 3786 1930 3858 Assyriorum

269 3882 586 3951 impetum,
611 3884 668 3933 et
700 3877 1016 3949 potentiam
1049 3876 1467 3941 Sennacherib,
1487 3875 1931 3946 Ezechiae,regis

269 3969 571 4040 lacrymae,
607 3984 833 4031 saccus,
868 3972 925 4021 et
963 3966 1291 4021 humiliatio
1322 3965 1531 4031 victus,
1570 3965 1762 4036 fregit,
1797 3981 1932 4035 pre-

268 4058 483 4113 stravit
512 4062 571 4112 et
600 4056 753 4111 vicit.
784 4057 852 4110 Et
881 4071 910 4110 e
952 4055 1243 4110 contrario
1300 4054 1503 4109 civitas
1557 4053 1781 4120 Ninive,
1816 4054 1931 4107 im-

349 4255 361 4287 ¹
393 4253 611 4309 Vocem
648 4254 964 4323 Evangelii,
1001 4268 1130 4325 quae
1177 4253 1392 4318 deerat,
1433 4250 1736 4307 sufficiunt
1783 4267 1925 4307 mss.

273 4341 506 4380 omnes.

350 4398 373 4429 ²
403 4394 677 4467 Intelligo
709 4394 876 4467 obvio
928 4393 1329 4467 Ecclesiastico
1358 4392 1921 4467 sensujejunium,

269 4472 374 4522 aut
406 4464 621 4521 saltem
649 4465 942 4536 duplicem
972 4467 1098 4533 eius
1145 4465 1403 4519 nominis
1435 4464 1921 4535 signiﬁcationem

270 4538 479 4601 alludi,
512 4536 855 4592 Tertullian.
889 4538 1026 4607 Ipsis
1053 4538 1337 4592 elementis
1366 4538 1658 4590 stationem
1689 4538 1923 4606 impera-

270 4613 367 4664 rit.
400 4609 537 4662 Vid.
572 4624 699 4678 qua;
729 4608 882 4663 infra
911 4608 1315 4663 subnectimus
1346 4611 1464 4678 net.
1495 4609 1536 4660 θ.

341 4682 364 4713 ³
393 4681 549 4735 Sunt
577 4677 677 4750 qui
708 4696 841 4733 cum
890 4679 1136 4750 negandi
1175 4677 1463 4750 particula
1512 4684 1562 4733 et
1604 4681 1730 4750 tota
1776 4681 1922 4732 terra

272 4768 389 4806 non
415 4748 721 4821 prandebat
745 4748 1056 4821 legendum
1080 4748 1437 4820 hic—quoque
1467 4748 1923 4821 apudiHiereny-

274 4819 442 4877 mum
475 4819 849 4883 contendant,
884 4819 1383 4891 quemadmedum
1419 4836 1595 4891 penes
1625 4819 1926 4891 Tertullia-

272 4910 419 4948 num
473 4894 756 4948 adversus
806 4889 1134 4962 Psychices,
1166 4889 1742 4962 cap.rtO.'Pamelius
1764 4890 1923 4962 legit.

274 4964 343 5019 Et
374 4963 649 5036 vulgatus
679 4961 916 5034 quidem
950 4961 1490 5036 interpres’diverso
1523 4961 1693 5036 longe
1724 4961 1923 5036 sensu,

270 5036 336 5089 ει
393 5031 507 5090 ἰοιᾶ
557 5031 714 5091 terra
754 5036 899 5090 venit
946 5036 1007 5088 in
1047 5031 1269 5088 saltum.
1303 5033 1413 5087 Sed
1449 5036 1512 5085 ut
1542 5031 1688 5085 nihil
1715 5032 1786 5086 de
1817 5032 1925 5086 He-

272 5107 462 5184 braiei
485 5110 678 5161 textus
694 5105 936 5161 lectione
952 5105 1163 5170 dicam,
1177 5120 1354 5184 quam
1374 5102 1926 5184 cumSeptua‘ginta-

268 5177 439 5233 vitali
472 5193 819 5248 componere
839 5193 1035 5248 epera:
1067 5173 1318 5248 pretium
1353 5174 1449 5239 sit,
1478 5174 1590 5248 aio,
1621 5189 1689 5248 ex
1710 5173 1925 5234 Gracis

273 5249 359 5300 καὶ
401 5253 552 5300 πᾶσι
581 5245 627 5314 ἦ
649 5254 720 5319 γῆ
753 5245 950 5320 ἠρία-ἐτι
990 5245 1208 5320 factum
1267 5246 1323 5320 in
1356 5245 1530 5300 veteri
1566 5245 1771 5320 Latina
1799 5261 1923 5299 ver-

272 5320 458 5383 sione,
492 5327 545 5374 et
577 5316 683 5373 tota
708 5316 855 5374 terra
882 5318 1208 5389 prandebat,
1244 5318 1468 5389 absque
1510 5316 1759 5389 negandi
1792 5332 1922 5387 par-

269 5391 475 5457 ticula,
511 5406 689 5461 quam
723 5387 892 5445 nefas
915 5394 1040 5444 erat
1068 5387 1326 5444 Pamelio
1359 5393 1534 5458 atque
1564 5387 1699 5442 aliis
1746 5387 1804 5441 in
1839 5403 1925 5442 ve-

269 5468 464 5517 terum
497 5462 735 5533 scriptis
766 5461 1085 5533 intrudere.

340 5537 361 5567 ‘
387 5528 765 5589 Martianaaus
808 5537 937 5604 post
968 5532 1273 5604 Erasmum
1319 5533 1521 5604 contra
1562 5528 1924 5604 emendatio-

275 5621 406 5667 rum
455 5604 727 5669 codicum
770 5600 969 5678 ﬁdem,
995 5608 1053 5663 et
1098 5602 1300 5661 minus
1338 5600 1641 5671 concinne,
1671 5610 1733 5661 ut
1759 5602 1922 5663 Jona-

2048 3256 2275 3310 bibunt.
2312 3256 2489 3311 Erant
2554 3256 2710 3311 enim
2772 3257 2873 3310 filii
2933 3258 3427 3328 repromissionis,
3477 3263 3535 3314 et
3592 3277 3694 3332 per

2046 3344 2462 3399 abstinentiam
2488 3345 2904 3416 jejuniumque
2935 3348 3213 3417 concepti.
3244 3354 3398 3402 Aron
3420 3352 3479 3402 et
3499 3350 3691 3404 caeteri

2048 3434 2377 3488 sacerdotes
2411 3434 2730 3505 ingressuri
2775 3435 3107 3505 Templum,
3154 3452 3327 3491 omne
3376 3437 3531 3507 quod
3592 3454 3689 3510 pe-

2046 3526 2157 3575 test
2188 3522 2475 3577 inebriare
2506 3538 2617 3576 non
2651 3528 2873 3593 petant,
2906 3540 2977 3577 ne
3011 3523 3337 3578 moriantur
3386 3528 3581 3595 (Leuit.
3632 3545 3690 3593 x,

2044 3610 2119 3679 9).
2155 3611 2235 3664 Ex
2266 3626 2381 3680 quo
2413 3610 2801 3681 intelligimus
2833 3611 2979 3665 mori
3012 3629 3131 3677 eos,
3166 3613 3265 3682 qui
3327 3613 3385 3667 in
3434 3612 3699 3669 Ecclesia

2044 3714 2159 3752 non
2193 3697 2370 3752 sobrii
2401 3697 2792 3753 ministrarint
2808 3700 2848 3752 θ.
2886 3700 3274 3762 Quamobrem
3308 3702 3691 3771 exprobratur

2043 3786 2263 3841 lsraeli.
2298 3788 2491 3841 Potum
2518 3788 2732 3841 dabatis
2762 3790 3045 3843 Nazarzeis
3081 3791 3218 3843 meis
3270 3790 3459 3844 vinum
3506 3792 3690 3861 (Amos

2045 3891 2107 3939 ιι,
2175 3877 2276 3945 1‘2).
2331 3875 2618 3939 Jenadab,
2678 3874 2835 3931 ﬁlius
2892 3876 3141 3941 Rechab,
3220 3878 3493 3950 praecepit
3554 3878 3689 3935 filiis

2042 3963 2185 4032 suis,
2249 3968 2312 4017 ut
2379 3980 2493 4017 non
2561 3964 2827 4018 biberent
2892 3965 3090 4019 vinum
3160 3983 3345 4038 usque
3408 3969 3466 4022 in
3524 3975 3686 4024 aeter-

2040 4068 2204 4107 num.
2236 4052 2459 4115 Quibus
2490 4068 2623 4106 cum
2673 4052 2903 4107 efferret
2956 4053 3303 4111 .leremiaslo
3359 4057 3563 4113 vinum
3623 4063 3688 4113 ut

2036 4247 2302 4303 tham.....
2358 4246 2774 4318 deprehenderet
2820 4264 2952 4301 sors.
3004 4248 3201 4303 Denuo
3261 4249 3681 4316 Tertullianus,

2038 4342 2065 4367 ‹‹
2098 4323 2338 4373 Tantam
2373 4324 2568 4373 autem
2594 4318 2746 4373 Deus
2771 4319 3040 4389 praestitit
3064 4320 3472 4375 auctoritatem
3493 4321 3681 4377 edicto

2036 4390 2306 4445 stationis
2332 4390 2559 4459 (jejunii
2596 4389 2838 4459 scilicet)
2870 4389 3049 4455 illius,
3089 4395 3152 4445 ut
3180 4390 3678 4458 Jenatbam,-etc.

2105 4462 2125 4493 ⁸
2158 4462 2371 4515 Iterum
2404 4478 2471 4515 ex
2502 4461 2859 4516 'l‘ertulliano
2888 4479 2899 4515 :
2932 4485 2958 4511 ‹‹
2990 4461 3136 4524 Quid
3170 4467 3253 4530 tu,
3287 4463 3469 4528 Helia,
3536 4463 3630 4519 hic
3652 4463 3681 4519 Ὺ

2033 4532 2209 4586 Multo
2241 4532 2483 4587 amicior
2514 4533 2625 4586 ista
2653 4550 2759 4587 vox
2791 4549 2991 4603 quam,
3027 4534 3234 4599 Adam,
3288 4535 3384 4588 ubi
3434 4535 3542 4590 es?
3582 4535 3683 4591 Illa

2032 4604 2387 4729 ﬁnigilpaste
2420 4603 2643 4658 homini
2685 4605 3041 4671 minabatur,
3103 4605 3218 4660 ista
3267 4607 3472 4676 jejuno
3521 4606 3682 4661 blan-

2073 4692 2126 4729 ie
2173 4692 2205 4728 a
2237 4692 2324 4728 ur.
2362 4697 2388 4723 ››

2073 4675 2324 4729 iebatur.
2362 4697 2388 4723 »

2102 4747 2121 4779 ⁵
2159 4746 2311 4799 [dem
2344 4745 2571 4817 Sodoma
2602 4762 2809 4817 quoque
2838 4750 2889 4800 et
2930 4747 3226 4802 Gomorrha
3274 4750 3581 4814 evasissent,
3631 4750 3680 4801 si

2027 4817 2390 4889 jejunassent.
2418 4816 2487 4870 Et
2518 4816 2691 4885 paulo
2722 4816 2874 4888 post,
2906 4826 3129 4889 «HAnna
3154 4834 3382 4889 quoque
3405 4818 3672 4889 ambiens

2038 4885 2491 4958 uxorHetcanaa,
2527 4885 2740 4942 ventre'
2778 4888 2992 4943 sterilis
3047 4885 3374 4958 impetravit
3424 4887 3589 4943 facile
3644 4906 3678 4943 a

2037 4963 2150 5012 Dee
2181 4957 2413 5012 inanem
2447 4957 2576 5011 cibo
2608 4964 2866 5012 ventrem
2900 4958 3017 5012 filio
3064 4957 3322 5029 implere.
3358 4978 3384 5007 ι

2106 5031 2125 5063 τ
2158 5029 2259 5083 Hic
2290 5045 2521 5100 quoque
2550 5029 2935 5100 conferendas
2966 5034 3053 5083 est
3081 5028 3476 5084 Tertullianus
3502 5047 3551 5084 ει
3573 5034 3676 5086 Ve-

2038 5099 2115 5165 ni,
2150 5099 2360 5170 inquit,
2396 5100 2797 5171 demonstrare
2828 5099 2956 5167 tibi,
2989 5104 3277 5171 quatenus
3321 5101 3674 5157 miserabilis

2036 5188 2097 5226 es
2121 5171 2443 5240 jejunande
2476 5170 2712 5231 scilicet,
2750 5193 2776 5219 »
2819 5175 2926 5224 etc.

2105 5244 2125 5275 ⁸
2152 5243 2329 5316 Alias,
2355 5248 2419 5316 et
2450 5243 2505 5295 iu
2545 5242 2761 5313 a'iquet
2791 5259 2957 5306 mss.,
3003 5240 3249 5297 Cinerem
3295 5245 3432 5298 sicut
3476 5261 3675 5316 panem

2034 5313 2377 5367 manducavi.

2106 5385 2126 5418 ο
2158 5384 2367 5438 Iisdem
2404 5398 2579 5454 prope
2611 5382 2802 5437 verbis
2833 5382 3249 5440 Tertullianus.
3284 5386 3420 5441 Adeo
3442 5390 3676 5445 morien-

2032 5459 2143 5517 tur,
2177 5457 2273 5517 qui
2301 5471 2411 5509 nen.
2438 5454 2612 5507 sobrii
2642 5456 2701 5508 in
2731 5454 2965 5510 Ecclesia
3002 5459 3456 5514 ministraverint.

2107 5527 2147 5603 βο
2178 5524 2314 5603 Mss.
2338 5525 2699 5603 __Verenensis
2724 5542 2789 5579 ac
2820 5524 3244 5603 Cisterciensis,
3276 5531 3492 5603 offerret
3521 5533 3670 5599 lera-

2032 5598 2179 5656 mias
2207 5604 2268 5657 ut
2292 5596 2555 5670 biberent,
2586 5597 2808 5675 absque
2836 5600 3045 5659 vinum.
3232 5596 3238 5601 ’
3307 5596 3335 5603 ”
3623 5596 3631 5599 ⁷
3667 5603 3672 5609 ’
