4100 6156
389 274 509 346 3ξὶέ3

1626 274 1689 343 S.
1739 272 2052 345 EUSEBII
2097 272 2564 343 HIERONYMI.

3675 274 3793 343 321

386 418 671 484 biberent,
705 408 873 469 etilli
912 412 1092 470 libere
1150 413 1498 481 noluissent,
1529 414 1791 486 loquitur
1841 416 2037 470 Domi-
2067 418 2119 481 Α
2152 414 2263 487 plis
2312 414 2623 482 idolorum,
2654 411 2823 487 quasi
2853 412 3193 493 'idolothyta
3238 414 3631 480 vescentibus,
3689 432 3799 488 pro

384 523 495 561 nus
528 522 631 578 per
660 503 1009 576 Prophetam
1038 520 1050 558 :
1087 504 1229 572 Quia
1257 504 1508 559 obedistis
1553 512 1817 574 praecepto
1862 505 2033 558 Jona-

380 595 484 650 dab
508 596 687 666 patris
717 595 900 659 vestri,
934 610 1045 649 non
1074 593 1283 662 deﬁciet
1312 596 1399 648 vir
1454 594 1517 649 de
1574 596 1743 664 stirpe
1788 592 2031 647 Ionadab

382 684 494 755 ﬁlii
522 682 754 749 Rechab,
810 686 959 737 stans
1016 683 1079 737 in
1134 690 1420 754 conspectu
1467 697 1583 736 meo
1606 682 1814 735 cunctis
1845 682 2034 735 diebus

388 774 607 844 (Jcrem.
641 788 809 839 xxxv,
835 771 910 838 8).
945 770 1006 825 ln
1042 770 1262 825 foribus
1315 769 1661 841 Evangelii',
1696 775 1867 824 Anna
1914 768 2034 825 filia

384 859 704 917 Phanuelis
738 859 966 915 univira
1000 859 1677 930 inducitur,semperque
1709 859 2026 929 jejunans;

383 954 440 1005 et
471 949 784 1006 Dominum
806 948 1094 1019 virginem
1117 946 1291 1018 longa
1313 948 1551 1002 castitas
1575 946 2030 1018 longaquejeju-

384 1039 483 1093 nia
516 1052 843 1108 suscepere.
878 1036 1207 1089 Praecursor
1236 1037 1363 1102 ejus
1404 1040 1460 1089 ct
1499 1052 1684 1106 praeco
1734 1035 1989 1090 Joannes
2011 1036 2031 1068 ²

379 1127 624 1186 locustis
656 1125 851 1189 alitur,
885 1130 939 1178 et
969 1123 1251 1178 silvestris
1304 1122 1493 1189 melle,
1548 1140 1660 1177 non
1712 1124 2024 1179 carnibus:

380 1214 784 1285 habitatioque
818 1213 1034 1269 deserti
1081 1217 1139 1267 et
1189 1212 1547 1267 incunabula
1581 1212 2025 1275 monachorum,

379 1304 600 1359 talibus
629 1302 981 1358 inchoantur
1012 1300 1330 1357 alimentis.
1363 1301 1471 1355 Sed
1503 1306 1560 1356 et
1589 1300 1713 1372 ipse
1745 1300 2027 1356 Dominus

382 1391 676 1465 baptisma
705 1408 879 1447 suum
911 1389 1213 1463 quadragii
1242 1394 1299 1445 ta
1332 1390 1559 1445 dierum
1605 1390 1832 1460 jejunio
1864 1390 2027 1445 dedi-

385 1480 535 1536 cavit
560 1498 572 1548 ;
608 1484 665 1535 et
694 1479 917 1534 acriora
946 1478 1234 1533 daemonia
1263 1476 1458 1533 docuit
1490 1494 1601 1532 non
1624 1478 1735 1532 nisi
1769 1477 2029 1533 oratione

382 1574 439 1624 et
461 1567 706 1639 jejuniis
740 1584 909 1639 posse
940 1566 1223 1638 superari.
1281 1565 1583 1622 Cornelius
1623 1566 1907 1632 centurio,
1966 1573 2030 1621 ut

383 1657 668 1729 Spiritum
700 1660 968 1712 sanctum
1002 1656 1284 1726 acciperet
1340 1659 1657 1726 antequam
1710 1656 2024 1727 baptisma,

2148 520 2386 559 summa
2414 503 2768 559 abstinentia
2801 503 2992 572 fuerit,
3028 503 3173 559 cibis
3212 507 3440 559 tantum
3500 503 3793 561 abstinere

2146 592 2483 648 Gentilium.
2500 592 2659 656 Quod
2693 592 2740 647 si
2760 592 3102 663 loquiturad
3120 592 3442 647 Romanos:
3460 593 3507 647 Is
3525 593 3795 663 quiman-

2142 681 2322 748 ducat,
2346 697 2456 736 non
2479 681 2901 736 manducantem
2928 697 3038 736 non
3067 689 3286 752 spernat
3302 696 3316 735 :
3331 682 3491 751 etqui
3510 697 3619 737 non
3637 698 3797 738 man-

2110 766 2113 769 ⁷
2142 770 2324 835 ducat,
2353 770 2771 825 manducantem
2799 786 2909 825 non
2953 769 3165 841 judicet
3196 770 3369 840 (Rom.
3403 785 3520 834 xw,
3543 770 3597 842 3)
3627 789 3638 835 ;
3673 788 3790 828 non

2140 860 2379 930 interjej
2392 858 2527 914 unia
2538 864 2594 914 et
2606 858 2970 915 saturitatem
2986 857 3231 930 aequalia
3244 858 3451 914 merita
3466 858 3789 931 dispensat;

2140 949 2241 1003 sed
2274 952 2475 1003 contra
2505 965 2605 1003 eos
2638 946 2900 1018 loquitur
2928 948 3026 1019 qui
3058 946 3117 1001 in
3136 946 3430 1002 Christum
3465 948 3790 1018 credentes,

2139 1036 2330 1091 adhuc
2380 1036 2760 1106 judaizabant
2797 1053 2809 1089 :
2843 1040 2899 1089 et
2956 1052 3055 1089 eos
3113 1037 3212 1105 qui
3262 1051 3330 1089 ex
3370 1035 3646 1107 genlibus
3676 1038 3786 1104 (Al.

2138 1124 2478 1197 gentilibus)
2502 1123 2887 1191 crediderant,
2906 1129 3121 1189 monet,
3138 1140 3210 1179 ne
3239 1123 3635 1179 scandalizent
3657 1124 3788 1182 illos

2137 1214 2265 1267 cibo
2298 1229 2425 1278 suo,
2450 1212 2549 1283 qui
2582 1212 2773 1266 adhuc
2804 1213 2863 1266 in
2899 1212 3009 1267 fide
3040 1212 3391 1268 infirmiores
3413 1218 3597 1268 erant.
3620 1213 3791 1269 Deni-

2140 1317 2252 1373 que
2285 1306 2341 1356 et
2396 1300 2452 1354 in
2504 1301 3001 1372 consequentibus
3033 1302 3147 1371 (Al.
3190 1301 3649 1373 continentibus)
3679 1302 3789 1359 hoc

2138 1390 2332 1461 ipsum
2384 1394 2553 1444 sonat
2585 1406 2598 1443 :
2632 1390 2752 1444 Scio
2795 1396 2847 1444 et
2889 1389 3097 1459 conﬁdo
3127 1391 3183 1445 in
3215 1391 3446 1445 Domino
3474 1392 3621 1460 Iesu,
3643 1393 3787 1463 quod

2134 1478 2280 1533 nihil
2309 1494 2593 1534 commune
2620 1494 2717 1549 per
2743 1480 2982 1548 seipsum
3010 1484 3112 1549 est,
3139 1479 3255 1533 nisi
3282 1481 3355 1544 ei,
3380 1481 3475 1549 qui
3500 1482 3789 1536 existimat

2136 1566 2267 1639 quid
2314 1582 2600 1621 commune
2633 1582 2765 1630 csse,
2800 1567 2890 1621 illi
2935 1583 3223 1623 commune
3250 1571 3347 1623 est.
3378 1566 3439 1622 Si
3475 1570 3622 1623 enim
3649 1585 3785 1640 pro-

2130 1662 2255 1727 pter
2281 1656 2463 1710 cibum
2490 1656 2672 1728 frater
2698 1658 2828 1710 tuus
2853 1659 3228 1725 contristatur,
3252 1658 3374 1728 jam
3421 1673 3530 1712 non
3585 1673 3788 1714 secun-

380 1745 767 1816 eleemosynis
799 1744 1031 1807 meruit,
1091 1742 1427 1814 crebrisque
1476 1743 1745 1813 jejuniis.
1807 1744 2023 1798 Paulus
2060 1779 2107 1844 Β
2136 1742 2268 1797 dum
2318 1741 2655 1844 charilatem‘
2703 1742 2978 1797 ambulas.
3002 1744 3127 1798 Noli
3182 1745 3301 1799 cibo
3339 1752 3430 1799 tuo
3476 1746 3637 1800 illum
3666 1762 3789 1817 per-

383 1834 686 1906 apostolus
716 1837 848 1905 post
882 1833 1072 1887 famen
1105 1837 1161 1886 et
1192 1831 1371 1898 sitim,
1406 1835 1462 1885 et
1509 1836 1745 1886 caeteros
1794 1831 2023 1887 labores

383 1940 544 1991 suos,
576 1928 634 1978 et
664 1921 925 1995 pericula
963 1920 1280 1986 latronum,
1328 1919 1653 1991 naufragia,
1677 1919 2025 1975 solitudines

382 2013 495 2080 (At.
537 2010 823 2082 naufragii
874 2008 1255 2079 solitudinis),
1306 2023 1466 2062 crera
1508 2008 1736 2078 jejunia
1784 2023 2023 2062 enume-

379 2106 488 2157 rat.
524 2105 591 2155 Et
618 2098 906 2172 discipulo
944 2098 1246 2153 Timotheo
1290 2096 1507 2151 dolenti
1541 2096 1931 2164 stomachum,
1968 2103 2025 2152 et

379 2189 751 2244 inﬁrmitates
782 2187 1069 2260 plurimas
1098 2185 1430 2253 sustinenti,
1466 2186 1675 2239 suadet
1720 2185 1836 2239 vini
1892 2202 2019 2240 mo-

376 2279 567 2334 dicam
601 2278 934 2349 potionem:
964 2278 1085 2331 Jam
1116 2277 1252 2344 noti,
1304 2274 1515 2346 inquit,
1573 2290 1777 2344 aquam
1838 2275 2022 2330 bibere

378 2367 428 2439 (I
456 2368 588 2422 Tim.
620 2383 674 2432 ν,
712 2366 821 2436 '33).
850 2365 952 2420 Cui
1004 2369 1199 2419 autem
1257 2362 1418 2427 dicit,
1462 2363 1587 2433 jam
1638 2364 1760 2418 noli
1814 2380 2021 2435 aquam

379 2457 578 2523 bibere,
614 2454 867 2511 ostendit
896 2469 1028 2509 eum
1077 2469 1290 2524 aquam
1356 2457 1488 2507 ante
1543 2457 1799 2524 potasse.
1857 2453 2017 2517 Quod

378 2561 495 2600 non
527 2544 886 2611 concederet,
945 2541 1059 2596 nisi
1110 2543 1321 2596 crebrae
1370 2540 1743 2595 inﬁrmitates
1773 2546 1829 2596 et
1860 2541 2027 2598 dolor

379 2631 669 2687 stomachi
702 2629 1118 2702 postulassent.

450 2721 538 2776 16.
566 2721 827 2776 Ηίενειίει
848 2718 991 2772 cibos
1017 2717 1446 2791 refugientes.—
1469 2718 1755 2788 Reprobat
1778 2719 2016 2791 quidem

377 2808 695 2882 Apostolus
719 2808 764 2879 (l
790 2808 922 2862 Tim.
948 2808 1086 2874 1v,3)
1118 2805 2017 2877 eos,quiprohibebantnuptias,

374 2903 432 2954 et
452 2898 742 2970 jubebant
773 2896 1275 2968 [ALprohibebant
1305 2900 1360 2950 et
1381 2895 1653 2965 jubeant]
1682 2896 1829 2952 35]
1855 2896 2005 2952 cibis

383 2988 695 3052 abstinere,
731 3002 879 3058 quos
914 2991 1065 3041 Deus
1089 2983 1303 3040 creavit
1323 2984 1393 3039 ad
1419 2984 1700 3038 utendum
1726 3000 1857 3038 cum
1884 3001 2016 3056 gra-

378 3076 591 3131 tiarum
627 3076 890 3131 actione:
925 3074 1121 3129 sedet
1154 3073 1506 3128 Marcionem
1530 3073 2018 3145 designat,etTa-

2135 1832 2281 1899 dere,
2311 1847 2412 1903 pro
2460 1847 2567 1902 quo
2618 1830 2863 1886 Christus
2909 1841 3156 1887 mortuus
3200 1837 3300 1888 est.
3335 1833 3449 1889 Non
3477 1851 3602 1906 ergo
3633 1835 3784 1890 blas-

2134 1920 2423 1991 phemelur
2475 1920 2672 1974 bonum
2734 1923 2999 1974 nostrum.
3060 1921 3174 1975 Non
3240 1925 3317 1976 est
3365 1924 3516 1977 enim
3553 1938 3786 1994 regnum

2134 2010 2234 2064 Dei
2261 2025 2381 2064 esca
2411 2007 2520 2080 [ΑΙ.
2570 2007 2725 2078 escae]
2774 2013 2827 2063 et
2879 2012 3037 2079 polus
3089 2012 3248 2077 (Ibid.
3283 2010 3349 2065 44
3405 2012 3573 2083 seqq).
3602 2014 3679 2067 Ac
3710 2029 3785 2068 ne

2134 2097 2267 2168 quis
2315 2101 2544 2168 putaret
2577 2097 2684 2151 hoc
2715 2097 2785 2151 de
2807 2097 3053 2166 jejuniis
3105 2098 3242 2162 dici,
3277 2103 3334 2153 et
3389 2116 3504 2155 non
3558 2101 3630 2156 de
3673 2117 3785 2156 su—

2134 2184 2472 2258 perstitione
2513 2184 2775 2252 Judaica,
2809 2185 3009 2240 statim
3064 2186 3333 2242 edisserit
3364 2204 3377 2243 :
3409 2189 3561 2243 Alius
3609 2188 3786 2246 credit

2132 2274 2465 2329 manducare
2521 2276 2735 2329 omnia.
2780 2275 2886 2342 Qui
2930 2282 3118 2329 autem
3162 2275 3421 2345 inﬁrmus
3484 2282 3583 2346 est,
3629 2278 3785 2333 olera

2130 2362 2423 2418 manducat
2478 2362 2642 2435 (Ibid.
2707 2367 2778 2428 ιι).
2841 2363 2909 2416 Et
2991 2379 3223 2419 rursum
3279 2381 3291 2418 :
3352 2366 3505 2420 Atius
3572 2367 3785 2433 iudicat

2131 2452 2274 2507 diem
2321 2453 2445 2523 plus
2493 2468 2657 2522 quam
2708 2451 2873 2519 diem,
2905 2452 3047 2506 alius
3087 2452 3302 2522 judicat
3357 2470 3571 2510 omnem
3611 2456 3779 2512 diem.

2136 2542 2506 2612 Unusqaisque
2553 2540 2705 2597 352
2754 2542 2813 2594 in
2868 2557 2964 2595 suo
3014 2557 3173 2596 sensu
3204 2542 3460 2599 abundet.
3492 2546 3606 2615 Qui
3631 2546 3779 2616 sapit

2132 2631 2297 2697 diem
2358 2630 2581 2684 Domino
2652 2631 2813 2700 sapit.
2876 2632 2948 2684 Et
2993 2632 3091 2701 qui
3158 2630 3471 2698 manducet,
3535 2635 3776 2691 Domino

2130 2721 2425 2775 manducet
2454 2737 2472 2773 :
2502 2719 2718 2789 gratias
2748 2720 2897 2772 enim
2925 2720 3046 2789 agit
3076 2719 3198 2774 Deo.
3242 2721 3307 2774 Et
3335 2723 3435 2792 qui
3478 2737 3589 2777 non
3620 2739 3777 2778 man-

2130 2809 2313 2875 ducat,
2347 2810 2576 2862 Domino
2631 2822 2742 2862 non
2798 2806 3112 2872 manducat,
3155 2811 3205 2862 et
3258 2812 3469 2877 gratias
3505 2813 3618 2879 agit
3670 2812 3779 2867 Deo

2130 2898 2291 2969 (Ibid.
2324 2899 2357 2951 5
2386 2898 2575 2967 seqq.).
2611 2896 2719 2959 Qui
2774 2895 2930 2951 enim
2983 2895 3175 2951 adhuc
3226 2896 3446 2952 infirmi
3504 2903 3667 2954 erant
3712 2899 3775 2955 in

2131 2986 2266 3054 ﬁde,
2299 2990 2356 3041 et
2402 2984 2546 3040 alias
2586 3000 2791 3040 carnes
2841 2985 3114 3050 mundus,
3147 2984 3294 3040 alias
3335 2985 3777 3044 arbitrabantur

2129 3074 2470 3129 immundus
2519 3090 2534 3127 :
2576 3078 2634 3127 ct
2680 3072 2831 3127 inter
2873 3074 3027 3127 diem
3070 3078 3130 3129 et
3169 3074 3323 3130 diem
3373 3091 3504 3131 esse
3552 3075 3775 3148 aliquid

374 3164 689 3233 tianum,et
719 3166 952 3217 caeteros
985 3160 1411 3231 hmreticos,qui
1432 3160 1846 3216 abstinentiam
1872 3162 2017 3216 indi-
2049 3144 2091 3210 (ἶ
2129 3162 2560 3229 existimabant,
2586 3161 2741 3216 verbi
2774 3161 2978 3233 gratia,
2995 3163 3259 3218 sanctius
3286 3178 3415 3219 esse
3437 3144 3774 3235 sabbatum,

375 3255 519 3306 cunt
548 3256 909 3323 perpetuam,
940 3250 1011 3304 ad
1043 3249 1396 3305 destruenda
1420 3254 1476 3303 et
1507 3251 1931 3305 contemnenda
1964 3255 2020 3306 et

371 3338 767 3394 abominanda
796 3353 970 3409 opera
998 3336 1302 3392 Creatoris.
1322 3338 1437 3392 Nos
1468 3343 1661 3392 autem
1689 3344 2016 3394 creaturam

370 3443 606 3483 omnem
637 3426 950 3481 laudamus
979 3426 1078 3481 Dei
1102 3431 1180 3481 :et
1201 3426 1449 3481 maciem
1473 3426 2017 3498 saginaa,abstinen-

366 3516 509 3571 tiam
542 3515 802 3583 luxuriae,
845 3515 1074 3587 jejunia
1133 3514 1495 3585 prmferimus
1551 3516 1861 3570 saturitati.
1930 3518 2018 3573 Vir

366 3606 566 3678 quippe
602 3607 660 3659 in
694 3604 974 3659 laboribus
1001 3603 1210 3659 laborat
1238 3604 1366 3667 sibi,
1398 3607 1447 3657 et
1478 3605 1587 3657 vim
1615 3606 1750 3675 facit
1783 3606 1841 3658 in
1875 3607 2016 3660 inle-

368 3696 543 3750 ritum
570 3710 731 3749 suum
761 3694 941 3764 (Prov.
974 3709 1090 3758 xvr,
1134 3693 1224 3745 26.
1256 3708 1359 3747 sec.
1396 3692 1575 3763 LXX].
1610 3693 1697 3759 Et,
1730 3695 1768 3748 A
1828 3694 2015 3749 diebus

350 3784 593 3839 ’Joannis
624 3783 880 3852 Baptista:
930 3780 1299 3852 (jejunatoris
1348 3785 1405 3835 et
1461 3780 1723 3854 virginis)
1786 3798 2014 3852 regnum

366 3872 626 3926 caelorum
676 3872 784 3924 vim
832 3872 1064 3940 patitur.
1124 3878 1175 3924 et
1230 3869 1454 3924 violenti
1514 3869 1788 3940 diripiunt
1872 3872 2012 3927 illud

364 3958 572 4030 (Matth.
626 3975 705 4022 χι,
782 3958 893 4029 l2).
955 3958 1253 4013 Timemus
1310 3958 1464 4012 enim
1520 3974 1590 4013 ne
1639 3959 1712 4013 ab
1762 3960 2009 4015 adventu

362 4047 560 4104 aeterni
586 4047 830 4119 judicis,
861 4046 1015 4102 sicut
1045 4046 1102 4101 in
1135 4047 1342 4101 diebus
1381 4045 1606 4112 diluvii,
1658 4053 1714 4101 et
1760 4049 2007 4104 eversio-

363 4136 455 4192 nis
487 4137 597 4209 (Αἰ.
631 4135 951 4207 eversione)
980 4136 1240 4191 Sodoma:
1288 4142 1345 4190 et
1401 4135 1760 4201 Gomorrhm,
1812 4139 2009 4209 depre-

360 4226 691 4282 hendamur
722 4226 1169 4291 manducantcs,
1203 4230 1261 4280 et
1294 4225 1579 4289 bibentes,
1611 4229 1668 4279 et
1701 4226 2004 4293 nubentes,

359 4318 417 4370 et
462 4314 672 4387 nuptui
717 4315 1038 4369 tradentes.
1095 4314 1240 4368 Nam
1290 4317 1347 4368 et
1406 4313 1714 4377 diluvium,
1767 4319 1821 4368 et
1855 4314 2007 4386 ignis

359 4405 431 4458 de
461 4402 605 4458 cmlo
635 4403 1002 4457 saturitatem
1039 4401 1271 4472 pariter,
1305 4404 1358 4454 et
1391 4400 1627 4472 nuptias
1658 4418 1804 4472 quas
1848 4401 1999 4458 dele-

2128 3255 2186 3306 et
2216 3250 2647 3317 neomenias,et
2676 3250 3106 3321 scenopegiam,
3125 3266 3301 3322 quam
3337 3251 3595 3324 reliquos
3623 3253 3774 3320 dies,

2120 3340 2407 3411 jubentur
2432 3337 2587 3393 olera
2620 3338 2992 3405 manducare,
3025 3354 3152 3409 qua:
3179 3338 3778 3399 indilierentercome-

2126 3429 2349 3483 duntur
2378 3427 2448 3481 ab
2481 3427 2780 3481 omnibus.
2810 3426 2916 3491 Qui
2947 3443 3082 3481 vero
3115 3426 3390 3484 ﬁrmioris
3419 3434 3588 3485 erant
3608 3430 3776 3499 ﬁdei,

2126 3533 2330 3573 omnes
2378 3532 2583 3571 carnes
2629 3520 2687 3569 et
2737 3513 2862 3570 dies
2911 3531 3114 3575 omnes
3157 3516 3412 3589 zequales
3469 3535 3599 3574 esse
3647 3536 3774 3575 ere-

2125 3607 2363 3661 debanL

2195 3697 2281 3751 17.
2334 3695 2615 3765 Jejunium
2675 3693 3137 3749 Christianorum.
3190 3694 3457 3764 Sepulcra
3512 3696 3773 3767 concupi-

2120 3785 2343 3839 scentia:
2385 3785 2755 3854 perseverant.
2805 3783 3013 3853 Jejunii
3067 3784 3449 3854 sanctiﬁcatio.
3499 3815 3569 3825 —
3616 3780 3770 3840 Illud

2118 3876 2317 3943 autem
2348 3872 2500 3943 quod
2536 3887 2856 3943 proponere
2914 3888 3094 3927 ausus
3124 3877 3215 3927 est
3241 3874 3263 3907 ‘
3296 3873 3403 3943 [ΑΙ.
3435 3873 3542 3945 es],
3570 3872 3772 3929 Domi-

2121 3977 2263 4016 num
2294 3964 2616 4015 voratorem
2650 3964 2705 4014 et
2740 3964 3061 4031 potatorem
3105 3959 3215 4015 vini
3250 3977 3284 4015 ιι
3316 3961 3619 4019 Phariszeis
3664 3978 3773 4035 ap-

2118 4050 2397 4122 pellatum
2433 4067 2445 4104 :
2479 4052 2535 4103 et
2565 4048 2703 4120 quia
2760 4049 2830 4103 ad
2886 4048 3092 4121 epulas
3148 4049 3282 4105 ierit
3322 4049 3682 4122 nuptiarum,
3715 4054 3777 4107 et

2119 4138 2379 4193 convivia
2476 4153 2590 4191 non
2666 4137 2995 4208 despexerit
3079 4143 3472 4209 peccatorum,
3548 4138 3775 4197 testimo

2119 4228 2273 4299 quod
2325 4225 2629 4281 uobiscum
2680 4225 2871 4280 faciat.
2907 4226 3022 4281 Iste
3053 4231 3142 4282 est
3168 4226 3477 4293 Dominus,
3512 4233 3576 4283 ut
3621 4228 3777 4284 arbi-

2117 4316 2577 4382 traris,vorator,
2610 4314 2710 4385 qui
2742 4313 3138 4386 quadraginta
3194 4315 3403 4371 diebus
3434 4315 3774 4373 Christano-

2117 4420 2249 4459 rum
2295 4402 2592 4473 jejunium
2640 4401 3031 4456 sanctificavit
3080 4403 3187 4472 [Al:
3239 4403 3628 4474 sanctificat];
3670 4403 3776 4476 qui

358 4494 447 4544 ret
475 4489 713 4545 invenit.
752 4489 868 4545 Nec
907 4490 1143 4554 mirum,
1181 4489 1228 4543 si
1291 4505 1463 4542 omne
1492 4489 1515 4523 ⁸
1568 4489 1721 4560 quod
1776 4491 1831 4546 in
1898 4510 2019 4549 ma-
2052 4509 2097 4573 ι)
2129 4493 2331 4548 beatos
2361 4488 2612 4563 appellat
2638 4488 2960 4545 esurientes
2981 4494 3038 4544 et
3077 4490 3339 4547 sitientes
3372 4511 3385 4559 ;
3420 4493 3518 4564 qui
3575 4507 3775 4549 escam

359 4576 504 4633 cello
530 4577 819 4643 venditur,
858 4576 1168 4649 Apostolus
1223 4576 1337 4632 emi
1386 4576 1613 4647 jubeat,
1678 4584 1735 4633 et
1786 4586 2013 4642 comedi

355 4667 407 4735 (Ι
430 4665 554 4722 Cor.
586 4683 642 4733 χ,
704 4667 833 4737 25);
899 4682 1031 4721 cum
1089 4664 1411 4721 idololatris
1463 4670 1519 4721 et
1550 4667 1742 4723 adhuc
1772 4671 1827 4726 in
1864 4676 2010 4730 tem-

429 4808 448 4844 ί
480 4810 623 4865 Item
655 4824 723 4864 ex
746 4806 1097 4863 Tertulliano
1125 4824 1137 4861 :
1165 4832 1190 4856 ‹‹
1225 4807 1506 4863 Inlimine
1539 4810 2011 4873 EvangeliiAnna

363 4879 1359 4953 prophetissadlliaRhanuelis,quae
1390 4881 1670 4953 infantem
1694 4879 2006 4944 Dominum

357 4951 414 5008 et
438 4951 695 5029 agnovit,
730 4957 786 5029 et
817 4951 1002 5029 multa
1030 4967 1208 5029 super
1237 4968 1327 5029 eo__
1354 4952 1702 5029 praedicavit,
1726 5026 1735 5029 _
1764 4972 2007 5029 exspec-

357 5022 621 5105 tantibus
654 5022 1523 5105 rcde_mptionem.lsraelis.post
1544 5026 1842 5105 egregium
1871 5022 2004 5084 titu-

356 5101 493 5172 tum.
517 5095 725 5172 veteris
752 5099 807 5149 ct
826 5095 1061 5172 univira:
1086 5094 2005 5172 viduitatisjejuniOrumquioque

362 5165 699 5237 testimonio
731 5166 1323 5237 augetur,ostendens
1356 5165 1417 5237 in
1440 5166 1653 5237 quibus
1686 5165 2007 5226 ofﬁciis-as-

357 5234 835 5314 sideriecclesiis
856 5237 1102 5314 debeat,_
1120 5242 1175 5291 et
1205 5254 1238 5290 a
1269 5234 1472 5314 nullis
1504 5239 1704 5314 magis
1760 5240 2005 5314 intelligi

359 5306 893 5384 Cbrist__um,_quar_n
928 5307 1103 5384 semel
1140 5308 1335 5379 nuptis
1366 5313 1421 5362 et
1446 5306 2007 5384 saipeiiejunislp‘s'e

359 5394 495 5434 mox
532 5377 824 5449 Dominus
855 5377 1148 5449 baptisma
1179 5377 1372 5445 suum,
1404 5383 1459 5433 et
1490 5377 1550 5433 in
1578 5377 2003 5449 suo'omniu'm,

351 5448 599 5522 jejuniis
621 5443 949 5522 dedicavit;
971 5470 997 5522 ι)
1031 5455 1139 5522 etc.
1176 5450 1241 5503 Et
1275 5443 1426 5514 mox,
1452 5473 1484 5522 ru
1521 5443 1697 5506 etiam
1727 5443 2005 5510 adversus;

358 5520 577 5592 diriora
603 5520 888 5575 daemonia
912 5520 1157 5592 jeiuniis
1189 5521 1593 5592 praeliandum.
1623 5546 1649 5571 ››

316 5646 322 5663 ,
429 5591 706 5675 fNomen
760 5591 996 5656 Joannis
1060 5591 1493 5671 praestantiores
1547 5610 1692 5654 mss.
1750 5594 1845 5656 hic
1886 5612 2003 5659 non

2130 4581 2343 4637 habere
2368 4597 2430 4635 se
2460 4579 2749 4644 dicit,non
2781 4595 2957 4650 quam
2990 4579 3263 4651 discipuli
3292 4581 3772 4653 suspicabantur,

2120 4670 2221 4727 sed
2272 4685 2400 4741 qua:
2452 4668 2509 4722 in
2562 4671 2909 4740 perpetuum
2958 4683 3072 4722 non
3121 4668 3368 4739 periret;
3402 4669 3501 4741 qui
3559 4670 3631 4725 de
3676 4669 3774 4725 die

2120 4814 2467 4886 agnoscunt.

2189 4886 2211 4919 ³
2242 4882 2664 4951 Tertullianus,
2697 4904 2725 4932 «
2752 4882 2811 4936 Si
2844 4881 3033 4938 claves
3066 4882 3291 4939 macelli
3343 4882 3446 4939 tibi
3504 4883 3767 4950 tradidit,

2120 4957 2466 5029 permittens
2515 4953 2639 5009 esui
2683 4953 2893 5029 omnia
2943 4955 3014 5009 ad
3055 4954 3529 5029 constituendum
3582 4954 3768 5029 idolo-

2118 5024 2435 5107 thytorum“
2474 5024 2897 5107 esceptionem,
2941 5042 3058 5080 non
3134 5032 3329 5082 tamen
3397 5026 3456 5081 in
3522 5025 3771 5083 macello

2117 5097 2360 5169 regnum
2396 5097 2495 5152 Dei
2528 5097 2785 5150 inclusit.
2816 5117 2842 5145 »

2187 5172 2437 5234 ‘Antea,
2487 5170 2807 5247 ausushest.
2858 5166 3320 5247 Tertullian_us__:
3371 5191 3399 5218 ‹‹
3455 5167 3768 5247 Dominum

2116 5257 2348 5312 quoque
2379 5253 2555 5312 quam
2588 5237 2824 5312 indigne
2853 5240 2924 5292 ad
2956 5243 3119 5312 tuam
3152 5238 3453 5312 libidinem
3486 5240 3772 5312 interpre-

2117 5308 2988 5383 t'aris'pas'simqmanducantem
3022 5316 3079 5364 et
3108 5309 3402 5365 bibentem
3430 5311 3443 5365 ε
3478 5312 3587 5367 Sed
3623 5308 3769 5383 puto

2116 5383 2270 5454 quod
2292 5379 2475 5436 etiam
2501 5379 2919 5454 jejunarit,qui
2952 5381 3152 5436 beatos
3182 5398 3295 5454 non
3332 5379 3767 5451 saturatos,sed

2115 5450 2438 5526 esurientes
2488 5455 2545 5505 ct
2598 5450 2862 5505 sitientes
2926 5453 3378 5526 pronuntiarit;
3425 5454 3526 5526 qui
3566 5450 3766 5526 eseam

2118 5468 2438 5509 esurientes
2488 5468 2545 5505 et
2598 5468 2862 5505 ementes
2907 5468 3370 5576 (pronuntiarit;
3425 5471 3526 5526 qui
3566 5468 3766 5510 escam

2118 5524 2665 5608 proﬁtebaturhnon
2699 5538 2875 5608 quam
2952 5522 3183 5608 iscipuli
3213 5524 3638 5597 existimarent,
3657 5525 3766 5588 sed

2118 5592 2353 5679 paterni
2378 5592 2571 5673 operis
2592 5592 3022 5671 perfectionem,
3055 5592 3084 5648 »3
3118 5599 3229 5654 etc.
