2682 3279
141 56 193 89 325
674 54 883 90 ADVERSUS
905 53 1149 89 JOVINIANUM
1170 53 1244 88 LIB.
1268 56 1307 89 ll.
1780 56 1840 92 326

138 123 262 152 crastino
278 124 406 160 cogitare
421 124 475 159 (AI,
489 123 623 160 cogitari)
638 124 794 160 prohibet:
817 124 867 160 qui
896 132 962 151 cum
978 124 1006 157 Α
1022 125 1071 151 net
1099 132 1193 159 usque
1223 124 1257 151 ad
1287 131 1437 158 vesperam
1456 131 1462 150 ε
1480 125 1507 151 et
1535 124 1584 159 qui
1615 132 1673 152 non
1700 125 1838 154 afﬂixerit

135 167 263 196 esurisse
280 170 310 196 et
324 168 420 196 sitisse
445 168 567 201 dicatur,
592 170 619 196 et
643 168 703 196 isse
731 168 898 204 frequenter
924 168 959 196 ad

133 212 271 248 prandia,
297 215 415 248 excepto
440 213 589 249 mysterio,
607 213 685 249 quod
715 213 744 240 in
773 215 875 249 typum
904 221 962 240 suae

131 256 284 292 passionis
299 257 453 293 expressit,
469 259 498 285 et
510 257 653 294 probandi
674 257 804 293 corporis
829 257 960 284 veritate.

132 309 187 328 nec
204 300 282 337 gulae
296 300 435 329 scribitur
451 301 585 335 servisse,
616 309 668 329 nec
699 301 804 329 ventri.
835 301 889 334 Qui
919 301 962 328 di-

130 345 226 373 vitem
242 347 434 381 purpuratum
452 348 569 382 propter
583 346 684 377 epulas
701 348 799 373 narrat
809 345 839 372 in
852 347 962 373 tartaro

130 392 161 417 et
179 392 319 417 Lazarum
336 398 496 426 pauperem
520 391 556 418 ob
586 390 715 418 inediam
745 390 815 417 dicit
844 398 908 417 esse
931 390 961 417 in

130 434 199 462 sinu
216 434 352 462 Abrahae.
367 435 422 466 Qui
438 435 555 470 quando
566 435 749 470 jejunamus.
768 434 837 470 ungi
854 435 861 451 ¹
875 437 963 470 caput

128 481 156 506 et
170 478 265 506 lavari
282 479 387 506 faciem
403 479 543 515 praecipit,
562 482 594 506 ut
609 488 665 507 non
682 478 781 515 gloriae
795 479 960 513 hominum,

129 523 179 550 sed
197 522 327 550 Domino
337 523 520 558 jejunemus.
543 523 596 556 Qui
619 523 746 551 comedit
763 523 881 559 quidem
897 525 963 559 post

130 567 382 595 resurrectionem
399 569 511 603 partem
526 567 615 603 piscis
630 567 689 595 assi
714 570 742 595 et
768 568 878 601 favum,
904 576 961 595 non

131 613 256 647 propter
269 612 398 639 esuriem
415 614 444 639 et
465 611 593 648 gutturis
618 612 794 640 suavitatem
823 621 830 646 ;
854 612 904 639 sed
933 617 962 639 ut

131 656 286 683 veritatem
314 656 362 683 sui
387 656 516 692 corporis
545 656 757 692 comprobaret.
788 657 861 684 Nam
890 665 961 692 quo-

131 700 308 735 tiescunque
323 703 475 728 mortuum
491 701 644 728 suscitavit
654 701 748 736 jussit
762 701 788 728 ei
803 700 866 728 dari
879 709 962 728 man-

130 745 252 777 ducare,
272 753 309 772 ne
331 745 506 772 resurrectio
532 745 708 781 phantasma
738 747 901 781 putaretur.
930 746 963 772 Et

132 789 264 816 Lazarus
289 791 358 825 post
388 790 642 822 resurrectionem,
671 790 707 817 ob
738 789 812 816 hanc
841 798 961 817 causam

132 834 276 861 scribitur
290 841 358 861 cum
371 833 495 861 Domino
511 833 611 861 iniisse
631 834 808 861 convivium.
830 834 888 861 Nec
909 833 963 861 hoc

132 878 275 909 dicimus,
292 878 370 913 quod
388 885 529 914 negemus
544 878 639 914 pisces
654 880 682 905 et
693 880 795 906 caetera
811 878 846 912 (si
860 878 962 906 volun-

134 925 182 949 tas
198 921 299 957 fuerit)
315 922 343 949 in
360 922 426 949 cibo
455 930 518 949 esse
548 923 692 950 sumenda
709 932 715 950 :
734 922 783 950 sed
814 923 962 958 quomodo

137 966 257 1001 nuptiis
286 966 476 1002 virginitatem
503 966 545 994 ita
574 966 722 994 saturitati
762 970 790 994 et
825 967 962 994 carnibus

131 1010 286 1046 jejunium
301 1011 496 1046 spiritumque
507 1011 584 1039 358
601 1011 793 1047 praeferimus.
812 1011 840 1039 Si
865 1013 962 1039 autem

132 1056 243 1083 Petrus
259 1055 330 1082 hora
344 1057 426 1083 sexta
441 1063 603 1091 pransurus
625 1055 755 1083 ascendit
777 1056 806 1083 in
832 1064 963 1083 ccenacu-

131 1100 211 1131 lum,
228 1099 351 1127 fortuita
366 1099 478 1127 esuries
502 1108 559 1127 non
575 1100 644 1127 facit
661 1099 863 1135 przejudicium
884 1100 962 1135 jeju—

132 1144 268 1172 niorum.
285 1143 345 1171 Hoc
373 1143 452 1171 enim
481 1144 566 1171 modo
595 1146 623 1171 et
651 1144 803 1177 Dominus,
835 1144 905 1179 quia
927 1144 961 1172 ad

131 1191 260 1225 puteum
277 1188 470 1216 Samaritana:
484 1188 556 1216 hora
570 1191 652 1216 sexta
682 1188 777 1216 fessus
801 1188 919 1216 resedit.
936 1191 965 1216 et

130 1234 236 1261 bibere
252 1232 356 1268 voluit,
368 1232 506 1260 omnibus
522 1233 673 1260 incumbet
688 1233 861 1268 necessitas,
874 1232 964 1260 velint

132 1277 242 1310 nolint,
258 1277 315 1305 hoc
334 1279 466 1312 tempore
495 1277 623 1305 bibendi.
656 1277 753 1305 Potuit
777 1280 875 1305 autem
900 1278 963 1305 ﬁeri

133 1322 229 1350 utch
259 1321 418 1349 sabbatum
445 1323 531 1354 esset,
558 1321 602 1349 vel
632 1322 695 1349 dies
725 1322 896 1350 Dominicus
914 1331 919 1349 :
936 1324 965 1349 et

134 1370 203 1404 post
217 1366 314 1399 bidui,
331 1365 481 1401 triduique
492 1366 651 1401 jejunium,
667 1366 739 1393 hora
755 1368 836 1393 sexta
851 1366 964 1394 esurie-

135 1413 174 1439 rit
192 1419 367 1447 ;nunquam
383 1410 462 1437 enim
478 1410 652 1438 crediderim
668 1410 881 1446 Apostolum,si
898 1413 964 1439 ante

135 1465 227 1484 uuam
243 1456 324 1483 diem
338 1457 508 1487 cenaverat,
523 1454 678 1491 epulisque
701 1455 849 1482 distentus
870 1456 965 1483 fuerat

135 1502 189 1534 [AL
206 1500 281 1535 erat]
297 1498 421 1527 alterius
436 1498 492 1526 diei
516 1498 644 1527 esurisse
666 1498 797 1526 meridie.
829 1500 909 1532 Quod
938 1500 963 1528 si

136 1545 264 1573 coenavit
278 1543 383 1580 pridie,
399 1545 428 1570 et
442 1543 573 1579 sequenti
591 1543 637 1571 die
652 1543 772 1570 esurivit
792 1545 858 1571 ante
874 1552 963 1580 prau-

135 1590 235 1622 dium,
252 1596 310 1616 non
326 1587 461 1615 existimo
476 1588 487 1604 ²
502 1588 578 1623 quod
591 1595 684 1623 usque
694 1588 729 1615 ad
740 1588 903 1615 satietatem
917 1597 963 1616 co-

139 1633 278 1666 mederit,
295 1633 344 1668 qui
357 1634 418 1659 tam
435 1632 491 1659 cito
506 1632 600 1668 potuit
615 1631 735 1660 esurire.
761 1634 849 1660 Porro
874 1632 897 1660 si
913 1641 965 1668 per

141 1678 254 1706 Isaiam
266 1676 393 1712 loquitur
409 1679 494 1708 Deus,
511 1677 587 1712 quod
604 1684 662 1704 non
677 1675 889 1711 talejejunium
905 1677 962 1705 ele-

144 1721 237 1758 gerit,
253 1721 348 1748 dicens
363 1730 369 1748 :
384 1721 413 1748 In
433 1720 528 1748 diebus
548 1721 720 1756 jejuniorum
744 1723 896 1748 vestrorum
918 1723 962 1749 in-

143 1767 299 1795 veniuntur
312 1765 456 1793 voluntates
475 1767 582 1799 vestra},
608 1770 633 1792 et
656 1765 785 1800 subjectos
807 1766 961 1800 percutitis,

138 1814 165 1841 et
180 1813 211 1839 in
219 1810 328 1846 judicia
342 1812 368 1837 et
383 1811 413 1837 in
428 1810 491 1837 lites
501 1809 644 1845 jcjunalis,
661 1811 686 1836 et
706 1809 813 1837 caeditis
837 1811 937 1845 pugnis
954 1819 960 1838 :

138 1865 192 1884 non
209 1855 268 1883 tale
277 1855 419 1890 jejunium
433 1854 512 1888 elegi,
528 1853 595 1881 dicit
608 1853 739 1881 Dominus
763 1854 825 1889 (Isa.
852 1863 929 1887 LVIII,
946 1855 964 1882 5

137 1901 216 1937 καφ),
233 1898 326 1931 Quale
341 1897 471 1934 elegerit,
486 1898 569 1925 docet
586 1898 708 1933 :Frange
719 1899 853 1926 esurienti
861 1907 961 1934 panem

137 1949 227 1977 tuum,
244 1948 269 1971 el
280 1951 416 1979 pauperes
430 1943 491 1969 sine
504 1944 571 1970 leclo
585 1942 668 1970 induc
691 1943 721 1969 in
742 1942 854 1970 domum
873 1948 961 1971 tuam.

138 1991 169 2018 Si
182 1989 289 2017 videris
304 1987 420 2020 nudum,
437 1987 503 2013 vesti
518 1995 524 2013 :
542 1991 566 2014 el
582 1986 739 2014 domesticos
750 1988 864 2015 seminis
879 1989 965 2016 tuine

138 2034 271 2069 despicias
290 2031 371 2064 (Ibid.
395 2031 433 2066 7),
457 2030 519 2058 Non
544 2030 634 2067 igitur
650 2031 797 2066 jejunium
825 2032 962 2067 reproba-

137 2079 193 2109 vit,
209 2077 257 2105 sed
273 2075 361 2112 quale
377 2075 472 2107 vellet,
484 2075 612 2102 ostendit
627 2084 636 2102 :
653 2083 747 2111 neque
760 2075 838 2103 enim
855 2077 963 2104 ventris

138 2123 252 2151 esuries
267 2123 386 2156 accepta
401 2122 446 2147 est
460 2119 528 2153 Deo,
545 2127 634 2155 quam
662 2119 728 2147 lites
757 2121 785 2147 et
810 2120 918 2156 rapina:
935 2124 965 2149 et

1019 168 1146 196 animam
1163 177 1258 201 suam,
1271 168 1413 195 moriatur
1423 170 1451 195 et
1464 168 1669 196 exterminetur
1679 170 1714 197 de
1729 171 1837 207 populo

1018 221 1071 240 suo
1086 213 1099 239 ?
1115 213 1207 245 Quare
1218 212 1352 248 sepulcra
1367 213 1609 248 concupiscentia:
1625 214 1646 245 ³,
1668 214 1716 242 ubi
1739 216 1836 243 carui-

1017 257 1073 284 hus
1089 257 1206 284 deditus
1222 257 1348 292 populus
1363 258 1528 292 ruit,usque
1543 257 1627 285 hodie
1639 257 1666 285 in
1680 258 1837 288 solitudine

1017 303 1201 337 perseverant
1225 301 1286 328 ?Et
1314 310 1431 329 crassus
1461 301 1584 337 populus
1608 305 1837 338 ortygometram

1017 345 1153 373 scribitur
1168 346 1204 373 ad
1221 345 1367 373 choleram
1383 354 1476 381 usque
1497 348 1626 373 ructasse
1641 346 1654 373 ?
1669 346 1727 374 Cur
1750 348 1836 376 homo

1018 389 1067 417 Dei
1083 389 1130 424 (III
1145 390 1208 424 Reg.
1224 398 1287 421 xm,
1304 390 1331 425 li)
1356 391 1391 417 ad
1416 390 1499 425 cujus
1524 390 1706 425 prophetiam
1729 400 1836 420 manus

1017 436 1134 461 eruerat
1157 434 1233 469 regis
1256 434 1421 466 Jeroboam,
1448 435 1497 469 qui
1527 435 1577 466 [ΑΙ.
1605 435 1683 470 quia]
1710 437 1834 463 mandu-

1017 478 1092 506 cavit
1107 480 1208 505 contra
1222 478 1349 505 edictum
1366 478 1426 511 Dei,
1442 478 1519 505 illico
1539 487 1696 514 percussus
1722 482 1766 507 est
1782 481 1795 508 ?
1811 483 1839 508 ct

1017 522 1061 549 leo
1078 522 1128 557 qui
1158 522 1272 549 asinam
1288 522 1443 549 custodivit
1456 522 1607 555 intactam,
1626 523 1773 559 propheta:
1798 525 1838 553 le-

1017 567 1096 593 vanti
1111 574 1142 593 se
1149 567 1184 593 de
1196 566 1317 602 prandio
1329 575 1385 593 non
1398 567 1526 602 pepercit
1538 569 1548 594 Ρ
1559 567 1740 602 Quijejunus
1749 569 1836 596 mira-

1018 610 1084 638 cula
1091 611 1196 638 fecerat
1208 619 1332 646 pransus
1343 611 1573 646 (Al.pransurus)
1586 610 1662 638 illico
1674 612 1838 640 saturitatis

1018 663 1118 690 pmnas
1147 654 1210 681 luit.
1245 655 1299 682 Sed
1329 658 1356 682 ct
1384 655 1446 682 Jocl
1476 654 1605 682 clamitat
1631 664 1637 682 2
1664 656 1838 690 Sanctificate

1011 700 1156 735 jeiunium
1170 708 1180 729 ;
1193 699 1340 734 ρνωιλίεαιε
1354 700 1525 727 curationem
1539 700 1606 734 (Joel
1623 708 1642 733 ι,
1662 701 1691 727 Iri
1708 712 1715 733 ς
1733 708 1764 733 n,
1782 701 1839 737 15),

1017 746 1049 770 ut
1064 743 1431 778 monstrareturjcjunium
1447 744 1525 771 354
1540 744 1716 772 sanctiﬁcari
1728 746 1839 774 caeteris

979 787 1154 841 Boperibus
1179 791 1229 820 ;ct
1259 788 1473 815 sanctificatum
1501 788 1662 823 jejunium,
1692 790 1839 819 curationi

1073 832 1088 841 ι,
1276 835 1281 841 ,
1413 833 1431 841 η
1534 833 1540 841 .
1633 835 1637 841 .
1738 835 1743 839 .
1784 835 1789 840 .
1816 836 1821 841 .

1018 832 1156 868 proficere
1186 835 1381 868 peccatorum.
1412 833 1561 865 Quomodo
1591 835 1689 861 autem
1718 835 1840 870 virgini-

1017 877 1069 904 tati
1085 885 1157 903 verm
1174 885 1231 904 non
1246 877 1551 912 pracjudicatimitatio
1568 878 1712 913 virginum
1730 880 1841 908 diaboli

1017 921 1057 948 ita
1073 929 1125 948 nec
1139 922 1215 948 veris
1228 921 1358 956 jejuniis,
1375 922 1492 949 Castum
1518 922 1604 949 Isidis
1618 923 1629 939 ‘
1657 926 1685 950 et
1709 924 1838 960 Cybeles,

1018 968 1046 993 et,
1060 966 1255 1001 quorumdam
1269 966 1401 993 ciborum
1418 966 1446 993 in
1470 969 1610 994 mternum
1637 968 1814 997 abstinentia
1833 980 1839 999 :

1018 1010 1144 1037 maxime
1159 1018 1226 1037 cum
1251 1011 1328 1045 apud
1358 1010 1423 1037 illos
1445 1011 1592 1045 jejunium
1624 1012 1707 1047 panis
1737 1015 1840 1050 sagina

1018 1054 1150 1082 carnium
1165 1058 1380 1089 compensetur.
1399 1055 1433 1081 Et
1448 1054 1524 1082 sicut
1537 1055 1621 1091 signa
1636 1065 1699 1091 qua:
1717 1058 1841 1086 faciebat

1019 1099 1143 1134 Moyses,
1160 1099 1352 1126 imitabantur
1367 1099 1450 1135 signa
1465 1099 1680 1135 Egyptiorum,
1698 1102 1748 1129 sed
1781 1112 1838 1131 non

1018 1142 1142 1170 erantin
1159 1142 1278 1170 veritate
1296 1151 1302 1169 2
1321 1151 1387 1170 nam
1404 1143 1484 1179 virga
1498 1144 1588 1179 Moysi
1618 1144 1714 1180 virgas
1739 1155 1838 1183 mago-

1020 1195 1084 1214 rum
1101 1187 1256 1214 devorabat
1273 1196 1279 1214 :
1297 1187 1337 1214 ita
1353 1196 1403 1223 per
1427 1188 1527 1215 omnia
1552 1197 1615 1224 quae
1645 1198 1696 1225 per
1720 1191 1841 1219 amula-

1019 1232 1127 1259 tionem
1144 1232 1154 1248 ⁵
1170 1231 1219 1259 Dei
1236 1231 1302 1259 facit
1322 1232 1456 1259 diabolus
1482 1241 1538 1260 non
1564 1233 1714 1269 religionis
1734 1239 1841 1265 nostris

1019 1276 1201 1312 superstitio,
1229 1276 1279 1303 sed
1311 1278 1411 1304 nostra
1445 1277 1579 1313 arguitur
1607 1279 1795 1315 negligentia,
1811 1280 1840 1308 id

1020 1320 1180 1348 nolentium
1197 1321 1289 1348 facere
1302 1321 1379 1356 quod
1394 1321 1503 1349 bonum
1519 1330 1593 1355 esse,
1622 1323 1709 1351 etiam
1740 1325 1840 1353 saeculi

1019 1365 1153 1393 homines
1170 1373 1226 1392 non
1239 1365 1383 1401 ignorant.

1056 1410 1096 1438 18.
1136 1410 1241 1443 Quarta
1267 1410 1414 1445 propositio
1443 1411 1595 1438 Jovinianz'.
1626 1427 1660 1431 -—
1694 1425 1704 1437 α
1734 1413 1841 1445 Quarta

1020 1454 1189 1491 propositio,
1207 1462 1270 1489 quae
1286 1456 1314 1481 et
1333 1456 1462 1482 extrema
1477 1457 1530 1489 est,
1548 1456 1621 1484 duos
1632 1465 1696 1484 esse
1711 1458 1839 1486 ordines.

1019 1499 1116 1527 ovium
1140 1501 1168 1526 et
1189 1498 1336 1526 hircorum
1356 1507 1361 1526 :
1379 1498 1505 1527 alterum
1526 1501 1688 1535 justorum,
1716 1502 1840 1530 alterum

1018 1542 1289 1579 peccatorumzalios
1306 1545 1382 1570 stare
1398 1552 1414 1570 a
1429 1543 1624 1576 dextris,alios
1636 1553 1652 1572 a
1662 1545 1790 1574 sinistris
1803 1549 1842 1581 ;et

1019 1588 1120 1615 audire
1130 1587 1228 1622 justos
1243 1596 1248 1615 :
1268 1588 1369 1620 Venite,
1386 1587 1520 1616 benedicti
1534 1590 1627 1616 Patris
1637 1591 1841 1626 mei.pos;idete

1016 1636 1145 1667 paratum
1158 1632 1231 1659 labis
1245 1640 1362 1666 regnum
1374 1640 1389 1659 a
1404 1634 1595 1661 constitutione
1609 1635 1708 1662 mundi
1723 1636 1837 1670 (Matth.

1018 1685 1082 1709 xxv,
1098 1677 1153 1712 2-5).
1170 1676 1371 1704 Peccatoribus
1391 1685 1459 1704 vero
1484 1677 1539 1705 dici
1558 1686 1564 1705 :
1582 1678 1714 1706 Discedite
1742 1688 1760 1707 (ι
1787 1688 1841 1713 me,

1017 1721 1166 1755 maledicti,
1173 1722 1203 1747 in
1218 1722 1309 1754 ignem
1324 1721 1523 1756 micrnum,qui
1536 1727 1708 1757 przeparalus
1723 1723 1777 1755 (Al.
1793 1732 1841 1758 pa-

1019 1765 1105 1800 ratus)
1116 1767 1153 1792 est
1167 1765 1274 1792 diabolo
1289 1770 1315 1792 et
1330 1765 1436 1799 angelis
1450 1765 1507 1798 eius
1527 1766 1605 1796 (Ibid.
1620 1767 1664 1799 41,
1677 1767 1685 1802 )
1699 1768 1840 1795 Arborem

1019 1810 1124 1837 bonam
1139 1818 1196 1837 non
1212 1817 1298 1845 posse
1313 1808 1406 1836 malos
1421 1809 1533 1837 fructus
1546 1810 1649 1844 facere,
1665 1819 1716 1838 nec
1733 1811 1839 1839 malam

1019 1855 1121 1882 bonos.
1137 1853 1218 1880 Unde
1233 1856 1261 1880 ct
1276 1853 1405 1881 Salvator
1421 1854 1551 1889 loquitur
1577 1855 1611 1881 ad
1633 1855 1750 1883 Judaens
1767 1864 1773 1883 :
1792 1856 1840 1883 Vos

1017 1898 1050 1925 de
1059 1902 1139 1933 patre
1149 1897 1257 1924 diabolo
1278 1898 1352 1930 estis,
1367 1900 1392 1925 et
1407 1899 1640 1933 concupisconlias
1654 1901 1741 1935 patris
1758 1901 1841 1928 vestri

1018 1945 1108 1978 [acere
1119 1942 1202 1969 vultis
1217 1942 1304 1977 (Joan,
1322 1950 1383 1975 vni,
1400 1943 1454 1977 44).
1470 1942 1575 1970 Decem
1591 1943 1718 1979 virgines
1734 1953 1840 1980 propo-

1019 1987 1071 2021 nit,
1085 1986 1189 2014 stultas
1201 1988 1289 2021 atque
1303 1986 1461 2021 sapientes,
1476 1989 1505 2014 et
1520 1987 1726 2023 quinque,quze
1742 1988 1839 2016 oleum

1019 2040 1076 2060 non
1093 2031 1268 2063 habuerunt,
1285 2031 1461 2058 remansisse
1471 2031 1652 2059 extrinsecus
1665 2041 1671 2059 :
1686 2032 1759 2060 alias
1772 2041 1838 2060 vero

1020 2077 1159 2113 quinque,
1177 2084 1239 2111 qua:
1256 2075 1310 2103 sibi
1327 2074 1425 2103 lumen
1443 2075 1585 2103 bonorum
1597 2084 1718 2112 operum
1733 2085 1840 2112 przepa-

1019 2123 1162 2154 raverant,
1180 2119 1340 2148 thalamum
1357 2120 1482 2147 intrasse
1497 2128 1563 2147 cum
1580 2121 1841 2156 sponso.Ascendit

138 2167 277 2195 libidines
303 2165 471 2193 destruunt.
501 2163 530 2191 Si
554 2172 611 2192 non
634 2163 696 2191 vult
714 2164 862 2199 jejunium
887 2165 964 2193 Deus
982 2174 1005 2206 D
1021 2166 1057 2193 ad
1069 2165 1223 2200 diluvium,
1239 2166 1267 2192 et
1283 2164 1322 2191 ait
1339 2164 1411 2197 :Qui
1427 2167 1590 2192 erantcum
1606 2165 1665 2193 Noe
1688 2165 1762 2201 justi
1779 2174 1840 2193 ser-

138 2213 192 2247 (Al.
208 2210 375 2244 Dominus),
391 2209 537 2245 quomodo
560 2208 589 2236 in
619 2208 745 2236 Levitico
773 2208 904 2245 praacipit
932 2212 964 2237 ut

136 2254 264 2291 septimo
275 2252 505 2287 mense,decima
518 2252 738 2285 meusis,omnis
753 2252 879 2288 populus
889 2253 965 2289 jeju-

178 2325 186 2341 ‘
205 2325 237 2351 ln
251 2323 360 2360 aliquot
369 2332 454 2357 mss,
473 2324 576 2358 Ungere
589 2324 670 2359 caput
681 2325 807 2351 noslrum
823 2326 848 2351 et
862 2325 962 2359 faciem

138 2361 235 2388 lavari
245 2361 384 2395 praecepit.

176 2397 186 2412 ²
200 2394 384 2428 Veronensis,
400 2395 537 2422 Existimo
552 2394 621 2430 quod
636 2402 689 2422 non
713 2402 798 2430 usque
821 2394 856 2421 ad
879 2396 960 2423 satie-

134 2434 220 2459 tatem
237 2434 287 2464 ;et
302 2430 389 2466 paulo
406 2432 482 2466 post,
499 2431 528 2457 In
559 2430 652 2457 diebus
681 2431 753 2466 enim
777 2430 959 2465 jejuniorum.

172 2465 429 2495 ’Tertuliianus’:
462 2477 476 2489 ‹‹
504 2468 621 2493 Manent
644 2465 740 2492 adhuc
769 2469 962 2494 monumenta

136 2502 393 2538 concupiscentiae,
417 2501 467 2528 ubi
485 2501 624 2538 sepultus
649 2503 693 2528 est
716 2501 842 2536 populus
865 2501 961 2529 carnis

134 2535 339 2570 avidissimus,
355 2544 449 2572 usque
457 2537 493 2564 ad
509 2535 657 2564 choleram
681 2535 878 2572 ortygometra
893 2545 962 2564 cru~

134 2574 268 2606 ditando,
286 2584 300 2598 υ
317 2576 383 2605 etc.,
400 2574 455 2600 etc.

169 2611 179 2626 ‘
193 2611 241 2637 Sic
250 2609 361 2636 habent
378 2615 452 2644 mss,
465 2615 579 2644 omnes,
596 2606 696 2644 sicque
722 2607 842 2636 omnino
858 2607 956 2644 legen-

133 2646 204 2673 dum
231 2653 296 2672 esse
322 2651 412 2680 supra
436 2643 601 2680 docuimus,
626 2643 731 2678 quidve
761 2646 847 2680 esset,
864 2643 959 2671 Gustus

135 2681 346 2718 explicavimus
362 2679 428 2716 pag.
444 2679 498 2706 330
512 2681 539 2705 et
555 2686 628 2718 seq,
646 2681 707 2718 not._
730 2679 803 2718 (col,
820 2679 882 2706 333.
900 2684 954 2707 not.

134 2714 370 2754 5flu'tianaus
385 2723 419 2744 ex
440 2716 639 2752 preconcepta
663 2714 797 2751 opinione
821 2723 956 2744 cossorum

1020 2210 1076 2237 vati
1093 2211 1162 2236 sunt
1178 2218 1184 2237 ;
1203 2209 1253 2244 qui
1264 2216 1330 2236 vero
1341 2210 1623 2244 peccatores,omnes
1639 2210 1668 2237 in
1685 2218 1840 2238 commune

1019 2253 1274 2290 perierunt.Apud
1289 2253 1444 2281 Sodomam
1469 2256 1497 2281 et
1521 2254 1723 2287 Gomorrham,
1756 2262 1841 2282 exce-

1018 2323 1065 2360 hic
1091 2331 1210 2360 quoque
1239 2323 1318 2360 legit,
1334 2331 1528 2360 erroremque
1541 2332 1604 2351 esse
1616 2326 1700 2360 putat
1710 2326 1840 2351 veterum

1016 2358 1214 2394 librariorum,
1232 2359 1309 2393 quod
1326 2359 1435 2386 (Iustum
1466 2358 1649 2394 scripserint,
1678 2361 1706 2386 et
1733 2367 1842 2387 cassum

1016 2393 1208 2422 vermiculum
1224 2402 1288 2421 esse
1299 2393 1593 2429 ignorarint,Minime
1605 2403 1670 2421 vero
1682 2394 1744 2430 ipse
1757 2394 1842 2421 intel~

1016 2430 1094 2457 lexit.
1115 2446 1148 2449 —
1179 2430 1288 2457 Cossum
1316 2429 1398 2457 Isidis
1425 2433 1450 2456 et
1479 2429 1597 2464 Cybeles.
1627 2429 1702 2457 Mss.’
1725 2429 1845 2459 codices

1016 2465 1117 2499 legunt
1131 2469 1235 2492 castum
1250 2464 1328 2492 Isidis
1340 2467 1365 2492 el
1391 2465 1499 2499 Cybeles
1515 2475 1524 2498 ,-
1540 2466 1590 2492 sed
1620 2473 1701 2493 error
1727 2469 1778 2498 est,
1809 2467 1845 2495 ni

1016 2474 1041 2493 ia
1064 2474 1235 2493 unicasmm
1250 2474 1328 2492 lsttlls
1340 2474 1365 2492 ει
1391 2474 1499 2499 cyoews
1515 2475 1524 2498 ,-
1540 2474 1590 2492 sea
1620 2474 1701 2493 error
1727 2474 1778 2498 est,
1809 2474 1845 2495 ni

1016 2474 1100 2529 Γηῇον
1114 2503 1243 2528 veterum
1275 2500 1472 2532 librariorum,
1506 2500 1554 2535 qui
1584 2501 1753 2529 nesciebant
1795 2509 1850 2531 cos

1014 2545 1076 2564 sum
1091 2545 1154 2564 esse
1169 2535 1391 2567 vermiculumga
1403 2544 1460 2571 quo
1468 2536 1656 2564 abstinebant
1671 2537 1852 2569 sacerdotes

1016 2572 1100 2600 Isidis
1116 2575 1144 2599 et
1159 2571 1286 2607 Cybeles,
1305 2574 1336 2598 ut
1351 2574 1436 2598 antea
1451 2571 1637 2600 observatum
1654 2581 1671 2599 a
1686 2573 1771 2600 nobis
1783 2575 1857 2608 est.

1014 2608 1158 2635 MARTIAN.

1049 2644 1151 2683 5Mss_.,
1166 2644 1205 2669 Ila
1220 2645 1246 2670 et
1264 2643 1376 2683 _ornni(_z_
1397 2650 1459 2683 qua?
1488 2643 1516 2670 in
1546 2643 1751 2683 inundationem
1779 2646 1836 2683 etc.
1850 2673 1867 2681 ε

1012 2679 1219 2715 ’l‘crtullianus,
1240 2690 1249 2701 σ
1264 2678 1333 2705 lluic
1350 2678 1447 2715 divina
1460 2680 1625 2715 constabat,
1656 2687 1743 2714 quam
1773 2678 1880 2715 diu;

1012 2714 1097 2743 holus
1114 2713 1279 2743 divinarum
1296 2714 1590 2745 azmulatorimitatur
1606 2727 1630 2749 η,
1647 2713 1700 2743 etc.
