5364 6558
1109 279 1224 342 39η

2363 273 2428 338 S.
2476 267 2786 340 EUSEBII
2831 265 3302 338 HIERONYMIS

1109 409 1226 481 ptis
1257 409 1486 464 duobus
1517 407 1796 480 gradibus
1830 405 2113 464 bonorum
2146 408 2575 479 malorumque,
2597 407 2759 462 nulla
2789 409 2834 472 A
2874 407 2973 477 qui
3006 405 3216 477 diligit.
3249 405 3493 460 veniunt
3517 407 3620 473 (At.
3656 405 3832 480 venit]
3864 407 3933 463 ad
3961 425 4091 465 eum
4120 409 4271 470 Pater
4297 419 4347 469 et
4375 415 4464 471 Fi-

1107 497 1416 553 diversitas
1447 497 1760 552 invenitur.
1795 497 1901 562 Qui
1933 503 2024 553 est
2059 499 2285 568 justus,
2319 497 2567 570 eripitur
2603 515 2616 562 ;
2652 495 2753 567 qui

1117 590 1407 658 peccator,
1440 586 1565 657 pari
1593 591 1826 640 voratur
1857 586 2147 642 incendio.
2183 587 2308 641 Una
2357 586 2516 641 salus
2547 586 2755 639 libera-

1106 673 1182 730 tis
1215 691 1368 729 unus
1399 673 1672 728 interitus
1694 675 2152 730 remanentibus.
2178 675 2260 729 Ne
2291 673 2594 746 paululum
2622 672 2753 744 qui-

1104 763 1239 818 dem
1270 779 1303 816 a
1324 761 1561 833 justitia
1583 760 2022 831 declinandum,
2055 763 2274 818 indicio
2305 769 2395 818 est
2449 779 2592 817 uxor
2623 762 2750 815 Lot.

1103 851 1160 905 Si
1197 854 1416 916 autem,
1445 850 1658 922 inquit,
1684 851 1827 905 mihi
1852 851 2100 922 opponis
2131 853 2239 921 (At,
2266 851 2546 923 oppones)
2573 866 2754 922 quare

1095 939 1297 1008 justus
1327 937 1551 993 laboret
1581 938 1638 993 in
1668 955 1829 1010 pace,
1861 944 1961 993 aut
1993 939 2516 1011 persecutionibus,
2544 939 2592 994 si
2624 938 2752 993 nul-

1103 1027 1195 1082 lus
1226 1027 1520 1100 profectus
1551 1032 1660 1092 est,
1705 1044 1808 1082 nec
1840 1029 2062 1098 majora
2096 1029 2248 1084 355
2291 1029 2530 1100 praemia
2562 1047 2573 1084 :
2600 1027 2752 1083 scias

1103 1114 1212 1170 hoc
1241 1131 1375 1170 eum
1410 1115 1619 1182 facere,
1651 1133 1765 1170 non
1808 1122 1874 1170 ut
1924 1116 2054 1187 plus
2105 1117 2245 1188 quid
2296 1122 2609 1185 mereatur,
2649 1117 2749 1171 sed

1100 1219 1170 1256 ne
1203 1203 1410 1275 perdat
1439 1205 1594 1274 quod
1627 1203 1864 1274 accepit.
1905 1204 1963 1257 In
1997 1209 2239 1276 Aigypto
2273 1221 2506 1277 quoque
2550 1206 2748 1260 decem

1101 1289 1302 1362 plagas
1351 1290 1652 1362 mqualiter
1707 1307 1911 1346 omnes
1963 1294 2227 1348 sentiunt
2286 1299 2615 1364 peccatores
2649 1311 2660 1347 :
2695 1298 2752 1348 et

1099 1378 1323 1434 similes
1356 1380 1605 1434 tenebris
1637 1381 1876 1435 domino
1906 1385 1963 1436 et
1993 1398 2178 1449 servo,
2211 1381 2395 1437 nobili
2427 1388 2484 1437 et
2505 1383 2747 1454 ignobili

1099 1467 1220 1539 regi
1250 1467 1563 1524 imminent
1587 1474 1642 1522 et
1672 1468 1866 1541 vulgo.
1901 1469 2132 1525 Sanctis
2156 1487 2288 1524 vero
2320 1471 2412 1525 Dei
2440 1475 2497 1526 et
2529 1470 2742 1542 populo

1099 1555 1277 1611 Israel
1315 1573 1432 1611 una
1473 1561 1598 1612 erat
1630 1557 1746 1611 lux.
1799 1558 1906 1613 Sed
1941 1563 1996 1612 et
2053 1559 2111 1614 in
2144 1559 2290 1614 mari
2351 1559 2546 1614 Rubro
2596 1559 2746 1628 justi

1097 1644 1314 1714 pariter
1367 1648 1700 1711 transeunt,
1765 1652 2095 1717 peccatores
2145 1647 2360 1718 pariter
2395 1647 2742 1703 obruuntur.

2867 493 3003 561 lius,
3037 498 3094 550 et
3122 493 3182 549 in
3214 495 3344 564 ejus
3366 493 3632 549 habitant
3661 496 3771 564 (Al.
3813 495 4048 568 habitat]
4091 498 4340 570 hospitio,
4373 504 4468 559 Ubi

2869 588 3064 638 autem
3093 583 3497 652 hujuscemodi
3531 582 3822 638 habitator
3851 590 3954 648 est,
3985 591 4115 656 puto
4159 589 4300 658 quod
4337 590 4471 645 nihil

2867 669 3070 724 deesse
3102 671 3286 741 possit
3317 671 3554 743 hospiti,
3606 671 3701 726 Sin
3760 673 3865 742 (Al.
3932 674 4010 744 Si)
4064 679 4246 730 autem
4301 677 4470 734 dicit:

2866 757 3044 810 Multa:
3075 760 3384 814 mansiones
3439 767 3570 814 sunt
3620 758 3766 827 apud
3823 761 4038 816 Patrem
4088 777 4259 818 meum
4313 763 4473 833 (Joan.

2866 862 2984 911 x1v,
3014 845 3091 913 2),
3126 862 3239 900 non
3271 845 3328 899 in
3364 862 3540 917 regno
3581 847 3852 902 caelorum
3912 849 4162 905 diversas
4209 849 4476 922 signiﬁcat

2867 933 3240 990 mansiones:
3275 936 3374 990 sed
3410 935 3792 991 Eeclesiarum
3819 937 3872 991 in
3900 941 4015 992 toto
4033 938 4472 996 orbenumerum

2868 1038 2995 1091 qua}
3029 1028 3258 1078 constat
3289 1040 3406 1078 una
3433 1041 3534 1095 per
3555 1029 3802 1096 septem.
3840 1026 3997 1088 Vada,
4029 1025 4238 1097 inquit,
4269 1031 4314 1082 et
4339 1043 4473 1098 pra:-

2859 1111 3061 1179 parabo
3093 1113 3241 1165 vobis
3271 1111 3448 1167 locum
3483 1112 3666 1182 (Ibid,,
3710 1114 3786 1182 2),
3819 1130 3932 1169 non
3983 1112 4125 1170 loca.
4167 1115 4222 1170 Si
4256 1114 4367 1170 haec
4396 1131 4476 1170 re-

2862 1199 3174 1268 promissio
3205 1200 3438 1272 proprie
3471 1201 3777 1257 duodecim
3811 1201 4201 1274 apostolorum
4231 1207 4334 1266 est,
4356 1220 4474 1277 ergo

2862 1285 3078 1341 Paulus
3102 1288 3374 1344 exclusus
3405 1297 3492 1344 est
3525 1291 3594 1345 de
3626 1289 3732 1344 hoc
3777 1291 3921 1358 loco,
3957 1296 4013 1346 et
4045 1290 4336 1347 electionis
4389 1308 4475 1348 vas

2861 1376 3196 1446 superﬂuus
3220 1377 3519 1448 putabitur
3549 1383 3604 1433 et
3636 1379 3935 1450 indignus.
3967 1379 4220 1435 Joannes
4249 1383 4303 1434 et
4329 1380 4478 1435 Jaco-

2860 1464 2991 1530 bus,
3027 1465 3167 1534 quia
3199 1464 3332 1536 plus
3364 1466 3584 1520 caeteris
3637 1467 3950 1537 petierunt,
3986 1485 4102 1523 non
4162 1468 4478 1539 impetrave-

2867 1555 3004 1607 runt
3035 1569 3048 1619 ;
3083 1558 3140 1608 et
3170 1558 3365 1608 tamen
3401 1571 3515 1609 non
3547 1561 3636 1610 est
3665 1556 3918 1627 dignitas
3951 1572 4150 1611 eorum
4191 1556 4481 1612 imminuta

2871 1640 3008 1710 quia
3035 1639 3278 1714 reliquis
3324 1642 3603 1713 apostolis
3655 1643 3910 1715 aequales
3970 1645 4220 1700 fuerunt.
4276 1645 4484 1699 Nescitis

1093 1732 1378 1788 Sexcenta
1408 1733 1717 1788 hominum
1753 1734 1958 1801 millia,
1995 1742 2232 1807 excepta
2264 1736 2484 1792 imbelli
2509 1742 2672 1792 aetate
2690 1742 2746 1792 et
2777 1775 2822 1838 Β
2857 1731 2987 1838 (tum
3017 1746 3248 1838 εονηοηνα
3277 1733 3774 1838 vestl‘aml‘etnnﬁlum
3799 1739 3902 1838 ’65!
3953 1733 4194 1834 Spiritus
4243 1735 4410 1788 δαηάί
4443 1734 4481 1800 (Ι

1095 1837 1260 1892 sexu,
1293 1821 1350 1876 in
1383 1821 1610 1876 deserto
1641 1822 1942 1894 aequaliter
1973 1823 2317 1880 liberantur.
2353 1829 2460 1880 Per
2490 1827 2740 1897 quadra-

1093 1911 1255 1981 ginta
1275 1926 1459 1965 annos
1490 1915 1736 1966 cunctus
1769 1911 1941 1967 Israel
1978 1912 2252 1968 similiter
2281 1913 2508 1969 laborat
2537 1920 2593 1968 et
2623 1932 2744 1969 mo-

1095 1998 1488 2054 ritur.Gomor
1519 2016 1746 2054 manna:
1779 2001 2072 2057 universis
2095 2002 2360 2057 aztatibus
2384 2020 2499 2058 una
2524 2003 2578 2056 in
2614 2004 2742 2060 cibo

1095 2102 1376 2144 mensura
1405 2091 1494 2142 est
1527 2105 1538 2142 :
1571 2089 1822 2144 vestitus
1853 2091 2068 2161 pariter
2105 2107 2218 2145 non
2250 2092 2612 2156 deteruntur,
2647 2109 2740 2147 ca-

1093 2173 1219 2245 pilli
1253 2174 1430 2230 simul
1460 2193 1573 2230 non
1602 2181 1916 2248 augentur,
1949 2179 2129 2233 barba
2180 2179 2238 2233 in
2274 2197 2584 2235 commune
2626 2197 2739 2235 non

1091 2263 1320 2328 crescit,
1354 2263 1750 2320 calceamenta
1779 2281 1847 2320 ex
1876 2283 2042 2338 atque
2066 2269 2342 2322 omnibus
2369 2269 2737 2324 durant.Non

1092 2350 1409 2407 incalluere
1441 2354 1616 2424 pedes
1652 2371 1664 2407 :
1699 2354 1865 2410 cibus
1898 2354 1954 2408 in
1986 2372 2082 2410 ore
2113 2362 2460 2412 cunctorum
2503 2357 2742 2428 {equali-

1093 2444 1182 2494 ter
1211 2440 1472 2511 sapit.Ad
1509 2442 1875 2497 mansionem
1912 2459 2090 2498 unam
2123 2445 2246 2516 pari
2282 2443 2478 2500 labore
2508 2450 2564 2500 et
2593 2463 2740 2500 mer-

1091 2527 1229 2583 cede
1259 2530 1600 2600 pergebant.
1636 2530 1840 2585 Omnis
1875 2532 2151 2587 Ilebrazus
2183 2533 2403 2604 aquale
2436 2533 2610 2588 habet
2642 2552 2742 2606 pa-

1092 2616 1254 2682 scha,
1318 2616 1571 2688 aequales
1637 2620 2036 2691 scenopegias,
2121 2620 2345 2692 aequale
2406 2622 2740 2692 sabbatum,

1089 2703 1341 2776 aequales
1399 2706 1760 2761 neomenias.
1819 2709 2077 2778 Septimo
2140 2709 2522 2779 requietionis
2587 2728 2740 2765 anno

1092 2793 1314 2864 absque
1346 2809 1732 2865 personarum
1787 2795 2136 2852 discretione
2194 2797 2530 2864 dimittitur,
2575 2803 2631 2851 et
2682 2799 2736 2852 in

1082 2879 1322 2952 jubilazo
1356 2881 1626 2937 universa
1657 2884 1882 2938 cunctis
1914 2885 2111 2939 debita
2164 2883 2518 2953 relaxantur,
2563 2891 2739 2958 atque

1093 2971 1162 3025 ad
1196 2971 1494 3041 antiquam
1532 2973 1959 3043 possessionem
1993 2974 2259 3029 venditor
2288 2975 2456 3030 redit.
2495 2998 2522 3023 »

1167 3060 1252 3125 19,
1288 3061 1628 3116 Parabolam
1662 3068 1859 3117 autem
1893 3062 1951 3116 in
1983 3062 2290 3133 Evangelio
2350 3065 2560 3134 (Matth.
2612 3083 2734 3128 xm,

2856 1817 2976 1872 Cor.
3013 1835 3096 1886 ιιι,
3133 1819 3220 1883 16,
3253 1829 3303 1874 et
3337 1838 3414 1885 v1,
3451 1820 3538 1891 19)
3570 1821 3596 1874 ?
3630 1822 3927 1892 Templum,
3973 1822 4188 1894 inquit,
4239 1831 4330 1888 est,
4379 1838 4480 1877 non

2853 1905 3073 1978 templa
3107 1925 3119 1973 ;
3155 1912 3216 1962 ut
3242 1907 3510 1964 similiter
3533 1908 3588 1963 in
3613 1910 3889 1966 omnibus
3911 1911 4293 1966 habitatorem
4315 1915 4483 1965 osten-

2852 1993 3012 2048 deret
3043 1994 3245 2051 Deum.
3271 1997 3385 2051 Non
3414 2013 3511 2067 pro
3539 1996 3624 2051 his
3656 2014 3780 2068 rogo
3836 2003 4073 2066 tantum,
4126 1997 4218 2053 sed
4266 2013 4362 2069 pro
4386 1998 4481 2052 illis

2853 2083 2950 2152 qui
2977 2082 3247 2138 credituri
3273 2090 3398 2139 sunt
3428 2100 3525 2154 per
3573 2086 3800 2140 verbum
3853 2103 4046 2142 eorum
4100 2088 4159 2140 in
4212 2102 4328 2140 me:
4359 2087 4481 2140 sicut

2852 2179 2931 2240 tu,
2952 2176 3140 2242 Pater,
3173 2175 3231 2227 in
3263 2190 3350 2229 me
3382 2179 3431 2228 et
3460 2191 3555 2243 ego
3578 2177 3636 2228 in
3668 2179 3716 2228 te
3742 2193 3912 2230 unum
3940 2192 4133 2230 sumus
4166 2196 4184 2234 :
4216 2177 4290 2230 ita
4318 2188 4483 2229 omnes

2860 2276 3028 2315 unum
3057 2262 3171 2315 sint
3203 2264 3261 2316 in
3293 2263 3464 2317 nobis.
3501 2264 3749 2318 Gloriam
3781 2280 3944 2332 quam
3975 2264 4178 2320 dedisti
4221 2261 4484 2329 mihi,dedi

2861 2351 2984 2403 eis:
3024 2350 3209 2404 Dilexi
3255 2367 3361 2416 eos,
3414 2353 3551 2406 sicut
3595 2369 3682 2406 me
3723 2352 3979 2407 dilexisti
4028 2355 4204 2424 (Joan,
4247 2369 4379 2413 xvu,
4406 2352 4488 2406 20-

2856 2437 2970 2507 23).
3003 2438 3071 2492 Et
3101 2439 3394 2509 quomodo
3427 2457 3530 2494 nos
3557 2457 3765 2495 sumus
3799 2440 3967 2495 Pater
4001 2447 4059 2497 et
4091 2441 4269 2496 Filius
4298 2446 4351 2496 et
4377 2440 4485 2513 Spi-

2856 2527 3004 2582 ritus
3036 2533 3275 2583 sanctus
3308 2545 3460 2584 unus
3495 2534 3664 2595 Deus,
3726 2529 3809 2584 sic
3839 2535 3896 2584 et
3952 2548 4111 2587 unus
4161 2529 4403 2602 populus
4430 2529 4480 2584 in

2854 2615 2999 2686 ipsis
3032 2616 3130 2683 sit,
3163 2617 3270 2672 hoc
3301 2622 3409 2684 est,
3445 2618 3612 2688 quasi
3647 2617 3748 2672 ﬁlii
3782 2619 4352 2690 charissimi,divinze
4381 2635 4478 2673 con

2864 2708 3050 2759 sortes
3082 2709 3585 2778 naturae.Sponsa,
3613 2723 3795 2774 soror,
3843 2713 4055 2774 mater,
4120 2715 4176 2764 et
4231 2723 4483 2780 quascun-

2854 2808 2968 2862 que
2996 2792 3109 2848 alia
3139 2794 3432 2865 putaveris
3464 2795 3763 2870 vocabula,
3819 2796 3998 2852 unius
4056 2797 4326 2854 Ecclesiae
4363 2813 4484 2852 con-

2849 2882 3108 2953 gregatio
3140 2888 3246 2951 est,
3299 2899 3424 2954 qua:
3477 2901 3778 2955 nunquam
3811 2886 4068 2942 estsine
4128 2902 4340 2959 sponso
4393 2884 4486 2950 (At.

2850 2970 3106 3041 sponsa),
3142 2970 3333 3035 fratre,
3369 2971 3506 3028 ﬁlio.
3539 2973 3723 3028 Unam
3757 2973 3929 3030 habet
3961 2975 4173 3043 fidem,
4224 2992 4324 3030 nec
4367 2991 4487 3030 con-

2850 3064 3152 3130 stupratur
3209 3060 3548 3132 dogmatum
3617 3063 3910 3129 varietate,
4001 3081 4116 3120 nec
4191 3063 4489 3119 haeresibus

1092 3153 1149 3201 et
1178 3148 1306 3202 Luc.
1338 3149 1466 3219 νηί)
1499 3149 1867 3212 seminantis,
1902 3151 1958 3205 in
1993 3168 2107 3222 qua
2138 3151 2194 3206 in
2229 3157 2382 3206 terra
2420 3153 2571 3208 bona
2599 3169 2732 3208 cen-
2766 3138 2807 3204 C
2845 3145 3156 3204 Βοῖῐὶάίιυτο
3187 3148 3361 3220 Virgo
3408 3154 3722 3220 permanet.
3789 3152 4161 3225 Quocunque
4213 3153 4364 3208 vadit
4393 3151 4487 3222 (Αι.

1093 3234 1336 3290 tesimus
1360 3241 1415 3290 et
1442 3237 1844 3308 sexagesimus
1867 3243 1923 3293 et
1944 3239 2310 3295 tricessimus
2344 3241 2568 3296 fructus
2599 3259 2738 3297 exo-

1093 3323 1239 3378 ritur
1262 3339 1274 3378 :
1296 3327 1352 3378 et
1375 3339 1404 3377 e
1434 3325 1722 3379 contrario
1756 3326 1812 3379 in
1838 3331 1991 3381 terra
2007 3327 2393 3400 1nala,triplex
2416 3331 2738 3386 sterilitatis

1090 3411 1341 3467 varietas
1372 3411 1686 3483 indicatur,
1716 3413 1773 3468 in
1821 3415 1968 3470 duos
2021 3417 2253 3471 ordines
2310 3417 2540 3488 dividit,
2572 3419 2734 3473 bona:

1089 3504 1252 3555 terrae
1283 3505 1340 3555 et
1371 3499 1557 3556 malae.
1597 3524 1623 3552 «
1657 3504 1722 3556 Et
1753 3505 2044 3574 quomodo
2083 3506 2365 3577 apostolis
2415 3525 2515 3579 pro
2570 3509 2736 3564 dere-

1089 3588 1241 3644 lictis
1270 3588 1406 3645 ﬁliis
1437 3594 1494 3644 et
1525 3591 1830 3658 uxoribus,
1879 3593 1935 3647 in
1982 3593 2094 3648 alio
2146 3595 2450 3667 Evangelio
2499 3597 2736 3661 centies,

1093 3678 1150 3732 in
1185 3676 1297 3733 alio
1332 3680 1546 3751 septies
1575 3679 1858 3736 Dominus
1901 3683 2250 3754 repromittit
2280 3687 2293 3754 (
2323 3685 2736 3757 {Lm-omittit),

1089 3771 1145 3820 et
1177 3766 1230 3820 in
1267 3767 1465 3822 futuro
1499 3769 1675 3823 vitam
1705 3774 1979 3826 mternam
2028 3772 2237 3840 (Matth.
2275 3790 2390 3839 xix,
2424 3774 2492 3826 2‘.)
2528 3792 2540 3838 ;
2575 3774 2734 3829 Mars.
2778 3828 2789 3838 ,

1090 3871 1142 3918 x,
1177 3855 1247 3907 30
1279 3872 1291 3920 ;
1324 3857 1450 3910 Luc.
1476 3873 1618 3910 xvm
1653 3858 1722 3910 30
1754 3858 1771 3928 )
1807 3875 1818 3911 :
1858 3859 2133 3931 nullaque
2164 3861 2442 3916 distantia
2473 3869 2561 3918 est
2588 3863 2740 3918 inter

1093 3945 1348 4006 centum,
1381 3947 1438 3998 et
1467 3950 1690 4016 septem
1729 3966 1742 4008 ς
1777 3947 1860 4002 sic
1891 3957 1946 4002 et
1992 3949 2049 4002 in
2085 3949 2192 4004 hoc
2224 3952 2236 3983 ³
2267 3967 2574 4006 numerum
2621 3969 2736 4008 non

1092 4029 1278 4086 facere
1308 4032 1844 4103 prmjudicium,ubi
1877 4036 2054 4107 hujus
2088 4044 2252 4094 terrae
2286 4039 2554 4096 fertilitas
2587 4058 2737 4112 pra:-

1091 4119 1321 4175 dicatur
1349 4137 1362 4175 :
1398 4122 1716 4193 praesertim
1749 4141 1880 4179 cum
1914 4130 1968 4180 et
1991 4127 2355 4200 Evangelista
2383 4129 2614 4185 Marcus
2656 4147 2738 4185 re-

1092 4212 1348 4264 trorsum
1381 4214 1650 4266 numeret
1692 4211 1954 4284 triginta,
2009 4216 2311 4288 sexaginta
2367 4221 2424 4270 et
2477 4221 2732 4272 centum.

1092 4296 1242 4351 Dicit
1271 4297 1554 4354 Dominus
1588 4319 1599 4355 :
1631 4301 1749 4370 {Qui
1803 4302 2095 4356 mandarat
2153 4321 2329 4359 meam
2384 4321 2626 4370 carnem,
2687 4311 2737 4361 et

1094 4386 1230 4441 bibit
1260 4402 1443 4442 meum
1471 4390 1800 4458 sanguinem
1833 4391 1890 4442 in
1947 4407 2032 4445 me
2087 4401 2289 4457 manet,
2337 4397 2384 4446 et
2418 4409 2511 4462 ego
2551 4395 2608 4446 in
2641 4395 2736 4449 illo

1091 4467 1267 4567 (Joarz.
1303 4491 1383 4540 vx,
1413 4476 1528 4567 5:7),
1560 4475 1724 4531 Sicut
1769 4493 1907 4547 ergo
1967 4478 2095 4532 sine
2155 4478 2354 4548 aliqua
2411 4480 2738 4538 differentia
2769 4503 2815 4567 D

1092 4559 1382 4630 graduum
1407 4561 1674 4618 Christus
1707 4563 1765 4618 in
1799 4565 1967 4619 nobis
2001 4571 2088 4620 est
2119 4583 2131 4632 ;
2169 4567 2248 4621 ita
2270 4571 2326 4622 et
2356 4585 2460 4623 nos
2492 4568 2549 4622 in
2582 4569 2741 4626 Chri-

1093 4652 1182 4705 sto
1213 4647 1340 4704 sine
1370 4650 1649 4720 gradibus
1682 4669 1909 4707 sumus.
1945 4653 2134 4709 Omnis
2165 4657 2262 4725 qui
2279 4656 2466 4726 diligit
2493 4676 2599 4726 me,
2623 4677 2737 4715 ser-

1093 4753 1308 4794 monem
1341 4754 1524 4793 meum
1552 4740 1808 4807 servabit,
1837 4750 1886 4795 et
1944 4744 2111 4797 Pater
2158 4760 2311 4799 meus
2367 4745 2563 4816 diliget
2590 4765 2733 4804 eum.

1091 4830 1140 4882 et
1171 4826 1325 4883 350
1357 4827 1426 4882 ad
1455 4843 1579 4882 eum
1605 4830 1905 4893 veniemus,
1937 4838 1990 4884 et
2021 4834 2363 4889 mansionem
2413 4837 2564 4906 apud
2616 4855 2738 4892 eum

1091 4918 1358 4987 faciemus
1389 4917 1566 4989 (Joan.
1599 4934 1708 4986 xxv,
1768 4920 1880 4986 23).
1935 4920 2042 4985 Qui
2092 4922 2295 4992 justus
2355 4930 2463 4993 est,
2497 4926 2732 4997 diligit:

1165 5143 1186 5177 ²
1214 5145 1442 5226 Scilicet
1472 5147 1668 5226 in_hoc
1701 5150 2026 5226 Evangelia,
2059 5151 2175 5226 sive
2208 5153 2501 5226 Evangelii
2543 5172 2733 5212 exem-

1097 5213 1192 5285 plo
1226 5230 1240 5268 :
1272 5220 1442 5270 antea
1469 5220 1623 5295 enim
1657 5213 1957 5295 perperam
1992 5213 2292 5295 legebatur
2315 5213 2488 5281 inultae
2513 5245 2738 5286 numero

1096 5301 1200 5370 pro
1231 5301 1538 5370 humerum.
1573 5292 1751 5370 Ennio
1773 5292 1916 5363 post
1949 5292 2238 5363 mss’,,sine
2259 5298 2448 5369 aliqua
2476 5299 2736 5370 ili/feren-

1097 5357 1185 5432 εἴα.
1205 5364 1255 5432 e_t
1281 5357 1550 5426 gradibus
1581 5357 1850 5432 Christus,
1883 5370 1990 5418 etc.

1167 5428 1188 5461 ²
1215 5427 1374 5514 Duos
1406 5433 1698 5514 mss..estis
1731 5427 2024 5514 :etjpaulo
2058 5441 2188 5514 p_o_st
2214 5439 2621 5514 Gisterciensis
2643 5447 2740 5514 qui

1096 5499 1361 5579 crepituri
1386 5510 1514 5579 sunt
1544 5503 1601 5554 in
1632 5518 1741 5579 me,
1792 5499 1872 5579 et:
1899 5521 2031 5559 cum
2058 5499 2427 5579 'Veronensi,
2486 5519 2544 5569 ut
2599 5499 2739 5571 sicut

1096 5572 1222 5662 ego,
1253 5572 1439 5648 Pater,
1473 5573 1633 5643 inte,
1663 5575 1715 5630 et
1744 5581 1804 5632 tu
1847 5576 1906 5631 in
1963 5592 2049 5633 me
2108 5594 2283 5640 unum
2336 5572 2544 5659 sumus,
2603 5593 2736 5663 etc.,

2845 3235 3036 3305 vadet)
3060 3253 3267 3307 agnus,
3301 3238 3568 3309 sequitur
3599 3237 3765 3294 illum
3797 3257 3809 3294 :
3844 3239 3972 3294 sola
4004 3241 4174 3297 novit
4203 3241 4487 3298 Canticum

2848 3323 3080 3378 Christi.

2915 3414 3004 3466 20.
3041 3436 3067 3460 ››
3094 3412 3151 3467 Si
3185 3418 3401 3482 autem,
3435 3414 3648 3486 inquit,
3680 3416 3820 3471 mihi
3856 3421 4235 3490 opposueris,
4267 3420 4429 3476 Stella
4453 3436 4483 3474 a

2843 3501 3005 3555 stella
3045 3502 3224 3573 ili/fert
3260 3505 3316 3558 in
3345 3505 3620 3572 claritate,
3654 3507 3878 3573 audies,
3911 3507 4151 3565 differre
4202 3508 4426 3566 stellam
4465 3525 4495 3563 a

2846 3588 3034 3656 stella,
3068 3589 3174 3644 hoc
3219 3596 3328 3660 est,
3389 3592 3724 3663 spirituales
3783 3611 3816 3648 a
3864 3595 4232 3654 carnalibus.
4297 3597 4492 3652 Omnia

2847 3680 3108 3734 membra
3137 3679 3436 3750 aequaliter
3467 3680 3796 3753 diligimus,
3831 3699 3935 3738 nec
3986 3685 4232 3742 oculum
4276 3701 4487 3758 praepo-

2849 3765 3045 3821 nimus
3077 3767 3281 3839 digito,
3318 3785 3420 3823 nec
3443 3769 3691 3841 digitum
3714 3770 3987 3826 auriculae
4017 3789 4029 3825 :
4069 3775 4176 3830 sed
4209 3775 4268 3830 in
4301 3773 4490 3846 singu-

2846 3853 3034 3908 lorum
3059 3854 3394 3923 amissione,
3415 3857 3810 3912 membrorum
3825 3861 4169 3916 communis
4191 3861 4358 3918 dolor
4387 3865 4487 3916 est.

2844 3942 3166 4014 :Equaliter
3196 3943 3508 4000 introimus
3541 3948 3599 4000 in
3635 3945 3740 4001 hoc
3773 3946 4077 4014 sarculum,
4109 3955 4172 4006 et
4201 3949 4495 4022 aequaliter

2846 4031 2917 4084 de
2965 4049 3030 4085 eo
3061 4033 3415 4104 egredimur.
3478 4034 3639 4090 Unus
3688 4036 3876 4091 Adam
3932 4041 4231 4107 terrenus,
4266 4045 4320 4094 et
4364 4038 4498 4094 alter

2846 4119 3116 4175 cmlestis.
3152 4121 3298 4176 357
3330 4121 3438 4184 Qui
3487 4123 3542 4176 in
3576 4127 3802 4179 terreno
3833 4124 4025 4192 fuerit,
4059 4143 4090 4180 a
4130 4127 4396 4184 sinistris
4421 4130 4500 4182 est

2845 4211 2901 4260 et
2932 4207 3144 4278 peribit
3177 4226 3189 4262 :
3225 4208 3324 4278 qui
3359 4209 3414 4262 in
3446 4210 3679 4278 caelesti,
3713 4229 3747 4266 a
3777 4212 3996 4268 dextris
4021 4219 4134 4282 est,
4169 4221 4230 4272 et
4262 4215 4498 4273 salvebi-

2846 4299 2961 4348 tur.
2995 4295 3102 4358 Qui
3136 4295 3296 4350 fratri
3328 4297 3535 4353 dixerit
3563 4299 3737 4366 fatue,
3763 4306 3819 4356 et
3870 4318 4023 4368 raca,
4059 4319 4200 4361 reus
4255 4304 4366 4361 erit
4407 4320 4498 4377 ge-

2847 4382 3070 4437 hennae.
3108 4388 3172 4438 Et
3197 4385 3297 4455 qui
3331 4384 3626 4442 homicida
3656 4388 3830 4444 fuerit
3862 4393 3919 4444 et
3951 4389 4206 4458 adulter,
4241 4393 4501 4449 mittetur

2846 4470 3116 4526 similiter
3144 4471 3200 4525 in
3231 4473 3583 4544 gehennam.
3622 4476 3683 4531 In
3722 4478 4127 4548 persecutione
4155 4482 4261 4552 qui
4311 4483 4501 4537 incen-

2848 4560 3024 4628 ditur,
3060 4560 3158 4632 qui
3191 4563 3530 4635 sutl‘oeatur,
3565 4565 3664 4636 qui
3715 4565 4092 4635 deccollatur,
4127 4571 4232 4640 qui
4272 4569 4498 4644 fugerit,

2848 4649 2947 4719 qui
2975 4649 3031 4703 in
3056 4666 3285 4706 carcere
3312 4650 3577 4709 inclusus
3603 4654 3814 4710 obierit
3836 4672 3849 4709 :
3873 4654 4033 4710 varia
4065 4657 4314 4728 quidem
4338 4657 4502 4715 lucta

2847 4753 3079 4809 genera,
3115 4739 3213 4793 sed
3248 4757 3365 4794 una
3395 4758 3608 4798 corona
3649 4742 3934 4798 victorum
3995 4750 4102 4800 est.
4166 4747 4332 4803 Inter
4373 4763 4499 4803 eum

2846 4825 3084 4880 fratrem
3100 4827 3197 4898 qui
3213 4845 3444 4900 semper
3465 4848 3598 4886 cum
3614 4837 3778 4903 patre
3801 4832 4073 4899 luerat,et
4093 4835 4195 4906 qui
4219 4852 4361 4891 eum
4376 4847 4500 4908 pos-

2848 4918 2941 4969 tea
2972 4915 3259 4985 paenitens
3290 4923 3379 4974 est
3407 4925 3695 4992 receptus.
3723 4919 3883 4974 nulla
3903 4920 4210 4978 diversitas
4235 4923 4503 4996 est.0pe-

2848 5001 3018 5059 rariis
3051 5005 3251 5076 prima:
3284 5006 3459 5075 horae,
3493 5012 3549 5062 et
3598 5007 3800 5078 tertiae,
3851 5014 3907 5063 et
3953 5015 4148 5079 sextae,
4199 5015 4260 5068 et
4312 5029 4500 5078 none,

2848 5250 2975 5314 qua:
3009 5235 3245 5314 quidem
3279 5234 3446 5314 lectio
3499 5238 3799 5314 antiquior
3829 5240 4000 5314 longe
4056 5243 4291 5300 videtur
4349 5257 4505 5309 esse,

2849 5307 3233 5386 sive.vete_ris
3292 5307 4077 5386 Latinasinterpretationis.
4141 5331 4324 5386 quam
4390 5307 4510 5386 pra-5'

2847 5375 3031 5451 oculis
3064 5377 3316 5432 habebat
3345 5375 3731 5451 Jovinianus;
3759 5385 3990 5439 tametsi
4043 5375 4240 5441 Graeco
4293 5375 4506 5441 arche-

2848 5449 2982 5520 typo
3018 5452 3628 5520 nonirespondeathtd
3655 5449 3789 5509 eum
3824 5456 4064 5510 modum
4096 5455 4313 5512 iterum
4349 5456 4507 5511 infra

2847 5517 3568 5603 leogitur‘,.Vid.pag-370,
3589 5530 3720 5603 lnot.
3751 5527 3952 5603 ordine
3984 5527 4192 5603 prima,
4231 5528 4506 5603 Denique

2848 5534 2899 5570 1e
2969 5534 3082 5586 tur,
3122 5534 3241 5573 vna.
3277 5537 3407 5594 pag.
3444 5534 3568 5592 370,
3602 5534 3720 5580 not.
3751 5534 3952 5582 ordine
3984 5534 4169 5600 prima

2847 5534 3098 5652 (ligasti
3121 5606 3208 5650 eos
3238 5607 3343 5670 pro
3373 5595 3558 5656 dilexi
3586 5595 3644 5655 in
3676 5612 3819 5657 mss.
3856 5598 4169 5663 invenitur.
