5364 6558
616 217 723 291 ass
1680 208 2098 288 anvsnsus
2143 205 2628 290 JOVIN'IANUM
2678 220 2821 287 LIB.
2868 227 2945 288 ιι.
3890 207 4011 292 asc

609 365 657 417 et
685 359 1033 429 undecimae,
1064 348 1222 414 unus
1252 358 1533 415 denaeius
1576 357 1878 428 aequaliter
1936 358 2247 413 redditur:
2281 362 2333 426 Α
2366 359 2780 430 εονὶιοὶωιτμι.
2806 359 3162 429 ascribiturj.
3203 360 3315 413 Aut
3336 359 3640 416 reverteris
3692 359 3874 433 igitur
3929 362 4001 418 ad

606 453 655 506 et
684 464 797 521 quo
829 448 1028 521 magis
1059 448 1392 514 admireris,
1427 447 1498 503 ab
1528 446 1623 501 his
1654 446 1861 519 incipit
1919 448 2248 517 praemium,

595 537 688 608 qui
721 536 927 592 minus
955 537 1014 591 in
1042 538 1213 591 vinea
1240 535 1581 591 laborarunt
1613 536 1722 606 [AL
1757 535 2081 605 laborant].
2121 558 2149 585 »

654 627 746 681 21.
782 627 1177 696 Hieronymus.
1230 624 1567 681 Prwdicatio
1618 624 1948 679 Antichristi
1997 640 2145 681 vera.
2184 656 2249 666 -

595 713 701 770 His
732 718 793 769 et
819 713 1230 785 hujuscemodi
1261 714 1592 769 divinarum
1622 713 2056 783 Scripturarum
2083 715 2249 769 testi-

596 803 841 871 moniis,
872 820 996 875 quas
1026 802 1101 859 ad
1133 803 1572 874 perversitatem
1625 801 1719 857 sui
1779 802 2071 873 dogmatis
2120 801 2252 857 cali-

596 893 713 948 dus
736 892 1069 963 disputator
1090 891 1500 963 inclinat,quis
1522 908 1634 946 non
1663 894 1920 946 tentetur
1944 891 2118 946 etiam
2140 891 2252 947 ele-

597 985 825 1037 ctorum
850 981 1005 1036 Dei?
1026 981 1097 1036 Et
1127 980 1281 1053 quod
1303 980 1559 1035 Joannes
1581 979 1881 1052 apostolus
1920 980 2250 1035 Antichris-

599 1075 688 1126 tos
706 1070 858 1125 dicit
878 1069 1114 1126 venisse
1133 1068 1353 1125 multos
1371 1071 1418 1137 (I
1439 1070 1596 1124 Joan.
1629 1085 1693 1134 ιι,
1726 1069 1837 1140 18),
1860 1068 1981 1124 ὴωο
2008 1085 2141 1123 vera
2162 1073 2250 1124 cst

590 1158 943 1214 A'nticbristi
963 1158 1323 1230 pradicatio,
1346 1159 1645 1230 quaeinter
1668 1158 1865 1230 ipsum
1882 1159 1908 1212 J
1921 1170 2171 1214 oanncm
2194 1162 2251 1213 et

592 1247 873 1302 ultimum
903 1249 1288 1319 pmnitentem
1313 1246 1537 1302 nullam
1570 1246 1707 1301 facit
1723 1263 1851 1302 esse
1882 1248 2246 1304 distantiam.

590 1334 902 1408 Simulque
941 1337 1149 1401 miror,
1213 1336 1512 1408 quomodo
1568 1352 1812 1407 serpens
1875 1335 2137 1391 lubricus
2194 1342 2251 1393 et

595 1424 845 1481 Proteus
877 1431 1079 1481 noster
1105 1424 1166 1480 in
1197 1425 1495 1480 variarum
1527 1440 1590 1480 se
1621 1430 1811 1480 mutet
1840 1428 2108 1496 portenta
2134 1426 2250 1481 for-

590 1530 847 1570 marum.
880 1513 999 1578 Qui
1018 1514 1179 1569 enim
1210 1513 1272 1568 in
1303 1513 1456 1568 coitu
1484 1519 1541 1568 et
1572 1513 1878 1568 saturitate
1929 1513 2249 1585 Epicureus

591 1607 697 1669 est,
731 1602 934 1659 subito
965 1601 1027 1656 in
1058 1600 1443 1657 retributione
1475 1600 1816 1656 meritorum
1848 1602 2075 1657 Stoicus
2123 1602 2246 1657 effl-

591 1689 759 1747 citur.
789 1689 1263 1762 Hierosolymam
1285 1689 1432 1745 Citio
1463 1690 1502 1757 ¹,
1524 1690 1788 1744 Judzeam
1820 1690 2028 1763 Cypro,
2055 1690 2251 1746 Chris-

591 1783 717 1834 tum
747 1779 988 1834 Zenone
1017 1782 1362 1833 commutat.
1395 1778 1591 1832 Sinon
1651 1776 1787 1834 licet
1844 1795 1878 1833 a
1931 1778 2248 1835 virtutibus

593 1865 908 1938 paululum
938 1866 1256 1932 declinare,
1289 1870 1347 1921 et
1374 1866 1573 1921 omnia
1595 1870 1835 1938 peccata
1865 1870 2005 1921 sunt
2061 1868 2247 1938 paria,

594 1956 993 2027 eiusdemque
1019 1954 1287 2009 criminis
1314 1970 1470 2019 reus,
1502 1954 1603 2026 qui
1664 1970 1874 2026 panem
1905 1956 1927 1989 ²
1984 1956 2249 2011 esuriens

600 2043 981 2114 surripuerit,
1010 2047 1064 2098 et
1093 2043 1196 2114 qui
1240 2042 1539 2098 hominem
1597 2043 1921 2098 occiderit:
1989 2048 2051 2098 tu
2114 2061 2252 2117 quo-

600 2146 725 2204 que
749 2132 1130 2186 maximorum
1161 2131 1450 2186 scelerum
1482 2148 1616 2186 reus
1647 2131 1864 2187 teneris
1909 2132 2022 2202 [Αἱ.
2086 2136 2250 2188 tene-

594 2219 807 2292 b‘en’s].
842 2224 1017 2276 Porro
1048 2220 1212 2276 aliud
1244 2223 1354 2286 est,
1384 2220 1434 2275 si
1466 2225 1520 2276 te
1549 2221 1710 2276 dicas
1740 2237 1812 2276 ne
1846 2220 2094 2276 minima
2116 2222 2251 2294 qui-

586 2312 730 2367 dem
762 2309 987 2366 habere
1016 2313 1344 2381 peccata,et
1378 2325 1509 2364 cum
1536 2326 1740 2365 omnes
1770 2310 2017 2381 apostoli
2048 2315 2103 2365 et
2127 2327 2253 2382 pro-

584 2400 805 2470 pheta,
841 2406 899 2453 et
931 2399 1339 2468 sancti,juxta
1382 2398 1439 2452 id
1472 2398 1629 2469 quod
1688 2397 1747 2452 in
1803 2399 2061 2453 secunda
2119 2415 2250 2470 pro-

581 2487 885 2559 positione
916 2487 1196 2550 disserui,
1229 2491 1557 2558 peccatores
1586 2502 1714 2541 esse
1745 2502 1807 2541 se
1834 2486 2137 2559 plangant,
2160 2503 2250 2542 so-

586 2577 690 2632 lus
724 2578 797 2632 de
820 2575 1065 2647 justitia
1099 2574 1387 2647 glorieris.
1450 2579 1599 2630 Ante
1651 2576 1811 2630 nudo
1869 2592 2001 2652 eras
2061 2576 2249 2646 pede:

592 2666 780 2721 modo
809 2682 929 2720 non
965 2663 1161 2719 solum
1183 2666 1458 2730 calcceto,
1509 2664 1611 2719 sed
1643 2668 1700 2719 et
1756 2669 1980 2719 ornato.
2040 2668 2201 2719 Tunc
2232 2664 2254 2698 ³

593 2770 750 2827 pexa
775 2753 982 2809 tunica
1001 2757 1061 2808 et
1084 2753 1251 2825 nigra
1279 2752 1568 2808 subucula
1594 2752 1957 2818 vestiebaris,
1991 2753 2255 2809 sordida-

592 2849 720 2909 tus,
752 2843 910 2899 858
931 2847 993 2897 et
1020 2840 1300 2914 pallidus,
1329 2844 1388 2896 et
1426 2839 1704 2897 callosam
1735 2857 1910 2913 opere
1966 2843 2253 2913 gestitans

595 2948 849 2988 manum
877 2949 892 2998 ;
928 2946 1093 2986 nunc
1122 2929 1296 2985 lineis
1325 2934 1383 2985 et
1417 2929 1619 2985 sericis
1660 2930 1947 2999 vestibus,
1979 2936 2037 2985 et
2090 2932 2255 2986 Atre-

593 3022 805 3077 batum
838 3020 949 3091 [AL
985 3019 1423 3090 Atrebatarum]
1446 3033 1511 3074 ac
1540 3018 1831 3073 Laodicem
1893 3017 2254 3073 indumentis

2362 449 2673 518 antiquum
2711 448 3100 519 prepositum,
3134 451 3196 501 ut
3224 446 3345 502 ovis
3376 447 3567 519 possis
3597 464 3725 504 esse
3755 449 3825 504 ad
3857 449 4005 504 dex-

2361 540 2584 591 teram:
2620 542 2720 590 aut
2749 537 2795 591 si
2830 537 3077 609 priorem
3112 536 3463 592 sententiam
3499 551 3766 607 perversa
3807 537 4003 609 poeni-

2360 626 2544 679 tentia
2574 626 3002 681 commutaris:
3062 625 3205 680 velis
3264 625 3434 693 nolis,
3483 641 3820 697 quanquam
3878 627 4005 682 bar-

2364 715 2498 767 bam
2541 715 2773 781 rascris,
2800 713 2954 768 inter
2983 713 3177 769 hircos
3204 713 3628 769 numeraberis.

2433 803 2519 856 22.
2554 804 2994 874 Propositz’onum
3021 805 3305 859 Joviniani
3331 804 3514 858 series.
3544 805 3606 858 In
3651 804 3822 860 shotis
3870 804 4003 877 quid

2361 892 2652 946 cantabant
2699 891 3205 963 pueri.——Verum
3239 891 3380 963 quid
3428 893 3666 962 prodest
3722 892 3954 960 luscum
3987 895 4009 928 ⁸

2358 996 2563 1035 vocare
2609 980 2861 1045 luscum,
2908 986 2964 1036 et
2993 980 3349 1036 accusatoris
3404 982 3610 1037 docerc
3657 980 4000 1039 inconstan-

2360 1068 2526 1139 tiam,
2551 1086 2683 1124 cum
2708 1070 3172 1142 propositionum
3206 1070 3386 1125 series
3417 1069 3694 1126 diluenda
3717 1070 3840 1127 sit?
3861 1071 4007 1129 Oves

2360 1161 2419 1214 et
2448 1157 2644 1213 haedos
2675 1175 2708 1213 a
2738 1159 2973 1214 dextera
2997 1164 3053 1214 et
3110 1158 3370 1225 sinistra,
3402 1160 3551 1214 duos
3600 1160 3905 1229 justorum
3944 1163 4004 1217 et

2360 1236 2731 1318 peccatorhm
2756 1264 2883 1303 esse
2923 1248 3156 1303 ordines
3186 1264 3300 1303 non
3362 1263 3668 1320 negamus.
3719 1248 4002 1304 Arborem

2358 1336 2575 1390 bonam
2601 1335 2823 1391 fructus
2855 1335 3039 1390 malos
3062 1353 3173 1390 non
3204 1336 3531 1402 facere,nec
3556 1335 3773 1390 malam
3796 1335 4003 1404 bonos,

2362 1422 2506 1477 nulli
2538 1422 2781 1477 dubium
2816 1429 2922 1479 est.
2953 1424 3152 1480 Decem
3179 1441 3409 1496 quoque
3434 1424 3688 1497 virgines
3711 1425 4007 1496 sapientes

2362 1516 2419 1567 et
2440 1512 2673 1577 stultas,
2698 1513 2756 1567 in
2792 1515 2974 1569 bonas
3006 1513 3309 1585 malasque
3340 1513 3757 1570 dividimus.ln
3776 1514 3998 1571 diluvio
4068 1557 4072 1562 .
4148 1560 4151 1563 λ

2361 1599 2638 1657 liberatos
2661 1602 2881 1671 justos,
2905 1610 2958 1656 et
2992 1606 3321 1674 peccatores
3361 1602 3532 1673 aquis
3589 1602 3855 1669 obrutos,
3887 1598 4035 1659 non:

2362 1689 2832 1761 ignoramus[At.
2867 1706 2983 1744 non
3018 1691 3347 1763 negamus].
3383 1691 3445 1745 In
3480 1690 3735 1746 Sodoma
3790 1696 3847 1747 et
3894 1691 4006 1748 Go-

2361 1777 2599 1832 morrha
2624 1780 3160 1850 ereptumjustum,
3194 1783 3250 1834 et
3276 1779 3492 1851 impios
3538 1779 3673 1851 igne
3723 1796 4002 1836 consum-

2358 1870 2512 1936 ptos,
2539 1866 2813 1921 omnibus
2842 1867 3222 1939 perspicuum
3254 1871 3360 1923 est.
3382 1867 3588 1923 Decem
3624 1883 3860 1939 quoque
3884 1867 4007 1940 pla-

2357 1954 2449 2026 gis
2476 1972 2817 2026 percussam
2850 1956 3184 2028 zEgyptum,
3208 1961 3261 2012 et
3284 1956 3459 2012 Israel
3489 1956 3670 2013 fuisse
3721 1957 4010 2029 sospitem

2361 2043 2652 2099 novimus.
2686 2045 2748 2098 ln
2784 2045 2930 2098 mari
2956 2045 3151 2099 Rubro
3191 2044 3710 2115 transissejustos,
3742 2050 3800 2101 et
3855 2046 4010 2102 Pha-

2360 2149 2599 2187 raonem
2647 2149 2782 2188 cum
2816 2149 2921 2188 suo
2978 2133 3228 2188 exercitu
3291 2134 3650 2199 demersum,
3709 2134 3888 2189 etiam
3947 2135 4009 2190 in

2361 2220 2580 2276 scholis
2612 2225 2849 2276 cantant
2872 2222 3116 2292 parvuli.
3150 2222 3427 2276 Sexcenta
3458 2222 3719 2277 milliain
3768 2223 4008 2279 deserto

2362 2309 2658 2377 cecidisse,
2685 2311 2825 2380 quia
2854 2309 3139 2364 increduli
3177 2309 3414 2375 fuerint,
3446 2315 3502 2365 et
3548 2310 3698 2365 duos
3763 2315 4008 2367 tantum

2360 2402 2574 2453 terram
2602 2398 3074 2469 repromissionis
3097 2398 3370 2463 intrasse,
3402 2397 3711 2470 Scriptura:
3772 2400 4007 2466 docent,

2361 2491 2419 2541 et
2449 2487 2603 2542 359
2627 2485 2871 2557 reliqua,
2896 2502 3022 2558 quas
3057 2504 3243 2558 usque
3275 2488 3344 2541 ad
3370 2487 3669 2558 operarios
3707 2487 3912 2555 vineae,
3946 2489 4008 2544 in

2362 2576 2479 2629 duo
2502 2574 2789 2629 bonorum
2809 2573 3177 2629 etmalorum
3201 2573 3437 2630 ordines
3467 2575 3852 2647 descripsisti.
3891 2576 4009 2632 Sed

2363 2662 2535 2735 quale
2558 2668 2669 2729 est,
2693 2667 2759 2717 ut
2780 2664 2918 2735 quia
2958 2663 3106 2718 inter
3125 2664 3310 2719 bonos
3358 2668 3415 2718 et
3444 2663 3632 2719 malos
3655 2665 3867 2720 divisio
3892 2670 4013 2732 est,

2362 2760 2422 2808 tu
2450 2768 2681 2807 asseras
2703 2752 3033 2823 interipsos
3048 2752 3257 2815 bonos,
3278 2751 3367 2808 vel
3390 2769 3420 2808 e
3459 2754 3751 2808 contrario
3798 2753 4007 2817 malos,

2364 2841 2587 2896 nullam
2610 2857 2738 2896 esse
2756 2840 3124 2908 distantiam,
3149 2840 3412 2912 nihilque
3454 2841 3690 2906 referre,
3717 2847 3915 2897 utrum
3947 2841 4009 2897 in

2365 2945 2568 3001 pecore
2593 2929 2807 3002 aliquis
2831 2927 2981 2984 aries
3004 2929 3173 2983 sitan
3198 2928 3425 2983 ovicula
3443 2929 3471 2983 Ἰ
3512 2929 3717 2984 Utrum
3744 2930 3999 3002 primam

2365 3019 2557 3075 lanam
2574 3019 2849 3082 habeant,
2870 3034 2939 3072 an
2965 3017 3283 3072 secundam
3307 3016 3335 3071 ?
3356 3016 3563 3072 Utrum
3588 3017 3891 3074 scabidum
3914 3034 4012 3090 pe-

594 3116 845 3166 ornatus
873 3108 1128 3164 incedis.
1172 3106 1403 3163 Rubent
1432 3109 1643 3171 buccae,
1680 3107 1826 3162 nitet
1853 3106 2025 3174 cutis,
2073 3122 2253 3162 comm
2285 3093 2326 3159 C
2366 3124 2469 3163 cus
2501 3107 2577 3163 sit
2608 3113 2664 3162 et
2695 3104 3049 3173 morbidum,
3084 3122 3155 3159 an
3210 3110 3478 3177 vegetum
3539 3111 3715 3178 atque
3772 3107 4003 3163 sussul-

594 3199 657 3254 in
689 3197 1036 3270 occipitium
1073 3198 1440 3267 frontemque
1468 3200 1779 3251 tornantur
1811 3212 1823 3250 :
1886 3201 2199 3267 protensus
2230 3197 2251 3229 ⁴

592 3292 691 3345 est
721 3284 1116 3359 aqualiculus,
1143 3284 1461 3357 insurgunt
1493 3285 1744 3350 humeri,
1777 3288 1973 3356 turget
2026 3290 2250 3356 guttur,

596 3381 660 3431 et
690 3375 764 3429 de
802 3374 999 3429 obesis
1020 3373 1295 3429 faucibus
1322 3373 1416 3428 vix
1447 3373 1730 3428 sulfocata
1777 3373 1950 3427 verba
1974 3389 2252 3444 promun—

598 3470 735 3519 tur.
769 3463 936 3517 Certe
971 3463 1028 3517 in
1056 3466 1221 3517 tanta
1252 3461 1589 3517 diversitate
1636 3461 1823 3517 victus
1851 3465 1941 3517 est
1986 3461 2253 3528 vestitus,

611 3564 867 3607 necesse
894 3555 1001 3615 est,
1029 3557 1121 3607 aut
1148 3550 1265 3619 hic,
1298 3555 1401 3605 aut
1446 3540 1527 3606 ibi
1576 3565 1706 3605 esse
1756 3554 2080 3621 peccatum.
2132 3550 2255 3605 Non

622 3639 789 3713 quod
824 3643 1111 3710 peceatum
1140 3640 1204 3694 in
1233 3638 1362 3694 cibo
1411 3638 1591 3694 autin
1622 3638 1889 3696 vestibus
1946 3655 2206 3694 asseram
2244 3656 2256 3695 :

614 3729 723 3787 sed
749 3728 909 3800 quod
959 3727 1205 3784 varietas
1235 3733 1295 3782 et
1330 3727 1712 3784 commutatio
1748 3727 1806 3781 in
1857 3727 2114 3783 deterius
2173 3745 2260 3783 re-

612 3816 989 3892 prehensioni
1023 3816 1288 3889 proxima
1317 3816 1413 3872 sit.
1446 3817 1607 3881 Quod
1641 3820 1835 3871 autem
1887 3816 2260 3888 reprehendi-

614 3914 731 3972 tur,
763 3923 800 3961 a
827 3906 1045 3960 virtute
1078 3905 1276 3976 procul
1307 3910 1396 3961 est
1438 3923 1450 3960 :
1508 3906 1663 3976 quod
1719 3921 1753 3960 a
1809 3904 2020 3960 virtute
2062 3905 2264 3977 procul

617 4000 728 4059 est,
750 3994 892 4050 vitio
920 3994 1293 4066 mancipatur
1325 3995 1511 4066 :quod
1533 3993 1808 4049 vitiosum
1841 3993 2124 4065 arguitur,
2140 4010 2267 4066 pec-

617 4090 745 4140 cato
764 4082 1068 4155 jungitur.
1101 4082 1263 4149 Quod
1294 4087 1595 4155 peccatum
1627 4087 1717 4138 est
1730 4082 1897 4154 juxta
1919 4086 2082 4138 tuam
2134 4100 2266 4140 sen-

617 4172 863 4229 tentiam
880 4172 947 4227 in
978 4171 1227 4227 sinistra
1267 4176 1452 4244 parte,
1504 4176 1562 4227 et
1591 4171 1887 4227 hircorum
1945 4188 2120 4245 grege
2170 4173 2269 4229 de-

697 4334 713 4368 ¹
737 4332 818 4388 Ex
835 4331 979 4404 Citio
1009 4332 1169 4387 enim
1195 4332 1337 4388 urbe
1367 4333 1425 4388 in
1449 4331 1621 4404 Cypri
1655 4330 1875 4404 insulta
1902 4332 2090 4404 Zenon
2112 4332 2271 4404 Stoi-

620 4421 824 4463 corum
854 4403 1332 4476 princepspfuit;
1392 4401 1951 4476 unde_Kme~3:;___vcl
1999 4401 2265 4476 ames;

617 4460 1081 4557 Graece,}atine
1103 4460 1344 4530 Cittieus
1393 4474 1740 4557 appellatur.
1792 4460 1930 4529 ‘Vid.
1984 4460 2345 4538 Quaestio-'1)

620 4564 721 4603 nes
749 4549 814 4602 in
846 4546 1123 4618 Genesim
1147 4562 1275 4618 cap.
1305 4564 1339 4600 x
1366 4545 1511 4601 etin
1540 4545 1754 4601 Jerem.
1789 4561 1915 4618 cap.
1952 4563 2014 4600 ιι.

684 4620 713 4653 ⁸
742 4617 1130 4673 [levissimam
1161 4615 1394 4690 culpam
1416 4617 1770 4690 gravissimo
1792 4615 2008 4690 delicto
2039 4633 2270 4690 compa-

628 4695 742 4745 rat.
758 4690 975 4745 Contra
995 4687 1284 4745 hactenus
1305 4689 1559 4744 obtinuit
1578 4688 1636 4743 in
1663 4688 1838 4760 editis
1871 4687 2039 4744 libris
2060 4693 2117 4744 et
2147 4687 2267 4760 p'le-

630 4762 840 4831 risque
856 4761 1030 4833 etiam
1047 4777 1192 4817 mss.
1216 4760 1566 4833 gravissima
1586 4758 1750 4815 alteri
1789 4776 1951 4831 teque
1993 4758 2270 4831 gravissi-

631 4849 748 4899 ma:
772 4832 1140 4889 conferretur.
1170 4832 1305 4887 Erat
1327 4848 1535 4903 nempe
1555 4848 1759 4903 panem
1777 4832 2044 4903 esurienti
2089 4834 2271 4888 surri-

624 4904 823 5030 puerit
845 4919 858 4957 :
878 4910 931 4958 et
951 4920 1161 4976 panem
1180 4902 1777 4974 esurienti’surripere
1800 4902 1951 4957 idem
1978 4902 2055 4956 sit
2100 4910 2272 4976 atque

672 4975 936 5030 ominem
965 4974 1427 5030 occidereznam
1473 4976 1650 5029 etiam
1693 4973 1794 5030 oui
1842 4972 2121 5028 esurienti
2155 4991 2269 5030 non

672 4972 1427 5041 ominem'occideremam
1473 4972 1658 5029 etiam
1684 4973 1794 5045 qui
1842 4972 2121 5028 esurienti
2155 4972 2269 5030 non

629 5046 880 5115 dederit,
902 5045 1153 5111 occidit;
1180 5051 1504 5117 notumque
1552 5044 1810 5101 illud’ex
1860 5044 2190 5117 Ambrosio.
2215 5046 2276 5100 Si

626 5114 993 5189 τιοηρτηὲίςςιίἶ
1023 5117 1352 5189 οςσιὶίίδΐὶ.Ε
1399 5114 1690 5189 contrario
1740 5114 2103 5189 sigesuriens
2149 5115 2276 5188 ipse

627 5186 939 5261 surripiat,
980 5187 1275 5244 levissime
1321 5187 1586 5261 omnium
1628 5186 1930 5261 peccabit;
1974 5186 2149 5261 idque
2174 5186 2278 5243 'est

626 5257 1210 5332 quod'liieronymus
1233 5260 1491 5315 conferre
1506 5257 1783 5332 intendit,
1806 5262 1861 5313 et.
1882 5274 1984 5332 con
1997 5257 2105 5332 fert.
2124 5275 2276 5314 reve-

628 5329 692 5387 ἡ
714 5334 773 5386 in
804 5329 1121 5385 Veronensi
1147 5347 1258 5385 ms.
1280 5348 1347 5384 ex
1369 5347 1482 5387 auo
1505 5329 1694 5386 locum
1722 5329 2200 5385 emaculavimus.

694 5403 719 5438 ³
751 5403 831 5458 Ex
862 5401 1103 5457 Horatio
1120 5401 1339 5469 hausit,
1363 5401 1424 5456 Si
1454 5406 1599 5472 forte
1618 5402 1884 5456 subucula
1928 5417 2081 5472 parte
2130 5403 2275 5455 Trita

624 5475 811 5532 subest
830 5477 1174 5545 tumescat,
1199 5478 1359 5545 puto,
1391 5473 1642 5528 multum
1675 5472 1902 5545 diverso
1925 5488 2123 5537 sensu,
2162 5473 2275 5529 nisi

628 5545 679 5601 si
698 5545 801 5603 hic
837 5546 997 5620 apud
1024 5542 1681 5619 Hieronymumimpexa
1705 5543 1784 5601 sit
1815 5542 2129 5618 legendum
2171 5558 2275 5619 pro

964 5673 1230 5737 Panos.
1302 5670 1523 5741 XXIII.

936 5980 937 5983 η
946 5944 1009 6001 ἡ.

2364 3198 2535 3252 tans?
2584 3197 2837 3252 maxime
2867 3210 2998 3249 cum
3035 3194 3293 3250 Ezechiel
3336 3210 3470 3250 oves
3513 3195 3913 3263 rationabiles,
3946 3201 4006 3253 et

2363 3284 2935 3340 diversitatemiuter
2965 3299 3145 3355 pecus
3198 3289 3255 3339 et
3304 3299 3503 3355 pecus,
3535 3301 3653 3340 sua:
3709 3284 4006 3357 propheta

2365 3376 2708 3429 auctoritate
2738 3374 3118 3439 demonstret,
3168 3373 3370 3429 dicens
3402 3389 3415 3427 :
3468 3375 3599 3429 Ecce
3626 3390 3721 3445 ego
3767 3374 3959 3447 judico
3984 3375 4008 3410 ⁸

2364 3466 2510 3518 inter
2533 3477 2697 3533 pecus
2729 3466 2779 3516 et
2805 3478 2989 3533 pecus,
3026 3464 3076 3516 et
3107 3463 3255 3516 inter
3279 3464 3475 3517 arietes
3504 3471 3553 3517 et
3589 3463 3791 3530 hircos,
3823 3470 3876 3518 et
3918 3465 4009 3518 in-
4048 3514 4051 3517 .

2364 3556 2448 3608 ter
2462 3567 2626 3622 pecus
2646 3552 2856 3622 pingue
2883 3554 2935 3605 et
2962 3551 3343 3605 macilentam.
3379 3551 3483 3605 Pro
3511 3566 3572 3605 eo
3628 3550 3769 3622 quod
3828 3552 4013 3607 lateri-

2371 3642 2468 3697 bus
2498 3644 2549 3696 et
2571 3640 2814 3695 humeris
2844 3639 3232 3710 zmpingebatis
3260 3642 3312 3693 et
3358 3638 3617 3694 cornibus
3646 3641 3837 3694 vestris
3880 3655 4011 3696 νεη-

2371 3731 2619 3786 tilabatis
2651 3730 2837 3785 omnia
2867 3729 3093 3798 inﬁrma
3114 3743 3330 3799 pecora,
3363 3727 3532 3782 donec
3572 3727 4018 3800 dispergerentur

2372 3818 2583 3887 (Ezech.
2644 3832 2834 3881 “xxv,
2896 3818 2981 3884 17,
3012 3818 3100 3878 20,
3151 3816 3262 3884 21).
3324 3816 3390 3870 Et
3421 3820 3485 3871 ut
3544 3816 3830 3874 sciremus
3886 3834 4015 3890 quin

2375 3908 2487 3963 ista
2517 3906 2634 3962 sint
2669 3906 2749 3972 [At
2782 3905 2940 3975 sunt]
2977 3920 3205 3975 pecora,
3239 3905 3438 3959 statim
3485 3904 3685 3960 intulit
3716 3922 3729 3960 :
3770 3907 3864 3962 Vos
3917 3922 4017 3962 au-

2376 4006 2502 4060 tem,
2541 4010 2725 4066 greges
2753 3995 2859 4049 mei
2904 3994 2944 4060 7,
2978 4009 3101 4048 oves
3150 4008 3371 4065 pascua?
3430 4009 3586 4065 meae,
3641 3996 3884 4052 homines
3930 4012 4021 4051 es-

2378 4088 2447 4141 tis
2475 4084 2633 4154 (Ibid.
2683 4084 2793 4155 3i).
2849 4081 3112 4154 ldipsum
3142 4098 3280 4154 ergo
3340 4082 3450 4138 erit
3508 4082 3748 4149 Paulus,
3809 4089 3868 4138 et
3923 4082 4023 4142 ille

2378 4173 2687 4247 pcenitens,
2717 4172 2818 4244 qui
2851 4187 2985 4227 cum
3020 4170 3203 4243 patris
3232 4187 3410 4226 uxore
3426 4171 3764 4240 dormierat,
3796 4171 3935 4243 quia
3959 4170 4022 4228 in

2378 4352 2523 4408 pexa
2548 4354 2562 4401 ;
2587 4351 2721 4390 nam
2746 4351 2891 4408 pexa
2930 4332 3133 4408 tunica
3162 4337 3579 4408 pr_o_nova_et
3633 4331 3912 4408 eleganti,
3967 4336 4027 4389 et

2379 4403 2636 4489 pretiosa
2682 4403 2969 4489 accipitur
3024 4423 3069 4489 ai
3118 4403 3334 4489 Latinis
3389 4403 3814 4489 scriptoribus,‘
3852 4407 4026 4476 atque

2378 4474 2504 4549 ipso
2537 4478 2595 4532 in
2620 4474 2828 4549 primis
2876 4477 3131 4549 Horatio.
3169 4477 3435 4532 Fortasse
3496 4474 3690 4531 autem
3715 4474 4027 4549 _'Hierony-

2381 4547 2826 4621 musacceperit
2858 4565 2959 4621 pro
2986 4547 3213 4609 villosa,
3247 4549 3366 4603 sive
3398 4564 3548 4621 quae
3579 4547 3727 4621 pceti
3782 4547 4028 4621 deberet

2379 4621 2451 4676 ob
2482 4620 2651 4692 pilos.
2681 4615 2892 4675 "Graeci
2954 4636 3080 4674 eam
3139 4625 3359 4675 vestem
3415 4615 3733 4690 ξιαλλῶτιον
3784 4620 4022 4692 vocant.

2380 4688 2734 4746 Prudentius
2764 4693 2821 4745 in
2854 4691 3023 4762 Hym.
3059 4696 3288 4762 lmpexa
3309 4688 3461 4746 villis
3490 4688 4023 4762 virgobestialibus.

2382 4768 2446 4817 Et
2476 4767 2675 4887 nqlste:
2703 4759 2990 4833 superiori
3026 4759 3159 4830 lib.,'
3200 4780 3366 4818 num.
3423 4763 3511 4828 4ο,
3543 4759 3820 4816 sordidam
3873 4759 4028 4814 tuni-

2382 4851 2499 4887 cam
2571 4850 2647 4886 ixi
2684 4873 2696 4885 .

2378 4851 2499 4889 cam
2529 4832 2696 4887 dixit.

2457 4907 2478 4940 ⁴
2504 4904 2750 4960 Gravius
2782 4901 2981 4958 mallet
3010 4919 3310 4975 propensus
3338 4919 3406 4958 ex
3436 4900 3535 4956 illo
3555 4900 3735 4956 Persii
3774 4918 3787 4955 :

2453 5002 2670 5066 Pinguis
2701 4999 3037 5064 aqualiculus
3065 5013 3336 5062 propenso
3367 4998 3691 5062 sexquipede
3716 5002 3907 5049 exstat.

2462 5101 2481 5134 ⁵
2516 5102 2728 5155 lterum
2761 5115 2829 5155 ex
2858 5096 3055 5153 Persio
3086 5097 3277 5151 Satira
3308 5113 3325 5151 1
3362 5113 3375 5151 :

2456 5252 2469 5264 .
2647 5217 2710 5264 Et
2736 5216 2886 5265 lusco
2916 5214 3006 5277 qui
3038 5214 3208 5275 possit
3237 5213 3413 5262 dicere
3438 5212 3669 5265 luscum.

2391 5399 2413 5417 ἢ
2454 5334 2474 5364 θ
2510 5332 2688 5417 Ιῐιίτλιη
2742 5347 2909 5395 mss,
2941 5345 3057 5385 cccc
3087 5346 3181 5397 ego
3228 5330 3490 5400 judicabo
3541 5331 3712 5401 juxta
3766 5330 4034 5387 Graecum

2386 5418 2666 5467 Οιακρινω.

2456 5474 2474 5506 ⁷
2505 5471 2861 5546 ycroucnsis
2880 5473 3222 5546 gregesgmei,
3255 5489 3438 5545 greges
3463 5490 3686 5546 pascite
3739 5488 3884 5530 mea?
3913 5488 3932 5532 .'
3981 5473 4041 5533 et

2390 5542 2562 5620 paulo
2593 5546 2727 5621 post
2751 5542 2893 5616 quia
2918 5544 3083 5602 semet
3113 5559 3147 5601 a
3174 5542 3384 5601 dextris
3413 5542 3510 5604 est.

3661 5668 3735 5731 H

3964 5848 4129 5975 2"
