5364 6558
1118 274 1234 341 33ί

2290 318 2295 327 ι
2360 279 2426 340 S.
2474 275 2786 342 EUSEBII
2830 275 3272 342 HIERONYMI

4350 292 4457 357 332

1123 405 1443 495 Ecclesium
1476 411 1609 479 post
1632 409 2034 481 paenitentiam
2065 415 2333 484 receptus
2364 416 2453 467 est
2485 430 2498 467 :
2531 416 2588 468 et
2617 412 2756 483 quia
2786 412 2837 477 Α
2870 410 2958 466 Sic
2985 428 3103 477 nos,
3127 411 3339 484 inquit,
3362 415 3636 471 existimet
3667 418 3774 487 [AL
3825 420 4076 493 aestimet]
4125 420 4270 477 homo
4321 427 4465 495 quasi

1118 493 1349 551 simula
1377 496 1596 554 dextris
1616 502 1728 567 est,
1759 499 1817 554 in
1840 500 2041 555 eadem
2084 517 2219 557 cum
2272 500 2545 573 Apostolo
2587 500 2757 555 clari-

1115 588 1237 641 tate
1258 585 1547 658 fulgebit?
1576 588 1645 641 Et
1673 590 1966 657 quomodo
1999 590 2057 644 in
2087 607 2204 646 uno
2234 589 2421 661 agello
2469 606 2654 661 usque
2683 591 2755 644 ad

1122 690 1376 730 messem
1408 676 1513 747 [AL
1541 677 1617 747 et]
1668 680 2236 735 consummationem
2294 679 2499 734 mundi
2537 678 2758 733 zizania

1115 763 1335 835 pariter
1399 762 1809 839 frumentaque
1862 768 2295 824 succrescunt?
2352 767 2497 833 Quia
2553 784 2756 823 conse-

1122 852 1362 925 quentia
1389 853 1580 926 pisces
1629 855 1765 911 boni
1816 861 1875 912 et
1922 856 2061 912 mali
2116 874 2333 928 sagena
2390 857 2494 927 [AL
2529 856 2755 928 sagina]

1115 939 1329 997 Christi
1362 946 1419 997 et
1447 943 1554 998 reti
1585 945 1915 1017 evangelico
1947 946 2323 1002 continentur
2349 946 2377 1001 ‘l
2412 946 2528 1000 Cur
2556 944 2615 999 in
2664 949 2757 1016 ty-

1118 1045 1191 1100 po
1224 1030 1508 1099 Ecclesiaa,
1540 1032 1600 1088 in
1632 1049 1767 1089 arca
1796 1035 1934 1099 Noe,
1968 1035 2197 1090 diversa
2220 1034 2515 1103 animalia,
2567 1039 2623 1088 et
2652 1050 2755 1105 pro

1121 1117 1404 1189 qualitate
1427 1120 1790 1190 meritorum,
1816 1123 2055 1179 diversae
2082 1128 2221 1179 sunt
2237 1123 2574 1179 mansiones
2595 1122 2622 1176 ‘I
2644 1122 2759 1176 Cur

1118 1207 1305 1263 astitit
1335 1209 1539 1280 regina
1559 1210 1832 1267 adextris
1852 1212 2083 1267 Domini
2120 1213 2223 1278 [AL
2257 1214 2397 1281 tuis]
2428 1210 2486 1265 in
2544 1211 2754 1266 vestitu

1113 1294 1411 1365 deaurato,
1446 1297 1805 1355 circumdata
1833 1300 2106 1357 varietate
2124 1302 2152 1355 ἰ)
2184 1301 2298 1356 Cur
2325 1301 2355 1355 J
2365 1300 2544 1372 oseph
2560 1298 2618 1353 in
2638 1299 2747 1353 for-

1113 1399 1210 1439 ma
1237 1383 1451 1442 Christi
1493 1386 1713 1443 variam
1745 1388 1951 1444 habuit
1984 1390 2243 1446 tunicam
2285 1390 2312 1444 ‘l
2371 1389 2484 1443 Cur
2513 1392 2752 1460 Aposto-

1112 1469 1209 1527 lus
1248 1471 1511 1544 loquitur
1541 1475 1612 1530 ad
1647 1476 1945 1534 Romanos
1980 1495 1993 1532 :
2043 1479 2343 1551 Unicuique
2377 1480 2517 1534 sicut
2572 1477 2751 1531 Deus'

1109 1560 1297 1618 divisit
1321 1579 1640 1619 mensuram
1667 1565 1797 1636 ﬁdei
1824 1571 1849 1619 γ
1893 1567 2043 1622 Sicut
2073 1569 2222 1622 enim
2260 1570 2320 1622 in
2364 1584 2471 1623 uno
2528 1582 2755 1638 corpore

1108 1652 1285 1707 multa
1313 1653 1560 1709 membra
1585 1655 1867 1725 habemus,
1898 1658 2086 1712 omnia
2110 1665 2292 1712 autem
2346 1656 2589 1712 membra
2644 1672 2753 1712 non

2866 502 3150 556 ministros
3171 501 3395 570 Christi,
3418 509 3471 559 et
3528 506 3932 577 dispensatores
3959 511 4324 581 mysteriorum
4375 513 4468 568 Dei

2869 588 2971 656 [AL
2996 589 3152 659 ejus].
3187 592 3283 646 IIic
3291 592 3411 662 jam
3441 596 3716 664 quaeritur
3737 596 3880 651 inter
3905 596 4299 668 dispensatores,
4321 606 4379 654 ut
4410 600 4472 671 ﬁ-

2866 676 3003 731 delis
3030 680 3153 747 quis
3183 680 3503 736 inveniatur
3525 683 3571 753 (I
3601 682 3725 737 Cor.
3757 702 3833 749 1v,
3867 685 3916 751 1,
3938 688 4011 750 2).
4036 684 4132 740 Vis
4163 685 4321 752 scire,
4342 703 4471 758 quo-

2871 764 3026 819 niam
3068 766 3220 821 inter
3275 768 3739 841 dispensatorem
3796 778 3852 827 et
3906 774 4353 844 dispensatorem
4406 774 4476 830 sit

2868 852 3053 909 multa
3086 855 3368 913 distantia
3389 859 3525 927 (non
3546 860 3674 916 dico
3705 862 3777 916 de
3808 861 3976 917 malis
4005 867 4062 917 et
4091 862 4274 930 bonis,
4296 863 4391 918 sed
4412 863 4475 918 de

2867 942 3012 1014 ipsis
3043 944 3214 1001 bonis
3244 946 3343 1017 qui
3373 948 3444 1002 ad
3473 948 3770 1005 dexteram
3813 951 4045 1019 stant)?
4099 951 4230 1006 audi
4284 967 4476 1007 conse-

2868 1034 3109 1103 quentia
3134 1052 3145 1088 :
3169 1036 3414 1101 Nescitis,
3436 1041 3695 1107 quoniam
3715 1042 3811 1110 qui
3832 1042 3891 1094 in
3937 1040 4221 1109 sacriﬁciis
4250 1055 4477 1110 operan-

2867 1125 2977 1187 tur,
3000 1122 3063 1176 de
3093 1124 3380 1192 sacriﬁciis
3410 1126 3730 1182 comedunt:
3790 1130 3887 1199 qui
3941 1129 4138 1183 altario
4165 1127 4474 1193 deserviunt,

2866 1210 2930 1263 de
2957 1210 3156 1265 altario
3165 1214 3611 1285 participantur?
3640 1215 3728 1271 Sic
3758 1221 3808 1271 et
3838 1218 4093 1272 Dominus
4119 1216 4371 1287 disposuit
4383 1216 4474 1281 his,

2867 1301 2965 1369 qui
2991 1300 3344 1371 Evangelium
3403 1308 3765 1371 annuntiant,
3814 1305 3881 1360 de
3926 1305 4217 1375 Evangelia
4274 1305 4475 1359 vivere:

2865 1402 2961 1455 ego
2989 1396 3170 1443 autem
3190 1406 3298 1445 nou
3326 1390 3528 1446 abutar
3554 1393 3749 1448 horum
3772 1394 3976 1464 aliquo.
4008 1394 4122 1449 Non
4152 1394 4341 1464 scripsi
4389 1411 4475 1450 au-

2866 1483 2971 1530 tem
3003 1476 3132 1543 hinc,
3164 1483 3227 1533 ut
3256 1480 3335 1533 sic
3362 1481 3502 1549 ﬁant
3529 1482 3589 1535 in
3619 1498 3722 1536 me.
3758 1483 3961 1538 Melius
4026 1486 4101 1537 est
4154 1498 4301 1536 enim
4351 1483 4479 1538 mihi

2863 1567 3007 1620 mori
3034 1582 3198 1636 quam
3226 1572 3287 1622 ut
3316 1569 3555 1636 gloriam
3581 1585 3761 1625 meam
3787 1573 3914 1641 quis
3941 1579 4180 1626 evacuet.
4234 1571 4296 1625 Si
4347 1572 4481 1626 enim

2862 1656 3334 1722 evangeliaavero,
3364 1673 3473 1712 non
3503 1666 3581 1713 est
3607 1660 3748 1714 mihi
3775 1660 3957 1729 gloria
3992 1678 4004 1715 :
4037 1660 4317 1714 necessitas
4332 1661 4474 1731 quip-

1113 1740 1363 1796 eumdem
1391 1745 1575 1797 actum
1597 1744 1795 1799 habent
1829 1762 1841 1799 :
1878 1747 1956 1800 ita
1984 1747 2151 1800 multi
2195 1762 2368 1800 unum
2414 1761 2605 1817 corpus
2658 1761 2750 1800 su-
2784 1779 2832 1845 Β
2856 1760 2927 1814 pe
2952 1744 3093 1799 mihi
3110 1746 3389 1801 incumbit.
3426 1748 3512 1803 Vw
3532 1749 3681 1803 enim
3709 1750 3850 1804 mihi
3876 1757 3976 1817 est,
4008 1750 4057 1803 si
4085 1764 4195 1804 non
4226 1748 4326 1818 [AL
4355 1747 4474 1820 nisi]

1109 1844 1233 1884 mus
1266 1831 1325 1885 in
1357 1831 1588 1899 Christo,
1619 1834 1830 1905 singuli
1872 1842 2055 1889 autem
2110 1833 2258 1889 alter
2309 1835 2538 1889 alterius
2584 1850 2754 1889 mem-

1111 1916 1231 1981 bra.
1266 1920 1530 1975 Habentes
1558 1924 1743 1977 autem
1769 1923 2087 1979 donationes
2137 1923 2436 1979 secundum
2492 1924 2752 1993 gratiam,

1113 2022 1234 2079 quae
1304 2008 1435 2064 data
1489 2013 1564 2066 est
1620 2011 2182 2083 nobis,'diﬂerentes,
2240 2014 2352 2067 sive
2410 2012 2755 2083 prophetiam

1107 2098 1416 2154 secundum
1446 2116 1769 2156 mensuram
1795 2101 1947 2172 ﬁdei,
1978 2104 2093 2157 sive
2114 2102 2487 2157 ministerium
2535 2102 2593 2155 in
2644 2103 2753 2155 mi-

1121 2189 1428 2259 nistrando,
1459 2191 1573 2245 sive
1598 2192 1696 2261 qui
1723 2190 1870 2246 docet
1895 2193 1956 2246 in
1984 2191 2250 2257 doctrina,
2280 2192 2376 2261 qui
2428 2190 2754 2245 exhortatur

1108 2279 1169 2333 in
1201 2279 1559 2347 exhortando,
1591 2282 1689 2351 qui
1714 2281 1909 2336 tribuit
1942 2283 1999 2335 in
2030 2281 2404 2353 simplicitate,
2437 2282 2533 2350 qui
2561 2283 2753 2351 prwest

1112 2370 1190 2423 in
1217 2368 1607 2437 sollicitudine,
1632 2373 1689 2425 et
1715 2368 1939 2442 reliqua
1969 2372 2140 2440 (Rom.
2164 2388 2263 2441 xu,
2294 2371 2327 2425 3
2348 2369 2535 2442 seqq.).
2595 2369 2662 2423 Et
2692 2368 2750 2422 in

1119 2456 1235 2513 alio
1267 2458 1391 2515 loco
1417 2477 1430 2514 :
1456 2457 1630 2513 Alius
1650 2459 1865 2530 judicat
1892 2460 2038 2515 diem
2064 2458 2193 2532 plus
2223 2476 2388 2531 quam
2416 2460 2583 2525 diem,
2607 2459 2752 2512 alius

1100 2545 1319 2617 judicat
1383 2563 1598 2603 omnem
1654 2548 1817 2603 diem.
1893 2550 2266 2620 Unusquisque
2320 2551 2381 2603 in
2437 2564 2533 2601 suo
2590 2564 2751 2602 sensu

1100 2634 1339 2690 abundet
1360 2639 1535 2703 (Rom.
1566 2652 1681 2706 x1v,
1710 2637 1789 2707 5).
1824 2638 1892 2692 Et
1923 2638 1993 2692 ad
2028 2637 2357 2692 Corinthios
2390 2655 2401 2692 :
2434 2639 2541 2707 Ego
2583 2637 2748 2707 plan-

1099 2727 1236 2793 tavi,
1293 2726 1448 2781 800
1492 2725 1680 2796 Apollo
1749 2726 1972 2794 rigavit,
2031 2726 2121 2780 sed
2170 2727 2307 2780 Deus
2354 2726 2750 2781 incrementum

1101 2813 1266 2870 dedit.
1298 2814 1487 2885 Itaque
1532 2828 1704 2884 neque
1749 2815 1844 2885 qui
1885 2811 2108 2884 plantat
2162 2821 2238 2868 est
2294 2813 2528 2883 aliquid,
2575 2829 2750 2885 neque

1104 2905 1203 2977 qui
1278 2905 1451 2972 rigat,
1510 2902 1603 2958 sed
1657 2904 1753 2974 qui
1810 2904 2200 2958 incrementum
2258 2902 2352 2957 dat
2422 2904 2580 2957 Deus.
2642 2903 2751 2970 Qui

1104 2997 1319 3069 plantat
1347 3003 1398 3051 et
1447 2994 1540 3066 qui
1567 2993 1733 3063 rigat,
1791 3007 1966 3046 unum
2020 2995 2165 3047 sunt.
2226 2993 2598 3064 Unusquisque
2651 3009 2750 3048 au-

1108 3105 1215 3153 tem
1263 3085 1545 3161 propriam
1591 3080 1895 3137 mercedem
1954 3082 2179 3153 accipiet
2232 3082 2531 3136 secundum
2584 3099 2747 3138 suum

1098 3184 1363 3241 laborem.
1395 3180 1493 3235 Dei
1511 3178 1661 3232 enim
1688 3188 1878 3229 sumus
1906 3170 2199 3241 adjutores.
2230 3172 2335 3225 Dei
2348 3178 2362 3233 _;
2391 3171 2742 3239 agricultura

1095 3277 1260 3343 estis,
1291 3272 1391 3328 Dei
1413 3267 1709 3339 aediﬁcatio
1749 3264 1876 3320 estis
1904 3263 1925 3295 ²
1982 3263 2029 3333 (1
2057 3261 2177 3317 Cor.
2213 3277 2297 3325 ιιι,
2327 3261 2363 3313 6
2416 3262 2608 3331 seqq)
2668 3264 2743 3316 Et

1096 3378 1339 3419 rursum
1368 3357 1507 3415 alibi
1543 3373 1556 3412 :
1587 3352 1895 3412 Secundum
1921 3351 2165 3421 gratiam
2198 3352 2309 3416 Dei,
2342 3364 2467 3420 quae
2496 3350 2624 3404 data
2662 3359 2740 3405 est

1093 3453 1258 3519 mihi,
1312 3453 1374 3505 ut
1428 3447 1643 3519 sapiens
1695 3442 2019 3497 architectus
2075 3438 2505 3511 fundamentum
2558 3440 2738 3509 posui,

1094 3544 1242 3598 alius
1270 3544 1458 3596 autem
1499 3531 1920 3608 superaediﬁcat.
1946 3529 2387 3584 Fundamentum
2415 3529 2563 3582 enim
2582 3528 2739 3583 aliud

1093 3646 1253 3687 nemo
1284 3631 1459 3702 potest
1485 3640 1707 3698 ponere,
1734 3629 2107 3693 praeterquam
2133 3617 2189 3672 id
2217 3616 2357 3688 quod
2384 3618 2621 3688 positum
2641 3626 2734 3685 est,

1094 3719 1233 3791 quod
1258 3726 1336 3775 est
1364 3716 1614 3773 Christus
1642 3715 1811 3769 Iesus.
1846 3709 1906 3764 Si
1933 3710 2056 3780 quis
2103 3715 2285 3762 autem
2335 3706 2739 3775 supersedi/teat

1093 3825 1259 3879 super
1286 3805 1709 3877 fundamentum
1736 3801 1853 3866 hoc,
1913 3813 2135 3863 aurum,
2166 3800 2480 3865 argentum,
2530 3796 2739 3866 lapides

1088 3898 1373 3967 pretiosos,
1438 3894 1615 3960 ligna,
1671 3890 1889 3964 fenum,
1941 3886 2203 3957 stipulam
2236 3902 2253 3938 :
2312 3886 2739 3956 uniuscujusque

1094 3980 1562 4055 ppusapparebit.
1590 3980 1714 4035 Dies
1742 3978 1893 4033 enim
1947 3976 2167 4032 Domini
2220 3974 2359 4029 illud
2414 3976 2736 4045 manifesta-

1095 4072 1175 4129 bit
1202 4071 1245 4141 ³,
1275 4071 1538 4143 quoniam
1567 4070 1628 4123 in
1686 4069 1815 4136 igne
1866 4065 2218 4129 revelabitur,
2280 4067 2329 4117 et
2393 4064 2737 4131 singulorum

1091 4177 1224 4235 opus
1253 4160 1415 4233 quale
1440 4160 1534 4228 sit,
1583 4159 1729 4229 ignis
1770 4154 2042 4227 probabit.
2096 4153 2157 4208 Si
2178 4154 2332 4221 cuius
2388 4167 2518 4223 opus
2573 4168 2733 4206 man-

1091 4254 1243 4321 serit,
1302 4249 1444 4324 quod
1498 4245 1974 4320 supersedi/icavit,
2028 4242 2328 4297 mercedem
2370 4241 2616 4309 accipiet.
2678 4241 2739 4295 Si

1091 4343 1245 4415 cujus
1270 4356 1404 4412 opus
1436 4339 1657 4406 arserit,
1717 4335 2103 4390 detrimentum
2148 4331 2405 4400 patietur.
2464 4330 2580 4398 Ipse
2634 4345 2735 4382 au-

1092 4440 1202 4485 tem
1238 4429 1425 4483 salvus
1462 4430 1589 4495 erit,
1637 4427 1718 4479 sic
1748 4432 1929 4478 tamen
1989 4420 2147 4490 quasi
2199 4434 2297 4488 per
2350 4418 2535 4485 ignem
2573 4416 2732 4486 (Ibid.

2864 1833 3319 1902 evangelimvero.
3346 1835 3482 1889 Nam
3508 1837 3557 1891 si
3584 1837 3861 1894 voluntate
3879 1838 3982 1894 hoc
4010 1854 4112 1907 ago
4146 1836 4249 1907 [AL
4277 1836 4476 1907 fecere].

2861 1922 3161 1976 mercedem
3244 1922 3429 1979 habeo.
3515 1927 3581 1980 Si
3662 1930 3849 1981 autem
3905 1910 4117 1992 nolens,
4171 1924 4480 1996 dispensatio

2862 2010 3003 2064 mihi
3030 2011 3239 2066 credita
3296 2020 3390 2068 est.
3454 2014 3589 2081 Qum
3637 2019 3713 2069 est
3767 2031 3898 2085 ergo
3955 2031 4157 2071 merces
4212 2017 4378 2069 mea?
4427 2014 4482 2069 Ut

2860 2101 3247 2168 evangelieans
3277 2102 3423 2157 36!
3450 2104 3573 2157 sine
3601 2105 3841 2175 sumptu,
3899 2119 4109 2175 ponam
4137 2102 4479 2173 Evangelium

2866 2188 3076 2243 Christi
3100 2207 3121 2249 ;
3152 2199 3210 2245 ut
3241 2206 3346 2247 non
3376 2192 3579 2246 abutar
3600 2195 3880 2262 potestate,
3912 2210 4035 2265 qua
4067 2192 4201 2248 data.
4228 2199 4304 2247 est
4353 2188 4481 2245 mihi

2861 2278 2922 2331 in
2977 2279 3287 2349 Evangelia.
3324 2280 3458 2334 Cum
3513 2282 3663 2335 enim
3712 2298 3883 2337 essem
3941 2283 4087 2337 liber
4138 2298 4207 2337 ex
4248 2280 4480 2336 omnibus

2859 2368 3105 2421 omnium
3159 2369 3266 2438 [AL
3324 2370 3595 2439 omnibus]
3648 2385 3735 2424 me
3788 2386 4011 2425 servum
4067 2372 4195 2441 feci,
4226 2377 4285 2425 ut
4318 2369 4482 2440 plures

2860 2456 3247 2529 lucrifacerem
3287 2459 3333 2529 (I
3380 2457 3497 2513 Cor.
3534 2476 3611 2527 1x,
3645 2459 3735 2513 43.
3764 2460 3956 2531 seqq.).
3995 2458 4274 2531 Nunquid
4329 2460 4474 2530 potes

2860 2546 3050 2601 dicere
3081 2562 3319 2618 peccare
3376 2564 3493 2614 eos,
3555 2547 3656 2619 qui
3738 2548 3941 2603 vivunt
4023 2550 4094 2604 de
4166 2544 4471 2618 Evangelia,

2858 2639 2915 2689 et
2946 2635 3045 2705 qui
3078 2636 3149 2690 de
3180 2636 3483 2691 sacriﬁciis
3533 2636 3957 2707 participantur
3983 2638 4013 2692 ?
4072 2637 4278 2708 Utique
4332 2650 4437 2690 non
4466 2648 4478 2686 :

2858 2722 3144 2777 Dominus
3172 2722 3327 2778 enim
3362 2723 3673 2795 disposuit,
3707 2728 3771 2778 ut
3803 2723 3906 2795 qui
3965 2723 4286 2795 praedicant
4316 2722 4480 2777 Evan-

2857 2810 3095 2882 gelium,
3130 2812 3200 2866 de
3231 2811 3540 2883 Evangelio
3569 2811 3803 2881 vivant;
3837 2812 4159 2884 Apostolus
4181 2814 4370 2867 autem
4391 2808 4482 2881 qui

2860 2915 2973 2954 non
2995 2900 3255 2955 abutitur
3283 2900 3658 2969 haclicentia,
3674 2902 3776 2957 sed
3801 2901 4041 2957 laborat
4061 2900 4332 2957 manibus
4351 2897 4484 2966 suis,

2857 3005 2929 3043 ne
2947 3004 3122 3059 quem
3145 2994 3361 3061 gravet,
3387 2994 3442 3045 et
3464 2990 3557 3045 die
3577 3007 3643 3045 ae
3664 2994 3830 3046 nocte
3853 2995 4159 3063 operatur,
4204 2994 4260 3045 et
4299 2986 4485 3043 minis-

2859 3077 3078 3133 trathis
3100 3077 3422 3149 quisecum
3458 3084 3617 3147 sunt,
3642 3080 3844 3151 utique
3894 3079 4023 3137 ideo
4083 3079 4191 3135 hoc
4241 3076 4388 3145 facit,
4427 3078 4484 3130 ut

2778 3147 2820 3213 (ἶ
2859 3147 3304 3239 pluslaborans,
3330 3167 3462 3238 plus
3478 3166 3698 3240 aliquid
3723 3147 4007 3224 mercedis
4042 3168 4309 3241 accipiat.

2918 3258 3008 3312 23.
3028 3259 3344 3312 Curramus
3383 3258 3455 3312 ad
3513 3256 3760 3329 reliqua.
3824 3257 4136 3314 Divisiones
4190 3257 4485 3327 gratiarum

2847 3350 2993 3413 sunt,
3020 3345 3160 3400 idem
3188 3349 3371 3401 autem
3401 3346 3662 3417 Spiritus.
3697 3347 3762 3401 Et
3787 3346 4137 3403 diversiones
4163 3345 4484 3403 ministerio-

2848 3451 2975 3489 rum
2993 3442 3138 3500 sunt,
3166 3434 3307 3489 idem
3335 3439 3520 3490 autem
3544 3435 3830 3490 Dominus.
3864 3435 3930 3489 Et
3956 3434 4259 3492 divisiones
4309 3446 4482 3505 opera-

2850 3525 3063 3578 tionum
3112 3524 3220 3594 [AL
3278 3524 3633 3594 Operationis]
3684 3532 3830 3591 sunt,
3891 3523 4037 3578 idem
4093 3528 4280 3580 autem
4330 3522 4479 3585 Deus.

2848 3615 2945 3683 qui
2974 3618 3234 3685 cperatur
3262 3615 3448 3668 omnia
3490 3616 3545 3667 in
3603 3613 3876 3668 omnibus.
3941 3614 4254 3686 Unicuique
4309 3613 4480 3667 autem

2847 3702 2973 3758 data
3003 3711 3081 3759 est
3107 3702 3384 3775 adapertio
3412 3704 3433 3736 ⁴
3461 3701 3702 3775 Spiritus
3731 3703 3901 3773 juxta
3954 3702 4011 3756 id
4071 3703 4233 3774 quod
4288 3697 4490 3773 expedit

2847 3793 2897 3861 (I
2953 3796 3079 3849 Cor.
3138 3809 3236 3847 xu.
3298 3792 3327 3845 4
3385 3791 3575 3864 seqq.).
3632 3792 3699 3846 Et
3760 3791 4019 3846 iterum:
4083 3792 4249 3848 Sicut
4302 3802 4481 3861 corpus

2847 3898 3019 3937 unum
3065 3890 3161 3949 est,
3208 3886 3259 3937 et
3314 3881 3560 3936 membra
3634 3882 3797 3950 plura
3881 3880 4079 3936 habet:
4152 3883 4340 3938 omnia
4396 3894 4485 3934 au-

2847 3979 2953 4026 tem
2980 3970 3223 4025 membra
3246 3972 3490 4041 corporis
3520 3986 3642 4024 cum
3665 3971 3777 4024 sint
3822 3969 4019 4037 multa,
4078 3988 4261 4027 unum
4306 3981 4487 4039 corpus

2846 4069 2922 4115 est
2953 4077 2965 4127 ;
2999 4062 3079 4114 sic
3105 4067 3159 4114 et
3190 4059 3439 4114 Christus
3466 4058 3627 4128 (Ibid.
3683 4059 3791 4129 12).
3826 4061 4041 4113 Verum
4075 4076 4154 4117 ne
4213 4059 4374 4115 dicas
4426 4054 4482 4110 in

2850 4165 2963 4203 uno
2995 4164 3233 4219 corpore
3263 4146 3493 4202 diversa
3521 4147 3787 4203 membra
3814 4164 3996 4202 unum
4051 4148 4275 4205 habere
4321 4144 4485 4203 meri-

2848 4245 2991 4305 Ium,
3041 4235 3239 4290 statim
3296 4236 3517 4306 gradus
3574 4236 3852 4291 describit
3901 4235 4194 4306 Ecclesiae,
4257 4241 4317 4293 et
4368 4234 4485 4290 ait:

2848 4324 3121 4393 Quosdam
3162 4323 3380 4394 quidem
3430 4326 3614 4395 posuit
3648 4325 3779 4380 Deus
3810 4328 3870 4380 in
3926 4326 4199 4393 Ecclesia,
4256 4327 4491 4399 primum

2844 4414 3128 4485 apostolos,
3159 4413 3391 4467 secundo
3419 4412 3725 4484 prophetas,
3780 4415 3941 4470 tertio
4000 4415 4273 4481 doctores,
4305 4409 4491 4470 deinde

1094 4518 1162 4572 10
1179 4517 1370 4587 seqq.)
1405 4515 1466 4570 Si
1498 4514 1549 4569 is
1584 4514 1755 4583 cujus
1786 4527 1933 4582 opus
1955 4507 2119 4575 arsit,
2153 4510 2209 4562 et
2240 4503 2427 4577 periit,
2460 4509 2518 4559 et
2565 4505 2731 4559 dam-
2770 4517 2813 4581 ι)
2844 4505 3070 4558 virtutes
3096 4503 3135 4569 ⁵,
3164 4509 3213 4557 et
3236 4504 3449 4571 gratias
3476 4504 3847 4568 curationum,
3909 4503 4331 4574 opitulationes,
4388 4516 4490 4572 gu-

1095 4620 1239 4661 num
1271 4602 1558 4659 sustinuit
1590 4600 1810 4656 laboris
1841 4596 1954 4663 sui,
1986 4597 2188 4669 perdet
2218 4593 2450 4666 quidem
2516 4592 2735 4649 laboris

1099 4695 1201 4761 [AL
1236 4690 1453 4766 operis]
1503 4688 1836 4762 prasmium,
1868 4686 1970 4743 sed
2029 4684 2155 4757 ipse
2216 4682 2557 4752 salvabitur,
2617 4700 2733 4739 non

1092 4789 1288 4841 tamen
1321 4781 1544 4854 absque
1576 4777 1914 4852 probatione
1941 4775 2095 4848 ignis
2129 4791 2141 4829 :
2175 4790 2310 4847 ergo
2331 4773 2379 4829 is
2401 4776 2569 4844 cujus
2587 4790 2734 4845 opus

1093 4873 1398 4938 manserit,
1431 4869 1587 4942 quod
1620 4865 2125 4940 superaedificavit,
2172 4864 2299 4920 sine
2328 4862 2483 4935 ignis
2525 4864 2731 4935 proba-

1089 4961 1248 5017 tione
1264 4961 1604 5027 salvabitur,
1620 4962 1677 5015 et
1698 4958 1852 5013 inter
1873 4954 2255 5011 salvationem
2279 4957 2336 5008 et
2355 4952 2732 5008 salvationem

1093 5050 1297 5121 utique
1326 5050 1436 5106 erit
1471 5048 1783 5105 diversitas
1814 5044 2032 5119 aliqua.
2062 5043 2295 5098 Necnon
2325 5041 2383 5096 in
2408 5040 2520 5095 alio
2556 5039 2681 5095 loco
2716 5057 2728 5094 :

1163 5243 1179 5277 ¹
1210 5246 1333 5315 Duo
1366 5259 1535 5311 mss.,
1567 5244 1869 5300 secundum
1899 5242 2039 5315 quod
2069 5246 2209 5315 Deus
2237 5240 2443 5315 divisit.

1162 5315 1183 5347 ²
1215 5313 1395 5370 Iidem
1428 5331 1596 5381 mss.,
1629 5316 1728 5370 Dei
1749 5311 2113 5387 agricultura,
2155 5313 2254 5387 Dei
2306 5311 2599 5382 wdiﬁcatio
2657 5327 2731 5366 es-

1091 5386 1199 5447 tis;
1231 5389 1289 5457 et
1318 5400 1479 5457 mox,
1504 5387 1645 5440 mihi
1673 5384 1832 5455 quasi
1858 5388 2074 5457 sapiens
2094 5384 2442 5457 architectus.

1160 5457 1183 5490 ³
1213 5456 1415 5523 Iidem,
1448 5456 1565 5512 dies
1596 5453 1736 5511 illud
1783 5453 2186 5527 manifestabit,
2238 5455 2459 5527 absque
2488 5453 2727 5527 Domini,

1092 5529 1492 5613 quod_nomen
1516 5544 1721 5613 neque
1745 5527 1801 5581 in
1832 5527 2027 5613 graeco
2086 5524 2383 5607 habeturf
2404 5524 2641 5613 Deinde,
2670 5534 2733 5582 ut

1086 5597 1435 5685 singulorum
1487 5597 1641 5678 opus,
1674 5602 1783 5657 etc.
1832 5597 2114 5673 Denique,
2147 5597 2304 5671 cujus
2355 5602 2539 5656 autem
2594 5614 2729 5671 opus

2844 4592 3208 4653 bernationes,
3283 4607 3480 4662 genera
3543 4591 3884 4659 linguarum.
3958 4593 4225 4664 Nunquid
4308 4603 4492 4648 omnes

2843 4680 3071 4752 apostoli
3097 4684 3122 4734 γ
3151 4680 3403 4751 nunquid
3423 4695 3605 4735 omnes
3635 4680 3913 4752 prophetec
3942 4680 3970 4734 ‘l
3997 4681 4255 4754 nunquid
4311 4691 4492 4737 omnes

2841 4770 3081 4826 doctores
3120 4769 3371 4842 nunquid
3416 4784 3601 4825 omnes
3658 4770 3885 4825 virtutes
3913 4773 3939 4822 .9
3992 4770 4254 4840 nunquid
4309 4779 4491 4825 omnes

2839 4859 3087 4930 gratiam
3118 4857 3319 4913 habent
3348 4859 3698 4913 curationum
3726 4861 3751 4910 .9
3770 4857 4023 4929 nunquid
4047 4873 4232 4914 omnes
4286 4856 4488 4929 linguis

2843 4949 3141 5020 loquuntur
3160 4946 3188 5001 ?
3218 4947 3469 5020 nunquid
3497 4961 3678 5002 omnes
3725 4948 4193 5018 interpretantur?
4250 4945 4496 5002 xEmula-

2840 5040 2983 5094 mini
3010 5047 3193 5094 autem
3231 5038 3377 5093 dona
3429 5035 3664 5106 majora,
3696 5045 3746 5091 et
3801 5035 3980 5092 adhuc
4035 5035 4489 5093 excellentiorem

2840 5239 3144 5364 ariezlititea
3163 5308 3285 5361 erat
3315 5306 3583 5376 operatio.
3606 5302 3824 5360 Contra
3853 5321 3999 5361 mss.
4035 5318 4262 5369 omnes,
4300 5305 4366 5358 ut
4408 5313 4493 5355 re-

2839 5382 3167 5453 posuimus,
3199 5379 3479 5453 adapertio
3512 5394 3525 5443 ;
3561 5376 3757 5453 Graeco
3789 5376 3965 5433 etiam
4018 5378 4241 5433 favente
4296 5376 4492 5453 textu,

2881 5448 3160 5525 ανέρῳσις.
3194 5449 3486 5525 Mox_sicut
3514 5450 3663 5502 enim
3692 5464 3888 5520 corpus
3918 5465 4093 5503 unum
4120 5456 4218 5517 est,
4248 5452 4304 5501 et
4328 5457 4498 5500 mem-

2881 5471 3160 5525 ανερωσις.
3194 5471 3321 5502 ΠΙυΧ
3347 5471 3417 5502 διε

2839 5471 2941 5581 ἵνα
2972 5522 3212 5581 plurima
3243 5519 3417 5574 habet.

2907 5540 2941 5577 a
3009 5538 3212 5575 turtma
3243 5538 3417 5574 navet.

2907 5595 2927 5629 ⁸
2959 5538 3125 5649 [ςδιεο
3157 5594 3327 5648 antea
3382 5595 3525 5659 erat,
3548 5588 3779 5662 denique
3808 5608 3911 5665 pro
3940 5590 4157 5651 deinde.
