5364 6558
469 212 581 276 333

1550 210 1969 275 ADVERSUS
2011 207 2490 271 JOVINIANUM
2532 207 2683 297 .LIB.
2730 209 2808 271 Il.

3767 207 3893 297 3.“

470 349 617 402 viam
673 346 835 403 vobis
887 347 1198 404 demonstro
1245 346 1390 418 (Ibid
1459 348 1552 401 28.
1616 348 1804 419 seqq.).
1864 345 2128 415 Cumque
2160 354 2214 418 Α
2246 341 2327 395 Ne
2358 340 2588 396 stellam
2621 346 2678 395 et
2707 341 2936 397 stellam
2967 345 3153 397 totum
3186 343 3455 403 humanae
3487 344 3887 405 multitudinis

469 437 539 491 de
568 435 891 491 cbaritatis
918 437 1237 492 virtutibus
1265 435 1440 491 latius
1473 436 1854 509 disputasset,
1877 432 2089 502 adjecit
2112 448 2123 487 :

468 526 593 581 Sive
617 525 942 596 prephetia’
965 525 1373 581 evaeuabuntur
1419 527 1535 579 sive
1580 527 1785 594 linguae
1830 522 2131 587 cessabunt,

465 617 581 669 sive
609 616 853 670 scientia
881 613 1216 669 destruetur.
1250 615 1332 668 Ex
1369 620 1529 682 parte
1573 616 1721 670 enim
1764 613 2135 683 cognoscimus

464 707 519 759 et
549 720 624 758 ex
652 711 809 775 parte
830 703 1239 774 praphetamus.
1304 703 1437 757 Cum
1491 711 1673 759 autem
1729 702 1938 757 venerit
1995 697 2135 769 quod

467 794 786 864 perfectum
801 799 899 859 est,
935 791 1291 848 evacuabilur
1320 791 1460 863 quod
1487 808 1558 848 ex
1608 799 1763 863 parte
1816 798 1892 845 est
1937 790 1983 859 (I
2012 788 2131 843 Cor.

469 899 603 947 x111,
635 883 691 947 8,
724 882 777 947 9,
813 882 922 951 10),
956 885 1024 935 Et
1054 880 1114 936 in
1166 881 1665 952 consequentibus
1715 881 1729 912 ¹
1768 895 1780 932 :
1822 879 1977 933 Nunc
2027 893 2133 930 au-

466 975 581 1025 tem
612 975 843 1025 manent
873 970 1030 1040 ﬁdes,
1062 985 1181 1040 spes
1233 975 1285 1024 et
1337 970 1578 1025 Charitas
1634 970 1743 1024 tria
1789 969 1930 1024 haec.
1963 966 2135 1036 Major

464 1068 649 1115 autem
669 1059 877 1116 horum
904 1067 983 1114 est
1000 1057 1245 1114 charitas
1294 1058 1449 1129 (Ibid.
1507 1058 1616 1129 I3).
1668 1058 1970 1113 Sectamini
2004 1056 2131 1110 cha-

467 1151 724 1216 ritatem,
755 1148 1116 1205 temulamini
1142 1147 1480 1219 spiritantia,
1505 1149 1683 1215 magis
1714 1154 1895 1201 autem
1928 1149 1984 1199 ut
2012 1160 2135 1215 pro-

465 1239 715 1311 phetctis
751 1236 799 1308 (I
858 1236 982 1303 Cor,
1034 1253 1150 1304 xw,
1211 1237 1284 1307 Ι).
1348 1237 1417 1290 Et
1468 1235 1731 1291 iterum:
1769 1236 1891 1290 Volo
1949 1238 2133 1289 autem

473 1343 671 1383 omnes
701 1341 787 1380 vos
817 1326 973 1397 loqui
1022 1326 1250 1396 linguis,
1311 1326 1495 1395 magis
1553 1330 1735 1380 autem
1784 1323 2130 1396 prOphetare,

468 1417 614 1472 Nam
644 1415 824 1484 major
865 1419 943 1469 est
998 1415 1097 1485 qui
1147 1414 1454 1485 prophetat,
1516 1430 1681 1485 quam
1738 1414 1834 1484 qui
1888 1414 2134 1483 loquitur

469 1506 687 1574 linguis
735 1503 900 1575 (Ibid.
952 1504 1030 1572 5).
1082 1503 1152 1556 Et
1206 1519 1444 1558 rursum
1483 1521 1496 1558 :
1533 1503 1687 1558 362
1757 1500 1976 1556 Gratias
2032 1515 2132 1571 ago

470 1594 597 1661 Dea,
628 1591 779 1664 quod
822 1592 1075 1647 omnium
1122 1595 1363 1647 vestrum
1417 1593 1596 1661 magis
1626 1593 1646 1625 ²
1678 1592 1883 1659 linguis
1945 1590 2134 1661 loquor

466 1680 628 1750 (Ibid.
663 1682 779 1748 48).
810 1679 918 1735 Ubi
949 1679 1181 1735 diversa
1210 1684 1353 1735 sunt
1382 1680 1557 1744 dona,
1613 1683 1671 1735 et
1716 1678 1869 1734 alius
1920 1680 2128 1748 major,

466 1771 621 1826 alius
648 1769 852 1825 minor
874 1772 986 1834 est,
1018 1771 1075 1823 et
1104 1784 1310 1823 omnes
1355 1767 1693 1839 spirituales
1740 1765 2130 1839 appellantur,

467 1864 629 1915 certe
657 1874 798 1913 oves
828 1860 989 1924 sunt,
1020 1862 1079 1912 et
1102 1860 1259 1911 stant
1309 1872 1343 1909 a
1384 1856 1623 1921 dextris,
1674 1860 1730 1911 et
1774 1856 1924 1910 inter
1965 1870 2128 1910 ovem

473 1953 540 2003 et
572 1963 747 2003 ovem
775 1950 862 2001 est
890 1944 1090 2017 aliqua
1122 1944 1449 2001 diversitas.
1488 1944 1767 2017 Loquitur
1801 1945 2037 2016 quidem
2060 1945 2131 1998 de

480 2034 827 2090 humilitate
850 2032 1064 2089 Paulus
1104 2032 1407 2104 apostolus
1442 2051 1455 2088 :
1485 2034 1591 2104 Ego
1638 2050 1758 2089 sum
1804 2034 2132 2089 novissimus

479 2125 851 2196 apostolorum
894 2124 992 2194 qui
1032 2139 1144 2177 non
1200 2138 1321 2176 sum
1377 2122 1577 2191 dignus
1624 2125 1811 2178 vocari
1859 2123 2130 2194 apostolus

470 2215 616 2286 quia
655 2221 968 2284 persecutus
1025 2228 1148 2266 sum
1190 2212 1488 2266 Ecclesium
1533 2214 1651 2267 Dei.
1704 2213 1895 2267 Gratia
1949 2220 2131 2266 autem

459 2303 574 2357 Dei
598 2318 727 2355 sum
756 2300 815 2355 id
832 2300 974 2371 quod
999 2317 1145 2366 sum,
1176 2303 1228 2355 et
1255 2300 1441 2371 gratia
1469 2300 1584 2371 sjus
1615 2301 1676 2354 in
1704 2318 1790 2355 me
1814 2317 1989 2356 vacua
2018 2317 2131 2355 non

455 2393 603 2462 fuit,
652 2389 746 2446 sed
800 2390 1042 2461 amplius
1087 2389 1343 2445 omnibus
1371 2390 1486 2444 illis
1543 2390 1806 2445 laboravi.
1860 2391 1977 2445 Non
2033 2406 2129 2458 ego

457 2489 661 2535 autem
683 2497 703 2532 :
734 2478 825 2533 sed
853 2479 1039 2549 gratia
1076 2479 1174 2533 Dei
1195 2493 1322 2548 qua?
1368 2481 1428 2533 in
1458 2494 1544 2533 me
1574 2482 1649 2534 est
1696 2480 1718 2513 ³
1768 2481 1812 2547 (1
1866 2479 1984 2534 Cor.
2034 2497 2127 2546 xv,

453 2570 520 2639 9,
558 2568 674 2637 10).
708 2565 1128 2622 Verumtamen
1162 2566 1221 2621 in
1253 2582 1320 2622 eo
1343 2567 1497 2638 quod
1530 2584 1591 2622 se
1613 2566 1908 2634 bumiliat,
1943 2572 2129 2622 osten-

459 2658 559 2713 dit
587 2672 765 2729 posse
795 2656 1095 2727 apostolos
1123 2654 1270 2711 alios
1303 2656 1578 2724 minores,
1616 2656 1761 2712 alios
1781 2647 1920 2711 esse
1952 2657 2131 2726 majo-

461 2763 589 2811 res,
620 2749 679 2801 et
708 2744 811 2817 qui
843 2744 1048 2816 utique
1076 2760 1181 2799 vas
1211 2742 1511 2800 electionis
1545 2744 1780 2809 dicitur,
1814 2750 1872 2800 et
1901 2745 2128 2801 cunctis

465 2833 736 2907 amplius
764 2832 1075 2900 laboravit,
1110 2849 1224 2888 non
1257 2836 1346 2889 est
1374 2833 1636 2905 injustus
1665 2834 1842 2900 Deus,
1884 2839 1948 2888 ut
1976 2832 2128 2889 obli-

465 2925 740 2980 viscatur
768 2921 966 2993 operis
1012 2922 1161 2991 ejus,
1223 2925 1280 2975 et
1337 2922 1540 2992 dispar
1594 2921 1866 2978 meritum
1917 2923 2125 2994 aequali

467 3012 749 3069 mercede
769 3014 1131 3081 compenset.
1151 3008 1364 3065 Dehinc
1397 3010 1838 3083 legimus:Sieut
1868 3014 1928 3066 in
1956 3011 2129 3067 Adam

2243 446 2534 485 assereres
2565 446 2771 502 genus,
2805 430 2985 486 solem
3021 431 3215 503 posuit
3243 437 3299 488 et
3326 432 3701 507 lunam,quos
3732 442 3889 495 certe

2244 519 2397 573 inter
2429 518 2621 574 hircos
2654 537 2766 575 non
2799 521 3017 592 poteris
3037 522 3145 589 (At.
3172 523 3383 593 potest)
3414 540 3740 582 numerare.
3772 527 3883 599 Sic,

2246 606 2460 678 inquit,
2497 624 2526 661 e
2547 611 2621 662 rit
2654 612 2703 663 et
2730 612 3064 664 resurrectio
3088 616 3521 677 mortuorum,ut
3541 613 3690 683 justi
3721 614 3887 672 clari-

2246 701 2361 750 tate
2397 695 2539 750 solis
2572 696 2803 752 luceant
2832 700 2951 769 (.41.
2986 698 3286 772 fulgeant),
3321 705 3380 755 et
3403 700 3503 772 qui
3534 702 3589 756 in
3619 705 3887 774 sequenti

2244 784 2427 855 gradu
2466 790 2623 853 sunt,
2658 786 2809 840 luna
2840 787 3149 858 splendore
3175 789 3507 856 rutilent,ut
3538 789 3688 845 alius
3721 792 3888 848 Luci-

2244 874 2329 927 fer
2359 873 2456 942 sit,
2491 873 2641 929 alius
2673 878 2979 941 Arcturus,
3031 876 3182 931 alius
3238 878 3433 945 Orion,
3489 877 3641 935 alius
3694 880 3890 936 Mazu-

2243 960 2371 1016 roth
2403 963 2443 1030 5,
2477 968 2533 1017 et
2563 968 2770 1019 caetera
2800 964 3103 1020 stellarum
3135 967 3416 1023 vocabula
3464 984 3593 1040 quis
3649 973 3890 1026 sacrata

2244 1051 2304 1105 in
2336 1051 2447 1106 Job
2479 1052 2773 1108 volumine
2802 1055 2954 1110 363
3014 1056 3408 1111 continentur.
3469 1058 3664 1113 Omnes
3719 1060 3890 1125 enim,

2245 1139 2347 1207 ait,
2382 1143 2730 1204 manifestari
2757 1159 2855 1198 nos
2913 1146 3119 1213 oportet
3175 1153 3304 1200 ante
3357 1146 3604 1201 tribunal
3662 1146 3888 1217 Christi,

2246 1238 2307 1284 ut
2336 1231 2564 1301 recipiat
2588 1233 2961 1302 unusquisque
2991 1248 3111 1303 quae
3146 1235 3308 1303 gessit
3352 1250 3456 1305 per
3506 1251 3720 1307 corpus,
3776 1239 3892 1293 sive

2244 1319 2465 1389 bonum,
2497 1321 2611 1374 sive
2648 1321 2860 1374 malum
2892 1322 2962 1387 (II
2989 1320 3107 1376 Cor.
3140 1339 3195 1392 ν,
3230 1323 3339 1393 10).
3380 1324 3459 1378 Ac
3519 1341 3589 1379 ne
3644 1324 3888 1382 forsitan

2243 1407 2567 1472 dicas,ante
2600 1408 2859 1464 tribunal
2886 1408 3100 1464 Christi
3131 1427 3234 1464 nos
3264 1411 3721 1479 manifestari,ut
3750 1415 3889 1470 boni

2241 1495 2395 1550 bona
2416 1495 2554 1550 mali
2580 1497 2862 1568 recipiant
2891 1498 3065 1564 mala,
3089 1498 3148 1553 in
3172 1500 3375 1555 eadem
3400 1500 3660 1572 Epistola
3680 1502 3885 1560 docet:

2243 1585 2351 1653 Qui
2375 1602 2543 1656 parce
2588 1587 2841 1649 seminat,
2897 1603 3061 1657 parce
3118 1595 3168 1643 et
3222 1593 3405 1656 n:etet,
3463 1598 3518 1644 et
3573 1593 3672 1661 qui
3724 1594 3891 1648 semi-

2241 1682 2340 1728 nat
2373 1676 2431 1728 in
2484 1675 2972 1742 benedictionibus,
3029 1676 3093 1731 de
3134 1676 3595 1734 benedictionibus
3640 1683 3690 1735 et
3731 1685 3893 1737 metet

2242 1763 2315 1834 (II
2340 1750 2553 1830 ‘Cor.1x,
2585 1764 2663 1833 6).
2722 1763 2886 1820 Certe
2943 1769 2999 1820 et
3057 1765 3154 1836 qui
3209 1765 3365 1838 plus,
3425 1771 3483 1822 et
3540 1768 3640 1840 qui
3690 1770 3891 1827 minus

2242 1851 2498 1906 seminat
2557 1853 2626 1907 de
2682 1858 2848 1922 parte
2906 1857 3046 1908 sunt
3095 1854 3319 1911 dextra.
3387 1857 3456 1911 Et
3511 1873 3644 1913 cum
3702 1875 3888 1916 unum

2242 1942 2529 1996 sementis
2562 1957 2748 2011 genus
2779 1942 2876 2009 sit,
2937 1947 3132 1998 tamen
3197 1960 3474 2000 mensura
3530 1950 3587 2001 et
3643 1964 3888 2004 numero

2242 2029 2541 2085 differunt.
2582 2030 2800 2085 Scribit
2847 2032 2917 2085 ad
2979 2031 3259 2102 Ephesios
3312 2032 3466 2089 idem
3526 2035 3790 2093 Paulus:
3827 2038 3892 2094 Ut

2238 2127 2367 2174 nota
2419 2119 2571 2189 ﬁeret
2623 2136 2772 2173 nunc
2822 2121 3225 2190 principalibus
3298 2126 3350 2177 et
3423 2125 3780 2193 potestatibus
3829 2128 3891 2183 in

2237 2209 2385 2262 cazlis
2411 2225 2516 2278 per
2541 2209 2831 2263 Ecclesium
2860 2207 3159 2279 multiplex
3185 2213 3235 2264 et
3268 2212 3421 2264 varia
3465 2214 3735 2282 sapientia
3789 2215 3890 2270 Dei

2239 2295 2453 2367 (Ephes.
2490 2313 2575 2364 111,
2615 2297 2724 2367 10).
2757 2295 2954 2351 Cernis
2986 2297 3140 2368 quod
3172 2296 3228 2351 in
3263 2297 3506 2353 diversis
3550 2299 3889 2371 agminibus

2238 2383 2507 2439 Ecclesiae
2540 2383 2697 2438 varia
2728 2390 2786 2438 et
2815 2383 3119 2455 multiplex
3176 2385 3463 2456 sapientia
3516 2387 3615 2442 Dei
3677 2389 3886 2453 praedi-

2238 2477 2404 2528 cetur
2434 2473 2460 2528 ‘l
2488 2473 2723 2528 Necnon
2753 2473 2813 2527 in
2844 2473 3048 2527 eadem
3101 2472 3360 2545 Epistola
3392 2491 3404 2529 :
3442 2477 3743 2549 Unicuique
3779 2495 3881 2534 au-

2238 2572 2346 2618 tem
2375 2565 2623 2617 nostrum
2653 2561 2779 2616 data
2808 2564 2885 2616 est
2938 2564 3137 2633 gratia
3173 2563 3340 2634 juxta
3390 2581 3708 2621 mensuram
3752 2584 3895 2639 gra--

2236 2654 2331 2707 tiae
2355 2651 2560 2706 Christi
2589 2652 2802 2723 (Ephes.
2837 2668 2912 2714 1v,
2944 2653 2997 2718 7)
3034 2670 3046 2707 :
3080 2668 3196 2707 non
3227 2654 3381 2724 quod
3414 2671 3689 2710 mensura
3717 2657 3882 2713 Chri-

2240 2742 2314 2796 sti
2347 2742 2576 2796 diversa
2607 2740 2703 2806 sit,
2739 2740 2841 2796 sed
2867 2745 3098 2795 tantum
3130 2742 3327 2812 gratiae
3370 2745 3499 2814 ejus
3547 2744 3883 2803 infunditur
3952 2750 3961 2757 ’

2240 2834 2527 2902 quantum
2562 2827 2827 2884 valemus
2853 2828 3087 2884 haurire
3117 2831 3163 2886 ⁸.

2308 2922 2397 2973 25.
2434 2919 2670 2973 Frustra
2698 2917 2881 2989 igitur
2936 2934 3069 2973 oves
3125 2922 3181 2973 et
3234 2919 3449 2985 hircos,
3500 2921 3763 2993 quinque
3822 2928 3884 2981 et

2240 3008 2499 3080 quinque
2531 3007 2806 3079 virgines,
2840 3007 3137 3078 .tligyptios
3166 3012 3223 3063 et
3255 3008 3567 3076 Israelitas,
3599 3016 3657 3066 et
3676 3017 3884 3070 caetera

463 3117 660 3157 omnes
688 3101 1030 3163 moriuntur,
1063 3099 1216 3155 itaet
1258 3102 1319 3154 in
1373 3100 1587 3157 Christo
1642 3116 1827 3157 omnes
1883 3101 2125 3171 viviﬁea-
2159 3086 2199 3151 C
2239 3096 2647 3168 hujuscemodi
2678 3094 2947 3167 replicas,
2993 3095 3132 3168 quia
3179 3114 3293 3152 non
3350 3102 3439 3152 est
3493 3098 3552 3153 in
3608 3101 3883 3171 przesenti

466 3192 685 3247 buntur
711 3190 1133 3260 mnusquisqu'e
1162 3192 1343 3244 autem
1378 3191 1437 3244 in
1465 3206 1564 3246 suo
1593 3190 1786 3245 ordine
1815 3190 1973 3262 (Ibid.
2013 3190 2126 3261 22).

466 3278 721 3345 Quando
752 3278 864 3348 (At.
897 3277 1207 3348 Quoniam)
1240 3278 1649 3351 unusquisque
1680 3279 1738 3333 in
1787 3296 1893 3334 suo
1928 3296 2128 3335 resur—

474 3371 581 3441 get
610 3367 838 3433 ordine,
871 3366 1076 3437 utique
1104 3365 1337 3421 diversa
1387 3371 1530 3421 sunt
1574 3367 1781 3422 merita
1820 3383 2127 3439 resurgen-

475 3456 643 3511 tium
671 3457 716 3520 ‘,
742 3456 855 3509 Non
878 3456 1055 3510 omnis
1081 3470 1229 3523 caro,
1273 3454 1463 3510 eadem
1516 3472 1642 3510 caro
1670 3473 1691 3517 ;
1722 3455 1814 3512 sed
1870 3456 1986 3511 alia
2042 3456 2134 3512 ho-

480 3545 739 3609 minam,
763 3543 876 3597 alia
914 3559 1185 3614 pecorum,
1245 3544 1362 3599 alia
1422 3545 1722 3611 volucrum,
1771 3546 1889 3600 alia
1949 3549 2132 3601 autem

481 3632 757 3704 piscium.
790 3630 852 3685 Et
879 3646 1095 3704 corpora
1132 3632 1398 3700 caelestia,
1445 3642 1495 3688 et
1532 3649 1757 3705 corpora
1805 3636 2079 3689 terrestria
2116 3653 2130 3701 ;

477 3719 585 3776 sed
609 3719 727 3774 alii:
757 3719 974 3791 quidem
1003 3722 1303 3776 caelestium
1329 3722 1533 3792 gloria,
1575 3723 1691 3778 alia
1736 3732 1917 3779 autem
1966 3732 2132 3779 terre-

470 3812 708 3865 striam.
735 3809 861 3864 Alia
888 3809 1121 3865 claritas
1159 3811 1315 3877 solis,
1345 3811 1459 3866 alia
1515 3811 1738 3867 claritas
1798 3813 1962 3882 tunae,
2021 3815 2136 3869 alia

472 3898 711 3954 claritas
758 3898 1066 3953 stellarum.
1127 3899 1300 3955 Stella
1350 3902 1501 3955 enim
1549 3918 1583 3954 a
1637 3902 1796 3957 stella
1843 3902 2027 3974 (liﬂerl
2074 3904 2136 3956 in

478 3988 759 4043 claritate.
800 3987 892 4043 Sic
918 3990 1025 4042 erit
1071 3996 1123 4043 et
1161 3991 1483 4045 resurrectio
1563 3994 1905 4046 mortuorum
1969 3990 2132 4062 (Ibid.

478 4076 775 4149 39seqq.).
812 4077 978 4141 Quod
1011 4081 1073 4131 tu
1106 4077 1328 4133 scilicet
1356 4079 1565 4133 doctus
1592 4078 1879 4151 interpres
1927 4079 2009 4134 sic
2040 4096 2135 4134 cx-

470 4165 756 4238 posuisti,
788 4171 853 4220 ut
874 4165 1103 4221 diceres
1128 4165 1465 4238 spirituales
1488 4167 1719 4223 differre
1738 4187 1772 4223 a
1803 4167 2137 4224 carnalibus

469 4254 632 4325 Ergo
661 4258 715 4308 et
742 4253 1089 4327 spirituales
1120 4270 1177 4310 et
1205 4255 1470 4312 carnales
1514 4256 1573 4311 in
1634 4256 1971 4313 coelestibus
2028 4257 2134 4328 (At.

477 4339 656 4396 catis
683 4346 878 4407 erunt,
913 4342 1117 4411 etiam
1152 4361 1265 4399 non
1327 4344 1516 4399 solum
1575 4362 1728 4414 oves,
1798 4347 1898 4401 sed
1960 4347 2135 4403 etiam

2239 3185 2569 3252 retributio,
2601 3185 2700 3240 sed
2734 3184 2793 3239 in
2830 3185 3040 3239 luturo.
3077 3184 3241 3240 Unde
3298 3191 3355 3241 et
3410 3186 3537 3243 dies
3582 3189 3791 3260 judicii
3821 3190 3884 3247 in

2239 3274 2750 3333 consummatione
2783 3274 3311 3346 promittitur,quia
3341 3293 3497 3332 nunc
3529 3294 3641 3334 non
3673 3284 3764 3335 est
3783 3280 3883 3351 ju-

2239 3363 2479 3419 dicium.
2512 3362 2643 3419 Sine
2674 3380 2850 3418 causa
2882 3363 3035 3418 enim
3069 3364 3395 3435 appellatur
3444 3366 3570 3443 dies
3627 3356 3885 3424 extrema

2234 3451 2466 3523 judicii,
2509 3452 2556 3507 si
2592 3452 2764 3507 modo
2795 3451 3019 3521 iudicat
3048 3452 3762 3524 Deus.Impraesentiarum
3787 3473 3887 3512 na-

2240 3540 2531 3612 vigamus,
2567 3539 2882 3608 luctamur,
2915 3544 3092 3612 atque
3145 3558 3499 3613 pugnamus,
3551 3547 3615 3597 ut
3660 3542 3719 3597 in
3768 3544 3885 3600 line

2242 3629 2653 3702 perveniamus
2685 3630 2755 3684 ad
2790 3629 3884 3702 portum,coronemur,triumphemus.

2243 3719 2329 3774 Tu
2359 3722 2553 3773 autem
2583 3734 2849 3789 perverse
2875 3720 2931 3772 et
2960 3716 3182 3771 lubrice
3212 3718 3512 3789 praesentis
3543 3718 3889 3777 saeculicon-

2242 3806 2631 3862 versationem
2663 3806 2720 3859 in
2756 3807 3089 3861 futurorum
3120 3806 3385 3879 exempla
3418 3808 3719 3881 proponis,
3752 3825 3887 3866 cum

2246 3897 2448 3969 utique
2480 3896 2572 3951 hic
2604 3895 2892 3966 injustitia
2922 3896 3103 3964 slt,ibi
3132 3896 3572 3968 justitiazdonec
3601 3899 3890 3958 intremus

2244 3986 2301 4041 in
2320 3984 2720 4041 sanctuarium
2741 3985 2926 4050 Dei,et
2944 3985 3343 4059 intelligamus
3360 3988 3419 4043 in
3444 3990 3779 4047 novissimis
3800 4007 3892 4048 eo-

2245 4075 2537 4131 rum.Non
2572 4073 2740 4129 aliter
2771 4079 3030 4141 sanctus,
3066 4074 3234 4130 aliter
3262 4082 3532 4148 peccator
3552 4079 3890 4135 moritur.In

2246 4166 2448 4221 eodem
2483 4162 2631 4219 mari
2680 4162 3094 4235 navigantibus
3140 4164 3344 4219 eadem
3390 4165 3787 4237 tranquillitas
3833 4170 3894 4223 et

2249 4258 2568 4325 tempestas
2599 4257 2707 4307 est.
2742 4252 2864 4307 Non
2900 4251 3067 4307 aliter
3097 4252 3261 4320 latro,
3304 4252 3472 4308 aliter
3526 4259 3746 4326 martyr
3795 4270 3891 4310 oc-

2247 4343 2481 4397 ciditur.
2512 4343 2629 4397 Nec
2663 4341 2776 4397 alio
2807 4342 2982 4398 modo
3013 4343 3083 4398 de
3115 4341 3399 4398 adulterio
3438 4347 3496 4397 et
3525 4342 3891 4415 prostibulis,

467 4428 623 4485 hirci
650 4431 732 4484 tui
764 4431 1166 4487 conscendent
1208 4449 1387 4505 regna
1435 4432 1736 4501 ccelorum,
1795 4434 1986 4490 Stella.
2049 4435 2137 4490 in.
2173 4455 2216 4519 Β
2248 4430 2361 4487 alio
2396 4431 2466 4486 de
2498 4431 2643 4487 casti
2677 4430 3072 4487 matrimoniis
3119 4436 3446 4487 nascuntur
3490 4430 3680 4488 liberi.
3731 4436 3894 4490 Certe

469 4519 621 4591 quit,
654 4537 689 4573 a
716 4520 883 4575 stella
912 4519 1096 4591 di/fert
1138 4523 1198 4575 in
1226 4522 1477 4578 claritate
1509 4540 1521 4578 :
1555 4540 1668 4577 non
1705 4540 1837 4579 oves
1883 4528 1940 4579 et
1964 4524 2130 4598 hirci,

476 4608 582 4665 sed
611 4624 771 4676 oves,
803 4614 862 4665 et
892 4624 1049 4675 oves,
1083 4610 1140 4666 id
1171 4615 1280 4677 est,
1315 4610 1483 4667 stella
1514 4616 1571 4667 et
1616 4612 1805 4668 stella.
1852 4613 2131 4686 Denique,

479 4697 637 4761 Alia,
670 4696 883 4769 inquit,
924 4699 1161 4755 claritas
1217 4700 1348 4755 solis
1401 4704 1450 4757 et
1505 4701 1625 4758 alia
1677 4702 1903 4759 claritas
1962 4704 2133 4762 tante.

553 4968 571 5001 ³
609 4962 749 5021 Erat
776 4970 972 5033 antea,
1003 4970 1055 5039 et
1100 4969 1161 5039 in
1216 4968 1663 5031 continentibus;
1701 4969 1910 5027 deinde
1966 4988 2137 5039 mss.,

682 5042 867 5143 qutiens
890 5041 966 5094 est
982 5038 1086 5143 [iis
1112 5038 1379 5143 charillas.
1749 5113 1758 5124 .

602 5107 1100 5185 Voculam_inagis
1131 5111 1478 5185 supplemps
1510 5113 1877 5185 mss.quibus
1903 5112 2137 5170 Graecus

476 5196 722 5305 quoque
748 5179 1268 5250 coneinittextué,’
1290 5179 1527 5255 μᾶλλον,
1557 5179 1752 5257 magis.

547 5252 569 5285 ³
603 5288 617 5304 .
645 5250 710 5307 ed
740 5254 923 5311 gratia
960 5252 1058 5307 Dei
1084 5268 1211 5311 qua?
1253 5256 1309 5309 in
1342 5272 1430 5309 me
1461 5263 1556 5310 est.
1615 5257 1675 5311 In
1738 5273 1880 5311 mss.
1943 5257 2066 5311 codi

547 5269 569 5285 ον
603 5269 709 5307 aea
738 5269 923 5320 grana
960 5269 1055 5307 vei
1084 5269 1211 5324 qua?
1253 5271 1309 5309 in
1342 5272 1430 5309 me
1461 5269 1556 5310 est.
1617 5269 1675 5311 In
1738 5273 1880 5311 mss.
1943 5269 2138 5313 codice

474 5323 1017 5395 Sangermanensis
1082 5330 1281 5379 nostro
1334 5332 1390 5380 et
1450 5327 1506 5381 in
1564 5327 1743 5382 altero
1799 5330 2135 5384 monasterii

474 5394 665 5450 sancti
698 5394 849 5448 Petri
901 5396 1283 5469 Qarnulensis
1345 5397 1614 5464 legimus,
1670 5399 1761 5454 sed
1814 5403 1995 5469 gratia
2044 5402 2139 5456 Dei

476 5482 711 5542 min.
742 5465 939 5542 Crateri
968 5466 1335 5542 antiquiores
1364 5469 1639 5542 retinent,
1670 5471 1761 5542 sed
1788 5465 1970 5542 gratia
2020 5473 2136 5540 Dei,

483 5554 604 5613 qua:
626 5539 689 5598 in
716 5554 803 5596 me
830 5541 932 5595 est.
968 5536 1256 5596 ΜΑιισιῖιΑκ.
1283 5571 1350 5580 -
1384 5540 1446 5598 1n
1488 5536 1822 5603 Corbeiensi
1882 5536 2138 5617 quodam

578 5970 617 5979 ,--

674 5990 681 5999 ς

2246 4519 2534 4575 Dominus
2565 4525 2620 4575 et
2652 4519 2905 4575 latrones
2937 4519 3143 4592 aequali
3167 4519 3392 4591 judicio
3423 4519 3680 4576 crucifixi
3729 4526 3889 4579 sunt.

2245 4608 2303 4663 Si
2339 4607 2495 4663 idem
2526 4614 2616 4663 est
2646 4609 2827 4679 hujus
2859 4609 3056 4664 saaculi
3090 4609 3392 4682 futurique
3414 4610 3735 4682 judicium,
3755 4625 3893 4682 ergo

2246 4696 2347 4771 qui
2381 4696 2476 4753 hic
2505 4697 2725 4769 pariter
2755 4699 3015 4754 cruciﬁxi
3045 4702 3205 4769 sunt,
3229 4702 3287 4755 et
3317 4699 3376 4754 in
3408 4700 3602 4755 futuro
3624 4697 3895 4755 similiter

2246 4965 2468 5040 codice,
2502 4964 3001 5040 quemadmodum
3030 4970 3090 5023 et
3146 4964 3203 5020 in
3264 4963 3394 5022 aliis
3419 4965 3652 5024 duobus
3714 4981 3894 5040 penes

2249 5038 2678 5102 Martianaeum,
2710 5038 2800 5092 sed
2823 5041 3008 5109 gratia
3034 5040 3131 5093 Dei
3158 5052 3391 5093 meeum.

2320 5112 2339 5143 ι
2373 5110 2494 5165 Vox
2523 5112 2925 5180 resurgentium
2976 5110 3035 5164 in
3072 5109 3389 5165 Veronensi
3423 5126 3489 5165 ac
3526 5109 3894 5170 Cisterciensi

2249 5198 2393 5238 mss.
2428 5198 2542 5236 non
2577 5182 2844 5236 habetur.

2319 5252 2616 5327 5_Nomina
2641 5254 2942 5327 stellarum
2978 5251 3035 5305 in
3067 5251 3199 5317 Job,
3234 5254 3645 5327 quasexplicat
3678 5256 3733 5309 in
3766 5256 3896 5327 epi-

2250 5324 2398 5380 stola
2424 5326 2513 5386 64,
2548 5324 2616 5378 ad
2646 5325 2946 5389 Fabiolam,
2981 5340 3145 5378 num.
3214 5327 3293 5380 19.
3355 5324 3498 5379 Vide
3526 5325 3632 5379 'ilui
3697 5324 3893 5383 notam

2250 5397 2540 5478 P332367:
2573 5466 2583 5478 .
2752 5469 2760 5478 .

2247 5468 2341 5597 d"
2375 5467 2539 5522 llaud
2573 5466 2716 5522 bene
2748 5469 2806 5524 in
2840 5467 2970 5526 aliis
3005 5482 3172 5535 mss.,
3206 5477 3469 5541 quantum
3510 5467 3757 5523 valemus
3784 5482 3891 5523 au-

2285 5553 2384 5595 ire.
3828 5572 3834 5579 η
3890 5570 3891 5575 π

2285 5553 2384 5595 17‘6-
3828 5572 3834 5579 ‘
3890 5566 3897 5575 '
