5364 6558
1098 258 1216 349 3'35

2343 291 2409 351 S.
2455 286 2763 353 EUSEBII
2809 287 3249 352 HIERONYMI

4332 280 4434 353 336

1100 418 1496 475 habebuntur.
1529 417 1746 475 Paulus
1776 422 1833 476 et
1862 420 1962 492 qui
2008 437 2143 477 eum
2191 422 2520 491 vinxerant,
2573 421 2741 478 simel
2773 425 2824 490 Α
2857 439 2950 491 na,
2985 426 3042 479 et
3068 421 3260 478 omnis
3281 425 3573 477 astrorum
3596 420 3896 491 cborus,et
3922 419 4195 493 pluviae,et
4213 421 4439 477 mundus

1101 508 1399 582 navigant,
1466 507 1644 564 simul
1703 508 1997 566 sustinent
2082 515 2509 583 tempestatem,
2570 510 2744 566 simul

1100 597 1234 653 navi
1266 597 1545 653 ﬂuctibus
1574 597 1859 670 dissipata
1907 599 1966 654 in
2024 600 2177 655 864
2234 600 2404 655 littus
2463 600 2741 667 evadunt,

1100 686 1322 759 Negare
1372 702 1487 741 non
1546 690 1731 758 potos,
1793 686 1934 759 quin
1990 687 2142 743 inter
2187 689 2447 743 vinctum
2505 694 2561 743 et
2618 688 2744 743 vin-

1101 774 1319 831 cientes
1351 773 1580 831 diversa
1596 775 1717 830 sint
1737 776 2041 831 merita.Et
2070 778 2363 848 quomodo
2386 794 2569 832 unum
2600 783 2748 848 Apo-

1104 863 1238 920 stoli
1268 862 1643 935 militumque
1672 863 2122 936 naufragium“?
2155 866 2349 921 Refert
2377 871 2577 937 postea
2598 866 2743 922 Pau-

1102 952 1197 1008 lus
1226 952 1527 1025 apostolus
1558 951 1992 1019 revelationein,
2024 958 2079 1008 et
2108 969 2207 1009 eos
2238 954 2340 1025 qui
2371 955 2429 1008 in
2462 954 2591 1009 navi
2618 954 2745 1009 fue-

1105 1045 1237 1098 rant
1264 1040 1404 1097 dicit
1434 1040 1606 1097 sibia
1654 1041 1900 1097 Domino
1958 1057 2087 1097 esse
2146 1043 2409 1099 donatos.
2470 1043 2745 1114 Nunquid

1105 1131 1179 1199 is,
1201 1131 1295 1187 cui
1322 1130 1635 1195 donantur,
1688 1134 1745 1185 et
1799 1131 1898 1201 qui
1957 1131 2274 1197 donantur,
2326 1133 2501 1188 unius
2553 1133 2745 1189 meriti

1106 1218 1302 1275 sunt?
1335 1219 1538 1274 Decem
1570 1218 1756 1274 sancti
1803 1220 2185 1290 peccatricem
2242 1226 2493 1293 possunt
2547 1238 2747 1278 eruere

1106 1307 1421 1365 civitatem.
1438 1306 1544 1361 Lot
1563 1322 1697 1361 cum
1722 1305 1955 1363 filiabus
1983 1314 2215 1381 ereptus
2239 1315 2327 1366 est
2355 1311 2426 1366 de
2448 1311 2743 1368 incendio:

1105 1395 1335 1453 liberati
1366 1400 1563 1452 essent
1592 1399 1648 1452 et
1678 1396 1897 1469 generi,
1956 1398 2005 1452 si
2064 1397 2218 1454 exire
2276 1398 2622 1456 voluissent.
2684 1403 2749 1457 Et

1106 1490 1260 1543 certe
1279 1484 1469 1541 multa
1488 1483 1815 1540 differentia
1834 1490 1922 1541 est
1942 1485 2095 1542 inter
2114 1487 2217 1542 Lot
2244 1491 2300 1542 et
2321 1504 2565 1560 generos
2596 1491 2744 1563 ejus.

1106 1576 1410 1632 Liberatur
1438 1574 1617 1647 Segor
1648 1591 1767 1631 una
1814 1576 1956 1630 urbs
2013 1576 2083 1631 de
2132 1576 2453 1648 Pentapoli,
2511 1582 2568 1633 et
2621 1596 2747 1651 quae

1104 1664 1370 1737 ejusdem
1399 1663 1592 1719 meriti
1623 1668 1767 1730 erat,
1799 1667 1973 1735 atque
2004 1664 2109 1721 uni
2138 1666 2436 1721 sententiae
2482 1668 2745 1738 subiace-

1106 1755 1225 1820 bat,
1258 1752 1351 1851 cui
1373 1752 1627 1855 Sodpma
1656 1757 1713 1807 et
1742 1753 2086 1855 Gomorrba,
2118 1754 2364 1823 Adama,
2404 1760 2459 1811 et
2491 1756 2746 1827 Seboim,
2781 1791 2829 1855 Β

1106 1841 1295 1898 sancti
1328 1840 1598 1912 precibus
1628 1841 2129 1897 custoditur.Ecce
2149 1843 2446 1899 diversum
2473 1845 2749 1900 meritum

1106 1932 1166 1986 in
1203 1931 1308 1986 Lot
1335 1934 1393 1985 et
1421 1930 1616 2001 Segor,
1646 1933 1844 1985 tamen
1893 1931 1964 1985 de
2021 1930 2293 1987 incendio
2352 1933 2569 2005 pariter
2623 1951 2751 1989 eva-

1107 2021 1276 2075 dunt.
1309 2016 1651 2074 Latrunculi
1681 2018 1783 2090 qui
1839 2021 2080 2075 absente
2136 2021 2319 2076 David
2376 2028 2751 2079 vestaverant

1106 2108 1345 2181 Siccleg,
1373 2111 1432 2163 et
1461 2124 1669 2163 uxores
1699 2123 1900 2163 eorum
1932 2114 1988 2164 et
2018 2108 2233 2166 liberos
2263 2110 2322 2165 in
2359 2113 2616 2183 praedam
2649 2114 2753 2168 du-

1106 2202 1331 2265 xerant,
1363 2196 1459 2253 die
1488 2197 1661 2253 tertia
1690 2198 1994 2253 cmduntur
2022 2199 2082 2253 in
2115 2216 2339 2271 campo,
2384 2210 2434 2256 et
2468 2202 2751 2272 quadrin-

1107 2286 1265 2360 genti
1295 2286 1564 2343 homines
1595 2287 1857 2343 uscensis
1886 2288 2126 2344 camelis
2190 2290 2442 2361 fugiunt.
2480 2291 2581 2346 Dic
2642 2291 2751 2346 ali-

1108 2393 1287 2449 quam
1320 2377 1473 2432 inter
1500 2392 1601 2432 eos
1631 2376 1731 2448 qui
1762 2376 1891 2432 cessi
1922 2382 2079 2444 sunt,
2108 2381 2165 2433 et
2195 2377 2293 2450 qui
2324 2378 2523 2452 fugere
2557 2385 2754 2452 potue-

1108 2470 1267 2537 runt,
1298 2482 1429 2521 esse
1458 2464 1817 2522 distantiam.
1857 2467 2131 2538 Legimus
2162 2467 2219 2521 in
2283 2468 2589 2541 Evangelio
2630 2473 2753 2525 tur-

1108 2571 1230 2611 rem
1260 2554 1417 2609 Siloe
1446 2553 1729 2609 cecidisse
1761 2571 1937 2625 super
1981 2555 2180 2611 decem
2213 2560 2269 2610 et
2315 2563 2440 2610 octo
2489 2558 2664 2625 viros,
2700 2563 2757 2614 et

1108 2643 1353 2698 obrutos
1382 2641 1682 2697 occidisse.
1715 2644 1897 2710 Certe,
1922 2644 2092 2713 juxta
2121 2645 2470 2699 sententiam
2498 2647 2755 2702 Salvato-

1034 2794 1047 2804 ο
1110 2732 1215 2801 ris,
1248 2748 1364 2787 non
1395 2730 1505 2787 soli
1532 2731 1762 2786 fuerant
1789 2736 2123 2803 peccatores
2160 2750 2172 2801 ;
2206 2734 2303 2787 sed
2367 2733 2427 2787 in
2487 2733 2755 2790 formidi-

1111 2836 1245 2877 nem
1276 2819 1636 2893 reliquorum
1665 2819 1855 2892 puniti
1885 2824 2042 2889 sunt,
2079 2825 2141 2875 ut
2190 2821 2495 2893 pestilente
2554 2823 2755 2897 ﬂagel-

1109 2909 1250 2979 lato,
1285 2908 1503 2966 stultus
1533 2908 1853 2982 sapientior
1883 2910 2062 2965 fieret.
2097 2910 2154 2964 Si
2188 2910 2453 2966 omnium
2492 2917 2754 2984 peccato-

1112 3015 1245 3056 rum
1275 3015 1460 3055 unum
1491 3004 1581 3055 est
1610 2998 1988 3071 supplicium,
2021 2999 2241 3070 injuste
2272 2999 2423 3056 alius
2449 3001 2754 3070 occiditur,

1114 3092 1171 3142 et
1200 3103 1303 3160 per
1334 3093 1582 3145 mortem
1614 3087 1853 3143 alterius
1884 3088 2034 3143 alius
2065 3094 2486 3144 commonetur.

2854 511 3157 583 aequaliter
3187 511 3359 565 nobis
3407 514 3669 577 currunt,
3718 513 3775 565 et
3823 509 4020 565 iisdem
4065 525 4253 565 omnes
4289 509 4441 579 juxta

2853 600 3230 671 Evangelium
3262 598 3551 653 imbribus
3578 598 3912 669 irrigamur,
3937 596 4067 652 boni
4094 599 4148 652 et
4173 595 4447 667 mali,justi

2855 693 2912 743 et
2942 690 3169 759 injusti.
3202 689 3257 743 Si
3291 687 3599 760 praesentia
3645 686 3907 758 exempla
3954 690 4086 740 sunt
4130 684 4447 749 futurorum,

2855 794 2992 848 ergo
3023 782 3078 832 et
3096 777 3181 832 sol
3197 779 3219 848 j
3233 777 3441 831 ustitiaz
3461 776 3759 848 mqualiter
3778 776 3957 847 justis
3989 779 4043 829 et
4061 771 4451 845 peccatoribus,

2855 868 3053 940 impiis
3082 872 3139 922 et
3167 867 3408 935 sanctis,
3441 865 3791 921 Christianis
3818 870 3876 920 et
3902 864 4113 920 Judaeis
4142 868 4304 935 atque
4330 878 4452 934 gen-

2855 955 3058 1011 tilibus
3101 956 3339 1023 orietur,
3390 971 3524 1009 cum
3578 953 3880 1025 Scriptura
3927 952 4122 1007 dicat:
4156 949 4455 1005 Timentibus

2854 1054 3040 1101 autem
3066 1047 3359 1100 Dominum
3390 1045 3603 1098 orietur
3629 1044 3707 1098 sol
3726 1043 3961 1114 justitiae
4014 1040 4333 1112 (Malach.1v,
4388 1037 4452 1106 2).

2857 1135 2911 1187 Si
2929 1134 3270 1189 timentibus
3296 1133 3535 1198 orietur,
3554 1149 3690 1203 ergo
3714 1128 4223 1201 comtemptoribus
4244 1131 4456 1198 etpseu-

2857 1222 3234 1295 doprophetis
3262 1221 3505 1277 occidet.
3541 1221 3687 1275 Oves
3717 1222 3738 1254 ³
3769 1237 3895 1291 qua:
3947 1222 4102 1274 stant
4158 1234 4190 1271 a
4245 1213 4455 1282 dextris,

2857 1312 2927 1367 ad
2961 1327 3137 1383 regna
3165 1310 3441 1365 caelorum
3473 1309 3944 1376 introducuntur,
3968 1304 4107 1363 hirci
4132 1305 4460 1360 intartarum

2858 1400 3271 1455 detruduntur.
3305 1397 3589 1453 Parabola
3620 1398 3732 1453 ista
3765 1415 3879 1453 non
3911 1397 4100 1452 ovium
4130 1393 4274 1448 inter
4291 1408 4346 1448 se
4365 1406 4464 1445 me-

2858 1489 2989 1556 rita,
3022 1493 3078 1544 et
3104 1505 3134 1544 e
3164 1488 3453 1543 contrario
3499 1487 3781 1543 describit
3833 1486 4127 1542 hircorum
4159 1481 4288 1550 ;sed
4333 1480 4465 1534 inter

2858 1595 2991 1634 oves
3004 1582 3062 1633 et
3091 1577 3285 1633 hircos
3316 1581 3548 1631 tantum
3581 1576 3925 1631 distantiam
3961 1572 4309 1642 facit.Neque
4328 1566 4462 1623 enim

2858 1667 2917 1721 in
2951 1666 3227 1722 omnibus
3276 1665 3418 1722 locis
3479 1666 3767 1721 docentur
3811 1664 4031 1731 omnia,
4080 1661 4179 1717 sed
4223 1672 4469 1735 unaqua-

2861 1772 2972 1827 que
2997 1754 3327 1811 similitudo
3359 1754 3430 1809 ad
3456 1753 3513 1808 id
3547 1754 3795 1808 refertur
3824 1754 3997 1825 cujus
4037 1746 4347 1805 similitudo
4372 1747 4466 1800 est.

2859 1845 3023 1899 Sicut
3047 1848 3103 1899 et
3131 1844 3331 1898 decem
3365 1842 3621 1914 virgines
3650 1842 3756 1914 (Al.
3788 1839 4107 1914 virginum)
4154 1852 4267 1892 non
4310 1832 4469 1889 totius

2860 1933 3092 2006 generis
3122 1931 3502 1998 humani,sed
3524 1929 3912 1987 sollicitorum
3934 1934 3993 1986 et
4018 1928 4307 2001 pigrornm
4327 1936 4469 1978 exem

2861 2021 2958 2095 pla
2987 2025 3126 2076 sunt
3157 2037 3169 2074 :
3209 2037 3459 2092 quorum
3493 2018 3659 2075 alteri
3693 2035 3929 2092 semper
3982 2014 4210 2073 Domini
4263 2013 4472 2085 prasto-

2859 2112 3058 2166 lantur
3087 2110 3401 2165 adventum
3434 2109 3600 2164 alteri
3630 2125 3834 2164 somno
3857 2112 3914 2164 et
3933 2107 4150 2163 inertiae
4168 2120 4228 2160 se
4270 2102 4473 2168 dantes,

2863 2200 3127 2255 futurum
3151 2198 3444 2269 judicium
3477 2215 3592 2253 non
3625 2198 4026 2269 putant.Unde
4041 2198 4098 2252 et
4121 2195 4176 2249 in
4197 2192 4304 2247 ﬁne
4327 2204 4473 2262 para-

2862 2287 3005 2344 bolas
3035 2287 3669 2358 dicitur:VigiIatc,quia
3692 2288 3916 2342 nescitis
3934 2286 4085 2341 diem
4112 2297 4277 2355 neque
4303 2280 4478 2335 horam

2862 2375 3071 2449 (Matth.
3107 2393 3237 2439 xxv,
3278 2376 3379 2445 l3).
3413 2375 3467 2429 Si
3496 2374 3557 2429 in
3589 2374 3808 2430 diluvio
3839 2377 3862 2410 ‘
3890 2375 4177 2431 liberatus
4220 2372 4301 2426 est
4344 2367 4474 2433 Noe,

2862 2471 2917 2521 et
2947 2466 3141 2521 omnis
3164 2465 3323 2521 orbis
3352 2463 3574 2519 interiit
3606 2482 3619 2519 :
3653 2481 3859 2520 omnes
3889 2480 4029 2519 caro
4060 2463 4241 2527 erant,
4272 2460 4326 2513 et
4362 2469 4478 2527 pro-

2862 2560 3061 2626 pterea
3080 2554 3520 2626 perierunt.Aut
3541 2569 3655 2607 non
3676 2553 3944 2624 ejusdem
3966 2551 4159 2608 meriti
4182 2548 4328 2604 dices
4347 2543 4480 2599 ﬁlios

2862 2643 3003 2709 Noe,
3036 2649 3093 2697 et
3123 2643 3242 2697 Noe
3273 2646 3508 2714 propter
3538 2657 3713 2713 quem
3760 2640 3865 2696 filii
3910 2640 4140 2697 liberati
4195 2640 4326 2693 sunt
4355 2651 4368 2703 ;
4395 2634 4481 2686 aut

2866 2731 3243 2786 maledictum
3279 2731 3459 2787 Cbam
3506 2731 3564 2784 in
3623 2730 3825 2785 eodem
3885 2747 4070 2803 pones
4126 2727 4247 2783 loco
4300 2724 4355 2779 in
4382 2735 4480 2793 quo

2862 2826 2918 2875 et
2949 2824 3194 2891 patrem,
3227 2820 3367 2890 quia
3396 2820 3467 2875 de
3488 2819 3707 2874 diluvio
3739 2818 3917 2873 simul
3951 2819 4232 2875 liberatus
4269 2816 4368 2870 est.
4425 2810 4478 2863 lu

2866 2909 3137 2982 passione
3177 2908 3424 2963 Cbristis
3438 2924 3642 2963 omnes
3663 2901 4304 2974 declinaverunt,simul
4323 2897 4481 2957 inuti-

2864 2996 2949 3052 les
2977 2996 3111 3052 facti
3144 3002 3284 3051 sunt
3317 3015 3329 3065 ;
3364 3002 3421 3051 et
3451 3013 3564 3051 non
3599 2996 3707 3051 fuit
3733 2996 3831 3068 qui
3864 2996 4087 3053 faceret
4116 2996 4349 3057 bonum,
4381 3002 4483 3043 non

2866 3085 2977 3139 fuit
3004 3101 3191 3156 usque
3222 3085 3291 3140 ad
3348 3101 3554 3139 unum.
3596 3084 3928 3141 Audebisne
3975 3085 4168 3157 igitur
4208 3081 4385 3138 dicere
4419 3074 4520 3162 sic-

1186 3177 1275 3231 25.
1340 3176 1546 3231 Christi
1601 3192 1794 3247 corpus
1851 3177 2145 3246 azqualiter
2200 3178 2518 3249 accipimus.
2570 3181 2757 3236 Decem
2789 3160 2831 3226 C
2872 3190 3115 3246 negasse
3143 3174 3374 3229 Petrum
3401 3177 3457 3229 et
3488 3177 3727 3229 caeteros
3759 3173 4067 3246 apostolos
4098 3173 4197 3247 qui
4221 3167 4487 3243 fugerunt,

1123 3266 1363 3335 virgines
1391 3264 1523 3336 quid
1548 3265 1872 3337 signiﬁcant
1901 3268 1926 3316 ?
1952 3266 2166 3319 Pilatus
2220 3266 2407 3321 nolens
2459 3268 2588 3322 tulit
2643 3284 2764 3323 sen-

2874 3263 3166 3335 quomodo
3197 3261 3477 3334 Caipham
3511 3267 3567 3318 et
3597 3262 4009 3329 Pharismos,et
4037 3263 4374 3320 clamantem
4401 3269 4489 3328 po-

1123 3354 1369 3411 tentiam.
1403 3353 1514 3408 δρας
1540 3352 1657 3408 dies
1714 3353 1901 3407 saeculi
1946 3354 2129 3424 hujus.
2183 3385 2249 3396 —
2306 3358 2565 3427 Opponis
2618 3357 2763 3412 mihi
2873 3352 3098 3423 pulum,
3160 3353 3425 3422 Cruci/iga
3475 3354 3732 3423 cruci/iga
3785 3353 3949 3409 talem
4028 3355 4207 3425 (Joan.
4263 3342 4491 3417 x1x,6)"?

1112 3443 1334 3500 Gomor
1362 3459 1612 3512 manare,
1648 3457 1943 3513 unamque
1965 3447 2390 3510 mensuram,et
2416 3446 2690 3500 vestitum
2706 3450 2763 3501 et
2872 3443 2937 3497 Et
2961 3446 3025 3496 ut
3055 3442 3125 3496 de
3157 3440 3440 3513 apostolis
3470 3445 3713 3507 taceam,
3740 3442 4091 3512 ejusdemne
4123 3439 4229 3497 tibi
4276 3432 4488 3494 sceleris

1121 3531 1385 3606 capillos,
1417 3536 1474 3588 et
1504 3532 1767 3596 barbam,
1800 3535 1857 3585 et
1877 3530 2363 3602 calceamenla,ex
2384 3550 2548 3605 aequo
2581 3534 2760 3591 fuisse

1122 3621 1523 3681 Israelitarum
1583 3638 1595 3688 ;
1658 3619 1825 3692 quasi
1876 3636 1992 3675 non
2024 3624 2080 3674 et
2127 3637 2233 3676 nos
2291 3621 2501 3678 Cbrirti
2550 3640 2759 3694 corpus

1120 3712 1421 3787 aequaliter
1476 3709 1855 3782 accipiamus.
1890 3708 2017 3764 Una
2059 3714 2149 3765 est
2179 3711 2239 3765 in
2298 3712 2592 3785 mysteriis
2623 3730 2757 3768 san-

1118 3801 1413 3872 ctificatio,
1437 3800 1661 3855 domini
1692 3803 1749 3854 et
1777 3798 2167 3870 servi,nobilis
2197 3803 2254 3855 et
2283 3800 2577 3873 ignobilis,
2604 3802 2758 3874 regis

1117 3897 1176 3948 et
1229 3890 1482 3947 militis:
1519 3904 1855 3961 quanquam
1914 3905 2017 3961 pro
2071 3889 2483 3961 accipientium
2534 3892 2757 3947 meritis

1120 3983 1417 4039 diversum
1450 3979 1551 4035 ﬁat
1580 3979 1735 4051 quod
1788 3995 1971 4034 unum
2002 3983 2109 4034 est.
2170 3980 2276 4047 Qui
2329 3982 2479 4035 enim
2536 3981 2759 4053 indigne

1114 4072 1530 4130 manducauerit
1579 4078 1631 4125 et
1701 4069 1917 4133 biberit,
1958 4085 2081 4124 reus
2112 4071 2216 4124 erit
2270 4071 2464 4125 violati
2518 4074 2758 4142 corporis

1115 4168 1169 4221 et
1194 4162 1487 4233 sanguinis
1511 4159 1717 4216 Christi
1736 4160 1783 4231 (I
1812 4160 1940 4215 Cor.
1980 4176 2060 4227 x1,
2117 4159 2230 4230 27).
2290 4159 2565 4231 Nunquid
2620 4160 2759 4231 quia

1115 4260 1171 4312 et
1199 4254 1384 4310 Judas
1414 4252 1485 4308 de
1514 4251 1715 4307 eodem
1749 4248 1928 4304 calice
1959 4248 2125 4316 bibit,
2181 4249 2251 4303 de
2298 4264 2412 4319 quo
2461 4252 2519 4303 et
2566 4249 2755 4304 caeteri

1115 4343 1435 4419 apostoli’,
1464 4340 1642 4396 unius
1690 4355 1822 4395 cum
1873 4337 2115 4408 reliquis
2162 4337 2272 4391 erit
2319 4337 2565 4391 meriti?
2593 4338 2755 4403 Quod

1114 4434 1309 4489 sinon
1359 4430 1445 4485 vis
1502 4429 1757 4501 recipere
1813 4426 2277 4493 Sacramentum,
2344 4427 2496 4480 certe
2551 4442 2755 4483 omnes

2868 3531 3159 3586 videbitur
3189 3548 3322 3585 reus
3351 3532 3537 3597 Anna,
3573 3536 3630 3586 et
3654 3531 3924 3603 Caiphas,
3947 3536 4005 3587 et
4037 3532 4225 3588 Judas
4256 3524 4493 3600 proditor

2868 3622 3038 3691 cujus
3071 3624 3129 3675 et
3158 3619 3379 3675 Pilatus
3409 3619 3557 3690 ⁵,(Ῑυί
3592 3618 3793 3675 nolens
3820 3621 4168 3691 compulsus
4198 3622 4285 3675 est
4311 3616 4492 3671 contra

2869 3708 3181 3765 Dominum
3212 3710 3358 3764 ferre
3389 3708 3741 3764 sententiam
3770 3709 3799 3763 ‘2
3827 3708 3981 3765 366
4014 3711 4246 3775 Quanto
4278 3699 4495 3776 majoris

2868 3798 3059 3853 meriti
3090 3798 3202 3853 fuit
3229 3798 3433 3863 Judas,
3484 3801 3644 3853 tanto
3690 3797 3932 3868 majoris
3975 3798 4248 3854 criminis
4290 3798 4376 3852 est
4404 3808 4416 3847 :
4446 3791 4496 3845 et

2868 3891 3087 3959 quanto
3120 3886 3360 3957 majoris
3392 3886 3681 3953 criminis,
3706 3891 3865 3943 tanto
3914 3888 4165 3959 majoris
4211 3890 4268 3942 et
4311 3894 4493 3956 pinnas.

2864 3978 3128 4044 Potentes,
3161 3978 3311 4031 enim
3337 3980 3584 4047 potenter
3612 3979 3879 4032 tormenta
3906 3980 4202 4047 patientur
4231 3975 4379 4047 [δίῳ.
4418 3982 4488 4035 VI.

2864 4065 2940 4136 7).
2974 4066 3162 4120 Arbor
3193 4064 3345 4119 mala
3377 4065 3600 4121 fructus
3627 4065 3811 4121 honos
3837 4082 3954 4121 non
3996 4067 4162 4134 facit,
4212 4079 4318 4121 nec
4357 4061 4497 4116 bona

2866 4151 3073 4209 malos.
3110 4153 3168 4208 Si
3199 4153 3307 4209 hoc
3347 4153 3428 4208 ita
3482 4158 3590 4219 est,
3651 4155 3939 4227 responde
3995 4156 4170 4227 mihi,
4221 4146 4496 4227 quomodo

2866 4240 3081 4296 Paulus
3112 4257 3244 4296 cum
3276 4246 3430 4297 esset
3459 4243 3634 4297 arbor
3681 4242 3858 4309 mala,
3911 4260 4277 4317 persequens
4319 4235 4498 4297 Eccle-

2865 4330 3011 4385 siam
3041 4328 3271 4395 Christi,
3304 4330 3438 4385 fecit
3468 4331 3573 4401 (Al.
3608 4331 3825 4402 fecerit)
3874 4338 4079 4404 postea
4137 4334 4363 4389 fructus
4407 4327 4499 4382 ho-

2865 4418 3094 4474 nos?Et
3122 4419 3328 4483 Judas,
3361 4435 3494 4474 cum
3524 4423 3679 4476 esset
3708 4424 3883 4477 arbor
3913 4421 4272 4496 bona,signa
4292 4416 4499 4475 faciens

1114 4517 1415 4591 aequaliter
1442 4516 1716 4583 vivimus,
1744 4530 1929 4569 unum
1962 4512 2254 4568 trahimus
2303 4528 2519 4581 aerem,
2551 4514 2751 4570 eodem
2786 4528 2831 4591 D
2863 4525 2996 4564 cum
3030 4508 3541 4580 apostolis,postea
3563 4525 3767 4564 versus
3800 4510 3858 4564 in
3884 4510 4269 4582 proditorem,
4314 4501 4500 4564 fecerit

1112 4606 1358 4664 humore
1389 4602 1726 4676 irrigamur,
1763 4602 1970 4657 iisdem
2015 4601 2162 4656 cibis
2211 4600 2529 4673 pascimur.
2578 4602 2753 4658 Porro

1111 4697 1263 4755 365
1296 4694 1347 4753 si
1377 4694 1657 4751 alimenta
1686 4707 1955 4747 cocorum
1975 4694 2098 4745 arte
2121 4694 2425 4748 mutantur
2451 4691 2509 4746 in
2542 4691 2752 4748 melius

1110 4793 1167 4843 et
1196 4788 1261 4842 fit
1298 4783 1520 4858 aliquid
1553 4782 1793 4839 suavius
1822 4779 2164 4848 condituris,
2199 4780 2609 4851 hujuscemodi
2639 4780 2752 4836 cibi

1110 4893 1226 4933 non
1247 4879 1469 4932 natura;
1501 4870 1889 4939 satisfaciunt,
1920 4870 2017 4927 sed
2052 4869 2543 4946 voluptati.1Eque
2572 4869 2753 4925 esuri-

1110 4980 1267 5032 mus,
1300 4980 1462 5038 aaque
1487 4965 1756 5036 algemus
1789 4978 1802 5017 :
1837 4959 2014 5016 simul
2066 4959 2471 5015 contrahimur
2519 4959 2749 5031 frigore,

1109 5053 1349 5109 aestibus
1377 5057 1434 5108 et
1450 5052 1639 5109 calore
1661 5047 2163 5108 dissolvimur.Sol
2186 5064 2418 5121 quoque
2438 5048 2562 5120 ipse
2584 5050 2642 5102 et
2660 5045 2749 5102 lu-

1180 5327 1208 5402 ‘_
1230 5325 1393 5394 Mss,
1425 5329 1789 5402 naufragium
1821 5337 1916 5394 est,
1949 5328 2050 5400 qui
2101 5327 2309 5385 deinde
2351 5345 2549 5384 vocem
2609 5332 2746 5402 Apo-

1104 5398 1276 5455 stolus
1305 5398 1518 5454 rectius
1550 5415 1664 5454 non
1694 5398 2037 5470 agnoscunt.

1176 5471 1198 5503 ²
1224 5470 1348 5543 Duo
1380 5486 1547 5537 mss.,
1582 5470 1646 5543 de
1702 5484 1827 5543 quo
1855 5471 2107 5543 Christus
2152 5479 2203 5525 et
2258 5474 2452 5527 σωθέντ’
2481 5474 2748 5543 apostoli;

1105 5542 1289 5623 paulo.
1314 5548 1466 5623 post.
1499 5542 1686 5623 iisdem
1715 5540 1854 5595 cibis
1885 5542 2167 5623 vescimur.

2866 4598 3088 4653 fructus
3113 4596 3298 4653 malos
3329 4600 3354 4650 .9
3382 4598 3611 4653 Tandiu
3639 4614 3774 4671 ergo
3808 4614 3911 4655 nec
3940 4600 4116 4655 arbor
4139 4602 4299 4657 bona
4323 4592 4497 4653 malos

2863 4687 3089 4743 fructus
3121 4687 3277 4755 facit,
3312 4704 3417 4743 nec
3447 4687 3603 4743 male
3634 4688 4112 4760 bonos,quandiu
4131 4688 4223 4746 vel
4254 4689 4313 4743 in
4343 4681 4501 4741 boni-

2860 4780 2977 4832 tate
3008 4793 3134 4846 sua,
3185 4776 3272 4832 vel
3332 4777 3391 4831 in
3443 4776 3669 4833 malitia
3724 4783 4074 4849 perseverat.
4126 4784 4310 4835 Porro
4352 4768 4497 4847 quod

2861 4865 3052 4921 omnis
3079 4867 3353 4922 Hebraeus
3384 4865 3684 4938 aequaliter
3701 4866 3838 4921 facit
3866 4866 4110 4929 Pascha,
4142 4875 4199 4923 et.
4250 4863 4493 4937 septimo

2861 4973 3014 5011 anno
3047 4955 3194 5011 liber
3223 4956 3495 5022 efficitur,
3526 4958 3582 5011 et
3609 4955 3666 5009 in
3689 4954 3957 5022 Jubilaeo,
3988 4956 4047 5011 id
4079 4960 4188 5027 est,
4222 4956 4500 5029 quinqua-

2860 5046 3106 5119 gesimo,
3132 5046 3404 5101 universa
3433 5044 3728 5116 possessio
3761 5044 3910 5099 redit
3939 5045 4011 5100 ad
4053 5045 4349 5113 dominos,
4396 5040 4499 5097 hoc

2858 5342 3028 5393 regna
3058 5322 3337 5386 actorum,
3370 5323 3871 5383 consentientibus
3902 5326 4171 5383 mss.fere
4204 5321 4498 5380 omnibus.

2929 5395 3117 5430 bnlim
3150 5393 3244 5430 €an
3304 5396 3357 5430 in
3413 5394 3624 5430 do‘lnm‘n
3704 5399 3855 5430 mn‘n
3889 5418 3901 5428 .
3927 5398 4109 5430 ,ιη-κιο
4160 5400 4293 5430 ηηαξ
4382 5405 4498 5430 νοτ·-

2929 5395 3120 5450 ⁴Οιίω
3144 5393 3244 5448 Sed
3303 5396 3361 5447 in
3412 5394 3643 5462 diluvio,
3704 5399 3855 5453 male
3888 5398 4109 5471 :paulo
4158 5400 4315 5471 post,
4382 5405 4500 5449 ver-

2858 5468 2995 5521 bum
3028 5464 3463 5538 essc_Victorius
3490 5467 3743 5538 supplet.
4191 5537 4198 5538 ί

2926 5536 3123 5591 “Vide
3146 5536 3522 5609 Lactantium
3556 5536 3654 5592 lib.
3718 5556 3792 5609 1v,
3851 5556 3900 5595 c.
3970 5541 4049 5598 18.
4109 5537 4329 5597 Deinde
4389 5548 4496 5594 ml.

1173 5607 1518 5697 PVictorius
1548 5614 1678 5674 Oves
1708 5624 1831 5688 quae
1874 5614 2026 5667 stant
2071 5627 2107 5666 α
2151 5610 2382 5681 dextris,
2428 5615 2637 5673 vadunt
2676 5614 2747 5673 ad
2855 5614 3009 5667 tanto
3037 5607 3263 5680 majoris
3292 5616 3342 5665 et
3371 5610 3622 5666 criminis
3653 5618 3748 5668 est.
