5364 6558
594 223 705 294 837

1665 227 2076 294 ADVERSUS
2118 223 2603 292 JOVINIANUM
2645 225 2794 292 LIB.
2840 219 2921 293 ῙῙ.

599 380 707 422 non
735 361 807 421 de
833 364 1107 438 presenti
1138 363 1372 432 dicitur,
1402 364 1506 422 sed
1563 364 1635 422 de
1689 366 1885 421 futuro
1914 381 1927 419 :
1981 363 2121 437 quia
2169 363 2227 417 in
2258 364 2314 428 Α
2342 378 2377 416 a
2405 360 2633 417 saeculis
2675 361 2946 435 ignorata
3002 361 3317 421 disseruit:
3350 362 3517 423 aliter
3544 358 3606 423 in
3631 364 3762 424 Tito
3782 369 3842 423 et
3888 365 3988 424 Ti-

595 471 689 512 sex
715 453 928 511 diebus
948 454 1127 526 hujus
1148 454 1348 511 saeculi
1376 454 1716 525 servientes,
1750 454 1807 509 iu
1839 454 2091 525 septimo
2115 450 2230 519 die,

594 559 719 600 vero
747 548 807 598 et
837 546 1052 599 sterno
1084 544 1363 611 Sabbato,
1383 544 1549 599 liberi
1580 545 1803 599 erimus
1861 544 1966 615 [AL
2025 541 2231 597 libere-

592 633 776 703 mur]:
811 632 860 687 si
893 636 1091 688 tamen
1116 632 1475 691 voluerimus
1505 649 1635 689 esse
1666 631 1856 699 liberi,
1878 632 2017 686 dum
2042 630 2234 686 adhuc

593 722 870 779 servimus
899 722 960 776 in
1010 722 1245 777 smculo.
1313 722 1368 777 Si
1428 726 1623 778 autem
1670 720 2053 785 uoluerimus,
2104 735 2232 791 per-

595 810 869 866 forabitur
913 809 1085 865 nobis
1139 810 1424 879 auricula,
1472 810 1532 865 in
1582 810 1983 866 testimonium
2034 808 2231 863 inobe-

597 899 843 965 dientize;
876 903 934 953 et
967 916 1104 954 cum
1138 916 1316 954 uxore
1345 903 1402 955 et
1431 899 1632 955 liberis
1664 899 2058 969 nostris,quos
2086 914 2231 969 prte-

592 988 825 1044 tulimus
856 987 1207 1055 libertati,id
1238 992 1329 1044 est
1348 1005 1481 1043 cum
1514 1003 1688 1045 carne
1720 992 1779 1044 et
1809 987 2083 1058 operibus
2105 987 2232 1057 ejus

580 1078 790 1151 jugiter
818 1076 1173 1134 serviemus.

650 1255 1035 1312 23.Parabola
1065 1257 1325 1311 sementis
1384 1255 1557 1327 quid?
1630 1257 1821 1312 Falsus
1865 1258 2227 1312 Joviniamus.

591 1345 698 1402 Hos
723 1344 1050 1416 Scriptura.
1076 1377 1143 1384 —
1177 1344 1456 1401 Parabola
1485 1351 1683 1401 autem
1715 1345 2053 1413 sementis‘,
2106 1361 2232 1416 quae

593 1451 657 1491 ex
698 1438 946 1506 utraque
999 1438 1165 1506 parte
1221 1438 1417 1490 ternos
1467 1434 1691 1491 fructus
1742 1435 1911 1503 facit;
1959 1439 2015 1489 et
2062 1435 2235 1506 juxta

586 1523 949 1597 Apostolum,
974 1539 1155 1594 super
1182 1523 1637 1579 fundamentum
1669 1523 1884 1579 Christi
1912 1523 2064 1579 alius
2095 1523 2231 1577 aedi-

586 1614 707 1669 ﬁcat
734 1628 980 1678 aurum,
1033 1615 1364 1683 argentum,
1423 1611 1647 1684 lapides
1705 1612 2025 1684 pretiosos:
2083 1611 2233 1666 alius

587 1701 753 1774 ligna,
783 1701 1023 1767 fenum,
1057 1698 1339 1771 stipulam
1364 1718 1376 1767 ;
1398 1717 1532 1756 cum
1590 1706 1648 1757 et
1680 1702 1737 1756 in
1791 1701 1963 1757 domo
2021 1718 2235 1796 magna
2265 1732 2312 1796 B

587 1791 802 1847 diversa
832 1806 984 1846 vasa
1012 1789 1153 1855 sint,
1183 1790 1488 1867 perspicue
1538 1794 1733 1860 patet:
1792 1795 1852 1845 et
1905 1790 2040 1845 huic
2083 1788 2232 1845 velle

586 1878 978 1935 contradicere
1005 1876 1389 1947 apertissima:
1420 1879 1801 1950 impudentiae
1860 1884 1967 1934 est.
2011 1879 2228 1933 Tamen

590 1985 663 2025 ne
688 1968 938 2025 exsultet
966 1968 1028 2022 in
1051 1967 1356 2023 mendacio
1382 1972 1440 2024 et
1460 1968 1791 2041 exemplum
1833 1969 2230 2041 apostolorum

599 2059 657 2113 in
667 2056 1061 2129 prejudicium
1080 2056 1396 2113 centenarii
1412 2062 1467 2112 et
1479 2058 1838 2131 sexagenarii
1857 2062 1913 2114 et
1936 2057 2233 2114 tricenarii

600 2146 786 2203 aﬂ‘erat
817 2145 1066 2210 numeri,
1102 2145 1250 2201 sciat
1279 2145 1338 2201 in
1371 2147 1637 2203 Matthzeo
1669 2152 1726 2203 et
1754 2148 1813 2203 in
1844 2148 2038 2204 Marco
2094 2165 2231 2221 apo-

587 2234 763 2301 stolis,
795 2235 905 2307 qui
960 2234 1239 2291 universa
1294 2252 1403 2291 sua
1460 2236 1829 2305 dimiserant,
1890 2238 2230 2309 centuplum

580 2324 1103 2397 repromissumJn
1118 2324 1425 2396 Evangelio
1438 2329 1636 2381 autem
1654 2326 1819 2381 Lucae
1842 2325 2026 2382 multo
2042 2325 2232 2398 plura,

578 2413 633 2469 in
659 2416 745 2469 est
772 2409 929 2465 πολὺ
959 2408 1192 2465 πλείονα
1213 2414 1253 2480 ³,
1278 2418 1334 2469 et
1366 2413 1598 2485 penitus
1630 2414 1689 2469 in
1718 2413 1877 2470 nullo
1922 2414 2233 2487 Evangelia

577 2518 676 2575 pro
700 2505 933 2557 centum
954 2501 1245 2572 scriptum
1263 2517 1392 2557 esse
1432 2510 1672 2574 septem;
1702 2520 1883 2575 seque
1914 2509 2015 2560 aut
2053 2504 2232 2560 falsa-

576 2591 860 2660 rium,aut
894 2589 1210 2662 imperitiae
1241 2606 1405 2646 reum
1428 2591 1650 2646 teneri:
1686 2608 1792 2648 nec
1817 2609 2025 2662 nocere
2041 2594 2232 2661 nobis,

577 2680 709 2752 quia
737 2680 797 2735 in
835 2678 961 2735 alio
994 2678 1307 2751 Evangelio
1329 2696 1363 2734 a
1392 2686 1650 2749 centum,
1683 2681 1745 2736 in
1776 2680 1890 2736 alio
1917 2699 1951 2737 a
1994 2681 2236 2754 triginta

578 2768 775 2842 incipit
796 2767 1308 2825 numerarizcum
1368 2770 1562 2825 omnis
1609 2770 1932 2842 Scriptura,
1982 2770 2234 2827 maxime

579 2858 1074 2923 vetus,minorem
1092 2860 1389 2928 preponat
1414 2874 1728 2914 numerum
1747 2862 1805 2913 et
1836 2859 1919 2915 sic
1950 2860 2021 2915 ad
2055 2861 2234 2930 majo-

578 2963 690 3004 rem
719 2946 1032 3021 gradatim
1063 2947 1433 3002 conscendat.
1460 2946 1632 3003 Verbi
1663 2948 1871 3019 gratia,
1891 2950 2040 3005 307
2070 2954 2132 3003 ut
2154 2948 2236 3003 di-

577 3041 663 3091 cat
679 3036 949 3109 aliquem
981 3035 1167 3090 fuisse
1194 3051 1482 3091 annorum
1504 3034 1761 3108 quinque
1782 3042 1839 3092 et
1863 3036 2234 3109 septuaginta

574 3129 628 3180 et
653 3101 1041 3192 centum,nec
1070 3127 1264 3178 tamen
1297 3101 1557 3195 quinque
1587 3128 1644 3179 et
1665 3101 2047 3196 septuaginta
2067 3101 2234 3197 plura
2263 3101 2306 3168 C-

576 3217 852 3285 poterunt
880 3228 1019 3268 esse
1048 3228 1227 3284 quam
1258 3215 1518 3279 centum,
1539 3229 1668 3283 quae
1706 3213 1813 3285 (Al.
1842 3212 2001 3285 quia)
2035 3214 2233 3285 priora

576 3307 716 3358 sunt
742 3301 1077 3358 nominata.
1111 3300 1318 3356 Sinon
1363 3300 1579 3366 accipis
1640 3302 1700 3357 in
1744 3302 1962 3357 bonam
2006 3306 2229 3373 partem

581 3389 981 3447 diversitatem
997 3390 1226 3445 numeri
1249 3394 1484 3446 centum
1498 3394 1557 3445 et
1575 3390 1877 3463 sexaginta
1896 3395 1952 3446 et
1970 3390 2232 3463 triginta,

570 3494 696 3533 inec
713 3479 776 3533 in
794 3476 1012 3533 malam
1034 3482 1262 3550 partem
1293 3477 1579 3551 accipies:
1612 3482 1670 3534 et
1697 3479 1853 3534 idem
1885 3479 2089 3534 vitium
2125 3480 2236 3535 erit

595 3564 1017 3637 seminis,quod
1045 3583 1217 3622 secus
1246 3567 1400 3622 viam
1431 3567 1725 3634 cecidit,et
1781 3584 1959 3639 super
2016 3572 2232 3640 petras,

593 3658 655 3711 et
682 3670 862 3727 super
879 3654 1090 3727 spinas.
1125 3656 1228 3711 Sin
1260 3659 1318 3711 et
1346 3654 1446 3710 illa
1475 3656 1609 3725 tria,
1640 3660 1698 3712 et
1725 3655 1846 3712 haec
1878 3655 1963 3713 vel
2013 3657 2071 3711 in
2132 3658 2235 3712 bo-

586 3762 747 3815 nam,
771 3743 861 3802 vel
882 3746 941 3801 iu
964 3746 1182 3802 malam
1212 3751 1436 3818 partem
1497 3745 1729 3819 singula
1774 3751 1934 3813 sunt,
1986 3746 2232 3803 stultum

580 3834 693 3891 fuit
719 3850 829 3907 pro
856 3833 1091 3890 duabus
1121 3834 1297 3891 rebus
1318 3849 1417 3890 sex
1448 3834 1671 3905 species
1702 3850 2029 3902 numerare,
2092 3852 2232 3907 pra:-

580 3924 783 3981 sertim
816 3939 958 3979 cum
992 3924 1050 3980 iu
1083 3923 1352 3979 Matthan
1373 3923 1508 3980 etin
1535 3922 1727 3978 Marco
1755 3926 1814 3979 et
1835 3922 1894 3977 in
1918 3923 2071 3978 Luca
2105 3940 2235 3979 nar-

578 4017 706 4069 rata
732 4012 1040 4086 parabola,
1072 4011 1336 4068 Salvator
1365 4028 1596 4084 semper
1625 4010 1888 4067 intulerit
1916 4030 1928 4066 :
1974 4014 2090 4083 Qui
2138 4012 2236 4067 ha-

585 4103 670 4159 bet
696 4117 870 4158 aures
890 4101 1191 4166 audiendi,
1223 4102 1419 4157 audiat
1450 4100 1663 4173 (Matth.
1698 4117 1778 4168 χι,
1807 4102 1893 4166 15,
1926 4104 1974 4155 et
1999 4118 2124 4167 χιιι,
2159 4102 2231 4163 9,·

576 4190 736 4247 lare.
771 4208 856 4258 Iv,
888 4192 957 4252 9;
991 4190 1120 4258 Luc,
1144 4206 1254 4258 le,
1282 4189 1399 4261 35).
1421 4188 1529 4245 Ubi
1588 4187 1731 4244 nihil
1781 4193 1871 4244 est
1924 4190 2079 4260 quod
2142 4189 2231 4244 in-

579 4278 870 4335 trinsecus
889 4278 1094 4346 lateat,
1129 4278 1347 4335 frustra
1387 4278 1460 4333 ad
1523 4276 1967 4349 intelligentiam
2030 4278 2231 4351 mysti-

578 4382 708 4424 cam
736 4383 1155 4441 provocamur.

638 4547 733 4601 27.
766 4545 1069 4617 Multiplea:
1116 4543 1323 4599 Christi
1352 4543 1622 4600 habitatio
1659 4545 1719 4598 in
1772 4544 2135 4601 credentibus.
2168 4578 2237 4587 ——

574 4633 634 4690 Si
662 4640 870 4691 autem
900 4637 1080 4690 Pater
1107 4642 1163 4689 et
1195 4631 1375 4689 Filius
1407 4633 1770 4689 mansionem
1810 4632 2033 4689 faciunt
2083 4636 2236 4707 apud

577 4723 904 4790 credentes,
937 4722 1111 4779 etubi
1142 4722 1412 4779 Christus
1440 4721 1656 4794 hospes
1686 4726 1795 4790 est,
1828 4722 1908 4777 ibi
1941 4723 2088 4778 nihil
2134 4724 2234 4779 de-

575 4824 719 4868 esse
747 4811 1068 4883 existimas,
1101 4815 1240 4885 puto
1261 4811 1417 4883 quod
1447 4810 1615 4867 aliter
1644 4811 1909 4867 Christus
1940 4811 2235 4869 habitave-

579 4897 659 4954 rit
687 4898 749 4955 in
780 4899 1122 4961 Corinthiis,
1148 4899 1394 4955 aliteriu
1425 4899 1689 4972 Ephesiis
1714 4917 1728 4967 ;
1753 4900 1862 4954 hoc
1903 4904 1993 4954 est
2046 4900 2234 4956 aliter.

574 4987 635 5043 in
667 4986 767 5043 his
797 4988 955 5061 apud
988 5004 1141 5061 quos
1171 4987 1390 5044 Paulus
1439 4989 1738 5059 apostolus
1786 4991 2021 5058 peccata
2051 4986 2239 5042 multa

571 5076 966 5150 deprehendit
985 5078 1027 5145 ³,
1065 5082 1124 5134 et
1152 5076 1322 5134 aliter
1349 5076 1410 5132 in
1466 5076 1560 5132 his
1617 5076 1832 5149 quibus
1871 5081 2240 5131 sacramenta

642 5273 663 5307 ¹
728 5272 831 5328 Sic
884 5288 1031 5328 mss.
1092 5272 1474 5345 castigatores
1530 5276 1589 5327 et
1650 5270 1985 5326 Victorius:
2066 5276 2240 5329 antea

568 5348 701 5400 erat
722 5344 1094 5400 seminantis.

643 5413 1003 5471 ’Victorius
1060 5410 1246 5487 πολλᾶ
1293 5411 1585 5487 nissime,
1634 5416 1707 5487 ut
1759 5412 2010 5468 habetur
2082 5416 2235 5487 apud

570 5485 807 5545 Lucam
833 5504 997 5543 xvm.
1029 5486 1184 5544 Alibi
1217 5491 1308 5544 est
1328 5482 1764 5540 πολυπλασίονα.

643 5560 667 5592 ³
698 5557 832 5616 Duo
861 5574 1009 5618 mss.
1042 5574 1179 5617 cum
1203 5558 1381 5617 veteri
1405 5558 1660 5617 editione
1689 5555 2055 5629 reprehendit.

2343 449 2599 519 motheo,
2634 449 2804 507 aliter
2830 451 2890 508 in
2922 452 3467 512 Paulo.Certeinter
3482 461 3649 511 natos
3670 455 3985 513 mulierum

2343 556 2458 595 non
2492 541 2743 595 surrexit
2783 543 2972 612 major
3026 541 3249 598 Joanne
3288 544 3571 615 Baptista.
3626 545 3733 601 Ubi
3787 550 3984 602 autem

2343 629 2531 699 major
2561 628 2791 698 dicitur,
2828 647 3066 686 necesse
3089 638 3176 687 est
3206 635 3271 687 ut
3300 636 3540 689 caeteros
3569 633 3844 691 habuerit
3877 634 3985 691 mi-

2343 734 2533 773 nores.
2569 719 2655 785 Et,
2692 719 2800 787 Qui
2826 722 3094 775 minimus
3116 723 3137 755 ⁴
3165 722 3325 776 estin
3352 738 3519 793 regno
3546 723 3833 791 calorum,
3865 740 3984 779 ma-

2332 808 2426 879 jor
2454 811 2529 862 est
2554 808 2649 863 illo
2700 808 2910 878 (Matth.
2959 827 3035 865 χι,
3098 811 3209 881 li).
3270 810 3443 867 Vides
3498 828 3656 885 ergo,
3714 813 3868 884 quod
3923 813 3985 869 in

2343 896 2503 952 omlis
2535 896 2612 952 sit
2641 897 2933 954 maximus
2966 902 3022 953 et
3053 899 3356 965 minimus,
3418 905 3475 957 et
3531 901 3683 957 inter
3747 900 3986 974 angelos

2344 1002 2597 1057 quoque,
2617 990 2672 1041 et
2701 987 2853 1041 inter
2885 987 3214 1045 invisibiles
3245 994 3546 1046 creaturas
3575 990 3654 1047 sit
3682 990 3988 1064 multiplex

2342 1080 2399 1131 et
2426 1076 2657 1131 inﬁnita
2686 1076 3018 1133 diversitas.
3073 1079 3263 1142 Quare
3293 1079 3498 1135 dicunt
3536 1080 3825 1152 apostoli:
3883 1082 3986 1137 Do-

2340 1166 2508 1231 mine,
2543 1181 2682 1233 auge
2713 1166 2865 1220 uobis
2893 1166 3056 1237 fidem
3099 1167 3250 1238 (Luc.
3303 1185 3442 1235 χχιι,
3482 1168 3560 1240 5).
3613 1168 3663 1225 si
3719 1170 3987 1226 omnium

2343 1270 2462 1309 una
2493 1270 2771 1309 mensura
2803 1254 2949 1310 est?
2996 1256 3065 1309 Et
3119 1255 3404 1313 Dominus
3461 1258 3533 1313 ad
3586 1257 3984 1329 discipulum:

2341 1342 2557 1398 Modica:
2586 1342 2734 1412 ﬁdei,
2768 1344 2899 1414 quid
2946 1344 3218 1400 dubitasti
3272 1345 3480 1416 (Matth.
3539 1363 3652 1401 xw.
3713 1346 3805 1417 3i)
3842 1346 3870 1400 ?
3922 1346 3987 1402 In

2340 1432 2595 1487 Jeremia
2618 1448 2852 1503 quoque
2881 1432 2951 1487 de
2977 1433 3173 1488 futuro
3204 1449 3380 1506 regno
3401 1434 3655 1506 legimus
3680 1453 3693 1490 :
3725 1438 3858 1490 Ecce
3873 1434 3987 1491 dies

2346 1523 2589 1589 veniunt,
2624 1522 2757 1576 dicit
2776 1522 3059 1587 Dominus,
3105 1524 3157 1577 et
3212 1525 3416 1594 feriam
3473 1524 3659 1579 domui
3708 1524 3883 1581 Israel
3939 1526 3987 1580 et

2343 1610 2532 1666 domui
2558 1612 2719 1667 Iacob
2743 1611 2922 1682 fwdus
2970 1627 3192 1681 norum,
3250 1629 3360 1669 non
3416 1613 3712 1668 secundum
3766 1622 3989 1684 pactum

2344 1700 2487 1771 quod
2507 1700 2699 1770 pepigi
2716 1717 2841 1754 cum
2893 1701 3149 1771 patribus
3185 1703 3375 1756 vestris
3407 1702 3622 1773 (Jerem.
3682 1720 3837 1770 χχχι,
3896 1703 3987 1774 31,

2342 1790 2455 1862 32).
2492 1789 2557 1844 Et
2581 1792 2713 1861 post
2742 1788 3089 1861 paululum:
3121 1791 3268 1847 Dabo
3307 1792 3477 1863 legem
3529 1808 3710 1849 meam
3767 1794 3833 1848 in
3878 1794 3988 1849 vis-

2340 1879 2553 1934 ccribus
2580 1894 2789 1943 eorum,
2822 1887 2873 1934 et
2905 1881 2965 1933 in
2989 1879 3146 1935 corde
3177 1895 3363 1935 eorum
3406 1880 3641 1936 scribam
3699 1881 3877 1950 illam,
3937 1885 3990 1938 et

2340 1983 2431 2023 ero
2459 1968 2535 2022 eis
2566 1969 2625 2022 in
2660 1972 2861 2036 Deum,
2893 1974 2943 2023 cl
2976 1969 3083 2039 ipsi
3106 1976 3269 2023 erunt
3293 1970 3437 2024 mihi
3466 1972 3525 2024 in
3574 1970 3840 2042 populum
3868 1988 3888 2033 .·
3937 1977 3989 2027 et

2340 2071 2455 2112 non
2483 2056 2688 2111 docebit
2716 2058 2806 2111 vir
2833 2057 2980 2111 ultra
3013 2059 3331 2127 proximum
3356 2074 3537 2125 suum,
3559 2062 3612 2114 et
3640 2060 3727 2115 vir
3752 2062 3990 2131 fratrem

2340 2162 2523 2209 suum,
2582 2144 2807 2200 dicens:
2870 2144 3174 2212 Cognosce“
3225 2146 3531 2201 Dominum.
3588 2148 3783 2203 Omnes
3836 2150 3990 2205 enim

2341 2242 2662 2301 cognoscent
2686 2249 2773 2288 me
2800 2251 2833 2288 a
2864 2234 3093 2288 minimo
3126 2250 3295 2305 usque
3334 2234 3405 2289 ad
3461 2238 3772 2291 maximum
3824 2236 3986 2307 (Ibid.

2342 2323 2433 2387 33,
2465 2322 2576 2392 34).
2609 2320 2920 2393 Perspicua
2979 2338 3047 2376 ex
3104 2326 3375 2377 contextu
3431 2321 3592 2379 illius
3649 2324 3804 2381 868
3853 2323 3986 2393 loci,

2345 2410 2606 2465 futurum
2636 2409 2846 2465 Christi
2874 2426 3123 2482 regnum
3156 2410 3437 2482 propheta
3458 2410 3758 2481 describit,
3792 2416 3849 2469 et
3874 2429 3991 2486 qua

2343 2497 2764 2571 consequentia
2794 2497 2873 2553 ibi
2904 2498 3015 2553 erit
3042 2497 3326 2555 minimus
3348 2503 3405 2555 et
3434 2500 3748 2571 maximus,
3780 2502 3830 2558 si
3861 2518 3987 2559 om-

2343 2604 2447 2643 nes
2505 2586 2759 2659 aaquales
2808 2587 2988 2642 futuri
3040 2589 3221 2642 sunt?
3274 2588 3484 2661 Utique
3530 2604 3597 2645 ea
3645 2606 3764 2661 qua
3816 2594 3876 2647 et
3928 2591 3989 2648 in

2344 2676 2652 2749 Evangelio
2700 2675 2964 2731 dicitur:
3022 2677 3128 2745 Qui
3178 2676 3427 2734 docuerit
3475 2682 3528 2734 et
3600 2681 3814 2751 fecerit,
3900 2680 3993 2738 hic

2341 2767 2629 2821 vocabitur
2649 2767 2927 2820 maximus
2984 2766 3045 2819 in
3102 2782 3266 2836 regno
3320 2767 3598 2823 calorum.
3661 2767 3766 2835 Qui
3808 2777 3991 2826 autem

2341 2854 2609 2920 docuerit,
2641 2863 2697 2909 et
2724 2870 2837 2909 non
2866 2855 3080 2924 fecerit,
3113 2856 3219 2909 erit
3246 2856 3513 2911 minimus
3544 2856 3753 2927 (Matth.
3784 2850 3842 2924 ν’,
3874 2858 3985 2930 49).

2344 2945 2408 2998 In
2440 2943 2697 2998 convivio
2730 2940 2993 2997 Salvator
3018 2942 3309 3013 precepit,
3341 2948 3407 2998 ut
3437 2942 3771 3001 inferiorem
3815 2961 3987 3002 occu-

2343 3048 2553 3105 pemus
2574 3032 2795 3087 locum:
2831 3047 2903 3086 ne
2942 3047 3075 3086 cum
3109 3032 3297 3103 major
3323 3031 3566 3098 venerit,
3601 3033 3672 3088 de
3701 3034 3987 3106 superiori

2342 3120 2594 3193 turpiter
2624 3120 3008 3175 detrudamur
3034 3120 3185 3192 (Luc.
3220 3137 3335 3189 xxv,
3376 3120 3453 3191 9).
3499 3120 3556 3177 Si
3610 3122 3816 3179 cadere
3871 3139 3988 3180 non

2341 3226 2682 3281 possumus,
2713 3209 2814 3265 sed
2846 3213 3075 3264 tantum
3107 3225 3210 3280 per
3258 3209 3659 3281 paenitentiam
3722 3210 3989 3270 subleva-

2344 3317 2512 3355 mur:
2539 3298 2680 3370 quid
2708 3298 2821 3353 sibi
2851 3297 2975 3353 vult
3004 3297 3162 3354 scala
3190 3297 3291 3354 illa
3310 3297 3370 3353 in
3398 3298 3617 3366 Bethel,
3648 3316 3753 3372 per
3808 3317 3989 3373 quam

2343 3386 2917 3461 angelidescendunt
2937 3390 3112 3459 atque
3141 3388 3593 3459 ascendunt,qui
3625 3388 3698 3445 de
3727 3388 3890 3446 caelis
3919 3391 3992 3448 ad

2343 3482 2562 3533 terram
2591 3476 3061 3532 veniunt?Certe
3088 3475 3241 3531 inter
3284 3492 3419 3532 oves
3466 3480 3525 3532 et
3580 3478 3652 3532 ad
3694 3478 3993 3535 dexteram

2344 3566 2579 3622 stabant
2611 3566 2753 3621 dum
2786 3565 2863 3620 ibi
2891 3569 3106 3621 essent.
3150 3565 3359 3637 Angcli
3415 3565 3487 3620 de
3534 3565 3695 3622 cmlis
3752 3567 3993 3624 descen-

2344 3654 2514 3719 dunt,
2549 3658 2605 3708 et
2633 3653 2980 3708 Jovinianus
3012 3653 3083 3709 de
3112 3669 3314 3708 eorum
3357 3652 3727 3724 possessione
3748 3669 3994 3711 securus

2346 3748 2454 3799 est.

2416 3835 2505 3886 28.
2530 3832 2841 3886 Mansiones
2872 3832 2934 3886 in
2958 3830 3105 3885 cadis
3152 3831 3362 3886 multis.
3424 3830 3651 3888 Ordines
3710 3834 3994 3904 Ecclesia,

2351 3921 2656 3976 Cwlestium
2685 3920 2950 3973 virtutum
2970 3918 3205 3974 ordines.
3239 3950 3304 3958 —
3361 3920 3502 3984 Quis
3559 3926 3755 3978 autem
3806 3922 3994 3980 risum

2345 4014 2539 4066 tenere
2570 4011 2746 4080 queat
2785 4006 2846 4061 in
2879 4022 2967 4075 eo,
3004 4008 3159 4079 quod
3194 4008 3412 4065 multas
3443 4010 3781 4067 mansiones
3836 4014 3995 4085 apud

2349 4100 2596 4164 Patrem,
2631 4094 2922 4152 Ecclesiae
2954 4095 3279 4151 arbitretur
3309 4097 3367 4151 in
3401 4101 3522 4152 toto
3552 4099 3692 4154 orbe
3748 4099 3995 4156 diffusas

2346 4203 2479 4242 cum
2513 4184 3000 4242 manifestissime
3028 4184 3333 4256 Scriptura
3389 4185 3611 4252 doceat,
3662 4188 3990 4244 secundum

2346 4274 2723 4349 Evangelium
2754 4273 3018 4339 Joannis,
3053 4288 3167 4328 non
3199 4273 3268 4329 de
3297 4272 3689 4330 Ecclesiarum
3748 4291 3993 4333 numero

2346 4367 2446 4423 sed
2480 4366 2549 4421 de
2580 4363 2859 4420 caelorum
2894 4362 3320 4426 mansionibus,
3348 4366 3405 4418 et
3444 4364 3677 4420 aeternis
3723 4366 3994 4423 taberna-

2268 4472 2314 4535 υ
2345 4455 2515 4522 culis,
2549 4471 2676 4526 qua:
2707 4452 2996 4526 propheta
3024 4451 3336 4519 desiderat,
3363 4451 3609 4515 Domino
3634 4453 3817 4512 fuisse
3873 4471 3995 4514 ser-

2347 4542 2623 4600 monem?
2653 4544 2716 4599 In
2768 4542 2946 4610 domo,
2982 4541 3193 4613 inquit,
3253 4542 3432 4598 Patris
3489 4544 3599 4599 mei
3689 4547 3997 4604 mansiones

2343 4632 2532 4688 multa:
2562 4634 2707 4686 sunt.
2738 4631 2799 4686 Si
2829 4646 2934 4701 quo
2965 4632 3170 4698 minus,
3202 4631 3467 4686 dixissem
3494 4632 3662 4698 vobis,
3696 4634 3828 4703 quia
3857 4633 3988 4691 vado

2344 4722 2494 4776 vobis
2520 4736 2724 4792 parare
2751 4721 2972 4781 locum;
3002 4728 3057 4774 et
3083 4722 3135 4773 si
3162 4721 3348 4775 abiero
3376 4728 3428 4775 et
3461 4737 3839 4791 praeparavero
3898 4737 3993 4777 vo-

2347 4810 2427 4865 bis
2458 4809 2655 4875 locum,
2691 4809 2890 4862 iterum
2924 4809 3161 4873 veniam,
3194 4812 3247 4862 et
3301 4809 3572 4878 accipiam
3622 4823 3710 4863 vos
3752 4808 3824 4863 ad
3880 4826 3995 4866 me-

2345 4901 2547 4971 ipsum,
2579 4905 2638 4951 ut
2669 4897 2767 4951 ubi
2797 4912 2893 4966 ego
2923 4913 3065 4962 sum,
3099 4901 3149 4951 et
3177 4912 3265 4951 vos
3306 4898 3428 4951 sitis
3458 4896 3635 4967 (Joan.
3668 4914 3789 4954 xiv.
3828 4899 3884 4964 2,
3914 4898 3992 4967 3).

2348 4988 2535 5044 Locus
2567 4990 2623 5042 et
2654 4984 3154 5055 mansioncsquas
3187 5000 3513 5056 praeparare
3543 5001 3605 5039 se
3634 4983 3777 5040 dicit
3830 4985 3995 5041 Chri-

2345 5080 2475 5132 stus
2501 5072 2806 5147 apostolis,
2841 5073 2898 5128 in
2936 5073 3108 5128 domo
3140 5071 3347 5143 utique
3377 5077 3517 5127 sunt
3546 5072 3757 5142 Patris,
3778 5073 3838 5131 id
3885 5079 3998 5146 est,

2419 5273 2441 5305 ⁴
2470 5272 2540 5327 Al
2565 5279 2617 5327 et
2646 5271 2741 5343 qui
2767 5270 2974 5324 minor.
3010 5266 3376 5325 Cisterciens.
3406 5267 3554 5326 liber
3580 5273 3679 5343 qui
3731 5272 3999 5329 minimus

2347 5346 2446 5407 est,
2483 5344 2693 5414 inquit,
2720 5342 2787 5414 in
2813 5356 2998 5410 regno,
3029 5344 3139 5394 etc.

2418 5415 2438 5447 ⁵
2470 5411 2610 5486 Mss.
2644 5411 2908 5483 plerique
2966 5411 3399 5486 cognoscitc:_et
3450 5412 3625 5484 paulo
3675 5418 3829 5486 post,
3890 5412 3996 5480 Qui

2347 5487 2533 5539 autem
2562 5482 2831 5553 docuerit,
2864 5486 2915 5538 et
2943 5482 3134 5554 aliqua
3172 5496 3283 5537 non
3309 5482 3525 5556 fecerit,
3550 5488 3660 5540 etc.
