4100 6156
389 286 510 356 889

1643 294 1707 360 S.
1755 292 2062 361 EUSEBII
2108 286 2552 358 HIERONYMI

3671 276 3790 359 διὸ

386 423 448 481 in
479 440 657 498 regno
689 400 991 493 ccelorum,
1026 444 1139 485 non
1164 427 1221 484 in
1254 430 1496 497 terra,in
1528 447 1645 502 qua
1674 431 1745 485 ad
1769 445 2027 503 praesens
2060 429 2116 496 Α
2145 431 2319 500 atque
2349 428 2697 497 subsannes,
2732 428 2783 486 si
2812 428 3194 503 imperatores
3223 428 3326 503 (Al.
3355 428 3791 502 imperatorem)

392 514 779 586 [ALpraesens]
803 516 1098 587 apostolos
1116 518 1806 591 relinquebat.Simulque
1824 535 2034 573 sensus

391 601 710 675 Scripturae
737 604 1092 662 intuendus:
1130 608 1406 677 Dicerem,
1433 609 1643 680 inquit,
1678 608 1861 674 vobis,
1896 606 2036 679 quia

390 692 539 747 vado
561 697 618 748 et
646 695 981 765 praeparatio
1015 696 1177 752 vobis
1206 696 1397 752 locum
1424 716 1437 753 :
1472 697 1521 752 si
1554 714 1669 752 non
1704 696 2035 751 mansiones

393 781 592 838 multis
623 787 820 838 essent
849 785 1001 855 apud
1037 785 1283 850 Patrem,
1314 787 1424 841 hoc
1454 792 1564 852 est,
1600 786 1645 840 si
1682 802 1797 840 non
1857 802 2034 840 unus-

393 873 644 945 quisque
676 872 1038 929 mansionem
1075 875 1181 929 sibi
1218 893 1332 929 non
1365 892 1432 930 ex
1463 874 1731 947 largitate
1761 874 1883 939 Dei,
1934 874 2032 930 sed

392 978 461 1017 ex
491 963 741 1034 propriis
770 962 1045 1034 operibus
1080 969 1459 1035 praepararet:
1486 970 1541 1018 et
1588 963 1717 1019 ideo
1776 981 1888 1019 non
1948 967 2037 1017 est

398 1068 592 1107 meum
628 1069 850 1125 parare,
885 1054 986 1107 sed
1043 1058 1322 1124 vestrum,
1378 1053 1516 1125 quia
1565 1059 1621 1109 et
1672 1055 1835 1109 Judae
1889 1052 2033 1107 nihil

394 1140 612 1211 profuit
638 1145 876 1217 paratus
908 1140 1093 1207 locus,
1125 1159 1299 1213 quem
1332 1159 1438 1197 suo
1460 1143 1599 1197 vitio
1622 1142 2035 1214 perdidit.Jux-

392 1232 453 1283 ta
476 1246 653 1300 quem
684 1246 923 1285 sensum
956 1235 1012 1285 et
1043 1230 1187 1286 illud
1218 1231 1685 1303 intelligendum,
1747 1232 1901 1303 quod
1961 1230 2032 1285 ad

397 1316 547 1373 filios
576 1318 791 1373 dicitur
820 1319 1097 1388 Zebedtei,
1132 1338 1381 1392 quorum
1415 1320 1559 1376 alter
1588 1338 1620 1376 δι
1642 1320 1919 1387 sinistris,
1953 1319 2034 1374 al-

395 1411 484 1463 ter
511 1408 783 1479 cupiebat
840 1409 1040 1463 sedere
1099 1427 1132 1463 a
1204 1410 1457 1465 dextris:
1524 1410 1758 1465 Calicem
1816 1409 2036 1479 quidem

392 1513 578 1552 meum
607 1498 801 1552 bibetis
820 1514 841 1558 ;
870 1498 1053 1553 sedere
1080 1507 1269 1553 autem
1299 1515 1333 1551 a
1366 1499 1573 1553 dextris
1627 1500 1783 1562 meis,
1840 1500 1954 1553 sive
2004 1514 2037 1551 a

394 1586 659 1652 sinistris,
688 1602 799 1663 non
827 1595 905 1641 est
928 1602 1108 1642 meum
1137 1586 1269 1641 dare
1312 1587 1482 1652 vobis,
1514 1587 1605 1641 sed
1629 1588 1825 1658 quibus
1863 1603 2035 1657 para-

395 1680 511 1728 tum
538 1682 616 1729 est
644 1691 677 1729 a
708 1676 873 1729 Patre
891 1691 1007 1730 meo
1029 1676 1250 1746 (Matth.
1274 1693 1367 1740 xx,
1411 1676 1524 1745 23).
1585 1676 1709 1731 Non
1768 1679 1859 1731 est
1907 1674 2033 1730 Filii

2146 518 2844 591 posuerimus,przefectos
2867 526 2923 574 et
2943 520 3271 587 comites,et
3299 519 3568 574 tribunos
3587 522 3648 574 et
3664 533 3793 573 cen-

2143 607 2489 673 turiones,et
2509 606 2927 678 manipulos,et
2958 608 3251 681 reliquum
3270 607 3491 664 militia:
3505 606 3790 662 ordinem.

2213 694 2302 748 29.
2334 694 2442 750 Mos
2482 696 2778 767 Scripturae
2807 713 3005 754 sacrae.
3036 699 3241 767 jElisaei
3291 697 3497 769 duplex
3540 698 3789 768 spiritus.

2146 782 2293 837 Illud
2324 787 2517 839 autem
2551 786 2705 855 quod
2740 785 2855 840 ait:
2886 788 3114 842 Nescitis
3165 787 3293 859 quia
3330 801 3559 857 corpora
3610 793 3787 840 vestra

2143 874 2407 943 templum
2436 877 2513 927 est
2554 873 2790 945 Spiritus
2818 877 2999 930 sancti
3047 877 3091 946 (l
3140 875 3261 931 Cor.
3312 892 3389 938 vr,
3450 874 3560 944 49),
3623 874 3792 929 frivo-

2143 960 2265 1015 lum
2299 966 2388 1015 est
2415 962 2455 1029 ³,
2505 979 2639 1017 cum
2686 963 2985 1035 Scriptura
3045 966 3196 1020 310
3243 964 3440 1018 divina
3498 960 3683 1018 soleat
3738 968 3794 1017 et

2144 1067 2328 1104 unum
2354 1050 2677 1123 pluraliter,
2709 1056 2766 1107 et
2794 1052 2965 1123 plura
2995 1052 3374 1125 singulariter
3402 1050 3697 1123 appellare
3717 1057 3793 1108 :et

2142 1142 2339 1194 tamen
2375 1139 2521 1194 sciat
2550 1140 2609 1195 in
2642 1140 2860 1212 templo
2920 1159 3152 1213 quoque
3206 1141 3335 1213 ipso
3396 1140 3613 1196 multas
3662 1158 3791 1196 esse

2146 1227 2587 1283 mansiunculas
2621 1246 2633 1283 :
2660 1246 2787 1285 esse
2812 1230 3063 1285 exterius
3096 1231 3334 1295 atrium,
3362 1246 3491 1285 esse
3520 1230 3788 1296 interius,

2144 1331 2272 1371 esse
2292 1317 2599 1385 vestibula,
2627 1333 2755 1373 esse
2787 1319 3090 1386 Sanctum,
3125 1335 3254 1375 esse
3300 1321 3512 1374 Sancta
3568 1326 3791 1375 sancto-

2147 1422 2298 1460 rum.
2332 1406 2481 1460 Sunt
2508 1410 2564 1460 et
2595 1406 2802 1462 culinas
2824 1407 2884 1462 in
2915 1407 3152 1479 templo,
3178 1412 3317 1463 sunt
3364 1412 3421 1462 et
3474 1406 3790 1475 cellariola,

2146 1499 2287 1549 sunt
2315 1498 2371 1549 et
2399 1494 2796 1562 torcularia,et
2820 1513 3093 1551 vasorum
3125 1495 3516 1569 receptacula.
3552 1496 3635 1551 Ita
3656 1501 3714 1552 et
3734 1497 3790 1551 in

2143 1582 2363 1654 templo
2395 1583 2653 1655 corporis
2682 1585 2862 1640 nostri
2896 1584 3125 1640 diversa
3187 1590 3328 1640 sunt
3378 1585 3603 1640 merita.
3668 1586 3793 1642 Non

2146 1688 2310 1743 teque
2355 1671 2508 1727 Deus
2537 1689 2741 1728 omnes
2789 1672 3175 1730 inhabitat‘:
3229 1690 3335 1730 nec
3381 1675 3454 1729 ad
3526 1675 3792 1730 eamdem

398 1762 574 1818 dare:
621 1766 678 1818 et
734 1764 1025 1834 quomodo
1082 1763 1266 1818 Patris
1314 1771 1403 1819 est
1453 1765 1609 1820 369
1655 1780 1981 1836 praeparare
2009 1764 2037 1818 ‘P
2067 1795 2115 1860 B
2147 1776 2482 1860 mensuram
2512 1762 2788 1817 omnibus
2809 1762 3170 1860 infunditur.
3205 1762 3293 1860 De
3344 1762 3554 1860 spiritu
3613 1763 3795 1860 ἷξογεί

393 1855 636 1920 Paratae,
660 1852 875 1924 inquit,
905 1856 1044 1907 sunt
1074 1852 1133 1907 in
1170 1853 1311 1908 coelo
1351 1853 1589 1909 diversa:
1648 1858 1706 1909 et
1764 1853 2035 1925 plurimae

394 1941 750 2008 mansiones,
785 1940 1053 2013 plurimis
1084 1941 1447 2013 diversisque
1504 1942 1838 2008 virtutibus,
1888 1960 2036 2015 quas

394 2047 511 2087 non
542 2048 801 2103 persona:
832 2022 1145 2102 accipiunt,
1172 2032 1269 2105 sed
1306 2048 1499 2103 opera.
1532 2033 1771 2087 Frustra
1819 2050 1954 2105 ergo
2004 2051 2038 2088 a

395 2136 490 2176 me
518 2120 715 2193 petitis
747 2120 900 2192 quod
940 2119 1001 2175 in
1056 2120 1218 2176 vobis
1273 2121 1451 2175 situm
1501 2125 1607 2189 est,
1662 2123 1816 2194 quod
1867 2127 2038 2177 Pater

394 2225 564 2266 meus
595 2208 711 2265 illis
742 2209 983 2281 paravit,
1016 2208 1113 2281 qui
1146 2209 1342 2281 dignis
1371 2210 1687 2265 virtutibus
1718 2213 1788 2266 ad
1812 2215 2036 2266 tantam

397 2297 695 2354 escensuri
729 2302 867 2353 sunt
898 2297 1266 2370 dignitatem.
1301 2298 1475 2353 Porro
1508 2299 1663 2370 quod
1690 2300 1801 2354 ait:
1836 2302 2038 2355 Iterum

395 2390 631 2456 veniam,
666 2391 719 2442 et
745 2388 1011 2458 accipiam
1062 2403 1153 2442 vos
1203 2386 1272 2442 ad
1320 2388 1610 2459 meipsum,
1673 2391 1735 2443 ut
1790 2389 1887 2443 ubi
1943 2405 2037 2457 ego

395 2492 539 2543 sum,
574 2480 626 2531 et
656 2493 747 2532 vos
769 2478 898 2531 sitis
922 2478 1100 2544 (Joan.
1142 2494 1258 2542 xw,
1280 2478 1358 2544 3),
1393 2477 1624 2549 proprie
1675 2478 1744 2531 ad
1807 2482 2036 2549 aposto-

397 2562 487 2620 los
517 2563 798 2634 loquitur,
830 2564 901 2619 de
931 2564 1145 2634 quibus
1178 2570 1235 2619 et
1284 2565 1338 2618 iu
1400 2564 1514 2619 alio
1574 2565 1698 2620 loco
1753 2567 2035 2637 scriptum

395 2656 517 2707 est:
555 2655 628 2707 Ut
656 2651 915 2722 quomodo
938 2668 1038 2721 ego
1070 2656 1121 2706 et
1149 2660 1207 2705 tu
1263 2654 1425 2706 Pater
1465 2670 1638 2707 unum
1691 2670 1899 2720 sumus,
1959 2655 2040 2709 sic

394 2747 446 2796 et
474 2740 565 2794 illi
592 2740 652 2794 in
684 2739 836 2793 nobis
857 2754 1032 2793 unum
1061 2740 1174 2793 sint
1206 2740 1382 2809 (Joan.
1414 2757 1554 2804 xvu,
1586 2741 1698 2810 21).
1754 2742 1851 2812 qui
1911 2759 2040 2798 cre-

396 2828 691 2896 diderunt,
725 2827 823 2900 qui
865 2828 1102 2899 perfecti
1156 2832 1313 2895 sunt,
1374 2828 1473 2899 qui
1525 2835 1771 2901 possunt
1826 2831 2038 2899 dicere,

392 2934 522 2992 pars
549 2934 670 2974 mea
690 2919 952 2973 Dominus
981 2918 1150 2987 (Psal.
1188 2934 1356 2982 Lxxn,
1390 2917 1501 2988 26).
1549 2917 1605 2971 Si
1664 2922 1860 2973 autem
1922 2937 2035 2975 non

398 3012 538 3064 sunt
569 3007 834 3080 plurima:
878 3006 1231 3072 mansiones,
1287 3008 1580 3078 quomodo
1637 3012 1693 3062 et
1749 3008 1806 3062 in
1863 3009 2039 3064 veteri

2145 1848 2426 1914 aufertur,
2450 1852 2507 1904 et
2559 1850 2929 1921 septuaginta
2976 1850 3330 1923 presbyteris
3381 1851 3573 1906 datur.
3626 1851 3791 1920 Puto,

2144 1937 2319 1993 aliam
2350 1955 2479 1993 esse
2500 1938 2921 1994 abundantiam
2954 1938 3415 2007 ﬂuminis,aliam
3449 1938 3790 1996 rivulorum.

2147 2026 2276 2081 Eliae
2308 2026 2552 2099 spiritus
2586 2026 2783 2082 Eliszeo
2819 2027 3032 2099 duplex
3062 2028 3274 2084 datur:
3308 2028 3464 2084 unde
3493 2032 3550 2085 et
3578 2029 3795 2102 duplex

2144 2116 2333 2187 gratia
2363 2116 2499 2171 fecit
2519 2115 2689 2188 signa
2718 2117 2961 2187 majora.
2996 2117 3098 2173 Ille
3128 2118 3292 2172 vivus
3319 2122 3641 2185 mortuum,
3685 2119 3795 2175 iste

2146 2208 2415 2260 mortuus
2441 2210 2738 2259 mortuum
2761 2204 3081 2261 suscitavit.
3117 2205 3218 2262 Ille
3250 2206 3463 2262 famem
3509 2207 3793 2279 impreca-

2144 2297 2239 2348 tus
2271 2297 2361 2349 est
2378 2292 2611 2365 pepulo,
2647 2293 2756 2348 iste
2804 2293 3055 2349 obsessae
3104 2293 3322 2349 civitati
3368 2295 3478 2349 sub
3537 2311 3657 2351 una
3700 2296 3796 2353 die

2145 2381 2386 2438 hostiles
2419 2382 2615 2453 copias
2641 2382 2907 2453 praebuit.
2942 2382 3094 2438 Licet
3118 2382 3228 2438 hoc
3258 2384 3412 2454 quod
3443 2384 3544 2453 ait,
3566 2385 3795 2441 Nescitis

2147 2473 2274 2542 quia
2330 2487 2558 2543 corpora
2610 2474 2790 2526 vestra
2846 2472 3110 2543 templum
3166 2480 3245 2527 est
3287 2472 3529 2544 Spiritus
3605 2476 3789 2529 sancti

2145 2560 2191 2631 (1
2234 2562 2359 2616 Cor.
2393 2577 2472 2627 vr,
2506 2561 2613 2630 19),
2648 2560 2719 2614 de
2749 2564 2963 2615 cuncta
2983 2560 3348 2616 credentium
3371 2561 3551 2625 :dicat
3598 2562 3792 2620 Eccle-

2147 2648 2252 2715 sia,
2286 2648 2387 2720 qui
2410 2648 2626 2720 pariter
2658 2648 3013 2720 congregati,
3063 2666 3249 2705 unum
3303 2649 3519 2705 Christi
3578 2667 3792 2724 corpus

2146 2736 2425 2790 efficiunt.
2460 2735 2561 2790 Hic
2584 2736 2709 2805 jam
2744 2736 3101 2807 quaeriturin
3132 2753 3393 2809 corpore,
3418 2739 3517 2809 qui
3543 2739 3793 2811 pedibus

2145 2823 2358 2878 Christi
2384 2823 2597 2895 dignus
2628 2823 2725 2892 sit,
2751 2825 2849 2896 qui
2883 2825 3072 2896 capite
3104 2843 3117 2892 ;
3170 2825 3272 2897 qui
3295 2825 3502 2883 oculus
3534 2828 3664 2898 ejus
3694 2830 3792 2895 sit,

2148 2911 2249 2984 qui
2282 2928 2511 2968 manus.
2545 2913 2707 2977 Quod
2739 2920 2796 2968 et
2838 2914 2963 2969 duae
3022 2914 3299 2971 mulieres
3356 2914 3416 2971 in
3460 2917 3791 2989 Evangelio,

2150 3001 2437 3073 paenitens
2458 3005 2514 3057 et
2543 3009 2768 3069 sancta,
2800 3003 3169 3075 significant:
3204 3021 3455 3077 quarum
3488 3005 3669 3062 altera
3700 3023 3793 3080 pe-

398 3097 774 3151 Testamento
805 3101 861 3150 et
892 3095 950 3149 in
999 3112 1164 3161 novo,
1215 3096 1394 3151 alium
1461 3096 1723 3151 ordinem
1784 3097 2042 3168 pontifex
2078 3160 2111 3168 _
2149 3089 2461 3158 des,altera
2484 3097 2661 3161 caput
2681 3093 3129 3149 tenet.Tametsi
3155 3092 3422 3149 nonnulli
3453 3095 3796 3152 existimant

397 3185 577 3250 tenet,
610 3183 788 3238 alium
821 3160 1169 3251 sacerdotes,
1210 3184 1391 3239 alium
1428 3184 1648 3248 Levites,
1707 3160 1888 3240 alium
1934 3187 2034 3243 Ja-
2069 3160 2112 3226 α
2149 3196 2329 3234 unam
2360 3195 2508 3245 esse.
2533 3160 2592 3235 et
2620 3197 2745 3251 (11183
2779 3180 3039 3251 primum
3072 3182 3246 3253 C(Bpit
3270 3199 3302 3237 Β
3335 3184 3604 3254 pedibus,
3663 3200 3793 3241 eam

384 3272 624 3337 nitores,
658 3271 837 3326 alium
870 3271 1191 3326 EdituiJEt
1222 3278 1280 3327 in
1311 3272 1608 3329 volumine
1649 3274 1957 3331 Ezechielis
1991 3280 2029 3341 ³,

384 3360 483 3416 ubi
528 3361 734 3415 futurae
785 3358 1053 3415 Ecclesiae
1109 3367 1166 3415 et
1213 3361 1465 3417 caelestis
1494 3362 1824 3418 Jerusalem
1891 3365 2031 3419 ordo

380 3448 753 3515 describitur,
786 3449 1117 3505 sacerdotes
1150 3450 1249 3521 qui
1284 3456 1682 3522 peccaverant,
1715 3454 2029 3524 regradan-

380 3542 479 3594 tur
506 3539 566 3594 in
598 3539 862 3605 aedituos,
916 3542 973 3595 et
1031 3539 1089 3594 in
1139 3540 1448 3595 ostiarios:
1500 3546 1556 3594 et
1602 3556 1735 3595 cum
1794 3543 1914 3597 sint
1970 3543 2028 3597 in

380 3627 597 3700 templo
638 3628 756 3697 Dei,
817 3628 926 3684 hoc
975 3633 1063 3684 est
1118 3646 1152 3683 a
1201 3629 1439 3695 dextris,
1500 3646 1614 3683 non
1673 3634 1811 3685 sunt
1878 3631 2031 3687 inter

380 3716 612 3783 arietes,
647 3717 747 3772 sed
781 3716 931 3773 inter
957 3717 1234 3774 minimas
1264 3735 1418 3773 oves.
1457 3719 1515 3772 In
1566 3717 1738 3773 ﬂuvio
1797 3736 2029 3792 quoque

382 3805 483 3877 qui
566 3806 638 3860 de
722 3805 940 3878 templo
1017 3807 1334 3879 egreditur,
1394 3811 1450 3862 et
1518 3806 1725 3880 irrigat
1803 3808 2026 3865 salsum

383 3908 563 3959 mare,
598 3898 655 3948 et
686 3894 958 3949 universa
988 3895 1258 3960 vivificat,
1283 3895 1477 3951 multis
1509 3898 1732 3969 species
1776 3899 2025 3971 piscium

381 3981 815 4037 describuntur.
850 3983 1037 4046 Quare
1067 3983 1125 4038 in
1153 4001 1332 4057 regno
1364 3984 1645 4041 caelorum
1677 3987 2025 4061 Archangeli

381 4074 541 4140 sunt,
578 4070 802 4144 Angeli,
861 4072 1099 4137 Throni,
1164 4074 1618 4142 Dominationes,
1676 4077 2021 4145 Potestates,

378 4159 714 4228 Cherubim,
750 4164 807 4217 et
856 4161 1201 4233 Seraphim:
1235 4167 1291 4218 ct
1346 4180 1517 4219 omne
1593 4182 1806 4221 nomen
1868 4168 2022 4237 quod

374 4249 734 4317 nominatur,
784 4266 898 4305 non
956 4250 1143 4306 solum
1194 4251 1253 4306 in
1311 4252 1582 4322 praesenti
1629 4252 1859 4319 saeculo,
1916 4255 2019 4309 sed

369 4339 548 4395 etiam
574 4338 632 4393 in
658 4340 854 4394 futuro
872 4342 894 4393 ?
912 4338 1048 4394 Sine
1070 4356 1246 4395 causa
1263 4340 1571 4395 diversitas
1588 4340 1893 4396 nominum
1910 4347 2016 4410 est,

364 4428 465 4483 ubi
517 4444 631 4481 non
690 4431 779 4481 est
836 4428 1141 4483 diversitas
1192 4429 1555 4483 meritorum.
1616 4430 2019 4502 Archangelus

2139 3267 2426 3340 gradatim
2459 3268 2531 3323 ad
2566 3269 2837 3323 verticem
2871 3270 3219 3340 pervenisse.
3245 3271 3357 3326 Sed
3380 3276 3438 3325 et
3467 3270 3611 3328 illud
3634 3274 3792 3345 quod

2138 3355 2341 3427 objicit
2370 3357 2474 3427 [Αι.
2509 3356 2767 3427 objecit].
2800 3358 2916 3413 Non
2943 3374 3045 3428 pro
3064 3359 3147 3413 his
3176 3375 3306 3428 rogo
3355 3363 3589 3428 tantum,
3621 3362 3714 3418 sed
3739 3367 3795 3418 et

2131 3460 2234 3514 pro
2261 3444 2376 3498 illis
2406 3446 2502 3515 qui
2536 3444 2807 3500 credituri
2834 3448 2963 3500 sunt
2987 3462 3089 3517 per
3108 3446 3337 3502 verbum
3367 3463 3561 3503 eorum
3590 3450 3651 3504 in
3677 3466 3792 3505 me:

2136 3540 2195 3586 ut
2224 3534 2371 3587 sicut
2400 3548 2520 3603 ego,
2540 3534 2727 3600 Pater,
2756 3535 2816 3588 in
2846 3541 2903 3588 te
2931 3535 2975 3601 δ,
3008 3540 3060 3589 et
3091 3542 3149 3589 tu
3179 3536 3240 3589 in
3266 3552 3356 3591 me
3386 3552 3563 3592 unum
3600 3554 3793 3594 sumus

2136 3621 2213 3674 ita
2247 3636 2433 3675 omnes
2462 3637 2637 3676 unum
2664 3624 2776 3676 sint
2804 3624 2865 3676 in
2888 3623 3046 3677 nobis
3065 3623 3245 3691 (Joan.
3278 3640 3412 3692 xvu,
3443 3628 3537 3694 20,
3567 3628 3662 3696 21)
3684 3645 3703 3679 :
3735 3632 3793 3683 et

2134 3710 2292 3781 quod
2323 3710 2516 3765 omnis
2548 3710 2802 3783 populus
2825 3710 3191 3767 Christianus
3222 3729 3408 3768 unum
3439 3714 3519 3770 sit
3560 3716 3619 3770 in
3649 3715 3789 3780 Deo,

2135 3798 2305 3869 quasi
2331 3790 2431 3853 ﬁlii
2463 3799 2818 3866 charissimi,
2875 3800 3081 3855 divinae
3139 3810 3416 3858 consortes
3473 3805 3792 3876 natura“!

2133 3891 2287 3942 Petr.
2324 3904 2361 3953 1,
2398 3887 2471 3958 4).
2502 3887 2637 3943 Jam
2670 3905 2849 3960 supra
2879 3888 3227 3956 diximus,et
3256 3907 3414 3947 nunc
3445 3891 3676 3964 plenius
3701 3894 3791 3949 in-

2132 3975 2484 4031 culcandum
2517 3980 2748 4043 est,non
2773 3993 2880 4032 nos
2905 3978 3230 4034 secundum
3259 3983 3663 4050 naturam,sed
3696 3999 3786 4039 se-

2131 4065 2390 4119 cundum
2412 4064 2659 4137 gratiam
2694 4082 2879 4120 unum
2909 4083 3038 4123 esse
3059 4068 3117 4122 in
3150 4072 3322 4125 Patre
3344 4073 3402 4124 et
3437 4069 3580 4126 Filio
3609 4073 3652 4124 ⁸.
3677 4071 3786 4127 Ne-

2129 4168 2244 4224 que
2274 4153 2431 4209 enim
2449 4153 2715 4223 ejusdem
2749 4155 3093 4210 substantiae
3124 4161 3214 4213 est
3249 4158 3431 4229 (quod
3477 4159 3783 4215 Manichaei

2130 4242 2318 4297 solent
2347 4241 2557 4313 dicere)
2590 4242 2789 4298 anima
2818 4243 3078 4299 humana
3097 4249 3154 4301 et
3185 4246 3358 4303 Deus.
3393 4248 3788 4315 Sed,dile.risli

2128 4329 2341 4401 inquit,
2396 4346 2509 4397 eos,
2540 4333 2680 4386 sicut
2709 4335 2763 4386 et
2791 4347 2876 4387 me
2920 4332 3175 4388 dilexisti
3230 4336 3407 4406 (Joan.
3466 4353 3607 4402 xvn,
3660 4337 3783 4409 23).

2127 4418 2304 4474 Vides
2317 4435 2454 4491 ergo
2477 4420 2630 4490 quod
2657 4419 2715 4474 in
2737 4420 3095 4477 consortium
3113 4424 3457 4479 substantia:
3474 4426 3603 4497 ejus
3617 4442 3786 4482 assu-

370 4514 575 4589 utique
606 4513 852 4569 aliorum
886 4516 1180 4570 minorum
1205 4520 1293 4570 est
1341 4516 1701 4588 angelorum.
1765 4519 2022 4576 Archan-
2051 4527 2097 4591 1)
2129 4507 2369 4573 mimur.
2406 4524 2520 4563 ῐιοῐι
2553 4514 2775 4564 natura!
2797 4525 2946 4576 9838:
2983 4510 3084 4565 sed
3116 4510 3360 4583 ενίιίωε
3393 4517 3452 4569 et
3502 4514 3631 4571 ίάθο
3673 4531 3784 4572 n03

368 4600 555 4675 gelus,
590 4606 646 4656 et
675 4602 1016 4669 Potestates,
1043 4609 1098 4659 et
1128 4604 1566 4661 Dominationes
1597 4607 1814 4663 habent
1835 4608 1948 4665 alia
1978 4612 2019 4676 ⁸,

374 4705 479 4764 per
508 4707 633 4762 qua:
663 4695 964 4746 exerceant
995 4697 1361 4763 potestatem,
1394 4699 1450 4749 et
1480 4694 1538 4749 in
1572 4713 1698 4768 quae
1755 4698 2021 4769 subjecta

372 4777 767 4835 dominentur.
802 4780 919 4835 Hoc
950 4781 1007 4835 in
1060 4781 1219 4837 caelis
1262 4790 1368 4851 est,
1422 4782 1531 4839 hoc
1576 4784 1634 4839 in
1687 4787 2019 4845 ministerio

373 4869 481 4940 (Αι.
514 4868 812 4942 mysterio)
857 4870 994 4936 Deo,
1029 4888 1099 4926 ne
1148 4888 1252 4927 nos
1310 4873 1481 4927 solito
1541 4890 1699 4930 more
1749 4875 2018 4945 irrideas,

451 4974 585 5052 {AL
621 4978 681 5030 in
710 4976 926 5052 limine.
964 4982 1144 5035 Locus
1174 4983 1264 5034 est
1295 4996 1420 5052 cap.
1457 4997 1603 5047 xuv,
1634 4998 1686 5036 ν.
1723 4983 1792 5037 10
1846 5000 1860 5038 :
1910 4984 2014 5039 Sed

370 5050 423 5124 et
452 5047 671 5124 Leritte,
708 5051 804 5119 qui
833 5050 988 5119 longe
1020 5047 1416 5124 recesserunt}:
1443 5068 1529 5106 me
1555 5069 1745 5109 errore
1775 5056 2021 5124 ﬁliorum

369 5117 569 5196 Israel,
600 5117 1011 5196 cieri-nuerunt
1038 5139 1071 5176 ιι
1102 5139 1187 5178 me
1211 5127 1330 5193 post
1363 5123 1510 5177 idola
1556 5140 1681 5190 sua,
1740 5117 1791 5180 el
1834 5131 2020 5196 porta-

370 5193 565 5243 verunt
588 5190 938 5259 iniquitatem
975 5209 1153 5257 suam,
1211 5190 1373 5249 erunt
1428 5196 1483 5249 in
1532 5190 1847 5252 sanctuarii}
1905 5215 2021 5253 meo

382 5259 565 5334 aditui
606 5264 658 5334 el
689 5262 947 5325 ianitores
973 5268 1255 5333 portarum
1290 5265 1499 5334 domus,
1539 5274 1588 5321 el
1630 5268 1871 5323 ministri
1925 5269 2021 5323 (lo-

373 5346 500 5384 mus
530 5331 639 5400 ipsi
656 5331 992 5396 maclabunt‘,
1026 5340 1158 5401 etc.,
1191 5342 1299 5391 etc.

447 5402 621 5479 fnuo
665 5418 808 5479 ms_s.
845 5403 1048 5479 habent
1090 5407 1299 5479 aliqua,
1350 5424 1512 5477 super
1567 5424 1691 5479 quae
1736 5418 2025 5466 exerceant

370 5476 704 5545 potestatem.
737 5475 889 5529 Tum
921 5498 948 5523 ‹‹
985 5475 1097 5530 Hoc
1124 5475 1189 5531 in
1213 5475 1441 5533 smculis
1473 5475 1587 5545 est,
1616 5480 1721 5536 hoc
1754 5482 1811 5535 in
1846 5482 2018 5536 mini-

380 5542 566 5619 aterio
596 5543 715 5599 Dei.
751 5567 779 5593 ››
802 5545 1125 5619 Utrumque
1146 5550 1401 5615 fortasse
1425 5542 1636 5606 verius.

446 5617 468 5651 ³
489 5614 667 5672 Iidem
704 5632 844 5688 mss,
875 5614 1046 5675 valde
1057 5614 1321 5691 frivolum
1349 5630 1446 5689 est,
1470 5626 1604 5691 etc.,
1658 5638 1791 5679 cum
1840 5625 2019 5681 veteri

2131 4594 2323 4667 diligit
2350 4597 2391 4662 τ,
2425 4595 2564 4668 quia
2595 4599 2744 4653 87]
2785 4598 2993 4654 Filium
3041 4599 3242 4655 dilexit
3272 4601 3439 4658 Pater
3460 4621 3479 4658 :
3509 4607 3566 4659 et
3597 4620 3783 4659 mem-

2130 4685 2235 4740 bra
2281 4684 2629 4758 diliguntur,
2656 4686 2877 4743 scilicet
2905 4688 2963 4742 in
3007 4704 3266 4760 corpore.
3330 4691 3580 4764 Quoquo!
3630 4695 3787 4748 enim

2130 4779 2453 4844 receperunt
2482 4774 2782 4841 Christum,
2804 4776 2951 4831 dedit
2980 4780 3061 4832 eis
3103 4780 3437 4849 potestatem
3490 4781 3640 4852 ﬁlios
3684 4783 3788 4837 Dei

2129 4864 2276 4933 ﬁeri,
2310 4864 2397 4919 his
2427 4866 2523 4934 qui
2551 4864 2783 4919 credunt
2816 4866 2878 4919 in
2909 4867 3135 4921 nomine
3195 4868 3310 4939 ejus
3333 4885 3352 4925 :
3409 4871 3506 4939 qui
3557 4885 3669 4925 non
3712 4886 3786 4925 ea:

2130 5058 2411 5113 editione.

2142 5124 2181 5143 ί
2202 5130 2221 5163 ⁴
2254 5133 2316 5183 1η
2349 5129 2480 5185 aliis
2510 5146 2652 5185 mss.
2686 5131 2745 5184 In
2780 5131 3032 5186 omnibus
3064 5133 3293 5188 habitat.

2201 5201 2221 5233 δ
2252 5200 2557 5276 Ita_eﬁ‘erri
2587 5201 2781 5255 locum
2815 5201 2971 5276 hunc
2996 5203 3229 5276 in_mss.
3253 5220 3437 5276 supra
3465 5205 3779 5261 docuimus

2131 5272 2395 5345 numJQ,
2431 5276 2566 5345 nota
2590 5290 2603 5340 ;
2626 5277 2804 5343 atque
2836 5273 2917 5329 ita
2945 5273 3183 5345 quidem
3217 5272 3496 5332 habuisse
3524 5282 3780 5333 veterem

2132 5341 2398 5414 Latinam
2431 5341 2743 5398 editionem
2783 5341 3031 5414 pronum
3064 5351 3154 5400 est
3183 5346 3437 5402 credere.

2200 5412 2664 5481 6Cisterciensis,
2713 5412 2818 5470 Sed
2872 5416 3177 5471 secundum
3229 5419 3468 5488 gratiam
3525 5435 3644 5476 esse
3720 5421 3784 5474 in

2129 5487 2302 5558 Patre
2328 5490 2383 5539 et
2414 5487 2573 5554 Filio,
2608 5488 2854 5558 absque,
2888 5505 3078 5543 unum.

2195 5554 2403 5636 iidem
2436 5559 2673 5636 ms._,__Et_
2710 5554 2831 5636 ideo
2882 5576 2981 5636 nos
3043 5558 3272 5636 diligit;
3310 5562 3465 5633 quia,
3524 5566 3662 5630 etc.,
3724 5561 3785 5619 in

2131 5625 2266 5683 aliis
2298 5626 2509 5685 deinde
2546 5628 2711 5686 libris
2733 5634 2824 5687 est
2842 5631 3050 5689 scilicet
3079 5648 3114 5688 a
3142 5625 3385 5705 corpore.
