2682 3279
138 71 188 107 3M
671 74 881 108 ADVERSUS
906 72 1145 107 JOVlNIANUM
1168 75 1197 107 Li

776 74 881 107 lRSUS
906 72 1145 107 JOVlNIANUM
1168 75 1241 107 LIB.
1264 70 1305 107 ῙῘ.
1770 72 1835 108 341

138 142 325 178 sanguinibus,
354 151 441 179 neque
469 151 506 172 ea:
521 143 660 172 voluntate
686 144 789 176 carnis,
818 150 904 179 neque
924 150 958 169 ex
972 142 1107 175 Amillia
1137 143 1245 171 talenta
1273 144 1386 177 debere,
1404 142 1483 171 aliud
1513 143 1715 180 quadrantem.
1736 143 1772 173 Et
1799 141 1836 172 de

135 188 266 216 voluntate
290 190 356 222 viri,
394 188 441 215 sed
463 197 499 216 ea:
522 189 575 216 Deo
600 189 661 216 nati
683 189 747 215 sunt
771 188 859 223 (Joan.
877 196 896 219 l,
913 187 957 219 12,

137 233 174 267 13)
201 233 332 260 Verbum
357 241 424 260 caro
449 233 559 260 factum
584 235 637 266 est,
661 235 693 259 ut
715 240 768 260 nos
804 232 839 259 de
872 239 959 258 carne

135 277 326 305 transiremus
341 277 372 304 in
386 277 525 305 Verbum.
549 277 608 305 Nec
631 277 759 305 Verbum
784 276 871 304 desiit
894 283 959 303 esse

138 322 212 357 quod
227 322 321 349 fuerat
332 330 399 349 :nec
407 321 494 349 homo
506 321 633 357 perdidit
644 321 799 356 esse,quod
813 323 898 348 natus
905 321 958 347 est.

138 366 233 394 Gloria
247 369 331 394 aucta
346 369 401 398 est,
418 374 475 393 non
492 368 603 393 mutata
614 368 728 393 natura.
741 365 791 392 Vis
802 365 876 393 scire
888 373 959 400 quo-

139 411 221 438 modo
237 419 305 438 cum
321 410 435 438 Christo
451 419 543 437 unum
568 418 674 446 corpus
689 409 874 437 efﬁciamur?
903 409 958 436 Do-

138 457 194 482 ceat
220 457 248 482 te
273 455 348 490 ipse,
370 455 419 490 qui
446 454 595 482 condidit:
632 455 689 490 Qui
711 455 825 481 comedit
849 462 959 481 carnem

135 507 229 531 mam,
256 502 283 527 el
309 500 386 536 bibit,
398 500 560 534 sanguinem
582 507 682 532 meum,
697 499 741 526 hic
754 500 781 526 in
797 507 841 526 me
857 500 958 530 manet,

135 549 158 572 et
181 552 231 579 ego
261 545 291 570 in
321 543 379 571 illo.
407 544 482 570 Sicut
502 544 577 570 misit
603 552 643 570 me
660 544 751 570 vivens
767 546 858 575 Pater,
874 547 898 570 et
912 550 960 576 ego

138 590 192 616 vivo
203 592 318 624 propter
332 590 462 617 Patrem:
479 592 505 615 et
521 588 568 623 qui
582 587 696 615 comedit
709 596 762 619 me,
774 588 841 615 vivit
849 591 961 623 propter

139 642 187 661 me.
219 634 270 660 [sle
298 638 336 660 est
364 633 446 668 panis
468 633 516 667 qui
537 632 569 659 de
583 633 649 660 oculo
664 632 800 659 descendit
816 632 903 668 (Joan.
922 640 959 664 v1,

154 679 170 704 7
182 677 279 714 seqq.).
298 677 355 705 Sed
371 679 399 704 et
417 677 545 704 Joannes
560 676 747 712 evangelista,
765 676 815 712 qui
838 676 872 703 de
895 684 961 712 pec-

136 725 192 750 tore
211 721 323 749 Christi
341 721 480 748 hauserat
492 721 678 757 sapientiam,
700 721 727 748 in
745 721 846 748 eadem
875 721 963 748 verba

135 766 304 797 concordat,
322 766 440 793 dicens:
457 766 488 793 In
514 766 562 793 hoc
588 766 772 800 intelligimus
796 766 865 800 quod
890 767 919 792 in
933 773 963 792 eo

137 819 290 843 manemus,
311 815 336 838 et
350 811 408 846 ipse
422 811 453 837 in
466 811 560 837 nobis:
584 811 715 845 quoniam
729 809 762 837 de
785 810 891 845 Spiritu
914 817 963 837 suo

137 857 206 884 dedit
231 855 322 883 nobis.
338 855 368 882 Si
390 855 450 890 quis
474 857 611 889 confessus
632 854 728 889 fuerit,
745 855 876 890 quoniam
889 855 964 881 .lesus

137 905 172 929 est
186 901 278 928 Filius
303 900 352 927 Dei
375 899 445 926 Deus
468 900 497 926 in
522 907 551 926 eo
575 903 678 931 manet,
702 901 728 926 et
743 900 800 934 ipse
817 899 846 925 in
862 899 912 926 Deo
926 900 965 926 est

141 946 161 980 il
175 947 257 973 Joan.
272 953 311 976 iv,
326 944 370 977 13,
388 944 443 977 15).
461 943 491 970 Si
511 943 605 971 credis
621 943 651 970 in
667 943 825 976 Christum,
842 951 964 979 quomo-

145 990 180 1017 do
205 991 235 1016 et
262 987 381 1024 apostoli
421 987 617 1021 crediderunt,
650 996 741 1015 unum
766 996 832 1015 cum
864 988 906 1015 eis
935 988 964 1014 in

145 1033 258 1061 Christo
274 1041 376 1068 corpus
388 1031 533 1059 el'ﬁcieris.
550 1031 578 1058 Si
595 1035 694 1059 autem
716 1032 904 1059 temerarium
922 1033 966 1059 est

140 1078 227 1106 fidem
244 1085 346 1105 eorum
360 1077 413 1104 tibi
425 1079 453 1104 et
468 1076 774 1112 operavindicare,qui
790 1077 878 1104 ﬁdem
890 1084 966 1104 eam-

136 1123 199 1150 dem
227 1124 257 1150 et
282 1130 371 1157 opera
396 1129 453 1149 non
476 1120 576 1153 habes,
594 1121 731 1148 eumdem
747 1120 844 1148 locum
859 1120 965 1148 habere

136 1176 189 1195 non
206 1166 331 1202 poteris.

168 1213 214 1239 30.
244 1210 317 1239 Ordo
343 1210 477 1237 Ecclesia.
507 1212 623 1237 Peccata
651 1211 748 1244 gravia
778 1212 803 1237 et
827 1210 908 1237 leuia.
932 1225 965 1229 —

135 1259 224 1284 Porro
241 1255 323 1291 quod
336 1254 458 1290 jactitas
472 1262 621 1289 sponsam,
635 1262 777 1288 sororem,
793 1257 927 1288 matrem,
940 1256 967 1282 et

135 1301 237 1330 omnia
252 1300 315 1327 haec
331 1298 471 1326 vocabula
487 1298 576 1326 unius
596 1307 660 1326 esse
676 1298 819 1331 Ecclesiae,
836 1300 967 1326 cunctos-

135 1354 188 1382 que
204 1345 365 1373 credentes
380 1343 427 1370 his
443 1343 613 1371 nominibus
629 1343 797 1379 signiﬁcari,
822 1345 924 1370 contra
939 1345 967 1370 te

136 1391 214 1419 facit.
244 1389 277 1417 Si
302 1388 382 1415 enim
403 1396 480 1415 unus
495 1388 565 1415 ordo
581 1387 714 1415 Ecclesiae
730 1390 783 1421 est,
800 1389 828 1415 et
840 1395 898 1414 non
914 1387 966 1414 ha-

136 1436 181 1463 bet
196 1434 335 1471 plurima
351 1433 484 1460 membra
499 1432 529 1459 in
545 1440 603 1459 uno
615 1440 734 1468 corpore
747 1441 753 1459 :
766 1432 836 1467 quid
849 1440 967 1459 necesse

136 1481 229 1508 estut
249 1485 373 1514 sponsa,
397 1485 479 1504 soror
501 1478 619 1504 vocetur
642 1479 671 1503 et
697 1480 806 1503 mater:
822 1477 878 1504 nisi
895 1476 965 1503 alio—

1013 188 1104 215 otioso
1119 188 1238 223 quidem
1263 189 1359 222 verbo,
1377 190 1404 216 et
1423 188 1566 216 adulterio
1591 189 1631 217 rei
1650 189 1834 223 tenebimur;

1013 233 1062 259 sed
1093 241 1150 259 non
1179 235 1223 260 est
1251 233 1328 260 idem
1358 232 1499 266 suﬁ‘undi,
1515 235 1544 261 et
1563 234 1708 269 torqueri;
1731 233 1833 262 erube-

1014 285 1102 310 scere,
1120 279 1147 304 et
1162 277 1248 313 longo
1277 279 1406 314 tempore
1435 278 1569 305 cruciari.
1586 279 1674 306 Putas
1699 280 1832 306 nostrum

1013 329 1077 349 esse
1104 322 1182 357 quod
1206 321 1378 358 loquimur?
1390 323 1463 350 Audi
1485 322 1650 359 apostolum
1665 323 1807 351 Joannem
1824 332 1831 351 :

1013 366 1069 400 (lui
1092 367 1141 393 scit
1161 367 1276 401 fratrem
1296 375 1376 394 suum
1401 375 1512 402 peccare
1540 371 1682 403 peceatum
1713 376 1769 395 non
1800 368 1835 395 ad

1013 412 1135 444 mortem,
1160 415 1243 446 petat,
1269 415 1294 439 et
1317 412 1391 438 dabit
1415 413 1441 439 ei
1463 412 1559 445 vitam,
1585 412 1710 448 peccanti
1732 420 1787 440 non
1802 412 1837 439 ad

1013 457 1138 482 mortem.
1152 456 1206 489 Qui
1221 463 1283 483 vero
1305 457 1458 491 peccaverit
1482 456 1516 483 ad
1531 460 1657 491 mortem,
1673 458 1735 492 quis
1748 457 1837 484 orabit

1014 507 1062 534 pro
1078 507 1107 525 eo
1124 499 1235 532 (lJoan.
1252 508 1278 531 ν,
1296 499 1363 534 16)?
1379 500 1478 527 Cernis
1498 500 1574 535 quod
1600 500 1624 528 si
1645 509 1695 536 pro
1711 501 1837 536 peccatis

1016 543 1180 570 minoribus
1195 544 1393 579 deprecemur,
1406 545 1597 580 impetremus
1611 545 1773 573 veniam.Si
1785 553 1837 580 pro

1015 587 1186 622 majoribus,
1199 588 1325 616 difﬁcilis
1341 589 1506 625 impctratio
1521 589 1572 616 sit:
1590 591 1618 616 et
1632 589 1706 617 inter
1721 591 1839 625 peccata

1016 634 1044 659 et
1067 635 1185 668 peccata
1209 641 1347 669 magnam
1373 641 1436 661 esse
1464 633 1646 661 distantiam.
1664 633 1743 661 Unde
1758 635 1787 661 et
1802 633 1837 661 de

1017 676 1124 712 populo
1151 676 1249 710 Israel,
1267 677 1316 713 qui
1341 680 1511 713 peccaverat
1526 680 1679 713 peccatum
1704 678 1739 705 ad
1757 686 1838 706 mor-

1017 724 1086 755 tem,
1105 720 1210 748 dicitur
1226 722 1261 749 ad
1285 722 1442 750 Jeremiam
1461 731 1467 749 :
1485 723 1547 750 Noli
1569 731 1647 750 orare
1670 731 1718 759 pro
1738 723 1839 759 populo

1017 766 1074 798 hoc,
1090 774 1140 793 nec
1150 774 1274 793 assumas
1288 774 1338 801 pro
1361 768 1399 794 eis
1415 767 1639 802 deprecationem,
1652 771 1677 794 et
1691 775 1745 794 non
1767 767 1839 794 obsi-

1018 814 1071 837 stas
1095 810 1174 843 mihi,
1191 811 1254 845 quia
1279 819 1334 838 non
1365 811 1514 838 exaudiam
1541 816 1567 839 te
1590 812 1699 847 (Jerem.
1716 820 1767 844 vn,
1783 811 1839 845 16).

1019 855 1048 882 Si
1065 857 1162 882 autem
1179 864 1281 883 omnes
1295 855 1446 891 aequaliter
1460 858 1488 883 et
1509 855 1665 883 introimus
1690 855 1841 889 szeculum,

1019 901 1048 927 et
1063 899 1176 927 eximus
1192 900 1228 927 de
1249 899 1365 932 smculo,
1381 902 1409 927 et
1432 900 1486 928 hoc
1511 900 1711 936 praeiudicium
1729 900 1841 928 futuro-

1019 952 1085 971 rum
1102 944 1154 979 [Αἱ.
1172 944 1314 979 futurum]
1330 946 1374 972 est
1391 953 1397 971 :
1414 952 1482 980 ergo
1504 944 1654 980 mqualiter
1670 947 1698 972 et
1714 944 1798 981 justi,
1814 947 1843 973 et

1021 991 1184 1024 peccatores
1200 988 1372 1016 habebimur
1387 989 1464 1024 apud
1480 989 1584 1021 Deum,
1599 989 1669 1024 quia
1684 998 1761 1017 nunc
1780 988 1842 1025 pari

1020 1033 1106 1060 modo
1129 1035 1157 1060 et
1181 1041 1365 1068 generamur,
1384 1035 1412 1060 et
1436 1033 1589 1060 morimur.
1613 1033 1693 1065 Quod
1719 1032 1744 1060 si
1769 1033 1843 1060 duos

1020 1085 1083 1105 esse
1108 1077 1259 1104 contendis
1273 1077 1375 1111 Adam,
1394 1077 1518 1104 alterum
1543 1079 1701 1110 terrenum,
1718 1076 1842 1104 alterum

1020 1121 1165 1149 caelestem
1179 1130 1185 1154 ;
1199 1123 1226 1148 et
1251 1121 1300 1156 qui
1327 1121 1355 1147 in
1381 1122 1494 1148 terreno
1519 1121 1638 1155 fuerint,
1655 1128 1705 1149 eos
1726 1129 1791 1149 esse
1807 1121 1843 1148 ad

1021 1166 1170 1193 sinistram
1186 1166 1196 1182 ²
1213 1173 1218 1192 :
1236 1165 1287 1201 qui
1310 1174 1377 1192 vero
1401 1165 1430 1192 in
1458 1165 1580 1199 caelesti,
1596 1173 1646 1193 eos
1667 1173 1731 1193 esse
1747 1174 1763 1193 a
1775 1165 1843 1193 dex-

1020 1210 1091 1244 tris;
1109 1210 1253 1245 responde
1269 1209 1341 1237 mihi
1358 1209 1488 1243 interim,
1500 1212 1532 1237 ut
1560 1210 1595 1238 de
1610 1210 1726 1237 duobus
1740 1211 1769 1237 te
1783 1210 1841 1237 fra-

1020 1254 1115 1281 tribus
1141 1254 1432 1290 interrogem:Esau
1462 1254 1492 1281 in
1520 1256 1635 1282 terreno
1662 1254 1728 1287 fuit,
1744 1263 1782 1282 an
1813 1254 1843 1282 in

1021 1298 1152 1326 cmlesti?
1165 1298 1242 1325 Nulli
1259 1298 1382 1326 dubium
1407 1300 1462 1331 est,
1479 1298 1549 1334 quin
1579 1299 1608 1326 in
1633 1300 1748 1326 terreno
1777 1306 1845 1326 eum

1022 1343 1113 1370 fuisse
1137 1343 1325 1378 respondeas.
1341 1343 1431 1370 Jacob
1456 1343 1485 1370 in
1511 1351 1568 1378 quo
1591 1342 1669 1370 fuit?
1684 1343 1768 1370 Dices
1782 1351 1847 1378 pro-

1020 1387 1110 1420 tinus,
1128 1387 1157 1413 in
1173 1385 1293 1414 cmlesti.
1310 1387 1343 1413 Et
1358 1387 1503 1422 quomodo
1519 1386 1549 1414 in
1571 1386 1680 1415 cmlesti
1694 1387 1758 1418 fuit,
1776 1395 1844 1414 cum

1022 1431 1117 1458 adhuc
1132 1431 1266 1458 Christus
1283 1439 1341 1458 non
1356 1430 1482 1458 venisset
1496 1430 1525 1457 in
1551 1439 1646 1464 carne,
1664 1431 1714 1467 qui
1739 1438 1844 1459 secun-

1022 1476 1076 1503 dus
1092 1477 1119 1503 et
1134 1475 1260 1503 caelestis
1287 1475 1379 1502 Adam
1405 1475 1512 1502 dicitur
1524 1477 1535 1502 Ρ
1549 1477 1606 1502 Aut
1633 1475 1723 1511 igitur
1741 1483 1844 1503 omnes

136 1532 201 1552 rum
228 1531 353 1559 sponsa,
377 1520 502 1548 aliorum
527 1529 618 1553 soror,
643 1520 767 1548 aliorum
794 1523 886 1548 mater
906 1520 966 1548 sit?
982 1511 1003 1544 Ο
1023 1521 1099 1548 373
1115 1522 1182 1547 ante
1198 1519 1551 1559 incarnationequhristi
1567 1520 1596 1547 in
1615 1520 1704 1547 veteri
1729 1521 1844 1556 reputa-

136 1569 221 1596 Stant
247 1566 371 1602 quidem
397 1573 498 1592 omnes
522 1565 557 1592 ad
582 1565 733 1592 dextram:
752 1565 801 1592 sed
819 1565 894 1592 alius
909 1566 967 1592 stat

138 1615 173 1640 ut
187 1620 328 1648 sponsus,
346 1609 421 1637 alius
437 1612 470 1637 ut
486 1609 583 1644 frater,
598 1609 674 1636 alius
693 1611 726 1636 ut
752 1608 841 1636 ﬁlius.
875 1609 969 1636 Filioli

138 1657 249 1692 inquit,
278 1656 344 1688 mei,
375 1662 441 1689 quos
469 1655 570 1681 iterum
590 1654 727 1689 parturio,
748 1654 831 1681 donec
845 1653 968 1681 Christus

145 1702 281 1736 formetur
296 1700 326 1726 in
339 1699 412 1726 vobis
428 1698 528 1733 (Galat.
546 1706 583 1730 IV,
609 1698 662 1734 19).
688 1698 815 1725 Putasne
836 1698 969 1733 ejusdem

149 1752 214 1772 esse
237 1743 334 1771 meriti
354 1751 401 1771 eos
416 1742 467 1778 qui
485 1742 700 1778 parturiuntur,
716 1744 744 1769 et
758 1741 808 1777 qui
825 1741 971 1777 parturit?

151 1788 233 1816 Unde
257 1789 285 1815 et
311 1787 393 1815 stulte
422 1795 553 1814 asserere
580 1786 695 1814 voluisti
725 1787 824 1813 omnia
840 1786 973 1814 membra

145 1832 302 1869 aqualiter
316 1840 368 1859 nos
384 1831 516 1867 diligere,
533 1839 585 1858 nec
601 1830 719 1858 oculum
736 1838 903 1866 praeponere
928 1830 971 1857 di-

144 1878 217 1915 gito,
241 1884 295 1904 nec
319 1884 441 1903 manum
468 1874 624 1908 auriculae;
658 1875 708 1902 sed
728 1874 758 1901 in
790 1873 971 1910 singulorum

144 1921 309 1950 amissione
322 1921 534 1953 membrorum,
550 1919 680 1946 dolorem
696 1927 760 1946 esse
775 1927 974 1951 communem,

146 1974 213 1993 cum
230 1964 392 2000 Apostolus
406 1964 509 1991 doceat
522 1964 557 1990 ad
576 1963 750 1996 Corinthios,
776 1963 838 1990 Alia
853 1963 976 1990 membra
991 1955 997 1961 ’

145 2011 223 2039 872
235 2017 297 2037 esse
311 2009 478 2040 honestiora,
490 2008 548 2035 alia
564 2007 777 2037 verecundiam;
793 2008 817 2034 et
831 2015 891 2043 qua:
908 2015 978 2034 vere-

145 2055 283 2083 cundiam
306 2057 383 2085 sunt,
408 2053 513 2088 majore
536 2052 672 2080 honestate
700 2051 868 2079 circumdari
875 2052 880 2068 ¹
895 2061 903 2078 :
919 2060 977 2086 qua:

149 2107 212 2127 vero
225 2107 274 2135 per
288 2106 318 2125 se
332 2098 456 2130 honesta,
473 2097 559 2125 nostri
577 2097 630 2132 [Αι.
657 2096 767 2129 nostra]
795 2104 847 2123 non
874 2096 978 2131 indige-

147 2153 183 2172 re
194 2142 386 2172 sollzeiludine
399 2142 423 2176 (Ι
433 2141 484 2169 Cor
498 2150 537 2168 x11
560 2140 671 2174 22—24).
702 2140 879 2176 Ejusdemne
902 2140 978 2167 ordi-

1022 1564 1067 1592 bis
1081 1565 1185 1598 Adam,
1201 1566 1229 1591 et
1238 1563 1312 1599 justi
1328 1557 1443 1599 quoque
1456 1563 1486 1590 in
1501 1565 1616 1591 terreno
1629 1563 1757 1597 homine,
1769 1565 1798 1591 et
1809 1563 1846 1591 ad

1023 1608 1174 1636 sinistram
1194 1610 1280 1635 erunt
1302 1607 1378 1635 inter
1394 1608 1490 1635 hircos
1510 1609 1577 1636 tuos
1595 1616 1601 1635 :
1618 1610 1669 1635 aut
1681 1608 1705 1636 si
1722 1607 1846 1643 impium

1024 1655 1067 1681 est
1091 1653 1129 1680 ibi
1157 1653 1236 1680 Isaac
1259 1660 1376 1688 ponere,
1393 1652 1444 1679 ubi
1468 1652 1592 1680 Ismael:
1615 1652 1655 1679 ibi
1678 1652 1780 1687 Jacob,
1797 1651 1848 1679 ubi

1025 1698 1099 1725 Esau
1122 1706 1129 1730 ;
1151 1697 1191 1724 ibi
1217 1699 1345 1730 sanctos,
1375 1697 1424 1724 ubi
1450 1699 1616 1732 peccatores
1640 1705 1646 1729 ;
1672 1696 1851 1724 novissimus

1026 1742 1116 1769 Adam
1134 1749 1168 1768 ex
1190 1749 1222 1768 eo
1249 1744 1380 1776 tempore
1404 1741 1615 1773 numerabitur,
1632 1748 1690 1776 quo
1715 1740 1850 1768 Christus

1027 1789 1071 1814 est
1108 1788 1195 1813 natus
1224 1794 1257 1812 ex
1281 1785 1411 1821 Virgine,
1437 1787 1465 1811 et
1489 1787 1694 1821 argumentum
1724 1785 1852 1812 duorum

1028 1831 1120 1858 Adam
1145 1839 1201 1857 non
1225 1829 1356 1865 proﬁciet
1375 1829 1477 1857 ovibus
1495 1831 1523 1857 et
1542 1828 1633 1856 hzedis
1654 1829 1725 1863 tuis,
1741 1828 1811 1865 quia
1822 1828 1853 1857 in

1030 1875 1123 1911 primo
1139 1874 1232 1901 Adam
1254 1876 1282 1901 et
1297 1882 1364 1901 oves
1379 1876 1408 1901 et
1430 1874 1528 1901 haedos
1553 1873 1732 1901 convicimus
1752 1873 1852 1908 fuisse,

1030 1921 1059 1947 et
1073 1918 1103 1946 in
1119 1926 1176 1945 uno
1193 1920 1281 1953 atque
1297 1917 1398 1944 eodem
1415 1917 1544 1952 homine,
1561 1916 1632 1945 alios
1648 1925 1665 1944 a
1679 1916 1786 1944 dextris
1803 1916 1855 1944 Dei

1031 1963 1157 1996 stetisse,
1172 1962 1245 1990 alios
1260 1971 1276 1989 a
1289 1961 1417 1989 sinistris
1432 1970 1438 1988 :
1455 1961 1493 1989 Ab
1517 1961 1603 1988 Adam
1629 1962 1705 1988 enim
1722 1968 1806 1996 usque
1820 1960 1855 1987 ad

1032 2010 1156 2044 Moysen,
1174 2014 1246 2034 mors
1265 2014 1347 2041 super
1365 2014 1456 2033 omnes
1480 2006 1621 2032 dominata
1635 2009 1684 2037 est,
1704 2005 1788 2032 etiam
1805 2012 1855 2032 su-

1030 2061 1080 2089 per
1094 2060 1137 2079 eos
1151 2052 1199 2087 qui
1214 2059 1268 2078 non
1282 2054 1460 2085 peccaverunt
1475 2059 1483 2076 :
1500 2050 1530 2076 in
1559 2049 1770 2077 similitudinem
1784 2056 1855 2084 prae-

1034 2097 1212 2125 varicationis
1226 2095 1312 2123 Adam
1323 2096 1411 2129 (Rom.
1427 2104 1454 2128 v,
1472 2094 1527 2129 Μ).

1071 2142 1114 2169 3L
1133 2141 1164 2167 In
1179 2142 1301 2176 martyre
1325 2140 1451 2167 voluntas
1469 2140 1624 2166 coronatur.
1642 2154 1676 2158 ——
1692 2139 1730 2166 De
1756 2146 1789 2166 eo
1805 2146 1855 2165 au-

146 2189 196 2216 nis
226 2186 384 2216 arbitraris
413 2188 442 2213 et
467 2185 571 2218 meriti,
607 2193 640 2213 os
664 2187 692 2212 et
712 2184 819 2218 alvum,
837 2184 935 2212 oculos
952 2186 981 2212 et
996 2194 1019 2225 D
1035 2188 1092 2213 tem
1110 2185 1186 2221 quod
1206 2184 1308 2212 niteris
1324 2184 1495 2220 approbare,
1513 2182 1677 2211 convicium
1692 2184 1721 2210 et
1735 2182 1858 2210 homici-

147 2235 269 2260 meatus
294 2239 347 2267 per
363 2238 438 2266 quos
454 2230 542 2257 ﬁmus
556 2229 683 2266 egeritur
698 2231 725 2257 et
741 2229 847 2256 urina?
859 2230 982 2256 Lucerna

148 2277 259 2312 inquit,
281 2276 405 2310 corporis
427 2275 471 2301 tui
493 2277 533 2302 est
548 2274 641 2301 oculus
655 2275 726 2301 tuus.
743 2274 772 2300 Si
786 2274 881 2301 oculus
896 2281 982 2301 caecus

150 2322 252 2356 fuerit,
269 2324 357 2347 totum
384 2326 482 2354 carptas
506 2319 536 2345 in
570 2319 687 2345 tenebris
715 2322 754 2345 est
777 2318 852 2351 (Luc.
869 2326 908 2350 x1,
924 2318 980 2352 34).

152 2364 187 2392 Si
204 2364 327 2400 digitum
341 2365 489 2399 amputes,
510 2363 534 2389 si
559 2362 758 2389 summitatem
775 2361 923 2394 auriculae,
939 2364 984 2389 est

153 2409 277 2445 quidem
293 2408 387 2440 dolor,
401 2407 452 2434 sed
468 2415 525 2434 non
541 2409 656 2433 tantum
672 2406 824 2438 damnum,
841 2414 893 2433 nec
905 2408 983 2433 tanta

149 2462 224 2482 cum
249 2453 350 2481 dolore
374 2451 556 2484 deformitas,
581 2452 691 2486 quanta
715 2450 737 2478 si
762 2450 861 2477 oculos
886 2458 982 2484 eruas,

148 2502 277 2526 truncas
292 2505 390 2529 nares,
407 2504 439 2524 os
456 2495 593 2523 disseccs.
611 2495 676 2522 Sine
692 2494 757 2522 aliis
781 2494 922 2522 membris
946 2494 985 2522 vi-

147 2550 222 2571 vere
236 2550 411 2578 possumus,
431 2541 495 2568 sine
511 2539 574 2567 aliis
589 2539 708 2567 omnino
732 2547 789 2566 non
815 2547 983 2574 possumus.

147 2588 233 2615 Sunt
249 2588 371 2622 peccata
397 2585 482 2619 levia,
511 2586 580 2612 sunt
599 2583 706 2620 gravia.
723 2583 810 2611 Aliud
827 2585 871 2611 est
885 2583 985 2611 decem

194 2704 202 2719 ¹
223 2702 401 2730 Veronensis
413 2709 479 2729 cum
496 2701 692 2735 Cistcrcicnsi,
710 2701 839 2735 majorem
863 2700 986 2727 lumesta-

153 2742 218 2767 tem
232 2738 418 2766 circumdare.

1036 2231 1129 2264 dium,
1145 2237 1212 2256 raca
1227 2231 1256 2256 et
1268 2228 1490 2262 adulterium,et
1505 2227 1632 2256 otiosum
1648 2228 1861 2261 sermonem,et

1036 2273 1216 2309 impietatem
1233 2281 1291 2300 uno
1307 2272 1451 2308 supplicio
1470 2273 1628 2308 repensari,
1640 2273 1703 2308 jam
1727 2273 1756 2299 et
1770 2278 1863 2306 supra

1036 2318 1089 2345 tibi
1105 2325 1279 2352 responsum
1299 2319 1352 2349 est,
1370 2319 1398 2344 et
1423 2326 1501 2344 nunc
1522 2317 1644 2344 breviter
1668 2314 1866 2351 respondebo.

1036 2362 1093 2389 Aut
1110 2363 1291 2397 peccatorem
1308 2363 1335 2387 te
1351 2361 1484 2396 negabis,
1497 2363 1528 2388 ut
1543 2369 1601 2388 non
1617 2360 1658 2387 sis
1674 2368 1742 2387 reus
1756 2359 1874 2395 gehen-

1037 2415 1081 2434 nae
1099 2414 1105 2432 :
1123 2408 1174 2433 aut
1190 2405 1213 2432 si
1231 2407 1364 2440 peccator
1387 2405 1487 2438 fueris,
1504 2404 1591 2432 etiam
1617 2404 1652 2431 de
1672 2403 1726 2432 levi
1740 2403 1889 2438 crimine

1039 2450 1153 2478 duceris
1168 2449 1203 2476 ad
1221 2451 1373 2476 tartarum.
1390 2450 1433 2481 05,
1452 2448 1556 2483 inquit,
1574 2449 1642 2484 quod
1661 2449 1803 2480 mentitur,
1819 2456 1925 2487 σεΧ

1038 2496 1104 2523 cidit
1126 2495 1249 2521 animam
1273 2493 1349 2528 (Sap.
1366 2502 1385 2525 1,
1402 2493 1456 2526 11).
1481 2493 1620 2528 Suspicor
1644 2494 1672 2521 te
1693 2492 1885 2529 aliquaudq

1040 2542 1073 2567 ut
1087 2538 1246 2569 hominem,
1264 2537 1354 2564 fuisse
1366 2536 1520 2564 mentitum
1536 2546 1542 2564 :
1560 2537 1656 2565 omnis
1678 2538 1756 2565 enim
1776 2530 2099 2592 bonm\

1120 2584 1127 2592 I
1150 2591 1164 2592 η
1202 2582 1276 2592 Ιηλ-1
1312 2582 1370 2592 Α....ὶ
1400 2583 1430 2592 ..ι
1457 2581 1492 2592 ,ἔι
1521 2581 1598 2592 __l,,_
1627 2582 1702 2592 I'\_,,,
1724 2589 1810 2592 A.A___.

1042 2584 1167 2611 mendax
1201 2582 1287 2617 (Psal.
1308 2582 1382 2617 cxv),
1400 2583 1432 2608 ut
1456 2581 1494 2609 sit
1519 2581 1600 2610 solus
1626 2582 1703 2609 Deus
1724 2589 1828 2617 verax,

1080 2603 1167 2611 μημμι
1201 2603 1287 2617 γυνη.
1309 2603 1382 2617 ,ηυμ
1402 2603 1432 2608 _.
1456 2603 1494 2609 υ..
1519 2603 1600 2610 ,ωηο
1626 2603 1703 2609 νυ..-
1729 2603 1828 2617 ..μ-..η

1080 2701 1087 2714 ³
1104 2698 1177 2724 ()lim
1195 2705 1250 2723 esse
1279 2698 1312 2723 a4!
1338 2698 1492 2729 sinistrum,
1510 2697 1691 2726 Cisterciens.
1710 2703 1726 2721 (ι
1742 2603 2482 2816 siaistp\

1080 2733 1295 2762 icmadmodum
1311 2736 1337 2761 et
1349 2733 1423 2760 intra
1440 2733 1537 2761 habet.
2434 2758 2471 2787 \

1045 2733 1295 2769 quemadmodum
1311 2736 1337 2761 et
1349 2733 1423 2760 intra
1440 2733 1537 2761 habet.
1931 2733 1962 2740 κ
2244 2733 2471 2787 \\

2446 2896 2682 2993 \E

2633 2985 2682 3014 ἦ
