5364 6558
1014 270 1142 348 ω

2136 310 2153 319 -
2230 279 2340 348 .s.
2383 280 2693 348 unseen
2737 232 3217 352 ﬁIERONYMt-

4296 280 4411 357 tu

1012 409 1375 485 justiﬁcetur
1418 410 1478 470 in
1508 413 1880 474 sermonibus
1911 416 2126 484 suis,et
2167 417 2364 474 vincat
2400 434 2534 474 cum
2565 419 2664 490 ju-
2693 420 2748 488 Α
2778 420 2893 476 rita
2919 421 3099 477 totius
3147 421 3376 495 generis
3415 421 3683 491 humani,
3715 421 3818 478 sed
3847 418 3937 478 vel
3966 419 4037 478 ad
4067 415 4409 490 Judeiper-

1025 498 1303 556 dicaverit
1327 502 1497 575 (Psat.
1525 507 1634 571 LV).
1667 505 1783 560 Aut
1828 504 2008 576 igitur
2062 506 2236 562 homo
2282 525 2396 563 non
2430 508 2565 576 eris,
2599 526 2670 565 ne

1018 590 1281 647 mendax
1309 591 1392 646 sis
1426 610 1439 646 :
1474 597 1575 647 aut
1604 592 1651 647 si
1686 593 1825 665 quia
1854 594 2028 650 homo
2070 613 2153 664 es,
2187 597 2436 651 mendax
2467 596 2667 664 fueris,

1024 695 1158 737 cum
1191 680 1497 754 parricidis
1529 686 1585 736 et
1605 682 1888 738 adulteris
1915 685 2194 755 punieris.
2212 684 2385 740 Nulla
2407 689 2494 741 est
2514 685 2668 741 enim

960 832 971 843 χ
1025 767 1181 837 inter
1210 774 1444 841 peccata
1472 770 1777 826 diversitas
1804 790 1816 838 ;
1850 777 1907 827 et
1936 790 2049 827 non
2083 772 2187 828 tibi
2220 773 2519 829 habebunt
2535 778 2669 830 tan-

1017 860 1115 913 .tas
1145 858 1365 930 gratias
1397 874 1545 930 quos
1575 860 1647 915 de
1666 859 1876 915 humili
1907 862 1964 916 in
1984 861 2233 918 sublime
2252 861 2463 928 elevas,
2488 880 2671 935 quan-

1020 949 1149 1001 tum
1182 946 1525 1010 irascentur,
1551 966 1697 1020 quos
1728 953 1967 1021 propter
1994 950 2113 1006 leve
2146 951 2669 1024 quotidianumque

1022 1037 1350 1105 peccatum,
1383 1033 1440 1088 in
1473 1036 1785 1091 exteriores
1814 1038 2084 1093 tenebras
2114 1038 2425 1093 retrusisti.
2460 1039 2518 1093 Si
2565 1056 2665 1112 au-

1021 1125 1140 1177 tem
1172 1121 1228 1176 in
1253 1124 1673 1194 persecutione,
1707 1124 1806 1197 qui
1838 1126 2176 1192 suffocatur,
2209 1132 2266 1181 et
2320 1128 2417 1199 qui
2474 1128 2666 1183 decol-

1018 1209 1196 1281 letur,
1228 1216 1284 1267 et
1332 1212 1435 1283 qui
1482 1213 1715 1285 fugerit,
1748 1219 1806 1270 et
1837 1216 1937 1288 qui
1982 1216 2040 1270 in
2082 1232 2371 1272 carcerem
2403 1221 2667 1272 retrusus

1020 1297 1248 1367 obierit,
1267 1301 1325 1355 in
1354 1301 1530 1358 variis
1562 1302 1728 1359 luctas
1759 1305 2069 1377 generibus
2100 1322 2219 1360 una
2247 1322 2458 1362 corona
2484 1306 2665 1361 victo-

1019 1390 1120 1446 riae
1149 1394 1330 1456 est,et
1360 1390 1468 1447 hoc
1502 1409 1604 1464 pro
1631 1394 1800 1450 nobis
1829 1394 1980 1449 facit.
2017 1395 2079 1449 In
2113 1399 2363 1467 martyre
2394 1395 2550 1450 enim
2575 1411 2668 1450 vo-

1016 1476 1240 1545 luntas,
1290 1497 1359 1535 ex
1418 1497 1535 1553 qua
1588 1482 1718 1554 ipsa
1776 1500 1936 1539 mors
1989 1483 2268 1549 nascitur,
2329 1486 2661 1538 coronatur.

1018 1567 1213 1624 Meum
1261 1573 1351 1625 est
1396 1587 1687 1642 opponere
1739 1588 1828 1628 me
1878 1572 2184 1644 gentilium
2217 1572 2502 1637 furori,et
2549 1571 2664 1626 Do-

1019 1656 1250 1713 minum
1282 1674 1399 1715 non
1432 1676 1661 1732 negare.
1694 1661 1823 1716 Jam
1860 1662 1972 1732 [AL
2008 1662 2176 1732 Nam]
2211 1661 2269 1715 in
2305 1660 2540 1716 illorum
2572 1678 2662 1716 ar-

1017 1744 1192 1801 bitrio
1224 1750 1332 1815 est,
1366 1753 1469 1802 aut
1520 1748 1827 1816 decollare,
1860 1754 1960 1805 aut
1999 1767 2185 1820 urere,
2219 1755 2320 1806 aut
2364 1749 2661 1805 recludere

1017 1832 1078 1890 in
1110 1851 1422 1901 carcerem,
1450 1842 1552 1892 aut
1579 1838 1738 1893 varia
1783 1839 2059 1895 adhibere
2089 1856 2300 1911 genera
2333 1855 2656 1911 pmnarum.

1017 1923 1181 1990 Quod
1216 1923 1264 1980 si
1299 1924 1519 1997 fugere,
1563 1931 1621 1981 et
1662 1926 1721 1981 in
1776 1927 2090 1983 solitudine
2131 1928 2347 1992 obiere,
2375 1929 2391 1961 ¹
2426 1944 2528 1983 nec
2567 1943 2660 1983 ea-

1018 2011 1152 2069 dem
1183 2012 1290 2068 crit
1329 2030 1540 2069 corona
1565 2016 1887 2083 morientis,
1923 2017 2062 2087 quia
2093 2034 2207 2072 non
2241 2018 2443 2073 eadem
2487 2033 2664 2072 causa

1011 2100 1224 2157 mortis
1248 2107 1337 2157 est
1365 2102 1647 2160 Christus.
1682 2105 1837 2161 374
1855 2106 1939 2160 Ad
1973 2104 2118 2161 illud
2149 2122 2282 2161 vero
2330 2107 2486 2178 quod
2517 2104 2662 2160 dicis

1016 2188 1169 2246 inter
1195 2207 1330 2247 eum
1361 2191 1597 2248 fratrem
1632 2193 1735 2265 qui
1766 2210 1997 2267 semper
2026 2212 2159 2250 cum
2192 2200 2356 2267 patre
2386 2194 2582 2260 fuerit,
2607 2198 2664 2251 et

1016 2278 1118 2350 qui
1174 2284 1377 2352 postea
1431 2280 1721 2352 paenitens
1767 2288 1856 2337 est
1899 2288 2189 2356 receptus,
2230 2282 2375 2338 nihil
2426 2283 2661 2355 penitus

1012 2365 1385 2440 discrepare;
1419 2370 1651 2441 adjicio,
1676 2370 1725 2426 si
1757 2371 1934 2439 vis,et
1965 2372 2305 2428 drachmam
2338 2389 2514 2427 unam
2536 2389 2661 2443 quae

1016 2457 1243 2531 perdita
1302 2457 1487 2514 fuerat
1518 2464 1574 2514 et
1604 2459 1859 2527 inventa,
1885 2462 2155 2531 junctam
2214 2478 2343 2517 esse
2374 2478 2509 2516 cum
2536 2461 2663 2516 reli-

1015 2545 1186 2618 quis;
1219 2549 1277 2602 et
1307 2562 1471 2602 ovem
1506 2565 1683 2605 unam
1714 2566 1891 2620 quam
1946 2552 2265 2622 nonaginta
2306 2567 2510 2606 novem
2542 2551 2660 2606 ovi-

1013 2632 1127 2689 bus
1171 2633 1467 2690 derelictis
1514 2636 1706 2692 bonus
1756 2643 1953 2708 pastor
2002 2640 2306 2711 inquisivit
2351 2645 2409 2694 et
2441 2639 2658 2705 retulit,

1012 2719 1276 2794 explesse
1328 2739 1641 2779 numerum
1701 2726 2121 2782 centenarium.
2185 2727 2295 2782 Sed
2354 2727 2509 2782 aliud
2571 2731 2662 2783 est

1013 2808 1391 2885 pcenitentem
1447 2827 1597 2880 esse,
1629 2817 1686 2868 et
1738 2813 2015 2887 lacrymis
2069 2816 2296 2871 veniam
2338 2816 2656 2887 deprecari,

1010 2896 1173 2965 aliud
1200 2914 1432 2972 semper
1459 2916 1589 2956 esse
1615 2918 1747 2957 cum
1782 2907 1961 2975 patre.
1988 2904 2148 2960 Unde
2172 2921 2274 2976 per
2302 2904 2657 2960 Ezechielem

1016 2989 1087 3045 ad
1135 2990 1633 3061 reportatam[.~1l.
1669 2993 2100 3066 reportandam}
2145 3010 2332 3060 ovem,
2364 2997 2422 3048 et
2468 2993 2658 3065 perdi-

1014 3079 1143 3132 tum
1174 3078 1472 3150 quondam
1502 3078 1712 3145 ﬁlium,
1744 3080 2003 3153 loquitur
2032 3086 2229 3156 pastor
2265 3085 2322 3138 et
2351 3086 2513 3154 pater
2545 3100 2558 3137 :
2594 3086 2661 3139 Et

2779 511 2966 566 tinent
2999 512 3119 582 [41.
3154 511 3499 583 pertineant]
3533 511 3964 583 Christianique
3994 525 4298 582 personas,
4328 505 4408 563 vel

2779 600 2851 655 ad
2884 606 3215 657 sanctorum
3250 607 3308 656 et
3338 600 3764 673 pmnitentium.
3791 600 3978 672 Super
3998 615 4115 670 qua
4145 595 4414 669 parabole

2777 687 3037 745 libellum
3072 691 3389 760 quemdam
3421 689 3671 745 Damaso
3696 688 3991 762 episcopo,
4042 687 4183 742 dum
4233 684 4413 741 adhuc

2776 777 3011 845 viveret,
3040 778 3321 833 dedicavi.

2847 913 2936 969 32.
2971 914 3192 984 Tempus
3222 913 3564 968 diversarum
3610 915 3970 968 vorationum.
4003 908 4191 968 Nostri
4221 908 4414 964 laboris

2774 1003 2852 1055 est
2879 1003 3177 1072 praemium
3205 1002 3363 1057 nobis
3390 1017 3723 1073 praeparare.
3754 1031 3823 1041 -—
3854 1000 4028 1055 Porro
4060 998 4109 1054 si
4141 996 4413 1070 operariis

2775 1090 2976 1162 prima
3009 1090 3162 1145 horae
3193 1096 3250 1146 et
3280 1090 3458 1146 tertia:
3492 1095 3546 1144 et
3593 1095 3765 1144 sextae
3812 1093 3869 1143 et
3911 1104 4075 1143 nonae
4124 1091 4181 1142 et
4238 1086 4411 1141 unde-

2776 1178 2963 1245 cimae,
3021 1196 3175 1234 unus
3226 1178 3503 1234 denarius
3549 1176 3829 1242 redditur,
3877 1180 3933 1232 et
3957 1176 4029 1231 ab
4077 1175 4163 1232 eis
4214 1174 4413 1247 incipit

2774 1266 3102 1339 przemium,
3166 1267 3265 1340 qui
3313 1266 3617 1323 novissimi
3674 1266 3734 1321 in
3782 1265 3949 1320 vinea
4006 1262 4412 1319 laboraverunt

2777 1355 2880 1426 [AL
2944 1355 3349 1426 laborabant]:
3403 1361 3461 1412 et
3500 1355 3593 1410 hic
3654 1371 3767 1410 non
3819 1353 3993 1409 unius
4035 1352 4337 1425 temporis,
4363 1356 4413 1417 et

2774 1445 2949 1500 unius
2979 1445 3168 1501 aetatis
3197 1445 3466 1501 homines
3497 1443 3910 1500 describuntur
3932 1461 3945 1512 ;
3965 1443 4065 1499 sed
4089 1438 4161 1497 ab
4184 1440 4412 1497 exordio

2774 1534 2981 1588 mundi
3043 1550 3229 1606 usque
3296 1534 3365 1589 ad
3415 1534 3586 1589 ﬁnem
3642 1532 4011 1588 vacationum
4057 1533 4416 1613 sacramenta

2773 1627 2913 1677 sunt
2941 1622 3321 1679 diversarum.
3359 1623 3552 1678 Prima
3581 1622 3724 1677 hora
3753 1624 3990 1677 vocatus
4039 1624 4129 1676 est
4178 1618 4311 1675 Abel
4362 1623 4415 1675 et

2772 1710 2910 1766 Seth
2937 1728 2950 1766 :
2984 1712 3155 1767 tertia
3186 1711 3383 1768 Enoch
3415 1714 3473 1767 et
3502 1711 3658 1766 Noe:
3693 1714 3855 1766 sexta
3883 1709 4199 1773 Abraham,
4258 1707 4413 1764 Isaac

2690 1792 2737 1857 Β
2769 1803 2824 1853 et
2860 1799 3072 1856 Jacob:
3131 1817 3286 1856 nona
3332 1803 3554 1869 Moyses
3620 1803 3677 1854 et
3728 1797 4060 1870 prophetae:
4108 1796 4414 1852 undecima

2771 1888 3041 1944 Gentium
3070 1889 3358 1961 populus:
3393 1888 3487 1944 cui
3520 1888 3708 1960 primo
3739 1885 4002 1942 redditur
4030 1885 4412 1958 merces,quia

2771 1977 2832 2032 in
2863 1978 3205 2033 cruciﬁxum
3239 1977 3479 2033 credens
3511 1974 3847 2041 Dominum,
3896 1973 4238 2031 difﬁcultate
4283 1974 4412 2030 ﬁdei

2771 2067 3240 2139 magnitudinem
3270 2067 3420 2123 875
3450 2065 3664 2121 meruit
3687 2064 4057 2136 praemiorum
4081 2082 4100 2118 :
4122 2061 4411 2136 multique

2770 2169 2935 2228 reges
2965 2160 3022 2210 et
3050 2155 3346 2227 prophetae
3373 2155 3734 2227 quaesierunt
3752 2153 3945 2209 videre
3967 2169 4092 2225 quae
4123 2151 4407 2222 videmus,

2770 2249 2827 2300 et
2854 2261 2969 2299 non
3001 2244 3289 2299 viderunt.
3318 2244 3480 2300 Unus
3513 2247 3709 2299 autem
3741 2242 4020 2298 denarius
4040 2243 4061 2276 ²
4091 2257 4205 2297 non
4228 2257 4411 2298 unum

2768 2338 2856 2388 est
2910 2333 3236 2405 praemium,
3279 2333 3378 2388 sed
3420 2348 3537 2387 una
3592 2331 3728 2402 vita,
3774 2334 3833 2386 et
3880 2347 3997 2386 una
4033 2331 4104 2387 de
4149 2329 4413 2403 gehenna

2769 2420 3051 2477 liberatio.
3088 2421 3369 2477 Caeterum
3401 2420 3693 2493 quomodo
3707 2420 3779 2476 ad
3812 2418 4238 2493 indulgentiam
4256 2418 4413 2491 prin-

2770 2510 3039 2583 cipalem,
3072 2511 3436 2567 diversorum
3467 2510 3781 2565 criminum
3814 2509 3895 2564 rei
3939 2507 4322 2563 dimittuntur
4349 2507 4417 2581 de

2770 2616 3018 2663 carcere,
3050 2604 3108 2655 et
3153 2599 3584 2671 unusquisque,
3637 2615 3738 2671 pro
3788 2596 3986 2653 labore
4015 2596 4102 2653 vel
4144 2596 4417 2668 operibus

2769 2686 2913 2752 suis,
2946 2687 3005 2741 in
3037 2685 3146 2741 hoc
3193 2687 3282 2742 vel
3314 2687 3372 2740 in
3405 2685 3503 2741 illo
3543 2690 3700 2741 statu
3731 2684 3857 2740 vita
3889 2689 4012 2741 est:
4045 2684 4128 2740 ita
4157 2689 4214 2739 et
4244 2684 4417 2741 dena-

2768 2774 2892 2829 rius
2952 2774 3120 2846 quasi
3164 2773 3529 2846 indulgentia
3575 2773 3694 2829 veri
3738 2773 4048 2847 Principis,
4079 2789 4284 2830 omnes
4316 2790 4417 2846 per

2769 2863 3132 2935 baptismum
3162 2863 3378 2918 emittit
3406 2862 3477 2917 de
3502 2879 3748 2918 carcere.
3781 2860 3912 2917 Jam
3956 2862 4140 2917 nostri
4195 2861 4416 2919 laboris

2769 2956 2879 3018 est,
2919 2968 3021 3023 pro
3081 2951 3416 3008 diversitate
3464 2951 3769 3020 virtutum,
3819 2950 4049 3007 diversa
4080 2950 4247 3007 nobis
4276 2939 4417 3025 prae-

2769 3056 2993 3112 parare.

1016 3164 1282 3220 suscitabo
1324 3173 1544 3236 pactum
1574 3184 1757 3224 meum
1784 3174 1957 3225 tecum
1984 3189 2005 3225 :
2029 3154 2079 3226 et
2109 3173 2244 3226 scies
2273 3173 2405 3242 quia
2432 3187 2526 3243 ego
2560 3172 2661 3226 Do-
2692 3154 2735 3220 C
2842 3175 2930 3229 33.
2963 3174 3165 3230 Medius
3186 3176 3452 3232 Jonathas
3481 3177 3624 3231 inter
3650 3175 3822 3231 David
3860 3182 3914 3230 et
3955 3174 4104 3231 Saul.
4154 3205 4221 3215 —
4266 3178 4418 3231 Huc-

1015 3258 1222 3325 minus,
1249 3262 1303 3312 et
1328 3256 1714 3323 recordaberis,
1748 3266 1801 3315 et
1824 3260 2175 3328 confundens
2193 3278 2215 3323 ;
2244 3268 2305 3316 ut
2331 3277 2443 3315 non
2469 3262 2542 3315 sit
2562 3261 2665 3315 tibi

1014 3348 1167 3402 ultra
1221 3349 1441 3417 aperire
1478 3362 1536 3400 os
1578 3363 1695 3417 prae
1731 3350 2048 3419 confusione
2095 3353 2210 3417 tua,
2240 3366 2363 3405 cum
2410 3352 2661 3421 placatus

1009 3437 1170 3506 [uero
1199 3437 1302 3492 tibi
1328 3438 1385 3492 in
1416 3437 1666 3493 omnibus
1695 3453 1812 3507 qum
1841 3436 2025 3506 fecisti
2056 3438 2264 3508 (Ezech.
2300 3439 2653 3509 xvr,62,63).

1014 3524 1088 3581 Ut
1139 3523 1286 3580 nihil
1340 3524 1537 3582 minus
1559 3527 1723 3597 justo
1754 3524 2007 3592 habeant
2041 3525 2405 3598 pmnitentcs,
2439 3526 2657 3582 sufﬁcit

1010 3614 1097 3671 eis
1126 3631 1230 3687 pro
1258 3615 1417 3671 omni
1450 3632 1617 3687 pcena
1645 3616 1768 3671 sola
1797 3614 2082 3670 confusio.
2116 3615 2278 3670 Unde
2328 3620 2387 3671 et
2426 3616 2483 3670 in
2542 3614 2653 3671 alio

1008 3702 1137 3761 loco
1178 3704 1392 3760 dicitur
1432 3705 1504 3759 ad
1552 3721 1691 3760 eos:
1722 3707 1784 3759 Et
1834 3704 2263 3761 recordabimini
2300 3706 2517 3760 viarum
2564 3720 2652 3759 ve-

1006 3800 1248 3851 strarum
1327 3795 1709 3865 pessimarum,
1741 3803 1791 3849 et
1838 3795 2084 3848 omnium
2137 3794 2403 3849 scelerum
2456 3796 2652 3865 quibus

1004 3882 1205 3953 polluti
1259 3884 1448 3950 eratis,
1504 3886 1554 3938 et
1607 3882 1962 3954 dispiicebitis
2037 3883 2184 3938 vobis
2240 3884 2301 3937 in
2365 3892 2651 3956 conspectu

1004 3978 1201 4040 vestro,
1235 3972 1294 4025 in
1338 3972 1592 4027 omnibus
1637 3971 1869 4026 malitiis
1910 3973 2098 4026 vestris
2141 3987 2276 4043 quas
2320 3974 2564 4043 fecistis;
2595 3980 2648 4028 et

989 4059 1188 4115 scietis
1232 4061 1361 4132 quia
1430 4075 1524 4131 ego
1568 4061 1851 4125 Dominus,
1890 4077 2018 4115 cum
2094 4061 2401 4131 benefecero
2476 4064 2643 4129 vobis,

996 4156 1220 4221 propter
1257 4166 1459 4206 nomen
1498 4165 1698 4215 meum,
1731 4158 1782 4205 et
1829 4165 1939 4204 non
1980 4150 2274 4205 secundum
2301 4151 2413 4205 vias
2443 4154 2646 4206 vestras

999 4238 1198 4303 malas,
1230 4254 1404 4310 neque
1425 4238 1722 4294 secundum
1748 4238 1953 4294 scelera
1980 4245 2153 4293 vestra
2173 4239 2641 4309 pcssima(Ez.ecli.

1000 4343 1152 4394 xxvr,
1183 4327 1273 4393 3|,
1304 4329 1416 4398 3'2).
1443 4327 1722 4398 Arguitur
1750 4343 1983 4397 quoque
2013 4344 2047 4380 a
2077 4329 2237 4396 patre
2276 4325 2452 4396 ﬁlius,
2486 4328 2641 4398 quod

1000 4414 1173 4471 saluti
1234 4416 1430 4471 fratris
1484 4414 1760 4480 invideat,
1792 4419 1849 4469 et
1878 4430 2012 4469 cum
2068 4413 2259 4485 angeli
2290 4414 2638 4469 lzetenturin

2771 3278 2959 3334 usque
3012 3279 3114 3334 per
3156 3269 3353 3334 partes
3397 3263 3470 3318 ad
3503 3264 3800 3335 proposita
3828 3262 4284 3334 respondimus:
4323 3280 4420 3320 se-

2769 3367 2956 3422 quens
2988 3368 3180 3407 sermo
3210 3352 3269 3407 in
3301 3367 3613 3408 commune
3656 3352 3727 3408 ad
3770 3351 3971 3408 omnia
4017 3352 4419 3424 respondebit.

2765 3439 3051 3495 Dominus
3072 3440 3145 3495 ad
3168 3440 3487 3512 discipulos
3508 3457 3676 3496 suos:
3729 3441 3836 3509 Qui
3871 3440 4009 3505 uult,
4030 3439 4245 3513 inquit,
4266 3442 4420 3498 inter

2764 3544 2854 3583 vos
2882 3531 3060 3601 major
3086 3545 3221 3596 esse,
3249 3531 3322 3585 sit
3343 3531 3588 3585 omnium
3626 3529 3893 3585 minimus
3923 3529 4138 3602 (Matth.
4169 3547 4263 3595 xx,
4294 3531 4418 3603 26).

2763 3617 2822 3673 Si
2852 3634 3056 3674 omnes
3106 3619 3163 3673 in
3213 3617 3355 3674 casio
3406 3619 3658 3691 mquales
3699 3618 3879 3673 futuri
3926 3635 4157 3687 sumus,
4190 3618 4420 3675 frustra

2761 3723 2867 3762 nos
2897 3706 2992 3762 hic
3022 3706 3425 3774 humiliamus,
3450 3711 3516 3762 ut
3538 3706 3615 3760 ibi
3646 3706 3946 3778 possimus
3974 3722 4102 3762 esse
4132 3708 4410 3779 majores.

2760 3801 2838 3851 De
2868 3796 3099 3851 duobus
3126 3796 3486 3852 debitoribus
3519 3795 3975 3867 quingentorum
4004 3795 4414 3865 denariorum,

2757 3888 2814 3940 et
2842 3883 3291 3958 quinquaginta,
3322 3884 3415 3939 cui
3465 3884 3598 3956 plus
3645 3883 3987 3950 dimittitur,
4037 3883 4170 3956 plus
4219 3888 4408 3941 amat.

2758 3972 2920 4029 Unde
2946 3978 3003 4029 et
3032 3972 3294 4030 Salvator
3320 3990 3334 4028 :
3368 3975 3517 4039 Dico,
3548 3971 3758 4044 inquit,
3792 3972 3911 4040 tibi,
3966 3974 4327 4029 remittuntur
4354 3977 4419 4030 si

2750 4062 3009 4132 peccata3
3036 4063 3232 4132 multa,
3259 4062 3515 4132 quoniam
3543 4060 3742 4117 dilexit
3771 4062 4025 4117 multum.
4071 4061 4172 4117 Cui
4217 4068 4418 4119 autem

2752 4151 2938 4204 minus
2966 4150 3283 4218 dimittitur,
3314 4152 3501 4205 minus
3529 4149 3719 4219 diligit
3749 4150 3898 4222 (Luc.
3960 4166 4061 4217 v11,
4121 4151 4230 4223 47).
4294 4152 4413 4219 Qui

2754 4237 2950 4292 minus
2971 4237 3243 4308 diligit,et
3262 4238 3459 4293 minus
3471 4239 3520 4292 ei
3536 4237 4084 4309 dimittitur,utique
4108 4237 4166 4293 in
4186 4237 4417 4295 minori

2749 4324 2936 4397 gradu
2964 4324 3523 4381 erit.Paterfamilias
3554 4325 3927 4396 proﬁciscens
3956 4326 4198 4381 tradidit
4218 4327 4413 4384 servis

2752 4412 2877 4468 suis
2909 4412 3326 4480 substantiam,
3363 4413 3461 4469 alii
3491 4413 3751 4486 quinque
3781 4413 4126 4481 talenta,alii
4147 4414 4413 4481 duo,alii

999 4501 1164 4567 ccelo,
1224 4502 1321 4559 ille
1376 4502 1556 4559 livore
1622 4502 1930 4557 crucietur.
1986 4502 2329 4573 Quanquam
2386 4502 2636 4561 duorum
2668 4520 2715 4585 υ
2745 4517 2929 4557 unum
2963 4502 3173 4572 (Matth.
3219 4519 3349 4568 xxv,
3388 4503 3454 4558 15
3480 4503 3673 4574 seqq.),
3706 4502 4025 4575 unicuique
4070 4502 4410 4560 secundum

995 4590 1244 4648 fratrum
1273 4589 1618 4660 similitudo,
1656 4591 1804 4663 frugi
1837 4594 1894 4645 et
1923 4589 2230 4660 luxuriosi,
2267 4606 2384 4646 non
2417 4592 2488 4647 ad
2517 4609 2636 4650 me-

1064 4825 1078 4859 ί
1113 4822 1415 4880 Contrario
1464 4836 1664 4885 sensu,
1698 4819 1890 4875 verius
1947 4824 2141 4876 tamen
2205 4824 2269 4873 ut
2309 4820 2453 4875 mihi
2482 4822 2637 4877 vide-

989 4898 1108 4962 tur,
1142 4896 1361 4952 habent
1389 4894 1505 4949 duo
1536 4908 1678 4947 mss.
1713 4897 1771 4947 et
1817 4897 1981 4947 vetus
2009 4892 2204 4947 editio.
2239 4893 2301 4947 In.
2342 4893 2636 4948 solitudine

980 4968 1194 5035 obiere,
1242 4966 1429 5023 eadem
1474 4966 1579 5021 erit
1640 4980 1842 5020 corona
1905 4966 2208 5029 morientis,
2257 4966 2388 5034 quia
2449 4964 2635 5019 eadem

986 5053 1159 5093 causa
1211 5039 1408 5094 mortis
1454 5046 1531 5093 est
1577 5036 1825 5093 Christus
1848 5052 1868 5097 ;
1901 5051 2203 5106 poenarum
2237 5051 2474 5106 nempe,
2507 5051 2632 5106 qua:

985 5108 1058 5162 ad
1116 5108 1520 5164 declinandam
1582 5105 2045 5174 persecutionem
2104 5107 2176 5161 ob
2221 5105 2541 5174 Christum,
2572 5106 2630 5160 in

982 5176 1303 5233 solitudine
1334 5176 1649 5233 subeundae
1685 5184 1842 5235 sunt.
1886 5178 2163 5249 Superior
2218 5193 2449 5248 quoque
2500 5193 2631 5231 con-

981 5251 1174 5303 textus
1214 5250 1585 5319 suffragatur.

1052 5320 1075 5353 ²
1104 5320 1193 5374 Ita
1222 5320 1281 5375 S.
1314 5335 1547 5389 quoque
1597 5319 1960 5390 Augustinus
1985 5319 2086 5373 lib.
2118 5320 2186 5374 de
2219 5328 2406 5375 sancta
2450 5319 2629 5385 Virgi-

981 5390 1182 5455 uitale,
1217 5407 1341 5461 cap.
1377 5391 1464 5454 26,
1498 5406 1786 5461 reponens
1843 5390 1979 5445 huic
2007 5390 2300 5445 Joviniani
2358 5390 2631 5458 objectio-

982 5461 1042 5543 ni
1078 5479 1092 5543 ξ
1129 5484 1149 5511 ει
1187 5460 1356 5543 Quid,
1393 5461 1603 5531 inquit,
1631 5460 1908 5543 denarius
1968 5460 2077 5543 ille.
2123 5461 2281 5543 aliud
2315 5462 2628 5543 signiﬁcat,

981 5532 1097 5607 pisi
1135 5533 1289 5607 quod
1316 5548 1522 5587 omnes
1565 5531 1957 5607 communiter
1986 5531 2305 5607 habebunt,
2340 5531 2513 5607 sicuti
2542 5539 2631 5607 est

977 5595 1112 5678 ipsa
1139 5595 1257 5663 vita
1301 5608 1537 5674 aeterna,
1570 5600 1768 5676 ipsum
1820 5617 2070 5675 regnum
2124 5595 2452 5661 caelorum?
2483 5605 2629 5670 Quia

2750 4589 3016 4662 proprias
3072 4591 3244 4647 vires.
3306 4589 3511 4646 Simile
3567 4590 3709 4662 quid
3760 4594 3816 4646 et
3845 4590 3904 4645 in
3943 4589 4059 4646 alio
4088 4591 4409 4665 Evangelio

2744 4838 2881 4893 ergo
2914 4821 3043 4905 ipsa
3068 4822 3208 4905 _vita
3234 4827 3467 4905 'mterna
3504 4822 3860 4905 paritererit
3889 4823 4165 4905 omnibus
4193 4821 4405 4905 electis

2742 4893 3323 4966 aequalis,7denarius
3372 4893 4020 4966 omnibusattributus
4077 4896 4195 4961 est;
4249 4894 4403 4966 quia

2742 4982 2877 5021 vero
2910 4966 2967 5019 in
3015 4965 3146 5037 ipsa
3200 4966 3314 5022 vita
3355 4970 3572 5037 aeterna
3618 4965 3892 5021 distincte
3942 4964 4398 5037 fulgebuntllu-i-

2744 5038 2900 5118 mine
2961 5036 3346 5118 meritorum,‘
3395 5036 3619 5118 multa
3650 5041 3788 5118 sunt
3853 5037 4190 5118 mansiones
4232 5036 4401 5118 apud

2742 5113 3011 5177 Patrem;
3067 5125 3132 5181 ac
3182 5125 3284 5180 per
3311 5107 3439 5181 _hoc
3479 5107 3537 5161 in
3582 5106 4105 5181 denariogquidem
4136 5123 4253 5164 non
4272 5106 4403 5163 im-

2743 5181 2867 5251 pari
2922 5196 3038 5251 non
3081 5177 3232 5251 vivet
3277 5177 3427 5233 alius
3475 5177 3891 5251 prolixius,_in
3938 5178 4142 5251 multis
4188 5181 4395 5251 autem

2740 5249 3145 5305 mansionibus
3201 5249 3520 5304 honoratur
3565 5249 3715 5306 alius
3757 5249 3870 5306 alio
3917 5250 4154 5306 clarius.
4184 5271 4213 5300 ››
4242 5249 4396 5307 Vide

2740 5337 2875 5376 eum
2926 5320 3167 5386 librum,
3214 5319 3273 5374 in
3332 5337 3447 5392 quo
3503 5320 3690 5377 multa
3750 5326 3951 5378 contra
4006 5321 4392 5378 Jovinianum

2741 5396 3154 5459 congeruntur.

2767 5463 2831 5587 αἶ
2856 5462 2978 5587 Ι)υὲ
3013 5479 3153 5518 mss.
3188 5463 3337 5531 Dico,
3372 5462 3579 5535 inquit,
3613 5465 3781 5533 vobis,
3804 5466 4151 5520 remittentur
4178 5464 4232 5519 ei
4256 5478 4389 5534 pec-

2824 5550 2878 5587 α.
2909 5549 2937 5587 6
2968 5549 3019 5587 ϐ.
4285 5560 4291 5586 .‘

2738 5537 2878 5603 cata,
2909 5537 3019 5588 etc.
4285 5560 4291 5586 ρ
