5364 6558
670 212 781 285 us

1744 211 2161 279 ADVERSUS
2206 210 2694 287 JOVINIIANUM
2739 213 2888 277 LIB.
2935 213 3014 278 II.

3956 215 4085 288 au

667 347 951 416 scribitur,
987 346 1145 421 quod
1170 346 1347 404 homo
1373 346 1585 403 nobilis
1616 346 1992 418 proficiscens
2037 351 2095 404 in
2129 347 2317 421 regio-
2348 353 2399 415 Α
2427 348 2612 405 tentia
2642 348 2875 403 Domini
2905 348 3277 405 vindicantur
3321 349 3433 421 (AI.
3486 350 3898 423 judicaatur)?
3930 355 4084 417 Inter

667 455 791 495 nem
822 436 1231 510 longinquam,
1278 442 1341 493 ut
1371 437 1652 507 acciperet
1684 436 1795 491 sibi
1838 454 2106 509 regnum,
2138 442 2195 492 et
2226 453 2319 492 re-

667 531 1006 591 verteretur,
1068 527 1354 582 vocaverit
1385 527 1585 581 decem
1618 542 1835 593 servos,
1876 532 1932 581 et
1962 527 2187 582 dederit
2238 526 2321 581 eis

668 615 928 688 singulas
951 632 1144 683 mnas,
1172 616 1243 670 de
1273 615 1490 686 quibus
1516 632 1668 670 unus
1694 614 1955 671 lucratus
1977 620 2065 671 est
2094 617 2200 685 (Al.
2225 614 2321 685 sit)

672 706 869 761 decem
900 722 1087 770 muas,
1123 703 1272 759 alius
1313 704 1574 775 quinque
1608 720 1619 757 :
1649 707 1706 757 et
1735 703 1953 775 singuli
1978 705 2149 774 juxta
2176 704 2324 759 vires

673 811 834 861 suas,
890 798 939 848 et
994 791 1485 861 emolumentum,
1545 792 1632 846 vel
1689 792 1887 847 decem
1948 792 2033 848 vel
2067 794 2324 864 quinque

675 882 992 953 acceperint
1042 880 1324 936 civitates.
1361 881 1536 935 Porro
1568 880 1744 945 alius,
1778 881 1876 952 qui
1922 898 2105 935 unum
2136 882 2325 936 talen-

677 976 817 1038 tum,
844 970 965 1025 sive
998 988 1178 1024 unam
1215 986 1416 1024 mnam
1450 971 1935 1042 acceperat,quod
1960 971 2203 1042 accepit,
2238 971 2327 1024 in-

672 1059 832 1125 fodit,
869 1060 993 1113 sive
1025 1058 1085 1113 in
1118 1058 1356 1113 sudario
1389 1057 1702 1129 colligavit,
1734 1063 1790 1112 et
1820 1058 2044 1112 domini
2071 1076 2327 1114 reserva-

661 1147 736 1201 vit
764 1147 1067 1201 adventui.
1102 1146 1297 1201 Primo
1329 1146 1841 1214 considerandum,
1888 1148 2041 1217 quod
2077 1147 2123 1201 si
2150 1149 2325 1218 justi-

665 1252 776 1291 non
806 1252 912 1308 spe
942 1237 1243 1306 profectus
1276 1234 1563 1299 laborant,
1601 1240 1662 1289 ut
1690 1235 1816 1290 vult
1851 1240 2047 1291 noster
2077 1237 2228 1291 Zeno
2260 1238 2274 1270 ¹
2315 1252 2326 1289 :

669 1326 821 1381 376
852 1324 950 1379 sed
985 1340 1058 1378 ne
1120 1324 1367 1395 perdant
1426 1324 1580 1394 quod
1642 1330 2006 1395 acceperant,
2062 1326 2171 1381 istc
2230 1336 2332 1397 qui

665 1429 862 1468 mnam
891 1417 947 1467 et
980 1412 1268 1468 talentum
1300 1411 1530 1478 infodit,
1570 1430 1646 1468 ne
1677 1414 1948 1484 perderet
1982 1415 2135 1485 quod
2170 1431 2333 1469 acce-

662 1508 838 1574 perat,
874 1519 993 1556 non
1029 1501 1327 1573 peccavit;
1364 1504 1672 1573 magisque
1705 1501 1999 1557 laudanda
2021 1509 2110 1559 est
2138 1504 2333 1558 cautio

660 1591 1042 1656 reservantis,
1078 1607 1255 1662 quam
1291 1606 1500 1645 cassus
1560 1590 1727 1646 labor
1775 1608 1997 1659 eorum,
2054 1593 2154 1662 qui
2210 1594 2334 1647 sine

2432 438 2613 492 oves?
2645 438 2753 492 Sed
2804 437 2944 492 dicit
2998 438 3301 509 Scriptura
3358 438 3553 495 divina
3613 443 3765 512 quod
3820 461 3933 499 non
3966 445 4091 500 sint

2433 527 2699 596 ejusdem
2732 527 2924 582 meriti
2954 528 3123 597 cujus
3153 533 3209 581 et
3240 528 3532 583 Israelitas.
3565 529 3737 586 Vides
3767 549 3902 604 ergo
3926 534 4082 604 quod
4154 600 4169 605 ί

2435 619 2591 670 stent
2622 615 2859 687 quidem
2892 633 2925 670 a
2955 616 3212 683 dextris;
3248 617 3346 672 sed
3383 618 3567 673 multo
3591 619 3849 676 inferiori
3875 624 4082 693 gradu.

2436 704 2594 760 Inter
2624 704 2802 759 David
2836 704 3023 758 virum
3057 709 3349 772 sanctum,
3382 710 3437 761 et
3484 706 3623 762 Saul
3677 725 3871 781 regem
3904 713 4085 782 pessi-

2439 809 2623 858 mum,
2661 793 2890 848 medius
2913 793 3196 849 Jonathas
3221 795 3346 849 fuit.
3383 798 3564 861 Quem
3590 814 3694 852 nec
3722 797 3873 854 inter
3895 800 4087 857 haedos

2438 897 2757 953 possumus
2780 898 3010 952 ponere,
3036 882 3174 953 quia
3196 884 3486 954 prophetae
3510 902 3706 940 amore
3730 886 3946 958 dignus
3966 892 4084 955 est;

2439 986 2543 1024 nec
2576 970 2725 1025 inter
2754 970 2989 1033 arietes,
3020 988 3092 1025 nc
3132 988 3327 1041 parem
3360 989 3489 1026 eum
3545 974 3830 1029 faciamus
3888 976 4088 1041 David,

2440 1058 2692 1114 maxime
2722 1076 2852 1113 cum
2888 1064 2943 1113 et
2977 1058 3100 1129 ipse
3132 1058 3472 1115 interfectus
3504 1061 3599 1117 sit.
3634 1063 3753 1117 Erit
3783 1064 3963 1133 igitur
4006 1065 4093 1119 in-

2444 1152 2529 1202 ter
2559 1164 2730 1213 oves;
2762 1148 2860 1202 sed
2895 1149 2952 1201 in
2986 1148 3241 1203 inferiori
3277 1148 3498 1204 ordine.
3548 1150 3618 1205 Et
3675 1153 3969 1221 quomodo
4000 1153 4086 1207 in-

2440 1240 2529 1291 ter
2558 1235 2735 1291 David
2770 1239 2827 1290 et
2873 1236 3208 1301 Jonatham,
3269 1237 3350 1291 ita
3410 1239 3559 1292 inter
3616 1255 3777 1293 ovem
3839 1246 3895 1295 et
3925 1256 4090 1297 ovem

2441 1324 2666 1397 cogeris
2697 1326 2992 1395 suscipere
3050 1325 3425 1380 differentias.
3477 1327 3674 1381 Servus
3712 1344 3815 1397 quo
3844 1332 4093 1399 cognovit

2442 1415 2777 1469 voluntatem
2807 1413 3017 1467 domini
3044 1414 3150 1478 sui,
3182 1418 3231 1468 et
3278 1429 3387 1469 non
3416 1418 3769 1485 przeparavit,
3830 1434 3929 1472 nec
3962 1420 4096 1488 fecit

2441 1501 2738 1558 secundum
2796 1502 3121 1557 voluntatem
3172 1503 3308 1573 ejus,
3388 1505 3667 1575 vapulabit
3722 1506 3929 1561 multis.
3990 1509 4097 1575 Qui

2442 1600 2623 1646 autem
2652 1608 2763 1646 non
2792 1593 3053 1662 cognovit,
3086 1607 3184 1645 nec
3212 1594 3341 1661 [ecit
3371 1592 3565 1663 digna,
3607 1594 3790 1664 plagis
3818 1596 4097 1666 vapulabit

662 1679 881 1735 laboris
904 1679 1147 1752 praemio
1168 1679 1554 1734 desudarunt.
1590 1680 1811 1735 Deinde
1834 1682 1988 1752 quod
2012 1681 2114 1737 hoc
2137 1681 2332 1754 ipsum
2366 1717 2413 1781 Β
2444 1682 2651 1751 paucis.
2688 1680 2849 1734 Omni
2878 1682 3027 1734 enim
3055 1683 3147 1734 cui
3174 1683 3408 1735 multum
3460 1681 3651 1736 datum
3706 1688 3804 1750 est,
3862 1684 4098 1739 multum

661 1769 951 1824 talentum
987 1767 1142 1839 quod
1178 1768 1446 1822 aufertur
1499 1785 1531 1822 a
1575 1767 1802 1833 timido,
1860 1767 1942 1823 vel
2004 1768 2335 1843 negligentc

664 1874 850 1922 servo,
885 1874 1004 1911 non
1040 1857 1221 1911 datur
1249 1856 1299 1911 ei
1325 1856 1426 1927 qui
1485 1856 1683 1912 minus
1741 1857 1886 1911 lucri
1944 1859 2197 1926 fecerat;
2233 1859 2333 1914 sed

668 1947 764 2017 qui
798 1945 959 2017 plus,
990 1946 1044 1999 id
1077 1950 1188 2011 est,
1223 1946 1323 2016 qui
1382 1962 1559 2016 super
1606 1947 1804 2000 decem
1861 1947 2088 2017 positus
2149 1945 2339 2002 fuerat

680 2035 968 2089 civitates.
991 2034 1044 2088 Si
1066 2050 1353 2088 numerus
1377 2050 1491 2088 non
1518 2036 1655 2088 facit
1676 2035 2150 2107 ordinem,quare
2173 2036 2334 2111 dixit,

678 2121 834 2177 Dedit
866 2123 1151 2193 unicuique
1174 2122 1476 2177 secundum
1506 2124 1649 2177 vires
1680 2124 1701 2156 ²
1728 2139 1855 2178 suas
1887 2124 2097 2195 (Ibid).
2152 2125 2211 2179 Si
2243 2142 2335 2181 ea-

671 2211 802 2265 dem
838 2210 1001 2265 Iucra
1058 2216 1201 2265 sunt
1253 2212 1518 2282 quinque
1577 2212 1929 2267 talentorum
1972 2218 2030 2268 et
2086 2214 2334 2269 decem:

665 2315 770 2354 cur
802 2300 860 2353 ei
892 2300 994 2370 qui
1021 2299 1221 2355 minus
1251 2300 1397 2354 lucri
1433 2300 1665 2365 fecerat,
1715 2317 1831 2355 non
1891 2302 2115 2367 decem,
2175 2307 2232 2357 et
2287 2303 2337 2358 ei

665 2388 760 2461 qui
794 2387 961 2460 plus,
998 2404 1114 2443 non
1150 2387 1410 2459 quinque
1441 2389 1755 2443 traduntur
1785 2390 2005 2445 urbes?
2037 2392 2200 2456 Quod
2234 2408 2337 2447 au-

658 2484 769 2533 tem
806 2476 1107 2531 Dominus
1141 2493 1256 2531 non
1294 2476 1381 2531 his
1413 2482 1724 2533 contentus
1757 2478 1835 2533 sit
1865 2496 1992 2549 quae
2031 2478 2336 2548 habemus,

659 2566 757 2621 sed
787 2582 1036 2637 semper
1057 2566 1288 2636 majora
1319 2565 1760 2637 desideret,ipse
1786 2572 2075 2623 monstrat
2099 2568 2297 2624 dicens
2322 2592 2337 2627 :

660 2656 844 2723 Quare
872 2671 988 2709 non
1020 2654 1229 2710 dedisti
1255 2656 1550 2726 pecuniam
1590 2672 1767 2710 meam
1814 2657 1887 2710 ad
1916 2653 2230 2728 trapezitos,
2290 2673 2341 2723 et

656 2759 752 2811 ego
784 2746 1021 2799 veniens
1052 2760 1179 2798 cum
1208 2760 1378 2797 usura
1429 2745 1729 2813 exegissem
1787 2745 1948 2817 (Ibid.
1978 2747 2034 2817 2)
2089 2746 2117 2799 ?
2174 2747 2336 2810 Quod

659 2833 903 2905 quidem
940 2838 999 2887 et
1028 2832 1249 2888 Paulus
1282 2832 1581 2904 apostolus
1636 2834 1849 2899 sciens,
1910 2835 2333 2907 praeteritorum

659 2920 1056 2986 obliviscitur,
1087 2926 1144 2977 et
1174 2922 1245 2977 ad
1276 2938 1345 2977 ea
1376 2938 1502 2993 qua
1544 2922 1603 2977 in
1634 2928 1769 2978 ante
1800 2927 1960 2986 sunt,
1989 2941 2049 2979 se
2081 2924 2340 2980 extendit

658 3011 933 3083 (Philipp.
973 3028 1063 3077 III,
1103 3011 1210 3082 13),
1242 3011 1302 3064 id
1336 3014 1443 3076 est,
1477 3011 1739 3081 quotidie
1798 3013 2044 3083 proficit,
2079 3029 2184 3069 nec
2214 3029 2334 3068 ser-

657 3105 748 3154 vat
772 3081 844 3154 inv
868 3099 1119 3155 sudario
1151 3098 1397 3154 delicate
1427 3099 1677 3170 gratiam
1710 3081 1886 3171 quam
1921 3101 2142 3173 accepit
2175 3120 2187 3168 ;
2231 3102 2332 3157 sed
2365 3081 2407 3149 Ο

661 3203 873 3243 avarus
906 3188 1248 3259 negotiator
1278 3193 1588 3243 renovatur
1616 3189 1687 3243 de
1717 3189 1811 3243 die
1842 3189 1900 3243 in
1932 3190 2109 3257 diem,
2141 3195 2199 3245 et
2232 3190 2329 3245 de-

667 3292 930 3331 crescere
963 3293 1027 3331 se
1058 3281 1248 3346 putat,
1283 3275 1395 3332 nisi
1427 3292 1661 3348 semper
1707 3278 1967 3333 creverit.
2000 3279 2106 3333 Sex
2161 3278 2335 3335 urbes

670 3364 1062 3434 fugitivorum
1090 3364 1511 3420 describuntur
1540 3364 1598 3419 in
1635 3367 1783 3438 Lege
1813 3368 1996 3434 (Nam.
2055 3384 2225 3436 xxxv,
2257 3368 2333 3437 6),

678 3452 781 3521 qui
804 3453 826 3485 ³
854 3452 1126 3508 homines
1157 3453 1501 3509 interfecere
1554 3453 1816 3511 nolentes
1852 3472 1863 3508 :
1901 3460 1957 3510 et
1988 3456 2127 3527 ipsae
2161 3456 2334 3512 urbes

687 3539 1072 3596 sacerdotales
1098 3547 1255 3598 sunt.
1291 3542 1514 3615 Rogare
1547 3542 1685 3598 libet
1716 3543 1988 3616 fugitivos
2049 3544 2192 3600 istos
2242 3546 2335 3599 in-

687 3631 779 3682 ter
808 3626 998 3683 hircos
1027 3632 1168 3696 tuos,
1200 3648 1276 3685 an
1301 3631 1453 3686 inter
1480 3649 1617 3689 oves
1648 3636 1875 3688 nostras
1936 3632 2180 3689 colloces
2212 3634 2239 3687 ‘t
2274 3633 2332 3689 Si

679 3714 831 3770 hirci
862 3722 1076 3783 essent,
1106 3720 1511 3775 occiderentur
1567 3726 1630 3776 ut
1650 3721 1955 3776 homicidae
1987 3722 2197 3787 caeteri,
2231 3738 2335 3777 nec

668 3804 1079 3861 ministrorum
1104 3808 1203 3863 Dei
1227 3808 1515 3864 intrarent
1535 3809 1818 3865 civitates.
1846 3810 1903 3865 Si
1929 3827 2063 3865 oves
2096 3811 2333 3880 dixeris,

667 3895 875 3967 utique
906 3912 1025 3951 non
1059 3900 1231 3951 erunt
1262 3897 1409 3953 tales
1439 3914 1593 3964 oves,
1648 3916 1774 3969 quae
1807 3900 2028 3970 absque
2064 3898 2335 3971 luporum

668 3989 829 4038 metu
862 3988 988 4039 tota
1018 3983 1288 4040 libertate
1320 3991 1655 4056 pascantur.
1709 3987 1777 4041 Et
1807 3987 2150 4057 probabitur
2206 3987 2333 4055 tibi,

663 4087 802 4126 oves
834 4072 1086 4143 quidem
1118 4089 1217 4128 eas
1246 4075 1504 4140 esse,sed
1536 4091 1809 4129 erroneas
1840 4092 1853 4129 :
1891 4092 1923 4129 a
1950 4075 2166 4131 dextris
2189 4093 2332 4144 esse,

665 4176 870 4216 verum
906 4178 1026 4215 non
1062 4169 1235 4227 stare,
1269 4162 1370 4216 sed
1404 4162 1623 4235 fugere,
1683 4164 1865 4218 donec
1916 4163 2202 4219 moriatur
2234 4165 2335 4219 Sa-

666 4250 872 4305 cerdos
906 4265 1187 4321 magnus,
1220 4253 1276 4305 et
1333 4251 1403 4306 ad
1437 4250 1663 4306 inferna
1719 4252 2100 4320 descendens,
2133 4253 2339 4309 liberet

666 4338 896 4394 animas
975 4338 1385 4410 fugitivorum.
1436 4339 1770 4396 Gabaonitaa
1827 4345 2141 4397 occurrunt
2198 4341 2338 4397 filiis

2443 1778 2723 1839 qumretur
2750 1770 2817 1822 ab
2848 1785 2928 1835 eo,
2961 1772 3009 1823 et
3053 1770 3145 1823 cui
3202 1770 3611 1825 commendatur
3664 1772 3917 1839 multum,
3975 1773 4100 1843 plus

2445 1860 2693 1928 exigetur
2721 1857 2792 1911 ab
2848 1858 2944 1912 illo
2976 1858 3126 1929 (Luc.
3180 1875 3281 1927 x11,
3342 1861 3428 1915 47.
3462 1860 3570 1926 48).
3632 1861 3771 1915 Ecce
3828 1877 3990 1916 servo
4045 1866 4101 1916 et

2445 1963 2608 2001 servo
2638 1946 2772 2017 plus
2801 1946 3070 2001 minusve
3100 1947 3506 2013 committitur,
3564 1952 3620 2002 et
3678 1966 3779 2020 pro
3822 1949 4099 2021 qualitate

2446 2035 2743 2091 commissi
2769 2039 2944 2107 atque
2964 2035 3520 2108 peccati,plagarum
3546 2054 3778 2110 quoque
3820 2056 4099 2096 numerus

2444 2124 2756 2197 irrogatur.

2516 2322 2603 2380 34.
2644 2326 2827 2393 Typus
2854 2324 3064 2394 futura:
3111 2323 3363 2377 Ecclesiae
3392 2322 3453 2376 in
3481 2324 3659 2385 terris,
3695 2330 3800 2378 etc.
3861 2355 3929 2364 —
3957 2324 4101 2380 Tota

2443 2412 2654 2468 Judaeaa
2684 2415 2838 2467 terra
2867 2410 3247 2482 tribuumque
3291 2411 3609 2483 descriptio
3643 2412 3848 2467 futurae
3906 2414 4098 2469 Eccle-

2447 2501 2544 2555 sia:
2577 2501 2635 2554 in
2668 2499 2829 2555 caelis
2861 2505 3032 2572 typus
3062 2506 3171 2555 est.
3209 2501 3497 2572 Legamus
3550 2500 3753 2555 Jesum
3808 2502 3982 2569 Nave,
4013 2502 4099 2558 le-

2446 2605 2656 2661 gamus
2687 2587 3004 2644 Ezechielis
3036 2592 3326 2644 extremas
3368 2593 3582 2661 partes,
3634 2594 3691 2644 et
3748 2589 4099 2659 videbimus,

2448 2678 2733 2749 quidquid
2766 2679 2825 2732 in
2875 2677 3055 2733 altero
3090 2678 3258 2749 quasi
3318 2694 3420 2749 per
3473 2676 3776 2732 historiam
3834 2679 3892 2733 in
3951 2684 4104 2735 terra

2446 2766 2840 2833 distribuitur,
2876 2766 2935 2820 in
2967 2766 3147 2822 altero
3180 2766 3341 2822 caelis
3363 2766 3749 2837 spiritualiter
3771 2769 4095 2838 repromitti

2446 2856 2629 2925 (Josue
2674 2872 2815 2922 xm;
2848 2854 3074 2910 Echecli.
3134 2856 3347 2927 xcvm)'
3410 2854 3557 2920 Quid
3617 2854 3726 2909 sibi
3783 2855 3988 2911 volunt
4041 2857 4099 2912 in

2446 2942 2835 3015 descriptione
2864 2942 3066 3014 templi
3098 2947 3323 3015 septem
3374 2948 3431 2999 et
3470 2948 3595 2999 octo
3628 2943 3845 3015 gradus
3874 2943 3901 2998 ?
3959 2945 4099 3017 quid

2452 3033 2875 3113 rursum,quod
2910 3032 2967 3085 in
2992 3030 3274 3087 Psalterio
3306 3036 3437 3104 post
3465 3031 3750 3087 elementa
3779 3033 4103 3089 centissimi

2448 3121 2633 3177 octavi
2665 3121 2873 3175 decimi
2909 3119 3139 3191 psalmi.
3174 3119 3388 3192 quibus
3444 3120 3758 3189 mysticum
3799 3122 4104 3178 erudimur

2445 3210 2598 3264 378
2630 3208 3031 3281 alphabetnm,
3093 3226 3195 3280 per
3253 3209 3588 3281 quindecim
3643 3210 3862 3281 gradus
3917 3226 4103 3281 usque

2443 3296 2583 3352 illuc
2614 3299 3007 3369 pervenimus,
3032 3302 3097 3352 ut
3128 3297 3426 3369 possimus
3459 3315 3665 3354 canere
3724 3316 3735 3353 :
3800 3302 3929 3355 Ecce
3956 3316 4104 3355 nunc

2446 3387 2739 3442 benedicite
2767 3388 3080 3453 Dominum,
3116 3403 3300 3443 omnes
3329 3390 3475 3443 servi
3520 3389 3758 3443 Domini.
3816 3389 3922 3457 Qni
3950 3391 4104 3445 statis

2444 3478 2505 3531 in
2534 3476 2687 3531 domo
2716 3477 2959 3540 Domini,
2993 3478 3054 3531 in
3083 3478 3245 3531 atriis
3296 3477 3491 3532 domus
3549 3477 3646 3531 Dei
3694 3479 3871 3532 nostri
3928 3479 4099 3543 (Psal.

2444 3580 2677 3631 cxxxm,
2713 3566 2765 3633 1)
2795 3565 2823 3618 ‘?
2854 3564 3040 3627 Quare
3074 3564 3201 3618 duae
3241 3569 3297 3618 et
3325 3565 3505 3619 semis
3536 3564 3726 3619 tribus
3757 3570 3920 3619 trans
3970 3566 4100 3620 Jor-

2445 3651 2657 3707 danem
2684 3652 2971 3716 habitant,
3006 3652 3103 3706 ubi
3133 3650 3389 3722 plurima
3422 3656 3559 3705 sunt
3582 3653 3873 3722 jumenta,
3906 3658 3964 3707 et
3993 3670 4099 3709 no-

2444 3757 2571 3795 vem
2604 3745 2660 3795 et
2688 3740 2866 3795 semis
2898 3740 3136 3812 reliqua:
3166 3738 3253 3795 vel
3313 3739 3607 3812 expellunt
3666 3741 3942 3812 pristinos
3998 3742 4100 3798 ha—

2445 3828 2723 3884 bitatores
2750 3830 2821 3883 de
2852 3829 3091 3885 sedibus
3126 3828 3270 3898 suis,
3304 3828 3388 3883 vel
3443 3846 3577 3884 cum
3610 3829 3753 3902 ipsis
3782 3829 4102 3887 habitant?

2444 3918 2561 3973 Cur
2592 3918 2841 3973 Levitica
2882 3917 3074 3972 tribus
3106 3917 3165 3972 in
3225 3922 3382 3973 terra
3437 3922 3661 3989 partem
3718 3936 3833 3974 non
3894 3920 4105 3993 accipit

2446 4008 2629 4072 (Num.
2660 4008 2861 4077 xvm);
2903 4007 3003 4061 sed
3040 4006 3323 4062 Dominus
3355 4023 3490 4078 pars
3522 4008 3650 4079 ejus
3681 4012 3805 4075 est;
3841 4014 3896 4064 et
3952 4010 4104 4065 inter

2447 4095 2607 4167 ipsos
2631 4094 2833 4150 levitas
2879 4100 2934 4150 et
2992 4096 3321 4151 sacerdotes
3364 4085 3451 4150 'ad
3503 4096 3717 4151 Sancta
3764 4103 4101 4153 sanctorum

2449 4185 2547 4239 ubi
2581 4184 2894 4240 Cherubim
2924 4188 2980 4239 et
3013 4184 3487 4255 propitiatorium
3518 4190 3626 4251 est,
3650 4185 3911 4256 pontifex
3941 4185 4102 4241 solus

2446 4271 2815 4345 ingreditur?
2855 4274 3042 4337 Quare
3074 4272 3279 4344 reliqui
3313 4274 3641 4329 sacerdotes
3672 4273 3842 4329 lineis
3873 4279 4101 4330 tantum

2449 4365 2697 4415 utuntur
2728 4360 2987 4415 vestibus
3018 4363 3075 4415 et
3107 4376 3220 4414 non
3254 4359 3470 4415 habent
3498 4359 3912 4415 indumentum
3938 4378 4101 4431 auro,

663 4425 865 4521 Israel,
896 4430 957 4482 et
986 4428 1156 4483 caesis
1186 4426 1317 4521 aliis
1344 4429 1729 4521 gentibus,_in
1758 4428 2037 4521 lignarios
2065 4434 2123 4521 et
2150 4447 2332 4521 aqua-
2364 4448 2411 4513 Ι)
2442 4448 2777 4520 hyacintho,

1987 4446 2037 4486 33
2065 4434 2123 4521 θΪν
2150 4447 2332 4521 ξαυει·
2364 4448 2411 4513 D
2442 4448 2777 4520 hyacintho,
2811 4466 2999 4515 cocco,
3073 4466 3356 4521 purpura,
3391 4449 3685 4521 byssoque
3716 4453 4050 4506 contextum

659 4514 783 4571 rios
805 4520 1190 4571 reservantur
1209 4516 1389 4586 (Iosue
1414 4534 1487 4581 Ix,
1508 4518 1621 4584 2i).
1648 4516 1936 4589 Tantique
1966 4518 2120 4590 apud
2148 4518 2335 4573 Deum

660 4604 862 4659 meriti
896 4608 1134 4672 sunt,ut
1158 4605 1338 4677 stirps
1368 4604 1505 4661 Saul
1530 4606 1601 4661 ob
1633 4622 1832 4661 eorum
1864 4605 2112 4677 injurias
2135 4606 2213 4661 sit
2241 4608 2338 4663 de-

658 4690 788 4746 leta
812 4694 855 4758 (I
886 4694 1011 4762 Reg.
1044 4710 1199 4761 xxxx,
1221 4693 1255 4747 3
1283 4692 1475 4765 seqq.).
1506 4695 1655 4749 [nter
1683 4710 1833 4764 quos
1852 4710 1949 4749 eos
1974 4694 2285 4751 collocabis
2306 4696 2332 4749 ?

668 4777 827 4832 ³77
868 4780 1014 4835 Inter
1044 4780 1211 4837 hicos
1236 4780 1264 4835 ‘I
1296 4781 1405 4837 Sed
1440 4798 1554 4836 non
1586 4786 1726 4836 sunt
1775 4782 2080 4851 interfecti,
2114 4789 2171 4837 et
2199 4800 2333 4839 sen-

656 5098 1143 5223 ha'bg'ptvinianus
1175 5096 1323 5156 alter
1349 5100 1519 5156 Zeno.
1583 5100 1726 5157 Mss.
1779 5116 1845 5156 ne
1898 5100 2139 5172 perdant
2194 5104 2334 5174 quod

696 5173 1093 5297 afﬁhnulla
1144 5240 1519 5313 exemplaria,
1576 5246 1723 5298 teste
1782 5241 2053 5311 Victurio,
2114 5243 2334 5313 habent

650 5315 893 5369 virtutes
917 5331 1021 5387 pro
1049 5315 1191 5369 vires
1213 5331 1231 5368 :
1253 5312 1485 5387 et’apud
1508 5314 1846 5387 Mattbaum
1872 5315 2109 5387 quidem
2132 5321 2219 5371 est
2240 5312 2328 5368 δύ-

652 5402 864 5467 *σιμινξ
905 5384 1010 5465 sed.
1037 5388 1096 5439 et
1154 5384 1447 5456 superius,
1510 5386 1827 5457 unicuique,
1875 5384 1975 5455 ait,
2032 5388 2331 5443 secundum

648 5473 923 5537 proprias
953 5472 1118 5512 vires.
1251 5530 1260 5539 '
1458 5529 1466 5539 .

727 5528 753 5562 ³
811 5527 1106 5586 Victorius
1163 5544 1258 5599 qui
1316 5526 1610 5594 hominem,
1669 5531 1733 5583 ut
1786 5532 1876 5584 est
1927 5545 2105 5601 penes
2164 5531 2329 5587 LXX.

2450 4537 2747 4593 Inferioris
2777 4538 2994 4611 gradus
3025 4536 3207 4593 levitas
3259 4542 3315 4593 et
3371 4538 3700 4594 sacerdotes
3730 4537 3995 4610 plaustra
4050 4543 4108 4595 et

2449 4624 2623 4680 boves
2655 4626 2996 4697 accipiunt:
3050 4627 3290 4697 majoris
3349 4626 3571 4682 ordinis
3620 4631 3853 4699 gestant
3907 4643 4105 4682 arcam

2447 4711 2677 4767 Domini
2712 4712 2972 4769 humeris
3004 4714 3148 4769 suis.
3186 4715 3240 4769 Si
3290 4715 3447 4770 tollis
3478 4716 3738 4771 ordinem
3779 4717 3800 4749 ⁴
3830 4716 4105 4769 taberna-

2447 4799 2584 4867 culi,
2634 4800 2859 4873 templi,
2917 4801 3209 4869 Ecclesiae,
3271 4804 3320 4858 si
3378 4820 3581 4858 omnes
3639 4802 3739 4873 qui
3806 4820 3839 4858 a
3885 4802 4105 4857 dextris

2446 5102 2595 5160 Olim
2629 5119 2799 5175 porro
2833 5102 3137 5172 interﬁcere
3184 5119 3286 5175 pro
3345 5104 3666 5174 interfecere
3695 5121 3714 5166 ;
3747 5109 3871 5161 tum
3928 5108 4104 5163 Inter-

2446 5191 2637 5229 roaare
2667 5175 2821 5229 libet.
2843 5178 2950 5229 etc.

2579 5191 2637 5229 re
2667 5177 2821 5229 libet.
2843 5178 2950 5229 etc.

2444 5192 2637 5247 rogare
2667 5192 2821 5239 acer,
2843 5192 2950 5229 etc.

2514 5246 2798 5319 {Sitollz's
2828 5245 3095 5319 ordinem.
3151 5246 3264 5301 Nec
3304 5245 3474 5316 plura
3532 5245 3784 5319 legimus
3838 5249 3898 5304 in
3956 5266 4102 5306 mss.

2442 5317 2739 5373 codicibus
2770 5334 2874 5372 nec
2898 5317 3171 5392 pauciora
3196 5334 3208 5372 :
3235 5333 3423 5392 neque
3443 5317 3819 5375 satis—mirari
3860 5338 4103 5392 possum

2443 5392 2750 5443 Erasmum
2801 5392 2856 5443 et
2916 5388 3263 5461 Marianum,
3323 5389 3796 5461 quirconﬁctum
3856 5388 4105 5447 retinent

2443 5464 2801 5533 contextum,
2833 5460 3360 5533 annotationesque
3391 5460 3569 5518 falsas
3621 5479 3863 5533 prorsus
3894 5480 3957 5518 ac
4011 5462 4101 5533 fu:

2442 5530 2594 5601 tiles,
2630 5530 2862 5602 Legunt
2889 5530 3089 5606 itaque
3121 5531 3232 5588 hoc
3262 5529 3434 5590 modo
3478 5551 3492 5589 :
3536 5556 3563 5583 ‹‹
3621 5529 3681 5589 Si
3715 5550 3939 5599 omnes,
4000 5529 4099 5601 qui
