5364 6558
729 227 852 297 349

1819 237 2238 305 ADVERSUS
2281 231 2771 303 JOVINIANUM
2812 233 2957 298 LIB.
3005 231 3083 299 ll.

4015 255 4017 258 '
4035 235 4156 308 350

723 375 784 426 et
813 369 1207 444 argumentis,
1248 375 1303 428 et
1331 371 1613 446 exemplis
1669 373 2081 446 respondimus
2125 373 2385 446 Scriptu-
2415 378 2470 442 Α
2501 369 2724 426 cundiae
2765 370 3028 426 vestibus
3084 371 3168 442 [At
3225 369 3476 444 tegebat]
3535 375 3872 447 protegebat
3927 376 4150 434 nudata

722 476 952 524 rarum,
989 465 1362 532 veteremque
1392 461 1639 516 Zenonis
1668 463 2038 530 sententiam,
2073 468 2193 518 tam
2235 479 2390 517 com-

658 575 668 586 -
724 548 896 605 muni
928 565 1131 618 sensu,
1166 566 1342 621 quam
1375 551 1571 605 divina
1601 551 1847 606 lectione
1878 552 2283 607 contrivimus.

795 639 890 692 36.
945 638 1134 694 Multos
1183 639 1476 710 discipulos
1533 641 1725 695 habuit
1767 643 2113 696 Iovinianus.
2172 643 2390 698 Doctri-

724 744 807 781 na
839 728 1129 799 voluptatis
1155 728 1289 798 quid
1315 730 1550 799 proﬁcit.
1584 760 1652 770 -—-
1693 730 1860 785 Nunc
1890 735 2064 786 restat
2098 735 2161 786 ut
2193 731 2395 802 Epicu-

734 833 874 870 rum
907 821 1166 871 nostrum
1228 818 1335 889 [AL
1392 819 1724 885 sudantem]
1790 820 2100 875 subantem
2160 821 2221 874 in
2253 820 2392 874 hor-

736 904 880 959 tulis
911 905 1033 960 suis
1064 904 1216 961 inter
1245 906 1709 962 adolescentulos
1752 912 1807 963 et
1840 909 2215 964 mulierculas
2251 908 2391 963 allo-

731 1010 1006 1065 quamur.
1044 994 1259 1049 Favent
1283 995 1386 1049 tibi
1419 996 1624 1063 crassi,
1659 997 1851 1064 nitidi,
1900 998 2178 1063 dealbali,
2210 998 2393 1064 Adde,

724 1083 773 1137 si
809 1083 902 1137 vis
939 1084 1110 1152 juxta
1166 1084 1517 1138 Socraticam
1579 1085 1931 1153 irrisionem,
1993 1104 2199 1143 omnes
2257 1103 2394 1142 sues

723 1177 785 1227 et
815 1188 1014 1236 canes,
1047 1177 1105 1226 et
1137 1173 1279 1243 quia
1307 1189 1540 1228 carnem
1592 1191 1777 1244 amas,
1832 1175 2092 1231 vultures
2139 1193 2393 1248 quoque,
2416 1171 2432 1182 ’

731 1262 846 1332 [AL
881 1261 1132 1331 aquilas]
1165 1262 1394 1333 aquilae,
1427 1263 1754 1335 accipitres,
1806 1268 1862 1318 et
1891 1264 2172 1321 bubones.
2232 1266 2394 1319 Nun-

732 1366 913 1420 quam
962 1366 1068 1405 nos
1127 1350 1254 1420 (νεά
1302 1353 1360 1405 in
1419 1368 1540 1422 cap.
1600 1370 1655 1406 Ix
1713 1354 1908 1409 Eecles.
1967 1355 2205 1426 Comm.)
2261 1352 2394 1408 Ari-

729 1438 912 1509 stippi
956 1437 1551 1495 multitudoterrebit.
1608 1443 2000 1514 Quoscumque
2084 1443 2397 1508 formosos,

729 1543 1124 1600 quoscunque
1155 1527 1604 1596 calamistratos,
1639 1546 1786 1600 quos
1845 1531 2003 1586 crine
2048 1531 2396 1603 composito,

720 1632 874 1688 quos
907 1615 1262 1672 rubentibus
1284 1617 1484 1672 buccis
1504 1618 1800 1684 videro,de
1821 1623 1922 1674 tuo
1947 1624 2210 1676 armento
2236 1625 2397 1688 sunt,

2501 463 2590 514 est
2620 463 2676 514 et
2702 459 2965 530 exposita
2997 479 3008 515 :
3043 477 3170 532 quae
3202 465 3337 515 anta
3367 460 3426 515 in
3465 463 3688 518 occulto
3745 469 3932 530 erant,
3993 483 4152 524 nunc

2503 547 2562 602 in
2592 548 2894 619 prOpatulo
2927 553 3085 604 sunt.
3138 549 3457 604 Ostendisti
3489 548 3633 606 tales
3663 551 4002 624 discipulos,
4035 573 4151 612 non

2503 636 2710 701 fecisti,
2741 637 2857 692 Hoc
2889 637 3130 708 profecit
3160 638 3427 693 doctrina
3471 643 3592 705 tua,
3653 644 3720 694 ut
3781 649 4016 712 peccata
4042 662 4147 701 nec

2503 724 2903 796 pmnitentiam
2933 726 3168 797 quidem
3197 726 3452 782 habeant
3481 729 3519 781 ‘.
3548 727 3817 801 Virgines
3868 735 3980 786 tuas
4009 750 4156 804 quas

2503 813 2962 884 prudentissimo
2993 815 3413 887 consilio,quod
3449 833 3618 872 nemo
3646 834 3907 890 unquam
3940 820 4158 894 legerat

2503 918 2608 957 nec
2637 903 2919 969 audierat,
2953 905 3024 959 de
3047 905 3323 976 Apostolo
3354 906 3822 973 docuisti,Melius
3849 914 3928 964 est
3956 911 4158 967 nubere

2506 1007 2668 1064 quam
2699 995 2791 1046 uri
2811 995 2858 1061 (1
2878 993 2997 1047 Cor.
3026 1011 3118 1058 VII,
3141 994 3220 1061 9),
3237 993 3496 1049 occultos
3517 995 3813 1052 adulteros
3847 997 3905 1052 in
3929 1003 4159 1070 apertos

2503 1085 2798 1136 verterunt
2824 1083 3085 1136 maritos.
3119 1083 3242 1137 Non
3276 1083 3463 1137 suasit
3493 1083 3600 1138 hoc
3656 1086 3991 1156 Apostolus,
4042 1105 4157 1144 non

2505 1169 2802 1226 electionis
2833 1187 2952 1225 vas.
2987 1170 3374 1241 Virgilianum
3407 1171 3717 1226 consilium
3749 1180 3838 1228 cst
3865 1193 3877 1229 :

2597 1303 2910 1366 Conjugium
2944 1308 3114 1363 vocat,
3145 1303 3246 1354 hoc
3303 1307 3547 1368 praetexit
3576 1307 3793 1356 nomine
3824 1308 4054 1371 culpam.

3473 1385 3704 1457 (AEneid.
3734 1386 3773 1442 l.
3808 1389 3905 1457 Iv).

2579 1528 2666 1580 37.
2704 1527 2971 1598 Basilides
3026 1529 3288 1596 magister
3335 1529 3598 1585 luxuria
3649 1530 3870 1599 Semper
3921 1533 4154 1603 pseudo-

2505 1623 2780 1688 provhetw
2834 1617 3019 1671 dulcia
3073 1619 3422 1688 promittunt.
3490 1617 3656 1674 Verba
3710 1620 4014 1675 Joviniani.
4093 1651 4160 1662 —

721 1704 844 1758 imo
876 1703 1037 1758 inter
1063 1709 1200 1807 tuos
1239 1721 1374 1800 sues
1424 1706 1769 1777 grunniunt.
1831 1708 1909 1762 De
1967 1713 2164 1764 nostro
2226 1725 2398 1781 grege
2426 1743 2474 1807 B
2508 1705 2928 1807 Quadringenti
2961 1706 3310 1807 ferme‘ann‘i
3337 1711 3496 1772 sunt,
3531 1707 3684 1806 quod
3715 1706 3926 1807 Christi
3960 1709 4162 1807 praedi-

723 1791 949 1858 tristes,
983 1791 1215 1864 pallidi,
1270 1783 1573 1864 sBrdidati,
1607 1800 1661 1850 et
1694 1796 1861 1867 quasi
1899 1797 2186 1870 peregrini
2218 1798 2396 1869 hujus
2427 1783 2474 1807 ⁸³
2505 1795 2652 1850 catio
2684 1795 2866 1868 fulget
2895 1795 2954 1850 in
2986 1795 3225 1850 mundo.
3262 1797 3338 1850 Ex
3367 1812 3482 1867 quo
3529 1795 3989 1852 innumerabiles
4045 1798 4160 1853 hae-

723 1881 953 1946 saculi,
981 1880 1119 1936 licet
1150 1898 1419 1938 sermone
1448 1886 1698 1954 taceant,
1724 1885 1925 1940 habitu
1958 1887 2113 1942 880
2144 1885 2393 1958 loquun-

728 1977 833 2026 tur
863 1974 922 2026 et
949 1975 1110 2042 gestu
1145 1988 1158 2025 :
1193 1975 1302 2027 Hei
1329 1973 1473 2027 mihi
1500 1975 1629 2046 quia
1653 1977 2035 2046 peregrinatio
2092 1993 2214 2031 mea
2259 1993 2397 2049 pro-

741 2060 972 2130 longata
1015 2066 1124 2114 est!
1179 2062 1427 2117 habitavi
1480 2079 1603 2117 cum
1655 2062 2090 2119 habitationibus
2143 2066 2156 2098 ¹
2220 2065 2395 2120 Cedar

740 2150 918 2218 (Psal.
951 2165 1117 2213 CIxIx,
1151 2151 1227 2218 5),
1258 2149 1530 2206 videlicet
1558 2151 1615 2204 in
1649 2151 1907 2208 tenebris
1938 2153 2116 2223 hujus
2166 2155 2391 2210 mundi,

728 2237 870 2309 quia
903 2236 1000 2291 lux
1033 2236 1188 2293 lucet
1219 2239 1276 2293 in
1327 2239 1606 2305 tenebris,
1667 2245 1723 2294 et
1781 2243 2032 2296 tenebrae
2089 2243 2218 2297 eam
2278 2260 2393 2299 non

721 2326 1324 2397 comprehenderunt.
1359 2327 1440 2382 Ne
1468 2327 1757 2399 glorieris,
1791 2330 1947 2399 quod
1981 2329 2196 2386 multos
2227 2331 2400 2386 disci-

722 2415 901 2486 pulos
953 2414 1200 2470 habeas.
1237 2415 1417 2471 Filius
1448 2417 1548 2472 Dei
1581 2417 1780 2472 docuit
1809 2417 1866 2472 in
1902 2418 2126 2485 Judasa,
2159 2424 2214 2474 et
2258 2420 2395 2476 duo-

723 2503 917 2559 decim
940 2508 1175 2558 tantum
1209 2503 1379 2558 illum
1403 2505 1649 2577 apostoli
1674 2507 2089 2578 sequebantur.
2117 2509 2391 2576 Torcular,

729 2592 948 2664 inquit,
984 2593 1203 2647 calcari
1229 2593 1455 2659 solus,et
1483 2593 1549 2649 de
1601 2595 1854 2666 gentibus
1908 2597 1995 2662 vir
2023 2613 2130 2652 non
2161 2604 2238 2652 est
2281 2614 2392 2652 me-

724 2698 847 2735 cum
877 2681 1014 2752 (lsa.
1050 2698 1206 2748 LXIII,
1237 2682 1317 2751 3).
1351 2681 1448 2736 Ille
1506 2681 1566 2736 in
1621 2684 1893 2755 passione
1950 2684 2110 2740 solus
2168 2701 2395 2741 reman-

722 2769 822 2839 sit,
854 2775 912 2825 et
943 2769 1102 2824 Petri
1137 2785 1370 2841 quoque
1423 2786 1560 2842 erga
1589 2787 1723 2827 eum
1754 2772 2064 2845 trepidavit
2120 2778 2394 2830 constan-

722 2859 804 2913 tia
839 2876 852 2913 :
887 2857 1328 2913 Pharisaeorum
1359 2863 1554 2913 autem
1586 2860 1860 2915 doctrina:
1893 2861 2087 2918 omnis
2143 2862 2394 2934 populus

722 2946 1148 3018 applaudebat,
1178 2947 1378 3003 dicens
1412 2963 1424 3003 :
1455 2949 1742 3019 Cruciﬁge,
1771 2952 2031 3022 cruciﬁge
2059 2952 2245 3006 talem.
2279 2954 2395 3008 Non

723 3036 994 3090 habemus
1025 3051 1213 3103 regem
1262 3038 1378 3091 nisi
1436 3036 1708 3094 Ca’sarem
1757 3041 1934 3106 (Joan.
1995 3056 2110 3108 XIX,
2166 3041 2220 3106 6,
2280 3041 2392 3112 45),

2505 1899 2662 1939 reses
2693 1884 2952 1939 tunicam
2985 1882 3143 1937 illius
3174 1882 3607 1948 consciderunt,
3668 1881 3978 1938 universus
4011 1899 4157 1955 pene

2505 1990 2666 2028 error
2694 1973 2839 2028 381
2878 1973 2950 2027 de
2981 1971 3250 2028 Chaldaeo
3289 1977 3345 2027 et
3390 1975 3532 2043 Syro
3587 1972 3608 2005 ⁵
3674 1976 3731 2026 et
3789 1971 3984 2028 Greco
4045 1987 4160 2028 ser-

2507 2079 2677 2118 mone
2708 2066 3086 2134 processerat.
3138 2060 3420 2116 Basilides
3471 2060 3749 2132 magister
3805 2059 4046 2116 luxurias
4105 2066 4164 2116 et

2505 2151 2982 2223 turpissimarum
3015 2148 3444 2220 complexuum,
3476 2153 3608 2220 post
3666 2153 3750 2204 tot
3774 2166 3960 2205 annos
3989 2149 4069 2204 ita
4099 2150 4156 2205 in

2501 2240 2898 2307 Jovinianum,
2932 2239 3102 2309 quasi
3134 2239 3192 2291 in
3225 2238 3603 2308 Euphorbum
3645 2238 3667 2272 ⁶
3705 2239 4159 2293 transformatus

2504 2332 2683 2395 est,ut
2705 2327 2910 2382 Latina
2929 2343 3161 2398 quoque
3185 2326 3384 2397 lingua
3405 2325 3648 2380 haberet
3670 2326 3934 2380 haeresim
3958 2343 4151 2381 suam.

2503 2415 2749 2471 Nullane
2779 2416 2889 2470 fuit
2924 2414 3038 2469 alia
3068 2414 3127 2468 in
3156 2419 3274 2469 toto
3305 2414 3443 2468 orbe
3499 2412 3814 2484 provincia,
3876 2430 4005 2486 quas
4064 2431 4158 2470 re-

2503 2505 2720 2576 ciperet
2771 2502 3112 2575 proconium
3169 2501 3507 2575 voluptatis,
3566 2502 3626 2557 in
3685 2518 3860 2574 quam
3920 2501 4159 2559 coluber

2501 2596 2802 2648 tortuosus
2833 2592 3130 2664 irreperet,
3161 2591 3272 2646 nisi
3297 2608 3475 2663 quam
3508 2591 3658 2646 Petri
3680 2590 3947 2646 doctrina
3976 2608 4154 2664 super

2503 2686 2726 2754 petram
2761 2681 3106 2736 fundaverat
3135 2681 3430 2736 Christum
3462 2681 3482 2714 ⁷
3504 2685 3529 2734 ξ)
3558 2680 3848 2735 Vexillum
3881 2679 4072 2736 crucis
4101 2685 4159 2736 et

2503 2770 2933 2842 praedicationis
2964 2769 3275 2825 austeritas
3306 2768 3594 2824 idolorum
3651 2768 3872 2841 templa
3927 2770 4155 2825 destru-

2502 2864 2664 2914 xerat
2696 2876 2708 2912 :
2744 2875 2773 2914 e
2797 2859 3030 2930 regione
3060 2857 3288 2912 luxuria
3319 2858 3506 2928 penis,
3539 2857 3758 2912 ventris
3813 2862 3870 2912 et
3900 2858 4157 2929 gutturis

2503 2949 2838 3004 subvertere
2867 2947 3074 3002 nititur
3113 2947 3517 3002 fortitudinem
3573 2947 3782 3002 crucis.
3845 2946 4006 3001 Unde
4055 2963 4160 3019 per

2506 3037 2680 3092 Isiam
2712 3035 2972 3106 loquitur
3000 3037 3154 3091 Deus
3187 3053 3200 3090 :
3233 3035 3474 3106 Populus
3501 3050 3676 3101 meus,
3733 3036 3828 3105 qui
3879 3051 3968 3090 vos
4029 3036 4156 3091 bea-

723 3125 778 3179 id
806 3131 920 3192 est,
953 3123 1103 3178 vitia
1161 3123 1486 3195 sequimur,
1544 3142 1658 3181 nou
1715 3127 1961 3183 virtutes
2005 3110 2395 3205 ;Epicurum,
2428 3110 2471 3176 C
2508 3128 2738 3196 tiﬁeant,
2771 3125 3033 3181 seducunt
3059 3141 3169 3191 vos,
3217 3133 3270 3180 et
3323 3125 3545 3179 semitas
3596 3123 3796 3195 pedum
3855 3129 4158 3188 vestrorum

721 3229 837 3268 non
869 3212 1184 3268 Christum
1219 3231 1231 3280 ;
1262 3213 1658 3281 Jovinianum,
1717 3233 1830 3270 non
1882 3217 2214 3288 apostolum
2246 3218 2394 3273 Pau-

719 3300 867 3356 lum.
901 3301 1071 3364 Quod
1107 3300 1279 3356 multi
1310 3303 1691 3373 acquiescunt
1716 3306 2014 3360 sententia
2077 3311 2210 3373 tua,
2243 3307 2395 3362 indi-

723 3389 887 3446 cium
914 3388 1238 3461 voluptatis
1269 3393 1358 3445 est
1391 3407 1402 3445 :
1440 3407 1554 3445 non
1604 3392 1759 3446 enim
1792 3397 1912 3448 tam
1971 3399 2028 3450 te
2058 3394 2394 3467 loquentem

733 3479 1011 3548 probant,
1040 3494 1212 3548 quam
1245 3477 1370 3534 suis
1401 3479 1592 3534 favent
1622 3480 1798 3536 vitiis.
1860 3481 1923 3536 In
1982 3482 2220 3539 circulis
2276 3483 2396 3555 pla-

736 3569 974 3621 tearum
1005 3566 1252 3636 quotidie
1283 3567 1459 3623 fictus
1513 3569 1735 3625 ariolus
1786 3571 2101 3627 stultorum
2163 3578 2325 3629 nates
2376 3592 2398 3624 ς

738 3654 1030 3719 verberat,
1063 3658 1115 3708 et
1133 3655 1359 3711 obtorto
1391 3657 1544 3713 fuste
1573 3657 1777 3714 dentes
1813 3660 2218 3716 mondentium
2250 3679 2392 3733 qua-

729 3743 823 3811 tit,
859 3759 969 3799 nec
1003 3749 1194 3801 tamen
1227 3745 1390 3800 deest
1420 3745 1518 3817 qui
1550 3764 1782 3819 semper
1813 3750 1999 3821 possit
2029 3749 2229 3806 induci
2257 3751 2284 3805 ?
2339 3757 2397 3807 et

723 3850 830 3906 pro
892 3849 1115 3905 magna
1165 3833 1454 3906 sapientia
1539 3837 1643 3906 [AL
1715 3838 1956 3910 deputa]
2013 3841 2284 3912 deputas,
2344 3843 2395 3897 si

719 3921 923 3994 plures
955 3922 1121 3994 porci
1155 3927 1287 3994 post
1315 3927 1373 3978 te
1417 3930 1676 3989 currant,
1711 3943 1861 3997 quos
1920 3927 2199 3999 gehennae
2262 3946 2394 3984 suo-

716 4011 882 4066 cidiaa
917 4009 1200 4066 nutrias?
1231 4011 1366 4067 Post
1394 4014 1748 4084 praeconium
1781 4020 1972 4085 tuum,
1994 4021 2051 4071 et
2085 4015 2323 4073 balneas
2348 4019 2393 4084 ³,

718 4117 845 4172 quas
877 4098 1041 4154 viros
1071 4099 1293 4170 pariter
1320 4103 1376 4156 et
1404 4101 1652 4158 feminas
1711 4102 1927 4171 lavant,
1962 4105 2155 4160 omnis
2206 4106 2390 4177 impa-

719 4188 927 4244 tientia
959 4205 1093 4260 qua
1124 4189 1427 4245 ardentem
1459 4190 1624 4262 prius
1656 4191 1990 4263 libidinem,
2033 4195 2203 4266 quasi
2233 4211 2394 4252 vere-

721 4426 741 4474 ι
797 4349 812 4381 ¹
843 4347 1143 4404 Victorius
1172 4365 1298 4404 cum
1351 4349 1735 4407 habitantibus
1763 4369 1898 4408 cum
1928 4353 2208 4427 Vulgatu,
2265 4371 2399 4411 cou-

746 4436 808 4474 ra
840 4435 987 4474 mss.

746 4436 808 4474 ra
840 4435 987 4476 “338.

2506 3215 2832 3271 conturbant
2865 3217 2990 3286 (Isa.
3032 3231 3110 3280 Ix,
3171 3213 3281 3284 46).
3343 3218 3578 3269 Necnon
3636 3229 3738 3284 per
3791 3213 4152 3270 Jeremiam:

2504 3306 2691 3375 Fugite
2719 3304 2783 3358 de
2817 3303 2993 3359 medio
3052 3303 3372 3374 Babylonis,
3431 3307 3480 3357 et
3535 3310 3740 3357 servate
3791 3305 4167 3376 uuusquisque‘

2505 3395 2752 3449 animam
2780 3409 2940 3447 suam
2968 3393 3182 3465 (Jerem.
3243 3409 3315 3460 LI,
3347 3393 3423 3459 9),
3458 3395 3507 3446 et
3553 3392 3724 3446 nolite
3751 3391 3966 3447 credere
3990 3408 4154 3463 pseu-
4183 3383 4197 3399 “

2504 3481 2863 3554 doprophetis,
2896 3483 2990 3552 qui
3016 3481 3221 3549 dicunt,
3274 3497 3408 3551 pax,
3444 3497 3580 3551 pax,
3654 3483 3706 3534 et
3761 3495 3871 3535 non
3925 3469 4002 3534 est
4047 3497 4158 3551 pax

2505 3572 2720 3642 (Jerem.
2754 3588 2831 3635 VI,
2868 3570 2954 3640 14)
2990 3587 3001 3624 ;
3037 3569 3136 3640 qui
3167 3585 3400 3640 semper
3456 3569 3840 3639 ingeminant,
3879 3570 4154 3639 Templum

2509 3661 2758 3725 Domini,
2793 3659 3054 3730 templum
3083 3659 3302 3712 Domini
3351 3657 3569 3727 (Jerem.
3629 3673 3730 3722 vn,
3764 3657 3838 3727 4).
3907 3655 4158 3727 Prophe-

2505 3752 2574 3803 ta:
2606 3747 2690 3802 tui
2710 3747 2983 3803 viderunt
3037 3746 3143 3801 tibi
3176 3744 3323 3800 lalsa
3352 3749 3410 3800 et
3457 3743 3816 3816 insipientia,
3875 3761 3988 3800 non
4020 3761 4154 3816 ape-

2505 3841 2749 3892 ruerunt
2777 3835 3151 3907 iniquitatem
3180 3838 3365 3901 tuam,
3401 3838 3466 3889 ut
3494 3838 3550 3889 te
3622 3834 3695 3889 ad
3753 3833 4155 3906 paenitentiam

2505 3931 2920 3999 provocarent:
2956 3922 3056 3994 qui
3089 3924 3367 3978 devorant
3396 3922 3622 3996 plebem
3655 3924 3762 3995 [AL
3795 3922 3997 3996 Deum]
4032 3923 4154 3990 Dei,

2504 4020 2570 4070 ut
2599 4014 2794 4069 cibum
2822 4011 3010 4085 panis,
3047 4013 3224 4067 Deum
3256 4029 3373 4068 non
3403 4012 3836 4069 invocaverunt.
3869 4011 4157 4068 Jeremias

2504 4102 2896 4176 captivitatem
2926 4101 3228 4166 nuntians,
3263 4100 3558 4173 lapidatus
3580 4117 3614 4154 a
3644 4099 3878 4172 populo.
3900 4100 4157 4156 Ananias

2504 4193 2661 4248 ﬁlius
2707 4199 2862 4246 Azur
2919 4190 3221 4262 frangebat
3277 4190 3348 4244 ad
3407 4205 3663 4261 praesens
3744 4188 3970 4260 ligneas
4035 4193 4156 4244 tor-

2503 4359 2611 4422 est,
2645 4357 2703 4408 at
2733 4352 2927 4409 nescio
2961 4367 3139 4424 quam
3199 4365 3353 4424 vere,
3385 4349 3434 4406 si
3485 4353 3826 4424 Montanum
3888 4351 4149 4420 reputes,

2505 4420 2814 4491 Novatum,
2848 4420 3027 4494 utque
3057 4422 3224 4488 alios,
3258 4420 3833 4494 utiquerexﬁLatinis.

786 4492 808 4568 ξ
837 4492 985 4568 Item
1015 4489 1312 4568 Victorius
1335 4509 1520 4568 nares,
1558 4509 1734 4568 quam
1784 4493 2092 4552 lectionem
2142 4501 2208 4552 ut
2260 4513 2390 4568 pro-
2421 4482 2468 4547 Ῐ)
2570 4499 2591 4532 ⁶
2623 4498 2684 4551 1n
2719 4482 2982 4568 sequenti
3012 4493 3160 4568 libro
3191 4482 3392 4568 contra
3423 4491 3826 4568 _Vigilantium
3881 4507 4043 4546 num.
4086 4507 4103 4544 I
4137 4507 4150 4545 :

717 4563 819 4637 bet
843 4562 1037 4637 multa
1068 4564 1556 4637 comminiscitur.
1577 4562 1733 4620 ‘Vide
1764 4582 1891 4637 quas
1923 4562 2278 4624 annotamus
2329 4569 2387 4622 in

716 4633 905 4707 Epist.
943 4635 1068 4707 127,
1103 4634 1175 4688 ad
1229 4635 1610 4707 Principiam,
1645 4633 1808 4692 nunf.
1869 4639 1904 4691 9
1957 4643 2014 4693 et
2069 4639 2263 4695 locum
2321 4655 2389 4694 ex

2500 4568 2774 4637 Quomodo
2804 4564 3136 4639 Euphorbus
3195 4564 3573 4639 in___Py_thor_a_
3600 4572 3822 4639 renatus
3876 4579 3986 4639 esse
4025 4578 4150 4632 per-

2498 4636 2734 4703 hibetur,
2777 4641 2856 4693 sic
2899 4636 2986 4692 ’in
3024 4639 3145 4709 [isto
3219 4636 3580 4709 (Vigilantio)
3634 4636 3919 4709 Joviniani
3997 4648 4150 4709 mens

721 4703 980 4782 imoimo
1009 4705 1085 4758 de
1123 4711 1311 4782 morte
1365 4703 1678 4779 Peregrini.
1731 4708 1887 4764 Infra
1942 4708 2040 4765 lib.
2110 4729 2125 4764 I
2187 4713 2391 4765 contra
2494 4727 2669 4782 prava
2696 4711 2958 4782 surrexit.
2990 4703 3573 4782 Nempe'so'mniavit
3614 4706 3986 4782 Pythagoras
4039 4703 4149 4757 Eu-

726 4773 1006 4832 Ruﬁnum
1037 4776 1246 4832 eadem
1279 4773 1582 4832 occurunt.

801 4845 826 4878 ³
856 4844 1173 4923 ᾙτοῳὶεουὶ
1203 4847 1420 4914 balnei,
1455 4849 1609 4920 quod
1671 4847 2016 4923 Jovinianus
2080 4853 2389 4923 probabat,

725 4916 1155 4994 turpitudinem
1187 4916 1606 4994 exsecreanjur
1626 4923 1826 4978 Patres
1858 4916 2118 4994 plerique
2163 4916 2388 4994 omnes,

717 4987 991 5074 glemens
1022 4989 1424 5074 Alefanldinus
1455 4990 1783 5074 _Pa2dagog.
1829 4987 1893 5074 Iit
1921 4994 1992 5061 5;
2021 4987 2390 5074 Epiphanius

720 5060 928 5134 haeres.
964 5077 1100 5134 κῃ,
1129 5064 1202 5126 7;
1236 5060 1756 5134 Οτγεοεὶοωῃεᾙὲ
1799 5060 2389 5133 educandis—liberis,

717 5130 958 5205 aliique.
992 5131 1260 5205 Canones
1290 5130 1544 5205 quoque,
1581 5133 1943 5192 Laodiceuus
1973 5137 2026 5201 3,
2082 5139 2138 5191 et
2164 5130 2389 5192 Trulla;

719 5204 959 5280 nus_77,
995 5203 1114 5280 imo
1145 5203 1324 5260 etiam
1360 5203 1782 5278 imperatorum
1839 5207 2068 5263 decreta
2124 5211 2179 5262 et
2234 5206 2392 5280 leges

714 5273 1218 5330 condemnabant.

717 5344 1026 5470 hazt'etus
1056 5347 1194 5402 edit.
1254 5363 1324 5402 ne
1372 5350 1658 5417 peccatum
1725 5349 1946 5419 quidem
2011 5351 2393 5422 paenitentiam

833 5431 896 5470 ea
929 5458 941 5470 .

833 5431 941 5470 eat.

793 5488 816 5521 ⁵
848 5487 1086 5562 εθιιῐίι,Δ
1111 5489 1434 5562 ρῐνίωιιωλθ
1466 5488 1688 5562 Latinis
1746 5490 2084 5550 hiereticum
2125 5493 2392 5549 Jovinia-

722 5574 872 5616 num
897 5559 1210 5630 exstitisse,
1238 5560 1395 5634 quod
1428 5560 1666 5632 quidem
1704 5567 1762 5620 et
1808 5564 2065 5623 Victorio
2122 5568 2392 5622 notatum

2499 4773 2708 4853 phorbi
2726 4780 2878 4858 apud
2897 4773 3321 4858 Trojam'occisi
3337 4773 3747 4858 animaminse
3762 4773 4148 4858 demigrasse;

2500 4845 2678 4924 seque
2709 4845 2905 4924 aiebat
2931 4845 3185 4924 primum
3217 4850 3398 4924 fuisse
3455 4848 3802 4924 Ethalidem,
3855 4845 4152 4924 mos-Eu-

2500 4914 3026 4995 phorbum,deiride
3051 4921 3564 4995 Hermotirpurryet
3595 4916 3903 4995 Dyrrhum,
3920 4914 4149 4995 Delium

2501 4988 2871 5068 piscatorem,
2901 4996 3192 5063 postremo
3224 5007 3292 5045 ex
3322 4990 3540 5062 Pyrrho
3599 4988 3816 5044 factum
3876 5003 4005 5042 esse
4045 4988 4150 5062 Py-

2499 5067 2825 5121 thagoram.
3329 5077 3360 5105 ο

2571 5129 2743 5192 7Duo
2822 5151 2989 5199 mss.,
3049 5134 3220 5204 Super
3273 5140 3483 5204 petram
3529 5130 3859 5202 fundaverat
3919 5129 4147 5186 Christi.

2500 5208 2682 5265 Vetus
2708 5207 2846 5264 edit.
2879 5207 2990 5260 nisi
3020 5207 3080 5259 in
3108 5203 3205 5259 tua
3237 5204 3384 5258 Petri
3412 5203 3667 5258 doctrina
3722 5219 3887 5274 super
3937 5219 3994 5257 se
4048 5219 4152 5272 pe-

2502 5289 2644 5336 tram
2691 5278 3019 5354 [undaperat
3078 5276 3331 5331 Christus
3370 5279 3499 5354 {et
3547 5291 3691 5354 mo_x_
3741 5274 4152 5354 praI‘dic‘ationis

2500 5345 2816 5406 auctoritas.
2851 5349 3194 5421 Romamam
3230 5345 3480 5421 proprie,
3514 5345 3785 5421 ut_vides,
3829 5345 4147 5421 Ecclesiam

2502 5427 2684 5489 notat,
2720 5421 2779 5475 in
2811 5437 2928 5493 qua
2960 5415 3509 5493 primumhaziesim
3567 5415 3911 5493 Jovinianus
3966 5415 4148 5470 saevit.

2501 5493 2630 5550 Vid.
2663 5487 3149 5567 praeﬂuunt-hisce
3180 5487 3343 5545 libris
3375 5487 3870 5546 Admonitionem.
