5364 6558
1085 273 1202 346 ³81

2335 284 2398 348 S.
2445 282 2756 350 EUSEBII
2804 282 3255 347 HIERONYMI

4338 284 4441 366 ωε

1083 413 1252 486 quies
1282 417 1320 484 ³,
1348 413 1484 472 etin
1517 415 1778 476 futurum
1831 417 2046 474 ferreas
2077 420 2460 492 praeparabat.
2494 420 2738 491 Semper
2766 420 2818 486 Α
2847 417 3338 484 succenturiatos,
3371 414 3550 474 habes
3608 432 3852 476 scurras
3879 423 3935 476 et
3977 418 4163 477 velites
4190 418 4244 478 in
4271 425 4445 495 presi-

1083 504 1601 576 pseudoprophetze
1633 505 1818 561 dulcia
1851 507 2221 578 pollicentur,
2249 514 2306 564 et
2333 509 2405 564 ad
2441 507 2732 564 modicum

1083 591 1333 665 placent.
1367 599 1582 648 Amara
1607 600 1697 650 est
1725 596 1959 663 veritas,
1993 602 2050 651 et
2075 598 2175 669 qui
2209 614 2336 652 earn
2401 597 2732 668 praedicant,

974 736 982 743 ,
1080 680 1382 752 replentur
1411 682 1826 739 amaritudine.
1858 684 1920 739 In
1953 687 2171 757 azymis
2205 686 2358 740 enim
2392 685 2645 741 veritatis
2679 690 2736 739 et

1076 769 1432 826 sinceritatis
1497 771 1728 827 Domini
1790 773 2010 829 Pascha
2076 774 2423 843 celebratur,
2484 779 2539 829 et
2597 790 2730 828 cum

1078 857 1573 915 amaritudinibus
1604 861 1929 916 comeditur
1960 862 2148 933 (Exod.
2197 880 2294 928 vn,
2353 865 2425 930 8).
2488 863 2734 935 Egregia

1076 961 1218 1002 sane
1242 962 1349 1001 vox
1371 951 1429 1001 et
1459 965 1637 1018 quam
1669 950 1871 1004 audiat
1901 967 2120 1022 sponsa
2173 951 2381 1016 Chisti,
2438 951 2590 1006 inter
2618 952 2730 1006 vir-

1076 1035 1245 1105 gines
1277 1036 1373 1090 'et
1401 1035 1626 1102 viduas,
1659 1043 1714 1092 et
1743 1037 1970 1094 caelibes
1999 1040 2176 1110 (unde
2206 1045 2262 1095 et
2293 1041 2482 1112 ipsum
2517 1057 2728 1095 nomen

1075 1122 1327 1179 inditum
1360 1129 1467 1191 est,
1501 1125 1651 1195 quod
1685 1125 1826 1181 coelo
1884 1128 2045 1200 digni
2079 1129 2216 1196 sint,
2274 1129 2372 1202 qui
2429 1129 2581 1185 coitu
2635 1146 2728 1183 ca-

1074 1212 1284 1282 reant),
1314 1233 1346 1261 «
1373 1213 1823 1284 Rarojejunate,
1857 1217 2118 1273 crebrius
2149 1219 2365 1274 nubite.
2390 1219 2513 1274 Non
2571 1218 2728 1272 enim

1073 1299 1316 1371 potestis
1349 1299 1590 1371 implere
1621 1319 1798 1374 opera
1824 1306 2186 1377 nuptiarum,
2213 1308 2323 1362 nisi
2361 1307 2638 1369 mulsum,
2674 1312 2731 1361 et

1072 1403 1298 1456 carnes,
1323 1392 1379 1442 et
1408 1389 1684 1446 nucleum
1718 1409 1785 1448 su
1798 1395 2356 1464 mpseritis.Viribus
2379 1413 2526 1467 opus
2546 1401 2636 1450 est
2655 1396 2726 1449 ad

1071 1475 1395 1532 libidinem.
1416 1479 1540 1533 Cito
1570 1495 1704 1535 caro
1730 1488 2079 1555 consumpta
2102 1485 2428 1539 marcescit.
2448 1485 2601 1540 382
2624 1484 2730 1538 No-

1070 1563 1172 1620 lite
1201 1565 1406 1622 timere
1461 1567 1928 1626 fornicationem.
1989 1573 2092 1637 Qui
2147 1573 2326 1628 semel
2386 1574 2444 1628 in
2502 1573 2727 1628 Christo

1069 1653 1399 1727 baptizatus
1427 1660 1535 1724 est,
1570 1658 1778 1714 cadere
1809 1677 1924 1716 non
1956 1666 2146 1732 potest
2179 1680 2190 1717 :
2226 1662 2398 1718 hebet
2440 1663 2618 1729 enim,
2653 1661 2724 1717 ad

1070 1742 1506 1816 despumandas
1559 1745 1853 1804 libidines.
1887 1748 2097 1806 solatia
2135 1752 2500 1823 nuptiarum.
2562 1750 2724 1816 Quod

1067 1837 1126 1889 et
1155 1832 1204 1888 si
1263 1833 1612 1900 cecideritis,
1645 1837 2067 1910 redintegrabit
2113 1857 2213 1896 vos
2258 1839 2620 1912 poenitentia,
2671 1843 2728 1894 et

1069 1921 1172 1992 qui
1227 1921 1286 1977 in
1325 1923 1679 1994 baptismate
1706 1925 1899 1981 fuistis
1926 1926 2429 1999 hypocritaecritis
2454 1931 2509 1984 in
2544 1926 2724 2002 pceni-

1067 2011 1252 2066 tentia
1280 2011 1475 2067 solidae
1508 2013 1660 2069 fidei.
1695 2015 1891 2088 Neque
1930 2019 2267 2084 turbemini,
2329 2024 2606 2091 putantes
2636 2017 2724 2072 in-

1065 2103 1155 2154 ter
1177 2100 1408 2170 justum
1439 2106 1498 2157 et
1519 2103 1895 2173 poenitentem
1929 2106 2150 2179 aliquid
2181 2109 2483 2175 interesse,
2515 2115 2572 2165 et
2619 2112 2726 2168 hu-

1078 2186 1372 2245 miliorem
1401 2193 1650 2262 gradum
1682 2193 1821 2248 dare
1868 2196 2104 2266 quidem
2153 2198 2401 2267 veniam,
2431 2201 2531 2255 sed
2563 2217 2723 2258 coro-

1066 2293 1208 2334 nam
1239 2278 1460 2335 tollere.
1495 2280 1621 2336 Una
1641 2287 1730 2338 est
1758 2284 1913 2339 enim
1947 2286 2270 2342 retributio.
2318 2288 2424 2352 Qui
2483 2290 2553 2344 ad
2587 2291 2722 2345 dex-

1068 2369 1254 2422 teram
1286 2370 1532 2434 steterit,
1566 2371 1831 2428 introibit
1860 2373 1920 2428 in
1961 2391 2141 2447 regna
2168 2375 2467 2432 caelorum.
2527 2400 2554 2428 η
2623 2379 2723 2435 His

1061 2456 1326 2512 consiliis
1381 2458 1612 2514 subulci
1657 2461 1743 2515 tui
1803 2464 2136 2534 pastoribus
2206 2466 2422 2521 nostris
2481 2467 2721 2524 ditiores

1062 2550 1223 2614 sunt,
1257 2549 1315 2600 et
1345 2545 1492 2601 hirci
1558 2547 1846 2618 plurimas
1904 2569 2104 2607 secum
2161 2570 2365 2623 capras
2421 2556 2716 2612 trahunt:

1061 2633 1204 2702 Equi
1231 2635 1564 2690 insanientes
1605 2638 1660 2690 in
1720 2639 1962 2707 feminas
2016 2643 2157 2710 facti
2209 2652 2335 2696 sunt
2387 2645 2606 2714 (larem.
2662 2664 2717 2713 ν,

1058 2721 1135 2791 8),
1170 2720 1395 2790 statim,
1448 2726 1510 2776 ut
1571 2723 1842 2781 mulieres
1898 2727 2168 2796 viderint,
2229 2730 2601 2800 adhinniunt,
2664 2739 2720 2788 et

1057 2807 1485 2880 impatientiam
1511 2828 1702 2880 suam,
1737 2814 1879 2886 proh
1913 2817 2112 2872 nefas!
2148 2819 2582 2890 Scripturarum
2623 2839 2715 2878 so-

1057 2897 1256 2953 lantur
1289 2899 1590 2971 exemplis.
1625 2901 1735 2957 Sed
1789 2908 1846 2958 et
1899 2904 2037 2976 ipsa:
2080 2907 2434 2964 mulierculae
2492 2909 2714 2966 miserae

1056 2991 1116 3042 et
1139 3003 1255 3042 non
1280 2986 1644 3045 miserabiles
1674 2992 1696 3025 ³
1726 2994 2098 3064 praeceptoris
2129 2996 2220 3052 sui
2268 2998 2443 3054 verba
2473 3005 2714 3056 cantan-

1054 3080 1144 3131 tes
1175 3075 1338 3148 (quid
1361 3077 1517 3133 enim
1550 3078 1662 3136 nisi
1682 3097 1878 3136 semen
1905 3085 2151 3156 requirit
2173 3091 2360 3142 Deus?
2382 3105 2496 3143 non
2517 3089 2706 3146 solum

2845 509 2979 575 diis,
3014 525 3265 571 crassos,
3299 511 3562 578 comptos
3593 509 3632 575 ⁴,
3661 507 3901 573 nitidos,
3932 508 4270 577 clamatores,
4291 513 4445 583 quite

2846 597 3057 669 pugnis
3079 596 3457 666 calcibusque
3483 595 3818 652 defendant.
3854 596 3972 651 Tibi
4031 598 4230 652 cedunt
4281 600 4344 654 de
4369 600 4450 655 via

2843 685 3088 748 nobiles,
3123 684 3228 740 tibi
3260 682 3603 738 osculantur
3625 684 3831 739 divites
3863 691 4046 755 caput.
4081 684 4196 739 Nisi
4224 685 4363 741 enim
4391 691 4444 741 tu

2840 773 3128 841 venisses,
3157 774 3300 828 ebrii
3331 779 3506 844 atque
3539 777 3832 828 ructantes
3891 774 4217 844 paradisum
4257 773 4448 830 intrare

2841 879 2955 918 non
2988 867 3277 935 poterant.
3313 863 3495 917 Macte
3528 862 3761 927 virtute,
3794 862 3908 916 imo
3961 860 4132 928 vitiis,
4187 861 4349 918 habes
4398 865 4446 918 in

2839 951 3048 1006 castris
3109 951 3225 1007 tuis
3283 956 3338 1005 et
3421 951 3742 1005 Amazones
3798 950 3946 1021 (Vide
4004 949 4343 1004 Commentar.
4394 953 4444 1006 in

2838 1057 2955 1110 cap.
2989 1057 3081 1094 xvx
3110 1041 3307 1104 Jercm,
3341 1044 3535 1094 exerta
3594 1055 3870 1108 mamma,
3930 1041 3986 1092 et
4033 1038 4182 1092 nudo
4235 1038 4443 1094 brachio

2837 1133 2894 1182 et
2923 1143 3097 1199 genu,
3131 1127 3426 1182 venientes
3457 1131 3658 1182 contra
3689 1143 3750 1181 se
3779 1126 3932 1181 viros
3963 1126 4033 1180 ad
4061 1142 4305 1198 pugnam
4330 1126 4450 1182 libi-

2839 1217 3044 1271 dinum
3076 1221 3476 1288 provocantes.
3523 1216 3589 1270 Et
3611 1215 3748 1286 quia
3778 1215 4127 1287 populentus
4158 1215 4453 1286 paterfami-

2839 1305 2946 1360 lias
2975 1322 3060 1371 cs,
3093 1305 3150 1359 in
3182 1304 3415 1360 aviariis
3449 1304 3566 1358 tuis
3625 1321 3740 1359 non
3795 1307 4073 1367 turtures,
4121 1304 4216 1359 sed
4271 1319 4452 1375 upupa;

2838 1394 2925 1462 (Et
2957 1395 3102 1448 Com.
3133 1396 3191 1449 in
3222 1410 3344 1464 cap.
3380 1410 3430 1448 v.
3464 1393 3719 1464 Zachar.)
3771 1392 4128 1458 nutriuntur,
4183 1408 4302 1460 quae
4353 1394 4457 1446 tota

2838 1482 3046 1536 fmtidae
3077 1481 3392 1553 voluptatis
3445 1481 3632 1536 lustra
3685 1480 4120 1536 circumvolent.
4177 1479 4261 1534 Me
4287 1481 4454 1550 earpc,

2840 1586 2932 1625 me
2963 1571 3187 1640 disﬁce,
3222 1571 3442 1640 objices
3474 1570 3725 1625 crimina
3754 1586 3881 1641 quae
3905 1567 4175 1638 volueris,
4197 1583 4358 1639 argue
4386 1567 4458 1622 lu-

2836 1659 3013 1713 xuria:
3045 1664 3101 1714 et
3141 1659 3503 1714 deliciarum.
3567 1658 3749 1731 Magis
3799 1674 3893 1713 me
3955 1655 4196 1724 amabis,
4251 1657 4293 1712 si
4336 1655 4457 1711 talis

2838 1749 3021 1814 fuero,
3049 1765 3144 1803 ero
3175 1749 3332 1804 enim
3365 1749 3434 1802 de
3473 1751 3737 1802 armento
3769 1752 3894 1802 tuo.

2905 1838 2993 1892 33.
3025 1843 3254 1894 Romam
3283 1838 3603 1908 alloguitur.
3628 1867 3697 1876 η-
3728 1835 3838 1891 Sed
3895 1835 3966 1890 ad
3998 1838 4054 1890 te
4104 1833 4319 1906 loquar,
4349 1850 4459 1905 qua

2835 1925 3113 1998 scriptam
3145 1929 3206 1980 in
3238 1926 3424 1981 fronte
3483 1924 3938 1997 blasphemiam,
3999 1923 4206 1980 Christi
4260 1922 4462 1978 confes-

2835 2013 2998 2070 sione
3040 2015 3196 2070 383
3253 2014 3480 2070 delesti.
3535 2013 3683 2069 Urbs
3743 2017 3974 2086 potens,
4035 2013 4145 2068 ubs
4203 2013 4348 2068 orbis
4374 2013 4459 2066 do-

2835 2103 3013 2170 mina,
3051 2104 3191 2159 urbs
3220 2103 3484 2175 Apostoli
3525 2119 3661 2158 voce
3693 2102 3935 2158 laudata
3992 2103 4164 2171 (Rom.
4196 2103 4256 2171 1),
4301 2102 4460 2157 inter-

2834 2198 3058 2264 pretare
3088 2192 3442 2248 vocabulum
3476 2197 3666 2248 tuum.
3731 2193 3917 2248 Roma
3946 2193 3966 2225 ⁵
4018 2197 4121 2246 aut
4145 2191 4462 2261 fortitudinis

2834 2295 3045 2336 nomen
3102 2287 3192 2337 est
3249 2281 3405 2352 apud
3482 2281 3736 2348 Grazcos,
3794 2285 3898 2336 aut
3952 2280 4286 2337 sublimitas
4318 2281 4464 2351 juxta

2832 2369 3118 2425 Hebraeos.
3153 2371 3330 2426 Serva
3360 2371 3516 2442 quod
3558 2370 3790 2438 diceris,
3848 2369 4042 2426 virtus
4098 2374 4154 2425 te
4209 2368 4463 2424 excelsam

2833 2459 3148 2525 faciat,non
3178 2458 3451 2530 voluptas
3474 2453 4280 2515 humileml'lllaledictionem
4311 2473 4462 2530 quam

2830 2546 2932 2600 tibi
2957 2546 3216 2602 Salvator
3246 2548 3303 2602 in
3338 2547 3685 2619 Apocalypsi
3715 2548 3854 2619 (cap.
3899 2565 4020 2602 xvn
4054 2550 4103 2603 ct
4135 2564 4269 2603 xvm
4324 2561 4461 2601 com-

2830 2633 3089 2690 minatus
3121 2641 3228 2701 est,
3263 2641 3428 2707 potes
3457 2637 3711 2708 effugere
3738 2653 3840 2708 per
3895 2637 4320 2708 paenitentiam,
4373 2635 4460 2688 ha-

2829 2723 2973 2779 bens
3001 2723 3332 2796 exemplum
3384 2723 3938 2810 NinivitarupJBSA
4003 2725 4149 2782 Cave
4199 2720 4464 2780 Joviniani

2830 2828 3072 2880 nomen,
3110 2813 3267 2884 quod
3331 2814 3402 2869 de
3431 2814 3593 2885 (Jove)
3626 2812 3782 2869 idolo
3813 2813 4143 2871 derivatum
4174 2818 4277 2871 est.
4307 2814 4464 2886 Squa-

2826 2900 2906 2955 let
2935 2900 3307 2972 Capitolium,
3343 2904 3562 2974 templa
3589 2901 3748 2958 Jovis
3778 2906 3835 2957 et
3883 2904 4242 2961 caeremoniae
4289 2900 4463 2958 conci-

2825 2989 3056 3044 derunt.
3119 2991 3235 3046 Cur
3286 2991 3631 3046 vocabulum
3692 2993 3843 3062 ejus,
3903 2998 3964 3048 et
4032 2994 4174 3048 vitia
4225 2991 4370 3065 apud
4421 2994 4467 3044 te

2822 3079 3055 3151 vigeant
3083 3080 3329 3134 ?Adhuc
3361 3081 3471 3135 sub
3503 3080 3761 3152 regibus,
3822 3085 3880 3137 et
3937 3083 4060 3137 sub
4111 3082 4296 3136 Numa
4324 3080 4470 3135 Pom-

1053 3164 1422 3235 pudicitiam,
1496 3168 1598 3222 sed
1677 3169 1853 3226 etiam
1937 3176 2348 3230 verecundiam
2432 3179 2704 3249 perdide-
2738 3156 2780 3222 C
2821 3166 2959 3238 pilio
2993 3166 3219 3222 facilius
3252 3169 3509 3238 majores
3529 3168 3654 3224 tui6
3678 3169 4030 3242 Pythagorae
4053 3169 4470 3232 continentiam,

1048 3259 1210 3322 runt,
1244 3256 1573 3328 mejorique
1636 3260 1988 3330 procacitate
2035 3263 2356 3320 defendunt
2405 3267 2706 3325 libidinem

1047 3359 1226 3416 quam
1255 3350 1544 3401 exercent.
1568 3346 1760 3404 Habes
1791 3355 2066 3420 praeterea
2103 3353 2162 3407 in
2194 3355 2450 3410 exercitu
2510 3357 2707 3428 plures

1092 3484 1256 3568 "H1335
1280 3485 1544 3568 Jeremiae
1575 3505 1703 3568 cap.
1735 3507 1955 3568 _xxvm_:
1991 3492 2231 3568 Catena;
2250 3497 2458 3568 ligneas
2497 3503 2707 3554 contri-

1045 3559 1192 3637 ρζξιξ,
1223 3559 1393 3637 facies
1425 3575 1522 3628 pro
1553 3563 1632 3637 eis
1650 3559 1894 3637 catenas
1906 3563 2136 3637 ferreas.
2175 3559 2421 3634 Dict'um,
2469 3575 2706 3626 notante

1044 3625 1299 3710 Victoria
1331 3625 1532 3710 contra
1564 3631 1714 3710 i_l_los,
1749 3633 1848 3710 qui
1882 3625 2150 3710 Homines
2182 3625 2438 3710 palpant,
2470 3645 2525 3695 et
2573 3625 2705 3698 feli;

1044 3699 1530 3838 gis/ggelzqentur.
1565 3699 1706 3759 Mss.
1762 3699 1877 3761 duo
1935 3707 2151 3763 habent
2182 3699 2434 3780 ‘lz'g‘ncos'
2465 3721 2701 3785 torques,

1045 3785 1104 3825 ει
1133 3785 1360 3828 terrens.

1116 3841 1416 3924 ’lfirgiaes
1445 3847 1497 3898 et
1517 3845 1716 3924 piduas
1740 3851 1789 3902 ct
1809 3849 2050 3924 caelibes.
2096 3850 2492 3924 Quintilianus
2524 3853 2626 3909 lib.
2663 3875 2700 3924 Ι,

1043 3926 1099 3992 (Ξζ
1130 3912 1197 3964 10
1229 3928 1242 3966 :
1269 3912 1307 3962 a
1331 3914 1750 3992 Ingenioseque
1773 3919 1884 3973 sibi
1906 3920 2064 3992 visus
2087 3912 2175 3976 est
2199 3921 2371 3977 Caius
2395 3940 2456 3980 es
2474 3912 2704 3983 caelibes

1043 3981 1258 4065 dicere,
1290 3981 1469 4065 veluti
1501 3981 1740 4065 cmlites,
1774 3991 1927 4060 quod
1972 4008 2152 4065 genere
2208 3995 2560 4065 gravissimo
2609 3981 2702 4054 va;

1041 4057 1194 4138 cent.
1232 4076 1260 4103 »
1291 4055 1574 4138 hianna.
1607 4059 1731 4115 Duo
1759 4055 1900 4116 mss.
1935 4062 2157 4138 absque
2182 4055 2241 4138 et
2278 4068 2586 4138 particula,
2621 4073 2702 4125 vi-

1041 4124 1461 4207 duas‘caalibes.
1521 4124 2296 4207 Annexam__etymologiani
2335 4124 2584 4196 Gravius,
2627 4124 2704 4197 ex

1041 4197 1395 4280 Quintiliano
1427 4198 1463 4280 Ι..
1501 4218 1563 4265 u,
1597 4210 1771 4280 mulo,
1804 4197 2064 4280 illustrat
2096 4197 2187 4280 {7:
2218 4279 2223 4280 ί
2250 4208 2556 4280 Ingeniose
2588 4213 2705 4267 sibi

1039 4271 1528 4349 visus‘estCaius
1560 4272 1792 4349 caalibes
1817 4276 2026 4349 dicere,
2053 4277 2228 4332 veluti
2259 4271 2500 4349 coElites,
2537 4305 2563 4332 »
2589 4289 2696 4338 etc.

1038 4338 1237 4417 Sedet
1268 4341 1554 4417 Isidorus,
1584 4345 1890 4417 Originum
1950 4346 1986 4399 l.
2013 4338 2098 4413 'x,
2151 4348 2236 4402 lit.
2299 4351 2338 4404 C
2373 4368 2385 4405 :
2422 4375 2450 4401 ‹‹
2483 4338 2700 4410 ὸδδιθὺε

1037 4410 1271 4484 dicitur,
1305 4414 1473 4484 quasi
1507 4410 1647 4470 coelo
1679 4410 1902 4472 beatus.

1116 4482 1196 4536 Ex
1227 4482 1412 4538 Oxi'dii
1449 4502 1617 4541 versu
1649 4487 1707 4541 in
1745 4488 1866 4542 Ibin
1904 4505 1915 4542 :

1191 4585 1378 4650 Sisque
1408 4590 1572 4640 miser
1597 4605 1822 4667 semper,
1856 4607 1954 4643 nec
1984 4593 2056 4642 sis
2087 4595 2400 4646 miserabilis
2431 4599 2542 4648 ulli.

1108 4694 1130 4774 ξ
1153 4693 1525 4774 gisterciens.
1559 4696 1706 4774 liber
1733 4715 1957 4774 crassos;
1995 4705 2333 4774 compositos,
2360 4707 2583 4763 nitidos.

1109 4765 1130 4800 ⁵
1148 4765 1426 4846 Mendhose
1455 4773 1596 4834 erat,
1659 4771 1868 4846 partim
1923 4765 2125 4829 Graece.
2149 4780 2204 4829 et
2260 4765 2470 4846 partim
2497 4781 2694 4838 Latine

1044 4835 1269 4923 ΒωΜΗ.
1302 4839 1494 4923 Grece
1525 4835 1719 4923 autem
1752 4841 1966 4923 ’Pe'iaq,
1995 4846 2182 4914 robur,
2239 4835 2517 4907 ﬁebraice

1037 4923 1146 4987 seu
1162 4922 1316 4987 Imp
1347 4912 1754 4987 sublimitatem
1769 4912 2087 4987 significat.

1107 4981 1130 5014 ³
1159 4980 1544 5055 Pythagoram
1577 5004 1691 5042 non
1723 4980 1890 5042 illum
1935 4987 2218 5044 celebrem
2257 4992 2458 5048 Italica!
2521 5002 2690 5052 secta

1038 5054 1464 5120 auctorem,’sed
1519 5058 1870 5131 Spartiatam
1929 5058 2109 5114 alium
2167 5061 2333 5118 innui
2392 5068 2692 5123 contendit

1060 5173 1485 5189 M

1059 5187 1484 5206 *ἢ

2819 3272 2996 3328 quam
3029 3257 3138 3311 sub
3171 3257 3513 3313 consulibus
3545 3257 3780 3329 Epicuri
3826 3259 3847 3292 ⁷
3889 3258 4193 3316 luxuriam
4223 3273 4468 3329 suscepe-

2817 3349 2981 3401 runt.

2815 3486 3107 3543 Victorius
3137 3503 3392 3558 quocum
3450 3489 3629 3545 sentit
3657 3494 3714 3545 et
3745 3489 4145 3546 Martianaeus.
4210 3491 4278 3545 Et
4335 3490 4471 3543 certe

2816 3558 3006 3634 Numa
3038 3557 3421 3631 Pythagoram
3446 3559 3613 3617 illum
3637 3562 3898 3634 Samium
3918 3563 4314 3634 antiquiorem
4347 3557 4472 3634 facit

2814 3629 2989 3705 vulgo
3021 3629 3252 3702 recepta
3280 3635 3571 3705 sententia
3591 3651 3659 3688 ex
3679 3633 3876 3688 Dionis
3897 3629 4300 3705 Chrysostomi
4323 3629 4470 3687 testi-

2818 3702 3015 3756 monio
3047 3717 3178 3777 xci);
3201 3709 3256 3758 et
3286 3704 3597 3777 Nicephori
3619 3706 3885 3777 Gregorm
3915 3702 4125 3771 xxx'm,
4149 3717 4471 3777 quanquam

2815 3777 3042 3861 veteres
3058 3773 3168 3856 .alii
3193 3773 3983 3861 propter’do'gmatum‘inter
4004 3773 4469 3861 utrumque—con:

2815 3844 3170 3918 venientiam
3197 3844 3494 3917 suppares
3527 3844 3710 3901 fuisse
3740 3845 3938 3918 velint.
3994 3852 4073 3901 At
4131 3844 4265 3902 mon
4298 3847 4471 3918 ipsam

2813 3915 3156 3989 Pythagorae
3189 3914 3498 3988 personam
3533 3918 3626 3972 hic
3686 3918 3789 3973 abs
3835 3917 4192 3989 Hieronymo
4241 3914 4472 3989 indicari

2814 3987 2920 4070 ego
2944 3987 3154 4070 sentio,
3188 3987 3252 4044 ut
3283 3991 3354 4044 de
3385 3991 3513 4070 ejus
3544 3993 3711 4044 zetate
3740 3987 4068 4070 disputare
4102 3987 4470 4070 necessesit.

2813 4064 2914 4113 aut
2970 4058 3151 4114 alium
3213 4058 3617 4130 cognominem
3649 4058 4017 4116 comminisci
4072 4062 4229 4128 ;sed
4287 4058 4474 4129 utique

2819 4131 3168 4215 doctrinam,
3203 4147 3330 4215 quite
3363 4131 3599 4215 scriptis
3631 4137 3962 4215 supererat,
3997 4131 4230 4215 fuitque
4282 4132 4476 4215 .Nu‘maa

2815 4201 3246 4284 acceptissima.
3283 4202 3363 4255 Re
3393 4201 3522 4284 ipsa
3552 4200 3809 4284 delibris
3839 4200 4249 4284 Pythagoricis
4280 4203 4338 4257 in

2817 4270 3270 4344 may’sepulcrog
3310 4270 3548 4342 repertis
3588 4270 3934 4344 (loquuntur
3991 4270 4196 4330 Livius
4244 4291 4334 4329 XL.
4389 4270 4473 4344 29,

2817 4341 3192 4419 Elinius'siu.
3221 4342 3305 4410 13,
3330 4341 3915 4419 Lactantiuslqir‘xn,
3977 4342 4477 4419 A_ugustinus__de

2808 4411 2973 4467 Civit.
3011 4413 3110 4468 Dei
3140 4429 3266 4479 vm,
3324 4416 3380 4479 5,
3434 4415 3703 4471 Aurelius
3755 4415 3952 4471 Victor
4005 4411 4109 4471 de.
4136 4416 4295 4472 Viris
4347 4412 4472 4468 illu-

2809 4484 2976 4563 strib:
3007 4501 3056 4538 c.
3091 4485 3152 4563 3,
3189 4488 3362 4556 atque
3393 4483 3512 4540 alii.
3733 4559 3750 4563 _
4116 4559 4156 4563 __
4436 4553 4468 4563 ,,

2881 4556 2900 4588 ⁷
2939 4555 3244 4628 Liguriam
3272 4555 3670 4628 susceperunt.
3731 4559 3795 4612 In
3853 4573 3964 4613 ms.
4026 4559 4235 4614 codice
4293 4555 4469 4628 sancti

2805 4625 2959 4700 Petri
2989 4626 3369 4700 Carnutensis
3422 4625 3689 4700 sequitur
3745 4627 4149 4686 damnationis
4182 4627 4469 4686 sententia

2804 4696 2864 4752 in
2895 4697 3299 4753 Jovinianum.

3037 4804 3399 4862 HONORIUS
3433 4806 3520 4860 ET
3550 4805 3995 4864 THEODOSIUS
4026 4807 4251 4865 AUGG.

3113 4877 3340 4934 FELICI
3383 4877 3768 4934 PREFECTO
3801 4879 4186 4935 PRJETORII.

2869 4999 3268 5067 Jovinianum,
3300 5005 3408 5056 etc.
3443 5017 3571 5072 quae
3604 5003 3717 5057 Lex
3747 5007 3835 5058 est
3873 5003 3944 5058 53
3976 5002 4036 5057 in
4099 5003 4230 5058 cod.
4290 5001 4470 5056 Theo-

2801 5072 2928 5128 dos.
2959 5073 3051 5128 tit.
3082 5074 3118 5127 5
3147 5073 3218 5128 de
3249 5071 3562 5128 Hzereticis.
3600 5073 3890 5130 Manum.

1487 5183 4471 5226 mm

1609 5295 1768 5352 885
1814 5294 1894 5353 IN
1940 5295 2111 5365 SEQ.
2157 5296 2461 5360 LIBRUM
2504 5299 2820 5362 CONTRA
2864 5304 3388 5366 VlGlLANTlUM
3434 5307 3898 5370 ADMONITIO.

1115 5493 1166 5549 l.
1197 5497 1407 5593 Contra
1438 5495 1822 5593 Vigilantiam
1855 5503 2183 5593 epistolam,
2217 5509 2584 5568 biennicante
2625 5514 2779 5570 hunc
2818 5514 3105 5582 libellum,
3128 5515 3325 5573 datam
3367 5517 3602 5592 Ripario
3643 5519 3978 5593 presbytero
4018 5516 4376 5577 excudimus
4405 5512 4462 5566 in

1041 5585 1304 5642 secunda
1333 5588 1494 5658 parte
1507 5586 1720 5660 prioris
1742 5590 1885 5646 tomi
1910 5592 2019 5648 sub
2050 5612 2328 5667 num.c1x,
2355 5600 2413 5656 in
2437 5618 2703 5672 quacum
2745 5603 3002 5664 haeretici
3042 5604 3298 5664 hominis
3329 5585 3793 5668 Commentarios
3821 5585 4096 5668 nondum
4140 5602 4477 5676 accepisset
