5364 6558
610 229 715 295 353
1658 232 2077 298 ADVERSUS
2121 230 2646 299 VIGILANTIUM
2694 234 2950 300 LIBER.
3894 243 4026 306 354'—

603 365 1004 437 Hieronymus,
1029 373 1032 376 ‘
1075 363 1340 437 praelusit
1369 367 1804 437 quodammodo
1837 382 2065 438 pugnae,
2083 381 2370 438 suamque
2392 368 2586 440 potius
2607 370 2835 441 aperuit
2856 370 3052 436 ﬁdem,
3077 385 3254 442 quam
3277 370 3407 440 ejus
3428 373 3775 444 expugnarit
3805 373 4022 430 infide;

603 454 837 509 litatem.
872 455 1041 509 Nunc
1073 455 1308 526 quando
1339 456 1409 509 ad
1443 455 1638 527 ipsum
1667 454 1884 509 librum
1917 456 2276 522 devenimus,
2313 473 2427 526 quo
2455 457 2732 513 adversus
2753 457 3044 512 insaniam
3067 457 3324 512 hominis
3347 474 3578 514 summo
3601 461 3778 516 animi
3804 462 4012 518 ardore

598 542 883 598 velitatur.
920 549 985 598 ut
1017 561 1205 600 causae
1239 547 1536 600 momenta
1566 548 1870 616 perspecta
1901 544 2140 612 habeas,
2175 545 2308 615 quis
2341 545 2463 615 ipse
2493 545 2850 617 Vigilantius
2883 547 3076 613 fuerit,
3099 548 3358 618 quidque
3379 551 3580 602 contra
3601 555 3813 606 rectam
3839 552 4016 608 ﬁdem

598 639 811 687 temere
841 634 1112 699 senserit,
1147 634 1589 704 praenotandum
1621 637 1726 687 est.
1761 633 1908 688 Eum
1960 637 2182 688 natione
2229 633 2446 688 Gallum
2497 634 2634 688 dicit
2683 634 3039 701 Gennadius,
3078 636 3576 703 Calagurritarum,
3610 635 3726 691 sive
3755 655 3822 692 ex
3853 638 4020 694 Calas

599 722 793 794 garris
821 721 1008 776 viculo
1039 710 1218 794 prope
1245 722 1648 777 Convenarum
1680 722 1907 786 urbem,
1947 722 2366 793 Hieronymus;
2399 722 2554 777 unde
2584 721 2878 794 intelligas
2909 739 2976 778 ex
3021 723 3277 779 interiori
3327 723 3495 778 illum
3555 723 3738 778 fuisse
3769 727 4018 798 Aquita-

607 812 698 864 nia
726 811 796 864 ad
831 810 1049 865 radices
1080 811 1358 882 Pyrenaei.
1393 811 1577 866 Homo
1608 818 1752 874 erat,
1782 811 1984 865 eodem
2016 810 2314 865 Gennadio
2337 816 2592 878 auctore,
2623 812 2872 866 seductus
2894 813 3135 867 humana
3183 814 3347 868 laude
3393 817 3442 867 el
3479 829 3827 883 praesumens
3852 831 4022 888 supra

613 901 747 954 vires
772 915 912 964 suas,
945 900 1140 970 lingua
1165 901 1394 970 politus,
1429 917 1538 955 non
1567 916 1730 954 sensu
1760 898 2174 970 Scripturarum
2202 902 2552 964 exercitatus,
2587 901 2688 955 sed
2736 901 2784 955 si
2819 901 3235 972 Hieronymum
3268 901 3459 968 audis,
3503 904 3790 973 imperitus
3819 911 3870 960 et
3898 920 4024 960 ver-

609 988 683 1042 bis
704 997 755 1043 et
779 989 1033 1054 scientia,
1066 997 1117 1044 et
1143 1005 1395 1043 sermone
1422 988 1751 1043 inconditus.
1785 989 1864 1044 Ex
1895 989 2022 1042 vitae
2049 987 2314 1044 instituto
2346 1006 2670 1060 cauponam
2712 996 3068 1054 exercuerat,
3120 991 3238 1045 sive
3284 990 3458 1044 etiam
3506 996 3649 1046 tunc
3697 993 4028 1062 exercebat,

603 1094 725 1131 cum
763 1093 951 1132 novus
978 1077 1373 1133 Ecclesiarum
1406 1078 1688 1149 magister
1716 1078 1917 1132 audire
1948 1077 2150 1143 veluit,
2184 1082 2239 1132 et
2269 1078 2569 1149 presbyter
2591 1079 2798 1147 jussus
2827 1083 2937 1133 est.
2981 1079 3122 1133 Nam
3174 1083 3230 1133 et
3278 1079 3435 1133 hunc
3483 1080 3731 1150 gradum
3765 1086 3854 1138 est
3884 1099 4028 1138 con-

600 1171 858 1235 secutus,
891 1171 947 1220 et
980 1168 1295 1235 Ecclesium,
1341 1172 1406 1220 ut
1449 1166 1733 1221 Gennadii
1783 1165 1976 1221 verbis
2019 1167 2101 1219 uti
2157 1183 2495 1236 prosequar.
2549 1168 2828 1238 Hispania?
2879 1169 3282 1222 Barciloncnsis
3326 1169 3609 1238 parochize
3655 1172 3864 1229 tenuit:
3895 1187 4025 1242 qum

603 1270 728 1309 cum
760 1260 917 1310 esset
949 1261 1287 1310 sanctorum
1321 1256 1791 1327 presbyterorum
1826 1255 2043 1326 Riparii
2094 1270 2160 1309 ac
2199 1253 2479 1310 Desiderii
2570 1255 2839 1326 parmciis
2883 1257 3264 1321 contermina,
3317 1255 3375 1310 hi
3425 1255 3702 1311 continuo
3753 1257 4027 1314 dolebant

605 1343 850 1398 morbidi
881 1344 1142 1416 pastoris
1178 1343 1390 1400 vicinia
1421 1344 1684 1416 proprias
1715 1345 1785 1399 de
1819 1344 2006 1399 salute
2050 1359 2183 1399 oves
2235 1343 2571 1414 periclitari.
2622 1345 2944 1416 Episcopus
2985 1361 3238 1416 quoque,
3285 1345 3394 1400 sub
3444 1346 3616 1415 cujus
3663 1344 3758 1401 ille
3799 1346 4024 1402 ditione

602 1433 827 1503 agebat,
860 1433 1236 1503 patrocinari,
1269 1437 1317 1489 et
1347 1435 1688 1504 acquiescere
1739 1436 1922 1504 furori
1949 1435 2064 1504 ejus
2113 1432 2272 1488 visus
2320 1439 2424 1500 est,
2478 1435 2953 1506 quandoquidem
3003 1435 3339 1489 admonitus
3389 1435 3680 1506 corripere
3729 1435 4020 1492 furentem

601 1520 846 1588 distulit,
880 1526 984 1577 aut
1020 1522 1253 1594 penitus
1284 1522 1680 1594 praetermisit.

660 1613 711 1664 2.
747 1612 892 1676 Quae
926 1616 1125 1666 autem
1158 1627 1372 1666 vesano
1411 1611 1643 1684 ingenio
1675 1615 2044 1666 commentus
2075 1614 2164 1666 est
2196 1628 2338 1666 nova
2369 1612 2664 1683 dogmata,
2696 1614 2764 1668 ad
2800 1613 2919 1668 haec
2955 1613 3070 1668 fere
3116 1612 3308 1684 capita
3352 1613 3732 1668 reducuntur.
3766 1613 4028 1686 Negabat

604 1702 651 1754 l°
681 1716 818 1755 esse
846 1704 1160 1768 martyres,
1197 1705 1301 1755 aut
1330 1716 1529 1754 eorum
1563 1699 1841 1772 reliquias
1871 1700 2258 1765 venerandus,
2294 1700 2413 1755 sive
2446 1701 2515 1755 ad
2548 1718 2746 1756 eorum
2783 1702 3049 1773 sepulcra
3091 1702 3147 1755 in
3197 1701 3459 1756 ecclesiis
3502 1701 3888 1773 vigilandum,
3923 1705 4028 1758 aut

600 1787 763 1852 alios,
798 1788 904 1859 qui
936 1787 993 1842 in
1027 1787 1496 1843 Christianorum
1526 1789 1774 1843 cuztibus
1805 1792 2254 1857 consueverant,
2286 1788 2538 1843 honores
2566 1789 2683 1844 illis
2714 1805 2840 1844 esse
2865 1789 3227 1845 deferendos.
3253 1795 3310 1843 2°
3332 1789 3517 1860 Pejori
3543 1789 3737 1845 adhuc
3757 1789 4028 1846 vecordia

601 1876 814 1941 aiebat,
840 1875 1086 1932 minime
1107 1881 1450 1932 sanctorum
1475 1876 1746 1947 precibus
1765 1892 1872 1930 nos
1896 1876 2183 1945 adjuvari,
2208 1891 2397 1948 neque
2419 1878 2664 1932 terrenis
2689 1879 2844 1949 tangi
2871 1877 3314 1934 necessitatibus
3336 1877 3586 1944 ccelites;
3611 1879 3765 1933 unde
3785 1882 3840 1933 et
3857 1879 4029 1950 signa

608 1979 732 2034 qua:
765 1980 868 2034 per
894 1961 1023 2018 illos
1054 1962 1351 2018 interdum
1387 1965 1612 2029 fierent,
1643 1963 1962 2018 incredulis
1993 1964 2277 2018 duntaxat
2308 1964 2604 2034 prodesse.
2640 1967 2699 2019 3°
2730 1965 3051 2021 Nonnullae
3092 1964 3360 2020 Ecclesiae
3417 1965 3815 2031 cmremonias,
3849 1970 4028 2037 atque

616 2051 781 2106 illam
813 2051 870 2105 in
901 2051 1120 2123 primis,
1154 2069 1352 2107 cereos
1381 2051 1632 2107 interdiu
1663 2052 1900 2106 accendi
1935 2051 1991 2105 in
2026 2051 2226 2116 Missa,
2261 2052 2380 2107 sive
2411 2053 2482 2107 ad
2507 2053 2878 2125 Evangelium
2917 2053 3303 2119 recitandum,
3329 2070 3563 2124 paganos
3587 2053 4030 2124 superstitionis

615 2140 792 2194 ritum
823 2141 1053 2195 vocabat
1077 2159 1089 2208 ;
1117 2156 1224 2195 nec
1245 2141 1479 2195 Alleluia
1501 2140 1723 2195 cantari
1745 2140 1991 2206 volebat,
2027 2141 2182 2196 386
2204 2140 2317 2196 nisi
2344 2142 2400 2195 in
2423 2142 2664 2197 Pascha.
2686 2143 2742 2195 4ο
2759 2143 2952 2198 Sensit
2972 2159 3110 2198 suas
3136 2142 3246 2196 sibi
3268 2158 3561 2214 quemque
3591 2143 3838 2198 retinere
3858 2157 4029 2214 posse

607 2228 860 2298 divitias,
895 2245 1084 2300 neque
1112 2227 1539 2284 abdicationem
1575 2245 1607 2284 a
1637 2228 1836 2283 saeculi
1871 2230 2046 2284 rebus
2078 2245 2267 2300 usque
2298 2229 2439 2284 adeo
2473 2231 2686 2285 bonam
2711 2247 2860 2295 esse,
2885 2230 3151 2301 quinimo
3175 2231 3591 2285 monachorum
3623 2234 4029 2301 paupertatem

601 2335 662 2373 ac
692 2317 1086 2373 solitudinem
1119 2317 1404 2373 desidiam
1440 2335 1506 2371 ac
1539 2322 1769 2389 turpem
1804 2318 2003 2390 fugam
2036 2317 2387 2390 appellabat.
2422 2319 2812 2382 Quamobrem
2853 2323 2908 2373 et
2937 2318 3354 2389 eleemosynas,
3387 2335 3514 2389 quae
3563 2317 4026 2386 Hierosolymam

600 2407 748 2461 mitti
782 2410 1236 2474 consueverant,
1270 2406 1660 2478 improbabat,
1696 2407 1840 2462 forte
1870 2407 2044 2461 etiam
2076 2407 2392 2478 aliquando
2426 2405 2724 2478 prohibuit
2754 2422 2765 2459 :
2801 2423 2936 2460 nam
2969 2405 3018 2460 si
3048 2406 3103 2458 in
3147 2422 3463 2477 egenorum
3503 2423 3613 2460 usu
3655 2409 3854 2461 essent
3885 2422 4027 2477 opes
4101 2437 4110 2448 κ

599 2495 1050 2557 distribuendae,
1084 2512 1198 2550 non
1230 2494 1362 2550 illas
1394 2495 1574 2550 semel
1609 2495 2010 2556 ellundendas,
2047 2496 2147 2550 sed
2201 2494 2484 2567 paulatim
2535 2495 2859 2566 erogandae
2904 2493 3291 2549 asseverabat.
3342 2497 3401 2548 5°
3447 2494 3708 2566 Denique
3755 2494 4024 2560 ell'utivit,

597 2584 841 2639 clericos
875 2583 1128 2637 minime
1153 2583 1418 2638 omnium
1452 2584 1662 2638 debere
1691 2600 1819 2638 esse
1850 2583 2099 2660 caelibes,
2133 2587 2410 2654 tantoque
2440 2583 2572 2638 odio
2605 2583 2812 2638 habuit
2841 2582 3284 2649 continentiam,
3311 2599 3487 2655 quam
3539 2583 3797 2639 hzresim
3825 2577 4029 2655 appelg

598 2674 774 2740 labat,
809 2679 870 2729 et
905 2672 1479 2744 pudicitiam,quam
1503 2673 1754 2728 libidinis
1803 2674 2186 2737 seminarium,
2238 2676 2302 2726 ut
2350 2671 2640 2744 episcopis
2687 2671 2860 2726 etiam
2913 2671 3290 2743 persuaserit,
3340 2672 3560 2726 nemini
3610 2671 3766 2726 credi
3816 2671 4025 2727 debere

599 2763 962 2830 castitatem,
999 2760 1194 2816 nullos
1224 2761 1450 2817 caelibes
1483 2761 1739 2817 ordinari
1775 2778 1982 2832 posse;
2016 2767 2071 2817 et
2101 2761 2214 2818 nisi
2275 2765 2533 2816 tumente
2583 2767 2774 2817 uteros
2814 2761 3076 2816 viderent
3121 2761 3496 2829 feminarum,
3552 2761 3794 2816 maritos
3823 2777 4026 2816 earum

599 2852 830 2907 Christo
865 2850 1203 2906 ministerio
1235 2851 1661 2906 arbitrarentur
1689 2850 1983 2922 indignos.
3576 2869 3578 2871 ‘

667 2942 721 2994 3.
756 2940 938 2995 Hisce
971 2939 1263 2994 hzeresum
1297 2939 1577 2994 monstris
1619 2955 1721 3011 per
1751 2938 2014 3010 singulas
2037 2943 2231 3010 partes
2263 2940 2576 3011 respondet
2606 2938 2992 3010 Hieronymus
3024 2938 3131 2992 hoc
3163 2937 3379 3001 libello,
3415 2953 3588 3008 quem
3611 2941 3677 2992 ut
3697 2937 3885 3009 magis
3917 2937 4026 2992 mi-o

602 3029 766 3094 reris,
803 3030 981 3083 unius
1015 3028 1198 3083 noctis
1228 3027 1606 3082 lucubratione
1634 3027 1876 3082 dictavit.
1911 3027 2204 3099 Scriptum
2255 3029 2379 3100 ipse
2423 3032 2674 3083 testatur
2721 3032 2851 3099 post
2891 3029 3063 3096 ferme
3111 3027 3397 3080 biennium
3438 3042 3507 3081 ex
3553 3042 3669 3097 quo
3717 3025 4026 3098 epistolam

603 3135 782 3189 supra
809 3116 1119 3171 laudatam
1153 3115 1224 3169 ad
1256 3114 1558 3186 Riparium
1589 3115 1656 3169 de
1683 3113 1902 3182 vigiliis
1932 3123 1980 3170 et
2008 3116 2517 3186 pernoctationibus
2550 3118 2606 3169 in
2642 3115 2884 3170 basilicis
2914 3124 3224 3186 martyrum
3253 3114 3430 3170 dedit.
3462 3119 3602 3169 Eam
3650 3129 3782 3169 vero
3811 3112 4027 3186 episto«

607 3207 723 3260 lam
753 3206 828 3260 ad
864 3222 1006 3260 ann.
1041 3205 1112 3259 ait)
1141 3204 1428 3275 pertinere
1464 3204 1848 3268 ostendimus,
1886 3205 2038 3259 unde
2071 3205 2218 3259 liber
2247 3205 2356 3260 iste
2387 3206 2456 3258 ad
2490 3206 2594 3259 406
2633 3205 2710 3259 sit
2752 3204 3150 3260 deducendus.
3205 3205 3266 3258 Id
3313 3220 3483 3274 porro
3532 3207 3763 3258 constat
3809 3219 3878 3258 ex
3903 3202 4024 3271 illa,

608 3312 785 3366 quam
822 3296 884 3348 in
919 3294 1034 3348 line
1064 3297 1362 3356 causatur,
1399 3293 1596 3348 subita
1616 3293 1854 3347 Sisinnii
1881 3294 2074 3348 fratris
2097 3294 2154 3347 in
2183 3298 2483 3365 Egyptum
2510 3293 2877 3348 festinatione
2903 3311 2916 3358 ;
2942 3293 3036 3348 hic
3057 3293 3358 3364 sequidem
3377 3291 3475 3348 ille
3499 3291 3794 3348 Sisinnius
3815 3296 3905 3347 est
3925 3292 4029 3363 qui

611 3398 731 3436 uno
759 3386 1020 3452 tempore
1050 3385 1106 3435 et
1128 3379 1286 3434 hunc
1317 3379 1530 3434 librum
1567 3381 1797 3452 Ripario
1832 3397 1897 3435 ac
1922 3381 2216 3437 Desiderio
2248 3382 2651 3443 deferendum,
2679 3387 2736 3436 et
2765 3382 3228 3436 Commentarios
3267 3380 3326 3434 in
3374 3379 3710 3435 Zachariam
3743 3380 4026 3452 Exuperio

619 3470 907 3524 Tolosano
935 3469 1283 3534 reddendos,
1315 3485 1346 3522 a
1377 3468 1437 3522 S.
1471 3468 1712 3524 Doctore
1743 3469 1982 3540 accepit,
2020 3486 2166 3540 quos
2197 3469 2320 3540 ipse
2349 3469 2408 3523 in
2443 3469 2776 3541 praefatione
2797 3487 2948 3524 anno
2980 3471 3103 3537 406,
3140 3469 3238 3540 qui
3268 3470 3414 3523 sexti
3458 3469 3773 3524 consulatus
3803 3469 4028 3524 Arcadii

630 3559 886 3626 Augusti,
915 3566 964 3612 et
1010 3559 1187 3613 Anicii
1229 3557 1394 3613 Probi
1438 3560 1597 3628 fastis
1644 3574 1842 3613 nomen
1889 3560 2173 3627 imposuit,
2223 3575 2257 3613 a
2305 3575 2366 3613 so
2413 3563 2664 3614 testatur
2711 3557 3105 3613 elucubratos.
3157 3557 3307 3622 Quin
3357 3557 3530 3612 etiam
3581 3557 3653 3611 ad
3711 3557 3838 3626 ejus
3887 3573 4031 3628 anni

632 3646 809 3700 ﬁnem
844 3662 1020 3718 usque
1044 3647 1438 3702 differendum
1471 3648 1761 3702 constabit
1790 3664 1857 3701 ex
1888 3646 2002 3701 alia
2035 3645 2301 3718 epistola,
2336 3648 2393 3701 in
2426 3651 2625 3702 nostra
2657 3647 2991 3701 recensione
3021 3647 3144 3711 429,
3177 3646 3248 3699 ad
3295 3645 3642 3699 Minervium
3693 3649 3749 3699 et
3775 3644 4028 3700 Alexan-

624 3733 821 3800 drum,
856 3736 910 3789 in
943 3752 1056 3806 qua
1084 3734 1404 3799 Sisinnius,
1439 3741 1538 3806 qui
1568 3736 1763 3790 ultimo
1783 3737 1904 3808 jam
1942 3737 2201 3791 autumni
2229 3739 2466 3806 tempore
2488 3734 2784 3789 Bethleem
2805 3737 3160 3806 pervenerat,
3185 3732 3352 3804 quasi
3381 3735 3712 3787 moraturus
3733 3733 3834 3801 ibi,
3858 3747 4031 3804 usque

615 3823 688 3877 ad
716 3824 862 3879 diem
890 3825 1351 3894 Epiphaniorum,
1380 3823 1594 3878 dicitur
1623 3824 1780 3878 haud
1814 3824 1997 3880 multo
2031 3828 2179 3896 post,
2213 3824 2387 3879 subito
2415 3824 2791 3894 supervenisse
2819 3838 3061 3877 asserens
3089 3839 3144 3876 se
3174 3822 3323 3876 illico
3348 3823 3740 3892 profecturum.

1287 3979 1444 4173 .S.
1541 4073 2219 4174 EUSBBII
2315 4070 3332 4172 HIBRONYMI

1765 4245 2337 4306 STRIDONENSIS
2381 4242 2877 4304 PRESBYTER]

1409 4391 2063 4524 CONTRA
2152 4391 3244 4526 VIGILANTIUM

1921 4601 2263 4689 LIBER
2340 4600 2652 4687 UNUS
2687 4590 2738 4686 ¹.

695 4839 834 4895 881
870 4842 918 4898 -Ι,
952 4843 1244 4898 Jovinz‘ani
1266 4840 1548 4898 damnatio
1577 4851 1628 4898 et
1657 4858 1820 4898 mors.
1869 4847 2094 4897 Errores
2129 4843 2270 4912 Vigi-
2304 4843 2353 4906 Α
2388 4843 2586 4894 nerata
2617 4843 2791 4894 sunt:
2826 4843 3135 4896 centauros
3165 4845 3223 4896 et
3253 4841 3496 4908 sirenas,
3550 4839 3758 4895 udulas
3800 4840 3857 4892 et
3886 4853 4033 4892 ono-

606 4930 778 4984 lantii
793 4935 844 4984 et
874 4931 1254 5002 blasphemiae.
1286 4961 1354 4969 —
1388 4929 1572 4986 Multa
1609 4931 1666 4985 in
1713 4931 1850 4986 orbe
1883 4933 2146 4984 monstra
2175 4946 2272 5001 ge-
2385 4927 2666 4984 crotalos’
2694 4928 2749 4982 in
2787 4927 2936 4982 Isaia
2965 4928 3091 4998 (lsa.
3130 4945 3233 4982 xm
3281 4937 3332 4984 et
3377 4929 3564 4999 xxxw)
3613 4926 3885 4999 legimus.
3918 4925 4030 4982 Job

681 5055 699 5085 ¹
733 5054 878 5108 Edd-
908 5053 1184 5110 Martian.
1230 5059 1288 5109 et
1335 5051 1582 5108 Vallars.
1630 5054 1847 5109 habent
1897 5052 2133 5107 titulum
2164 5051 2272 5106 hu-
2384 5053 2520 5108 orbe
2553 5055 2813 5107 monstra
2845 5055 3118 5110 generata
3148 5056 3302 5106 sunt.
3336 5051 3568 5107 Sirenes
3616 5055 3879 5106 monstra
3908 5066 4032 5106 ma-

590 5126 904 5195 jusmodi:
941 5127 1143 5197 Incipit
1173 5126 1321 5180 liber
1354 5126 1407 5179 S.
1453 5126 1772 5196 Hieronymi
1816 5125 2122 5197 presbyteri
2147 5139 2272 5197 con-
2384 5130 2530 5179 rina.
2565 5122 2946 5197 Onocratalus
2995 5122 3137 5197 avis,
3199 5127 3255 5197 et
3313 5122 3731 5197 interpretatur
3787 5122 4031 5197 longum

598 5192 696 5251 ira
744 5192 1124 5268 Vigilantiam.
1174 5197 1336 5268 Eorr.
1368 5227 1436 5236 -ο
1464 5192 1672 5268 incipit
1715 5192 1871 5251 liber.
1903 5192 2148 5268 Quanta
2192 5195 2275 5268 _sit
2385 5192 3050 5268 rostrum,C_rotalon,id
3073 5192 3544 5268 est,cimbalu_m.
3572 5194 3814 5257 Udulas.
3837 5192 4035 5261 id‘est,

598 5263 872 5340 Operum
903 5267 1239 5340 Hieronymi
1273 5267 1331 5321 in
1376 5263 1729 5340 quibusdam
1783 5267 1948 5340 libris
1997 5284 2139 5340 mss.
2174 5266 2272 5340 de-
2383 5284 2517 5322 aves
2550 5268 2620 5321 ab
2669 5263 2946 5320 ululando
2994 5263 3200 5319 dictas.
3255 5266 3588 5335 Leviathan,
3638 5268 3696 5322 id
3751 5271 3841 5322 est
3869 5270 4035 5321 cetus

649 5338 903 5406 ravatio,
936 5355 1004 5395 ex
1039 5338 1157 5395 uno
1192 5355 1303 5394 ms.
1328 5339 1522 5395 codice
1544 5338 1912 5395 Cluniacensi
1935 5338 2082 5393 scire
2104 5338 2273 5394 nobis
3753 5353 4027 5406 magnus.

629 5412 789 5476 icet',
827 5412 915 5494 ip"
944 5427 1010 5494 eo
1066 5409 1224 5492 enim
1284 5410 1967 5494 ita'inhei'p'it'l‘racta'tus'
2015 5426 2272 5494 praesens
2453 5409 2855 5494 ’_Erat.antea
2895 5407 3272 5494 onocralulios.‘
3313 5409 3616 5494 Martialis,
3659 5410 3831 5491 Turpe
3861 5407 4030 5462 Βαυθς

600 5488 818 5536 contra
850 5481 1241 5553 Vigilantiun‘.
1269 5499 1286 5553 ζ
1313 5503 1346 5553 κα
1374 5479 1639 5553 INCIPIT
1669 5488 1763 5537 AD
1793 5479 2273 5553 VIGILANTIUM
2383 5481 2756 5553 nati._s_guttur_
2788 5479 3103 5553 onocrotali.
3158 5480 3349 5553 Codex
3396 5479 3781 5553 Bononiensis
3826 5489 4030 5553 mone;

601 5499 818 5536 cnntra
858 5499 916 5536 Vl
987 5499 1282 5537 ιεῐηιυῐῐζε
1319 5503 1346 5531 ι(
1379 5499 1591 5538 lﬂbll’l
1609 5499 1639 5536 l'
1669 5499 1763 5537 AU
1802 5499 2273 5538 νιυυλΑΝΠυΜ
2383 5499 2526 5535 ηαιῑδ
2555 5499 2742 5550 guuur
2788 5499 3103 5535 οηοσνοιίιιτ.
3164 5499 3349 5536 ιλοαεκ
3396 5499 3781 5536 UODODIBDBIS
3826 5499 3897 5534 ml

601 5499 1227 5612 CONSElellENTEM
1257 5552 1661 5614 JOVINIANO.
1716 5552 1901 5611 Multa
1947 5553 2182 5629 quidem
2213 5553 2272 5610 in
2383 5551 2544 5609 eterii
2573 5555 2628 5608 S.
2664 5549 2979 5612 Salvatoris
3011 5567 3124 5608 non
3158 5550 3354 5623 habet,
3389 5555 3446 5610 in
3476 5553 3620 5609 Isaia
3648 5552 3897 5622 legimus.
