4110 6162
446 276 579 337 3551

1687 273 1759 336 S.
1795 270 2106 335 EUSEBII
2145 267 2439 333 HIERON
2452 270 2614 333 YMI.

3671 280 3774 341 356

449 405 761 462 Leviathan
790 407 848 460 et
877 402 1194 460 Behemoth
1226 402 1472 475 mystico
1504 419 1773 459 sermone
1825 402 2103 458 describit
2128 402 2184 467 Α
2213 402 2284 457 de
2333 402 2489 458 ulnis
2539 407 2796 459 matrum
2845 404 3159 475 vagientes,
3221 404 3423 460 Christi
3465 410 3777 464 sacramenta

449 495 583 566 (Job.
619 511 682 548 ιιι
713 498 764 548 et
792 493 906 563 XL).
938 491 1247 547 Cerberum
1277 499 1334 547 et
1375 492 1830 564 Stymphalidas,
1864 507 2100 563 aprum-

445 600 558 655 que
590 580 1059 655 Erymanthium,
1093 583 1149 634 et
1168 579 1393 636 leonem
1416 585 1738 647 Nemzeum,
1763 580 2098 635 chimaeram

2213 508 2326 546 non
2351 491 2630 548 tribuant.
2665 493 2810 558 Quid
2846 493 3057 548 facient
3087 493 3329 550 Orientis
3355 493 3777 560 Ecclesiae?0uid

2209 580 2436 651 .Egypti
2468 585 2524 635 et
2553 581 2720 636 Sedis
2751 581 3102 653 apostolica),
3139 599 3261 654 quae
3308 586 3403 638 aut
3441 582 3660 654 virgines
3683 583 3782 639 cle-

451 677 627 745 atque
666 670 912 742 hydram
965 667 1282 723 multorum
1335 669 1588 740 capitum
1621 674 1862 724 narrant
1892 667 2102 722 fabulae
2209 668 2360 724 ricos
2407 670 2732 740 accipiunt‘
2794 675 2894 725 aut
2941 672 3331 727 continentes:
3385 677 3479 725 aut
3523 672 3565 725 si
3609 688 3787 726 uxores

446 765 771 832 poetarum.
803 762 1015 812 Cacum
1048 757 1153 827 [Αἰ.
1198 757 1528 829 descripsit]
1580 757 1859 813 describit
1908 756 2097 828 Virgi-

445 848 560 903 lius
590 847 826 918 (ιιΕηοίιι.
856 845 894 900 l.
930 849 1078 914 VIII.)
1127 845 1480 901 Tril‘ormem
1513 847 1839 918 Geryonem
1889 845 2096 917 Hispa-

444 937 552 991 niae
581 936 982 1008 prodiderunt.
1018 934 1153 990 Sola
1182 934 1368 990 Gallia
1408 941 1670 991 monstra
1719 953 1832 990 non
1867 934 2093 999 habuit,

441 1027 544 1082 sed
575 1025 714 1081 viris
742 1040 976 1096 semper
1006 1023 1258 1078 fortibus
1289 1027 1345 1080 et
1375 1024 1878 1095 eloquentissimis
1909 1024 2094 1078 abun-

443 1115 620 1171 davit.
667 1114 910 1169 Exortus
962 1117 1054 1168 est
1097 1112 1290 1167 subito
1340 1112 1715 1185 Vigilantius,
1768 1131 1870 1170 seu
1901 1113 2094 1168 verius

441 1201 885 1267 Dormitantius,
919 1201 1016 1269 qui
1051 1201 1356 1257 immundo
1389 1202 1599 1273 spiritu
1642 1207 1861 1274 pugnet
1890 1207 2094 1257 contra

438 1292 652 1348 Christi
685 1290 981 1362 spiritum,
1015 1295 1073 1345 et
1102 1295 1425 1362 martyrum
1477 1296 1647 1363 neget
1695 1290 1962 1363 sepulcra
1993 1307 2091 1345 ve-

437 1380 734 1447 neranda;
769 1379 1136 1434 damnandas
1169 1380 1274 1445 [AL
1308 1379 1469 1450 dicit]
1494 1381 1653 1435 dicut
1675 1396 1803 1435 esse
1822 1377 2086 1451 vigilias:

437 1485 743 1541 nunquam
805 1468 916 1524 nisi
971 1469 1030 1522 in
1104 1469 1329 1524 Pascha
1385 1469 1631 1524 Alleluia
1688 1469 2084 1525 cantandum:

436 1558 880 1622 continentiam,
923 1556 1234 1624 haeresim;
1288 1557 1650 1629 pudicitiam,
1704 1557 1966 1612 libidinis
1997 1574 2087 1614 se-

439 1645 778 1702 minarium.
811 1646 880 1700 Et
909 1645 1202 1716 quomodo
1233 1645 1616 1717 Euphorbus‘
1653 1647 1709 1700 in
1763 1646 2088 1718 Pythagora

438 1739 678 1791 renatus
707 1750 834 1790 esse
866 1733 1224 1805 perhibetur,
1260 1734 1343 1788 sic
1365 1733 1423 1788 in
1459 1734 1570 1788 isto
1600 1734 1894 1790 Joviniani
1921 1751 2086 1789 mens
2121 1764 2167 1828 Β

437 1842 613 1897 prava
645 1822 932 1879 surrexit:
986 1826 1048 1876 ut
1095 1826 1153 1877 et
1209 1823 1269 1877 in
1329 1821 1446 1888 illo,
1509 1826 1565 1877 et
1612 1822 1670 1876 in
1728 1823 1837 1878 hoc
1869 1822 2084 1878 diaboli

437 1913 790 1986 respondere
819 1927 1103 1983 cogamur
1131 1909 1387 1979 insidiis,
1421 1911 1514 1966 cui
1537 1913 1671 1982 jure
1702 1913 1808 1982 Ml.
1841 1911 2085 1984 dicetur]

435 2001 686 2056 dicitur:
716 2023 742 2050 «
779 2002 987 2054 Semen
1020 1999 1368 2070 pessimum,
1403 2016 1542 2071 para
1572 1999 1722 2054 ﬁlios
1772 2005 1903 2055 tuos
1934 2000 2084 2056 occi-

437 2089 586 2144 sioni
618 2089 871 2160 peccatis
900 2088 1082 2159 patris
1113 2087 1197 2142 tui
1229 2088 1352 2157 (Isa.
1386 2105 1501 2154 xiv,
1524 2105 1628 2143 ser.
1662 2089 1803 2156 LXX,
1829 2106 1882 2145 v.
1907 2090 2018 2158 21).
2054 2111 2083 2138 ››

437 2177 539 2233 Hic
570 2179 843 2232 Romanae
887 2176 1150 2232 Ecclesiae
1194 2177 1538 2232 auctoritate
1567 2177 1900 2246 damnatus,
1933 2179 2085 2233 inter

434 2266 714 2321 Phasides
755 2282 887 2320 aves
936 2271 993 2320 et
1041 2281 1244 2320 carnes
1293 2263 1502 2320 suillas
1550 2282 1664 2322 non
1715 2271 1834 2321 tam
1888 2267 2084 2321 emisit

432 2355 728 2427 spiritum,
763 2370 939 2426 quam
969 2353 1267 2408 eructavit.
1305 2355 1417 2410 Iste
1459 2369 1645 2426 caupo
1693 2353 2081 2427 Calagurrita-

433 2460 568 2510 nus,
591 2448 647 2499 et
677 2443 734 2498 in
770 2459 1102 2514 perversum
1136 2447 1370 2514 propter
1400 2459 1612 2498 nomen
1661 2442 1835 2497 viculi
1883 2447 2082 2499 mutus

431 2531 874 2596 Quintilianus’,
941 2530 1145 2586 miscet
1201 2548 1415 2602 aquam
1462 2532 1617 2586 388
1662 2532 1876 2587 vinos:
1927 2537 1983 2587 et
2012 2533 2083 2588 de

431 2618 675 2674 artificio
739 2617 986 2688 pristino
1032 2635 1150 2673 sua
1201 2635 1423 2674 venena
1471 2620 1728 2690 perﬁdiae
1782 2620 2081 2676 catholicae

435 2706 571 2761 ﬁdei
637 2705 858 2761 sociare
939 2710 1203 2772 conatur,
1260 2705 1607 2778 impugnare
1664 2707 2078 2779 virginitatem,

431 2793 626 2850 odisse
651 2793 1021 2866 pudicitiam,
1055 2794 1112 2848 in
1163 2794 1422 2850 convivio
1465 2794 1832 2852 saecularium
1881 2802 2083 2852 contra

431 2888 764 2938 sanctorum
791 2883 1020 2953 jejunia
1059 2881 1455 2954 proclamare:
1490 2884 1630 2938 dum
1673 2884 1824 2940 inter
1854 2885 2081 2958 phialas

430 2971 896 3044 philosophatur,
927 2975 984 3027 et
1013 2972 1083 3027 ad
1123 2971 1418 3042 placentas
1468 2972 1770 3046 liguriens,
1826 2975 2081 3047 psalmo~

433 3077 563 3116 rum
593 3059 988 3116 modulatione
1016 3060 1341 3116 mulcetur:
1377 3065 1440 3116 ut
1485 3065 1716 3117 tantum
1759 3063 1910 3118 inter
1939 3080 2081 3134 epu-

432 3149 519 3205 las
544 3149 723 3205 David
755 3153 811 3204 et
841 3149 1122 3215 1dithum,
1156 3155 1213 3204 et
1259 3149 1453 3221 Asaph
1498 3154 1555 3205 et
1606 3150 1863 3206 ﬁliorum
1896 3121 2078 3208 Chbre
2111 3121 2153 3186 Ο

429 3239 658 3294 cantica
688 3237 891 3293 audire
921 3238 1214 3309 dignetur.
1249 3237 1366 3294 Hac
1399 3238 1650 3294 dolentis
1683 3240 1871 3309 magis
1902 3241 2080 3296 ell‘udi

429 3327 624 3382 animo
654 3343 830 3398 quam
864 3325 1127 3394 ridentis,
1157 3326 1297 3380 dum
1348 3344 1439 3381 me
1483 3326 1752 3382 cohibere
1805 3345 1918 3383 non
1948 3347 2079 3401 pos-

429 3432 586 3483 sum,
618 3419 675 3470 et
698 3414 976 3486 injuriam
1011 3414 1409 3486 apostolorum
1439 3433 1503 3471 ac
1553 3421 1869 3488 martyrum
1903 3419 2082 3473 surda

429 3520 654 3576 nequeo
688 3520 828 3558 aure
859 3503 1130 3558 transire.

498 3599 550 3649 2.
585 3591 872 3648 Cwlibatus
900 3593 1239 3647 clericorum.
1273 3623 1340 3630 —
1373 3591 1519 3646 Proh
1555 3592 1716 3649 nefas
1743 3591 1756 3647 Ξ
1779 3593 2081 3665 episcopos

429 3683 520 3738 sui
554 3680 790 3737 sceleris
839 3680 1052 3735 dicitur
1103 3679 1317 3735 habere
1376 3684 1713 3736 consortes:
1777 3682 1825 3736 si
1883 3687 2078 3738 tamen

427 3771 684 3842 episcopi
703 3769 1044 3824 nominandi
1062 3773 1222 3837 sunt,
1239 3770 1336 3840 qui
1355 3786 1470 3824 non
1485 3770 1763 3824 ordinant
1782 3771 2078 3841 diaconos,

429 3857 541 3912 nisi
574 3857 738 3928 prius
764 3873 972 3912 uxores
1003 3857 1309 3912 duxerint:
1361 3857 1505 3912 nulli
1553 3857 1733 3913 caelibi
1783 3859 2081 3915 credentes

428 3945 790 4017 pudicitiam,
833 3945 951 3999 imo
991 3946 1366 4001 ostendentes
1414 3964 1588 4018 quam
1641 3953 1840 4003 sancte
1890 3948 2084 4004 vivant

429 4033 527 4106 qui
562 4032 712 4088 male
757 4034 828 4108 de
882 4034 1156 4088 omnibus
1211 4033 1624 4105 suspicantur:
1684 4041 1741 4091 et
1799 4036 1909 4092 nisi
1943 4055 2083 4109 prte-

427 4127 674 4196 gnantes
723 4137 932 4178 uxores
982 4121 1234 4178 viderint
1290 4123 1660 4192 clericorum,
1711 4125 2081 4198 infantesque

429 4298 702 4355 magnus,
753 4288 812 4339 et
857 4283 1275 4354 interpretatur
1326 4284 1821 4355 additamentum,
1855 4300 2077 4340 eorum.

429 4354 746 4410 Behemoth
795 4355 1216 4425 interpretatur
1264 4354 1502 4409 animal.
1537 4354 1982 4425 Stimphalidas,
2023 4356 2079 4410 id

427 4430 536 4491 est,
569 4427 762 4496 arpias
804 4442 837 4479 a
881 4425 1207 4496 Stimphalo
1241 4425 1500 4496 ﬂumine.
1552 4429 1866 4496 Centauros
1915 4432 1972 4480 et
2003 4427 2080 4480 si-

2209 756 2543 824 habuerint,
2576 759 2768 813 mariti
2805 775 2934 814 esse
2967 759 3254 815 desistunt
3286 764 3307 815 ξ’
3336 760 3444 815 Hoc
3469 759 3644 814 docuit
3666 759 3788 813 Dor-

2208 843 2537 912 mitantius,
2569 845 2795 901 libidini
2831 847 2993 902 frena
3023 848 3378 919 permittens,
3425 851 3477 901 et
3504 845 3790 900 naturalem

2205 934 2400 990 carnis
2459 935 2748 999 ardorem,
2810 935 2910 1006 qui
2966 935 3023 989 in
3070 935 3446 991 adolescentia
3492 933 3790 1005 plerumque

2205 1022 2489 1090 fervescit,
2523 1023 2648 1078 suis
2679 1023 2784 1094 [AL
2819 1023 3265 1093 hortationibus]
3297 1021 3604 1078 hortatibus
3628 1020 3790 1092 dupli-

2203 1126 2382 1177 cans;
2415 1110 2532 1166 imo
2561 1112 2715 1166 389
2764 1111 3140 1182 cxstinguens
3185 1111 3334 1167 coitu
3359 1110 3707 1176 feminarum;
3735 1113 3790 1164 ut

2203 1198 2346 1254 nihil
2379 1200 2454 1255 sit
2486 1217 2600 1271 quo
2633 1201 2921 1255 distemus
2953 1219 2986 1254 a
3017 1200 3227 1272 porcis,
3277 1217 3390 1271 quo
3437 1199 3736 1254 differamus
3761 1214 3790 1253 a

2202 1288 2390 1342 brutis
2421 1288 2844 1354 animantibus,
2877 1305 2991 1359 quo
3023 1289 3095 1343 ab
3126 1289 3313 1360 equis,
3347 1290 3414 1343 de
3444 1288 3640 1359 quibus
3673 1285 3792 1340 scri-

2201 1384 2364 1447 ptum
2395 1381 2520 1432 est:
2559 1399 2586 1426 ‹‹
2622 1377 2765 1449 Equi
2798 1377 3155 1433 insanientes
3183 1377 3242 1432 in
3275 1377 3514 1432 feminas
3540 1377 3660 1431 facti
3680 1380 3798 1429 sunt

2201 1464 2341 1520 mihi
2372 1481 2386 1519 :
2422 1466 2830 1538 unusquisque
2862 1466 2920 1520 in
2954 1483 3189 1521 uxorem
3220 1465 3460 1536 proximi
3498 1465 3580 1520 sui
3607 1463 3800 1518 hinnie-

2199 1554 2298 1608 bat
2327 1554 2548 1625 (larem.
2583 1572 2636 1621 v,
2669 1555 2746 1625 8).
2781 1578 2808 1603 n
2843 1560 2954 1610 Hoc
2982 1559 3070 1611 est
3101 1556 3254 1626 quod
3299 1553 3550 1626 loquitur
3587 1571 3676 1625 per
3701 1552 3797 1609 Da-

2196 1642 2291 1697 vid
2324 1643 2577 1715 Spiritus
2607 1649 2884 1698 sanctus:
2921 1667 2946 1692 «
2982 1643 3168 1699 Nolite
3220 1644 3342 1699 fieri
3388 1643 3535 1699 sicut
3560 1658 3722 1713 equus
3748 1644 3799 1696 et

2200 1731 2418 1798 mulus,
2451 1733 2668 1805 quibus
2690 1750 2805 1788 non
2837 1737 2924 1788 est
2956 1732 3290 1789 intellectus
3317 1733 3482 1805 (Psal.
3511 1749 3650 1796 xxxx,
3677 1731 3745 1800 9).
3775 1751 3797 1779 n

2197 1822 2265 1876 Et
2294 1839 2530 1877 rursum
2563 1823 2634 1877 de
2665 1822 3052 1877 Dormitantio
3073 1827 3131 1877 et
3152 1822 3326 1878 sociis
3349 1823 3506 1893 ejus:
3531 1844 3556 1871 α
3585 1822 3638 1875 In
3659 1835 3799 1874 camo

2196 1914 2253 1964 et
2284 1911 2444 1965 freno
2476 1910 2743 1966 maxillas
2791 1927 2991 1966 eorum
3041 1911 3375 1984 constringe
3425 1910 3518 1983 qui
3570 1926 3672 1964 non
3713 1925 3799 1979 ap-

2195 1999 2526 2072 proximant
2555 2000 2713 2071 ad;te
2742 2000 2946 2070 (Ibid).

2265 2090 2318 2143 3.
2377 2091 2663 2160 Riparz'us,
2731 2089 3043 2144 Desiderius
3113 2094 3163 2144 et
3212 2090 3504 2145 Sisinnius.
3553 2087 3806 2159 Imperitia

2201 2178 2502 2248 Vz'gilantz'z‘.
2537 2209 2604 2216 —
2635 2178 2744 2232 Sed
2768 2178 2894 2246 jam
2928 2183 3161 2250 tempus
3194 2183 3306 2243 est,
3348 2184 3411 2232 ut
3457 2177 3628 2250 ipsius
3653 2175 3805 2230 verba

2195 2271 2477 2338 ponentes
2530 2267 2599 2320 ad
2657 2265 2892 2338 singula
2938 2268 3294 2338 respondere
3361 2268 3618 2322 nitamur.
3674 2263 3802 2318 Fieri

2194 2355 2349 2410 enim
2381 2360 2595 2426 potest,
2627 2361 2691 2409 ut
2731 2373 2966 2410 rursum
3013 2354 3314 2429 malignus
3361 2357 3625 2427 interpres
3668 2351 3804 2406 dicat

2195 2442 2390 2498 ﬁctam
2421 2460 2454 2497 a
2486 2458 2577 2497 me
2609 2442 2934 2508 materiam,
2967 2443 3058 2497 cui
3093 2443 3386 2499 rhetorica
3430 2439 3806 2498 declamatione

2196 2532 2620 2603 respondeam:
2656 2532 2810 2586 sicut
2839 2532 2999 2587 illam
3032 2549 3209 2603 quam
3243 2533 3456 2605 scripsi
3501 2532 3568 2587 ad
3597 2528 3804 2594 Gallias,

2195 2621 2401 2676 matris
2441 2625 2498 2675 et
2545 2619 2675 2674 ﬁliae
2729 2621 2879 2676 inter
2925 2637 2987 2675 se
3031 2621 3518 2678 discordantium.
3562 2622 3806 2675 Auctores

2192 2715 2332 2764 sunt
2379 2710 2557 2780 hujus
2606 2709 3040 2765 dictatiunculze
3091 2727 3230 2765 meae
3272 2711 3462 2766 sancti
3522 2704 3809 2782 presbyteri

2195 2799 2464 2869 Riparius
2504 2803 2561 2853 et
2592 2798 2941 2864 Desiderius,
2977 2799 3075 2870 qui
3123 2800 3412 2872 parmcias
3456 2816 3589 2855 suas
3630 2794 3811 2850 vicinia

2194 2887 2365 2941 istius
2395 2887 2661 2941 scribunt
2689 2903 2816 2943 esse
2847 2886 3188 2954 maculatas,
3226 2889 3630 2959 miseruntque
3657 2885 3813 2940 libros

2193 2993 2294 3047 per
2326 2977 2562 3030 fratrem
2595 2975 2942 3042 Sisinnium,
2977 2993 3125 3048 quos
3168 2977 3319 3032 inter
3373 2975 3659 3049 crapulam
3690 2979 3812 3029 ster-

2191 3069 2320 3118 tens
2352 3065 2626 3119 evomuit.
2660 3065 2728 3118 Et
2766 3070 3038 3120 asserunt
3069 3069 3326 3136 repertos
3371 3082 3500 3121 esse
3531 3061 3813 3120 nonnullos

2194 3153 2316 3224 qui,
2351 3153 2610 3207 faventes
2650 3152 2807 3208 vitiis
2839 3153 2985 3218 suis,
3017 3153 3176 3208 illius
3199 3153 3586 3226 blasphemiis
3607 3151 3813 3224 acquie-

2191 3246 2375 3297 scant.
2410 3242 2511 3295 Est
2541 3241 2777 3313 quidem
2809 3241 3140 3312 imperitus,
3175 3248 3231 3298 et
3259 3243 3458 3300 verbis
3497 3247 3553 3298 et
3578 3240 3812 3305 scientia,

2190 3335 2247 3384 et
2296 3345 2564 3384 sermone
2620 3328 2994 3385 inconditus:
3061 3347 3132 3385 ne
3188 3347 3323 3386 vera
3372 3332 3605 3404 quidem
3652 3332 3818 3403 potest

2191 3417 2500 3473 defendere
2526 3433 2538 3470 :
2575 3418 2677 3472 sed
2710 3422 2947 3489 propter
2978 3419 3243 3474 homines
3293 3420 3494 3476 szeculi
3523 3425 3577 3475 et
3606 3417 3815 3474 mulier-

2189 3506 2353 3562 culas
2383 3511 2646 3562 oneratas
2677 3506 2946 3578 peccatis,
2991 3523 3222 3579 semper
3267 3507 3561 3565 discentes
3608 3514 3661 3564 et
3688 3522 3819 3562 nun-

2192 3612 2367 3668 quam
2399 3595 2470 3652 ad
2503 3595 2808 3651 scientiam
2840 3595 3097 3651 veritatis
3144 3599 3564 3668 pervenientes,
3600 3615 3709 3652 una
3735 3594 3816 3650 lu-

2191 3683 2636 3739 cubratiuncula
2664 3683 2826 3738 illius
2856 3684 3061 3739 naeniis
3094 3686 3483 3756 respondebo,
3518 3704 3587 3742 ne
3615 3689 3814 3742 sancto-

2191 3789 2320 3827 rum
2342 3772 2619 3839 virorum,
2644 3772 2740 3842 qui
2763 3776 2827 3826 ut
2842 3771 2961 3826 hzec
2984 3772 3232 3828 facerem
3252 3790 3346 3829 me
3367 3774 3655 3848 deprecati
3675 3775 3816 3838 sunt,

2189 3861 2387 3916 videar
2415 3860 2638 3916 litteras
2679 3862 2992 3930 respuisse.

2264 3949 2312 4001 4.
2350 3946 2744 4002 Conveniarum
2776 3949 2934 4003 urbes
2975 3957 3026 4004 et
3068 3951 3258 4021 patria
3309 3953 3616 4022 l’z’gilantz’i.
3667 3956 3816 4007 Pom-

2190 4036 2453 4108 peiOpolis
2499 4038 2609 4106 fuit
2636 4036 2799 4090 dicta.
2844 4027 3398 4109 Verbavigiﬁmtz’i.—
3433 4042 3715 4097 Nimirum
3745 4053 3822 4096 re-

2192 4125 2439 4196 spondet
2467 4127 2668 4196 generi
2699 4141 2826 4191 suo,
2862 4130 2926 4179 ut
2955 4126 3057 4197 qui
3087 4127 3156 4182 de
3194 4127 3493 4186 latronum
3542 4137 3597 4187 et
3626 4131 3822 4186 Conve-

2191 4285 2502 4409 dlglkllludi
2533 4355 2758 4410 videtur
2788 4356 2931 4411 illud
2967 4358 3074 4413 Isa.
3108 4376 3147 4424 ι,
3188 4361 3380 4415 Vinum
3426 4366 3586 4418 tuum
3625 4363 3827 4418 mistum

2191 4431 2268 4481 est
2298 4443 2462 4497 aqua,
2497 4427 2651 4497 quod
2683 4427 2902 4497 passim
2949 4429 3048 4483 alii
3098 4434 3318 4497 Patres,
3371 4436 3428 4486 et
3478 4439 3678 4490 noster
3707 4445 3828 4488 cum

428 4486 864 4576 renas,:ul.ulas
912 4501 969 4549 et
1017 4486 1422 4576 nonocratalos
1467 4495 1537 4576 in
1607 4495 1756 4576 Isaia
1801 4495 2078 4576 legimus,
2114 4486 2156 4550 Ι)
2194 4486 2398 4576 primis
2432 4486 2815 4576 Hieronymus
2849 4501 2926 4576 de
2965 4500 3251 4576 hgreticis
3301 4486 3830 4576 dictum-interpre-

426 4569 536 4620 etc.
574 4587 601 4614 »
635 4565 774 4630 Quis
806 4582 919 4620 non
947 4566 1312 4620 exhorrescat
1358 4570 1580 4620 tantam
1629 4582 1695 4621 ac
1737 4565 1913 4622 talem
1947 4570 2076 4630 puri

428 4640 736 4708 contextus
791 4636 1183 4708 corruptelam
1234 4642 1312 4708 et
1352 4637 1824 4707 depravationem
1865 4636 2078 4695 codicis

427 4726 541 4764 ms.
576 4707 998 4772 Cluniacensis,
1023 4707 1246 4779 alioqui
1269 4709 1768 4779 praestantissimi,
1786 4710 1923 4766 etin
1947 4712 2080 4768 aliis

427 4782 574 4836 bene
633 4779 833 4836 multis
887 4778 1229 4850 castigatius
1279 4778 1533 4850 scripti?
1568 4781 1691 4850 Sed
1747 4781 1865 4837 haec
1915 4783 2079 4839 facile

429 4853 685 4924 abstergi
730 4856 994 4925 possunt
1049 4849 1117 4925 ex
1177 4850 1308 4925 aliis
1355 4849 1808 4925 exemplaribus,
1861 4855 2079 4925 quibus

428 4921 663 4980 semper
692 4921 1063 4979 abundamus
1097 4922 1154 4977 in
1184 4921 1293 4977 hac
1322 4921 1594 4978 editione.
1629 4921 1905 4980 Maurus.

501 4995 691 5067 '_Vide
721 5012 848 5066 quae
879 5012 1060 5067 supra
1089 4995 1198 5050 sub
1227 4995 1403 5067 ﬁnem
1456 4995 1697 5067 secundi
1750 5001 1950 5051 contra
1974 4999 2076 5050 Jo-

427 5062 894 5186 Zi'nianumdibri
927 5062 1298 5122 adnotamus.
1335 5066 1477 5121 Mss.
1523 5066 1841 5123 Bononien.
1875 5069 2074 5142 Eufor-

465 5149 574 5185 ius.

465 5149 574 5185 ius.

499 5202 674 5282 {Non
735 5205 1137 5282 ut___Vi_ctori_us
1174 5213 1380 5282 putat,
1444 5208 1597 5282 quod
1630 5213 2077 5282 _conterraneus

429 5271 786 5356 Quintiliano
799 5275 1148 5356 Vigilantius
1166 5271 1476 5356 fuerit,'_se_d
1494 5279 1648 5356 quod
1669 5281 2077 5356 cognominem

430 5349 677 5420 uterque
725 5347 973 5420 patriam
1020 5347 1292 5420 habuerit
1352 5347 1897 5420 Calagurrim-Illa
1941 5368 2076 5406 vero

431 5414 772 5491 Quintiliani
809 5416 864 5470 in
894 5416 1170 5491 liispania
1196 5420 1395 5474 civitas
1419 5414 1542 5487 fuit,
1582 5423 1757 5491 hujus
1781 5431 1973 5478 autem
2002 5424 2078 5476 vi-

428 5486 599 5545 culus
631 5491 866 5561 propter
889 5486 1289 5568 Con’venarum
1324 5486 1742 5568 urbcm,_unde
1767 5499 1824 5549 et
1854 5495 1910 5549 in
1945 5512 2074 5568 per-

431 5557 664 5646 yersum
721 5557 954 5635 accepto
1013 5557 1248 5616 nomine
1304 5569 1488 5619 mutus
1540 5557 2076 5633 'Qui'ntz'lz'anus'hic

2188 4568 2418 4648 tantur.
2441 4568 2838 4648 Tertullianus
2868 4570 2968 4648 lib.
3002 4573 3078 4648 de.
3098 4575 3309 4640 anima,
3350 4591 3399 4630 c.
3429 4577 3482 4648 3.
3506 4568 3768 4648 cauponés
3788 4579 3834 4628 et

2187 4642 2479 4730 miscentes
2503 4657 2702 4710 aquam
2730 4643 2855 4730 uiuo
2885 4641 3186 4730 haereticos
3215 4650 3398 4726 vocat.
3456 4641 3831 4730 Hieronymus

2190 4717 2508 4786 utrumque
2539 4728 2654 4766 uno
2684 4713 2856 4768 verbo
2908 4713 3339 4786 elegantissime
3386 4723 3443 4772 et
3487 4713 3753 4775 haeresim
3781 4719 3832 4771 et

2189 4782 2604 4854 cauponariam
2637 4788 2818 4838 artem
2869 4782 3214 4856 expr'obrare
3266 4788 3447 4843 voluit
3501 4787 3826 4863 Vigilantio.

2258 4857 2280 4889 ‘
2310 4855 2417 4909 Ms.
2461 4871 2664 4910 omnes
2711 4857 2930 4914 accipit.
2982 4861 3046 4911 ut
3094 4857 3278 4912 solam
3326 4859 3652 4914 Romanam
3701 4875 3826 4914 con-

2369 4872 2417 4909 S.
2461 4871 2664 4910 omnes
2711 4871 2930 4916 αεεηηι,
2982 4871 3046 4911 ut
3094 4871 3278 4912 sciam
3326 4871 3652 4916 Romanam
3701 4875 3830 4916 βοη-

2258 4873 2280 4889 ’
2310 4873 2417 4909 MS.
2461 4873 2664 4910 omnes
2711 4873 2930 4926 accipit,
2982 4873 3046 4911 nt
3094 4873 3278 4912 sciam
3326 4873 3652 4916 Romanam
3701 4875 3828 4916 con-

2189 4926 2560 4997 suetudinem
2593 4927 2878 4997 respicere
2907 4927 3190 4983 videatur.
3226 4929 3428 4986 Recole
3453 4938 3650 4988 autem
3683 4945 3828 4986 nunc

2187 4996 2290 5052 illa
2317 4997 2419 5052 lib.
2463 5015 2520 5074 ι
2562 4996 2765 5074 contra
2820 4999 3067 5074 Jovinia.
3101 5001 3217 5056 Non
3262 5017 3416 5072 posse
3469 5019 3579 5058 esse
3630 5005 3829 5074 episco-

2181 5086 2344 5145 pum,
2374 5071 2472 5145 qui
2499 5070 2897 5145 in__epz'scopatu
2926 5071 3069 5140 ﬁlios
3099 5070 3290 5142 faciat,
3313 5074 3562 5145 alioquin
3584 5077 3633 5130 si
3655 5070 3830 5145 depre-

2187 5141 2392 5217 hensus
2422 5142 2611 5217 fuerit,
2644 5156 2753 5195 non
2786 5144 2953 5217 quasi
2973 5145 3059 5195 vir
3080 5145 3369 5217 tenebitur,
3392 5141 3485 5200 sed
3499 5148 3661 5217 quasi
3677 5141 3826 5217 αἰίιιις

2187 5220 2274 5288 Lor
2302 5211 2676 5288 damnabitur.
2727 5211 3137 5288 Astipulantur
3181 5215 3456 5288 Sinicius,
3495 5211 3666 5288 epist.
3700 5217 3720 5271 4
3760 5214 3828 5270 ad

2187 5282 2532 5355 Himerium,
2549 5283 3123 5355 innocentius,epist.
3141 5285 3210 5339 ad
3231 5282 3832 5355 Victricium,Ambro-

2187 5353 2314 5427 s_ius
2338 5353 2498 5427 Alib.71
2531 5354 2784 5427 Officior.
2812 5371 2936 5424 cap.
2962 5353 3052 5419 50,
3076 5361 3197 5410 tum
3223 5357 3392 5427 epist.
3413 5359 3471 5415 6|
3499 5353 3826 5415 ad'Vcrcell.

2188 5424 2549 5504 Epiphanius
2612 5426 2813 5504 haeres.
2875 5428 3077 5504 50___et,
3159 5435 3221 5504 ut
3262 5424 3422 5504 alios
3475 5436 3828 5504 prmteream,

2187 5497 2554 5568 Augustinus
2585 5499 2656 5554 ad
2692 5497 2906 5555 calcem
2943 5497 3040 5554 lib.
3077 5516 3115 5554 ιι
3145 5500 3215 5556 de
3238 5497 3498 5558 Adulter:
3521 5501 3830 5575 conjugiis.
