4110 6162
273 197 383 258 357

1351 197 1769 261 ADVERSUS
1813 197 2339 262 VIGlLANTIUM
2384 198 2636 262 LIBER.

3572 203 3707 263 358.

270 346 486 386 narum
520 331 701 384 natus
732 332 819 383 est
848 330 1070 385 semine
1101 332 1270 401 (quos
1304 329 1557 396 [ConsuL
1591 333 1779 387 Strab.
1832 330 1931 386 lib.
1964 336 2015 400 Α
2047 331 2141 386 lus
2171 338 2229 386 et
2256 331 2533 387 Barnalas
2566 332 2697 400 (Act.
2754 347 2869 394 xiv,
2922 330 3007 401 1i)
3052 346 3186 384 cum
3242 349 3274 385 a
3332 332 3699 403 Lycaonibus

270 420 341 489 iv]
377 421 486 475 Cn.
538 418 855 490 Pompeius
904 420 1158 474 edomita
1206 421 1509 492 Hispania,
1542 426 1599 476 et
1628 422 1696 475 ad
1731 422 1937 475 trium-

266 509 452 580 phum
488 507 686 562 redire
743 508 1050 572 festinans,
1109 509 1178 563 de
1240 510 1489 579 Pyrenaei
1539 510 1702 580 jugis
1759 510 1938 581 depo-

265 598 404 661 suit,
440 603 503 652 et
531 598 591 650 in
625 598 777 652 390
811 614 995 651 unum
1026 598 1311 669 oppidum
1333 599 1704 669 congregavit
1738 617 1748 653 :
1786 598 1941 652 unde

266 694 324 742 et
356 690 777 741 Convenarum
812 686 955 740 urbs
988 702 1200 741 nomen
1232 688 1477 757 accepit)
1522 687 1827 757 hucusque
1858 686 1938 740 la-

270 775 599 829 trocinetur
630 780 834 828 contra
864 773 1180 829 Ecclesiam
1217 776 1311 830 Dei
1362 777 1401 842 ¹,
1436 780 1492 830 et
1550 776 1619 829 de
1678 774 1939 830 Vectoni-

275 865 417 929 bus,
446 862 773 927 Arrebacis,
808 862 1229 934 Celtiberisque
1268 864 1647 929 descendens,
1686 865 1941 918 incurset

275 951 595 1007 Galliarum
618 950 1245 1023 Ecclesias,portetque
1267 969 1639 1023 nequaquam
1664 952 1939 1008 vexillum

268 1042 371 1111 (At.
407 1040 653 1109 Christi}
685 1041 899 1109 crucis,
935 1040 1034 1094 sed
1083 1040 1312 1112 insigne
1354 1040 1589 1095 diaboli.
1630 1041 1785 1096 Fecit
1834 1041 1941 1095 hoc

266 1130 424 1184 idem
489 1129 833 1200 Pompeius,
891 1129 1066 1184 etiam
1126 1130 1183 1183 in
1244 1130 1494 1185 Orientis
1542 1130 1809 1201 partibus
1832 1133 1944 1188 :ut

266 1218 554 1273 Cilicibus
597 1223 656 1271 et
714 1218 935 1272 Isauris
989 1217 1214 1289 piratis.
1270 1217 1714 1288 latronibusque
1769 1234 1943 1289 supe-

270 1308 415 1363 ratis
447 1307 642 1361 ’:sui
706 1306 961 1361 nominis
1013 1307 1162 1362 inter
1218 1306 1482 1361 Ciliciam
1546 1312 1603 1362 et
1661 1307 1942 1362 Isauriam

268 1399 542 1454 conderet
577 1396 1019 1450 civitatem.Sed
1053 1395 1171 1449 haec
1192 1396 1333 1450 urbs
1364 1396 1533 1451 hodie
1565 1402 1759 1451 servat
1801 1396 1946 1452 scita

266 1490 590 1555 majorum,
622 1490 681 1540 ct
712 1483 912 1539 nullus
943 1484 1001 1538 in
1034 1500 1101 1539 ea
1149 1489 1314 1539 ortus
1373 1490 1462 1539 est
1494 1485 1942 1542 Dormitantius.

262 1575 463 1633 Galliae
496 1573 894 1629 vernaculum
949 1573 1177 1629 hostem
1211 1574 1528 1642 sustinent,
1561 1578 1617 1627 et
1642 1574 1942 1629 hominem

2046 421 2275 491 Jupiter
2333 426 2389 475 et
2472 420 2798 476 Meacurius
2859 420 3003 474 391
3077 424 3437 490 putarentur,
3497 427 3554 476 et
3611 422 3697 477 eis

2046 508 2255 563 vellent
2286 510 2510 564 hostias
2543 508 2862 569 immolare,
2888 508 3186 563 sciderunt
3211 509 3559 564 vestimenta
3588 528 3701 566 sua

2049 603 2104 651 et
2158 614 2218 651 se
2274 598 2541 652 homines
2564 614 2691 652 esse
2722 596 3038 651 dixerunt?
3067 596 3190 650 Non
3245 597 3399 666 quod
3428 598 3697 654 meliores

2051 703 2163 741 non
2197 692 2392 741 essent
2432 686 2571 740 olim
2630 685 2878 739 mortuis
2936 684 3277 739 hominibus
3334 685 3471 740 Jove
3529 691 3704 758 atque

2052 774 2336 828 Mercurio
2363 792 2373 827 :
2400 775 2498 827 sed
2535 774 2689 844 quod
2721 773 2830 830 sub
2883 771 3227 843 gentilitatis
3275 789 3488 841 errore,
3520 775 3704 830 honor

2051 863 2133 917 eis
2167 863 2280 917 Deo
2304 862 2535 916 debitus
2567 862 2909 916 deferretur.
2939 861 3102 924 Quod
3136 866 3193 916 et
3239 862 3309 916 de
3342 862 3507 918 Petro
3558 862 3702 935 legi-

2052 968 2204 1017 mus,
2242 951 2341 1022 qui
2373 950 2702 1006 Cornelium
2743 966 2802 1005 se
2852 950 3094 1004 adorare
3152 951 3481 1022 cupientem
3525 969 3705 1008 manu

2052 1040 2453 1103 sublevavit,et
2485 1039 2628 1092 dixit
2664 1056 2673 1092 :
2712 1062 2734 1087 ‹‹
2766 1040 2945 1108 Surge
2978 1057 2989 1093 :
3018 1056 3147 1092 nam
3173 1044 3229 1092 et
3250 1056 3354 1111 ego
3373 1040 3548 1095 homo
3572 1059 3705 1096 sum

2050 1130 2185 1195 (Act.
2217 1147 2271 1183 x.
2298 1128 2409 1197 ‘26).
2447 1152 2472 1177 ››
2510 1130 2578 1182 Et
2608 1129 2787 1181 audes
2817 1127 3006 1182 dicere
3040 1144 3051 1181 :
3088 1151 3113 1175 ‹‹
3142 1126 3288 1182 Illud
3336 1130 3532 1185 nescio
3566 1131 3705 1201 quid

2053 1218 2205 1289 quod
2239 1220 2296 1271 in
2331 1217 2555 1272 medico
2592 1217 2827 1273 vasculo
2884 1217 3285 1272 transferendo
3342 1217 3528 1274 colis?
3559 1220 3709 1283 Quid

2054 1312 2141 1363 est
2176 1306 2339 1369 illud,
2374 1307 2568 1361 nescio
2628 1306 2790 1377 quid,
2853 1306 3001 1360 scire
3050 1305 3333 1371 desidero,
3392 1330 3417 1354 ‹‹
3474 1311 3705 1378 Expone

2056 1396 2446 1459 manifestius,
2482 1400 2547 1450 ut
2570 1399 2689 1449 tota
2746 1395 3009 1449 libertate
3066 1394 3457 1466 blasphemes,
3518 1396 3706 1467 pulvi-

2056 1484 2283 1539 sculum
2313 1483 2506 1538 nescio
2538 1485 2689 1554 quod
2726 1484 2846 1553 (ms.
2880 1485 2941 1537 Β.
2974 1482 3162 1553 inquit
3192 1483 3274 1548 in,
3304 1486 3436 1556 etc.j
3472 1484 3531 1538 in
3589 1501 3707 1540 m0-

2056 1574 2184 1627 dico
2218 1572 2448 1626 vasculo
2483 1573 2734 1643 pretioso
2779 1571 3116 1626 linteamine
3171 1572 3620 1629 circumdatum.
3679 1596 3707 1624 ››

264 1666 402 1720 moti
430 1664 861 1736 capitis,atque
883 1661 1254 1734 Hippocratis
1276 1661 1528 1717 vinculis
1559 1661 1946 1733 alligandum,
1978 1701 2025 1764 B
2063 1662 2221 1716 Dolet
2253 1667 2576 1732 martyrum
2637 1660 2916 1731 reliquias
2973 1661 3225 1731 pretioso
3285 1661 3496 1731 operiri
3551 1661 3707 1718 vela-

264 1756 576 1811 sedentem
612 1755 863 1806 cernunt
911 1750 968 1805 in
1034 1750 1285 1805 Ecclesia
1352 1768 1363 1805 :
1428 1754 1483 1805 et
1538 1752 1688 1806 inter
1746 1756 1947 1805 caetera

264 1845 443 1898 verba
475 1840 891 1913 blasphemiae,
926 1840 1039 1895 ista
1095 1856 1327 1911 quoque
1360 1840 1652 1895 dicentem
1688 1857 1701 1894 :
1738 1864 1765 1890 ‹‹
1800 1840 1945 1905 Quid

265 1947 516 1989 necesse
547 1936 657 1995 est,
692 1934 747 1983 te
778 1933 941 1983 tanta
972 1928 1189 1984 honore
1221 1945 1336 1983 non
1392 1929 1583 1984 solum
1634 1929 1943 1993 honorare,

274 2023 381 2077 sed
413 2019 593 2073 etiam
624 2018 861 2072 adorare
896 2016 1039 2071 illud
1095 2018 1291 2072 nescio
1348 2018 1510 2089 quid,
1545 2018 1697 2088 quod
1731 2018 1789 2071 in
1822 2034 1944 2071 mo-

274 2112 411 2165 dico
445 2106 673 2162 vasculo
702 2106 1102 2161 transferendo
1134 2106 1276 2161 colis
1315 2106 1342 2159 ?
1401 2129 1427 2154 ››
1480 2107 1549 2160 Et
1592 2122 1827 2161 rursum
1886 2106 1944 2159 in

265 2197 476 2253 eodem
508 2193 658 2248 libro
696 2210 707 2246 :
745 2216 770 2241 ‹‹
807 2191 954 2255 Quid
990 2190 1285 2263 pulverem
1320 2191 1664 2248 linteamine
1695 2193 1944 2247 circum-

257 2287 472 2340 datum
500 2281 811 2338 adorando
836 2280 1122 2336 oscularis
1142 2279 1170 2334 ‘2
1189 2303 1207 2329 η
1237 2282 1305 2335 Et
1328 2280 1385 2335 in
1411 2281 1940 2352 consequentibus:

256 2402 279 2425 ες
319 2375 513 2445 Prope
549 2372 737 2425 ritum
766 2371 787 2402 3
810 2369 1121 2442 gentilium
1144 2369 1411 2425 videmus
1433 2371 1542 2425 sub
1568 2374 1846 2441 prmtextu
1866 2387 1946 2425 re-

250 2463 497 2536 ligionis
533 2460 948 2514 introductum
981 2458 1040 2512 in
1092 2458 1352 2525 Eclesiis,
1406 2458 1527 2514 sole
1584 2460 1773 2515 adhuc
1832 2458 1943 2513 ful-

254 2559 456 2625 gente,
490 2548 695 2604 moles
753 2564 1067 2602 cercorum
1143 2548 1404 2614 accendi,
1465 2552 1521 2602 et
1610 2549 1945 2619 ubicunque

252 2637 675 2713 pulvisculum
716 2636 907 2691 nescio
939 2636 1117 2706 quod,
1152 2637 1209 2690 in
1244 2636 1471 2691 modico
1523 2636 1759 2692 vasculo
1814 2653 1942 2708 pre-

256 2732 409 2785 tioso
441 2724 804 2781 linteamine
825 2724 1253 2779 circumdatum
1285 2725 1617 2780 osculantes
1676 2726 1940 2780 adorant.

256 2824 546 2891 Magnum
614 2814 901 2868 honorem
953 2814 1212 2884 praebent
1270 2814 1611 2885 hujusmodi
1672 2814 1943 2869 homines

260 2903 645 2963 beatissimis
672 2901 1051 2973 martyribus,
1112 2918 1260 2973 quos
1295 2906 1501 2973 putant
1544 2903 1612 2958 de
1642 2901 1944 2958 vilissimis

262 2995 513 3052 cei-colis
550 2991 976 3058 illustrandos;
1011 3008 1158 3061 quos
1189 2991 1520 3063 Agnus,qui
1543 2996 1631 3046 est
1661 2991 1718 3045 in
1756 2991 1942 3047 medio

2058 1751 2257 1805 mine:
2308 1754 2365 1804 et
2424 1767 2537 1803 non
2595 1749 2682 1803 vel
2744 1749 2974 1820 pannis,
3036 1748 3123 1804 vel
3180 1748 3366 1804 cilicio
3424 1748 3707 1822 colligari,

2054 1840 2138 1894 vel
2172 1838 2375 1911 projicj
2407 1839 2465 1892 in
2512 1839 2986 1909 sterquilinium;
3021 1842 3085 1892 ut
3143 1837 3301 1893 solus
3358 1838 3710 1911 Vigilantius

2055 1927 2251 1983 ebrius
2283 1931 2339 1982 et
2370 1927 2666 1982 dormiens
2696 1928 3143 1997 adorctur.Ergo
3175 1926 3441 1999 sacrilegi
3476 1944 3708 1996 sumus,

2056 2017 2289 2087 quando
2321 2016 2717 2087 apostolorum
2751 2015 3023 2069 basilicas
3080 2016 3492 2086 ingredimur?
3522 2018 3711 2073 Sacri-

2054 2106 2220 2176 legus
2254 2105 2362 2159 fuit
2418 2104 2793 2160 Constantius
2844 2104 3162 2175 imperator
3221 2106 3265 2171 Ι,
3326 2105 3427 2175 qui
3477 2111 3711 2162 sanctas

2058 2192 2336 2264 reliquias
2393 2193 2655 2257 Androm,
2716 2192 2899 2256 Lucre,
2961 2195 3015 2244 et
3068 2191 3360 2246 Timothei
3408 2194 3713 2248 transtulit

2057 2280 2618 2351 Constantinopolim
2651 2280 2690 2345 δ,
2716 2280 2869 2349 apud
2894 2296 3040 2349 quas
3072 2279 3365 2333 daemones
3388 2279 3712 2350 rugiunt,et

2056 2368 2476 2423 inhabitatores
2507 2367 2806 2439 Vigilantii
2837 2366 3070 2422 illorum
3106 2383 3166 2422 se
3205 2367 3421 2422 sentire
3453 2386 3704 2439 praesen-

2055 2458 2198 2513 tiam
2231 2458 2584 2512 confitentur
2610 2456 2637 2509 ‘?
2668 2456 2999 2527 Sacrilegus
3029 2456 3314 2510 dicendus
3347 2460 3519 2521 est,et
3548 2475 3704 2513 nunc

2053 2549 2353 2617 Augustus
2382 2545 2683 2612 Arcadius,
2720 2546 2819 2616 qui
2851 2561 2984 2600 ossa
3018 2544 3165 2600 beati
3198 2545 3486 2601 Samuelis
3532 2546 3705 2619 longo

2055 2640 2185 2706 post
2220 2640 2481 2705 tempore
2511 2634 2580 2689 de
2602 2634 2803 2688 Judaia
2858 2632 3159 2689 transtulit
3206 2634 3264 2689 in
3310 2634 3619 2691 Thraciam
3677 2636 3706 2691 ‘I

2052 2729 2268 2779 Omnes
2298 2722 2555 2794 episcopi
2591 2740 2707 2777 non
2739 2722 2929 2779 solum
2962 2721 3251 2794 sacrilegi,
3308 2724 3406 2778 sed
3464 2729 3521 2778 et
3563 2725 3713 2780 fatui

2046 2812 2379 2883 judicandi,
2408 2811 2506 2883 qui
2540 2828 2660 2866 rem
2692 2811 3043 2865 vilissimam
3069 2815 3124 2864 et
3146 2811 3367 2866 cineres
3390 2811 3708 2868 dissolutos

2054 2902 2111 2955 in
2145 2901 2329 2956 serico
2348 2904 2403 2955 et
2432 2917 2566 2955 vase
2585 2916 2758 2954 aureo
2784 2903 3160 2971 portaverunt
3179 2899 3206 2952 ?
3237 2898 3410 2954 Stulti
3440 2900 3705 2956 omnium

2054 2989 2443 3045 Ecclesiarum
2477 2988 2698 3060 p0puli,
2757 2987 2854 3060 qui
2907 2991 3255 3042 occurerunt
3303 2989 3520 3043 sanctis
3581 2989 3711 3044 reli-

263 3085 461 3141 throni
520 3098 663 3137 cum
723 3079 885 3134 omni
938 3079 1162 3151 fulgore
1223 3080 1549 3150 majestatis
1621 3097 1761 3143 suae,
1816 3066 2016 3133 illu-C
2057 3078 2261 3150 quiis:
2297 3082 2546 3133 ettanta
2596 3076 2798 3131 laetitia
2828 3078 2870 3143 ⁸,
2904 3077 3071 3147 quasi
3130 3081 3476 3147 praesentem
3519 3077 3713 3132 viven-

264 3180 432 3229 strat.
473 3196 501 3219 η

343 3266 399 3317 5.
436 3262 711 3331 Reliquas?
757 3259 1145 3329 apostolorum,
1208 3266 1257 3313 et
1304 3258 1598 3313 Samuelis.
1661 3289 1730 3296 —
1808 3257 1946 3320 Quis

272 3353 457 3413 enim,
486 3368 519 3404 o
553 3350 828 3404 insanum
890 3352 1086 3418 caput,
1121 3346 1442 3418 aliquando
1494 3350 1777 3417 martyres
1809 3347 1946 3401 ado-

280 3439 435 3492 tavit
458 3438 487 3491 τὶ
518 3436 651 3506 quis
680 3436 979 3490 hominem
1012 3435 1237 3506 putavit
1271 3435 1450 3489 Deum
1482 3434 1509 3488 ?
1567 3450 1758 3489 nonne
1801 3435 1946 3489 Pau-

370 3561 386 3593 ¹
420 3558 721 3613 lllustriss.
749 3561 813 3614 de
847 3559 1043 3614 Marca
1072 3559 1129 3612 in
1161 3558 1435 3630 peculiari
1470 3559 1682 3613 Disert.
1743 3560 1814 3613 de
1844 3557 1945 3611 Vi-

291 3631 529 3703 gilantii
564 3630 738 3700 patria
760 3631 915 3684 hunc
962 3631 1153 3703 locum
1186 3630 1266 3684 ita
1321 3630 1749 3703 restituendum
1794 3646 1947 3703 Acon-

290 3700 502 3766 tendit,
538 3708 599 3755 ut
632 3718 729 3772 pro
756 3711 804 3756 et
836 3702 1066 3773 copula,
1098 3701 1461 3773 legeretner.
1509 3700 1760 3773 Vultquc
1794 3700 1949 3755 hunc

281 3791 415 3830 esse
439 3790 705 3838 sensum,
739 3775 785 3826 si
819 3790 887 3827 ex
910 3772 1177 3844 Origene
1222 3772 1334 3841 peti
1394 3772 1577 3844 possit
1628 3773 1948 3844 auctoritas

283 3846 571 3901 latrocinii
606 3845 935 3903 exercendi,
988 3842 1365 3898 coercendam
1396 3842 1735 3913 ’Vigilantio
1796 3843 1948 3897 hanc

282 3919 581 3972 licentiam
616 3922 820 3969 contra
860 3915 1176 3969 Ecclesiam
1240 3914 1336 3968 Dei
1389 3919 1548 3969 extra
1610 3914 1770 3968 urbis
1828 3931 1949 3969 sua:

285 3994 450 4053 lines,
486 4005 710 4059 quaex
742 3986 1082 4059 Vectonum,
1133 3990 1514 4059 Arevocorum
1548 3989 1602 4059 et
1629 3984 1951 4059 Celtibero-

284 4078 411 4115 rum
447 4056 712 4131 populis,
739 4057 847 4131 qui
878 4057 935 4110 in
973 4056 1346 4131 bellopotius
1375 4056 1680 4131 latrocinia
1724 4072 1948 4131 exerce-

286 4135 421 4187 bant
447 4126 639 4201 quam
676 4126 967 4201 militiam,
1002 4127 1413 4201 conligataclim
1474 4127 1597 4201 f_uit_
1629 4145 1641 4193 ;
1678 4144 1812 4201 inec
1862 4126 1949 4180 ul-

288 4198 848 4258 terius—incursandi
868 4204 1102 4254 cmteras
1126 4198 1444 4254 Galliarum
1474 4198 1760 4253 Ecclesiae
1780 4199 1951 4253 licere

290 4269 1074 4351 illi._nequ_aq_uam_przelato
1134 4269 1339 4351 vexillo
1371 4270 1581 4351 crucis,
1634 4286 1766 4351 cum
1827 4269 1991 4340 ipse-

293 4340 623 4415 insigne'sit
646 4340 1107 4415 diaboli.Verum
1126 4340 1269 4395 nulli
1288 4341 1424 4395 huic
1442 4343 1791 4415 conjecturae
1805 4357 1944 4395 mss.

287 4412 516 4495 codices
548 4414 958 4495 suffragantur
968 4431 992 4495 _;
1026 4416 1373 4495 przestatque
1404 4429 1537 4495 cum
1572 4412 1746 4495 Pagio
1780 4413 1951 4495 i‘nter-
1983 4433 2025 4495 ί)

290 4487 633 4559 punctionis
665 4484 823 4559 vitia,
860 4483 1084 4559 quibus
1120 4483 1295 4538 antea
1312 4483 1585 4554 periodus
1611 4483 1732 4537 haec
1775 4483 1947 4559 labo-

289 4553 476 4623 rabat,
512 4556 853 4617 emendare,
879 4553 953 4609 ut
984 4553 1533 4625 fecimus,przelenta
1562 4559 1612 4609 et
1639 4553 1944 4625 particula.

290 4632 488 4697 quue
521 4645 703 4683 sensu
736 4628 955 4681 dicitur
1002 4626 1302 4697 nimirum,
1333 4626 1529 4697 generi
1559 4643 1664 4680 suo
1714 4642 1954 4697 respon-

291 4696 435 4755 dere
461 4699 913 4770 \‘igilantius,ut
935 4697 1034 4768 qui
1058 4698 1127 4751 de
1149 4696 1441 4751 latronum
1467 4700 1639 4751 natus
1662 4703 1751 4752 est
1782 4697 1958 4770 semi-

294 4789 398 4833 ne,
430 4768 749 4825 Vectcnum
784 4769 1024 4835 scilicet,
1058 4774 1590 4838 Arevacorumque,
1652 4768 1838 4893 ma%is
1896 4784 1960 4822 ac

296 4842 495 4893 magis
542 4841 943 4893 latrocinetur.
977 4845 1032 4893 et
1088 4841 1345 4893 incurset
1407 4840 1726 4893 Galliarum
1806 4839 1958 4893 cclc-

295 4842 495 4913 magis
542 4841 943 4907 latrocinetur,
977 4845 1032 4895 et
1088 4841 1354 4913 incursat
1407 4840 1726 4913 Galliarum
1762 4839 1958 4913 Eccle-

294 4909 442 4977 sias,
473 4918 527 4967 ct
557 4917 750 4984 portet
784 4928 896 4984 non
946 4912 1135 4984 crucis
1192 4909 1487 4984 vexillum,
1548 4911 1649 4964 sed
1697 4910 1962 4984 insignia

289 4984 540 5041 diaboli.
558 4982 629 5039 Vln
656 4983 1007 5038 Bononiensi
1040 4999 1151 5037 ms.
1177 4983 1397 5037 Arvacis
1428 4985 1517 5036 est
1544 4998 1648 5052 pro
1670 4982 1960 5048 Arebacis;

287 5060 353 5112 in
388 5056 524 5111 aliis
556 5056 678 5110 haec
713 5054 951 5110 nomina
982 5054 1127 5108 mire
1158 5053 1568 5123 depravantur.

366 5131 387 5160 ²
422 5128 779 5183 Bononiens.
830 5126 997 5190 liber,
1057 5126 1263 5179 lsauris
1314 5124 1616 5179 latronibus
1672 5124 1960 5193 superatis.

288 5199 677 5271 Pomponius
699 5196 873 5271 Mela,
902 5196 1002 5271 lib.
1041 5212 1207 5267 1,cap.
1247 5196 1317 5271 13
1346 5214 1356 5250 :
1406 5218 1431 5271 a_
1465 5195 1609 5271 Urbs
1636 5195 1963 5271 cst,inquit,

284 5265 717 5326 olim-Rhodiis
741 5267 1086 5341 Argivisque
1110 5265 1240 5341 post
1266 5266 1795 5341 piratis,APompero
1827 5265 1965 5341 assi-

1160 5337 1566 5409 ompeiopolis,
1626 5342 1682 5392 tu
1733 5354 1804 5391 ne
1859 5337 1965 5392 So-

382 5347 521 5397 ante
555 5356 831 5413 possessa
862 5358 873 5394 :
909 5356 1063 5394 nunc

316 5431 409 5469 08.
450 5438 477 5461 υ

373 5488 393 5517 ³
428 5486 490 5538 ln
528 5483 761 5538 duobus
792 5498 933 5537 mss.
963 5484 1187 5552 proprie
1214 5483 1408 5545 ritum,
1449 5484 1558 5534 etc.
1594 5480 1710 5535 Hoc
1759 5495 1968 5551 nempe

288 5562 429 5629 erat
462 5554 757 5629 paganica
772 5551 1208 5629 superstitionis
1238 5551 1804 5629 institutummereos
1835 5556 1968 5606 ante

286 5622 1018 5702 idola’aéeenderefquod
1072 5624 1199 5702 ipse
1256 5623 1665 5701 Hieronymus,
1696 5622 1800 5683 lib.
1848 5638 1965 5699 xvx,

2054 3172 2290 3237 temque
2322 3167 2663 3237 prophetam
2720 3181 3017 3229 cerncren,
3071 3170 3426 3236 susceperunt
3481 3184 3500 3221 :
3559 3166 3716 3221 unde

2058 3254 2367 3310 Palaestina
2400 3271 2586 3326 usque
2616 3254 3034 3309 Chalcedonem
3069 3254 3452 3326 jungerentur
3481 3254 3719 3327 populo-

2060 3360 2190 3398 rum
2224 3344 2491 3399 examina
2526 3360 2539 3397 :
2576 3348 2631 3398 ct
2662 3344 2720 3397 in
2752 3343 2963 3398 Christi
2998 3344 3197 3398 Iaudes
3230 3361 3346 3398 una
3373 3360 3510 3399 voce
3554 3360 3715 3399 reso-

2058 3438 2265 3488 narent
2295 3432 2322 3487 ?
2368 3432 2651 3487 Videlicet
2708 3432 3031 3487 adorabant
3072 3432 3429 3495 Samuelem,
3491 3436 3548 3487 et
3604 3449 3721 3488 non

2057 3573 2182 3627 cap.
2239 3558 2328 3621 57,
2388 3557 2443 3611 in
2510 3558 2711 3611 Isaiam
2764 3556 2959 3627 tradit,
3034 3578 3058 3607 ‹‹
3106 3555 3312 3610 Tutela
3370 3556 3718 3611 simulacro-

2056 3626 2179 3682 rem
2213 3629 2395 3683 cereis
2425 3644 2703 3682 venerans
2734 3633 2789 3682 et
2821 3626 3107 3692 lucernis;
3140 3647 3165 3677 ι)
3209 3628 3538 3681 Lactantius
3570 3644 3720 3697 quo-

2058 3716 2171 3770 que
2196 3698 2298 3752 lib.
2334 3717 2387 3752 v1
2422 3700 2746 3753 Divinarum
2773 3699 3193 3770 Ιηδιίιηιηνοειρ,
3244 3699 3278 3751 2
3312 3715 3324 3751 :
3360 3720 3387 3745 ‹‹
3420 3699 3542 3770 Non
3607 3699 3718 3770 igi-

2057 3769 2152 3824 tur
2185 3771 2395 3823 mentis
2428 3787 2545 3824 sua:
2572 3769 3132 3840 composiputandus
3163 3774 3271 3833 est,
3333 3769 3432 3839 qui
3466 3769 3716 3834 auctori,

2058 3841 2314 3896 etdatori
2358 3840 2601 3894 luminis
2640 3839 2991 3894 candelasac
3010 3856 3306 3894 cercorum
3329 3840 3526 3896 lumen
3549 3841 3718 3897 offert

2057 3928 2161 3981 pro
2197 3928 2439 3966 munere
2459 3911 2486 3964 ἰ)
2520 3934 2546 3959 ››
2567 3911 2840 3965 Ethnicos
2864 3912 3063 3981 utique
3088 3912 3521 3982 reprehendens
3551 3912 3718 3967 dixit.

2060 3983 2120 4038 In
2151 3983 2333 4037 sacris
2369 3987 2563 4037 autem
2589 3982 3145 4048 Christianorum,ut
3174 3982 3267 4036 hic
3292 3983 3471 4038 semel
3504 3984 3719 4048 dicam,

2059 4054 2375 4125 mysticum
2408 4070 2586 4109 usum
2623 4054 2909 4125 luminum
2940 4053 3188 4107 interdiu
3228 4054 3722 4125 probantantiqui

2061 4123 2262 4179 Patres
2296 4124 2354 4179 S.
2392 4123 2753 4195 Epiphanius
2787 4125 2945 4195 Epis.
2998 4125 3066 4177 ad
3099 4123 3384 4178 Joannem
3414 4123 3723 4196 Hierosoly

2064 4196 2188 4263 mit,
2224 4197 2377 4250 inter
2408 4195 2889 4266 Hieronymianas
2931 4212 3088 4266 nunc
3120 4197 3207 4259 51,
3242 4211 3403 4248 num.
3437 4195 3499 4262 9,
3528 4200 3586 4251 et
3616 4195 3721 4250 de;-

2061 4268 2280 4322 cantati
2313 4267 2539 4322 Paulini
2568 4265 2769 4322 versus
2800 4265 2987 4321 Natali
3008 4268 3041 4320 3
3063 4265 3249 4321 sancti
3275 4265 3499 4321 Felicis.

2161 4389 2315 4439 Clara
2344 4394 2671 4440 coronantur
2700 4390 2853 4439 denis
2881 4390 3069 4439 altaria
3097 4389 3286 4452 lycnis,

2155 4454 2376 4516 Lumina
2408 4455 2598 4503 ceratis
2629 4453 2885 4502 adolenur
2914 4453 3080 4502 odora
3113 4453 3366 4516 papyris;

2158 4515 2319 4579 i‘g’octe
2351 4517 2543 4579 dieque
2575 4516 2791 4573 micant,
2824 4516 2897 4579 sic
2930 4529 3037 4579 nox,
3060 4515 3345 4578 splendore
3375 4515 3480 4565 diei

2160 4576 2589 4651 Eplgettetl‘ipsa
2620 4580 2731 4627 dies
2754 4578 2956 4651 caelesti
2988 4576 3210 4651 illustris
3239 4578 3445 4651 honore

2162 4639 2284 4687 Plus
2312 4642 2469 4689 micat
2497 4639 2795 4689 innumeris
2825 4640 2999 4689 lucem
3031 4641 3302 4701 geminata
3326 4641 3578 4689 lucernis.

2070 4762 2298 4835 Optime
2329 4765 2469 4819 adeo
2500 4769 2695 4819 noster
2723 4765 3111 4835 Hieronymus
3140 4764 3313 4835 infra,
3347 4780 3460 4818 non
3490 4834 3495 4835 ί
3523 4763 3594 4818 ad
3627 4764 3724 4818 fu-

2071 4834 2303 4914 gaudes.
2320 4836 2609 4914 tenebras,
2663 4836 2761 4914 sed
2796 4836 2865 4890 ad
2899 4834 3726 4914 signam_l;etiti§e_faciendum

2074 4904 2306 4959 incendi
2329 4906 2577 4976 explicat
2612 4924 2623 4960 :
2656 4905 2747 4960 cui
2775 4905 3302 4960 concinitlsidorus
3334 4904 3435 4958 lib.
3460 4922 3539 4961 v11
3573 4905 3724 4975 Orig.

2073 4993 2198 5047 cap.
2235 4977 2322 5043 12,
2355 4977 2569 5048 aliique
2598 4977 2827 5041 deinde,
2862 4976 2961 5045 qui
2990 4979 3356 5030 sacramenta
3400 4992 3467 5031 ex
3512 4976 3604 5032 his
3636 4977 3727 5033 lu-

2074 5048 2337 5103 minibus
2370 5048 2538 5119 plura
2570 5049 2624 5101 in
2661 5048 2783 5119 dies
2814 5048 3273 5119 edisseruerunt.

2145 5119 2336 5174 ‘Vide
2370 5117 3093 5190 Philostorgiumdibziu.
3148 5134 3253 5188 cap
3311 5122 3345 5171 2
3398 5135 3409 5173 :
3466 5119 3726 5176 Idacium

2075 5207 2306 5263 quoque
2337 5190 2394 5244 in
2430 5191 2615 5245 Fastis
2649 5187 2961 5263 {quinimo
2984 5187 3396 5263 ilieronymum
3440 5191 3636 5263 ipsum
3668 5192 3727 5249 in

2075 5260 2358 5316 Chronico
2390 5263 2460 5315 ad
2493 5279 2585 5317 an.
2644 5260 2799 5313 tQ'et
2854 5260 2922 5313 20
2977 5260 3320 5325 Constantii,
3381 5260 3494 5316 non
3551 5265 3615 5318 21
3665 5268 3732 5320 ut

2074 5332 2334 5401 Scaliger
2357 5332 2536 5387 refert
2580 5350 2592 5399 ;
2656 5332 2712 5386 in
2735 5329 3014 5404 catalogo
3037 5348 3165 5404 cap.
3200 5337 3254 5397 7,
3285 5332 3349 5404 in,
3378 5333 3511 5388 line.

2148 5405 2167 5435 ⁵
2202 5404 2375 5458 Vetus
2405 5404 2580 5458 editio
2612 5403 2773 5476 addit
2795 5403 3192 5476 jocaadaii,’et
3222 5403 3393 5476 paulo
3424 5406 3559 5475 post
3612 5420 3730 5460 cer-

2076 5482 2270 5530 nerent
2296 5482 2460 5545 atque
2482 5475 2864 5547 susciperent.
2899 5474 3005 5547 Ms.
3040 5474 3389 5533 Bononiens.
3432 5474 3732 5535 viventem~

2077 5562 2178 5619 que
2203 5554 2487 5605 cernerent
2514 5546 2735 5625 absque
2761 5546 3097 5625 prophetam.
