4100 6156
262 337 370 400 361

1511 335 1823 398 CONTRA
1865 332 2412 397 VIGILANTIUM.

3545 336 3669 399 362

262 470 567 526 nascimur.
602 470 781 537 Quare
828 470 1135 525 luminaria
1187 469 1256 524 ad
1312 468 1674 540 Evangelium
1714 484 1903 524 accen-
1937 473 1983 535 Α
2018 473 2071 522 te
2101 466 2271 521 vilem
2302 465 2713 537 pulvisculum.
2748 465 2912 521 offert
2943 467 3187 523 Domino
3245 468 3552 535 sacrificia,
3602 472 3664 525 et

257 559 463 615 dantur
485 562 511 612 .9
531 590 601 598 —-
622 558 832 615 Cereos
853 563 1047 614 autem
1069 575 1184 614 non
1198 558 1355 614 clara
1373 558 1503 613 luce
1531 557 1906 613 accendimus

258 650 414 705 sicut
446 648 669 704 frustra
695 647 1100 715 calumniaris,
1134 648 1236 703 sed
1287 652 1351 702 ut
1400 648 1588 704 noctis
1640 648 1908 701 tenebras

256 738 370 793 hoc
400 736 612 793 solatio
645 741 1038 809 temperemus
1068 755 1080 805 ;
1114 740 1170 791 et
1197 736 1507 807 vigilemus
1559 736 1631 790 ad
1684 735 1903 789 lumen.

258 843 336 882 ne
366 826 502 883 caci
524 830 712 881 tecum
738 826 1105 881 dormiamus
1128 826 1185 879 in
1214 825 1469 881 tenebris
1495 823 1702 888 ‘.Quod
1730 824 1777 879 si
1807 823 1908 877 ali-

259 915 371 988 qui
404 932 506 988 per
534 914 904 986 imperitiam.
958 920 1014 970 et
1056 914 1493 986 simplicitatem
1538 912 1905 970 saecularium

261 1004 570 1061 hominum
620 1003 710 1061 vel
763 1009 915 1060 certe
962 1003 1369 1077 religiosarum
1416 1004 1788 1069 feminarum,
1839 1002 1909 1057 de

258 1094 482 1165 quibus
510 1109 642 1149 vere
674 1109 991 1164 possumus
1031 1093 1222 1147 dicere
1259 1111 1270 1146 :
1305 1116 1330 1141 ‹‹
1364 1093 1670 1159 Conﬁteor,
1719 1092 1905 1146 zelum

254 1183 359 1239 Dei
390 1182 633 1249 habent,
666 1182 769 1238 sed
798 1199 914 1237 non
946 1183 1270 1238 secundum
1304 1180 1605 1237 scientiam
1642 1182 1817 1251 (Rom.
1850 1198 1907 1246 x,

251 1273 333 1343 2),
367 1294 396 1321 »
431 1271 543 1327 hoc
577 1288 681 1343 pro
712 1271 933 1327 honore
963 1276 1286 1343 martyrum
1323 1270 1563 1338 faciunt,
1597 1271 1736 1342 quid
1775 1270 1909 1325 inde

254 1360 505 1433 perdis?
535 1361 946 1417 Causabantur
989 1360 1287 1429 quondam
1339 1364 1397 1414 et
1446 1358 1715 1430 apostoli,
1752 1358 1907 1429 quod

254 1451 471 1523 periret
504 1452 879 1521 unguentum
915 1466 929 1515 ;
957 1448 1058 1503 sed
1089 1447 1321 1504 Domini
1345 1464 1482 1503 voce
1499 1448 1744 1519 correpti
1770 1451 1911 1502 sunt

257 1540 467 1611 (Matth.
505 1555 661 1601 xxvi,
712 1542 742 1590 8
794 1545 846 1592 ct
887 1536 1031 1591 Marc
1085 1554 1201 1602 xxv,
1225 1540 1302 1605 8).
1344 1537 1540 1608 Neque
1572 1536 1725 1593 enim
1750 1536 1912 1591 Chri-

258 1632 383 1684 stus
415 1628 725 1700 indigebat
754 1632 1075 1698 unguento,
1109 1643 1212 1683 nec
1244 1631 1531 1698 martyres
1563 1624 1787 1681 lumine
1817 1642 1907 1681 ce-

257 1732 541 1775 reorum:
577 1720 635 1772 et
686 1720 883 1771 tamen
940 1713 1039 1769 illa
1095 1714 1308 1770 mulier
1365 1715 1422 1769 in
1483 1714 1699 1770 honore
1754 1717 1910 1771 894

2013 554 2277 611 tumulos
2305 572 2507 610 eorum
2538 554 2752 611 Christi
2782 554 3101 610 arbitratur
3130 556 3336 612 altaria
3365 558 3391 611 ‘.’
3424 558 3492 613 Et
3542 574 3657 614 non

2017 644 2209 700 solum
2238 644 2414 699 unius
2445 645 2628 708 urbis,
2680 645 2781 699 sed
2832 644 3010 700 totius
3068 645 3226 700 orbis
3284 651 3481 701 errant
3536 647 3661 719 epi-

2018 733 2307 804 sc0pi,qui
2341 749 2664 804 cauponem
2698 732 3080 804 Vigilantium
3113 736 3664 804 contemnentes,iu-

2016 823 2363 893 gradiuntur
2394 822 2667 878 basilicas
2696 827 3084 889 mortuorum,
3120 823 3177 878 in
3224 823 3439 894 quibus
3471 824 3663 895 pulvis

2015 911 2338 967 vilissimus
2369 916 2427 967 et
2456 911 2693 977 favillia,
2727 912 2921 967 nescio
2948 928 3095 983 quae,
3121 913 3278 983 jacet
3325 911 3665 969 linteamine

2017 1000 2324 1056 convoluta
2354 1002 2392 1055 ³.
2429 1003 2492 1055 ut
2542 999 2763 1071 polluta
2822 1000 3019 1056 omnia
3080 1000 3319 1072 polluat,
3380 1006 3435 1057 et
3494 1003 3663 1074 quasi

2018 1092 2285 1160 sepulcra
2314 1089 2646 1145 Pharisaica
2679 1088 2820 1143 foris
2853 1088 3123 1144 dealbata
3167 1090 3287 1144 sint
3335 1107 3468 1147 cum
3500 1091 3664 1149 intus

2017 1179 2325 1234 immundo
2349 1178 2560 1244 cinere,
2592 1179 2742 1233 395
2779 1179 2948 1247 juxta
2990 1183 3065 1243 te,
3112 1178 3420 1235 immunda
3467 1180 3667 1237 omnia

2017 1268 2211 1324 oleant
2239 1273 2413 1339 atque
2442 1268 2717 1322 sordeant
2755 1268 2791 1321 δ.
2828 1268 2899 1321 Et
2946 1271 3076 1338 post
3122 1267 3243 1322 haec
3289 1269 3360 1323 de
3387 1269 3663 1326 barathro

2018 1358 2266 1429 pectoris
2296 1356 2387 1412 sui
2418 1372 2709 1412 caenosam
2742 1355 3086 1426 spurcitiam
3114 1372 3406 1425 evomens,
3440 1363 3542 1414 aut
3571 1359 3661 1413 di-

2018 1462 2144 1502 cere
2178 1464 2189 1501 :
2230 1468 2257 1495 «
2291 1449 2436 1517 Ergo
2462 1446 2684 1501 cineres
2708 1462 2845 1500 suos
2866 1450 3065 1500 amant
3088 1446 3295 1501 animae
3314 1451 3660 1518 martyrum,

2017 1540 2073 1590 et
2104 1534 2526 1589 circumvolant
2556 1551 2673 1599 eos,
2719 1550 3063 1606 semperque
3106 1540 3422 1605 praesentes
3473 1540 3611 1591 sunt
3644 1557 3658 1607 ;

2018 1641 2089 1678 ne
2121 1625 2266 1679 forte
2297 1625 2345 1677 si
2378 1623 2593 1693 aliquis
2623 1624 2642 1656 ⁵
2686 1627 2952 1694 precator
2982 1624 3101 1693 [Αἰ.
3146 1630 3429 1695 peccator]
3484 1626 3660 1681 adve-

2020 1713 2191 1780 nerit,
2226 1714 2498 1768 absentes
2528 1713 2730 1767 audire
2754 1729 2867 1767 non
2893 1712 3164 1783 possint?
3200 1736 3225 1759 ››
3254 1714 3297 1767 Ο
3329 1718 3665 1785 portentum

257 1805 476 1863 Christi
509 1805 620 1860 hoc
656 1805 811 1866 fecit.
846 1803 1190 1876 devotioquo
1223 1804 1437 1860 mentis
1466 1806 1595 1875 ejus
1636 1804 1913 1875 recipitur
1942 1845 1989 1909 B
2023 1803 2079 1857 in
2104 1807 2288 1858 terras
2319 1801 2558 1857 ultimas
2590 1801 3020 1872 deportandum
3056 1802 3067 1855 ε
3106 1802 3279 1857 Rides
3309 1807 3368 1859 et
3398 1802 3662 1875 reliquiis

259 1897 326 1951 Et
355 1894 722 1967 quicumque
755 1894 1080 1949 accendunt
1110 1909 1327 1959 cereos,
1362 1894 1688 1949 secundum
1736 1893 1911 1949 fidem

260 1988 434 2041 Suam
462 1984 682 2039 habent
711 1982 1062 2051 mercedem,
1093 1981 1321 2037 dicente
1345 1981 1639 2053 Apostolo:
1663 2005 1689 2033 «
1716 1987 1911 2038 Unus-

267 2073 526 2144 quisque
552 2073 609 2125 in
639 2089 743 2127 suo
776 2088 952 2127 sensu
985 2071 1245 2126 abundet
1275 2072 1443 2143 (Rom.
1473 2073 1703 2141 x1v,5).»
1730 2071 1915 2127 Idolo-

272 2160 466 2217 latras
497 2159 741 2233 appellas
772 2160 1114 2230 hujusmodi
1146 2159 1461 2215 homines?
1491 2160 1615 2215 Non
1639 2160 1909 2228 diffiteor,

271 2265 482 2307 omnes
511 2266 612 2304 nos
640 2250 739 2320 qui
763 2249 819 2304 in
845 2248 1072 2303 Christo
1113 2249 1408 2304 credimus
1455 2250 1525 2303 de
1573 2248 1911 2304 idololatriae

258 2356 457 2396 errore
488 2337 733 2394 venisse.
794 2338 920 2393 Non
981 2338 1136 2393 enim
1195 2339 1515 2407 nascimur,
1578 2340 1681 2394 sed
1744 2356 1911 2395 rena-

256 2418 487 2485 SCimur
536 2426 877 2482 Christiani.
928 2429 997 2482 Et
1046 2427 1182 2499 quia
1231 2428 1527 2498 quondam
1577 2427 1913 2484 colebamus

253 2516 436 2585 idola,
469 2533 633 2572 nunc
665 2516 846 2571 Deum
882 2515 1065 2571 colere
1096 2533 1209 2571 non
1261 2516 1565 2583 debemus,
1615 2534 1685 2572 ne
1735 2517 1913 2572 simili

252 2623 391 2663 eum
418 2607 737 2661 videamur
764 2622 898 2659 eum
929 2604 1101 2660 idolis
1145 2604 1363 2660 honore
1410 2606 1672 2661 venerari
1705 2607 1733 2661 ?
1763 2605 1912 2661 Illud

250 2696 435 2751 ﬁebat
460 2694 665 2759 idolis,
711 2698 767 2748 et
804 2693 1020 2749 idcirco
1070 2695 1482 2749 detestandum
1529 2700 1657 2750 est:
1696 2696 1805 2750 hoc
1853 2696 1915 2750 fit

254 2783 654 2855 martyribus,
711 2781 927 2835 idcirco
997 2780 1396 2851 recipiendum
1475 2786 1581 2836 est.
1641 2781 1782 2838 Nam
1861 2787 1916 2837 et

255 2873 489 2944 absque
520 2874 851 2941 martyrum
884 2868 1149 2941 reliquiis
1180 2886 1282 2941 per
1327 2874 1480 2925 totas
1528 2870 1781 2926 Orientis
1812 2871 1916 2926 Ec-

254 2961 492 3025 clesias,
528 2960 768 3031 quando
798 2959 1108 3030 legendum
1140 2963 1229 3014 est
1277 2958 1678 3031 Evangelium,
1713 2976 1916 3016 accen-

256 3052 483 3107 duntur
516 3048 852 3115 luminaria,
876 3049 1003 3118 jam
1032 3047 1151 3103 sole
1195 3047 1470 3103 rutilante
1506 3066 1519 3102 :
1554 3065 1669 3103 non
1717 3050 1917 3121 utique

257 3140 329 3195 ad
361 3138 663 3211 fugandas
694 3136 985 3204 tenebras,
1020 3136 1119 3192 sed
1156 3137 1225 3191 ad
1259 3136 1496 3209 signum
1544 3137 1758 3193 laetitiis
1815 3138 1914 3193 de-

2026 1895 2371 1962 martyrum,
2406 1894 2463 1946 et
2493 1907 2626 1945 cum
2660 1894 2893 1945 auctore
2922 1890 3103 1962 hujus
3152 1891 3439 1949 haereseos
3470 1898 3663 1950 Euno-

2024 1981 2161 2047 mio,
2202 1980 2472 2035 Ecclesiis
2503 1980 2715 2035 Christi
2748 1979 3101 2035 calumniam
3150 1982 3331 2038 struis
3363 2001 3375 2038 :
3408 1999 3511 2039 nec
3563 1984 3667 2041 tali

2023 2069 2297 2125 societate
2331 2068 2584 2134 terreris,
2620 2073 2682 2123 ut
2704 2069 2904 2123 eadem
2962 2074 3162 2125 contra
3214 2088 3319 2127 nos
3376 2071 3668 2143 loquaris-

2024 2175 2151 2229 quae
2183 2158 2280 2213 ille
2310 2163 2507 2213 contra
2536 2156 2855 2212 Eeclesiam
2906 2157 3166 2228 loquitur
3194 2162 3218 2210 ?
3247 2159 3463 2215 Omnes
3508 2162 3665 2235 enim

2024 2252 2335 2302 sectatores
2363 2247 2490 2317 ejus
2522 2245 2792 2301 basilicas
2815 2246 3212 2317 apostolorum
3244 2253 3301 2303 et
3343 2254 3667 2322 martyrum

2025 2352 2139 2390 non
2170 2335 2676 2406 ingrediuntur,ut
2707 2334 2927 2390 scilicet
2958 2340 3253 2390 mortuum
3288 2338 3532 2393 adorent
3562 2339 3670 2394 Eu-

2024 2424 2307 2491 nomium,
2340 2424 2511 2493 cujus
2558 2423 2738 2477 libros
2781 2423 3020 2494 majoris
3090 2425 3455 2480 auctoritatis
3511 2427 3669 2481 arbi-

2022 2517 2272 2577 trantur,
2307 2529 2479 2584 quam
2514 2512 2821 2584 Evangelia
2851 2530 2871 2573 ,·
2904 2521 2958 2567 et
2988 2513 3045 2567 in
3074 2514 3198 2585 ipso
3249 2515 3495 2570 credunt
3541 2533 3670 2573 esse

2024 2602 2220 2657 lumen
2255 2602 2517 2656 veritatis
2545 2602 2565 2635 ⁶
2598 2618 2611 2656 :
2647 2602 2799 2656 sicut
2829 2602 2955 2656 aliae
2999 2601 3248 2658 haereses
3304 2604 3668 2674 paracletum

2024 2691 2083 2746 in
2115 2695 2451 2746 Montanum
2484 2693 2713 2747 venisse
2753 2692 3131 2758 contendunt,
3184 2697 3239 2747 et
3284 2694 3669 2751 Manichteum

2026 2780 2222 2852 ipsum
2253 2780 2455 2835 dicunt
2483 2797 2610 2835 esse
2660 2780 3042 2852 paracletum.
3096 2782 3309 2836 Scribit
3357 2784 3669 2840 adversum

2026 2870 2294 2925 haeresim
2325 2874 2509 2935 tuam,
2544 2886 2670 2940 quae
2696 2870 2836 2924 olim
2868 2870 3060 2942 erupit
3108 2871 3418 2927 adversum
3468 2874 3659 2929 Eccle-

2026 2959 2176 3014 siam
2210 2965 2303 3028 (ne
2334 2963 2388 3013 et
2420 2958 2478 3012 in
2510 2957 2617 3012 hoc
2641 2958 2808 3029 quasi
2828 2964 3083 3030 repertor
3109 2961 3239 3015 novi
3286 2961 3522 3017 sceleris
3542 2962 3662 3034 glo-

2028 3048 2215 3117 rieris)
2256 3047 2649 3103 Tcrtullianus
2693 3049 2779 3102 vir
2826 3048 3264 3104 eruditissimus
3290 3036 3541 3123 -insigne
3571 3068 3671 3107 vo-

2028 3136 2248 3205 lumen,
2283 3136 2436 3207 quod
2468 3135 2835 3207 Scorpiacum
2868 3141 3032 3192 vocat
3056 3138 3383 3194 rectissimo
3414 3140 3671 3196 nomine:

255 3227 743 3285 monstrandum.
776 3225 938 3281 Unde
984 3230 1041 3281 et
1082 3225 1338 3298 virgines
1396 3225 1507 3280 illae
1567 3227 1911 3299 evangelicae
1944 3215 1987 3282 C
2027 3227 2163 3298 quia
2185 3230 2420 3281 arcuato
2470 3225 2704 3281 vulnere
2756 3226 2812 3280 in
2864 3226 3127 3282 Ecclesiae
3183 3244 3395 3300 corpus
3443 3244 3667 3286 venena

257 3333 495 3389 semper
542 3315 767 3371 habent
828 3332 1102 3372 accensas
1158 3314 1460 3386 lampades
1512 3332 1651 3371 suas
1703 3317 1910 3387 (Matth.

258 3424 395 3474 xxv,
430 3408 457 3461 1
489 3408 684 3477 seqq.).
720 3406 789 3459 Et
819 3406 890 3460 ad
924 3404 1219 3476 apostolos
1247 3405 1495 3460 dicitur:
1530 3429 1556 3454 ‹‹
1579 3406 1705 3461 Sint
1727 3405 1914 3462 lumbi

257 3495 442 3550 vestri
472 3493 795 3565 precincti,
827 3498 884 3548 et
911 3492 1159 3549 lucernae
1207 3494 1476 3549 ardentes
1532 3494 1587 3549 in
1639 3496 1915 3551 manibus

263 3583 487 3639 vestris
518 3584 668 3650 (Luc.
697 3600 801 3648 x11,
852 3582 964 3653 35).
1020 3604 1049 3631 ››
1098 3584 1167 3638 Et
1215 3584 1284 3637 de
1330 3583 1555 3639 Joanne
1607 3584 1911 3655 Baptista:

271 3695 302 3721 «
336 3670 443 3726 Ille
472 3674 597 3726 erat
623 3670 853 3728 lucerna
883 3671 1092 3727 ardens
1122 3676 1179 3727 et
1208 3671 1408 3727 lucens
1442 3674 1618 3743 (Joan.
1650 3690 1705 3741 v,
1739 3673 1830 3745 3'2)
1851 3690 1863 3727 :
1888 3696 1915 3723 ››

275 3764 343 3817 ut
373 3758 490 3815 sub
522 3763 651 3832 typo
677 3759 918 3816 luminis
950 3760 1265 3832 corporalis
1296 3760 1397 3816 illa
1427 3760 1528 3816 lux
1575 3763 1920 3818 ostendatur

266 3850 343 3905 de
374 3848 586 3921 quain
618 3848 894 3905 Psalterio
943 3848 1223 3921 legimus:
1258 3873 1285 3899 ‹‹
1350 3850 1611 3906 Lucerna
1670 3851 1919 3923 pedibus

266 3938 419 3996 meis
446 3942 698 3994 verbum
747 3942 937 4005 tuum,
996 3938 1261 4007 Domine,
1323 3944 1379 3994 et
1435 3939 1634 3996 lumen
1690 3939 1919 3997 semitis

263 4028 416 4085 meis
443 4028 624 4096 (Psal.
657 4043 850 4094 cxvm,
884 4029 1027 4100 105).

330 4118 382 4171 8.
418 4118 699 4172 Romanus
747 4119 1026 4188 episcopus
1070 4133 1232 4185 super
1277 4133 1504 4190 corpora
1552 4121 1920 4189 apostolorum

258 4206 427 4277 offert
452 4207 754 4275 sacriﬁcia.
795 4207 1078 4276 Vigilantii
1103 4207 1272 4262 stulta
1312 4208 1583 4262 sententia
1636 4210 1716 4264 vel
1767 4210 1911 4279 obje-

263 4298 395 4360 ctio,
455 4296 776 4350 Eunomius
828 4298 1016 4351 auctor
1071 4295 1338 4352 haereseos
1380 4300 1573 4351 contra
1626 4299 1913 4369 reliquias.

262 4382 584 4439 Moatamus.
620 4384 953 4439 Tertulliani
999 4384 1318 4455 Scorpiacus
1363 4385 1520 4440 liber.
1577 4385 1751 4442 Caina
1799 4394 1920 4444 law-

261 4474 409 4533 reszls
437 4474 767 4528 instaurata.
809 4502 877 4512 -—-
909 4472 1055 4529 Male
1088 4473 1225 4528 facit
1263 4489 1398 4544 ergo
1445 4478 1743 4531 Romanus
1792 4477 1918 4548 epi-

2024 3314 2316 3381 diffundit,
2342 3332 2468 3385 quae
2500 3314 2638 3370 olim
2672 3315 3071 3386 appellabatur
3092 3316 3269 3372 Caina
3290 3317 3529 3374 haeresis
3564 3336 3576 3373 :
3610 3322 3669 3376 et

2025 3404 2208 3459 multo
2240 3408 2498 3474 tempore
2530 3404 2826 3460 dormiens
2857 3405 2944 3459 vel
2976 3406 3223 3477 sepulta,
3259 3424 3414 3462 nunc
3463 3425 3496 3463 a
3525 3408 3671 3464 Dor-

2026 3494 2295 3549 mitantio
2328 3493 2609 3548 suscitata
2637 3498 2744 3549 est.
2777 3495 2971 3559 Miror,
3004 3496 3159 3565 quod
3194 3512 3306 3549 non
3349 3496 3531 3560 dicas,
3567 3512 3670 3552 ne-

2025 3599 2321 3654 quaquam
2350 3583 2739 3654 perpetranda
2770 3584 3069 3655 martyria,
3123 3584 3308 3639 Deum
3354 3586 3512 3640 enim
3561 3585 3667 3657 qui

2026 3671 2372 3743 sanguinem
2416 3671 2711 3726 hircorum
2770 3676 3194 3743 taurorumque
3254 3690 3368 3727 non
3423 3678 3669 3744 quaret,

2026 3760 2211 3816 multo
2244 3760 2432 3832 magis
2463 3760 2769 3815 hominum
2802 3777 2917 3813 non
2950 3759 3265 3831 requirere.
3315 3763 3479 3825 Quod
3530 3779 3666 3818 cum

2029 3850 2260 3916 dixeris,
2296 3849 2476 3904 immo
2503 3853 2560 3903 et
2590 3848 2638 3903 si
2672 3865 2784 3903 non
2818 3848 3054 3916 dixeris,
3087 3849 3169 3903 ita
3220 3848 3457 3905 haberis
3496 3851 3669 3922 quasi

2029 3938 2263 3994 dixeris.
2289 3939 2395 4003 Qui
2427 3937 2583 3993 enim
2616 3936 2894 4009 reliquias
2925 3942 3245 4010 martyrum
3279 3939 3493 3995 asseris
3545 3956 3675 3997 esse

2029 4028 2358 4094 calcandas,
2398 4026 2673 4098 prohibes
2726 4028 3075 4099 sanguinem
3131 4028 3317 4095 fundi,
3367 4029 3468 4099 qui
3510 4030 3673 4087 nullo

2030 4120 2249 4172 honore
2277 4115 2491 4187 dignus
2523 4119 2630 4169 est.

2096 4207 2149 4261 9.
2186 4206 2403 4276 Vigiliae
2430 4213 2482 4259 ct
2509 4208 2937 4275 pernoctationes
2968 4208 3029 4260 in
3060 4206 3321 4260 basilicis.
3350 4208 3671 4263 Paucorum

2027 4296 2187 4367 culpa
2216 4311 2328 4349 non
2352 4294 2677 4365 przeiudicat
2710 4295 2986 4362 religioni.
3049 4294 3207 4366 Quod
3263 4296 3426 4350 semel
3479 4298 3673 4365 fecisse

2030 4386 2229 4441 bonum
2253 4393 2350 4451 est,
2382 4400 2490 4439 non
2517 4388 2688 4455 potest
2717 4400 2832 4438 csse
2858 4385 3068 4439 malum
3097 4386 3146 4439 si
3184 4387 3498 4455 frequenter
3546 4386 3670 4455 fiat.

2031 4506 2097 4516 —
2129 4475 2209 4530 De
2238 4473 2453 4546 vigiliis
2474 4478 2530 4528 et
2564 4473 3098 4545 pernoctationibus
3132 4475 3188 4528 in
3218 4474 3475 4530 basilicis
3503 4491 3662 4531 mar-

268 4578 514 4634 seopus,
542 4561 644 4632 qui
678 4577 856 4633 super
902 4565 1269 4617 mortuorum
1329 4561 1638 4618 hominum
1698 4564 1920 4621 Petriet
1950 4588 1998 4652 Ι)
2027 4568 2223 4652 tyrum
2251 4580 2402 4635 saepe
2427 4562 2813 4652 celebrandis,
2844 4562 2899 4629 in
2936 4562 3115 4619 altera
3168 4563 3447 4635 Epistola,
3486 4581 3663 4637 quam

261 4649 815 4717 Pauli,secundum
850 4666 956 4705 nos
986 4666 1121 4706 ossa
1152 4651 1481 4706 veneranda
1508 4652 1548 4718 ²,
1592 4654 1917 4709 secundum

330 4812 346 4883 ξ
382 4810 610 4883 βοηθῇ.
648 4825 759 4864 ms.
794 4812 875 4865 Ne
902 4814 1080 4883 tecum
1104 4810 1464 4877 dormiamus,
1498 4812 1722 4883 absque
1769 4817 1918 4871 czeci.

331 4881 694 4953 ’Pmprium
728 4882 1057 4955 reverentiae
1109 4887 1445 4955 sanctorum
1504 4881 1769 4955 reliquiis
1817 4887 1921 4941 de-

260 4954 403 5007 bitae
434 4959 523 5006 est
564 4954 932 5007 venerationis
986 4954 1356 5008 vocabulum.
1408 4958 1463 5007 S.
1515 4954 1771 5010 Hilarius
1818 4956 1918 5011 lib.

260 5030 459 5079 conm:
494 5025 902 5097 constantiam,
956 5040 1121 5080 num.
1150 5030 1226 5097 78,
1280 5025 1566 5097 beatorum
1616 5035 1923 5097 martyrum

260 5096 592 5152 veneranda
624 5110 747 5149 ossa
775 5101 960 5151 vocat.
995 5096 1278 5152 Eusebius
1307 5095 1664 5163 Gallicanus,
1700 5095 1819 5153 sive
1862 5104 1926 5153 ut

260 5168 529 5231 videtur,
560 5167 882 5223 Eucherius
912 5167 1115 5222 homil.
1152 5168 1220 5223 de
1254 5172 1455 5223 sancta
1487 5167 1790 5235 Blandina,
1840 5185 1924 5225 vc-

260 5239 523 5294 ueranda
548 5254 669 5310 ossa
700 5240 757 5292 in
824 5241 1030 5293 cineres
1085 5240 1156 5294 ab
1215 5239 1413 5310 impiis
1468 5240 1699 5294 redacta
1746 5239 1921 5295 dolet.

268 5312 448 5375 Tum,
486 5333 518 5359 τί
552 5309 656 5365 Ubi
689 5314 853 5376 sunt,
886 5310 1079 5381 inquit
1109 5310 1206 5381 qui
1240 5309 1463 5381 dicunt,
1496 5312 1925 5367 venerationem

264 5382 458 5439 sacris
490 5386 991 5455 martyrumgnon
1042 5382 1424 5455 deferendam
1486 5399 1613 5455 esse
1667 5385 1924 5455 corpori-

266 5455 405 5520 bus,
448 5476 475 5501 ››
511 5458 622 5509 etc.
655 5451 759 5507 Pro
789 5454 974 5517 vilem,
1007 5451 1105 5507 alii
1138 5452 1239 5507 lib.
1274 5457 1330 5507 et
1358 5470 1471 5522 ms,
1505 5454 1646 5509 Bon.
1680 5451 1805 5510 vile.

344 5526 371 5560 ³
398 5524 589 5581 Vetus
614 5523 765 5578 Edit.
796 5540 931 5579 cum
964 5524 1185 5580 Bonon.
1218 5540 1326 5579 ms.
1388 5526 1711 5581 linteamine
1767 5528 1925 5582 colli-

266 5602 431 5668 gata.

337 5671 363 5703 δ
412 5668 619 5725 Denuo
663 5665 1009 5722 Benoniens.
1066 5684 1178 5723 ms.
1230 5669 1379 5723 intus
1422 5668 1701 5727 immundo
1744 5672 1929 5729 cinere

614 5794 884 5859 Panos.
929 5793 1153 5860 XXIII.

2031 4657 2162 4707 ante
2193 4651 2301 4706 hoc
2332 4652 2514 4706 ferme
2554 4651 2855 4706 biennium
2901 4656 3104 4707 sancto
3160 4652 3394 4725 Ripario
3437 4654 3676 4725 presby-

2029 4812 2299 4868 sordeant.
2329 4811 2566 4867 omissis
2598 4829 2724 4882 quae
2756 4812 3200 4883 interseruntur,
3235 4816 3400 4881 juxta
3458 4817 3509 4867 te
3564 4814 3676 4869 im-

2030 4883 2241 4957 munda
2291 4885 2475 4957 omnia
2497 4884 2888 4957 olcanl,atque
2935 4901 3061 4957 quae
3112 4885 3404 4957 Victorius
3445 4900 3678 4957 quoque

2033 4957 2089 5010 in
2127 4954 2383 5025 antiquis
2415 4954 2845 5025 exemplaribus
2877 4972 2991 5009 non
3024 4956 3221 5009 haberi
3246 4954 3676 5021 animadvertit,

2033 5033 2090 5082 et
2113 5027 2256 5081 forte
2288 5026 2473 5081 satius
2503 5032 2625 5080 erat
2654 5042 3004 5097 expungere.

2104 5129 2172 5138 —
2204 5098 2338 5152 Cum
2369 5099 2514 5151 intus
2546 5096 3081 5159 immundo,Plures
3112 5099 3543 5154 mss.omittunt
3568 5099 3677 5155 hoc

2034 5170 2158 5225 loco
2186 5168 2467 5224 nonnulla
2497 5169 2689 5233 verba,
2726 5168 2981 5238 legentes
3010 5172 3148 5223 Cum
3199 5173 3349 5224 intus
3396 5171 3678 5227 immundo

2033 5244 2214 5296 cinere
2240 5240 2516 5303 sordeant,
2563 5238 2959 5294 Cluniacensis
3019 5241 3195 5293 codex
3252 5242 3470 5297 variam
3531 5244 3681 5299 hanc

2038 5313 2247 5368 retinet
2273 5312 2578 5385 lectionem
2616 5310 2899 5385 :Et_z'n.tus
2942 5312 3215 5385 immundi
3268 5315 3476 5370 cineres
3514 5318 3683 5385 juxta

2034 5388 2085 5439 te
2116 5383 2396 5438 immunde
2416 5384 2602 5435 omnia
2630 5383 2877 5452 polluant
2905 5385 2954 5436 et
2985 5383 3254 5438 sordeant.
3290 5383 3582 5442 MAariA'N.

2105 5454 2296 5509 isAlibi
2328 5458 2383 5508 et
2410 5453 2465 5506 in
2495 5470 2638 5513 mss.
2671 5452 2732 5507 Si
2762 5454 2965 5524 aliquis
2987 5460 3255 5525 peccator.

2104 5529 2125 5560 θ
2156 5526 2279 5599 Duo
2308 5541 2455 5599 mss.
2477 5539 2589 5599 esse
2615 5524 2831 5579 culmen
2862 5524 3110 5581 veritatis
3146 5544 3157 5581 :
3186 5527 3359 5599 paulo
3390 5533 3521 5599 post
3570 5528 3679 5583 Bo-

2038 5597 2301 5673 noniens.
2367 5596 2651 5673 Volumina
2690 5598 2919 5673 insigni
2982 5614 3101 5655 eam
3176 5596 3520 5672 Scorpiacum
3590 5616 3681 5657 U01

2032 5685 2183 5742 cans,
2217 5672 2349 5739 etc.,
2381 5666 2542 5727 haud
2584 5671 2757 5727 recte.

3290 5798 3367 5867 12
