4100 6156
326 333 448 399 363

1569 321 1631 383 S.
1680 316 1990 382 EUSEBII
2030 312 2500 380 HIERONYMI.

3608 306 3726 371 364

333 467 474 522 dero
505 462 877 535 scripseram,
910 457 1184 531 respondi
1236 456 1504 511 breviter.
1549 454 1713 519 Quod
1755 454 1803 508 si
1844 452 1972 505 ideo
2003 453 2057 517 Α
2087 451 2418 505 daemonum
2449 463 2577 504 esse
2607 447 2907 518 contingas
2936 446 2977 512 ³,
3004 444 3151 501 891
3188 444 3246 499 et
3275 456 3392 498 non
3440 456 3572 497 vere
3611 440 3727 497 cla-

334 572 435 611 eas
468 552 727 609 aestimas
756 548 1137 622 respuendas,
1157 562 1229 602 ne
1253 562 1403 617 saepe
1422 544 1732 599 videamur
1760 539 1983 596 Pascha

333 643 648 710 celebrare,
682 645 739 696 et
767 655 884 695 non
935 636 1228 693 solemnes
1271 639 1405 706 post
1434 649 1661 689 annum
1720 644 1983 685 exercere

331 731 564 806 vigilias
594 747 607 785 :
641 745 777 802 ergo
809 731 867 784 et
896 727 989 782 die
1018 723 1312 781 dominico
1344 739 1460 778 non
1482 725 1621 777 sunt
1650 720 1877 774 Christo
1899 718 1982 774 of-

334 821 573 878 ferenda
600 816 910 884 sacriﬁcia,
942 831 1013 870 ne
1045 809 1489 870 resurrectionis
1521 808 1754 865 Domini
1782 807 1983 862 crebro

335 908 564 966 Pascha
613 905 977 963 celebremus
1023 920 1035 959 :
1104 906 1160 957 et
1210 899 1566 971 incipiamus
1624 914 1739 953 non
1799 911 1985 950 unum

336 999 560 1058 Pascha
587 997 824 1062 habere,
856 994 958 1049 sed
990 990 1267 1064 plurima.
1300 994 1471 1043 Error
1502 987 1659 1042 396
1701 989 1898 1040 autem
1929 982 1990 1039 et

338 1090 510 1162 culpa
531 1089 816 1159 juvenum
848 1081 1388 1148 vilissimarumque
1419 1074 1863 1145 mulierum,qui
1885 1088 1988 1145 per

338 1184 568 1236 noctem
602 1188 754 1246 saepe
784 1167 1261 1242 deprehenditur,
1295 1183 1409 1221 non
1446 1173 1531 1220 est
1562 1162 1853 1235 religiosis
1882 1162 1985 1217 ho-

292 1298 299 1305 ~
345 1266 609 1324 minibus
636 1259 1023 1334 imputandus
1053 1273 1065 1311 :
1101 1255 1241 1327 quia
1270 1260 1330 1309 et
1363 1254 1423 1309 in
1481 1252 1697 1325 vigiliis
1756 1250 1986 1306 Pascha:

338 1344 455 1414 tale
484 1353 626 1428 quid
659 1350 785 1407 fieri
814 1349 1162 1423 plerumque
1219 1342 1618 1408 convincitur,
1681 1345 1737 1396 et
1794 1345 1987 1396 tamen

340 1458 663 1520 paucorum
693 1439 868 1511 culpa
895 1454 1011 1493 non
1043 1433 1383 1506 prmjudicat
1432 1430 1698 1503 religioni
1734 1449 1746 1498 ;
1781 1430 1881 1501 qui
1934 1434 1992 1485 et

340 1518 564 1609 absque
591 1529 807 1603 vigiliis
837 1528 1086 1599 possunt
1117 1537 1310 1578 errare
1342 1519 1425 1575 vel
1459 1520 1518 1574 in
1580 1520 1704 1573 suis
1739 1520 1777 1585 ί,
1809 1518 1897 1574 vel
1929 1520 1988 1573 in

341 1607 549 1682 alienis
580 1618 876 1676 domibus.
902 1610 1313 1685 Apostolorum
1342 1609 1515 1663 finem
1547 1608 1709 1662 Judm
1742 1607 1990 1678 proditio

341 1730 458 1771 non
492 1707 803 1767 destruxit.
830 1705 900 1758 Et
930 1706 1158 1758 nostras
1190 1714 1325 1771 ergo
1355 1696 1590 1769 vigilias
1636 1695 1802 1751 mala:
1847 1695 1991 1751 alio-

2092 555 2252 595 mare
2283 540 2597 607 daemones,
2633 537 2731 592 sed
2775 552 2881 591 sua
2939 532 3218 589 simulare
3274 533 3587 587 tormenta.
3647 531 3730 587 Do

2092 626 2757 699 consilium,ingredere
2807 623 3079 680 basilicas
3127 626 3471 693 martyrum,
3522 623 3579 676 et
3622 619 3731 675 ali-

2093 708 2328 791 quando
2386 714 2728 790 purgaheris
2763 730 2774 768 :
2810 712 3074 768 invenies
3130 710 3209 765 ibi
3267 709 3487 766 multos
3542 709 3733 765 socios

2093 811 2250 873 tuos,
2282 810 2339 860 et
2370 820 2740 876 nequaquam
2772 801 2952 858 cereis
2983 805 3327 873 martyrum,
3362 798 3584 870 quitibi
3613 799 3736 855 dis-

2096 896 2330 968 plicent,
2365 895 2465 950 sed
2498 892 2752 947 flammis
2800 889 3194 946 invisibilibus
3229 888 3614 957 combureris,
3676 892 3735 944 et

2095 989 2235 1038 tunc
2266 981 2560 1042 fateberis.
2594 981 2747 1051 quod
2778 995 2933 1034 nunc
2959 994 3160 1050 negas,
3190 981 3247 1032 et
3277 981 3446 1032 tuum
3494 993 3729 1047 nomen,

2097 1073 2195 1145 qui
2230 1073 2288 1127 in
2315 1069 2628 1142 Vigilantio
2656 1068 2936 1140 loqueris,
2980 1066 3160 1121 libere
3207 1064 3624 1137 proclamabis,
3674 1072 3733 1124 te

2096 1178 2225 1216 esse
2256 1165 2355 1215 aut
2386 1158 2734 1214 Mercurium
2769 1160 3003 1228 propter
3030 1171 3413 1211 nummorum
3445 1156 3738 1227 cupidita-

2097 1258 2237 1317 tem,
2300 1254 2401 1305 aut
2458 1249 2819 1302 Nocturnum
2878 1247 2984 1316 [A1,
3039 1244 3512 1315 Nocturninum],
3565 1246 3739 1316 juxta

2100 1337 2288 1393 Plauti
2317 1335 2817 1408 Amphilryonem,
2852 1350 2967 1405 quo
2991 1334 3336 1399 dormiente,
3360 1333 3418 1386 in
3450 1332 3740 1391 Alcmenae

2098 1426 2406 1492 adulterio,
2439 1427 2587 1480 duas
2616 1428 2816 1480 noctes
2843 1422 3072 1495 Jupiter
3101 1421 3396 1494 copulavit
3424 1424 3464 1489 ‘,
3498 1427 3565 1479 ut
3616 1441 3741 1480 ma-

2100 1534 2224 1588 gnae
2256 1514 2636 1571 fortutudinis
2666 1512 2940 1569 Hercules
2966 1516 3304 1567 nasceretur
3328 1529 3340 1578 ;
3365 1516 3466 1567 aut
3485 1516 3639 1569 certe
3660 1514 3744 1568 Li-

2102 1607 2306 1660 herum
2339 1609 2564 1676 patrem
2596 1620 2700 1674 pro
2733 1602 3010 1657 ebrietate
3041 1606 3098 1656 et
3127 1601 3406 1656 cantharo
3438 1617 3505 1657 ex
3536 1601 3743 1658 hume-

2100 1694 2181 1749 ris
2213 1694 2594 1765 dependente,
2627 1696 2685 1746 et
2713 1707 2945 1763 semper
2981 1691 3225 1745 rubente
3275 1690 3442 1758 facie,
3491 1694 3547 1746 et
3597 1708 3744 1764 spu-

342 1819 479 1860 rum
508 1798 716 1872 vigiliae
747 1810 862 1850 non
894 1792 1193 1847 destruent
1224 1805 1237 1842 :
1272 1786 1415 1859 quin
1451 1785 1648 1858 potius
1697 1785 1990 1857 pudicitiae
2022 1822 2069 1885 Β
2102 1782 2399 1838 manlibus
2429 1780 2620 1848 labiis,
2654 1780 3065 1850 eii'renatisque
3097 1779 3397 1847 conviciis,

344 1891 591 1965 vigilare
621 1879 1029 1958 cogantur,qui
1058 1876 1288 1933 libidini
1320 1873 1811 1938 dormiunt.Quod
1832 1874 1987 1929 enim

345 1963 527 2039 semel
556 1976 768 2033 fecisse
797 1973 1017 2027 bonum
1040 1971 1147 2035 est,
1182 1982 1297 2021 non
1330 1968 1523 2036 potest
1564 1963 1787 2018 malum
1838 1979 1988 2034 esse,

345 2071 396 2128 si
439 2062 801 2139 frequentius
859 2059 960 2113 fiat
994 2075 1006 2113 :
1042 2059 1143 2110 aut
1199 2055 1246 2110 si
1304 2052 1501 2123 aliqua
1555 2050 1727 2123 culpa
1755 2051 1993 2107 vitanda

346 2163 457 2229 est,
490 2138 607 2213 non
637 2170 706 2209 ex
735 2166 800 2206 eo
831 2146 986 2220 quod
1019 2159 1173 2215 saepe
1202 2142 1303 2197 sed
1337 2158 1405 2197 ex
1439 2157 1504 2196 eo
1556 2141 1713 2213 quod
1769 2140 1832 2194 ﬁt
1887 2138 1990 2194 ali-

346 2246 583 2321 quando
613 2238 904 2313 culpabile
932 2239 1037 2291 est.
1067 2232 1193 2321 Non
1225 2229 1534 2303 vigilemus
1566 2228 1764 2301 itaque
1785 2228 1993 2284 diebus

345 2317 602 2402 Paschae,
640 2346 713 2387 ne
743 2327 1072 2398 exspectata
1110 2320 1210 2376 diu
1259 2319 1658 2375 adulterorum
1704 2317 1996 2373 desideria

346 2423 748 2497 compleantur
779 2435 791 2473 :
825 2431 898 2471 ne
928 2412 1293 2470 occasionem
1325 2408 1601 2480 peccandi
1646 2423 1790 2462 uxor
1838 2406 1993 2461 inve-

348 2495 500 2581 niat,
524 2528 598 2568 ne
623 2503 879 2566 maritali
912 2519 1028 2559 non
1058 2499 1239 2573 possit
1271 2497 1490 2553 recludi
1547 2495 1729 2552 clave.
1780 2496 1996 2551 Arden-

353 2604 470 2659 tius
501 2597 798 2672 appetitur
826 2589 1113 2665 quidquid
1142 2591 1228 2644 est
1262 2586 1473 2641 rarius.

422 2692 509 2745 10.
544 2684 827 2758 Vigilantii
848 2680 1176 2751 argumenta
1205 2678 1394 2731 contra
1423 2675 1724 2727 miracula.
1776 2704 1842 2713 —
1870 2673 1995 2728 Non

353 2793 599 2854 possum
635 2773 907 2830 universa
936 2780 1292 2841 percurrere,
1319 2780 1446 2834 quae
1471 2766 1807 2817 sanctorum
1834 2777 1997 2832 pres-

353 2848 692 2942 byterorum
723 2861 926 2917 littera:
949 2852 1486 2927 comprehendunt;
1513 2852 1583 2905 de
1607 2848 1819 2905 libellis
1837 2849 1997 2905 illius

354 2939 551 3030 aliqua
581 2953 891 3028 proferam.
923 2946 1384 3018 Argumentatur
1414 2945 1615 2996 contra
1636 2939 1804 3011 signa
1825 2943 1999 3011 atque

354 3027 621 3112 virtutes,
654 3057 780 3115 quae
803 3040 862 3094 in
892 3034 1148 3093 basilicis
1189 3034 1514 3103 martyrum
1546 3028 1715 3094 fiunt,
1747 3032 1803 3083 et
1858 3027 1999 3083 dicit

354 3152 455 3191 eas
476 3129 792 3190 incredulis
851 3125 1147 3198 prodesse,
1202 3136 1318 3175 non
1372 3117 1766 3183 credentibus,
1828 3115 1997 3188 quasi

361 3240 518 3280 nunc
546 3221 656 3276 hoc
686 3218 999 3290 qumratur,
1033 3211 1249 3284 quibus
1280 3210 1445 3276 fiant,
1476 3212 1532 3264 et
1564 3223 1699 3272 non,
1734 3223 1851 3278 qua
1887 3206 1999 3262 vir-

358 3317 489 3369 tute
518 3310 681 3365 ﬂant.
714 3300 1178 3374 Esto,signasint
1207 3295 1532 3353 infidelium
1555 3296 1703 3367 ’,qui
1726 3295 2004 3367 quoniam

362 3398 621 3459 sermoni
662 3401 721 3453 et
770 3392 1046 3450 doctrinm
1106 3388 1342 3444 credere
1408 3384 1741 3449 noluerunt,
1820 3384 2005 3457 signis

362 3491 736 3547 adducantur
765 3484 835 3541 ad
867 3482 1041 3537 fidem
1073 3483 1130 3535 et
1159 3476 1442 3533 Dominus
1476 3473 1793 3529 incredulis
1837 3474 2006 3545 signa

362 3578 632 3647 faciebat,
666 3578 723 3632 et
751 3577 946 3628 tamen
979 3585 1092 3625 non
1125 3565 1342 3621 idcirco
1374 3562 1605 3618 Domini
1633 3561 2005 3635 suggillanda

360 3671 503 3727 sunt
530 3665 719 3739 signa,
748 3660 887 3735 quia
917 3658 999 3714 illi
1026 3654 1293 3711 infideles
1315 3656 1498 3719 erant,
1535 3652 1635 3706 sed
1670 3649 1877 3721 majori
1907 3650 2004 3705 ad-

361 3754 858 3816 mirationierunt
886 3749 990 3818 [Αι.
1034 3746 1242 3814 erant),
1295 3740 1435 3813 quia
1484 3744 1655 3795 tanta:
1697 3739 1856 3795 fuere
1902 3756 2003 3810 po-

359 3845 577 3916 tentiaa,
609 3848 675 3898 ut
702 3840 880 3897 etiam
920 3840 1147 3893 mentes
1188 3831 1535 3887 durissimas
1567 3829 1926 3895 edomarent,
1950 3832 2006 3884 et

359 3936 432 3990 ad
465 3933 640 3988 ﬁdem
671 3929 960 4002 cogerent.
997 3924 1197 3995 Itaque
1229 3918 1362 3976 nolo
1407 3918 1552 3973 mihi
1603 3918 1785 3984 dicas,
1837 3917 2005 3988 signa

364 4019 697 4077 inﬁdelium
728 4031 860 4072 sunt
894 4032 907 4070 :
939 4014 1039 4069 sed
1072 4009 1359 4083 responde
1404 4007 1696 4079 quomodo
1746 4005 1805 4059 in
1848 4005 2004 4060 vilis-

363 4111 514 4168 simo
539 4107 775 4183 pulvere
805 4109 862 4160 et
888 4101 1139 4169 favillas,
1174 4099 1368 4155 nescio
1419 4112 1556 4168 qua,
1608 4099 1770 4150 tanta
1807 4093 2002 4167 signo-

362 4215 494 4255 rum
525 4197 926 4265 virtutumque
956 4188 1285 4264 przesentia.
1316 4185 1532 4253 Sentio,
1573 4183 1780 4251 sentio,
1812 4182 2003 4238 infeli-

360 4287 600 4346 cissimo
624 4282 984 4341 mortalium.
1018 4279 1158 4352 quid
1191 4277 1409 4345 doleas,
1444 4273 1583 4346 quid
1615 4273 1843 4327 timeas.
1877 4272 2005 4344 Spi-

360 4378 512 4433 ritus
540 4375 654 4431 iste
709 4369 1053 4427 immundus
1108 4365 1210 4438 qui
1267 4364 1388 4419 haec
1418 4366 1474 4417 te
1530 4360 1684 4431 cogit
1732 4358 2004 4425 scribere,

361 4481 515 4537 saepe
546 4463 655 4519 hoc
683 4459 971 4516 vilissimo
1002 4460 1190 4512 tortus
1220 4457 1309 4509 est
1340 4448 1782 4523 pulvere,immo
1814 4444 2008 4502 hodie-

2171 1920 2255 1972 11.
2290 1918 2362 1972 De
2398 1917 2700 1989 Vigilantio
2726 1913 3214 1969 historia.—Undc
3244 1919 3302 1969 et
3353 1915 3410 1970 in
3459 1914 3568 1970 hac
3614 1932 3745 1987 pro-

2098 2006 2291 2061 vincia
2320 2021 2451 2060 cum
2484 2004 2716 2059 subitus
2754 2007 2920 2058 terrae
2981 2007 3176 2058 motus
3232 2004 3252 2036 ⁵
3310 2003 3496 2060 noctis
3555 2004 3746 2059 medio

2101 2112 2304 2151 omnes
2335 2095 2406 2150 de
2436 2110 2643 2149 somno
2676 2093 2984 2148 excitasset
3016 2117 3029 2159 ;
3065 2096 3127 2147 tu
3161 2092 3662 2164 prudentissimus
3693 2097 3749 2149 et

2101 2182 2574 2257 sapientissimus
2607 2179 2947 2237 mortalium
2980 2181 3178 2236 nudus
3211 2182 3446 2251 orabas,
3495 2186 3555 2237 et
3603 2182 3749 2238 refe-

2103 2274 2270 2329 rebas
2303 2271 2472 2327 nobis
2515 2270 2699 2325 Adam
2749 2274 2805 2324 et
2854 2273 3028 2324 Evam
3077 2270 3148 2324 de
3194 2270 3469 2341 paradiso
3503 2286 3517 2326 :
3553 2274 3609 2327 et
3664 2268 3753 2324 illi

2103 2361 2339 2434 quidem
2371 2360 2588 2432 apertis
2622 2359 2806 2415 oculis
2837 2359 3220 2423 erubuerunt,
3257 2360 3448 2415 nudos
3506 2376 3569 2415 se
3624 2375 3755 2415 esse

2104 2454 2425 2516 cernentes,
2457 2454 2514 2504 et
2535 2449 2783 2505 verenda
2813 2451 3081 2503 texerunt
3122 2447 3401 2504 arborum
3449 2447 3606 2504 foliis
3642 2466 3655 2503 :
3689 2452 3753 2504 tu

2103 2545 2160 2596 et
2190 2539 2389 2595 tunica
2418 2543 2476 2593 et
2504 2538 2617 2594 fide
2652 2538 2866 2603 nudus,
2901 2536 3216 2608 subitoque
3273 2537 3483 2593 timore
3529 2541 3752 2609 perter-

2105 2628 2273 2695 ritus,
2301 2631 2358 2682 et
2388 2626 2611 2697 aliquid
2643 2626 2865 2681 habens
2922 2629 3221 2681 nocturna:
3279 2625 3552 2698 crapulae,
3612 2643 3749 2682 san-

2104 2722 2328 2772 ctorum
2351 2715 2536 2771 oculis
2558 2714 2872 2770 obscenam
2900 2717 3124 2785 partem
3138 2715 3398 2785 corporis
3420 2714 3752 2787 ingerebas,

2105 2814 2165 2885 ut
2196 2810 2360 2860 tuam
2393 2803 2683 2858 indicares
2710 2801 3104 2875 prudentiam.
3153 2801 3323 2858 Tales
3345 2803 3521 2859 habet
3551 2804 3754 2859 adver-

2106 2893 2291 2951 sarios
2319 2892 2617 2948 Ecclesia:
2652 2891 2711 2946 hi
2760 2892 2938 2946 duces
2988 2895 3195 2947 contra
3236 2897 3563 2965 martyrum
3612 2909 3749 2948 san-

2106 2984 2344 3055 guinem
2401 2980 3172 3051 dimicant;hujuscemodi
3236 2985 3495 3038 oratores
3552 2985 3755 3037 contra

2108 3071 2402 3144 apostolos
2434 3073 2762 3143 pertonant,
2794 3069 2912 3124 imo
2943 3074 3060 3124 tam
3104 3070 3292 3125 rabidi
3328 3086 3504 3126 canes
3552 3076 3756 3127 contra

2033 3190 2076 3257 ρ
2113 3159 2327 3217 Christi
2356 3159 2573 3215 latrant
2602 3158 2944 3229 discipulos.

2186 3295 2271 3350 12.
2307 3294 2543 3349 Timebat
2601 3293 2878 3348 interdum
2935 3294 3308 3365 Hieronymus
3354 3294 3608 3351 basilicas
3660 3297 3758 3349 in-

2113 3390 2263 3441 trare
2283 3387 2617 3454 martyrum.
2658 3413 2729 3424 —
2768 3382 3056 3438 Confiteor
3106 3383 3373 3439 timorem
3434 3400 3652 3453 meum,
3687 3400 3762 3439 ne

2116 3474 2358 3530 forsitan
2390 3472 2462 3528 de
2491 3471 2907 3543 superstitione
2937 3471 3269 3527 descendat.
3305 3474 3548 3538 Quando
3572 3473 3760 3528 iratus

2116 3564 2298 3631 fuero,
2332 3566 2388 3618 et
2417 3560 2639 3632 aliquid
2670 3560 2809 3616 mali
2849 3560 2910 3614 in
2959 3576 3087 3615 meo
3136 3559 3331 3616 animo
3381 3560 3708 3633 cogitavero
3743 3578 3757 3616 :

2113 3658 2170 3707 et
2202 3668 2293 3707 me
2323 3654 2675 3706 nocturnum
2708 3648 3060 3720 phantasma
3116 3648 3420 3717 deluserit,
3480 3648 3760 3705 basilicas

2114 3746 2436 3813 martyrum
2471 3740 2689 3794 intrare
2716 3754 2831 3793 non
2864 3738 3048 3794 audeo
3085 3756 3098 3805 ;
3130 3737 3214 3793 ita
3242 3742 3403 3794 totus
3432 3742 3490 3795 et
3518 3754 3763 3811 corpore

2112 3838 2169 3887 et
2198 3830 2391 3886 animo
2421 3826 2824 3883 contremisco.
2860 3826 3072 3882 Rideas
3103 3827 3373 3892 forsitan,
3417 3830 3473 3882 et
3521 3826 3763 3882 mulier-

2113 3920 2378 3976 cularum
2432 3916 2817 3973 deliramenta
2872 3916 3220 3971 subsannes.
3298 3916 3424 3971 Non
3481 3916 3765 3972 erubesco

2113 4024 2313 4065 earum
2341 4007 2540 4071 ﬁdem,
2572 4022 2699 4076 qua:
2735 4004 2934 4076 prima:
2981 4003 3255 4060 viderunt
3308 4004 3625 4060 Dominum
3669 4020 3765 4060 re-

2115 4100 2475 4170 surgentem,
2508 4111 2633 4165 quze
2665 4094 2982 4148 mittuntur
3012 4093 3083 4148 ad
3144 4092 3463 4165 apostolos,
3525 4109 3652 4165 quae
3702 4092 3765 4147 in

2117 4190 2302 4241 matre
2334 4182 2560 4240 Domini
2619 4181 2936 4238 Salvatoris
2991 4182 3214 4237 sanctis
3272 4181 3553 4255 apostolis
3610 4197 3770 4239 com-

2117 4274 2487 4330 mendantur.
2520 4271 2606 4326 Tu
2659 4274 2885 4326 ructato
2945 4287 3079 4326 cum
3143 4271 3342 4327 saeculi
3397 4271 3763 4340 hominibus,

2115 4381 2220 4437 ego
2243 4360 2530 4434 jejunabo
2561 4376 2695 4415 cum
2730 4358 2987 4427 feminis,
3018 4359 3138 4416 imo
3171 4376 3305 4415 cum
3338 4359 3634 4432 religiosis
3678 4358 3765 4415 vi-

2119 4455 2218 4520 ris,
2252 4451 2350 4522 qui
2382 4448 2727 4522 pudicitiam
2759 4448 2912 4504 398
2947 4448 3110 4503 vultu
3157 4448 3495 4521 praeferunt,
3540 4452 3599 4504 et
3640 4447 3770 4521 pal-

361 4533 476 4627 que
507 4554 831 4623 torquetur,
869 4551 925 4603 et
956 4545 1056 4619 qui
1087 4545 1146 4599 in
1176 4548 1234 4598 te
1281 4539 1484 4613 plagas
1535 4533 1894 4627 dissimulat,
1946 4534 2005 4589 in
2038 4561 2083 4625 Ι)
2115 4542 2234 4597 lida
2250 4541 2379 4612 jugi
2412 4537 2772 4594 continentia
2801 4541 2927 4593 orat
2956 4542 3275 4609 portantes,
3309 4537 3526 4594 Christi
3556 4542 3767 4594 osten-

361 4623 583 4700 czeteris
614 4639 942 4696 conﬁtetur.
976 4634 1099 4691 Nisi
1132 4633 1278 4687 forte
1318 4630 1375 4683 in
1425 4641 1648 4682 morem
1696 4623 2004 4697 gentilium

358 4732 816 4806 impiorumque,
851 4721 1151 4797 Porphyrii
1173 4724 1231 4776 et
1257 4715 1662 4781 Eunomii,has
1684 4714 2007 4786 praestigias

432 4875 640 4932 'Idem
686 4868 1035 4934 Bononiens,
1095 4864 1263 4930 liber,
1320 4866 1761 4934 possunt_orare
1814 4858 1897 4912 vel
1930 4858 2003 4934 _in

358 4928 639 5014 suisre'tc.
675 4942 851 4999 Paulo
882 4928 1052 5005 intra,
1084 4938 1227 5014 Atsi
1251 4928 1442 5005 aliqua
1487 4930 1669 5014 culpa,
1722 4934 1858 4997 etc.,
1913 4928 2007 4983 de-

358 5007 495 5075 inde
513 5033 584 5072 ne
612 5016 891 5072 occasione
914 5007 1179 5083 peccandi
1206 5022 1347 5083 uqcor
1374 5007 1583 5083 geniali

432 5091 453 5123 ³
485 5089 646 5144 idem
675 5086 887 5141 iterum
914 5075 1053 5138 cum
1082 5077 1512 5144 vet.edit.,Ergo
1532 5075 1694 5144 signa
1716 5078 1860 5138 sunt,
1892 5075 2002 5126 etc.

430 5163 452 5195 ³
484 5143 548 5215 In
577 5157 781 5214 eodem
812 5152 1159 5211 Bononiensi
1188 5143 1496 5222 praestigias
1541 5143 1850 5201 daemonum
1881 5158 2008 5197 con-

354 5240 444 5291 tra
476 5235 528 5288 te
556 5245 654 5286 con
666 5229 850 5296 ﬁgens,
872 5231 978 5281 etc.

430 5284 752 5379 tlinqtré's
779 5284 1000 5379 passim
1033 5293 1380 5379 enumerant
1410 5291 1632 5379 vmeteres
1665 5284 2002 5379 myt‘holpgi2

357 5357 557 5433 Sed—et
586 5357 872 5429 Eusebius
901 5369 1149 5438 Praepar.
1182 5363 1284 5418 lib.
1314 5379 1355 5438 ii
1381 5377 1393 5416 :
1434 5362 1553 5415 Tres
1578 5357 2009 5438 noctes_lrailant

358 5425 934 5516 Ῑδιῖϐἦῑνὲὲηίίηζιγςδϐ,
1000 5425 1190 5516 inde“
1211 5432 1556 5516 Tptéoﬂepoq,
1639 5438 1689 5485 ιί
1746 5425 2005 5516 Τρνξσςέλη-

357 5500 746 5582 ὖῦἷῇογὲιιιεδ
775 5500 954 5568 dictus
997 5513 1095 5582 est.
1152 5500 1310 5582 Duas
1357 5500 1556 5582 tamen
1615 5518 1749 5582 cum
1789 5500 2006 5557 'Hiero-

356 5572 537 5677 pyrae
569 5587 810 5677 Ovidius
831 5586 1006 5677 notat
1031 5580 1132 5677 lib,
1157 5572 1646 5677 .I‘Amorlx-Ell'eg;
1668 5573 1736 5630 43
1767 5590 1779 5629 τ

642 5665 917 5723 Commisit
944 5665 1128 5717 noctes
1154 5661 1211 5712 in
1241 5671 1336 5713 sua
1360 5658 1486 5708 vota
1513 5653 1665 5705 duas.

2117 4632 2265 4687 dunt
2291 4627 2724 4685 verecundiam.

2186 4720 2273 4776 43.
2326 4718 2651 4789 Vz'gilantius
2694 4716 2827 4787 quid
2874 4717 3244 4788 prohibebat?
3273 4716 3517 4773 Collectae
3563 4718 3623 4772 in
3668 4716 3763 4773 die

2116 4863 2357 4918 Plautus
2388 4874 2562 4931 quem
2595 4861 2794 4913 noster
2818 4856 3036 4912 laudat.

2206 4968 2376 5018 Credo
2409 4979 2505 5029 ego
2540 4966 2639 5014 hac
2668 4967 2824 5013 nocte
2853 4964 3185 5015 Nocturnum
3215 4964 3563 5015 obdormisse.

2186 5069 2206 5102 ⁵
2236 5066 2369 5121 Cum
2396 5064 2804 5135 subitusgtierrw
2827 5069 3027 5135 motus.
3060 5063 3310 5135 Prosper
3338 5063 3398 5117 in
3429 5061 3763 5128 Chronicis,

2120 5163 2147 5189 ‹‹
2177 5136 2422 5194 Arcadio
2456 5153 2509 5189 1v
2540 5139 2596 5189 et
2626 5133 2877 5206 Honorio
2910 5151 2976 5187 IlI
3008 5151 3157 5190 coss.
3184 5205 3187 5206 ν
3210 5133 3385 5190 terra}
3430 5138 3628 5190 motus
3658 5150 3766 5206 per

2116 5212 2239 5287 dies
2272 5207 2558 5287 plurimos
2590 5205 2701 5287 fuit
2720 5204 3060 5287 pmlumqne
3097 5205 3526 5287 arderent-imum
3583 5204 3693 5287 est.
3715 5227 3763 5287 _»

2116 5276 2402 5338 Manium.
2436 5309 2504 5318 —
2537 5279 2598 5332 In
2629 5276 2687 5331 S.
2720 5276 2986 5347 Prosperi
3018 5294 3084 5333 ac
3106 5277 3425 5333 Marcellini
3455 5276 3765 5332 Chronicis

2118 5355 2367 5410 refertur
2415 5351 2486 5404 ad
2542 5365 2764 5403 annum
2821 5349 2928 5402 306
2961 5366 2972 5402 :
3007 5371 3034 5397 «
3065 5348 3310 5404 Arcadio
3332 5352 3446 5405 vet
3503 5348 3760 5404 Honorio

2117 5443 2179 5501 Ψ
2212 5441 2365 5501 coss.
2395 5425 2925 5501 terrm‘motusper
2951 5419 3377 5501 diesplurimos
3410 5419 3539 5501 fuit,
3586 5442 3608 5469 ι
3646 5423 3765 5501 etc.

2117 5495 2294 5552 Paulo
2326 5494 2477 5549 infra
2533 5489 2701 5547 vétus
2753 5489 2933 5547 editio
2999 5491 3065 5546 de
3090 5489 3371 5566 paradiso
3429 5493 3623 5565 ejecta:
3679 5494 3764 5549 sic

2115 5582 2315 5625 orasse.
