4100 6156
342 323 457 384 365

1590 323 1903 387 CONTRA
1945 321 2490 387 VIGILANTIUM.

3628 331 3751 396 366

340 456 631 513 dominico.
666 456 1003 513 Consuetudo
1028 459 1496 530 eleemosynarum
1540 462 1685 530 apud
1728 461 1986 516 Hebraeos
2016 462 2069 527 Α
2104 458 2232 512 Mali
2274 474 2563 529 pauperes.
2600 490 2663 500 -ο
2726 459 3144 529 Respondebis,
3196 461 3303 516 hoc
3352 480 3746 538 unumquem-

338 555 387 601 ει
419 545 854 601 Christianos.—-
877 546 1101 603 Videris
1132 546 1276 601 mihi
1308 547 1503 603 dolere
1535 554 1591 603 et
1621 548 1803 617 aliud,
1837 565 1907 603 ne
1941 548 1989 602 si

336 634 639 690 inoleverit
656 636 811 707 apud
834 635 1027 692 Gallos
1048 636 1408 693 continentia
1430 642 1483 692 ct
1507 637 1792 692 sobrietas
1812 642 1987 708 atque

327 724 908 795 jejunium,tabernrc
938 730 1048 779 tua:
1074 723 1237 781 lucra
1258 743 1371 780 non
1395 725 1737 791 habeant,et
1759 725 1984 797 vigilias

335 811 561 869 diaboli
576 830 636 869 ac
650 813 973 869 temulenta
984 815 1247 869 convivia
1265 820 1386 870 tota
1406 820 1571 871 nocte
1590 831 1851 871 exercere
1870 831 1985 869 non

339 903 838 975 possisPrzeterea
860 903 1068 959 iisdem
1101 904 1171 959 ad
1200 922 1289 959 me
1312 904 1557 959 relatum
1578 908 1665 960 est
1691 903 1982 975 Epistolis,

340 993 499 1064 quod
530 996 727 1046 contra
758 993 1166 1048 auctoritatem
1200 993 1447 1065 apostoli
1481 993 1667 1063 Pauli,
1713 993 1831 1048 imo
1882 997 1983 1047 Pe-

336 1081 429 1147 tri,
456 1080 703 1136 Joannis
733 1086 789 1136 et
817 1081 1038 1147 Jacobi,
1072 1083 1170 1153 qui
1203 1084 1435 1138 dextras
1466 1083 1754 1137 dederunt
1810 1080 1984 1136 Paulo

327 1173 383 1225 et
410 1169 1278 1237 Barnabaeeommunicationis,
1321 1174 1377 1225 et
1436 1175 1825 1243 praeceperunt
1875 1171 1983 1236 eis,

328 1263 389 1313 ut
417 1274 755 1331 pauperum
786 1275 1075 1314 memores
1105 1264 1322 1325 essent,
1368 1264 1429 1314 tu
1482 1258 1793 1331 prohibeas
1853 1260 1983 1313 Hie-

327 1346 688 1420 rosolymam
711 1346 768 1401 in
820 1365 965 1402 usus
1023 1354 1361 1403 sanctorum
1406 1348 1604 1420 aliqua
1635 1352 1980 1419 sumptuum

326 1436 540 1492 solatia
567 1436 763 1508 dirigi.
790 1436 1072 1491 Videlicet
1101 1438 1149 1492 si
1181 1438 1251 1491 ad
1285 1437 1405 1492 haec
1439 1437 1813 1508 respondero,
1861 1440 1979 1491 sta-

328 1526 431 1580 tim
462 1524 931 1587 latrabis,meam
964 1542 1071 1579 .me
1130 1542 1369 1580 causam
1429 1543 1619 1599 agere,
1661 1526 1760 1596 qui
1821 1528 1983 1579 tanta

326 1619 569 1669 cunctos
604 1612 874 1685 largitate
908 1615 1158 1680 donasti,
1182 1619 1245 1668 ut
1274 1614 1386 1669 nisi
1421 1614 1680 1669 venisses
1713 1613 1979 1668 Hieroso-

323 1703 569 1775 lymam,
604 1708 660 1756 et
692 1706 824 1757 tuas
846 1701 930 1757 vel
978 1707 1357 1774 patronorum
1408 1707 1643 1757 tuorum
1704 1702 1979 1773 pecunias

328 1792 661 1858 eﬂ‘udisses,
697 1808 901 1846 omnes
946 1791 1409 1863 periclitaremur
1470 1792 1642 1847 fame.
1693 1792 1810 1862 Ego
1869 1790 1977 1845 hoc

329 1880 559 1954 loquor,
593 1880 747 1952 quod
783 1880 987 1935 beatus
1018 1879 1319 1951 apostolus
1352 1880 1564 1936 Paulus
1629 1879 1686 1934 in
1749 1881 1977 1935 cunctis

330 1968 777 2041 peneEpistolis
810 1969 935 2024 suis
994 1968 1334 2041 loquitur,et
1384 1969 1643 2040 praecipit
1701 1967 1977 2023 Ecclesiis

340 2058 607 2130 gentium
634 2074 727 2129 per
756 2074 935 2113 unam
969 2058 1219 2126 sabbati,
1254 2058 1361 2114 hoc
1393 2064 1499 2124 est,
1536 2059 1630 2113 die
1686 2058 1977 2113 dominico

345 2162 554 2200 omnes
605 2147 847 2201 conferre
894 2147 1123 2214 debere,
1186 2164 1311 2218 quae
1383 2146 1840 2219 Hierosolymam
1918 2147 1976 2201 in

337 2239 667 2289 sanctorum
693 2234 900 2291 solatia
930 2235 1277 2307 dirigantur,
1324 2240 1379 2291 et
1435 2236 1518 2291 vel
1576 2252 1679 2309 per
1720 2235 1974 2307 discipu-

327 2322 416 2378 los
447 2323 704 2390 suos,vel
734 2340 837 2395 per
877 2340 1025 2395 quos
1067 2324 1177 2396 ipsi
1212 2324 1582 2396 probaverint
1617 2344 1629 2380 :
1691 2329 1746 2379 et
1795 2325 1843 2379 si
1896 2325 1977 2379 di-

322 2429 510 2485 gnum
544 2413 741 2479 fuerit,
773 2415 897 2484 ipse
918 2418 1020 2468 aut
1049 2414 1285 2486 dirigat,
1322 2419 1423 2470 aut
1470 2415 1753 2485 perferat1
1819 2414 1973 2485 quod

320 2502 638 2559 collectum
666 2507 773 2558 est.
810 2503 869 2556 In
903 2502 1143 2558 Actibus
1174 2520 1405 2576 quoque
1437 2503 1831 2574 apostolorum
1890 2502 1974 2556 lo-

316 2610 510 2665 quens
538 2593 613 2646 ad
676 2591 918 2647 Felicem
961 2593 1304 2664 praesidem:
1341 2616 1368 2642 ι(
1421 2594 1555 2648 Post
1611 2608 1817 2655 annos,
1875 2592 1974 2656 ait,

316 2681 545 2755 plures,
578 2680 978 2753 eleemosynas
1037 2682 1295 2737 facturus
1352 2683 1412 2736 in
1472 2686 1701 2753 gentem
1760 2696 1975 2748 meam,

314 2772 450 2827 veni
484 2770 1033 2841 Hierosolymam,et
1062 2770 1389 2826 oblationes
1444 2777 1501 2827 et
1548 2776 1680 2825 vota
1731 2771 1786 2824 in
1846 2770 1972 2841 qui-

314 2862 428 2916 bus
468 2860 831 2914 invenerunt
888 2874 980 2913 me
1029 2859 1407 2931 puriﬁcatum
1452 2860 1509 2913 in
1561 2858 1776 2931 templo
1836 2860 1972 2929 (Act.

314 2968 471 3015 xxrv,
506 2949 600 3014 17,
640 2946 751 3018 18).
780 2970 807 2995 ››
838 2947 1114 3018 Nunquid
1166 2946 1222 3002 in
1283 2947 1397 3002 alia
1435 2954 1597 3020 parte
1664 2953 1974 3013 terrarum,

313 3045 370 3095 et
442 3040 503 3093 in
575 3035 870 3102 Ecclesiis,
930 3053 1077 3107 quas
1136 3042 1445 3093 nascentes
1513 3038 1623 3093 fide
1682 3054 1787 3093 sua
1838 3054 1975 3092 eru-

314 3128 695 3198 diebat,quce
727 3125 800 3179 ab
849 3124 979 3180 aliis
1075 3133 1399 3197 acceperat,
1501 3127 1753 3181 dividere
1858 3143 1973 3180 non

2010 1840 2055 1904 B

2103 564 2212 616 que.
2246 564 2414 619 posse
2449 548 2502 601 in
2527 548 2714 618 patria
2745 565 2853 603 sua
2884 548 3069 604 facere
3101 565 3113 601 :
3148 566 3250 604 nec
3298 570 3583 625 pauperes
3641 557 3747 611 de-

2100 636 2349 701 futuros,
2383 636 2481 707 qui
2512 637 2777 692 Ecclesiae
2811 638 3021 708 opibus
3052 641 3415 696 sustentandi
3451 643 3589 698 sint.
3624 645 3740 701 Nec

2099 742 2205 779 nos
2231 742 2515 795 negamus
2550 727 2776 781 cunctis
2802 727 3177 799 pauperibus,
3211 729 3383 783 etiam
3416 732 3630 788 Iudaeis
3690 738 3747 790 et

2098 813 2500 880 Samaritanis,
2526 815 2572 869 si
2610 820 2770 870 tanta
2801 818 2878 871 sit
2909 815 3171 889 largitas,
3208 817 3389 887 stipes
3446 821 3745 893 porrigen-

2097 902 2220 956 das.
2248 903 2358 957 Sed
2409 904 2719 975 Apostolus
2780 905 3103 961 faciendam
3164 908 3402 977 quidem
3449 908 3619 964 docet
3676 912 3748 965 ad

2096 1007 2299 1046 omnes
2332 991 2804 1065 eleemosymam,
2841 980 2947 1049 sedi
2974 996 3226 1049 maxime
3276 997 3346 1051 ad
3399 998 3750 1054 domesticos

2097 1079 2229 1135 ﬁdei
2262 1081 2461 1150 (Galat.
2487 1100 2560 1137 v1.
2590 1084 2697 1153 10).
2726 1084 2800 1137 De
2832 1083 3047 1155 quibus
3081 1088 3137 1139 et
3166 1084 3428 1141 Salvator
3461 1087 3518 1141 in
3570 1089 3750 1143 Evan-

2094 1170 2244 1241 gelio
2270 1170 2656 1241 loquebatur:
2696 1196 2716 1221 α
2757 1172 2947 1227 Facite
2984 1173 3148 1228 vobis
3180 1174 3402 1230 amicos
3432 1176 3503 1230 de
3558 1193 3750 1233 mam-

2094 1274 2269 1314 mona
2298 1259 2625 1330 iniquitatis
2652 1262 2758 1331 [ΑΙ.
2794 1261 3042 1332 iniquo],
3069 1261 3171 1333 qui
3206 1279 3310 1317 vos
3346 1263 3629 1335 recipiant
3685 1265 3779 1321 int

2091 1352 2304 1403 aeterna
2335 1349 2708 1404 tabernacula
2740 1352 2886 1417 (Luc.
2930 1366 3046 1418 xvt,
3074 1353 3148 1421 9).
3197 1376 3216 1403 ι
3297 1352 3573 1425 Nunquid
3643 1354 3744 1409 isti

2092 1454 2396 1509 pauperes,
2432 1438 2582 1492 inter
2612 1456 2862 1509 quorum
2890 1456 3116 1511 pannos
3139 1444 3194 1496 et
3224 1440 3480 1497 illuviem
3541 1459 3743 1514 corpo-

2092 1525 2172 1579 ris
2230 1526 2481 1597 llagrans
2528 1526 2706 1582 libido
2748 1528 3106 1593 dominatur,
3186 1534 3434 1601 possunt
3522 1532 3738 1586 habere

2091 1615 2716 1685 azternatabernacula,
2769 1616 2868 1686 qui
2901 1633 3003 1671 nec
3062 1619 3368 1688 praesentia
3416 1621 3741 1690 possident,

2091 1719 2195 1757 nec
2227 1703 2467 1758 futura?
2498 1703 2621 1758 Non
2666 1705 2823 1759 enim
2866 1705 3213 1777 simpliciter
3265 1724 3571 1779 pauperes,
3638 1709 3739 1763 sed

2090 1808 2375 1862 pauperes
2432 1793 2641 1864 spiritu
2690 1794 2842 1848 beati
2904 1794 3310 1866 appellantur:
3366 1797 3437 1851 de
3518 1797 3735 1869 quibus

2088 1880 2371 1951 scriptum
2403 1886 2523 1937 est:
2563 1884 2835 1938 «Beatus
2892 1884 2989 1955 qui
3051 1884 3326 1957 intelligit
3374 1902 3551 1957 super
3610 1902 3741 1958 ege-

2089 1985 2229 2022 num
2254 1975 2307 2022 et
2333 1986 2643 2041 pauperem
2679 1988 2689 2025 :
2725 1971 2781 2025 in
2815 1971 2907 2025 die
2942 1971 3095 2027 mala
3124 1971 3394 2027 liberabit
3437 1990 3571 2028 eum
3631 1974 3740 2029 D0-

2088 2057 2283 2112 minus
2309 2060 2475 2128 (Psal.
2512 2076 2601 2124 xu,
2638 2060 2707 2130 1).
2744 2082 2769 2108 ››
2806 2061 2866 2113 In
2891 2060 3044 2132 vulgi
3098 2062 3456 2131 pauperibus
3511 2067 3741 2119 susten-

2088 2146 2282 2201 tandis
2315 2164 2683 2218 nequaquam
2716 2147 3036 2213 intellectu,
3057 2150 3158 2202 sed
3190 2148 3560 2222 eleemosyna
3587 2167 3736 2222 opus

2086 2238 2191 2290 est.
2233 2237 2289 2289 In
2315 2236 2533 2291 sanctis
2563 2237 2921 2307 pauperibus
2950 2237 3250 2292 beatitudo
3281 2242 3369 2292 est
3411 2239 3741 2310 intelligen-

2085 2324 2198 2389 tire,
2261 2326 2470 2393 utlAl.
2532 2329 2595 2378 ut
2642 2330 2699 2379 et
2758 2324 2831 2395 ei]
2882 2325 2932 2378 ei
2992 2325 3226 2394 tribuat,
3288 2327 3387 2397 qui
3444 2328 3739 2383 erubescit

2086 2412 2372 2482 accipere:
2409 2417 2463 2467 et
2494 2430 2627 2467 cum
2650 2415 2955 2483 acceperit,
3006 2413 3187 2469 dolet:
3250 2419 3475 2470 metens
3534 2433 3739 2472 carna-

2085 2498 2183 2569 lia,
2216 2506 2271 2554 et
2302 2502 2601 2557 seminans
2619 2501 2926 2574 spiritalia.
2954 2504 3114 2566 Quod
3140 2508 3335 2559 autem
3370 2506 3579 2560 asserit
3637 2523 3735 2562 eos

2087 2588 2297 2644 melius
2329 2590 2535 2656 facere,
2570 2591 2670 2662 qui
2705 2596 2949 2646 utuntur
2973 2592 3147 2647 rebus
3178 2593 3322 2657 suis,
3357 2598 3413 2648 et
3444 2594 3730 2665 paulatim

2084 2680 2311 2733 fructus
2334 2680 2774 2751 possessionum
2794 2697 3034 2735 suarum
3060 2682 3418 2754 pauperibus
3440 2683 3726 2749 dividunt,

2086 2784 2261 2839 quam
2296 2767 2427 2823 illos
2460 2769 2558 2840 qui
2592 2770 3065 2840 possessionibus
3121 2772 3493 2839 venundatis,
3548 2774 3730 2829 semel

2086 2856 2656 2929 omnialargiuntur,
2680 2876 2795 2914 non
2826 2876 2858 2912 a
2888 2876 2981 2914 me
3011 2860 3060 2915 ei
3093 2859 3203 2932 [ΑΙ.
3238 2861 3363 2928 eis],
3389 2863 3490 2916 sed
3543 2881 3575 2918 a
3626 2864 3731 2919 Do-

2086 2946 2245 2999 mino
2273 2947 2755 3017 respondebitur:
2790 2972 2815 2996 ‹‹
2852 2948 2909 3002 Si
2937 2948 3021 3003 vis
3055 2965 3181 3004 esse
3213 2951 3523 3021 perfectus,
3562 2952 3727 3019 vade,

2084 3035 2265 3088 vende
2295 3035 2491 3090 omnia
2508 3052 2634 3106 quas
2666 3036 2866 3104 babes,
2900 3041 2957 3091 et
2987 3038 3058 3092 da
3080 3039 3435 3110 pauperibus
3462 3058 3472 3095 :
3509 3045 3567 3095 et
3598 3041 3729 3097 veni

2086 3125 2818 3194 sequercme(Mauh.x1x,
2872 3126 3046 3197 21).»
3106 3128 3187 3181 Ad
3251 3145 3385 3185 eum
3435 3128 3723 3201 loquitur,

316 3215 594 3289 poterat?
673 3215 782 3269 Sed
861 3218 1194 3269 sanctorum
1272 3214 1531 3271 locorum
1616 3215 1973 3287 pauperibus
2006 3208 2047 3274 C
2085 3211 2184 3281 Qui
2216 3210 2337 3265 vult
2358 3228 2484 3267 esse
2516 3212 2828 3283 perfectus,
2862 3215 2961 3285 qui
2984 3232 3117 3269 cum
3141 3217 3420 3287 apostolis
3478 3222 3728 3288 patrem,

316 3306 501 3360 dare’
564 3303 857 3376 cupiebat,
919 3303 1020 3374 qui
1072 3320 1211 3359 suas
1266 3320 1369 3375 pro
1427 3304 1675 3360 Christo
1730 3304 1968 3358 faculta-

319 3393 481 3449 tulas
531 3392 952 3463 relinquentes,
1007 3393 1076 3447 ad
1133 3392 1365 3448 Domini
1440 3393 1779 3449 servitutem
1856 3397 1975 3448 tota

321 3486 525 3537 mente
578 3480 837 3535 conversi
896 3485 1052 3535 sunt.
1105 3486 1368 3553 Longum
1431 3486 1520 3537 est
1587 3498 1743 3537 nunc
1802 3482 1849 3535 si
1904 3481 1975 3536 de

332 3570 567 3624 cunctis
596 3568 851 3639 epistolis
878 3571 1007 3639 ejus
1047 3570 1243 3625 omnia
1291 3570 1629 3625 testimonia
1688 3568 1975 3625 revolvere

331 3657 594 3723 voluero,
626 3657 916 3730 inquibus
947 3658 1053 3712 hoc
1084 3659 1225 3731 agit,
1286 3664 1343 3714 et
1398 3664 1516 3714 tota
1572 3664 1765 3715 mente
1816 3659 1974 3713 festi-

328 3753 455 3814 nat,
492 3753 555 3801 ut
584 3746 1039 3819 Hierosolymam
1062 3752 1117 3803 et
1146 3748 1213 3802 ad
1245 3753 1446 3804 sancta
1506 3748 1631 3804 loca
1691 3748 1973 3804 credenti-

322 3838 436 3893 bus
452 3836 717 3910 pecuniae
747 3836 1114 3909 dirigantur:
1148 3854 1260 3892 non
1294 3838 1353 3893 in
1387 3838 1715 3909 avaritiam,
1758 3839 1858 3893 sed
1918 3838 1974 3892 in

320 3926 716 4000 refrigerium,
754 3942 868 3981 non
902 3926 971 3980 ad
1007 3926 1240 3982 divitias
1263 3929 1725 4000 congregandas,
1756 3928 1854 3982 sed
1904 3928 1975 3983 ad

328 4016 801 4073 imbecillitatem
836 4016 1163 4086 corpusculi
1196 4018 1662 4083 sustentandam,
1690 4021 1745 4072 et
1794 4017 1980 4089 frigus

319 4111 498 4178 atque
526 4106 788 4161 inediam
844 4107 995 4161 399
1055 4106 1483 4162 declinandam.
1520 4108 1634 4163 Hac
1672 4107 1730 4162 in
1777 4108 1980 4163 Judaaa

319 4212 511 4268 usque
541 4194 719 4249 hodie
742 4200 1148 4265 perseverante
1206 4196 1651 4263 consuetudine,
1711 4213 1823 4252 non
1884 4215 1976 4252 so-

322 4285 452 4338 lum
481 4284 637 4355 apud
672 4283 933 4349 nos,scd
984 4288 1039 4338 et
1088 4284 1242 4355 apud
1302 4284 1589 4351 Hebraeos,
1651 4290 1715 4339 ut
1763 4287 1861 4357 qui
1918 4286 1978 4340 in

321 4372 456 4443 lege
481 4372 714 4427 Domini
749 4372 1113 4427 meditantur
1142 4374 1234 4428 die
1269 4389 1335 4428 ac
1372 4379 1539 4429 nocte
1572 4376 1742 4441 (Psal.
1800 4394 1837 4442 1,
1900 4376 1977 4446 2),

317 4468 377 4517 et
406 4465 638 4533 patrem
673 4478 791 4516 non
822 4461 1119 4516 habentia
1157 4467 1332 4530 terra,
1370 4462 1475 4518 nisi
1517 4463 1708 4520 solum
1772 4465 1979 4531 Deum,

318 4566 763 4623 synagogarum
794 4551 815 4583 ³
836 4554 892 4604 et
914 4551 1096 4605 totius
1119 4551 1277 4606 orbis
1308 4551 1611 4607 foveantur
1638 4554 1980 4610 ministeriis
2012 4581 2058 4646 D

316 4642 504 4709 (Deut.
539 4656 702 4707 xvm,
735 4640 935 4710 2sq.);
971 4655 1039 4694 ex
1069 4640 1397 4712 aequalitate
1431 4642 1711 4697 duntaxat
1746 4660 1860 4697 non
1918 4650 1983 4698 ut

320 4727 458 4783 aliis
490 4727 883 4799 refrigerium,
908 4732 967 4782 ct
997 4726 1127 4783 aliis
1154 4729 1226 4783 sit
1253 4729 1554 4786 tribulatio
1590 4749 1601 4785 :
1628 4734 1725 4787 sed
1758 4737 1821 4787 ut
1850 4732 1984 4788 alio-

320 4833 463 4872 rum
510 4816 899 4882 abundantia,
963 4816 1209 4872 aliorum
1252 4823 1542 4876 sustentet
1598 4820 1852 4893 inopiam
1913 4822 1987 4893 (II

324 4908 461 4962 Cor.
491 4922 613 4971 vui,
646 4906 757 4975 14),

408 4992 499 5060 44,
557 4996 933 5065 Ειεενηοεῃηιτε
1015 4998 1209 5069 quibus
1284 5000 1629 5070 potissimum
1694 5000 1982 5071 faciemiae.

408 5229 424 5261 ¹
450 5225 560 5280 Ms.
596 5228 816 5281 Bonon.
852 5232 951 5281 aut
972 5230 1241 5298 proferat,
1264 5235 1373 5286 etc.
1408 5247 1476 5286 ex
1510 5248 1642 5287 mox
1680 5234 1810 5289 Veni
1837 5235 1985 5291 obla-

327 5300 511 5376 tiones
543 5304 594 5351 et
622 5302 743 5353 vota
773 5300 969 5369 oﬂ‘erre
1000 5301 1057 5353 in
1086 5303 1307 5370 quibus,
1359 5307 1467 5358 etc.
1529 5306 1749 5376 absque
1799 5308 1987 5362 Hiero-

325 5370 413 5423 sol
458 5386 632 5423 mam.
1655 5370 1671 5376 ’

294 5462 297 5463 ν
402 5386 758 5522 ’yldemfere
787 5457 920 5495 eum
942 5442 1115 5497 veteri
1142 5443 1415 5512 editione,
1446 5447 1536 5501 sed
1593 5452 1795 5505 sanctis
1847 5468 1986 5522 pau-

325 5513 565 5583 paribus
592 5511 743 5567 dare.

334 5586 355 5617 ³
387 5584 667 5667 Ejus‘re‘i
726 5584 1317 5667 ordinemhexplicat,
1360 5589 1691 5667 multaque
1733 5595 1993 5667 congerit

334 5652 606 5731 exempla
628 5655 867 5716 doctiss.
906 5655 961 5713 P.
996 5652 1363 5732 Bacéhinius,
1391 5652 1620 5720 inlibf-o
1661 5664 1731 5722 de
1790 5652 1990 5725 Matro-

2085 3300 2410 3355 naviculam
2446 3308 2502 3356 et
2535 3308 2649 3357 rete
2672 3303 2932 3357 dimittit.
2986 3306 3097 3359 Iste
3146 3322 3322 3376 quem
3380 3311 3441 3361 tu
3500 3307 3731 3376 laudas,

2084 3391 2377 3445 secundus
2409 3396 2508 3445 aut
2532 3393 2635 3461 [ΑΙ.
2670 3394 2743 3463 ei]
2778 3394 2982 3448 tertius
3003 3394 3222 3465 gradus
3280 3402 3386 3462 est,
3440 3413 3616 3467 quem
3669 3402 3726 3453 et

2086 3496 2191 3534 nos
2233 3479 2567 3550 recipimus,
2601 3481 2919 3537 dummodo
2952 3483 3208 3539 sciamus
3231 3484 3421 3555 prima
3450 3486 3727 3542 secundis

2086 3574 2141 3622 et
2171 3568 2357 3624 tertiis
2386 3570 2765 3641 praeferenda.

2157 3657 2243 3711 15.
2292 3658 2405 3712 Vita
2448 3676 2512 3713 ac
2568 3660 2809 3715 conditio
2841 3663 2958 3715 veri
2999 3662 3273 3729 monachi,
3323 3665 3555 3717 Vitandi
3610 3681 3728 3720 mo-

2084 3746 2263 3801 nacho
2317 3752 2561 3818 aspectus
2610 3750 2931 3805 mulierum.
2984 3782 3051 3790 —
3109 3755 3223 3805 Nec
3283 3769 3315 3806 a
3356 3770 3461 3807 suo
3530 3754 3732 3811 studio

2084 3835 2352 3890 monachi
2385 3836 2713 3892 deterrendi
2746 3840 2900 3895 ιιοθ
2932 3844 3069 3894 sunt
3096 3858 3130 3895 a
3162 3844 3215 3895 te
3248 3841 3447 3913 lingua
3499 3841 3735 3914 viperea

2087 3928 2142 3977 et
2175 3940 2373 3978 morsu
2411 3926 2749 3993 saevissimo,
2802 3928 2871 3983 de
2930 3929 3146 3999 quibus
3199 3930 3630 4002 argumentaris
3679 3937 3737 3988 et

2089 4012 2235 4067 dicis
2270 4031 2281 4067 :
2315 4014 2369 4067 Si
2402 4030 2605 4069 omnes
2636 4032 2695 4070 se
2728 4016 3042 4072 clauserint
3063 4021 3102 4083 ‘,
3136 4024 3192 4074 et
3221 4020 3433 4075 fuerint
3485 4022 3545 4075 in
3596 4020 3738 4076 soli-

2086 4101 2308 4167 tudine,
2341 4103 2474 4173 quis
2498 4103 2814 4160 celebrabit
2846 4107 3133 4162 Ecclesiae
3167 4108 3195 4161 ?
3225 4110 3359 4179 quis
3422 4110 3730 4166 saeculares

2089 4189 2358 4246 homines
2416 4191 2775 4248 lucrifaciat?
2824 4194 2954 4265 quis
3013 4202 3318 4266 peccantes
3374 4198 3444 4251 ad
3491 4198 3735 4254 virtutes

2090 4280 2301 4350 poterit
2330 4280 2666 4336 cohortari?
2690 4282 2804 4337 Iloc
2829 4284 2983 4337 enim
3017 4285 3189 4339 modo
3222 4285 3270 4339 si
3299 4302 3501 4340 omnes
3538 4290 3736 4341 tecum

2090 4368 2231 4423 fatui
2266 4369 2403 4435 sint,
2440 4370 2671 4442 sapiens
2706 4372 2838 4442 quis
2858 4389 2986 4427 esse
3019 4373 3270 4444 poterit?
3301 4374 3366 4428 Et
3424 4374 3739 4445 virginitas

2090 4474 2205 4513 non
2240 4458 2349 4512 erit
2379 4461 2773 4530 approbanda.
2810 4462 3034 4516 Sienim
3066 4478 3269 4517 omnes
3300 4462 3554 4535 virgines
3615 4463 3739 4519 fue-

2092 4546 2451 4617 rint,nuptize
2482 4565 2595 4603 non
2628 4554 2829 4603 erunt:
2867 4548 3129 4605 interibit
3158 4550 3483 4607 humanum
3517 4568 3739 4624 genus:

2092 4633 2343 4690 infantes
2377 4636 2430 4689 in
2465 4637 2631 4691 cunis
2658 4654 2770 4692 non
2814 4640 3084 4711 vagient;
3128 4640 3468 4696 obstetrices
3519 4642 3743 4712 absque

2094 4724 2461 4779 mercedibus
2494 4726 2947 4782 mendicabunt:
3011 4735 3066 4783 et
3118 4730 3465 4799 gravissimo
3526 4729 3741 4799 frigore

2093 4810 2255 4865 solus
2292 4812 2390 4877 [Αἰ.
2426 4813 2676 4884 solutus]
2710 4820 2883 4887 atque
2922 4822 3256 4871 contractus
3314 4816 3739 4872 Dormitantius

2093 4898 2357 4971 vigilabit
2387 4900 2442 4954 in
2471 4901 2699 4958 lectulo.
2738 4904 2887 4958 Rara
2907 4910 2996 4959 est
3024 4906 3209 4959 virtus
3242 4923 3343 4959 nec
3387 4922 3417 4957 a
3469 4904 3737 4976 pluribus

2095 4988 2403 5060 appetitur.
2440 4992 2623 5062 Atque
2647 4991 2869 5047 utinam
2902 4993 3011 5048 hoc
3047 5010 3251 5048 omnes
3304 4998 3517 5061 esseut,
3581 4994 3740 5067 quod

2097 5242 2347 5314 polibus.
2382 5247 2485 5298 Ms.
2522 5240 2739 5298 Bonon.
2775 5242 2983 5299 deinde
3002 5243 3173 5299 habet
3215 5262 3284 5299 ex
3338 5246 3653 5315 aequalitate
3690 5247 3743 5301 et

2098 5318 2177 5369 ita
2198 5315 2486 5380 duntaxat,
2524 5320 2631 5369 etc.

2170 5387 2189 5417 ‘
2218 5385 2425 5460 Verius
2466 5391 2603 5456 puto
2662 5387 2818 5460 quod
2878 5386 3097 5442 habent
3137 5405 3282 5443 mss.
3338 5404 3562 5451 omnes,
3603 5389 3739 5460 ipso

2096 5457 2428 5531 Martianazo
2456 5463 2630 5531 testo,
2666 5458 3009 5522 rcvluserint,
3069 5461 3222 5531 quod
3281 5464 3389 5525 est,
3447 5478 3506 5515 se
3567 5457 3738 5531 clau-

2100 5528 2286 5613 dendo
2307 5528 2376 5582 ab
2419 5528 2548 5583 aliis
2581 5530 2923 5613 separarint.
2985 5528 3326 5605 Exemplum
3361 5532 3539 5587 habes
3576 5530 3731 5603 apud

2097 5600 2309 5658 Justin.
2345 5615 2459 5658 non
2492 5616 2607 5657 uno
2640 5600 2701 5658 in
2729 5600 2873 5663 loco.
