4110 6162
444 311 586 466 "aea

1719 367 1786 430 s.
1821 345 2143 432 DEUSEBII
2187 365 2654 432 HIERONYMI.

3688 363 3792 428 368

466 501 638 576 pauci
668 503 828 570 sunt,
860 499 933 557 de
958 498 1178 572 quibus
1207 496 1452 556 dicitur:
1484 501 1652 558 Multi
1695 502 1892 566 vocati,
1945 502 2110 571 pauci
2139 502 2194 568 Α
2223 499 2395 556 Nulla
2424 500 2704 557 securitas
2743 505 2832 557 est
2875 499 3064 556 vicino
3114 501 3372 573 serpente
3417 495 3659 553 dormire.
3706 473 3800 552 Po-

465 593 624 649 electi
650 590 858 662 (Matth.
890 606 983 656 xx,
1015 587 1084 646 46
1115 592 1172 644 et
1218 606 1360 656 χιιι,
1387 589 1472 660 14)
1499 607 1512 656 ;
1544 589 1710 644 vacui
1740 592 1938 645 essent
1983 605 2110 643 car-

467 697 650 737 ceres.
681 677 1004 736 Monachus
1033 681 1226 734 autem
1283 693 1399 733 non
1459 677 1713 732 doctoris
1766 675 1963 744 habet,
2014 677 2114 732 sed

468 767 800 842 plangentis
831 767 1124 823 officium:
1155 766 1252 838 qui
1285 766 1374 822 vel
1432 783 1513 834 se,
1546 765 1634 821 vel
1695 766 1985 821 mundum
2025 765 2112 820 lu-

447 861 622 930 ‘geat,
663 859 720 911 et
776 849 1008 912 Domini
1053 854 1298 928 pavidus
1348 853 1714 926 praestoletur
1769 854 2109 910 adventum:

470 945 572 1018 qui
593 944 794 1001 sciens
823 943 1280 1000 imbecillitatem
1313 960 1503 1010 suam,
1523 947 1579 998 et
1593 959 1694 999 vas
1727 942 1929 1015 fragile
1959 944 2112 1015 quod

471 1037 687 1106 portat,
745 1033 914 1089 timet
969 1034 1282 1098 offendere,
1335 1049 1407 1089 ne
1454 1033 1725 1105 impigat,
1785 1035 1842 1087 et
1885 1036 2118 1088 corruat

471 1127 644 1196 atque
666 1123 988 1195 frangatur.
1044 1121 1205 1177 Unde
1252 1126 1310 1177 et
1367 1120 1704 1186 mulierum,
1746 1119 2115 1192 maximeque

468 1210 1035 1270 adolesCentularum
1063 1210 1207 1266 vitat
1259 1215 1584 1283 aspectum,
1635 1216 1693 1265 et
1744 1210 1804 1265 in
1882 1212 2114 1265 tantum

470 1301 788 1373 castigator
811 1299 903 1356 sui
935 1303 1042 1367 est,
1076 1303 1136 1354 ut
1167 1299 1345 1355 etiam
1394 1316 1521 1371 quae
1569 1303 1694 1355 tuta
1738 1303 1877 1355 sunt
1933 1299 2115 1370 perti-

469 1392 710 1446 mescat.

543 1479 626 1536 t6.
656 1475 933 1550 Fugienda
965 1478 1104 1533 vitia
1155 1480 1206 1532 et
1254 1477 1511 1533 vitiorum
1570 1477 1896 1532 occasiones.
1951 1476 2114 1531 Certa

467 1581 579 1622 non
603 1573 732 1622 sunt
757 1565 1103 1634 dimittenda,
1136 1573 1187 1622 et
1216 1567 1424 1621 incerta
1443 1565 1717 1622 sectanda.
1751 1597 1819 1604 —
1848 1564 1985 1630 Cur,
2019 1564 2113 1618 in-

471 1654 859 1728 quies,pergis
873 1655 944 1710 ad
958 1670 1220 1710 eremum
1232 1655 1259 1709 ?
1278 1653 1546 1710 videlicet
1558 1658 1622 1708 ut
1647 1659 1701 1710 te
1716 1671 1830 1709 non
1855 1653 2112 1724 audiam,

450 1760 588 1799 'non
614 1743 865 1813 videam;
901 1747 966 1799 ut
993 1747 1092 1798 tuo
1124 1743 1317 1798 furore
1347 1759 1461 1798 non
1492 1747 1820 1809 movear;ut
1849 1741 2115 1798 tuabella

471 1832 838 1905 non‘patiar;
881 1849 952 1888 ne
1006 1847 1102 1889 me
1140 1830 1332 1904 capiat
1379 1830 1585 1887 oculus
1643 1831 2008 1899 meretricis;
2043 1847 2114 1886 ne

445 1922 659 1978 'forma
713 1919 1108 1994 pulcherrima
1159 1921 1228 1976 ad
1275 1919 1508 1976 illicitos
1569 1921 1744 1976 ducat
1791 1919 2117 1992 amplexus.

473 2009 914 2083 Respondebis:
956 2009 1066 2065 hoc
1123 2026 1240 2065 non
1288 2014 1378 2064 est
1430 2024 1711 2081 pugnare,
1749 2009 1851 2064 sed
1902 2009 2117 2081 fugere.

471 2096 576 2156 Sta
604 2099 662 2155 in
682 2099 821 2168 acie,
847 2098 1192 2155 adversariis
1222 2103 1485 2154 armatus
1516 2098 1736 2154 obsisto
1761 2115 1774 2152 :
1837 2102 1900 2153 ut
1957 2103 2119 2170 post-

472 2205 649 2261 quam
693 2187 922 2256 viceris,
988 2187 1301 2244 coroneris.
1383 2189 1585 2243 Fateor
1657 2186 2118 2243 imbecillitatem

470 2293 686 2334 meam.
717 2277 861 2333 Nolo
891 2291 994 2350 spe
1025 2291 1286 2349 pugnare
1307 2276 1582 2342 victorizs,
1616 2293 1686 2331 ne
1718 2277 1960 2348 perdam
2020 2276 2120 2332 ali-

471 2367 706 2438 quando
741 2364 1061 2422 victoriam.
1109 2364 1170 2421 Si
1249 2364 1469 2438 fugero,
1533 2363 1794 2438 gladium
1874 2365 2118 2421 devitavi

473 2456 580 2527 [Αι.
612 2453 957 2524 dimittam]:
993 2453 1044 2510 si
1101 2457 1342 2521 stetero,
1401 2459 1504 2509 aut
1555 2453 1909 2510 vincendum
1971 2455 2114 2509 mihi

471 2548 582 2613 est,
614 2547 716 2600 aut
745 2543 1096 2599 cadendum.
1131 2542 1278 2608 Quid
1309 2547 1508 2598 autem
1539 2560 1774 2599 necesse
1821 2548 1912 2600 est
1966 2549 2122 2599 certa

450 2631 790 2697 ‘dimittere,
823 2635 879 2687 et
908 2631 1132 2686 incerta
1171 2631 1379 2686 sectari
1411 2631 1437 2685 ?
1464 2633 1782 2698 Autscuto,
1817 2638 1917 2687 aut
1951 2633 2119 2704 pedi-

456 2721 584 2777 'hus
617 2735 775 2776 mors
804 2719 1042 2774 vitanda
1069 2723 1180 2775 est.
1212 2719 1298 2773 Tu
1321 2720 1422 2790 qui
1456 2736 1704 2792 pugnas,
1762 2726 1819 2776 et
1851 2721 2117 2793 superari

458 2811 659 2883 potes,
688 2812 744 2864 et
789 2807 1042 2864 vincere.
1102 2811 1218 2880 Ego
1272 2824 1404 2863 cum
1468 2808 1690 2880 iugero,
1747 2825 1862 2864 non
1909 2810 2116 2866 vinco1

473 2897 534 2954 in
570 2913 638 2954 eo
692 2898 848 2969 quod
907 2896 1107 2969 fugio:
1168 2897 1269 2952 sed
1335 2895 1464 2952 ideo
1523 2896 1703 2969 fugio,
1766 2914 1838 2953 ne
1898 2898 2116 2955 vincar.

2003 3044 2115 3125 uad

1995 3130 2118 3188 egi-

545 3044 564 3096 ¹.
585 3041 952 3098 Μανῐίαηωυε
981 3056 1092 3096 non
1121 3042 1340 3096 vincar:
1372 3039 1512 3096 olim
1545 3055 1655 3096 non
1701 3043 1910 3109 vincor,

473 3113 767 3170 Victorius
796 3112 1110 3185 improbat.
1141 3111 1257 3168 Nos
1310 3127 1444 3168 cum
1498 3113 1727 3168 duobus
1769 3129 1910 3170 mss.

462 3202 632 3242 'mus.

461 3288 464 3292 -
548 3260 570 3292 ²
595 3255 801 3337 Recole
835 3254 1171 3337 epistolam_
1201 3255 1274 3311 ad
1323 3253 1706 3337 Sabinianum
1757 3254 1997 3337 lapsum
2055 3257 2110 3311 in
2145 3242 2188 3308 C

449 3332 680 3386 .nostra
709 3327 1046 3383 recensione
1068 3327 1192 3393 147,
1227 3343 1390 3381 num.
1421 3327 1476 3392 5,
1512 3327 1610 3381 ubi
1653 3331 1869 3382 matres
1920 3343 2121 3383 mona-

457 3400 788 3460 steriorum
811 3397 1203 3469 vocantur.ﬂS.
1237 3414 1469 3469 quoque
1524 3401 1770 3468 Optatus
1819 3399 1890 3453 de
1928 3399 2120 3455 Schis-

477 3477 634 3529 mate
666 3469 1102 3543 Donatistarum
1121 3468 1222 3543 lib.
1243 3468 1338 3534 1’1,«
1357 3469 1708 3543 Invenerunt
1728 3476 2120 3543 matres,quas

456 3545 547 3599 'de
578 3540 1082 3599 castimonialibus
1114 3541 1371 3595 fecerant
1402 3539 1696 3596 mulieres.
1737 3565 1757 3592 ι

544 3615 568 3649 ⁸
593 3611 943 3685 Epistulam
972 3611 1164 3685 Paula;
1194 3616 1251 3685 et
1281 3611 1578 3685 Eustachii
1628 3612 1827 3685 initio:
1887 3634 1915 3661 ί(
1969 3615 2121 3669 Men-

473 3682 675 3742 suram
707 3683 962 3740 charitas
992 3682 1344 3755 nonhabel,
1395 3687 1452 3738 et
1506 3683 1875 3755 impatientia
1932 3687 2120 3741 nescit

472 3757 739 3836 modum.
775 3779 798 3809 ι
833 3759 945 3836 etc.
976 3755 1086 3810 Sed
1116 3753 1210 3836 hic
1240 3753 1352 3810 loci
1380 3771 1504 3836 pro.
1533 3753 1960 3836 in‘continentia
2007 3757 2118 3812 im-

470 3827 751 3900 patientia
771 3825 1047 3897 sumitur,
1078 3830 1144 3881 ut
1172 3842 1354 3899 supra
1383 3825 1710 3883 indicatum
1743 3831 1852 3884 est.

2225 593 2340 644 test
2371 589 2517 656 fieri,
2549 594 2613 644 ut
2645 606 2737 645 me
2767 605 2882 644 non
2916 589 3196 655 mordeat,
3216 593 3406 643 tamen
3429 583 3724 657 potestﬁeri
3751 588 3809 639 ut

2227 677 2546 750 aliquando
2591 695 2683 734 me
2741 679 3022 735 mordeat.
3078 680 3219 734 401
3275 676 3521 731 Matres'
3568 685 3811 730 vocamus

2225 783 2453 822 sorores
2484 771 2542 822 et
2565 766 2741 834 filias,
2776 775 2830 822 ct
2862 784 2978 822 non
3002 766 3395 822 erubescimus
3423 763 3572 818 vitiis
3627 760 3816 816 nostris

2224 855 2465 910 nomina
2495 855 2729 927 pictatis
2761 855 3243 918 obtendere.Quid
3278 851 3410 910 facit
3439 850 3733 906 monachus
3765 847 3818 904 in

2225 942 2451 999 cellulis
2483 943 2833 998 feminarum
2866 943 2894 996 ‘?
2919 943 3056 1015 quid
3079 943 3186 999 sibi
3229 941 3426 997 volunt
3458 938 3576 994 sola
3625 941 3676 993 et
3718 935 3818 1008 pri-

2205 1036 2356 1087 vata
2385 1031 2759 1104 colloquia,et
2787 1033 3035 1088 arbitros
3067 1033 3351 1104 fugientes
3383 1026 3528 1085 oculi
3547 1028 3574 1082 ?
3600 1027 3818 1082 Sanctus

2224 1137 2388 1177 amor
2441 1120 2863 1193 impatientiam
2913 1138 3024 1176 non
3084 1120 3317 1176 habet’.
3369 1117 3525 1184 Quod
3568 1115 3630 1170 de
3696 1113 3819 1168 libi-

2224 1209 2358 1265 dine
2379 1210 2654 1278 diximus,
2691 1211 3010 1266 referamus
3032 1211 3103 1264 ad
3135 1209 3454 1272 avaritiam,
3486 1209 3540 1260 et
3567 1204 3631 1259 ad
3648 1201 3820 1258 omnia

2225 1298 2365 1354 vitia
2393 1315 2518 1370 qua:
2540 1299 2801 1354 vitantur
2847 1298 3178 1354 solitudine.
3241 1298 3309 1353 Et
3353 1295 3559 1350 idcirco
3612 1289 3820 1347 urbium

2224 1387 2584 1458 frequentiae
2634 1386 3022 1453 declinamus,
3064 1403 3136 1442 ne
3180 1387 3363 1442 facere
3420 1378 3822 1454 compellamur,

2225 1493 2350 1548 quae
2381 1493 2487 1532 nos
2526 1493 2638 1532 non
2670 1482 2791 1532 tam
2842 1481 3054 1532 natura
3088 1477 3242 1549 cogit
3299 1476 3499 1540 facere,
3529 1485 3693 1543 quam
3741 1484 3824 1523 vo-

2227 1564 2447 1620 luntas.

2301 1654 2387 1708 47.
2422 1654 2620 1725 Aperta
2672 1654 3010 1725 blasphemia
3057 1654 3492 1725 indignationem
3532 1647 3737 1720 ﬂagitat.
3768 1674 3828 1684 —

2225 1742 2380 1811 Hmc,
2405 1746 2468 1797 ut
2524 1741 2663 1809 dixi,
2720 1747 3057 1798 sanctorum
3113 1743 3579 1815 presbyterorum
3629 1733 3830 1805 rogatu,

2227 1829 2404 1885 unius
2437 1830 2622 1886 noctis
2673 1830 3075 1886 lucubratione
3135 1828 3368 1895 dictavi,
3410 1825 3697 1882 festinante
3741 1820 3834 1874 ad-

2231 1920 2472 1974 modum
2503 1919 2656 1975 402
2687 1919 2862 1974 fratre
2894 1919 3151 1974 Sisinnio
3183 1921 3222 1986 t,
3261 1922 3318 1974 et
3375 1917 3593 1988 propter
3627 1911 3831 1966 sancto-

2229 2025 2361 2063 rum
2392 2007 2692 2079 refrigeria
2731 2008 2802 2062 ad
2849 2008 3161 2079 Egyptum
3196 2009 3282 2062 ire
3308 2004 3657 2079 properante:
3707 1997 3834 2056 alio-

2233 2097 2374 2170 quin
2397 2101 2453 2152 et
2485 2096 2611 2168 ipsa
2639 2097 2882 2152 materia
2911 2101 3167 2169 apertam
3187 2095 3397 2152 habuit
3427 2086 3832 2163 blasphemiam,

2233 2203 2360 2257 quae
2399 2186 2859 2257 indignationem
2885 2187 3074 2258 magis
3103 2185 3438 2251 scribentis,
3476 2195 3639 2254 quam
3692 2175 3833 2232 testi-

2232 2276 2562 2331 moniorum
2587 2274 3023 2330 multitudinem
3055 2275 3368 2348 ﬂagitaret.
3401 2269 3609 2338 Quodsi
3638 2263 3837 2324 Dormi-

2227 2364 2450 2421 tantius
2463 2364 2522 2419 in
2545 2380 2676 2419 mea
2690 2382 2895 2420 rursus
2910 2363 3219 2420 maledicta
3249 2359 3832 2438 vigilaverit,eteodem

2229 2471 2324 2510 ore
2352 2453 2713 2526 blasphemo,
2747 2470 2862 2525 quo
2893 2455 3188 2526 apostolos
3219 2458 3278 2509 et
3329 2457 3602 2523 martyres
3624 2444 3838 2502 lacerat.

2228 2544 2298 2598 de
2331 2560 2423 2599 me
2453 2559 2686 2615 quoque
2708 2542 2994 2615 putaverit
3013 2543 3470 2610 detrahendum,
3503 2547 3840 2610 nequaquam

2230 2632 2311 2687 illi
2336 2632 2494 2687 brevi
2523 2632 3049 2700 lucubratiuncula,
3084 2633 3184 2688 sed
3209 2636 3341 2688 tota
3387 2634 3550 2688 nocte
3601 2621 3843 2698 vigilabo,

2230 2726 2286 2775 et
2315 2721 2490 2776 sociis
2512 2721 2693 2791 illius,
2713 2721 2894 2777 immo
2925 2721 3232 2793 discipulis
3265 2722 3363 2778 vel
3422 2713 3727 2789 magistris,
3755 2707 3843 2782 qui

2229 2809 2342 2865 nisi
2366 2814 2656 2866 tumentes
2687 2815 2884 2866 uteros
2913 2810 3164 2866 viderint
3193 2811 3572 2876 feminarum,
3629 2800 3844 2860 maritos

2228 2915 2430 2956 earum
2449 2898 2667 2954 Christi
2699 2899 3024 2955 ministerio
3055 2900 3425 2956 arbitrantur
3453 2896 3728 2969 indignos.

2297 3043 2319 3077 ⁴
2347 3045 2535 3098 Fratre
2581 3042 2843 3099 Sisinnio.
2883 3047 2960 3098 De
3013 3043 3120 3098 hoc
3196 3045 3407 3101 eodem
3453 3039 3695 3099 Sisinnio
3741 3034 3843 3090 haec

2229 3113 2585 3188 legunturgin
2630 3115 2967 3188 Prmfatione
2987 3119 3311 3188 Comment.
3351 3117 3455 3172 lib.
3492 3132 3529 3168 ιι
3586 3106 3846 3188 inZacha-

2231 3180 2406 3240 riam:
2441 3211 2462 3239 ι
2504 3186 2653 3261 Dum
2684 3186 2861 3261 frater
2889 3185 3186 3261 Sisinnius
3214 3192 3531 3261 rligyptum
3583 3185 3660 3239 ire
3703 3180 3848 3261 festi-

2228 3262 2447 3331 nat,‘ut
2476 3258 2930 3331 odoremmbonae
2962 3253 3454 3331 fragrantizequui
3485 3275 3519 3313 a
3549 3262 3601 3312 te
3645 3253 3838 3331 missus

2233 3323 2850 3401 est’fratribus,i_illuc
2909 3323 3141 3401 quoquuc
3191 3323 3532 3401 perferat.»
3570 3332 3674 3384 etc.
3713 3323 3850 3401 Han};

2234 3399 2516 3472 itaquein
2549 3394 2945 3471 Vigilantiam.
2989 3394 3607 3458 lu'crub'ratiunculam
3647 3394 3854 3472 scripsit

2233 3463 2386 3528 anno
2415 3463 2784 3537 ChristiinOG,
2819 3472 2874 3526 id
2900 3477 3006 3537 est,
3063 3479 3221 3527 sexto
3271 3472 3595 3530 consulatu
3649 3463 3854 3524 Arcadii

2232 3543 2504 3614 Augusti,
2537 3548 2602 3598 ut
2632 3542 2880 3614 ipsemet
2911 3547 3161 3598 testatur
3190 3545 3544 3600 Przefatione
3593 3538 3856 3614 III_Co_m-

2233 3609 2498 3671 mentarf
2530 3615 2587 3668 in
2643 3609 3220 3686 Amospropbetam.
3253 3620 3544 3673 MARTIAN.
3571 3646 3637 3654 -——
3665 3611 3738 3668 De
3762 3609 3853 3686 hoc

2231 3687 2407 3742 fratre
2439 3686 2697 3759 Sisinnio
2729 3677 2988 3742 diximus
3021 3687 3077 3741 in
3123 3688 3357 3758 praeﬁxa
3405 3689 3547 3745 huic
3604 3677 3859 3759 opusculo

2226 3758 2659 3814 Admonitione.

466 4030 2116 4064 mm

2229 4039 2830 4048 Ἦ

2229 4058 2632 4065 .—.___—._._
2641 4060 2830 4065 ._.____

1175 4212 1248 4270 IN
1279 4213 1427 4283 SEQ.
1461 4215 1594 4272 LIB.
1629 4215 1918 4272 CONTRA
1946 4215 2282 4273 JOANNEM
2322 4217 2688 4274 HIEROSOL.
2739 4217 3168 4276 ADMONITIO.

438 4609 444 4614 ,
533 4544 588 4602 4.
617 4544 876 4602 Joannes
909 4540 1490 4616 Hierosolymitanus,
1515 4541 1615 4614 qui
1645 4545 1778 4599 ante
1805 4541 2080 4616 adeptum
2109 4543 2508 4619 episcopatum
2536 4547 3118 4619 monachus,Arianis
3139 4557 3196 4608 et
3226 4552 3668 4611 Macedonianis
3697 4549 3868 4606 adhe-

464 4638 638 4702 serat,
674 4635 982 4706 postquam
1011 4630 1477 4704 adpontiﬁciam
1510 4631 1855 4703 dignitatem
1887 4638 2121 4690 evectus
2153 4638 2262 4702 est,
2295 4634 2659 4707 Origenistis,
2721 4638 2819 4709 qui
2864 4638 2921 4693 in
2974 4655 3041 4694 ea
3101 4641 3395 4712 provincia
3454 4643 3631 4699 multi
3689 4639 3864 4706 erant,

463 4739 634 4784 aures
665 4720 1146 4779 accommodavit.
1182 4721 1244 4775 Id
1276 4735 1425 4792 aegre
1447 4720 1765 4776 admodum
1800 4722 2063 4779 ferebant
2087 4723 2223 4780 boni
2254 4739 2480 4788 omnes,
2505 4728 2678 4797 atque
2708 4726 2765 4781 in
2799 4726 3004 4799 primis
3034 4728 3091 4782 S.
3138 4728 3523 4802 Epiphanius,
3586 4731 3686 4805 qui
3737 4741 3862 4787 eum

436 4809 872 4883 ,Hierosolymaa
902 4807 1191 4876 convenit,
1223 4825 1479 4880 praesens
1510 4814 1856 4881 praesentem
1889 4811 2156 4868 hortatus
2205 4817 2312 4877 est,
2374 4818 2436 4868 ut
2490 4829 2551 4868 se
2609 4814 2680 4868 ab
2730 4831 2921 4871 errore
2969 4817 3284 4888 reciperet:
3340 4817 3438 4875 ille
3495 4838 3526 4876 e
3581 4814 3861 4880 contrario

439 4902 541 4966 ita
570 4897 969 4967 excanduit,ut
997 4895 1387 4969 Epiphanium
1417 4897 1614 4970 ipsum
1645 4898 1715 4954 de
1745 4900 2477 4974 Anthropomorphitarum
2513 4903 2714 4960 haeresi
2747 4905 2977 4976 publice
3006 4905 3275 4961 incusare
3298 4924 3410 4962 non
3438 4909 3745 4966 dubitarit.
3777 4904 3859 4966 Ad

437 4988 581 5058 haec
612 4990 870 5069 rixarum
903 4986 1078 5043 homo
1099 4985 1371 5059 cupidus,
1405 5003 1613 5042 causas
1645 5004 1911 5059 quaerens
1941 4989 2230 5055 vindictae,
2265 4990 2324 5045 in
2356 5008 2422 5047 eo
2456 5009 2517 5048 se
2576 4991 2782 5048 laesum
2834 4995 2905 5048 ab
2962 4994 3285 5067 Epiphanio
3346 5003 3711 5069 conquestus
3756 4996 3856 5062 est,

461 5077 616 5149 quod
637 5066 734 5132 ille
782 5074 1193 5132 Paulinianum
1251 5076 1437 5132 sancti
1488 5075 1820 5149 Hieronymi
1873 5077 2109 5133 fratrem
2168 5079 2224 5134 in
2288 5080 2600 5137 Palaestinae
2657 5066 3024 5138 monasterio,
3069 5088 3356 5155 agentem,
3417 5066 3862 5142 extraditionem

457 5163 680 5218 scilicet
708 5162 1013 5219 Salaminii
1043 5163 1296 5238 episcopi
1327 5165 1732 5237 presbyterum
1764 5164 2136 5221 ordinaverit.
2171 5169 2332 5234 Quod
2365 5169 2463 5226 ille
2511 5187 2846 5241 quanquam
2902 5171 3042 5227 satis
3099 5173 3243 5229 bene
3302 5181 3644 5232 excusaret:
3707 5170 3859 5246 quod

439 5259 571 5304 'non
606 5249 664 5303 in
715 5249 992 5320 parochia
1036 5252 1247 5307 Joanni
1309 5251 1572 5323 subjecta
1621 5251 1681 5305 id
1732 5250 1981 5319 fecisset,
2014 5269 2313 5326 unamque
2361 5274 2489 5312 esse
2546 5255 2774 5311 dissidii
2831 5273 3066 5313 causam
3115 5261 3523 5331 obtestaretur,
3585 5261 3861 5323 violatam

455 5335 822 5410 Origenianis
880 5339 1253 5410 dogmatibus
1311 5345 1529 5396 rectam
1579 5341 1778 5409 fidem,
1827 5341 2086 5399 Joannes
2137 5343 2288 5398 hanc
2343 5363 2518 5400 unam
2579 5344 3004 5403 ordinationem
3055 5348 3368 5406 iracundiae
3429 5370 3544 5409 suae
3620 5364 3860 5407 causam

438 5417 822 5502 praetexebat.
847 5425 1237 5515 Quamobrem
1268 5432 1325 5482 et
1345 5429 1761 5502 Hieronymum
1787 5447 2039 5502 quoque,
2071 5432 2334 5503 ejusdem
2367 5432 2692 5488 Pauliniani
2744 5435 2956 5502 fratris,
2983 5435 3163 5493 multo
3212 5456 3343 5496 vero
3397 5443 3587 5515 magis
3660 5439 3866 5512 Orige-

450 5515 630 5573 nismi
662 5529 860 5581 causa,
891 5513 1023 5569 odio
1054 5513 1284 5570 habuit.
1311 5516 1457 5572 Cum
1490 5519 1647 5574 enim
1682 5520 1756 5574 ab
1782 5519 2092 5593 Epiphanii
2126 5520 2392 5592 partibus
2419 5526 2599 5577 staret
2628 5523 2684 5578 S.
2711 5523 2941 5591 Doctor,
2992 5531 3048 5580 et
3104 5543 3217 5581 non
3277 5529 3466 5586 solum
3503 5513 3720 5587 fratris
3775 5526 3868 5584 sui

453 5604 878 5673 ordinationem
903 5602 1126 5676 absque
1145 5603 1387 5659 alterius
1419 5605 1655 5676 injuria,
1690 5609 1793 5664 sed
1823 5627 1893 5667 ex
1923 5615 2153 5682 recepta
2181 5609 2333 5665 inter
2355 5609 2523 5684 Cypri
2579 5611 2881 5687 episcopos
2927 5618 3350 5674 consuetudine
3409 5621 3623 5676 factam
3683 5615 3865 5689 probe

452 5695 650 5767 sciret,
679 5692 781 5752 sed
810 5691 988 5750 etiam
1017 5690 1284 5767 Origenis
1311 5706 1534 5749 errores
1566 5695 1798 5753 acribus
1826 5715 1942 5771 qua
1964 5699 2176 5770 verbis,
2229 5717 2344 5776 qua
2399 5700 2632 5775 scriptis
2680 5702 3002 5776 jugularet,
3063 5704 3144 5766 ita
3197 5705 3440 5766 Joannis
3489 5706 3862 5768 iracundiam
