4094 6166
326 260 450 334 aee
1162 260 1479 332 CONTRA
1522 261 1896 331 JOANNEM
1939 262 2356 330 HIEROSOL.
2387 292 2467 312 --
2496 259 2959 329 ADMONITIO.
3624 251 3749 331 Μ

331 402 535 472 mavit,
572 405 639 460 ut
669 398 741 461 ab
774 390 875 461 illo
907 404 979 461 de
1009 402 1276 462 Ecclesiae
1307 401 1723 460 communione
1754 400 1927 459 fuerit
1953 400 2172 474 ejectus
2200 418 2211 457 :
2248 398 2478 457 tametsi
2530 416 2665 456 cum
2718 405 2841 457 tota
2906 398 3433 476 Hierosolymitana
3488 396 3748 470 Ecclesia

330 493 706 552 continenter
737 494 1205 551 communicarit.

401 583 455 638 2.
486 583 711 639 Tantos
739 583 1072 638 animorum
1100 587 1296 638 motus
1345 582 1663 638 Archelaus
1722 598 1918 638 comes
1970 596 2339 653 compescere
2400 578 2601 635 statim
2654 578 2821 635 initio
2863 579 3111 648 studuit,
3144 582 3524 654 condictoque
3582 581 3746 655 pacis

328 672 603 729 ineunda:
634 670 780 737 loco,
806 672 1084 742 quoniam
1100 672 1328 727 violatre
1361 671 1493 727 ﬁdei
1518 672 1775 743 suspicio
1806 671 2129 727 discordias
2157 669 2498 742 peperisset,
2531 685 2561 724 e
2592 667 2962 740 singulorum
2992 669 3499 741 ﬁdeiprofessione
3529 671 3745 729 inirent

331 761 726 817 concordiam.
762 759 1019 815 Joannes
1049 777 1204 827 vero,
1239 760 1416 815 semel
1449 764 1622 832 atque
1654 761 1864 815 iterum
1910 759 2176 816 invitanti
2208 760 2277 815 ad
2320 757 2736 831 paciscendum
2770 758 3077 826 Archelao,
3109 760 3281 814 modo
3314 776 3513 827 unam,
3572 762 3743 819 modo

335 850 543 919 aliam,
570 848 890 904 levissimas
916 850 1313 905 excusationes
1346 851 1731 921 praatendcns,
1767 849 2009 905 minime
2040 849 2254 922 paruit.
2289 849 2395 903 Sed
2429 848 2499 902 ad
2528 846 2921 919 Theophilum
2951 847 3514 915 51exandrinum,ut
3533 865 3637 921 par
3656 852 3745 906 est

339 938 593 1002 credere,
621 936 847 992 litteras
889 938 1066 1004 dedit,
1122 938 1179 991 in
1232 938 1447 1010 quibus
1505 937 1671 992 illum
1715 938 1785 992 de
1844 938 2264 1010 ingravescenti
2321 936 2613 993 discordia
2662 937 2968 992 certiorem
3056 938 3209 1002 fecit,
3250 938 3396 995 forte
3451 938 3625 994 etiam
3679 941 3747 994 ut

337 1026 701 1082 adversarios
724 1043 864 1081 suos
894 1026 1364 1098 reprehenderet,
1397 1027 1743 1097 deprecatus
1775 1032 1882 1082 est.
1916 1025 2273 1097 Theophilus
2306 1025 2517 1080 blande
2568 1042 2672 1096 pro
2728 1042 2794 1081 eo
2847 1042 2912 1080 ac
2961 1025 3162 1082 debuit
3205 1028 3276 1082 ad
3328 1028 3745 1100 Hieronymum

334 1115 600 1186 scripsit,
634 1114 822 1185 deque
855 1114 946 1168 his
978 1131 1108 1185 quae
1130 1115 1237 1169 abs
1266 1114 1488 1169 Joanne
1517 1119 1837 1185 acceperat,
1871 1114 2335 1179 commonefecit,
2370 1118 2429 1168 et
2457 1115 2525 1168 ad
2577 1130 2782 1186 pacem
2834 1114 3120 1169 invitavit.
3169 1117 3254 1171 Ad
3315 1131 3487 1187 quem
3547 1120 3748 1172 noster

327 1202 647 1276 epistolam
679 1204 781 1257 132
811 1202 869 1256 in
902 1208 1103 1258 nostra
1134 1202 1510 1258 reccnsionne
1537 1204 1823 1269 rescribit,
1858 1204 1915 1257 in
1948 1220 2064 1275 qua
2096 1220 2293 1275 pacem
2317 1204 2469 1258 ultro
2504 1218 2564 1258 se
2590 1219 2845 1274 quaerere
2874 1205 3194 1276 professus,
3228 1206 3453 1276 objecta
3482 1204 3747 1278 singilla-

327 1295 436 1349 tim
469 1291 666 1359 diluit,
702 1308 1023 1361 causasque
1054 1293 1493 1348 contentionum
1528 1297 1585 1348 et
1602 1292 1826 1347 violata}
1861 1292 1992 1348 fidei
2025 1292 2303 1365 legeritin
2336 1293 2643 1349 Joannem.
2681 1294 2839 1365 Tum
2865 1292 3153 1348 laboranti
3204 1292 3393 1366 magis
3442 1310 3509 1349 ac
3557 1293 3746 1367 magis

329 1381 597 1438 Ecclesia:
641 1396 978 1435 succurrere
1023 1380 1221 1435 volens
1281 1380 1659 1453 Theophilus,
1724 1381 2012 1436 Isidorum
2072 1382 2500 1453 presbyterum,
2563 1381 2794 1453 pietatis
2844 1381 3212 1454 aliarumque
3249 1383 3533 1439 virtutum
3589 1383 3747 1440 fama

330 1471 737 1536 notissimum,
772 1469 873 1523 sed
907 1485 1079 1540 quem
1114 1468 1461 1541 Origeniana
1490 1468 1650 1524 labes
1682 1470 2063 1541 corripuerat,
2084 1470 2344 1543 legatum
2381 1469 2562 1524 mittit
2592 1469 3049 1543 Hierosolymam
3083 1488 3217 1527 cum
3247 1470 3483 1539 litteris,
3531 1472 3749 1545 quibus

335 1575 689 1632 componere
713 1557 1065 1613 dissidentes
1097 1558 1325 1613 animos
1355 1559 1568 1613 studet.
1604 1562 1820 1613 Verum
1855 1558 2045 1615 malus
2078 1560 2185 1614 iste
2215 1558 2408 1631 pascis
2436 1563 2736 1629 sequester
2785 1576 2918 1615 cum
2970 1560 3203 1615 advenit
3261 1560 3745 1633 Hierosolymam,

336 1648 693 1721 legationem
725 1662 893 1702 suam
924 1646 1293 1712 renuntiavit,
1327 1647 1672 1701 commissas
1702 1651 1899 1702 tamen
1946 1647 2170 1703 litteras
2230 1648 2471 1702 reddere
2524 1648 2868 1720 Hieronymo
2929 1648 3138 1717 noluit,
3187 1649 3281 1704 cui
3341 1650 3645 1721 quaerenti,
3682 1650 3751 1707 Si

331 1739 539 1809 legatus
560 1753 637 1799 es,
673 1734 835 1789 redde
890 1735 1179 1803 legationis
1235 1735 1525 1805 epistolas;
1555 1736 1607 1788 si
1656 1735 1911 1804 epistolas
1968 1751 2077 1790 non
2129 1736 2314 1800 habes,
2376 1736 2637 1806 quomodo
2696 1738 2933 1807 legatum
2994 1746 3043 1793 te
3094 1739 3386 1810 probatis?
3442 1738 3745 1811 respondit

327 1827 543 1881 habere
578 1840 639 1880 se
670 1823 908 1895 quidem
943 1822 1188 1890 litteras,
1224 1823 1324 1878 sed
1371 1826 1638 1894 rogatum
1668 1826 1946 1877 aJoanne
1977 1838 2047 1877 ne
2075 1823 2373 1878 redderet:
2408 1823 2767 1894 proindeque
2799 1824 3008 1880 maluit
3037 1842 3097 1881 re
3146 1826 3360 1882 infecta
3423 1824 3742 1897 discedere,

330 1932 511 1987 quam
545 1911 756 1969 favoris
790 1912 846 1967 in
880 1912 1262 1985 Origenianas
1294 1917 1488 1984 partes
1517 1911 1715 1967 tollere
1749 1910 2169 1983 suspicionem.
2198 1914 2415 1967 Auctor
2445 1916 2641 1967 tamen
2702 1912 2812 1967 fuit
2860 1913 3093 1983 Joanni,
3154 1918 3220 1970 ut
3274 1914 3641 1988 Apologiam.
3672 1913 3744 1971 ad

326 2001 717 2075 Theophilum
750 2018 855 2074 pro
887 2018 995 2056 sua
1024 2018 1205 2056 causa
1235 2002 1533 2067 scriberet,
1555 2001 1626 2055 ad
1684 2017 1931 2072 eamque
2009 2001 2378 2057 scribendam
2442 2017 2678 2072 operam
2736 2018 2906 2057 suam
2952 2003 3363 2074 commodavit,
3417 2008 3479 2059 ut
3556 2002 3750 2075 inquit

340 2093 605 2156 Hieron.,
634 2093 765 2146 idem
803 2094 1016 2145 essetet
1069 2092 1305 2145 dictator
1360 2094 1409 2145 et
1468 2091 1686 2162 bajulus
1743 2091 2085 2145 litterarum.
2150 2092 2348 2162 Itaque
2403 2090 2661 2145 Joannes
2716 2090 3022 2162 Epiphanii
3079 2092 3336 2164 epistola:
3394 2093 3745 2165 respondere

344 2180 711 2252 dedignatus,
735 2178 1080 2251 Apologiam
1114 2177 1273 2232 illam
1308 2194 1747 2249 quaquaversus
1808 2177 1987 2244 misit,
2020 2178 2118 2234 sed
2156 2178 2531 2250 potissimum
2564 2178 2621 2232 in
2647 2178 3039 2247 Occidentem,
3098 2184 3161 2234 ut
3219 2179 3277 2234 in
3337 2181 3427 2236 sui
3487 2181 3739 2253 gratiam

335 2268 593 2324 maxime
622 2268 1017 2323 Romanorum
1050 2267 1415 2322 secerdotum
1449 2283 1618 2321 aures
1651 2272 2101 2339 praeoccuparet,
2136 2268 2350 2323 Revera
2382 2267 2796 2323 Pammachius
2820 2267 3139 2324 multorum
3173 2269 3403 2324 animos
3437 2270 3496 2325 in
3520 2270 3749 2325 diversa

330 2358 646 2414 distractos
677 2356 857 2411 fuisse
913 2355 1118 2410 scribit
1146 2355 1218 2410 ad
1242 2354 1680 2426 Hieronymum,
1716 2355 1845 2411 aliis
1871 2356 2189 2425 Salaminii,
2224 2356 2353 2412 aliis
2395 2356 2906 2428 Hierosolymitani
2939 2356 3194 2430 episcopi
3255 2375 3492 2414 causam
3537 2358 3736 2414 deten-

327 2447 647 2503 dentibus:
684 2445 897 2517 quibus
951 2445 1073 2517 ipse
1104 2444 1408 2509 excitatus,
1434 2444 1492 2499 S.
1525 2445 1828 2501 Doctorem
1878 2450 2060 2518 rogat,
2103 2449 2168 2500 ut
2224 2446 2365 2517 quid
2453 2445 2532 2500 rei
2582 2445 2677 2513 sit,
2741 2450 3011 2517 exponat.
3060 2446 3191 2501 Jam
3248 2461 3381 2501 vero
3439 2445 3547 2502 hoc
3598 2445 3747 2502 libro

327 2536 723 2607 Hieronymus
757 2532 839 2588 illi
872 2550 1090 2589 morem
1122 2533 1292 2605 gerit,
1327 2534 1719 2603 ostenditque,
1752 2534 1893 2589 adeo
1926 2551 2039 2589 non
2074 2533 2399 2590 Pauliniani
2424 2534 2641 2599 fratris,
2694 2533 3119 2591 ordinationem
3151 2551 3392 2592 causam
3423 2551 3551 2591 esse
3578 2534 3751 2592 dissi-

328 2626 429 2691 dii,
464 2625 570 2681 sed
599 2624 951 2695 Origenismi
984 2639 1207 2677 errores
1237 2622 1448 2677 Joanni
1478 2622 1757 2692 objectos,
1794 2627 1857 2677 ut
1889 2628 2275 2695 praeterquam
2308 2624 2464 2694 quod
2496 2623 2557 2677 in
2590 2621 3162 2695 Eleutheropolitano
3196 2622 3506 2692 territorio,
3540 2622 3663 2679 non
3687 2623 3748 2680 in

322 2714 564 2770 .Eliensi
619 2712 927 2768 ordinatus
986 2716 1074 2767 est
1104 2711 1506 2780 Paulinianus,
1540 2712 1716 2767 etiam
1750 2718 1883 2768 ante
1916 2714 2044 2783 ejus
2076 2712 2597 2777 consecrationem,
2622 2712 2749 2783 jam
2780 2712 3047 2784 Origenis
3074 2729 3254 2769 causa
3273 2713 3567 2769 Joannem
3594 2712 3747 2770 inter

324 2809 502 2875 atque
535 2800 934 2875 Epiphanium
954 2800 1127 2854 fuerit
1154 2799 1255 2854 illa
1286 2800 1602 2855 altercatio.
1628 2800 2063 2873 Origenismum
2095 2818 2226 2857 vero
2259 2802 2330 2857 ad
2362 2805 2493 2857 octo
2526 2804 2753 2857 revocat
2783 2800 2995 2873 capita,
3026 2817 3057 2856 e
3090 2801 3305 2872 quibus
3377 2801 3491 2857 tria
3511 2806 3741 2858 tantum

320 2891 611 2965 Apologia
644 2888 746 2943 illa
797 2906 906 2944 sua
936 2889 1194 2944 Joannes
1227 2890 1582 2961 purgaverit,
1644 2892 1697 2944 1ο
1722 2908 1826 2946 nec
1882 2890 2095 2945 Filium
2146 2890 2342 2945 videre
2416 2905 2587 2962 posse
2649 2890 2899 2957 Patrem,
2958 2905 3063 2945 nec
3119 2888 3426 2962 Spiritum,
3486 2889 3739 2958 Filium;

318 2982 376 3036 2°
405 2981 643 3037 animas
674 2982 913 3050 propter
944 2983 1177 3049 peccata
1207 2996 1237 3034 e
1268 2977 1408 3034 coelo
1456 2978 1723 3052 delapsas
1758 2981 1814 3035 in
1845 2997 2058 3052 corpus
2115 2996 2243 3036 esse
2287 2979 2465 3035 veluti
2497 2979 2554 3033 in
2586 2995 2875 3034 carcerem
2909 2979 3200 3049 coniectas
3230 2996 3243 3046 ;
3276 2980 3334 3033 3°
3364 2978 3651 3046 futurum,
3679 2983 3745 3036 ut

321 3069 591 3127 diabolus
616 3067 1009 3139 resipiscat,et
1028 3073 1481 3134 convertatur,et
1497 3086 1628 3123 cum
1654 3071 1871 3125 sanctis
1894 3074 2095 3143 regnet
2119 3088 2131 3138 ;
2158 3071 2216 3125 4ο
2231 3070 2520 3124 Adamum
2554 3073 2609 3123 ct
2630 3070 2805 3123 Evam
2830 3072 3147 3140 antequam
3168 3071 3477 3141 peccarent
3498 3066 3739 3141 Corpore

321 3158 607 3225 caruisse,
632 3173 764 3228 qure
795 3172 1037 3228 corpora
1067 3156 1280 3213 tunicis
1313 3157 1570 3229 pelliceis
1595 3163 1726 3230 post
1757 3164 2059 3231 peccatum
2092 3158 2457 3225 indicantur;
2488 3158 2549 3212 5°
2577 3173 2813 3213 carnem
2845 3174 3218 3229 nequaquam
3241 3156 3595 3213 suscitatum
3635 3154 3737 3233 iri,

321 3264 550 3320 nosque
578 3254 722 3301 sexu
751 3246 806 3299 in
845 3246 1264 3301 resurrectione
1295 3248 1579 3302 carituros
1614 3265 1627 3315 ;
1658 3250 1717 3301 οο
1765 3246 2105 3318 paradisum
2164 3251 2496 3301 terrestrem
2558 3245 2865 3319 allegorice
2912 3245 3359 3319 intelligendum
3388 3263 3402 3314 ;
3429 3248 3488 3299 7⁸
3547 3262 3739 3317 aquas.

326 3354 455 3409 quae
488 3350 670 3406 super
698 3333 875 3388 coclos
908 3333 965 3386 in
996 3334 1292 3404 Scriptura
1318 3334 1615 3399 dicuntur,
1646 3351 1774 3389 esse
1804 3336 2062 3405 angelos,
2097 3351 2223 3407 quae
2256 3335 2456 3391 subter
2498 3336 2674 3391 caelos
2731 3339 2891 3403 sunt,
2946 3335 3242 3401 daemones
3276 3353 3289 3403 ;
3320 3336 3381 3391 8°
3434 3334 3739 3391 hominem

323 3442 428 3498 per
458 3427 767 3497 peccatum
810 3422 910 3477 Dei
943 3422 1262 3495 imaginem
1293 3424 1583 3479 amisisse.
1619 3423 1733 3479 Hos
1794 3423 1990 3496 itaque
2046 3440 2272 3481 errores
2331 3424 2543 3480 iterum
2599 3424 2812 3481 Joanni
2868 3423 3090 3495 objicit,
3153 3426 3400 3496 ejusque
3446 3422 3741 3497 Apologia;

327 3512 607 3584 strophas
634 3511 910 3584 exagitat,
941 3511 1135 3582 ipsum
1168 3512 1440 3567 continuo
1470 3510 1775 3585 alloquens
1805 3512 2399 3586 llierosolymitanum
2425 3514 2792 3585 episcopum.

408 3602 466 3655 3.
497 3604 645 3655 Sunt
671 3618 857 3671 porro,
892 3600 1109 3671 quibus
1142 3600 1290 3656 liber
1318 3601 1426 3657 iste
1455 3601 1528 3656 ab
1558 3606 1792 3658 auctore
1824 3618 1936 3655 non
1988 3600 2192 3655 finitus
2238 3600 2522 3667 videatur,
2582 3600 2735 3671 quod
2787 3617 2854 3655 ea
2900 3602 3121 3656 factum
3167 3600 3239 3655 de
3286 3616 3466 3657 causa
3514 3604 3744 3673 putant,

333 3690 499 3763 quod
523 3704 589 3745 eo
617 3688 737 3760 ipso
768 3694 1031 3761 tempore
1062 3706 1176 3761 quo
1207 3690 1595 3755 scribebatur,
1627 3690 1931 3762 Theophili
1954 3689 2146 3745 studio
2177 3706 2289 3761 pax
2319 3688 2465 3744 inita
2512 3690 2749 3744 tandem
2804 3689 2898 3744 sit.
2932 3693 3150 3745 Verum
3200 3704 3389 3760 neque
3448 3689 3748 3761 improba-

322 3778 450 3836 bile
480 3778 562 3833 sit
591 3779 839 3851 opinari,
868 3782 1201 3850 temporum
1234 3780 1450 3851 injuria
1480 3784 1833 3852 postremam
1868 3780 1995 3850 ejus
2028 3785 2279 3850 partem,
2339 3793 2586 3849 eamque
2644 3776 3018 3849 perexiguam
3071 3775 3377 3831 excidisse.
3432 3776 3506 3832 Ut
3563 3780 3629 3833 ut
3685 3793 3750 3835 se

322 3886 417 3925 res
448 3868 689 3935 habeat,
720 3873 872 3923 certe
904 3868 1181 3923 Ruﬁnum
1215 3868 1386 3924 latuit
1417 3868 1616 3925 isthmc
1648 3869 2029 3933 elucubratio,
2055 3868 2113 3921 in
2145 3882 2320 3938 quam
2353 3866 2606 3921 maxime
2635 3865 2861 3921 velitari
2890 3882 3006 3921 non
3030 3863 3355 3921 destitisset
3401 3864 3461 3921 in
3514 3867 3747 3923 Invecti-

324 3974 523 4013 vamm
553 3955 746 4011 libris.
780 3957 858 4010 Ex
888 3955 982 4011 his
1013 3955 1228 4011 mirum
1261 3962 1550 4028 quantum
1580 3957 1794 4011 eruditi
1832 3956 1934 4011 viri
1967 3955 2325 4011 dissentiunt
2355 3955 2412 4009 in
2446 3954 2802 4026 assignanda
2852 3953 2934 4008 illi
2989 3954 3269 4026 temporis
3325 3953 3543 4027 epocha
3571 3971 3584 4009 :
3646 3954 3749 4027 qui

328 4046 503 4103 citius
534 4062 693 4102 anno
726 4046 849 4111 393,
884 4047 979 4116 qui
1018 4046 1207 4101 serius
1239 4048 1363 4113 406,
1397 4046 1665 4117 attigunt,
1709 4046 1995 4117 aliiprout
2025 4043 2258 4098 libitum
2290 4044 2417 4109 fuit,
2444 4041 2807 4097 intermediis
2838 4040 3030 4097 annis.
3064 4042 3180 4097 Nos
3212 4046 3277 4096 ut
3332 4059 3427 4097 an.
3476 4042 3603 4109 399,
3662 4042 3751 4099 vel

330 4137 434 4191 400
456 4134 903 4207 consignemus,
938 4135 1169 4189 duobus
1196 4133 1355 4189 hisce
1386 4132 1749 4204 argumentis
1782 4131 2227 4203 persuademur,
2267 4146 2394 4200 quae
2454 4129 2513 4183 in
2545 4127 2697 4183 notis
2744 4127 3124 4201 Chronologis
3182 4128 3575 4200 Epistolarum
3625 4130 3750 4200 jam

328 4223 773 4298 proposuimus.
806 4223 1067 4277 Primum
1098 4228 1207 4287 est,
1241 4223 1396 4294 quod
1426 4220 1889 4278 Commentarios
1922 4221 1978 4274 in
2012 4218 2442 4284 Ecclesiastem,
2478 4221 2535 4271 et
2566 4216 3032 4289 explanationem
3068 4215 3334 4287 Epistolis
3369 4217 3441 4271 ad
3473 4216 3753 4289 Ephesios

332 4329 463 4369 ase
487 4317 609 4368 ante
638 4328 813 4367 annos
844 4311 1019 4385 ferme
1074 4312 1257 4367 decem
1308 4311 1716 4365 concinnatam
1761 4310 1970 4375 tradit;
2002 4325 2149 4381 quos
2200 4311 2263 4363 ut
2319 4307 2387 4361 de
2441 4305 2890 4362 Commentariis
2960 4308 3190 4360 tantum
3249 4305 3539 4373 dicamus,
3600 4305 3755 4362 circa

333 4418 559 4459 annum
590 4403 696 4456 390
716 4402 1033 4457 adornasse
1058 4402 1210 4456 idem
1244 4401 1367 4471 ipse
1390 4404 1637 4455 testatur
1668 4403 1792 4454 tum
1823 4399 1983 4467 alibi,
2017 4404 2142 4453 tum
2176 4397 2462 4470 praecipue
2510 4397 2565 4450 in
2603 4396 2945 4451 eorumdem
2987 4394 3328 4451 Praefatione
3384 4394 3454 4449 ad
3507 4394 3748 4451 Paulam

324 4496 381 4548 et
412 4489 820 4561 Eustochium,
847 4490 966 4557 ubi,
1003 4496 1117 4561 post
1145 4498 1323 4559 ferme
1353 4492 1810 4561 quinquennium,
1845 4505 1912 4543 ex
1943 4505 2057 4559 quo
2088 4491 2271 4544 Roma
2300 4486 2599 4553 evasisset,
2658 4485 2815 4541 istud
2865 4501 2926 4541 se
2985 4484 3179 4557 operis
3222 4483 3577 4556 suscepisse,
3638 4482 3759 4556 pla-

326 4579 582 4636 nissime
616 4579 857 4633 indicat.
891 4579 991 4634 llis
1024 4595 1192 4651 porro
1225 4579 1271 4634 si
1308 4579 1486 4633 ferme
1518 4579 1713 4633 decem
1747 4576 2107 4648 adjunxeris,
2141 4594 2333 4632 annus
2358 4576 2612 4631 efficitur
2641 4575 2746 4629 399
2777 4579 2878 4629 aut
2919 4575 3043 4628 400.
3092 4572 3377 4639 Alterum,
3440 4586 3556 4645 quo
3600 4571 3759 4629 idem

328 4674 571 4740 tempus
594 4666 909 4740 colligitur,
938 4671 1351 4738 argumentum
1383 4666 1518 4721 inde
1546 4666 1825 4737 petimus,
1850 4666 2004 4737 quod
2035 4666 2145 4721 sub
2204 4663 2484 4735 Opusculi
2534 4666 2709 4718 tinem
2772 4680 2833 4718 se
2891 4662 3032 4717 dicit
3069 4670 3197 4718 ante
3264 4678 3446 4718 annos
3497 4660 3761 4716 tredecim

327 4757 687 4812 Antiochiam
716 4757 1132 4811 celeberrimam
1160 4758 1353 4811 urbem
1375 4756 1694 4823 deseruisse,
1718 4761 1775 4810 ut
1804 4758 1863 4810 in
1894 4755 2045 4823 agris
2076 4769 2140 4809 ac
2190 4754 2504 4817 solitudine,
2559 4753 2942 4807 adolescentiae
3000 4751 3212 4820 deﬂens
3263 4754 3504 4821 peccata,
3557 4747 3763 4805 Christi

334 4848 393 4901 in
419 4863 474 4901 se
495 4846 938 4901 misericordiam
958 4846 1275 4914 deﬂecteret.
1313 4846 1637 4910 Enimvero,
1672 4862 1787 4899 non
1822 4844 1935 4899 nisi
1958 4844 2029 4898 ab
2060 4849 2255 4897 exacto
2287 4858 2437 4896 anno
2466 4841 2571 4894 386
2602 4840 2662 4894 hi
2697 4839 2971 4895 tredecim
3025 4838 3334 4910 supputari
3391 4835 3511 4891 ullo
3587 4835 3760 4891 modo

333 4940 607 5008 possunt,
634 4934 925 5007 siquidem
948 4952 1134 5006 usque
1164 4936 1235 4989 ad
1265 4933 1585 5005 superioris
1614 4934 1719 4987 385
1748 4936 2079 5005 Augustum
2107 4946 2368 4985 mensem
2404 4930 2597 4983 Romae
2624 4946 2760 4984 eum
2819 4927 3155 4983 constitisse
3204 4928 3573 4997 compertum
3630 4926 3761 4989 est;

335 5040 456 5096 quo
489 5028 749 5096 tempore
780 5040 910 5078 cum
938 5023 996 5077 in
1024 5023 1315 5078 Orientem
1348 5023 1780 5093 adnavigassct,
1811 5020 1943 5075 aliis
1974 5021 2227 5075 subinde
2254 5018 2593 5091 regionibus
2624 5016 2970 5089 peragratis,
3023 5018 3146 5069 tum
3209 5014 3448 5068 demum
3498 5010 3767 5067 substitit

334 5112 699 5167 Antiochia:
736 5129 913 5183 quam
940 5112 1146 5166 urbem
1177 5112 1304 5166 ideo
1336 5128 1397 5167 se
1429 5110 1649 5165 indicat
1671 5109 2019 5176 deseruisse,
2053 5109 2208 5180 quod
2250 5109 2308 5162 in
2342 5107 2471 5177 eius
2501 5103 2781 5171 Ecclesia,
2838 5104 2909 5158 ad
2970 5119 3146 5174 quam
3201 5101 3275 5181 ob
3333 5098 3766 5158 ordinationem

334 5202 635 5274 pertinere
663 5201 975 5267 videretur,
1028 5218 1165 5255 cum
1221 5200 1523 5271 splendide
1552 5202 1750 5270 posset
1790 5213 2034 5252 munere
2090 5196 2401 5253 sacerdotii
2441 5193 2701 5265 defungi,
2770 5190 2980 5247 maluit
3036 5206 3208 5262 agros
3236 5207 3326 5246 ‘ac
3384 5188 3766 5247 solitudinem

334 5294 648 5363 aeppetere,
672 5295 736 5345 ut
758 5289 1161 5346 adolescentiae
1193 5294 1426 5362 peccata
1457 5287 1798 5361 poenitentia
1829 5287 2063 5344 deleret.
2099 5286 2401 5343 Tredecim
2432 5300 2567 5355 ergo
2598 5280 2872 5338 annisilli
2914 5280 3021 5335 386
3071 5279 3528 5352 supperadditis,
3579 5278 3765 5335 exori-

338 5379 588 5447 tur399,
622 5378 977 5434 autinitium
1005 5380 1128 5446 400,
1154 5379 1245 5433 cui
1299 5378 1484 5449 magis
1536 5376 1723 5449 placet
1782 5376 1937 5432 hunc
1988 5376 2208 5432 librum
2258 5374 2569 5437 ascribere,
2631 5374 2945 5441 antequam
3005 5367 3264 5424 Isidorus
3332 5366 3767 5424 Alexandrinus

342 5469 658 5542 presbyter
684 5485 717 5523 a
748 5469 967 5539 synodo
997 5469 1126 5539 ejus
1156 5468 1293 5523 anni
1319 5484 1384 5522 ac
1416 5466 1525 5522 loci
1559 5483 1662 5538 per
1691 5465 2085 5538 Theophilum
2119 5464 2498 5518 damnaretur
2540 5460 2643 5529 (1).

412 5611 492 5683 (1)
522 5609 670 5665 Vide
699 5608 1139 5667 adnotationem
1169 5611 1431 5667 nostram
1460 5606 1523 5663 in
1552 5606 1780 5663 Praefat.
1814 5604 2103 5673 Chronici,
2137 5603 2238 5659 ubi
2270 5602 2341 5658 de
2372 5599 2678 5657 Vincentio
2701 5599 2759 5657 S.
2786 5598 2976 5657 Patris
3006 5598 3189 5658 nostri
3224 5598 3436 5656 comite
3510 5594 3767 5669 agimus.
