4110 6162
435 254 560 343 an

435 436 1395 471 3:22:22:

1715 280 1778 345 S.
1812 278 2127 348 EUSEBII
2171 278 2642 349 HIERONYMI.

3663 290 3769 369 371

1396 443 3767 486 W

1161 615 1284 722 ε.
1344 622 2022 724 EUSEBII
2090 623 3114 730 EIERONYMI

1616 838 2133 897 STRIDONENSIS
2190 840 2634 898 PRESBYTER]

1057 1021 1471 1199 CONTRA
1567 1024 2057 1173 JOANNEM
2150 1026 3208 1194 HIEBOSOLYMITANUM

1254 1313 1507 1437 AD
1634 1314 3024 1442 PAMMAGHIUM

1752 1573 2071 1661 LIBER
2155 1573 2471 1664 UNUS
2502 1568 2523 1608 ¹

498 1946 650 2003 407
686 1943 738 2001 4.
771 1943 1150 2001 Periculosum
1188 1942 1254 2000 de
1309 1945 1539 2001 alterius
1580 1944 1766 2001 animo
1796 1943 2064 2013 iudicare.
2102 1943 2158 2010 Α
2187 1957 2312 1999 rem
2343 1945 2544 1999 contra
2572 1936 2718 1999 alios
2747 1958 2863 1999 non
2894 1944 3162 1999 tenemus
3186 1960 3204 1997 :
3258 1938 3403 2015 quin
3459 1938 3635 2014 potius
3684 1953 3801 1995 ora-

432 2034 588 2090 —-Si
637 2036 808 2107 juxta
864 2033 1111 2091 Paulum
1162 2033 1526 2106 apostolum,
1577 2034 1732 2105 quod
1788 2033 2079 2091 sentimus

431 2141 597 2181 orare
626 2141 742 2179 non
774 2124 1289 2196 possumus(Rom.
1338 2140 1461 2190 VIII,
1530 2123 1643 2194 26),
1704 2139 1771 2181 ac
1831 2122 2077 2194 prOpriae

429 2213 648 2269 mentis
677 2212 1090 2286 cogitationem
1113 2229 1306 2269 sermo
1344 2228 1459 2267 non
1513 2210 1796 2283 explicat;
1858 2216 2077 2283 quanto

429 2302 621 2376 magis
653 2301 1046 2375 periculosum
1078 2305 1167 2356 est
1196 2301 1267 2356 de
1298 2300 1539 2357 alterius
1570 2300 1765 2356 animo
1789 2300 2074 2373 judicare,

427 2395 486 2448 et
504 2389 871 2464 singulorum
895 2390 1183 2446 dictorum
1208 2395 1380 2461 atquc
1405 2389 2076 2462 verboruminvestigare

430 2483 610 2553 atque
640 2481 897 2553 proferre
927 2480 1212 2535 rationem
1235 2479 1262 2533 Τ
1290 2480 1511 2535 Natura
1536 2478 1843 2534 hominum
1897 2494 2077 2550 prona

430 2575 520 2626 est
548 2569 620 2624 ad
646 2568 1038 2636 clementiam,
1056 2572 1113 2623 et
1143 2568 1203 2622 in
1234 2568 1422 2624 alieno
1455 2573 1688 2640 peccato
1702 2568 1792 2623 sui
1824 2567 2076 2640 quisque

427 2659 760 2715 miseretur.
790 2657 849 2712 Si
880 2673 1017 2728 ergo
1039 2672 1204 2712 reum
1228 2657 1287 2711 in
1348 2672 1616 2712 sermone
1685 2656 2075 2728 reprehende-

427 2747 532 2815 ris,
566 2745 1001 2817 simplicitatem
1035 2745 1301 2811 vocabit;
1335 2745 1385 2799 si
1438 2744 1817 2800 calliditatem
1873 2761 2075 2817 argue-

428 2835 532 2905 ris,
560 2834 915 2907 imperitiam
946 2833 1337 2904 contitebitur,
1371 2838 1436 2887 ut
1484 2832 1879 2905 suspicionem
1937 2833 2074 2889 vitet

427 2923 878 2996 malitiamAtque
894 2924 990 2979 [iet
1010 2923 1168 2978 itaut
1194 2928 1260 2977 tu
1291 2922 1391 2994 qui
1414 2920 2033 2995 arguis,calumniator
2057 2939 2069 2977 :

427 3012 527 3069 ille
556 3012 658 3085 qui
678 3011 1110 3086 reprenhditur,
1151 3028 1266 3068 non
1296 3010 1626 3079 haereticus,
1659 3011 1762 3066 sed
1816 3010 2073 3067 rusticus

421 3102 740 3175 judicetur.
782 3101 970 3169 Nosti,
1028 3101 1366 3157 Pammachi
1417 3102 1523 3167 [Αἰ.
1585 3099 2070 3171 Pammachium],

427 3189 582 3248 hosti
615 3208 708 3248 me
738 3192 810 3246 ad
841 3191 950 3247 hoc
980 3207 1128 3262 opus
1157 3207 1272 3245 non
1307 3189 1651 3256 inimicitiis,
1703 3205 1819 3245 non
1876 3188 2071 3261 gloriae

422 3274 741 3353 cupiditate
802 3280 1200 3347 descendere;
1256 3280 1357 3334 sed
1417 3282 1793 3350 provocatum
1853 3277 2068 3333 litteris

418 3370 538 3425 tuis
569 3386 637 3425 cx
668 3369 871 3425 ardore
903 3368 1076 3435 ﬁdei;
1123 3384 1190 3424 ac
1210 3367 1355 3423 velle
1405 3368 1454 3422 si
1506 3367 1627 3422 fieri
1676 3371 1888 3439 potest,
1944 3383 2064 3422 om-

418 3474 523 3514 nes
551 3457 824 3530 idipsum,
841 3473 1065 3529 sapere,
1101 3474 1206 3512 nec
1236 3456 1612 3528 impatientia
1654 3471 1719 3511 ac
1779 3455 2064 3512 temerita-

415 3546 494 3602 tis
523 3562 693 3619 posse
723 3545 1093 3619 reprehendi,
1126 3546 1175 3601 si
1210 3546 1311 3613 [Αι.
1347 3546 1478 3617 qui]
1546 3549 1681 3616 post
1739 3544 2060 3600 triennium

413 3634 639 3706 loquor.
675 3634 934 3707 Denique
964 3634 1077 3692 nisi
1109 3634 1180 3690 ad
1211 3632 1551 3705 Apologiam
1580 3634 1622 3698 ³,
1656 3632 1727 3688 de
1757 3649 1874 3704 qua
1903 3649 2060 3688 nunc

412 3722 665 3780 scribere
697 3724 952 3791 institui,
984 3722 1305 3779 multorum
1331 3722 1561 3777 animos
1588 3721 1811 3777 diceres
1835 3725 2059 3793 pertur-

412 3811 602 3878 batos,
632 3816 690 3867 et
732 3812 791 3866 in
851 3817 1160 3884 utramque
1217 3815 1438 3883 partem
1490 3811 1775 3866 fluctuare
1827 3814 2059 3865 senten-

413 3897 583 3969 tiam,
640 3900 1008 3955 decreveram
1056 3900 1209 3955 408
1241 3899 1300 3954 in
1332 3899 1563 3973 incepto
1639 3898 1870 3957 silentio
1927 3916 2055 3971 per-

412 4003 670 4043 manere.

418 4080 423 4085 ’
482 4079 535 4131 2.
568 4076 801 4133 Novatus
831 4086 905 4134 est
933 4081 1251 4135 Montanus.
1308 4080 1415 4147 Qui
1464 4094 1604 4150 pure
1649 4078 1841 4142 credit,
1896 4092 2054 4149 pure-

408 4169 559 4240 loqui
578 4167 745 4224 debet.
777 4168 841 4223 In
868 4168 1182 4239 suspicione
1209 4168 1472 4225 haereseos
1499 4183 1661 4223 nemo
1702 4169 1777 4221 sit
1813 4168 2048 4238 patiens.

402 4287 472 4299 —~
503 4259 776 4315 Facessat
806 4258 1005 4330 itaque
1035 4257 1291 4313 Novatus
1323 4256 1658 4313 errantibus
1690 4270 1803 4309 non
1836 4270 2050 4309 manus

396 4348 725 4420 porrigens,
758 4347 1073 4402 Montanus
1104 4363 1237 4401 cum
1271 4344 1495 4401 insanis
1526 4343 1761 4399 feminis
1790 4347 2047 4415 proster-

394 4440 588 4501 natur,
613 4436 881 4505 jacentes
910 4435 971 4489 in
1003 4434 1344 4489 barathrum
1394 4431 1785 4504 praecipitans,
1836 4446 1909 4486 ne
1964 4429 2047 4485 le-

394 4527 624 4578 ventur.
671 4522 938 4585 Quotidie
990 4538 1304 4594 peccamus
1353 4535 1559 4575 omnes
1616 4523 1673 4574 et
1728 4517 1787 4573 in
1847 4518 2045 4591 aliquo

395 4609 672 4668 labimur:
704 4611 810 4675 Qui
832 4627 967 4684 ergo
998 4610 1058 4667 in
1091 4628 1196 4667 nos
1237 4610 1553 4666 clementes
1601 4624 1832 4679 sumus,
1891 4609 2043 4683 rigo-

471 4773 620 4829 1Ed.
682 4772 928 4829 Vallars.
961 4772 1042 4827 sic
1099 4771 1283 4827 edidit
1338 4769 1614 4827 titulum:
1662 4772 1860 4843 Incipit
1908 4772 2046 4829 liber

396 4851 457 4905 S.
509 4847 831 4917 Hieronymi
880 4845 1184 4917 presbyteri
1242 4844 1310 4898 ad
1378 4843 1825 4917 Pammachiumi
1852 4852 2043 4900 contra

394 4920 552 4976 Joan.
586 4914 896 4977 Hierosot.}
946 4914 1212 4972 Martian.
1274 4931 1426 4980 vero,
1488 4914 1752 4970 Adversus
1807 4916 2041 4972 hereses

394 4990 642 5051 Joannis,
685 4992 796 5044 etc.
856 4990 1014 5044 Enir.
1078 5020 1144 5028 —
1203 4989 1469 5043 Adversus
1527 4987 1760 5043 haereses
1812 4988 2041 5042 Joannis

398 5058 773 5126 Hierosolym.
819 5061 881 5115 In
948 5060 1248 5116 recentiori
1310 5077 1421 5115 ms.
1475 5058 1670 5114 codice
1728 5057 2039 5113 Sorbonico

394 5127 480 5201 ita
534 5127 907 5201 inscribitur:
970 5133 1168 5201 Incipit
1228 5132 1371 5187 liber
1438 5132 1495 5184 S.
1586 5129 1905 5200 Hieronymi
1970 5129 2040 5183 ad

394 5196 1028 5285 Pammachiuhmlcontru
1064 5196 1338 5285 Joannem
1394 5196 1867 5285 Hierosolymitdn:
1924 5202 2038 5269 epi-

391 5270 629 5346 scopum.
662 5276 712 5320 et
735 5270 993 5346 Ruﬁnum
1017 5275 1394 5346 presbyterum
1424 5270 1672 5342 Origenis
1694 5275 2034 5346 assertorem.

396 5342 458 5397 In
490 5340 687 5416 codice
717 5355 847 5416 vero
877 5340 1249 5416 Cluniacensi
1281 5364 1299 5400 :
1331 5340 1539 5416 Incipit
1554 5345 1695 5401 liber
1742 5344 1796 5399 S.
1857 5343 2039 5399 Hiero-

398 5411 553 5484 nymi
581 5410 886 5484 presbyteri
912 5411 978 5465 de
1007 5417 1277 5470 creatione
1320 5410 1540 5481 animm,
1570 5418 1653 5471 vel
1691 5415 1754 5470 de
1802 5430 2040 5469 resurre-

395 5483 576 5564 ctione
613 5483 813 5564 carnis
864 5492 1051 5538 contra
1088 5487 1388 5564 epistolam
1462 5487 1651 5564 Ruﬁni
1722 5488 1821 5564 (ioc
1846 5486 2037 5564 __i_nodo

393 5554 693 5613 scribentis.
749 5553 951 5609 Sermo
1009 5553 1177 5610 nobis
1230 5561 1320 5610 est
1377 5553 1639 5613 omnium
1689 5557 2033 5623 visibilium,

389 5633 531 5697 'etc.,
561 5631 627 5686 ut
653 5624 929 5700 leguntur
958 5625 1017 5683 in
1073 5624 1264 5683 medio
1318 5626 1562 5697 hiqusce
1620 5628 1912 5700 Epistolas.
1972 5628 2037 5685 ln

2189 2049 2344 2098 mus,
2378 2032 2780 2100 obsecramus,
2810 2034 2879 2088 ut
2905 2034 3008 2087 aut
3036 2030 3388 2104 simpliciter
3412 2034 3603 2087 nostra
3641 2027 3805 2084 fatea-

2187 2125 2302 2190 tur,
2336 2125 2440 2177 aut
2478 2125 2675 2194 aperte
2731 2120 3005 2177 defendat
3060 2119 3276 2176 aliena.
3326 2118 3470 2176 Nolo
3522 2117 3808 2174 verborum

2186 2210 2643 2283 ambiguitates:
2703 2209 2834 2266 nolo
2893 2208 3039 2264 mihi
3095 2208 3233 2274 dici,
3297 2208 3455 2282 quod
3527 2209 3582 2264 et
3658 2204 3809 2261 aliter

2186 2300 2375 2371 possit
2428 2298 2698 2372 intelligi.
2758 2298 3031 2355 Revelata
3076 2298 3225 2354 facie
3278 2297 3529 2373 gloriam
3598 2292 3809 2351 Domini

2186 2388 2653 2462 contemplemur
2679 2389 2752 2459 (II
2804 2388 2923 2444 Cor.
2958 2404 3040 2453 Ill,
3070 2388 3182 2459 18).
3212 2386 3593 2444 Claudicabat
3629 2399 3800 2456 quon-

2185 2479 2319 2534 dam
2351 2484 2408 2534 et
2441 2477 2791 2534 Israeliticus
2820 2476 3075 2551 populus
3104 2476 3166 2533 in
3205 2480 3467 2549 utroque
3512 2474 3665 2548 pede.
3711 2471 3815 2528 Sed

2184 2568 2333 2623 Elius
2365 2611 2379 2636 ,
2408 2567 2508 2639 qui
2541 2568 2973 2639 interpretatur,
3003 2567 3166 2633 fortis
3194 2566 3499 2622 Domini”:
3558 2587 3587 2614 «
3640 2561 3815 2634 Usque

2184 2673 2300 2728 quo
2321 2655 2768 2725 ait,claudicatis
2789 2655 2849 2711 in
2882 2660 3131 2727 utroque
3145 2655 3403 2729 vestigio
3420 2656 3449 2710 ?
3468 2654 3527 2710 Si
3556 2650 3813 2709 Dominus

2183 2750 2273 2801 est
2301 2744 2777 2811 Deus,ambulate
2798 2748 2931 2817 post
2958 2761 3093 2800 eum
3117 2761 3131 2799 :
3161 2744 3211 2800 si
3240 2749 3449 2801 autem
3474 2741 3623 2809 Baal,
3640 2738 3813 2812 sequi-

2185 2833 2328 2890 mini
2358 2850 2493 2890 eum
2525 2835 2623 2906 (III
2650 2835 2776 2905 Reg.
2809 2851 2975 2899 xvm,
3005 2833 3119 2906 2i).
3140 2854 3169 2882 n
3200 2833 3270 2888 Et
3308 2834 3439 2907 ipse
3468 2828 3814 2888 Dominusde

2180 2923 2399 2979 Judzeis
2424 2940 2435 2977 :
2462 2945 2491 2973 «
2525 2922 2654 2979 Filii
2691 2921 2866 2978 alieni
2898 2920 3129 2978 mentiti
3147 2925 3292 2978 sunt
3328 2921 3477 2978 mihi
3500 2937 3515 2977 :
3542 2918 3643 2975 ﬁlii
3658 2915 3813 2975 alieni

2182 3013 2665 3078 inveteraverunt,
2699 3016 2757 3067 et
2797 3010 3273 3068 claudicnverunt
3332 3028 3368 3067 a
3423 3007 3653 3067 semitis
3705 3005 3814 3063 suis

2181 3101 2355 3173 (Psut.
2387 3118 2525 3167 xvn,
2554 3101 2644 3156 46.
2680 3122 2708 3150 ››
2739 3100 2906 3156 Certe
2933 3099 2983 3154 si
3016 3099 3306 3156 haereseos
3362 3097 3530 3155 nulla
3580 3093 3815 3169 suspicio

2180 3194 2271 3246 est
2298 3190 2387 3261 (ut
2414 3190 2585 3261 cupio
2615 3192 2670 3244 et
2700 3189 2894 3261 credo)
2915 3204 3021 3243 cur
3051 3204 3165 3244 non
3195 3188 3401 3245 verbis
3430 3186 3581 3243 meis
3636 3198 3814 3241 meum

2181 3295 2422 3335 sensum
2451 3277 2712 3351 loquitur
2738 3278 2766 3333 ‘?
2795 3277 2982 3342 Quam
3011 3276 3109 3333 ille
3139 3276 3593 3348 simplicitatem
3648 3274 3817 3342 vocat,

2173 3385 2279 3441 ego
2303 3367 2586 3423 malitiam
2630 3368 2783 3423 409
2841 3367 3209 3438 interpretor.
3267 3365 3635 3424 Persuadere
3684 3359 3815 3418 mihi

2170 3456 2315 3523 vult,
2349 3458 2503 3529 quod
2527 3473 2675 3529 pure
2715 3456 2952 3523 credat;
3006 3471 3153 3528 pure
3211 3471 3355 3528 ergo
3414 3459 3475 3512 et
3533 3454 3815 3527 loquatur.

2175 3546 2240 3601 Et
2271 3546 2319 3601 si
2344 3545 2582 3619 quidem
2614 3561 2801 3601 unum
2829 3544 3095 3610 verbum,
3120 3543 3210 3600 vel
3243 3561 3411 3601 unus
3429 3560 3643 3601 sensus
3672 3541 3819 3599 esset

2169 3634 2509 3707 ambiguus,
2560 3634 2610 3690 si
2674 3633 2813 3701 duo,
2872 3633 2922 3688 si
2984 3636 3126 3703 tres,
3187 3632 3546 3705 ignorantiae
3601 3629 3819 3688 veniam

2166 3722 2522 3791 tribuerem;
2556 3739 2663 3779 nec
2710 3739 2778 3778 ea
2838 3739 2965 3794 quae
3034 3724 3135 3776 aut
3186 3721 3455 3779 obscura
3508 3721 3597 3779 vel
3654 3718 3824 3777 dubia

2166 3816 2325 3877 sunt,
2359 3814 2429 3869 de
2458 3812 2632 3868 certis
2662 3816 2719 3867 et
2750 3810 3074 3884 perspicuis
3104 3810 3492 3868 aestimarem.
3518 3812 3680 3868 Nunc
3694 3822 3821 3866 vero

2164 3917 2293 3973 quae
2323 3902 2439 3958 ista
2470 3900 2815 3974 simplicitas
2846 3904 2955 3967 est,
2982 3898 3152 3972 quasi
3173 3916 3353 3971 super
3384 3917 3499 3958 ova
3526 3906 3584 3956 et
3612 3898 3821 3955 aristas

2166 3990 2318 4046 inter
2336 3991 2652 4047 theatrales
2674 3989 2999 4063 praestigias
3011 3988 3286 4061 pendenti
3305 3992 3504 4061 gradu
3535 3986 3820 4044 incedere:

2163 4078 2381 4150 ubique
2412 4080 2683 4147 dubium,
2726 4078 2944 4151 ubique
3003 4080 3403 4149 suspectum?
3465 4079 3643 4135 Putes
3693 4092 3824 4133 eum

2163 4183 2277 4222 non
2306 4168 2725 4239 expositionem
2756 4167 2912 4234 fidei,
2965 4167 3068 4223 sed
3123 4166 3442 4239 figuratam
3494 4170 3824 4225 controvera

2160 4254 2310 4311 siam
2341 4256 2613 4312 scribere.
2645 4256 2819 4326 ,Quod
2870 4257 2982 4311 iste
3037 4271 3194 4311 nunc
3251 4256 3506 4328 appetit,
3570 4255 3715 4313 olim
3768 4253 3829 4309 in

2159 4343 2375 4399 scholis
2404 4344 2742 4401 didicimus.
2789 4345 3003 4407 Nostra
3046 4345 3358 4400 adversum
3418 4363 3537 4403 nos
3591 4345 3831 4403 dimicat

2157 4436 2477 4488 armatura.
2511 4433 2702 4488 Etiam
2757 4432 2808 4489 si
2842 4434 2988 4489 bene
3047 4432 3247 4503 credit,
3274 4436 3330 4489 et
3390 4434 3829 4507 circumspecte

2155 4526 2212 4577 et
2240 4520 2444 4578 timide
2474 4520 2755 4593 loquitur,
2791 4522 3187 4595 suspicionem
3238 4521 3387 4578 mihi
3437 4524 3591 4581 facit
3650 4521 3832 4580 nimia

2155 4610 2477 4684 diligentia.
2514 4612 2620 4680 Qui
2647 4612 2897 4667 ambulat
2916 4613 3275 4684 simpliciter,
3334 4613 3601 4669 ambulat
3657 4611 3833 4683 conﬁ-

2156 4772 2270 4828 fine
2300 4788 2532 4845 quoque
2577 4771 2764 4845 multa
2792 4772 3004 4828 desunt
3036 4773 3095 4828 in
3128 4772 3332 4845 eodem
3389 4790 3508 4830 ms.
3584 4773 3830 4845 codice;

2154 4842 2486 4917 negante
2543 4843 2720 4917 verba
2771 4852 3098 4917 praepostero
3164 4842 3377 4909 ordine,
3427 4849 3600 4917 _etc.,
3652 4844 3838 4917 habet

2150 4915 2496 4988 EXPLICIT.
2558 4915 3281 4988 Godex'San-Cygiranus
3340 4915 3558 4988 eodem
3651 4916 3830 4988 modo

2154 4933 2427 4970 narum
2446 4933 2496 4971 1'.
2558 4933 2749 4971 uooex
2806 4933 2995 4971 δρα-υ
3035 4933 3279 4988 giranus
3340 4933 3558 4973 eouem
3651 4933 3830 4973 moao

2151 4986 2362 5059 incipit
2387 4992 2445 5061 et
2474 4986 2844 5061 absolvitur;
2880 4933 3155 5061 sedbanc
3180 4986 3390 5042 retinet
3418 4986 3832 5061 epigraphen:

2149 5060 2354 5131 Incipit
2382 5060 2522 5115 liber
2548 5061 2731 5115 sancti
2750 5059 3080 5129 Hieronymi
3106 5058 3171 5112 de
3228 5058 3662 5116 resurrectione
3705 5076 3834 5116 car-

2148 5132 2259 5185 nis.
2294 5131 2586 5185 MARTIAN.

2220 5204 2453 5267 'Quam
2510 5218 2643 5273 pro,
2676 5217 2786 5255 sua
2842 5216 3024 5256 causa
3082 5200 3155 5255 ad
3215 5199 3481 5273 Theoph.
3563 5200 3841 5259 Joannes

2148 5272 2386 5345 scripsit
2444 5270 2649 5345 [sideri
2704 5288 2900 5343 opera,
2958 5276 3017 5327 et
3067 5286 3247 5343 quam
3303 5270 3663 5345 Hieronym.
3726 5274 3839 5329 hoc

2150 5342 2300 5397 libro
2332 5343 2606 5414 exagitat.

2216 5414 2238 5447 ³
2268 5415 2350 5468 Ab
2384 5412 2467 5473 osi
2501 5414 2660 5482 fortis
2685 5416 2741 5466 et
2787 5423 2851 5471 m
2908 5412 3000 5469 vel
3056 5423 3190 5472 mm
3249 5415 3410 5482 Deus,
3454 5413 3578 5480 vel,
3642 5415 3840 5472 Domi-

2148 5502 2270 5540 nus.
2309 5486 2486 5555 lReg.
2522 5500 2634 5538 xvu
2665 5491 2721 5538 et
2751 5501 2912 5540 xvm.
2950 5485 3013 5540 In
3045 5484 3193 5542 libro
3242 5485 3570 5543 Nominum
3633 5487 3833 5544 inter-

2147 5572 2247 5629 pre
2260 5559 2418 5612 tatur
2446 5559 2594 5611 Deus
2624 5555 2912 5613 Dominus.
