4094 6166
318 296 447 372 373

1446 300 1760 368 CONTRA
1802 300 2175 368 JOANNEM
2217 298 2632 369 HIEROSOL.

3618 296 3741 371 δτι

321 440 726 517 ἀκτέον-(Ρνου.
757 458 815 515 x,
846 440 922 515 9).
957 438 1215 498 Stultum
1271 443 1360 497 est
1417 439 1636 496 frustra
1682 438 1987 496 infamiam
2017 440 2072 508 Α
2171 440 2223 496 4.
2253 442 2721 513 Joanniepiscopo
2761 443 2822 497 in
2866 441 3163 501 Pelmtina
3217 461 3329 503 non
3373 448 3745 504 communica.

323 535 641 593 sustinere.
677 532 963 603 Objicitur
992 533 1043 588 ei
1102 530 1346 599 crimen,
1402 531 1573 601 cujus
1629 547 1745 585 non
1803 529 1980 585 habet

326 621 772 679 conscientiam.
805 625 952 693 Ergo
983 618 1201 681 crimen
1236 619 1387 690 quod
1438 622 1624 673 totum
1657 617 1867 690 pendet
1920 617 1981 671 in

318 712 522 780 verbo,
552 715 723 781 neget
752 710 1128 777 conﬁdenter,
1163 725 1229 763 ac
1260 706 1440 763 libere
1472 707 1644 761 faciat
1701 706 1979 761 invidiam

324 800 657 857 adversario
686 815 794 855 suo
824 799 905 865 (S.
946 797 1310 870 Epiphanio).
1344 796 1559 852 Eadem
1591 795 1836 851 audacia
1868 812 1985 866 qua

326 889 432 945 ille
467 885 780 954 insimulat,
809 887 904 941 hic
934 886 1226 941 defendat.
1253 885 1517 955 Cumque
1547 884 1746 940 omnia
1776 882 1985 938 dixerit

330 996 464 1052 quas
518 976 777 1042 voluerit,
822 992 947 1046 quae
1004 973 1391 1047 proposuerit,
1452 992 1577 1045 qua:
1632 972 1983 1044 suspicioni-

327 1069 439 1123 bus
469 1070 703 1132 carent;
737 1064 788 1121 si
818 1069 1151 1136 perseverat
1189 1063 1780 1127 calumnia,conserta
1806 1078 1983 1116 manu

319 1158 380 1212 in
404 1158 511 1227 jus
542 1154 755 1210 trahat.
789 1153 932 1209 Nolo
966 1152 1024 1208 in
1056 1153 1391 1224 suspicione
1446 1153 1733 1207 haereseos
1777 1167 1984 1223 quem—

319 1262 504 1318 quam
535 1260 669 1300 esse
698 1242 1054 1314 patientem;
1088 1257 1159 1297 ne
1191 1243 1343 1313 apud
1402 1258 1500 1296 eos
1558 1242 1657 1312 qui
1714 1241 1988 1313 ignorant

320 1333 723 1391 innocentiam
756 1332 905 1402 ejus,
948 1330 1340 1387 dissimulatio
1372 1330 1732 1386 conscientia
1752 1329 1984 1399 judice-

324 1429 440 1491 tur,
474 1423 526 1478 si
568 1424 764 1478 taceat
802 1435 817 1487 ‘,
854 1419 985 1474 licet
1029 1417 1392 1490 superﬂuum
1426 1419 1502 1473 sit
1556 1420 1684 1489 ejus
1744 1431 1989 1489 praesen'

323 1517 468 1569 tiam
498 1526 786 1584 quazrere,
820 1513 876 1565 et
905 1511 1247 1579 extorquere
1277 1507 1600 1563 silentium.
1633 1507 1802 1577 cujus
1832 1506 1986 1577 apud

328 1608 380 1659 te
407 1600 638 1658 litteras
666 1604 891 1655 teneas.

389 1695 448 1748 3.
478 1696 751 1749 Joannem
805 1692 983 1760 ipsum
1027 1690 1353 1760 alloquitur.
1389 1719 1455 1726 —
1488 1687 1719 1742 Scimus
1762 1701 1985 1751 omnes,

325 1783 468 1855 quid
498 1781 607 1836 tibi
637 1778 954 1851 scripserit,
987 1778 1126 1849 quid
1161 1778 1219 1832 in
1254 1781 1309 1832 te
1340 1777 1709 1875 argueritnin
1736 1793 1850 1882 q‘uo
1895 1776 1983 1846 (ut
2011 1817 2058 1882 B

322 1878 387 1928 tu
417 1871 530 1943 vis)
558 1867 954 1925 calumniatus
1009 1866 1103 1922 sit.
1138 1866 1443 1938 Responde
1475 1868 1546 1920 ad
1591 1863 1847 1937 singula,
1880 1881 1983 1935 per

324 1959 598 2032 Epistolm
625 1958 805 2028 hujus
832 1957 1075 2028 gradere
1105 1955 1369 2027 vestigia,
1401 1971 1474 2009 ne
1521 1958 1804 2026 punctum
1847 1953 1979 2025 qui-

331 2050 475 2105 dem
504 2053 567 2103 et
590 2046 806 2118 apicem
837 2044 1141 2101 calumnia
1170 2049 1457 2099 transeas.
1513 2044 1571 2099 Si
1611 2043 1765 2099 enim
1797 2042 1983 2115 egeris

338 2137 715 2211 negligenter,
734 2141 791 2191 et
819 2139 908 2203 (ut
939 2151 1043 2205 ego
1080 2134 1188 2188 tibi
1218 2134 1388 2188 credo
1428 2133 1676 2202 juranti)
1707 2148 1845 2188 casu
1877 2130 1981 2185 ali-

341 2244 465 2300 qua
494 2225 784 2280 transieris
811 2223 1012 2280 statim
1064 2222 1161 2277 ille
1207 2221 1485 2277 clamabit
1525 2226 1581 2277 et
1627 2221 1780 2276 dicet
1810 2238 1823 2275 :
1858 2221 1982 2284 llic,

328 2317 433 2371 hic
482 2318 537 2371 te
585 2313 799 2369 victum
850 2314 1014 2385 [Fort.
1063 2310 1347 2383 vinctum]
1398 2315 1565 2366 teneo
1594 2329 1617 2374 ;
1664 2310 1759 2365 hic
1805 2310 1986 2365 totius

322 2405 549 2478 negotii
579 2404 756 2459 cardo
785 2408 1069 2459 versatur.
1098 2401 1223 2456 Non
1255 2417 1417 2471 aeque
1447 2400 1667 2455 inimici
1717 2400 1983 2466 audiunt,

324 2501 385 2552 et
413 2493 615 2550 amici.
652 2491 759 2558 Qui
790 2491 1067 2547 inimicus
1097 2493 1207 2558 est,
1240 2490 1415 2545 etiam
1448 2490 1505 2544 in
1550 2490 1741 2561 scirpo
1768 2489 1987 2543 nodum

326 2583 541 2657 quierit
574 2600 587 2637 :
623 2581 852 2637 amicus
882 2596 1057 2650 prava
1092 2595 1325 2650 quoque
1356 2583 1515 2633 recta
1535 2577 1783 2649 judicat.
1835 2578 1989 2632 Scri-

324 2674 477 2729 bunt
505 2668 708 2726 saeculi
739 2668 968 2732 litterze,
1003 2667 1330 2722 amantium
1381 2684 1533 2722 caeca
1565 2683 1692 2722 esse
1715 2666 1941 2738 judicia
1974 2684 1987 2733 ;

328 2777 481 2833 quas
514 2765 578 2814 tu
611 2757 859 2813 forsitan
881 2755 1063 2812 sacris
1081 2755 1484 2811 voluminibus
1516 2760 1835 2826 occupatus
1875 2771 1994 2810 om-

327 2850 469 2905 nino
518 2845 865 2919 neglexeris.
918 2845 1231 2915 Nunquam
1281 2844 1353 2899 de
1392 2844 1716 2900 amicorum
1767 2845 1992 2916 judicio

324 2937 620 3012 glorieris.
658 2934 808 2990 Illud
840 2949 1042 2989 verum
1072 2934 1227 2989 Διί)
1256 2938 1347 2989 est
1376 2933 1799 2998 testimonium,
1838 2934 1993 3005 quod

327 3027 400 3083 ab
432 3025 683 3081 inimica
708 3038 849 3077 voce
880 3022 1170 3093 profertur
1200 3022 1242 3075 ³.
1274 3021 1507 3093 Alioqui
1542 3022 1591 3076 si
1635 3022 1859 3077 amicus
1892 3038 1994 3093 pro

329 3121 384 3171 te
414 3114 634 3171 dixerit
664 3129 782 3168 non
811 3111 1002 3177 testis,
1038 3115 1139 3166 aut
1178 3111 1362 3182 judex
1420 3112 1520 3166 sed
1576 3112 1767 3167 fautor
1824 3116 1996 3183 puta-

2092 530 2220 585 bant
2244 531 2452 602 plures.
2485 533 2750 588 Joannem
2778 530 3097 590 haereticum
3124 536 3344 593 vocabat
3388 538 3443 595 S'
3489 539 3739 611 Epipha-

2089 621 2238 674 nius.
2272 620 2603 676 Athanasius
2631 625 2679 676 et
2709 623 2979 679 Paulinus
3002 625 3107 681 soli
3133 626 3195 679 in
3229 625 3445 683 Oriente
3462 628 3736 685 catholici.
3840 690 3857 703 ,

2092 740 2159 747 -
2188 712 2266 763 Ac
2297 708 2552 781 primum
2585 716 2900 784 antequam
2959 712 3263 785 epistolam
3322 719 3504 783 tuam,
3563 734 3740 790 quam

2093 796 2381 870 scripsisti
2404 798 2475 852 ad
2498 800 2837 872 episcopum
2864 801 3275 873 Theophilum,
3299 803 3741 877 interpretatam

2093 886 2229 941 huic
2257 886 2539 941 volumini
2573 888 2848 957 inseram,
2871 895 2929 945 et
2956 892 3261 947 ostendam
3290 892 3417 960 tibi,
3451 908 3545 948 me
3577 893 3745 950 intel-

2093 973 2272 1045 ligere
2330 974 2508 1030 nimis
2576 980 2808 1033 cautam
2870 978 2981 1049 [AL
3039 982 3285 1052 tantam]
3370 981 3744 1053 prudentiam

2094 1068 2276 1131 tuam,
2308 1064 2674 1137 expostulare
2703 1070 2894 1122 tecum
2928 1068 3087 1124 libet.
3132 1071 3267 1136 Quae
3299 1071 3419 1126 haec
3463 1074 3554 1127 est
3582 1074 3748 1128 tanta

2094 1153 2443 1225 arrogantia,
2479 1171 2593 1209 non
2641 1159 2991 1228 respondere
3038 1159 3108 1214 de
3156 1160 3270 1215 fide
3328 1159 3749 1233 interroganti-

2096 1243 2205 1298 bus
2232 1242 2260 1296 ?
2292 1244 2540 1299 Tantam
2571 1245 2818 1300 fratrum
2854 1245 3314 1316 multitudinem,
3347 1253 3404 1305 et
3432 1250 3749 1307 monacho-

2098 1349 2228 1387 rum
2259 1332 2485 1399 choros,
2520 1334 2620 1405 qui
2653 1334 2754 1389 tibi
2786 1334 2843 1390 in
2900 1336 3210 1393 Palestina
3270 1355 3386 1394 non
3418 1340 3744 1395 communi-

2032 1478 2045 1483 ,
2098 1425 2253 1489 cant,
2284 1422 2453 1493 quasi
2484 1422 2681 1479 hostes
2712 1424 2975 1496 publicos
3032 1426 3323 1484 aestimare
3350 1428 3379 1483 ?
3436 1428 3537 1484 Dei
3569 1428 3750 1485 Filius

2098 1513 2332 1582 propter
2361 1528 2539 1567 unam
2571 1513 2900 1569 morbidum
2932 1532 3116 1586 ovem,
3189 1519 3509 1590 nonaginta
3539 1534 3747 1574 novem

2100 1599 2157 1654 in
2190 1601 2490 1657 montibus
2548 1601 2877 1671 derelictas,
2938 1604 3156 1677 alapas,
3220 1623 3474 1675 crucem,
3522 1606 3753 1680 ﬂagella

2099 1689 2405 1755 sustinuit,
2438 1694 2494 1746 et
2523 1690 2646 1746 suis
2679 1691 2941 1748 humeris
2971 1695 3221 1766 portavit
3274 1696 3346 1751 ad
3378 1695 3554 1754 caelos
3583 1696 3754 1767 baju-

2100 1776 2230 1834 lans
2249 1782 2305 1834 et
2334 1780 2561 1851 patiens
2591 1780 2903 1837 delicatam
2938 1784 3339 1854 peccatricem.
3398 1786 3484 1841 Tu
3535 1783 3750 1841 beatis-

2091 1867 2282 1923 simus
2312 1884 2483 1940 papa,
2515 1873 2573 1924 et
2603 1869 2948 1926 fastidiosus
2988 1871 3231 1929 antistes
3260 1873 3303 1940 ‘,
3362 1873 3524 1931 solus
3570 1874 3753 1931 dives:

2091 1956 2251 2012 solus
2283 1956 2538 2029 sapiens,
2571 1958 2734 2014 solus
2783 1959 2997 2017 nobilis
3025 1978 3092 2017 ac
3132 1962 3407 2031 disertus,
3442 1980 3751 2021 conservos

2090 2050 2242 2112 tuos,
2276 2050 2331 2100 et
2374 2047 2704 2119 redemptos
2760 2051 3043 2121 sanguine
3094 2051 3323 2108 Domini
3383 2053 3491 2121 tui,
3547 2056 3756 2126 rugata

2093 2138 2279 2191 fronte
2310 2139 2366 2191 et
2397 2135 2651 2207 obliquis
2701 2137 2887 2193 oculis
2946 2140 3199 2211 despicis
3237 2140 3265 2194 ?
3321 2142 3438 2197 Hoc
3467 2145 3557 2198 est
3586 2141 3758 2198 illud,

2095 2224 2272 2295 quod,
2332 2224 2613 2296 Apostolo
2670 2225 3056 2297 praecipiente,
3117 2229 3420 2285 didicisti:
3484 2253 3512 2280 ‹‹
3563 2229 3759 2288 Parati

2095 2329 2329 2384 semper
2360 2314 2430 2367 ad
2465 2314 2923 2370 satisfactionem
2954 2317 3113 2371 omni
3171 2318 3426 2389 poscenti
3454 2321 3604 2374 411
3654 2335 3759 2375 vos

2100 2402 2388 2457 rationem
2415 2402 2483 2457 de
2515 2419 2582 2457 ea
2612 2419 2739 2473 qua:
2771 2402 2829 2456 in
2859 2404 3024 2460 vobis
3079 2408 3168 2460 est
3206 2421 3308 2478 spe
3365 2407 3414 2478 (I
3466 2409 3610 2463 Petr.
3673 2423 3758 2464 In:

2095 2491 2236 2561 25)?
2272 2513 2298 2541 ››
2336 2490 2516 2563 Finge
2544 2507 2652 2546 nos
2678 2491 3044 2548 occasionem
3072 2509 3352 2565 quaerere,
3384 2498 3443 2550 et
3470 2495 3581 2551 sub
3614 2512 3761 2569 prm-

2100 2583 2258 2635 textu
2290 2579 2423 2634 fidei
2456 2579 2591 2634 lites
2642 2596 2854 2646 serere,
2886 2580 3149 2637 schisma
3198 2583 3503 2649 conficere,
3557 2583 3758 2658 jurgia

2101 2668 2579 2725 concitare.Tolle
2602 2669 2963 2725 occasionem
2987 2671 3318 2729 volentibus
3339 2672 3759 2740 occasionem“;

2104 2762 2169 2813 ut
2197 2761 2507 2829 postquam
2539 2758 2609 2812 de
2639 2757 2754 2813 ﬁde
2784 2757 3156 2827 satisfeceris,
3213 2764 3271 2816 et
3312 2777 3515 2817 omnes
3573 2762 3760 2818 nodos

2104 2847 2202 2919 qui
2235 2851 2436 2902 contra
2465 2851 2520 2901 te
2551 2850 2867 2902 nectuntur
2887 2848 3370 2918 absolveris,tunc
3391 2849 3614 2923 liquido
3635 2867 3762 2907 om-

2106 2937 2279 2991 nibus
2312 2936 2542 3007 probes,
2578 2952 2691 2990 non
2711 2937 3075 3008 dogmatum,
3100 2938 3199 2994 sed
3218 2939 3603 2995 ordinationis
3632 2955 3761 2996 esse

2106 3029 2420 3081 certamen.
2455 3023 2579 3079 Nisi
2613 3024 2758 3079 forte
2790 3026 3063 3097 prudenti
3094 3026 3359 3095 consilio,
3390 3028 3519 3084 ideo
3548 3028 3620 3083 de
3646 3028 3763 3083 fide

2107 3115 2499 3186 interrogatus
2526 3117 2706 3181 taces,
2736 3131 2807 3170 ne
2838 3114 3088 3171 videaris
3141 3115 3450 3172 haereticus
3488 3133 3618 3173 esse
3649 3115 3763 3190 (Al.

325 3206 506 3262 bitur.
540 3207 679 3257 Haec
706 3206 765 3257 et
787 3200 1129 3271 huiusmodi
1150 3199 1464 3272 loquentur
1493 3200 1714 3255 inimici
1744 3201 1850 3268 tui,
1885 3201 1984 3271 qui
2017 3187 2060 3253 C
2100 3204 2319 3272 fuisse],
2353 3220 2486 3259 cum
2518 3203 2890 3260 satisfeceris.
2923 3204 3133 3260 Omnia
3158 3220 3295 3277 ergo
3324 3204 3592 3274 crimina,
3626 3187 3754 3277 qui-

324 3295 435 3353 tibi
466 3295 617 3350 forte
650 3308 767 3347 non
810 3291 1068 3358 credant,
1101 3295 1157 3345 et
1188 3307 1415 3345 movere
1469 3290 1708 3362 cupiant
1764 3295 1980 3346 stoma-

328 3384 533 3439 chum.
563 3384 853 3436 Gaaterum
884 3397 989 3452 ego
1013 3396 1187 3451 quem
1209 3395 1510 3450 nunquam
1529 3377 1728 3435 volens
1760 3379 1982 3446 laesisti,

325 3473 505 3543 cujus
534 3486 766 3542 semper
795 3469 855 3523 in
886 3468 1162 3540 Epistolis
1190 3468 1308 3523 tuis
1346 3484 1555 3523 nomen
1590 3469 1817 3540 cogeris
1844 3485 1985 3523 ven-

333 3560 532 3627 tilare,
563 3559 635 3612 do
664 3557 950 3614 conslium
982 3561 1047 3611 ut
1102 3561 1299 3628 aperte
1330 3561 1432 3611 aut
1488 3558 1663 3612 fidem
1722 3556 1988 3613 Ecclesia:

338 3646 650 3721 pradicas.
682 3651 777 3702 aut
804 3645 1090 3717 loquaris,
1123 3649 1188 3700 ut
1218 3644 1426 3700 credis.
1460 3646 1823 3716 Dispensatio
1881 3650 1993 3700 ete-

335 3736 465 3793 nim
499 3751 567 3790 ac
596 3734 817 3790 libratio
872 3736 986 3790 ista
1025 3734 1283 3806 prudens
1336 3734 1667 3802 verborum,
1729 3734 1991 3790 indoctos

328 3825 601 3898 decipere
630 3828 873 3896 postest.
907 3824 1127 3879 Cautus
1158 3823 1390 3878 auditor
1439 3828 1495 3878 et
1541 3823 1723 3879 lector
1750 3824 1863 3878 cito
1896 3822 1991 3877 de-

325 3914 658 3989 prehendet
716 3913 1005 3968 insidias:
1039 3916 1096 3967 et
1153 3910 1457 3967 cuniculos
1514 3912 1731 3982 quibus
1784 3911 1995 3966 veritas

325 4003 921 4073 subvertitur,aperte
946 4002 1003 4055 in
1027 4000 1155 4055 luce
1176 4000 1621 4055 demonstrabit.
1646 4001 1714 4054 Et
1734 3999 1930 4054 Ariani
1952 4002 1993 4067 ³,

326 4109 477 4166 quos
508 4091 733 4164 optime
774 4090 948 4156 nosti,
975 4090 1158 4145 multo
1188 4093 1447 4159 tempore
1486 4092 1721 4160 propter
1751 4089 1997 4144 scanda-

323 4183 449 4238 lum
502 4179 768 4236 nominis
799 4186 1061 4248 ὁμοούσιον
1099 4178 1655 4249 (consubstantialem)
1713 4195 1776 4233 se
1832 4178 1995 4233 dam-

326 4288 471 4327 nare
499 4268 889 4332 simulabant,
921 4280 1185 4338 venaque
1236 4266 1448 4321 erroris
1507 4266 2001 4322 circumlinebant

333 4358 511 4415 melle
536 4359 873 4415 verborum.
906 4356 1017 4410 Sed
1048 4356 1287 4411 tandem
1318 4355 1554 4425 coluber
1583 4373 1646 4411 se
1701 4361 2000 4411 tortuosus

329 4448 584 4522 aperuit,
618 4464 688 4503 ex
718 4446 959 4501 noxium
990 4449 1186 4517 caput,
1208 4445 1366 4516 quod
1399 4444 1573 4517 spiris
1596 4445 1776 4501 totius
1804 4462 2001 4516 corpo-

2092 3294 2203 3349 bus
2232 3297 2582 3348 accusantur
2610 3292 2899 3357 homines,
2928 3293 3181 3349 refutare
3211 3311 3325 3351 non
3374 3295 3590 3351 debent
3621 3310 3636 3350 :
3670 3310 3744 3350 ne

2094 3386 2406 3454 postquam
2437 3381 2795 3453 negaverint,
2851 3381 3149 3439 criminosi
3182 3383 3321 3439 sint.
3355 3386 3430 3438 At
3482 3387 3743 3440 contem-

2096 3471 2188 3526 nis
2213 3470 2390 3526 laicos
2423 3469 2700 3526 diaconos
2728 3475 2901 3542 atque
2949 3472 3333 3544 presbyteros.
3368 3473 3535 3529 Potes
3589 3472 3749 3528 enim

2098 3561 2187 3631 (ut
2207 3559 2477 3632 gloriaris
2507 3564 2563 3614 et
2586 3560 2847 3630 jactitas)
2879 3560 2936 3613 in
2988 3577 3105 3615 una
3136 3560 3280 3616 hora
3322 3561 3484 3617 mille
3510 3560 3753 3617 clericos

2100 3649 2307 3703 facere.
2343 3648 2534 3703 Habes
2565 3665 2777 3719 papam
2835 3648 3248 3720 Epiphaniam,
3292 3650 3393 3720 qui
3450 3654 3508 3705 te
3561 3653 3760 3720 aperte

2103 3736 2306 3793 missis
2334 3736 2544 3792 litteris
2576 3737 2596 3769 ⁸
2627 3736 2965 3792 hazreticum
2999 3740 3181 3792 vocat.
3223 3738 3387 3793 Certe
3442 3754 3547 3793 nec
3574 3740 3765 3805 atate,

2106 3842 2208 3881 nec
2240 3824 2507 3889 scientia,
2542 3841 2646 3881 nec
2676 3825 2803 3879 vita:
2836 3825 3067 3891 merito,
3100 3840 3206 3881 nec
3236 3824 3415 3881 totius
3461 3824 3620 3882 orbis
3676 3828 3767 3882 tc-

2105 3913 2403 3979 stimonia,
2438 3914 2627 3983 major
2656 3911 2752 3966 illo
2785 3928 2868 3968 es.
2902 3913 2959 3968 Si
2993 3916 3223 3969 aetatem
3257 3914 3492 3986 quaeris,
3530 3913 3768 3986 juvenis

2104 4004 2173 4059 ad
2230 4018 2428 4058 senem
2460 4001 2670 4056 scribis
2702 4002 2830 4071 [Al..
2866 4001 3127 4073 scribes].
3155 4002 3214 4058 Si
3261 4003 3589 4070 scientiam,
3648 4020 3766 4060 non

2106 4092 2190 4147 sic
2219 4090 2486 4146 eruditus
2518 4089 2591 4143 ad
2622 4090 2856 4144 doctum
2892 4106 2904 4144 :
2939 4089 3075 4145 licet
3098 4096 3151 4147 te
3179 4091 3435 4148 fautores
3465 4091 3769 4163 tui,diser-

2108 4181 2319 4237 tiorem
2350 4177 2758 4244 Demosthene,
2788 4178 3104 4233 auctiorem
3137 4179 3479 4252 Chrysippo,
3533 4179 3765 4251 sapien-

2108 4269 2316 4324 tiorem
2350 4266 2577 4322 Platone
2608 4266 2981 4331 contendant,
3032 4270 3090 4321 et
3119 4266 3225 4322 tibi
3274 4266 3387 4339 ipsi
3436 4267 3582 4323 forte
3641 4282 3765 4338 per-

2110 4357 2423 4414 suaserint.
2463 4355 2543 4410 De
2600 4356 2720 4410 vita
2780 4359 2976 4410 autem
3035 4363 3090 4410 et
3138 4355 3250 4411 fide
3308 4354 3452 4410 nihil
3508 4353 3764 4426 amplius

2110 4447 2300 4501 dicam
2332 4462 2405 4499 ne
2452 4449 2506 4500 te
2534 4444 2742 4499 laedere
2770 4443 2985 4499 videar.
3017 4446 3097 4499 Eo
3126 4448 3389 4516 tempore
3426 4459 3542 4516 quo
3573 4446 3765 4499 totum

328 4539 411 4594 ris
463 4535 801 4600 tenebatur,
848 4532 1098 4605 spiritali
1147 4549 1404 4587 nucrone
1455 4533 1751 4588 ecfossum
1818 4539 1908 4588 est
1967 4534 2007 4605 ³,
2040 4554 2086 4618 D
2118 4535 2416 4591 Orientem
2448 4538 2702 4605 (excepto
2734 4549 2884 4604 papa
2937 4531 3255 4587 Athanasio
3299 4535 3475 4605 atque
3502 4532 3767 4603 Paulino)

330 4624 583 4698 Recipit,
614 4627 681 4678 ut
736 4622 874 4689 scis,
929 4621 1187 4677 Ecclesia
1214 4622 1569 4691 poenitentes
1604 4640 1618 4689 ;
1652 4627 1709 4678 et
1767 4638 2010 4678 numero

329 4718 615 4788 superata
643 4711 1010 4784 peccantium
1041 4711 1182 4767 dum
1214 4711 1475 4783 deceptis
1495 4712 1774 4784 gregibus
1804 4728 2011 4767 consu-

332 4802 423 4871 lit,
456 4808 770 4876 pastorum
800 4800 1142 4856 vulneribus
1172 4799 1439 4874 ignoscit.
1496 4802 1713 4856 Eadem
1764 4817 1918 4856 nunc
1950 4801 2008 4855 in

332 4892 520 4950 veteri
552 4896 612 4947 et
643 4907 793 4947 nova
822 4890 1028 4951 haeresi
1060 4890 1422 4945 consuetudo
1450 4892 1733 4959 servatur,
1757 4893 1821 4944 ut
1851 4888 2006 4944 aliud

340 4979 544 5055 populi
571 4981 845 5045 audiant,
868 4977 1026 5035 aliud
1058 4978 1379 5050 praedicent
1408 4978 1760 5033 sacerdotes.

416 5145 432 5175 ¹
459 5142 661 5220 Oicero
705 5141 808 5195 lib.
845 5157 863 5220 ξ
888 5139 1234 5220 Ofﬁciorum,
1297 5138 1397 5220 qui
1452 5137 1711 5220 Platonis
1756 5138 2007 5220 effatum

336 5214 503 5270 istud
533 5212 740 5267 Latine
765 5208 975 5267 reddit.
1007 5210 1191 5267 Vetus
1246 5208 1444 5279 editio,
1503 5208 1655 5277 Quod
1709 5209 1776 5262 ab
1834 5212 2009 5264 invita

340 5301 468 5342 voce
495 5285 797 5353 profertur.

410 5358 433 5390 ²
464 5351 545 5411 Iis
578 5351 809 5426 nempe,
840 5357 899 5409 et
928 5351 1361 5426 Macedonianis
1409 5368 1642 5423 quoque
1693 5368 1874 5426 aures
1915 5369 2009 5407 ac-

337 5423 844 5491 commodaverat,
889 5428 1204 5495 antequam
1261 5425 1663 5495 episcopatum
1722 5423 2008 5495 adipisce-

342 5505 535 5556 retur.

418 5569 656 5626 3Vetus
713 5568 879 5633 edit.,
968 5565 1196 5621 Calaber
1253 5570 1523 5621 tortuosus
1605 5568 1880 5636 apparuit,
1959 5571 2009 5621 et

342 5645 585 5700 noxium
615 5647 796 5714 caput,
846 5636 985 5711 quod
1040 5639 1205 5710 spiris
1262 5637 1428 5693 totius
1482 5639 1721 5709 corporis
1777 5637 2007 5706 tegebat,

2117 4624 2462 4678 Arianorum
2496 4626 2553 4677 et
2580 4620 3075 4677 Eunomianorum
3134 4620 3373 4678 haeresis
3409 4621 3769 4695 possidebat,

2118 4712 2353 4783 quando
2386 4716 2448 4765 tu
2482 4710 2951 4766 Occidentalibus
2977 4718 3031 4765 et
3061 4710 3121 4766 in
3153 4710 3343 4766 medio
3401 4708 3603 4765 exsilio
3632 4724 3770 4763 con-

2118 4800 2442 4856 lessoribus
2473 4816 2586 4854 non
2627 4800 3141 4866 communicabas;
3176 4799 3273 4854 ille
3327 4798 3415 4853 vel
3472 4797 3773 4869 presbyter

2120 4887 2458 4944 monasterii
2517 4888 2590 4941 ab
2633 4886 2913 4959 Eutychio
2964 4889 2984 4921 ⁷
3042 4887 3389 4942 audiebatur
3426 4884 3516 4941 vel
3572 4887 3774 4956 postea

2119 4976 2427 5050 cpiscopus
2471 4975 2639 5047 Cypri
2671 4992 2705 5030 a
2728 4974 2965 5031 Valente
2989 4992 3103 5030 non
3151 4974 3520 5046 tangebatur.
3570 4974 3770 5030 Tanta:

2117 5138 2446 5210 spiritualis,
2479 5140 2589 5191 etc.
2621 5138 2769 5201 Mox,
2801 5135 2865 5189 Et
2922 5136 2980 5189 in
3024 5136 3187 5189 venia
3231 5136 3492 5206 superata
3541 5150 3771 5206 peccan-

2117 5214 2278 5273 tium,
2312 5214 2421 5264 etc.

2189 5283 2210 5315 ὀ
2240 5281 2451 5335 Eadem
2478 5283 2644 5333 vetus
2674 5275 2839 5342 edit.,
2870 5283 2919 5331 et
2946 5278 3263 5347 fastigiosus
3290 5278 3538 5334 antistes.

2190 5355 2210 5387 ⁵
2241 5352 2412 5419 Olim,
2446 5350 2587 5405 Tolle
2618 5348 2917 5403 volentibus
2946 5351 3300 5415 occasionem,
3322 5354 3381 5405 et
3401 5365 3556 5415 mox,
3588 5348 3773 5421 Liqui-

2118 5425 2183 5479 do
2212 5422 2462 5479 omnibus
2489 5424 2691 5491 pateat,
2723 5436 2853 5486 non,
2887 5424 2995 5475 etc.

2188 5496 2208 5528 δ
2243 5496 2300 5548 In
2335 5492 2509 5547 veteri
2543 5492 2681 5545 edit.
2704 5491 2885 5547 Multis
2907 5492 3105 5547 litteris
3127 5508 3231 5563 pro
3262 5492 3468 5547 missis.

2188 5567 2207 5639 Τ
2265 5563 2605 5639 Eutychius
2637 5563 2758 5639 iste.
2800 5560 3406 5639 Eleutheropolitanus
3461 5560 3773 5639 episcopus

2120 5636 2250 5705 fuit,
2284 5631 2395 5707 qui
2411 5635 2483 5691 ob
2513 5634 2715 5690 odium
2745 5634 2804 5689 in
2851 5636 2909 5690 S.
2970 5631 3251 5708 Cyrillum
3295 5631 3773 5704 Hierosolymita-
