4094 6166
365 264 488 334 8Ἷῦ

1621 263 1686 334 S.
1733 262 2048 333 EUSEBII
2086 262 2560 330 HIERONYMI‘.

3659 264 3786 332 376

363 402 524 462 enim
550 398 938 460 venerationis
995 418 1224 478 semper
1281 403 1414 473 fuit,
1444 407 1510 462 ut
1561 408 1872 478 regnantes
1901 403 2019 459 hae-
2049 404 2102 470 Α
2132 417 2274 472 pum
2333 399 2786 475 apprehenderis
2815 401 2854 470 ί,
2878 416 2985 461 nec
3013 403 3426 478 tenerelpates,
3455 415 3568 462 nec
3589 403 3780 462 audes

368 493 532 552 retici
590 494 907 566 ignomiam
967 512 1134 551 suam
1170 500 1459 567 putarent,
1517 496 1565 550 si
1619 494 1796 550 talem
1823 495 2014 548 virum

367 589 872 659 persequerentur.
909 585 1106 640 Scribe
1136 585 1314 658 igitur
1371 585 1442 640 ad
1500 585 1677 639 hunc.
1713 583 2019 654 Responde

367 674 625 747 epistolae
655 675 782 744 ejus
818 690 831 729 :
865 674 1122 729 sentiant
1151 674 1336 730 centeri
1370 674 1565 741 ﬁnem,
1600 672 2017 746 eloquentiam,

368 763 741 838 prudentiam
777 767 959 832 tuam,
993 781 1064 819 ne
1097 763 1200 818 tibi
1231 763 1391 819 solus
1450 763 1705 818 disertus
1751 777 1881 817 esse
1935 761 2019 814 vi-

369 853 585 910 dearis:
618 853 732 908 Cur
757 853 826 907 ab
859 852 970 907 alio
1001 858 1364 924 provocatus,
1385 852 1664 908 aliorsum
1698 867 1862 906 arma
1892 867 2023 905 con-

371 943 596 1000 vertis?
628 941 946 998 Palzestinze
979 942 1084 1012 [AL
1131 941 1478 1013 Palzcstinis‘l
1536 940 1932 1014 interrogaris,
1965 945 2022 995 et

371 1033 691 1104 respondes
725 1036 979 1103 Egypto.
1012 1031 1154 1086 Aliis
1186 1030 1587 1103 lippientibus,
1631 1029 1802 1101 ungis
1824 1029 2022 1085 oculos

369 1138 488 1177 non
518 1121 861 1175 dolentium.
885 1120 942 1174 Si
975 1118 1258 1192 placitura
1279 1119 1446 1174 nobis
1465 1118 1628 1175 alteri
1647 1117 2023 1191 loqueris,sa-

371 1210 448 1266 tis
471 1211 748 1283 superbe:
765 1208 812 1264 si
829 1208 984 1264 aliud
1000 1226 1177 1281 quam
1205 1208 1694 1280 quaerimus,satis
1708 1208 2020 1280 superﬂue.

441 1300 594 1355 412
623 1300 675 1352 5.
738 1299 1054 1369 Tthphitus
1110 1298 1240 1368 quid
1296 1299 1624 1368 proba-verit.
1685 1297 1794 1352 Sed
1855 1296 2025 1364 dicis,

369 1387 676 1460 epistolam
710 1403 900 1442 meam
931 1387 1195 1458 probavit
1229 1386 1653 1441 Alexandrinus
1694 1385 2023 1458 episcopus.

370 1477 521 1544 Quid
571 1475 878 1549 probavit?
908 1484 1108 1531 contra
1163 1475 1387 1543 Arium,
1450 1480 1651 1531 contra
1684 1474 2024 1541 Photinum,

371 1571 576 1623 contra
633 1565 1015 1620 Manichzeum
1075 1565 1218 1620 bene
1276 1564 1723 1630 locutum.Quis
1753 1563 1910 1619 enim
1968 1567 2025 1618 te

372 1655 483 1712 hoc
515 1660 773 1711 temcore
802 1646 996 1727 arguit
1027 1652 1297 1708 Arianum
1323 1654 1349 1707 ?
1378 1653 1512 1725 quis
1541 1653 1646 1707 tibi
1683 1669 1837 1707 nunc
1889 1651 2029 1707 Pho-

2125 491 2437 546 dimittere.
2470 497 2605 563 Ipsa
2635 509 2867 565 quoque
2897 493 3007 550 tria
3039 496 3194 552 4I3
3251 494 3420 566 quasi
3480 493 3786 568 negligens

2127 583 2301 650 atque
2329 595 2597 650 securus,
2631 585 2925 654 quasique
2955 582 3114 639 aliud
3147 599 3327 656 agens
3353 601 3366 638 :
3391 585 3449 639 et
3479 583 3539 639 in
3571 583 3786 655 quibus

2127 672 2228 724 aut
2285 668 2446 724 nulla
2492 677 2594 725 aut
2639 688 2814 743 parva
2835 673 2914 728 sit
2931 673 3196 744 quaestio,
3219 671 3590 746 praetervolas
3611 677 3804 745 atque

2128 758 2493 830 perstringis.
2548 762 2614 814 Et
2667 761 2747 815 ita
2805 765 3040 833 opertus
3071 779 3138 818 ac
3167 766 3363 818 textus
3420 762 3668 830 incedis,
3725 767 3790 818 ut

2129 845 2261 919 plus
2292 847 2630 903 conﬁtearis
2665 850 2909 904 tacendo
2942 867 3116 922 quam
3148 866 3364 906 renuas
3393 851 3777 922 disputando.

2132 935 2271 1001 Quis
2301 953 2414 992 non
2475 937 2743 1007 protinus
2792 938 2894 994 tibi
2947 943 3137 1010 potest
3165 939 3360 995 dicere
3393 957 3404 993 :
3444 962 3471 991 α
3500 940 3558 995 Si
3589 939 3787 996 lumen

2133 1025 2285 1096 quod
2317 1025 2376 1079 in
2404 1030 2459 1080 te
2489 1029 2598 1092 est,
2630 1027 2880 1081 tenebrae
2914 1032 3072 1095 sunt,
3106 1027 3243 1099 ipsae
3277 1029 3526 1084 tenebras
3557 1034 3789 1102 quantas

2132 1117 2303 1168 erunt
2330 1115 2539 1186 (Matth.
2570 1132 2648 1181 v1,
2679 1116 2771 1185 23)
2801 1115 2827 1170 ‘I
2861 1138 2889 1164 »
2945 1117 2999 1171 Si
3031 1121 3148 1172 tres
3208 1117 3666 1188 quastiunculee,
3719 1119 3791 1174 de

2134 1202 2349 1272 quibus
2379 1202 2541 1259 visus
2571 1221 2632 1260 es
2663 1204 2883 1276 aliquid
2919 1205 3132 1273 dicere,
3166 1206 3499 1277 suspicione
3532 1210 3592 1263 et
3619 1206 3792 1280 culpa

2135 1309 2248 1347 non
2281 1297 2498 1357 carent,
2530 1298 2586 1348 et
2611 1293 3014 1350 fraudulenter
3043 1311 3110 1351 ac
3139 1294 3359 1351 lubrice
3417 1295 3648 1368 scriptas
3695 1313 3790 1352 co-

2135 1386 2482 1454 arguuntur,
2518 1381 2655 1453 quid
2689 1383 2972 1439 faciemus
3015 1384 3086 1440 de
3143 1383 3405 1456 quinque
3436 1384 3699 1457 reliquis,
3731 1386 3790 1441 in

2137 1471 2354 1541 quibus
2379 1471 2518 1542 quia
2550 1470 2714 1526 nulla
2744 1471 3005 1544 ambigui
3036 1473 3326 1529 sermonis
3356 1473 3606 1530 dabatur
3635 1490 3796 1532 oeca-

2137 1559 2244 1628 sio,
2277 1575 2383 1614 nec
2409 1559 2653 1616 illudere
2684 1566 2915 1632 poteras
2963 1562 3290 1630 audientes,
3348 1561 3606 1619 maluisti
3658 1579 3796 1619 om-

2138 1648 2277 1703 nino
2300 1648 2558 1716 reticere,
2574 1666 2748 1721 quam
2773 1655 2968 1722 aperte
2990 1652 3144 1722 quod
3168 1655 3394 1708 rectum
3419 1652 3527 1723 [Αἰ.
3548 1654 3793 1725 tectum]

371 1745 480 1803 tini
540 1744 957 1815 Manichzeique
1009 1743 1229 1798 crimen
1287 1743 1564 1842 impingit
1613 1743 1641 1795 εἴ
1709 1741 1858 1842 Qlim
1916 1742 2106 1842 istaB
2139 1739 2338 1842 fuerat
2360 1738 2643 1842 conﬁteri.

371 1835 684 1892 emendata
716 1837 1048 1903 suntatque
1080 1848 1384 1887 concussa.
1413 1832 1536 1886 Non
1563 1847 1692 1886 eras
1721 1833 1841 1886 tam
1883 1830 2027 1885 stul-

369 1927 487 1992 tus,
514 1928 580 1978 ut
608 1925 805 1994 aperte
833 1922 1170 1977 defenderes
1229 1919 1518 1986 haeresim,
1580 1937 1755 1991 quam
1802 1919 2028 1976 sciebas

369 2012 637 2070 Ecclesiae
688 2010 1013 2082 displicere.
1077 2011 1328 2065 Noveras
1385 2014 1439 2065 te
1493 2011 1543 2065 si
1596 2008 1708 2065 hoc
1765 2009 2026 2076 fecisses,

369 2102 570 2160 statim
597 2101 721 2157 loco
753 2102 1125 2167 movendum,
1159 2105 1215 2156 et
1242 2099 1374 2155 solii
1403 2099 1487 2154 tui
1548 2097 1784 2155 delicias
1828 2098 2026 2171 suspi-

367 2191 563 2249 rabas.
597 2190 690 2247 Sic
722 2189 1070 2245 sententiam
1103 2187 1460 2261 temperasti,
1493 2191 1559 2243 ut
1606 2204 1709 2243 nec
1741 2186 2027 2259 simplici-

369 2283 480 2339 bus
510 2280 984 2354 displiceres,nec
1000 2284 1131 2335 tuos
1153 2279 1494 2335 offenderes.
1527 2278 1680 2333 Bene
1713 2277 2024 2349 scripsisti,

369 2372 470 2429 sed
523 2369 666 2426 nihil
723 2370 796 2425 ad
880 2385 1122 2424 causam
1183 2368 1503 2440 pertinens.
1557 2367 1720 2422 Unde
1787 2369 2028 2422 noverat

366 2459 763 2516 Alexandrinae
795 2457 1060 2512 Ecclesia}
1093 2457 1369 2528 pontifex,
1428 2456 1486 2510 in
1541 2455 1757 2527 quibus
1815 2471 2024 2526 argue-

366 2547 560 2604 reris?
591 2562 843 2618 quorum
874 2563 908 2601 a
937 2550 992 2599 te
1021 2545 1307 2601 confessio
1343 2543 1781 2616 postularetur?
1809 2543 2028 2600 Debue-

368 2652 465 2691 ras
489 2635 594 2690 tibi
626 2635 853 2702 objecta
883 2650 1224 2704 praponere,
1285 2639 1342 2687 et
1389 2633 1474 2687 sic
1532 2633 1602 2687 ad
1655 2631 1894 2705 singula
1936 2649 2024 2687 re-

369 2723 676 2797 spondere.
727 2721 906 2777 Vetus
960 2726 1162 2777 narrat
1209 2720 1453 2776 historia
1512 2739 1524 2775 :
1585 2720 1830 2784 Quidam
1890 2737 2025 2776 cum

367 2812 582 2869 diserte
609 2812 844 2878 diceret,
881 2811 1240 2882 ferreturque
1295 2811 1514 2882 impetu
1549 2826 1614 2865 ac
1666 2807 2025 2865 volubilitate

363 2901 698 2972 verborum,
747 2915 1106 2972 causamque
1131 2899 1370 2955 omnino
1403 2915 1514 2954 non
1548 2902 1827 2971 tangeret,
1886 2915 2024 2969 pru-

370 2991 516 3048 dens
546 2991 778 3046 auditor
807 2993 862 3045 et
884 2991 1069 3061 judex
1103 3007 1114 3044 :
1152 3013 1179 3039 «
1234 2990 1384 3045 Bene
1423 2988 1635 3060 inquit,
1695 2988 1860 3056 bene,
1923 2987 2024 3042 sed

371 3094 486 3152 quo
515 3080 674 3135 istud
708 3083 826 3134 tam
859 3080 1005 3134 bene
1035 3080 1062 3133 ?
1091 3097 1115 3128 ιι
1155 3078 1412 3150 Imperiti
1446 3075 1655 3132 medici
1713 3077 1784 3130 ad
1818 3092 2022 3131 omnes

2206 1829 2260 1881 7.
2300 1828 2423 1884 Octo
2453 1844 2525 1883 es:
2557 1827 2807 1899 Origem's
2861 1830 3141 1886 erroribus
3189 1832 3561 1901 quaestionum
3614 1833 3799 1904 capita

2135 1917 2342 1973 Joannz'
2367 1917 2570 1989 objecta
2601 1918 2667 1972 ab
2696 1917 3024 1990 Epiphanio.
3061 1949 3129 1959 ——
3160 1919 3230 1976 Et
3260 1919 3520 1992 primum
3545 1921 3617 1976 de
3643 1921 3794 1978 libro

2140 2015 2252 2078 περὶ
2273 2016 2463 2080 ’Λρχῶν
2517 2005 2616 2061 ubi
2645 2005 2908 2078 loquitur
2940 2025 2952 2062 :
2987 2006 3138 2062 sicut
3190 2006 3347 2062 enim
3406 2007 3795 2082 incongruum

2136 2099 2224 2151 est
2252 2095 2463 2162 dicere,
2524 2095 2677 2166 quod
2711 2095 2895 2167 possit
2926 2094 3108 2151 Filius
3137 2097 3330 2153 videre
3378 2097 3606 2154 Patrem
3641 2115 3657 2155 :
3716 2100 3796 2157 ita

2137 2183 2553 2240 inconveniens
2596 2189 2685 2239 est
2739 2184 2985 2256 opinari,
3048 2187 3202 2258 quod
3247 2185 3502 2258 Spiritus
3555 2193 3794 2245 sanctus

2137 2273 2322 2346 possit
2349 2274 2542 2329 videre
2576 2273 2806 2329 Filium.
2837 2275 3194 2340 Secundum,
3254 2276 3406 2347 quod
3445 2276 3504 2332 in
3531 2276 3638 2334 hoc
3668 2294 3798 2334 cor-

2137 2379 2273 2434 pore
2302 2362 2470 2434 quasi
2499 2363 2556 2417 in
2590 2379 2817 2418 carcere
2847 2363 2967 2418 sint
3023 2363 3231 2418 animae
3284 2363 3577 2436 religatae;
3609 2369 3666 2421 et
3692 2381 3799 2422 an-

2134 2457 2375 2524 tequam
2402 2452 2576 2507 homo
2608 2452 2770 2508 fieret
2799 2451 2859 2507 in
2918 2452 3212 2524 paradiso,
3274 2452 3430 2509 inter
3485 2455 3798 2513 rationales

2135 2546 2434 2597 creaturas
2475 2541 2533 2596 in
2590 2540 2924 2597 coelestibus
2981 2546 3359 2598 commorata;
3415 2547 3576 2599 sunt.
3639 2543 3802 2601 Unde

2136 2634 2339 2701 postea
2366 2631 2425 2685 in
2459 2629 2920 2686 consolationem
2953 2647 3123 2686 suam
3184 2630 3388 2688 anima
3431 2631 3695 2705 loquitur
3724 2634 3797 2689 .in

2135 2719 2377 2791 psalmis
2430 2737 2442 2774 :
2498 2742 2523 2767 ››
2582 2719 2933 2790 Priusquam
2985 2719 3351 2790 humiliarer,
3401 2737 3507 2794 ego
3575 2721 3795 2795 deliqui

2136 2809 2306 2880 (Psal.
2339 2822 2532 2876 cxvm,
2563 2809 2674 2880 67).
2712 2829 2739 2857 »
2772 2809 2840 2863 Et
2872 2826 2885 2864 :
2921 2829 2949 2857 «
2979 2809 3302 2873 Revertere,
3348 2811 3547 2866 anima
3577 2811 3796 2878 mea,in

2135 2897 2393 2968 requiem
2425 2901 2587 2953 tuam
2635 2898 2805 2968 (Psal.
2838 2915 2986 2965 cxrv,
3017 2899 3094 2970 7).
3130 2920 3158 2948 »
3191 2899 3259 2954 Et
3291 2921 3318 2948 «
3352 2898 3513 2954 Educ
3543 2900 3619 2955 de
3674 2917 3799 2957 car-

2134 3002 2262 3041 cere
2289 2985 2549 3042 animam
2581 3002 2772 3042 meam
2804 2986 2982 3057 (Psat.
3017 3003 3162 3055 cxu,
3194 2988 3273 3058 8),
3325 3010 3352 3036 »
3379 2991 3436 3042 et
3465 2992 3673 3045 cetera
3699 2989 3793 3046 his

2133 3074 2370 3130 similia.
2405 3075 2690 3141 Tertium,
2726 3076 2882 3147 quod
2913 3077 3091 3144 dicat,
3125 3081 3182 3132 et
3239 3076 3541 3133 diabolum
3593 3083 3652 3134 et
3680 3079 3795 3135 daa-

371 3150 672 3224 oculorum
704 3167 932 3224 dolores
963 3185 1079 3222 uno
1113 3171 1358 3222 utuntur
1386 3164 1642 3237 collyrio.
1694 3164 1800 3227 Qui
1831 3163 2025 3237 argui-
2056 3150 2099 3215 C
2137 3180 2342 3220 mones
2399 3168 2633 3220 acturos
2696 3165 3102 3236 pcenitentiam
3153 3165 3495 3237 aliquando,
3553 3171 3611 3222 et
3660 3165 3796 3224 cum

366 3261 468 3313 tur
494 3257 552 3312 in
585 3255 874 3329 pluribus.
909 3259 965 3311 et
995 3255 1054 3309 in
1115 3255 1399 3310 dilutione
1448 3252 1760 3308 criminum
1821 3251 2023 3324 aliqua

368 3345 752 3419 praetermitit,
773 3343 1078 3416 quidquid
1111 3343 1376 3407 tacuerit,
1410 3342 1737 3397 confitetur.
1769 3343 1856 3396 An
1905 3359 2021 3397 non

365 3434 721 3508 respondisti
753 3435 824 3490 ad
855 3432 1160 3504 epistolam
1191 3431 1520 3503 Epiphanii,
1554 3435 1610 3486 et
1667 3430 2022 3503 proposuisti

363 3523 490 3596 ipse
521 3541 648 3596 quas
679 3521 1072 3578 dissolevres?
1105 3520 1395 3575 Nimirum
1420 3519 1528 3575 hac
1559 3519 1773 3574 fiducia
1791 3535 2024 3591 respon-

363 3613 504 3669 disti
540 3630 552 3668 :
588 3611 798 3668 Nullus
822 3611 1043 3667 fortiter
1067 3617 1302 3665 asemet
1345 3609 1472 3680 ipso
1504 3609 1763 3664 caeditur.
1795 3608 2020 3681 Eligere

360 3702 614 3767 duobus,
650 3701 805 3772 quod
837 3699 942 3754 vis.
979 3698 1147 3771 Optio
1175 3698 1281 3753 tibi
1314 3698 1567 3764 dabitur,
1627 3701 1730 3752 aut
1776 3713 2020 3769 respon-

359 3790 498 3846 disti
530 3790 601 3844 ad
633 3788 938 3860 epistolam
970 3786 1304 3859 Epiphanii,
1363 3791 1464 3841 aut
1494 3803 1632 3842 non.
1666 3786 1725 3842 Si
1777 3803 2016 3860 respon-

357 3877 514 3944 disti,
544 3892 654 3931 ‘cur
683 3876 939 3931 maxima
971 3881 1027 3931 et
1053 3875 1307 3947 plurima
1346 3876 1436 3931 'de
1493 3874 1586 3931 his
1617 3892 1745 3946 quae
1777 3876 1885 3931 tibi
1916 3877 2016 3932 ob-

350 3965 511 4037 jecta
539 3969 698 4032 sunt,
732 3964 1025 4035 reliquisti
1058 3964 1086 4018 '2
1113 3965 1172 4018 Si
1206 3981 1320 4019 non
1365 3964 1739 4036 respondisti,
1775 3965 1874 4020 ubi
1931 3969 2018 4021 est

355 4053 458 4110 illa
484 4052 763 4126 Apologia
793 4057 914 4119 tua,
951 4053 1008 4107 in
1042 4069 1158 4124 qua
1187 4051 1456 4124 gloriaris
1487 4053 1641 4125 apud
1672 4053 1971 4125 simplices
2000 4071 2011 4108 :

355 4147 413 4200 et
441 4141 608 4216 quasi
639 4142 746 4216 [AL
781 4148 980 4214 quam]
1045 4142 1450 4214 ignorantibus
1481 4158 1741 4209 causam,
1803 4142 1915 4198 huc
1945 4142 2013 4197 il-

353 4232 568 4306 lucque
598 4232 952 4288 disseminas
982 4231 1008 4286 ‘2

425 4324 478 4379 6.
513 4321 698 4377 'Irz'bus
730 4339 798 4377 ex
854 4325 966 4377 octo
1011 4321 1401 4392 quaestionibus
1429 4320 1653 4375 Joannis
1705 4321 2010 4390 respondet.

351 4432 423 4452 -—-
451 4412 590 4466 Octo
625 4410 725 4466 tibi
755 4411 843 4480 (ut
875 4409 1074 4465 statim
1110 4408 1387 4480 probabo)
1417 4408 1487 4462 de
1545 4423 1648 4478 spe
1687 4407 1820 4462 fidei
1851 4408 2011 4463 Chri-

2137 3252 2357 3307 sanctis
2390 3251 2597 3308 ultimo
2629 3257 2888 3326 tempore
2920 3258 3286 3326 regnaturos.
3324 3255 3796 3328 Quartum,quod

2136 3342 2367 3397 tunicas
2421 3341 2692 3414 pelliceas
2748 3343 3009 3398 humana
3040 3360 3284 3414 corpora
3357 3340 3796 3417 interpretetur:

2136 3430 2351 3502 quibus
2380 3434 2512 3502 post
2540 3431 2823 3486 offensam
2883 3436 2940 3487 et
2999 3432 3344 3502 ejectionem
3397 3433 3468 3488 de
3520 3433 3794 3505 paradiso

2132 3520 2314 3575 Adam
2348 3525 2404 3575 et
2435 3519 2546 3574 Eva
2573 3519 2762 3575 induti
2798 3519 2935 3586 sint,
2968 3521 3127 3576 haud
3161 3521 3408 3577 dubium
3435 3522 3534 3594 qui
3568 3527 3702 3578 ante
3731 3523 3795 3580 in

2132 3608 2403 3681 paradiso
2462 3608 2588 3664 sine
2639 3625 2831 3674 carne,
2892 3610 3084 3665 nervis
3132 3614 3191 3665 et
3247 3611 3484 3667 ossibus
3551 3611 3790 3669 fuerint.

2131 3697 2436 3766 Quintum,
2495 3699 2649 3770 quod
2702 3698 2895 3754 carnis
2961 3698 3413 3756 resurectionem
3492 3701 3793 3757 membro-

2129 3803 2379 3859 rumque
2410 3793 2836 3859 compagem,et
2865 3803 3068 3843 sexum
3101 3805 3216 3860 quo
3245 3787 3350 3843 viri
3383 3788 3708 3846 dividimur
3757 3808 3792 3846 a

2128 3875 2382 3942 feminis,
2440 3877 2809 3948 apertissime
2868 3881 3041 3950 neget
3073 3894 3094 3932 εΔ
3117 3882 3236 3932 tam
3271 3876 3330 3932 in
3379 3876 3790 3949 explanatione

2125 3965 2298 4036 primi
2332 3964 2564 4037 psalmi,
2616 3982 2793 4036 quam
2849 3965 2906 4019 in
2965 3965 3098 4022 aliis
3147 3965 3370 4022 multis
3409 3967 3784 4024 tractatibu.

2125 4055 2385 4118 Sextum,
2413 4053 2571 4124 quod
2604 4053 2686 4108 sic
2709 4053 3055 4125 paradisum
3083 4053 3434 4128 allegorizet,
3488 4059 3553 4112 ut
3604 4056 3786 4114 histo-

2125 4142 2220 4197 riae
2254 4143 2478 4197 auferat
2507 4140 2810 4197 veritatem
2837 4163 2848 4210 ;
2886 4161 2989 4215 pro
3020 4143 3330 4199 arboribus
3358 4143 3617 4217 angelos,
3676 4159 3784 4218 pro

2124 4229 2469 4286 ﬂuminibus
2501 4230 2744 4287 virtutes
2776 4231 3038 4289 cceles‘tes
3071 4233 3404 4306 intelligens
3433 4250 3446 4288 :
3480 4237 3784 4307 totamque

2123 4317 2377 4391 paradisi
2411 4319 2828 4376 continentiam
2853 4323 2874 4356 ³
2918 4321 3280 4396 tropologica
3307 4322 3782 4396 interpretatione

2123 4408 2442 4464 subvertet.
2479 4411 2633 4465 414
2661 4409 3009 4482 Septimum,
3042 4412 3197 4483 quod
3243 4427 3446 4484 aquas,
3508 4427 3638 4484 quae
3682 4427 3782 4468 su-

353 4497 559 4553 stianm
589 4498 979 4569 quaestionum
1009 4497 1202 4568 capita
1221 4496 1436 4566 sejecta
1466 4495 1764 4551 sunt.’l‘ria
1782 4500 2010 4553 tantum
2041 4512 2089 4578 D
2122 4514 2224 4568 per
2255 4496 2430 4554 caelos
2461 4497 2519 4552 in
2545 4498 2866 4570 Scripturis
2895 4515 3023 4556 esse
3081 4499 3379 4565 dicuntur,
3414 4504 3647 4557 sanctas
3673 4514 3781 4557 βας

353 4583 633 4658 tangis,et
664 4587 943 4657 praeteris.
976 4587 1039 4640 In
1074 4584 1296 4640 caeteris
1319 4585 1539 4656 grande
1569 4584 1865 4640 silentium
1901 4591 2010 4642 est.

354 4675 418 4732 Si
443 4675 516 4731 ad
546 4680 770 4746 septem
806 4674 1251 4730 absolutissima
1274 4673 1697 4745 respondisees,
1731 4674 2009 4732 haererem

349 4768 546 4822 tamen
582 4765 686 4836 [AL
721 4765 975 4834 tantum]
1010 4764 1066 4818 in
1097 4780 1212 4818 uno
1247 4763 1492 4818 crimine
1544 4780 1556 4816 :
1617 4769 1672 4818 et
1725 4766 1878 4836 quod
1928 4770 2010 4822 ta-

349 4871 576 4921 cueras,
609 4854 717 4910 hoc
751 4857 1024 4909 tenerem.
1058 4852 1225 4908 Nunc
1255 4868 1386 4908 vero
1419 4851 1585 4924 quasi
1617 4853 1856 4911 auribus
1914 4854 2006 4910 lu-

349 5109 513 5167 num,
572 5092 1186 5167 _Acaciiicaesariensis
1207 5093 1402 5167 Ariani
1439 5097 1651 5167 partes
1710 5095 2000 5167 tuebatur,

349 5163 606 5236 tametsi,
640 5170 729 5236 fut,
777 5165 1137 5236 Epiphanius
1182 5165 1381 5231 tradit,
1436 5164 1559 5235 ipse
1616 5165 1774 5222 intus
1832 5173 1888 5221 et
1941 5163 2000 5223 in

349 5234 521 5307 corde
544 5234 864 5290 catholicus
886 5234 1066 5307 esset.
1104 5236 1281 5292 Paulo
1340 5234 1520 5306 supra
1578 5254 1678 5307 pro
1737 5240 1795 5292 τη
1827 5239 2000 5295 medio

347 5305 542 5362 exsilio
573 5310 697 5362 erat
723 5307 780 5359 in
813 5306 990 5361 veteri
1021 5307 1158 5361 edit.
1195 5309 1253 5361 in
1282 5305 1484 5363 nam
1515 5305 1736 5363 exsilio.

421 5376 551 5431 'Ex
585 5378 779 5431 Graeco
816 5378 1134 5446 proverbio,
1186 5384 1284 5432 τῶν
1341 5385 1476 5434 ὠτῶν
1536 5387 1635 5452 ἔχω
1688 5390 1772 5436 τὸν
1827 5389 1998 5450 λύκον,

346 5455 663 5520 οὔτ’-τέγξωἈ
719 5457 818 5503 οὒτ’
873 5454 1066 5520 ἀφεῖναι
1118 5456 1342 5520 dumpar,
1433 5453 1582 5520 quod
1669 5452 1752 5506 sic
1821 5454 2000 5509 ferme

342 5517 515 5574 vertit
535 5517 745 5574 Latine
775 5517 1082 5574 Terentius
1111 5519 1343 5575 Phorm.
1407 5517 1489 5588 Iri,
1532 5525 1586 5589 2,
1612 5524 1676 5578 21
1715 5540 1728 5578 :
1762 5525 1998 5580 Auribus

344 5598 496 5650 teneo
517 5591 738 5672 lupum.
774 5592 917 5649 Nam
954 5607 1126 5664 neque
1182 5591 1446 5664 quomodo
1503 5609 1537 5648 a
1588 5610 1671 5651 me
1722 5597 1995 5666 amittam,

2121 4602 2452 4657 pernasque
2494 4587 2760 4652 virtutes,
2825 4605 2955 4660 quae
3015 4606 3192 4662 super
3245 4593 3470 4645 terram"
3518 4593 3576 4645 et
3631 4589 3787 4646 infra

2120 4679 2357 4743 terram,
2395 4676 2715 4732 contrarias
2747 4681 2804 4732 et
2832 4677 3224 4734 daemoniacas
3279 4693 3411 4734 esse
3440 4678 3781 4735 arbitretur.

2119 4764 2422 4833 Octavum,
2489 4766 2643 4836 quod
2684 4770 3010 4822 extremum
3075 4767 3298 4838 objicit,
3349 4765 3672 4840 imaginem
3728 4772 3785 4824 et

2118 4852 2569 4909 similitudinem
2602 4854 2723 4922 Dei,
2758 4855 2829 4910 ad
2891 4871 3070 4927 quam
3102 4855 3277 4914 homo
3325 4854 3596 4914 conditus
3654 4856 3782 4913 fue-

2114 5098 2361 5161 z'nvem’o,
2391 5111 2568 5168 aeque
2595 5098 2676 5152 uti
2697 5097 2983 5159 retineam.
3012 5101 3143 5153 scio.

2185 5169 2205 5202 ²
2238 5167 2505 5240 Intellige
2536 5184 2639 5239 pro
2671 5183 2738 5223 eo
2779 5169 2937 5240 quod
2967 5169 3028 5224 in
3076 5170 3334 5242 paradisi
3359 5167 3614 5242 historia
3640 5184 3780 5224 con-

2112 5238 2351 5322 tinetur,
2384 5238 2563 5322 atque
2591 5238 2914 5322 enarratur.
2951 5238 3273 5322 H'oc'osepsu
3313 5239 3558 5322 Siricius
3588 5255 3760 5322 papa,

2111 5311 2293 5382 Epist.
2331 5311 2402 5365 ad
2439 5311 2698 5366 diversos
2731 5317 2932 5366 contra
2974 5312 3373 5379 Jovinianum,
3431 5312 3506 5367 ab
3536 5311 3604 5368 eo
3632 5311 3778 5382 dixit

2111 5384 2256 5455 novi,
2284 5398 2348 5436 ac
2408 5384 2603 5455 veteris
2663 5383 2987 5455 Testameuti
3037 5386 3435 5440 continentiam
3490 5381 3773 5455 pravorti,

2110 5454 2261 5521 quod
2297 5458 2386 5527 est
2415 5452 2741 5527 doctrinam
2776 5454 2831 5508 in
2867 5460 3114 5527 utroque
3147 5452 3772 5512 Testamentocontel-

2107 5529 2229 5580 tam
2264 5524 2518 5581 absurde
2550 5524 2940 5598 interpretari.
3020 5524 3035 5527 “
3668 5552 3672 5554 -
