4094 6166
296 283 417 353 m

1417 268 1733 346 CONTRA
1774 264 2145 341 JOANNEM
2192 272 2604 343 HlEllOSOL.

3598 279 3719 345 318

296 424 414 490 rat,
446 414 601 478 dicit
622 419 698 478 ab
727 434 793 477 eo
823 417 1140 493 perditam,
1174 420 1233 475 et
1260 416 1320 475 in
1351 415 1590 475 homine
1630 419 1763 490 post
1793 430 1959 487 para-
1990 408 2045 475 Α
2075 412 2248 472 ardor
2279 417 2426 475 bene
2456 418 2819 476 credentium
2852 417 2880 475 ?
2910 418 3047 477 audi
3078 417 3421 492 Apostolum
3458 437 3470 485 ;
3506 442 3535 471 ‹‹
3569 420 3637 476 Et
3666 418 3719 479 si

301 511 503 569 disum
536 528 653 567 non
687 510 889 567 fuisse.

2070 526 2177 565 nos
2209 511 2313 580 (Al.
2348 511 2523 582 bono)
2556 515 2661 567 aut
2691 511 2936 583 angelus
2985 512 3056 565 de
3116 510 3254 565 caelo
3312 509 3478 567 aliter
3535 526 3713 566 evan-

372 604 434 658 8.
473 602 770 657 Humilitas
798 616 862 655 ae
906 600 1147 655 eharilas
1216 600 1533 670 Epiphanii.
1596 599 1960 653 Praetextatus
2069 598 2399 671 gelizaverit
2426 601 2589 656 vobis
2622 618 2799 672 quam
2851 600 3353 667 annuntiavimus,
3403 600 3717 657 anathema

306 693 507 750 consul
533 692 848 759 designatus
879 711 897 755 ;
928 689 1059 761 quid
1082 690 1286 744 solebat
1333 688 1532 743 dicere.
1593 688 1756 741 Fides
1812 702 1962 757 pura
2072 692 2147 744 sit
2176 689 2375 759 (Calai,
2415 709 2452 757 ι,
2485 691 2560 761 8).
2600 716 2619 739 ιι
2654 692 2738 746 Tu
2768 689 2912 746 mihi
2946 695 3010 745 ut
3040 689 3260 745 crimen
3316 694 3610 755 extenues,
3664 696 3721 745 et

311 798 535 838 moram
564 796 663 836 non
690 782 928 851 patitur.
964 780 1119 833 Zelus
1151 778 1281 847 ﬁdei
1311 779 1433 849 quis
1480 778 1669 832 debeat
1712 793 1841 832 esse.
1896 807 1963 817 —-
2072 778 2442 835 dissimulato
2474 781 2711 836 nomine
2741 779 3063 843 criminosi,
3108 778 3275 849 quasi
3336 795 3542 833 secura
3599 780 3722 833 sint

318 872 425 927 Has
457 875 592 925 sunt
616 868 860 941 sagittae,
884 866 1100 939 quibus
1122 866 1449 922 confoderis
1488 884 1499 922 :
1534 867 1656 921 haec
1685 864 1963 937 tela,qui-

322 962 444 1016 bus
473 959 525 1013 in
560 962 674 1014 tota
704 957 966 1029 Epistola
993 955 1322 1011 vulneraris
1358 974 1369 1011 :
1405 960 1643 1027 excepto
1665 972 1751 1021 eo,
1808 955 1964 1026 quod

325 1049 445 1105 tuis
468 1048 714 1120 genibus
746 1046 1082 1113 advolutus,
1130 1050 1518 1117 sanctamque
1565 1044 1840 1100 canitiem
1876 1061 1965 1100 se-

294 1138 508 1210 posito
568 1152 883 1208 parumper
938 1135 1256 1191 sacerdotis
1305 1136 1524 1190 honore
1584 1136 1968 1189 substernens

312 1230 422 1299 (At.
456 1226 845 1297 substinens],
878 1226 1224 1297 deprecatur
1272 1224 1522 1280 salutem
1574 1229 1759 1291 tuam,
1790 1228 1846 1279 et
1877 1223 1969 1279 his

312 1315 512 1372 verbis
545 1314 809 1386 loquitur
841 1332 853 1369 :
887 1338 912 1363 ‹‹
951 1314 1165 1369 Praesta
1196 1313 1339 1368 mihi
1370 1318 1424 1368 et
1456 1313 1563 1368 tibi
1589 1317 1653 1369 ut
1703 1312 1967 1379 salveris,

318 1405 477 1462 sicut
505 1404 796 1475 scriptum
829 1407 936 1469 est,
969 1406 1014 1458 A
1043 1403 1416 1475 generatione
1448 1419 1715 1475 perversa
1745 1420 1757 1458 :
1792 1406 1848 1457 et
1878 1419 1971 1458 re-

319 1495 457 1551 cede
487 1494 562 1548 ab
596 1492 805 1548 haeresi
831 1492 1119 1563 Origenis,
1173 1497 1230 1547 et
1273 1510 1306 1547 a
1355 1491 1579 1548 cunctis
1628 1491 1969 1561 haeresibus,

317 1581 725 1639 dilectissime.
783 1603 809 1629 ››
843 1582 914 1636 Et
961 1581 1159 1636 infra:
1198 1603 1225 1631 «
1277 1582 1519 1654 Propter
1573 1581 1973 1637 defensionem

318 1672 610 1728 haereseos
640 1671 951 1725 adversum
984 1686 1078 1724 me
1125 1670 1258 1725 odia
1307 1669 1659 1726 suscitantes
1698 1670 1974 1743 rumpitis

2075 870 2274 923 omnia
2304 873 2359 924 et
2389 870 2589 925 nullus
2619 870 2677 924 in
2712 870 3092 941 blasphemiis
3123 868 3679 940 arguatur,otiosam
3703 870 3722 903 ⁴

2076 960 2253 1013 ﬁdem
2288 959 2494 1014 artifici
2528 976 2795 1015 sermone
2825 959 3098 1015 contexis.
3132 958 3233 1013 Dic
3264 957 3484 1021 statim,
3512 960 3568 1012 et
3599 956 3725 1027 Epi-

2076 1047 2227 1103 stola
2259 1053 2364 1103 tua
2394 1049 2502 1103 hoc
2536 1049 2743 1103 habeat
2765 1048 3089 1113 exordium,
3136 1046 3453 1102 anathema
3498 1046 3571 1110 ei,
3623 1046 3720 1115 qui

2076 1136 2217 1191 talia
2248 1154 2427 1193 ausus
2474 1142 2565 1193 est
2621 1138 2893 1193 scribere.
2930 1136 3095 1191 Fides
3154 1152 3302 1206 pura
3333 1151 3558 1190 moram
3606 1152 3720 1190 non

2080 1226 2319 1298 patitur.
2356 1228 2426 1282 Ut
2458 1226 2795 1299 apparuerit
2826 1226 3117 1297 scorpius,
3148 1224 3302 1280 illico
3333 1224 3727 1279 conterendus

2079 1320 2185 1371 est.
2224 1318 2397 1372 David
2432 1318 2705 1371 inventus
2727 1315 3054 1372 secundum
3078 1332 3177 1370 cor
3211 1313 3725 1376 Domini.«Nonne,

2082 1404 2291 1475 inquit,
2327 1405 2589 1461 odientes
2622 1410 2697 1471 te,
2732 1404 2995 1470 Domine,
3029 1404 3288 1468 oderam,
3322 1406 3378 1457 et
3413 1418 3590 1473 super
3618 1400 3727 1456 ini-

2084 1493 2266 1549 micos
2298 1498 2430 1549 tuos
2461 1495 2833 1549 tabescebam
2866 1494 2893 1547 ‘?
2924 1493 3180 1548 Perfecto
3223 1492 3354 1547 odio
3390 1492 3625 1546 oderam
3660 1489 3728 1544 il-

2081 1582 2169 1638 los
2202 1583 2377 1654 (Psal.
2414 1602 2681 1647 cxxxvm,
2733 1583 2821 1648 2|,
2853 1585 2965 1651 2'2).

2084 1677 2353 1740 matrem,
2388 1673 2436 1727 si
2467 1690 2813 1744 germanum
2860 1673 3139 1726 adversus
3185 1670 3483 1724 Christum
3533 1684 3729 1723 meum

3034 1606 3059 1630 ››
3114 1583 3232 1653 Ego
3263 1581 3309 1637 si
3372 1584 3618 1652 patrem,
3680 1580 3727 1634 si

326 1760 697 1826 charitatem,
732 1776 911 1830 quam
960 1759 1021 1814 in
1059 1759 1223 1814 vobis
1250 1760 1429 1815 habui
1465 1778 1476 1814 :
1514 1761 1571 1814 in
1604 1764 1859 1825 tantum,
1910 1763 1977 1813 ut
2004 1781 2052 1846 B
2084 1761 2438 1817 audivissem
2472 1762 2583 1817 ista
2614 1762 2892 1825 dicentes,
2928 1761 3095 1832 quasi
3124 1759 3311 1814 rabidi
3364 1757 3525 1813 canis
3575 1755 3732 1811 blas-

324 1850 590 1906 faceretis
618 1865 727 1904 nos
756 1847 931 1903 etiam
962 1847 1240 1920 pcenitero
1270 1865 1451 1919 quare
1498 1848 1663 1905 vobis
1706 1864 1973 1904 commu-

322 1938 742 2004 nicaverimus,
778 1937 860 1992 ita
884 1936 1150 2009 Origenis
1180 1954 1404 1994 errores
1449 1944 1505 1993 et
1552 1939 1827 2011 dogmata
1874 1941 1973 1994 de-

328 2025 765 2083 fendentibus.»
795 2025 898 2081 Dic
930 2025 1097 2091 mihi,
1130 2027 1460 2097 disputator
1490 2028 1817 2099 egregie,de
1849 2032 1977 2083 octo

338 2113 639 2185 capitulis,
672 2115 734 2169 ad
768 2130 897 2184 quae
929 2116 1323 2187 responderis.
1379 2114 1678 2187 Paulisper
1711 2117 1781 2171 de
1811 2120 1977 2173 ciete-

314 2204 428 2259 ris
458 2208 613 2258 taceo
677 2204 780 2274 (Al.
852 2204 1094 2274 tacens).
1167 2204 1361 2259 Prima
1426 2204 1525 2260 illa
1590 2205 1975 2277 blasphemia,

329 2294 489 2364 quod
522 2309 621 2348 nec
672 2292 851 2347 Filius
873 2292 1249 2359 Patrem,nec
1302 2293 1513 2349 Filium
1560 2296 1747 2366 possit
1785 2295 1980 2351 videre

327 2381 589 2455 Spiritus
620 2386 884 2451 sanctus,
914 2382 1131 2453 quibus
1175 2400 1208 2437 a
1238 2388 1292 2437 te
1338 2382 1474 2438 telis
1518 2386 1788 2439 confossa
1836 2384 1980 2439 est?

327 2494 357 2521 α
417 2472 724 2537 Sanctam,
783 2471 995 2543 inquit,
1070 2476 1126 2527 et
1199 2473 1555 2528 adorandam
1613 2473 1979 2542 Trinitatem,

322 2561 593 2632 ejusdem
625 2561 994 2626 substantiae,
1024 2564 1079 2617 et
1105 2564 1754 2633 coaeternam,ejusdem
1785 2562 1979 2636 gloriae

327 2656 387 2707 et
417 2648 685 2705 divitatis
735 2648 1032 2707 credimus
1067 2666 1079 2705 :
1116 2650 1679 2707 anathematizantes
1735 2669 1834 2707 eos
1881 2651 1981 2723 qui

326 2739 571 2813 grande,
606 2742 711 2793 aut
742 2755 1005 2811 parvum,
1038 2744 1139 2794 aut
1173 2739 1480 2811 inaequale,
1535 2745 1636 2795 aut
1668 2739 1889 2796 visibile
1921 2741 1979 2795 in

329 2828 549 2884 daitate
577 2826 887 2882 Trinitatis
920 2828 1241 2899 quidquam
1288 2827 1625 2900 loquuntur.
1660 2829 1771 2885 Sed
1832 2829 1983 2885 sicut

331 2915 792 2989 incorporalem,
852 2916 1202 2972 invisibilem
1258 2923 1316 2971 et
1392 2921 1671 2973 aeternum
1734 2918 1982 2975 dicimus

332 3008 568 3063 Patrem
606 3024 619 3060 :
655 3006 739 3061 sic
768 3005 1217 3078 incorporalem,
1240 3006 1592 3063 invisibilem
1613 3012 1669 3063 et
1698 3012 1980 3063 aeternum

330 3095 589 3152 dicimus
622 3094 833 3149 Filium
869 3100 927 3149 et
965 3094 1253 3166 Spiritum
1286 3101 1579 3151 sanctum.
1617 3120 1639 3148 ι
1694 3097 1813 3152 Nisi
1875 3097 1984 3153 hoc

327 3185 576 3250 diceres,
627 3182 950 3239 Ecclesiam
1001 3201 1115 3238 non
1165 3189 1393 3239 teneres
1443 3203 1456 3240 :
1508 3190 1565 3241 et
1612 3190 1807 3241 tamen
1867 3203 1981 3242 non

327 3290 551 3345 quaero,
584 3273 633 3328 si
666 3277 801 3327 ante
833 3289 947 3328 non
979 3272 1197 3329 dixeris
1257 3275 1295 3339 ί,
1356 3291 1471 3329 non
1531 3274 1878 3339 eventilaho,
1936 3276 1986 3331 si

326 3361 618 3418 amaveris
649 3378 747 3417 cos
776 3362 876 3433 qui
910 3362 1049 3417 talia
1080 3362 1577 3433 praedicaverunt;
1613 3381 1745 3421 cum
1770 3365 1988 3436 quibus

330 3451 545 3517 fueris,
577 3451 810 3523 quando
840 3450 955 3505 ista
1000 3450 1260 3507 dicentes
1305 3451 1510 3508 exsilia
1559 3454 1936 3509 sustinebant
1972 3470 1984 3507 :

335 3540 478 3611 quis
504 3538 585 3593 sit
610 3538 720 3603 ille,
753 3539 854 3611 qui
883 3539 1115 3595 Theone
1147 3540 1484 3613 presbytero
1513 3542 1794 3613 Spiritum
1846 3559 1983 3597 san-

341 3632 511 3683 ctum
544 3630 715 3682 Deum
740 3629 844 3696 [Αἰ.
879 3628 1132 3695 Domini]
1188 3628 1247 3684 in
1297 3630 1556 3686 Ecclesia
1607 3631 1980 3702 praedicante,

340 3715 628 3773 clauserit
645 3719 1115 3788 aures,forasque
1145 3734 1282 3773 cum
1314 3717 1439 3773 suis
1464 3720 1727 3775 concitus
1749 3720 1985 3791 fugerit,

336 3822 414 3862 ne
444 3809 675 3860 tantum
733 3806 963 3861 audiret
997 3805 1320 3877 piaculum,
1385 3807 1596 3862 Statim
1656 3808 1809 3863 415
1860 3824 1991 3862 sera

332 3893 721 3951 conversione
780 3894 1029 3959 fidelem,
1113 3894 1325 3966 inquit,
1413 3895 1561 3953 volo.
1640 3895 1991 3952 Miserabilis

335 3985 751 4052 Praetextatus,
776 3984 878 4055 qui
920 3983 1265 4057 designatus
1311 3985 1514 4041 consul
1562 3990 1651 4040 est
1700 3990 1988 4042 mortuus.

336 4073 523 4130 Homo
553 4072 901 4145 sacrilegus,
935 4078 994 4129 et
1040 4070 1331 4129 idolorum
1382 4073 1588 4140 cultor,
1645 4073 1868 4130 solebat
1897 4073 1993 4129 lu-

331 4162 478 4219 dens
511 4163 685 4218 beato
716 4178 879 4234 papae
910 4162 1162 4218 Damaso
1206 4162 1396 4218 dicere
1428 4179 1442 4217 :
1477 4162 1665 4218 Facite
1720 4180 1813 4218 me
1881 4164 1990 4218 Ro-

331 4267 524 4307 manae
559 4250 730 4306 urbis
760 4250 1127 4323 episcopum,
1161 4256 1217 4306 et
1247 4267 1343 4306 ero
1391 4250 1658 4322 protinus
1707 4251 1993 4307 Christia-

340 4356 457 4395 nus
481 4342 524 4393 ³.
552 4340 703 4404 Quid
741 4338 885 4394 mihi
936 4339 1112 4411 longo
1145 4356 1413 4396 sermone
1462 4343 1519 4395 et
1555 4340 1853 4397 laciniosis
1902 4357 1995 4413 pe-

332 4428 519 4485 riodis
549 4430 835 4485 Arianum
864 4433 920 4484 te
950 4445 1061 4484 non
1095 4445 1225 4485 esse
1256 4429 1628 4485 demonstras
1656 4430 1685 4485 ?
1712 4432 1826 4485 Aut
1848 4446 1995 4502 nega

2082 1851 2423 1921 phemantia
2452 1869 2554 1907 ora
2578 1851 3015 1919 lacerassem,et
3045 1848 3251 1904 fuisset
3275 1848 3334 1902 in
3368 1846 3575 1919 primis
3607 1863 3732 1900 ma-

2086 1959 2198 1998 nus
2230 1957 2359 1996 mea
2384 1958 2562 2013 super
2593 1958 2710 1996 eos.
2745 1939 2851 2003 Qui
2875 1939 3024 2011 patri
3080 1943 3138 1993 et
3195 1936 3368 1992 matri
3419 1936 3688 1991 dixerunt
3716 1952 3728 1989 :

2086 2034 2204 2089 Non
2234 2032 2485 2086 novimus
2516 2046 2603 2086 vos
2662 2030 2834 2100 (Deut.
2880 2045 3076 2095 χχχιιι,
3110 2028 3186 2099 9),
3238 2026 3296 2081 hi
3346 2024 3736 2096 impleverunt

2090 2121 2448 2176 voluntatem
2483 2118 2733 2174 Domini.
2771 2118 2876 2184 Qui
2896 2116 3087 2188 diligit
3109 2120 3333 2187 patrem
3358 2118 3459 2170 aut
3486 2118 3732 2169 matrem

2090 2226 2268 2281 super
2297 2209 2617 2274 Christum,
2650 2224 2764 2262 non
2797 2210 2885 2262 est
2915 2223 2980 2261 eo
3003 2206 3217 2277 dignus
3266 2205 3483 2274 (Matth,
3538 2222 3590 2270 ιι,
3622 2203 3733 2273 37),

2158 2301 2212 2354 9.
2249 2299 2557 2354 Invisibiles
2586 2305 2712 2351 sunt
2760 2296 2965 2363 angeli.
3028 2294 3363 2365 Hieronymi
3409 2309 3555 2361 pura
3606 2292 3737 2359 ﬁdes

2089 2406 2153 2443 ac
2181 2390 2487 2443 sinceritas.
2524 2418 2589 2427 —
2620 2385 2904 2455 Objicitur
2935 2383 3065 2452 tibi,
3124 2382 3276 2453 quod
3338 2380 3620 2452 magister
3651 2384 3737 2434 tu-

2091 2496 2184 2546 us,
2216 2492 2392 2549 quem
2425 2474 2774 2530 catholicum
2806 2490 2997 2536 vocas,
3031 2488 3203 2542 quem
3235 2469 3498 2525 defendis
3529 2468 3737 2523 obnixe

2090 2566 2300 2621 dixerit
2331 2583 2343 2619 :
2384 2589 2403 2615 α
2444 2564 2624 2620 Filius
2656 2580 2769 2618 non
2802 2562 2953 2617 videt
2982 2563 3209 2617 Patrem
3244 2579 3257 2627 ;
3291 2562 3347 2615 et
3382 2558 3587 2614 Filium
3621 2574 3737 2612 non

2090 2656 2249 2711 videt
2279 2655 2532 2726 Spiritus
2563 2654 2920 2709 sanctus.Et
2948 2656 3011 2706 tu
3071 2650 3218 2706 mihi
3267 2648 3412 2704 dicis
3474 2666 3486 2704 :
3541 2646 3741 2702 Invisi-

2092 2745 2230 2801 bilis
2267 2746 2457 2813 Pater,
2492 2740 2798 2798 invisibilis
2855 2740 3056 2807 Filius,
3116 2737 3430 2795 invisibilis
3488 2736 3742 2809 Spiritus

2089 2838 2329 2890 sanctus
2363 2833 2605 2905 :»quasi
2640 2848 2754 2886 non
2785 2834 2841 2886 et
2863 2829 3054 2902 angeli
3078 2833 3133 2885 et
3155 2827 3469 2884 Cherubim
3492 2830 3547 2883 et
3569 2828 3737 2881 Sera~

2094 2922 2613 2995 phim,secundum
2638 2924 2906 2974 naturam
2929 2935 3097 2974 suam
3111 2915 3295 2972 oculis
3310 2914 3525 2970 nostris
3542 2913 3737 2968 invisi-

2091 3011 2239 3066 biles
2270 3010 2391 3065 sint
2418 3012 2445 3064 ?
2473 3009 2635 3063 Certe
2666 3008 2845 3063 David
2878 3008 3053 3063 etiam
3085 3006 3155 3060 de
3186 3008 3425 3077 aspectu
3462 3002 3740 3059 omlorum

2096 3098 2373 3154 dubitans
2406 3114 2418 3152 :
2451 3120 2477 3146 ‹‹
2510 3096 2755 3159 Videbo,
2787 3093 3387 3166 inquit,caelos,0pera
3419 3091 3739 3163 digitorum

2096 3192 2332 3243 tuorum
2368 3187 2538 3257 (Psal.
2574 3204 2696 3251 VIII,
2726 3187 2803 3253 5).
2843 3208 2868 3233 ››
2902 3184 3141 3239 Videbo.
3167 3199 3283 3237 non
3304 3180 3739 3243 video.Videbo,

2097 3276 2335 3348 quando
2366 3275 2509 3330 facie
2540 3274 2789 3329 revelata
2816 3272 3063 3345 gloriam
3111 3269 3341 3327 Domini
3395 3270 3556 3325 fuero
3606 3284 3741 3322 con-

2098 3362 2415 3435 templatus
2450 3379 2462 3415 :
2494 3378 2651 3417 nunc
2686 3364 2885 3417 autem
2918 3376 2987 3415 ex
3017 3364 3185 3433 parte
3242 3359 3533 3423 videmus,
3592 3364 3643 3411 el
3677 3372 3742 3411 ex

2099 3456 2261 3524 parte
2291 3452 2702 3523 cognoscimus
2735 3454 2753 3517 (
2782 3452 2805 3505 I
2831 3450 2950 3506 Cor.
2986 3466 3108 3515 xm,
3138 3449 3213 3519 9).
3250 3446 3538 3512 Quaeritur
3589 3444 3742 3499 416

2100 3558 2168 3595 an
2204 3541 2426 3596 Patrem
2461 3540 2651 3595 videat
2680 3539 2861 3595 Filius
2896 3556 2908 3593 :
2944 3542 3000 3593 et
3030 3542 3091 3592 tu
3124 3537 3270 3592 dicis
3306 3554 3317 3591 :
3359 3559 3385 3585 ‹‹
3426 3531 3741 3591 Invisibilis

2098 3630 2266 3685 Pater
2296 3634 2403 3684 est.
2437 3653 2464 3679 ››
2496 3628 2862 3684 Deliberatur
2890 3645 2962 3682 an
3006 3626 3215 3682 Filium
3252 3626 3443 3679 videat
3486 3622 3741 3695 Spiritus

2099 3722 2340 3774 sanctus
2374 3736 2385 3772 :
2420 3723 2476 3773 et
2508 3722 2568 3773 tu
2603 3718 2944 3788 respondes,
2979 3738 3005 3765 ‹‹
3043 3713 3356 3770 Invisibilis
3380 3716 3466 3767 est
3498 3709 3738 3766 Filius.»

2099 3806 2379 3861 Versatur
2406 3808 2465 3861 in
2498 3824 2695 3871 causa,
2733 3823 2804 3860 an
2838 3821 2899 3860 se
2929 3804 3176 3859 invicem
3227 3800 3485 3857 Trinitas
3530 3798 3742 3865 videat,

2100 3895 2372 3950 humana:
2404 3912 2575 3950 aures
2603 3898 2829 3949 tantam
2860 3892 3287 3964 blasphemiam
3313 3891 3462 3945 ferre
3494 3904 3607 3943 non
3640 3904 3745 3942 su-

2101 3984 2323 4040 stinent
2357 4000 2369 4038 :
2404 3990 2459 4039 et
2490 3988 2552 4038 tu
2585 3983 2752 4037 dicis.
2792 4004 2819 4033 α
2852 3980 3168 4037 Invisibilis
3197 3978 3455 4035 Trinitas
3485 3982 3591 4034 est.
3630 4000 3655 4025 η
3682 3976 3743 4031 In

2102 4073 2307 4129 laudes
2339 4077 2574 4128 caeteras
2606 4070 2867 4143 evagaris
2903 4087 2915 4126 :
2950 4086 3185 4143 peroras
3210 4068 3267 4123 in
3300 4069 3414 4131 bis,
3449 4084 3575 4138 qua:
3608 4064 3738 4121 nul-

2105 4163 2200 4219 lus
2232 4160 2494 4234 inquirit.
2529 4160 2863 4215 Auditorem
2900 4159 3179 4215 aliorsum
3208 4157 3413 4223 trahis,
3466 4161 3531 4210 ut
3590 4154 3743 4225 quod

2103 4252 2443 4324 quaerimus,
2477 4267 2591 4306 non
2623 4249 2902 4321 loquaris.
2938 4248 3154 4302 Verum
3183 4247 3303 4301 haec
3335 4262 3401 4300 ex
3450 4243 3745 4315 superﬂuo

2103 4343 2258 4396 dicta
2287 4341 2424 4397 sint.
2458 4341 2757 4395 Donamus
2788 4337 2889 4393 tibi
2920 4341 2984 4392 ut
3014 4353 3129 4392 non
3168 4336 3249 4390 sis
3300 4334 3553 4389 Arianus
3586 4350 3598 4387 :
3627 4332 3746 4386 imo

2107 4430 2259 4503 plus,
2294 4434 2359 4485 ut
2391 4445 2691 4501 nunquam
2719 4427 2920 4483 fueris.
2945 4425 3353 4489 Concedimus,
3386 4426 3451 4477 ut
3489 4422 3546 4476 in
3580 4437 3745 4492 expo~

327 4517 443 4574 hoc
462 4518 687 4573 dixisse
718 4534 877 4582 eum,
926 4518 1027 4588 qui
1068 4517 1339 4589 arguitur
1372 4533 1384 4571 :
1413 4522 1515 4573 aut
1538 4518 1586 4574 si
1644 4517 1873 4574 locutus
1902 4523 1991 4575 est
2020 4520 2070 4589 D
2102 4520 2311 4575 sitione
2341 4518 2517 4590 primi
2554 4517 2814 4590 capituli,
2850 4518 3160 4572 adversum
3192 4519 3248 4571 te
3279 4512 3441 4569 nulla
3488 4510 3747 4583 suspicio

329 4606 496 4678 talia,
529 4607 775 4673 damna,
808 4605 949 4677 quia
977 4606 1189 4663 dixerit
1218 4608 1259 4662 ³.
1294 4606 1399 4662 Vis
1428 4607 1574 4663 scire
1605 4613 1863 4679 quantus
1913 4608 1989 4664 sit

370 4838 423 4917 __‘
447 4836 608 4917 Cum
633 4842 842 4917 nempe
874 4841 1045 4917 antea
1075 4834 1393 4917 Macedonii
1427 4835 1699 4917 “haeresim
1752 4842 1991 4894 secutus

333 4908 418 4962 sit
441 4905 1130 4979 Jo.Hierosolymitanus,
1163 4911 1222 4979 et
1251 4907 1310 4972 S,
1344 4905 1595 4976 Spiritus
1627 4908 1989 4966 divinitatem

336 4978 858 5055 negaverit._Qu_od
876 4979 1077 5034 subdit
1098 4978 1169 5033 de
1192 4978 1541 5055 Prestextato
1573 4979 1757 5034 altera
1789 4998 1989 5055 expro-

333 5048 529 5106 bratio
550 5054 643 5106 est
669 5050 729 5105 in
762 5050 1071 5115 Joannem,
1104 5050 1205 5120 qui
1240 5048 1511 5104 utilitatis
1542 5066 1719 5105 causa
1742 5069 1775 5106 a
1805 5048 1991 5108 Mace-

333 5121 615 5205 donianis
642 5123 906 5205 secessit,
939 5126 995 5177 et
1025 5120 1318 5205 n‘ihil‘non
1359 5122 1561 5186 movit,
1609 5128 1673 5176 ut
1725 5123 1992 5180 Hieroso-

331 5192 667 5266 lymitanus
695 5194 1008 5265 episcopus
1042 5194 1221 5248 fieret.

403 5266 427 5301 ³
459 5265 598 5319 Vid.
629 5265 929 5319 Ammian.
964 5262 1291 5335 Marcellini.
1322 5262 1426 5317 lib.
1460 5280 1639 5335 xxvn,
1685 5282 1735 5321 c.
1787 5268 1841 5335 3,
1893 5268 1993 5323 ubi

326 5336 403 5391 de
437 5336 507 5391 Et.
544 5336 758 5391 Pontif.
794 5335 1233 5407 magnificentia
1260 5334 1545 5405 loquitur.

401 5408 430 5491 ξ
451 5408 612 5491 Qlim
640 5413 787 5491 erat,
819 5410 925 5463 Aut
952 5410 1004 5463 si
1034 5408 1244 5462 loeutus
1271 5409 1349 5461 est
1388 5408 1548 5475 talia,
1609 5424 1730 5463 eum
1789 5410 1997 5467 damna

326 5481 430 5549 qui
456 5480 690 5535 dixerit.

401 5550 423 5583 ‘
454 5551 858 5635 Reposuimus
884 5552 1119 5635 otiosam
1149 5566 1219 5605 ex
1248 5549 1365 5604 fide
1413 5563 1559 5635 mss.
1610 5555 1672 5635 et.
1710 5555 1991 5634 vetustio-

329 5637 467 5681 rum
499 5623 849 5695 editionum,
880 5623 1008 5696 ipso
1046 5623 1225 5681 etiam
1258 5624 1499 5693 cogente
1529 5623 1810 5681 orationis
1861 5643 1998 5683 con-

2100 4611 2196 4677 sit,
2231 4614 2287 4664 et
2315 4613 2505 4665 totum
2540 4624 2702 4680 pure,
2734 4612 2925 4662 totum
2978 4604 3323 4677 simpliciter
3362 4604 3443 4659 sis
3496 4600 3745 4669 locutus,

2101 4843 2281 4894 textu.
2317 4839 2460 4891 Puta
2491 4836 2605 4891 dici
2635 4836 2868 4891 inanem
2904 4837 3022 4891 sive
3052 4835 3319 4891 inutilem
3354 4850 3417 4887 ac
3463 4832 3747 4902 superflu-

2102 4927 2196 4966 am
2229 4909 2426 4964 ﬁdem.
2459 4909 2536 4962 Eo
2580 4924 2756 4962 sensu
2813 4907 3210 4970 Quintilianus
3268 4909 3499 4960 otiosum
3545 4917 3750 4956 sermo-

2102 4999 2225 5039 nem
2256 4980 2423 5045 dixit,
2459 4985 2523 5033 ut
2571 4980 2643 5032 ab
2680 4978 2809 5032 aliis
2857 4978 3155 5049 exemplis
3189 4976 3540 5049 abstineam.
3590 4973 3751 5026 Eras-

2103 5070 2236 5109 mus
2269 5050 2573 5106 maluisset
2601 5051 2829 5104 enodem
2859 5049 2978 5103 sive
3024 5046 3269 5111 enodem,
3331 5046 3621 5099 Victorius
3696 5050 3752 5097 et

2103 5124 2477 5181 Martianaeus
2508 5137 2720 5176 erosam
2750 5120 2968 5191 legunt.
3002 5151 3069 5160 —
3102 5121 3329 5173 Erosam
3386 5116 3564 5185 fidem,
3587 5116 3749 5191 __Non

2102 5213 2334 5253 wrosam
2381 5194 2482 5248 sed
2531 5194 2759 5248 otiosam
2808 5188 2997 5245 iidem
3054 5191 3259 5262 legunt
3305 5206 3446 5262 mss.
3500 5188 3747 5262 codices.

2103 5266 2665 5339 ConjicitiErasm‘us
2697 5259 3300 5339 legendumueﬁoddm
3356 5259 3475 5339 sive
3514 5259 3753 5339 enodem

2107 5330 2296 5409 ﬁdem,
2332 5338 2388 5391 id
2425 5339 2513 5409 est
2544 5330 3467 5409 simplicem,etnibilhabentem
3497 5330 3751 5409 distorti.

2106 5403 2270 5478 Quod
2304 5406 2602 5464 Marianus
2628 5403 2941 5478 impugnat
2966 5406 3024 5459 in
3059 5405 3181 5461 suis
3215 5403 3753 5478 scholiis,probans

2108 5474 2525 5539 erosamtidem
2588 5474 2921 5550 legehdﬁm,
2986 5478 3093 5533 hoc
3153 5482 3239 5533 cst
3296 5493 3409 5533 non
3467 5474 3753 5547 integram

2108 5571 2298 5628 neque
2326 5566 2552 5609 sanam.
2574 5550 2855 5606 Manum.
