4110 6162
454 204 579 279 379

1588 226 1602 237 '
1693 211 1759 275 S.
1804 206 2116 277 EUSEBII
2156 208 2628 277 HlERONYMl.

3688 200 3802 275 ϐω

454 347 660 406 eadem
692 344 1067 422 simplicitate
1087 349 1145 404 et
1173 362 1279 403 nos
1308 350 1504 403 tecum
1563 345 1884 425 loquimur.
1943 347 2096 403 Num
2124 349 2179 415 Α
2211 347 2391 405 Isaias
2420 346 2682 421 Virginis
2711 341 3265 417 demonstrator,qui
3295 342 3353 399 in
3385 352 3495 399 una
3512 342 3800 416 quatiens

455 455 611 512 papa
640 437 1008 511 Epiphanius
1034 436 1329 492 accusavit
1345 437 1582 507 te,quod
1610 436 1865 491 Arianus
1895 452 2057 491 esses
2078 436 2105 489 ?

451 528 607 584 Num
638 526 1075 582 Eunomiia’zeéou
1107 527 1147 594 ¹,
1181 529 1282 581 aut
1312 525 1448 581 zErii
1477 527 1498 559 ³
1525 524 1628 580 tibi
1690 525 1934 597 impegit
1987 524 2102 579 hae-

452 616 632 673 resim
664 615 692 669 ?
722 616 840 670 Hoc
868 630 972 686 per
1010 617 1194 669 totam
1242 612 1559 686 Epistolam
1612 613 1892 685 quaeritur
1947 613 2100 684 quod

452 703 719 777 Origenis
750 703 1094 774 dogmatum
1126 701 1395 773 sequaris
1423 717 1669 768 errores,
1701 705 1759 756 et
1810 701 2101 773 quosdam

451 795 672 850 habeas
702 793 883 865 hujus
912 792 1196 848 haereseos
1227 792 1435 846 socios.
1488 791 1602 846 Cur
1645 790 1806 846 aliud
1849 790 2102 846 interro-

450 887 644 955 gatus,
679 882 997 954 respondes
1047 880 1225 947 aliud,
1288 884 1343 934 et
1399 880 1567 952 quasi
1623 896 1760 934 cum
1792 878 1990 934 stultis
2023 878 2103 934 lo-

452 972 654 1043 quaris
686 969 1075 1026 dissimulatis
1096 968 1466 1036 criminibus,
1487 986 1614 1039 quae
1644 968 1700 1022 in
1728 968 1938 1022 litteris
1971 985 2102 1022 con-

447 1060 879 1131 tinentur,quid
910 1058 969 1112 in
999 1057 1257 1113 Ecclesia
1286 1058 1556 1129 praesenti
1588 1057 1917 1129 Epiphanio
1939 1056 2098 1112 dixe-

449 1149 532 1205 ris
562 1149 589 1203 ?
620 1146 1054 1205 Contessionem
1073 1146 1206 1202 ﬁdei
1230 1146 1569 1219 postularis,
1597 1152 1652 1202 et
1670 1146 2092 1202 disertissimos

448 1240 736 1292 tractatus
764 1240 896 1291 tuos
917 1234 1253 1290 nolentibus
1283 1234 1500 1308 ingeris
1529 1237 1556 1290 ?
1587 1234 2098 1303 Qumso,lector,ut

449 1342 675 1382 memor
702 1323 1017 1380 tribunalis
1035 1323 1350 1392 Domini,et
1378 1324 1448 1380 de
1468 1324 1693 1395 judicio
1717 1328 1817 1379 tuo
1840 1328 1894 1380 te
1926 1323 2095 1379 intel-

445 1413 637 1487 ligens
658 1413 1186 1486 judicandum,nec
1219 1413 1501 1480 mihi,ncc
1524 1413 1856 1470 adversario
1881 1414 2095 1479 faveas,

453 1520 599 1559 neve
628 1519 911 1575 personas
949 1501 1342 1573 loquentium,
1393 1502 1493 1558 sed
1546 1518 1784 1558 causam
1832 1502 2095 1559 conside-

448 1609 562 1649 res.
596 1593 872 1650 Dicamus
898 1606 1034 1664 ergo
1056 1591 1212 1663 quod
1244 1591 1550 1663 coepimus.

518 1772 607 1828 40.
639 1773 812 1829 Isaias
840 1772 1080 1842 Virginis
1110 1770 1533 1826 demonstrator.
1584 1770 1804 1825 Scribis
1857 1771 1915 1825 in
1964 1770 2097 1841 Epi-

446 1861 601 1921 stola
628 1865 749 1929 tua,
796 1860 955 1933 quod
1004 1863 1319 1931 antequam
1367 1857 1747 1914 Paulinianus
1796 1857 2101 1931 presbyter

449 1953 636 2017 fieret,
668 1965 977 2021 nunquam
1006 1952 1062 2003 te
1112 1964 1264 2020 papa
1320 1947 1682 2019 Epiphanius
1742 1965 1918 2019 super
1972 1947 2096 2003 Ori-

448 2040 615 2114 genis
645 2054 838 2095 errore
867 2036 1156 2094 convenit.
1190 2036 1452 2091 Primum
1485 2037 1731 2092 dubium
1780 2041 1888 2104 est,
1940 2041 1998 2092 et
2027 2038 2097 2092 de

448 2127 717 2201 personis
746 2129 1005 2200 disputo.
1041 2126 1141 2183 Ille
1179 2126 1465 2197 objecissc
1495 2143 1557 2181 se
1588 2126 1749 2195 dicit,
1779 2132 1835 2182 tu
1870 2143 2086 2199 negas:

444 2218 543 2274 ille
575 2221 751 2274 testes
784 2218 1021 2289 profert,
1054 2221 1131 2271 tu
1152 2233 1263 2272 non
1293 2216 1383 2272 vis
1414 2216 1618 2271 audire
1650 2216 2096 2287 productos,Ille

446 2307 623 2363 etiam
650 2309 1074 2363 commemorat
1102 2304 1283 2360 alium
1315 2321 1444 2361 esse
1474 2310 1844 2371 conventum,
1898 2309 1960 2360 tu
1994 2322 2095 2377 pro

447 2402 697 2469 utroque
728 2394 1069 2451 dissimulas
1103 2412 1115 2450 :
1143 2394 1324 2449 mittit
1348 2394 1451 2450 tibi
1480 2411 1585 2466 per
1610 2393 1887 2449 clericum
1917 2410 2094 2449 suum

446 2483 783 2556 epistolam,
834 2482 1277 2554 responsionem
1325 2482 1553 2555 ﬂagitat
1596 2500 1608 2537 :
1652 2487 1830 2549 taces,
1886 2482 2097 2537 mutire

447 2590 564 2628 non
587 2572 789 2639 audes,
840 2575 898 2626 et
946 2570 1266 2626 Palaestinae
1310 2575 1682 2641 provocatus,
1735 2570 2095 2626 Alexandria:

447 2659 725 2731 loqueris.
761 2660 915 2714 Inter
946 2657 1112 2713 illum
1143 2662 1200 2713 et
1228 2662 1305 2724 te,
1341 2659 1431 2713 cui
1481 2659 1979 2715 accommodanda
2021 2660 2099 2715 sit

451 2749 598 2804 {ides
620 2762 737 2803 non
767 2752 858 2803 est
888 2763 1085 2802 meum
1129 2747 1338 2802 dicere.
1406 2747 1549 2802 Puto
1594 2747 1749 2818 quod
1809 2763 1912 2802 nec
1971 2748 2095 2820 ipse

446 2836 666 2893 audeas
707 2837 1015 2892 adversum
1076 2835 1249 2891 talem
1308 2852 1375 2891 ac
1434 2841 1661 2891 tantum
1716 2835 1928 2904 virum,
1987 2836 2093 2892 tibi

446 2925 793 2996 veritatem,
834 2924 918 2979 illi
955 2924 1329 2980 mendacium
1408 2927 1555 2981 417
1622 2925 1924 2997 deputare,
1986 2927 2093 2982 Sed

449 3015 575 3069 ﬁeri
633 3018 849 3086 potest,
909 3020 975 3069 ut
1034 3013 1442 3086 unusquisque
1500 3030 1602 3086 pro
1680 3031 1742 3070 se
1795 3013 2090 3086 loquatur.

2132 1725 2180 1789 B

2214 439 2606 494 succumbens
2638 436 2721 492 ait
2751 453 2764 492 :
2794 436 3205 492 Generationom
3252 435 3378 505 ejus
3412 434 3500 504 qui
3549 435 3806 490 enarrabit

2215 529 2339 599 (Isa.
2375 545 2495 596 LIII,
2526 526 2638 594 8)?
2678 527 2961 598 Reperlus
3011 529 3097 580 est
3142 521 3370 578 saeculis
3416 522 3614 577 nostris
3662 522 3808 579 haud

2211 616 2452 689 grandis
2485 613 2881 671 homunculus
2912 612 3012 685 qui
3043 612 3113 668 de
3145 610 3372 666 cunctis
3405 609 3651 665 Ecclesiae
3671 625 3817 682 quasi

2212 706 2502 761 stionibus
2523 721 2639 761 uno
2655 704 2871 776 linguae
2892 706 3082 759 rotatu
3101 699 3223 756 sole
3241 699 3455 755 clarius
3493 705 3810 754 coruscaret.

2212 796 2271 851 Si
2308 812 2477 851 nemo
2509 812 2543 849 a
2568 798 2624 849 te
2650 792 3070 866 postulabat,et
3099 788 3415 860 tranquilla
3434 791 3591 843 erant
3618 787 3814 855 omnia,

2210 884 2387 940 stulte
2419 888 2579 939 tanta
2609 881 2947 955 disputandi
2980 878 3214 936 voluisti
3241 878 3438 934 subire
3483 876 3811 931 discrimina.

2212 975 2269 1029 Si
2292 975 2420 1045 jam
2449 979 2590 1029 tunc
2624 973 2683 1027 in
2715 971 3080 1028 satisfatione
3126 967 3261 1023 ﬁdei
3309 966 3645 1037 loquebaris,
3694 980 3816 1037 ergo

2212 1080 2326 1118 non
2379 1067 2467 1119 est
2511 1061 2799 1118 ordinatio
2846 1056 3192 1132 presbyteri,
3252 1071 3434 1112 causa
3496 1053 3814 1109 discordiae:

2210 1168 2382 1223 quem
2414 1155 2642 1208 constat
2699 1148 2881 1205 multa
2938 1151 3070 1219 post
3124 1150 3387 1217 tempore
3441 1142 3814 1207 constitutum,

2208 1240 2482 1297 Fefellisti
2514 1240 2806 1305 absentes,
2840 1241 2896 1294 et
2925 1236 3131 1292 littera:
3163 1238 3274 1288 tuae
3324 1230 3642 1305 peregrinis
3689 1229 3818 1285 auri-

2209 1331 2321 1386 bus
2351 1329 2753 1385 blandiuntur.

2284 1421 2368 1475 11.
2405 1414 2997 1490 Αηίὴνεοροτηονρὴίίιεε.
3033 1446 3099 1454 -
3149 1413 3271 1469 Nos
3298 1410 3394 1467 hic
3423 1426 3653 1466 eramus
3695 1420 3816 1465 eun-

2209 1513 2301 1565 cta
2329 1507 2601 1565 novimus
2631 1505 2864 1578 quando
2896 1507 3099 1559 contra
3126 1502 3433 1574 Origenem
3481 1500 3538 1554 in
3593 1497 3821 1554 Ecclesia

2209 1603 2309 1653 tua
2364 1613 2516 1670 papa
2574 1593 2933 1667 Epiphanius
2992 1591 3398 1663 loquebatur:
3453 1587 3675 1659 quando
3725 1585 3818 1640 sub

2210 1686 2370 1742 illius
2438 1684 2671 1741 nomine
2737 1683 2795 1737 in
2863 1698 2966 1737 vos
3025 1682 3133 1752 [AL
3182 1683 3309 1746 nos]
3372 1676 3569 1749 jacula
3616 1679 3820 1746 torque-

2208 1778 2443 1832 bantur.
2476 1775 2563 1829 Tu
2596 1778 2654 1829 et
2683 1772 2897 1828 chorus
2940 1774 3081 1826 tuus
3112 1768 3325 1825 canino
3357 1767 3524 1832 rictu,
3583 1763 3820 1819 naribus-

2206 1882 2317 1937 que
2347 1863 2681 1930 contractis,
2715 1860 3043 1933 scalpentes
3074 1858 3293 1931 capita,
3344 1854 3594 1911 delirum
3640 1867 3817 1908 senem

2205 1952 2448 2009 nutibus
2494 1953 2515 1986 ³
2564 1948 2981 2023 loquebamini.
3048 1948 3254 2003 Nonne
3327 1948 3461 2000 ante
3512 1941 3817 2015 sepulcrum

2206 2042 2438 2099 Domini
2489 2040 2670 2096 misso
2728 2038 3141 2095 archidiacono
3198 2033 3547 2107 praecepisti,
3597 2035 3657 2086 ut
3698 2027 3822 2085 talia

2205 2129 2512 2200 disputans
2537 2124 3006 2182 conticesceret‘?
3057 2123 3199 2188 Quis
3255 2121 3370 2176 hoc
3426 2133 3672 2190 unquam
3716 2133 3826 2188 pre-

2206 2218 2437 2290 sbytero
2469 2232 2576 2271 suo
2607 2230 2803 2270 coram
2840 2212 3006 2285 plebe
3037 2210 3340 2282 inperavit
3368 2209 3471 2279 [Αι.
3495 2203 3819 2277 impetravit]

2205 2306 2516 2379 episcOpus
2545 2304 2572 2358 ?
2594 2304 2799 2359 Nonne
2829 2318 2962 2356 cum
2994 2301 3066 2356 de
3093 2298 3378 2355 Anastasi
3407 2299 3427 2331 ⁴
3450 2293 3734 2369 pergeretis
3756 2292 3822 2347 ad

2205 2412 2462 2461 crucem,
2492 2398 2550 2449 et
2576 2393 2648 2447 ad
2676 2408 2811 2449 eum
2866 2389 3062 2446 omnis
3120 2387 3316 2443 aetatis
3375 2392 3432 2442 et
3475 2384 3614 2440 418
3667 2398 3823 2437 sexus

2207 2485 2378 2540 turba
2406 2483 2744 2549 conﬂ‘ueret,
2776 2480 3027 2537 oll‘erens
3072 2476 3376 2550 parvulos,
3406 2476 3575 2548 pedes
3613 2471 3826 2527 deoscu-

2203 2573 2355 2642 lans,
2391 2572 2652 2628 fimbrias
2683 2569 2900 2625 vellens
2934 2587 2946 2637 ;
2979 2583 3231 2639 cumque
3252 2583 3375 2621 non
3405 2567 3595 2636 posset
3614 2575 3826 2633 praemo-

2201 2680 2332 2719 vere
2362 2662 2632 2736 gradum,
2666 2661 2767 2716 sed
2800 2659 2859 2714 in
2899 2674 3011 2713 uno
3043 2657 3167 2712 loco
3198 2655 3292 2710 vix
3328 2657 3540 2710 ﬂuctus
3568 2649 3825 2706 inundan~

2202 2753 2279 2808 tis
2312 2750 2507 2824 populi
2541 2749 2876 2815 sustineret,
2907 2752 2967 2802 tu
3029 2749 3219 2802 tortus
3277 2741 3500 2799 invidia
3554 2740 3822 2807 ,adversus

2203 2841 2525 2913 gloriosum
2585 2855 2785 2895 semen
2844 2836 3192 2892 clamitabas
3244 2850 3404 2889 :neo
3458 2827 3727 2887 crubuisti
3772 2825 3823 2880 in

2203 2948 2269 2986 os
2298 2930 2347 2985 ei
2380 2930 2589 2996 dicere,
2652 2928 2807 3000 quod
2863 2926 3066 2981 volens
3124 2928 3182 2980 et
3237 2923 3313 2978 de
3378 2920 3660 2976 industria
3710 2931 3817 2971 mo-

2204 3024 2448 3075 raretur.
2512 3017 2835 3073 Recordare
2894 3030 3091 3086 quaeso
3168 3012 3333 3068 illius
3412 3010 3548 3077 diei,
3616 3005 3873 3079 quando~

447 3103 728 3176 Teipsum
760 3108 963 3159 contra
1005 3108 1060 3159 te
1093 3108 1303 3159 testem
1335 3104 1571 3159 vocabo.
1634 3102 1693 3158 Si
1742 3103 1900 3158 enim
1962 3103 2090 3160 nul-
2124 3095 2165 3160 C
2206 3110 2277 3165 ad
2310 3109 2515 3164 horam
2545 3107 2858 3179 septimam
2891 3105 3175 3160 invitatus
3233 3101 3495 3174 pepulus
3551 3114 3650 3170 spe
3701 3093 3827 3158 sola,

441 3191 500 3246 la
566 3192 638 3248 de
703 3191 1079 3264 dogmatibus
1145 3190 1390 3264 quaeetio
1456 3193 1835 3247 versabatur:
1870 3192 1921 3247 si
1979 3199 2093 3249 sto-

441 3279 719 3336 machum
752 3280 911 3336 senis
942 3296 1058 3336 non
1091 3296 1354 3336 moveras
1388 3299 1399 3335 :
1431 3280 1480 3335 si
1512 3280 1609 3335 ille
1641 3280 1747 3335 tibi
1807 3280 1953 3336 nihil
2006 3298 2091 3337 re-

439 3370 775 3441 sponderat,
806 3367 946 3441 quid
978 3385 1214 3425 necesse
1262 3375 1407 3435 erat,
1471 3374 1536 3425 ut
1565 3368 1626 3424 in
1677 3386 1793 3425 uno
1823 3369 2090 3427 Ecclesiae

437 3463 713 3527 tractatu,
747 3458 818 3514 de
851 3457 1088 3514 cunctis
1125 3458 1526 3530 dogmatibus,
1559 3457 1737 3513 homo
1774 3475 1888 3514 non
1947 3458 2091 3515 satis

437 3547 736 3619 eloquens,
759 3546 1095 3620 disputares
1131 3563 1143 3601 :
1180 3548 1250 3601 de
1277 3545 1579 3613 Trinitate,
1602 3547 1672 3602 de
1689 3548 2093 3620 assumptione

438 3635 716 3692 dominici
748 3636 1029 3708 corporis,
1062 3636 1134 3691 de
1168 3635 1451 3704 cruce,de
1478 3635 1699 3704 inferis.
1738 3637 1803 3692 :le
1853 3637 2093 3710 angelo-

439 3726 572 3780 rum
604 3729 834 3790 natura,
868 3724 939 3780 de
973 3725 1304 3780 animarum
1337 3727 1519 3791 statu,
1551 3725 1621 3780 de
1671 3726 2091 3782 resurrectione

439 3811 781 3880 Salvatoris,
809 3818 866 3868 et
924 3818 1251 3869 nostra:et
1301 3813 1361 3867 in
1420 3818 1592 3883 terra,
1658 3832 1785 3886 quae
1845 3815 2088 3871 forsitan

443 3900 661 3957 oblitus
690 3918 752 3958 es
785 3902 1061 3970 scribere,
1096 3902 1480 3973 praesentibus
1502 3902 1738 3976 populis
1781 3909 1840 3960 et
1890 3904 1990 3961 tali
2023 3921 2090 3960 ac

439 3994 602 4046 tanto
626 3990 771 4057 viro,
804 3990 1132 4061 intrepidus
1159 3990 1382 4047 diceres
1412 3997 1470 4047 et
1500 3992 1698 4049 omnia
1747 4010 1866 4048 una
1905 3992 2096 4061 saliva

438 4078 814 4136 continuares
844 4080 871 4134 ?
904 4078 1007 4135 Ubi
1041 4084 1180 4135 sunt
1227 4084 1448 4136 veteres
1498 4080 1763 4136 Ecclesiae
1810 4086 2086 4138 tractato-

438 4185 551 4239 res,
585 4170 686 4243 qui
716 4170 807 4224 vix
834 4167 1102 4241 singulas
1151 4169 1506 4241 quaestiones
1549 4168 1834 4242 explicare
1884 4169 2087 4225 multis

442 4257 844 4316 voluminibus
877 4260 1246 4331 potuerunt?
1280 4257 1378 4313 ubi
1429 4257 1729 4313 electionis
1786 4275 1886 4313 vas
1945 4258 2087 4314 tuba

436 4348 756 4420 Evangelii,
790 4348 1020 4419 rugitus
1052 4344 1239 4402 leonis
1258 4345 1463 4411 nostri,
1481 4345 1773 4399 tonitruus
1796 4346 2081 4417 gentium,

436 4435 657 4490 flumen
682 4435 1027 4505 eloquentia:
1057 4432 1422 4498 Christianae,
1457 4432 1559 4526 qu‘i
1616 4434 1962 4504 mysterium
1998 4453 2084 4491 re-
2115 4458 2164 4526 Β

437 4526 529 4578 tro
577 4523 1061 4594 generationibus
1118 4522 1453 4593 ignoratum
1484 4520 1706 4592 (Coloss,
1764 4538 1804 4588 1,
1885 4524 1997 4596 26),
2031 4530 2088 4581 et

436 4612 797 4685 profundum
829 4611 1167 4666 divitiarum
1200 4609 1500 4680 sapientia:
1556 4614 1614 4664 et
1674 4610 1930 4668 scientiae
1988 4615 2091 4671 Dei

438 4701 628 4774 magis
659 4700 929 4769 miratur,
964 4716 1141 4783 quam
1180 4698 1444 4769 loquitur
1474 4699 1644 4771 (Rom.
1689 4718 1768 4769 x1,
1805 4702 1895 4775 33)
1923 4703 1950 4758 ?
1986 4705 2090 4762 Ubi

512 4827 525 4860 ¹
567 4828 708 4882 Nom
734 4828 1011 4884 Dunomiz'.
1046 4823 1431 4881 Sorbonicum
1466 4825 1763 4897 exemplar
1802 4844 1912 4884 ms.
1944 4835 2092 4886 [tum

438 4900 855 4973 Eunomiiuid
888 4909 981 4973 post
1034 4900 1154 4973 sine
1201 4897 1328 4966 Deo,
1386 4900 1481 4952 aut
1531 4899 1655 4973 Erii
1710 4899 1820 4973 tibi
1868 4901 2092 4973 impegit

437 4969 713 5041 nmmum.
748 4971 899 5026 Editi
930 4970 1213 5027 omittunt
1245 4985 1457 5041 nomen
1499 4971 1663 5041 .Erii,
1724 4970 1823 5041 qui
1882 4969 2092 5041 et'ipse

437 4990 713 5025 meream.
748 4990 899 5026 nam
930 4990 1213 5027 omittunt
1246 4990 1457 5024 nomen
1499 4990 1663 5035 Λινιτ,
1724 4990 1823 5041 qu
1882 4990 1982 5026 eti
2030 4990 2087 5028 se

436 5039 691 5113 Arianus
724 5041 834 5096 luit
852 5060 918 5098 ac
948 5044 1280 5099 hmreticus.
1340 5039 1513 5113 Vide“
1543 5040 1931 5113 Epiphaniam
1987 4990 2087 5099 Εἰ).

439 5109 599 5186 inde
631 5111 858 5186 ﬂagres”
892 5120 948 5168 et
980 5113 1290 5186 Augustin.
1339 5112 1398 5165 in
1457 5109 1608 5167 libro
1653 5109 1735 5167 ad
1794 5113 2088 5180 Quodvult-

436 5178 624 5245 doum,
660 5180 925 5237 MARTIAN
939 5226 951 5238 .

510 5250 529 5331 ξ
559 5248 728 5331 H_aud
757 5250 905 5331 bene
937 5253 1205 5331 Martian.
1239 5255 1390 5309 Aerii
1411 5270 1514 5326 pro
1553 5256 1719 5321 zErii,
1765 5256 1919 5327 quod
1951 5256 2092 5313 cele-

439 5320 564 5376 bris
591 5320 848 5376 haaretici
880 5330 971 5378 est
1001 5341 1233 5378 nomen.

509 5394 531 5426 ³
560 5392 682 5448 Vox
707 5394 932 5448 nutibus
967 5396 1020 5448 in
1055 5395 1226 5448 veteri
1280 5395 1418 5449 edit.
1473 5396 1858 5455 desideratur.
1918 5404 2092 5455 Porro

442 5479 509 5520 ex
533 5463 952 5538 sequentiiloco
986 5464 1465 5536 antiquissimum
1520 5468 1915 5528 archidiaconi
1964 5489 2093 5529 mu-

444 5552 557 5595 nus
587 5537 1003 5595 animadverte.

2204 3197 2374 3269 quasi
2408 3201 2607 3269 postea
2637 3196 2946 3251 auditurus
2996 3191 3403 3265 Epiphaniam
3450 3204 3580 3246 esse
3631 3184 3828 3242 detine-

2204 3287 2396 3354 batur,
2428 3285 2569 3357 quid
2615 3289 2753 3339 tunc
2807 3283 3148 3338 cocionatus
3208 3280 3311 3335 sis.
3375 3280 3598 3350 Nempe
3650 3277 3829 3331 contra

2200 3370 2971 3446 Anthropomorphitas,qui
2993 3368 3367 3442 simplicitate
3425 3366 3638 3423 rustica
3664 3363 3826 3419 Deum

2201 3464 2415 3520 habere
2448 3462 2732 3529 membra,
2767 3477 2893 3532 quae
2928 3460 2986 3514 in
3018 3458 3233 3514 divinis
3263 3456 3439 3513 libris
3471 3456 3680 3527 scripta
3706 3452 3827 3507 sunt

2200 3553 2581 3616 arbitrantur,
2614 3551 2814 3607 furens
2845 3553 2901 3605 et
2940 3548 3255 3619 indignaus
3298 3544 3636 3618 loquebaris
3666 3556 3820 3611 ;ocu-

2200 3643 2287 3699 los
2318 3647 2375 3698 et
2403 3658 2617 3697 manus
2648 3645 2706 3696 et
2736 3638 2913 3694 totius
2944 3637 3203 3709 corporis
3232 3640 3536 3701 truncum,
3561 3634 3618 3687 in
3647 3642 3825 3687 senem

2200 3731 2517 3804 dirigebas,
2549 3728 2748 3785 volens
2779 3726 2947 3782 illum
2995 3729 3336 3797 suspectum
3387 3725 3575 3779 facere
3620 3716 3827 3776 stultis-

2199 3820 2360 3877 simae
2384 3817 3016 3887 haereseosPostquam
3030 3813 3216 3870 lassos
3237 3829 3335 3868 ore
3357 3806 3829 3879 arido,resupina-

2200 3926 2314 3981 que
2338 3909 2559 3965 cervice
2609 3924 2675 3962 ac
2724 3903 3113 3961 trementibus
3162 3902 3335 3958 labiis
3390 3894 3727 3971 conticuisti,
3776 3896 3827 3947 et

2200 3999 2434 4055 tandem
2468 3996 2649 4052 totius
2682 3993 2880 4066 pepuli
2916 3998 3049 4048 vota
3078 3990 3368 4063 completa
3398 3984 3701 4060 sunt,quid
3730 3981 3827 4037 tibi

2198 4086 2331 4143 fecit
2360 4084 2582 4141 delirus
2612 4088 2668 4138 et
2698 4085 2896 4137 fatuus
2929 4099 3101 4137 senex
3131 4080 3159 4135 ?
3186 4079 3476 4145 Surrexit,
3505 4081 3569 4134 ut
3596 4091 3656 4132 se
3681 4070 3826 4127 indi—

2196 4178 2356 4231 caret
2386 4189 2572 4245 pauca
2602 4172 2898 4227 dicturum
2930 4186 3077 4238 esse,
3111 4169 3488 4239 salutataque
3532 4171 3589 4222 et
3631 4175 3755 4217 voce
3782 4160 3834 4213 θῐ

2197 4279 2374 4319 manu
2408 4260 2664 4317 Ecclesia
2687 4261 2728 4324 δ,
2763 4283 2790 4309 ‹‹
2823 4260 3047 4316 Cuncta
3076 4258 3309 4330 (inquit)
3350 4273 3484 4328 quae
3506 4255 3728 4312 locutus
3751 4248 3829 4303 est

2195 4350 2441 4423 collegio
2477 4349 2688 4414 frater,
2724 4352 2891 4403 aetate
2922 4347 3078 4402 filius
3108 4362 3294 4413 meus,
3345 4349 3552 4400 contra
3603 4338 3829 4397 Anthro-

2193 4438 2703 4513 pomorphitarum
2735 4436 3025 4502 haeresim,
3058 4437 3206 4490 bene
3234 4438 3291 4490 et
3322 4431 3573 4489 ﬁdeliter
3615 4429 3827 4485 locutus

2198 4533 2308 4597 est,
2341 4545 2471 4601 quae
2502 4543 2631 4582 mea
2663 4542 2899 4598 quoque
2929 4526 3247 4580 damnatur
3273 4537 3430 4578 voce.
3465 4522 3582 4579 Sed
3613 4527 3828 4590 aequum

2198 4620 2307 4685 est,
2342 4621 2406 4672 ut
2458 4616 2752 4687 quomodo
2793 4614 2943 4669 hanc
2990 4613 3262 4669 haerestm
3315 4602 3828 4667 condemnemus“,

2199 4705 2373 4760 etiam
2407 4703 2672 4777 Origenis
2706 4720 2979 4775 perversa
3007 4702 3283 4774 dogmata
3325 4699 3829 4755 condemnemus.»

2270 4832 2291 4863 ‘
2321 4830 2518 4885 Victor
2547 4837 2828 4897 ἀναστάσει,
2862 4826 3015 4899 quod
3046 4830 3134 4883 est
3163 4827 3234 4881 de
3276 4824 3401 4899 loco
3430 4816 3830 4899 _l_tesurrecti.0-

2201 4901 2419 4969 nis,‘ad
2452 4901 2646 4958 locum
2679 4902 2798 4957 sive
2817 4893 3136 4955 stationem
3168 4896 3379 4953 crucis.
3430 4895 3609 4950 Vetus
3652 4893 3831 4969 autem

2201 4966 2339 5041 edit,
2376 4990 2706 5046 perperam,
2735 4973 2923 5027 Nonne
2951 4988 3076 5027 cum
3104 4986 3217 5024 una
3243 4984 3367 5024 cum
3398 4969 3494 5023 Dei
3520 4981 3672 5023 serva
3699 4966 3831 5019 Ana-

2198 5048 2362 5102 stasio
2396 5048 2717 5117 pergeretis,
2745 5047 2853 5117 etc.

2272 5096 2475 5172 FMaEH
2497 5096 2729 5171 scilicet
2755 5096 2829 5168 ad
2861 5129 2925 5168 os
2957 5113 3095 5181 lata,
3130 5096 3340 5168 deinde
3368 5111 3672 5182 porrecta,
3718 5114 3832 5173 qua}

2197 5192 2368 5243 votus
2425 5192 2549 5243 erat
2599 5184 2970 5241 salutationis
3027 5180 3204 5240 etiam
3260 5180 3659 5238 ecclesiastica:
3714 5188 3836 5228 eon-

2203 5259 2476 5376 sgetudo,
2510 5256 2691 5313 Graeci
2722 5257 2926 5311 dicunt
2955 5268 3100 5327 τιμᾶν
3154 5262 3251 5319 τοῖς
3310 5262 3386 5310 διὰ
3467 5261 3641 5326 χειρῶν
3696 5250 3830 5318 φιλή⁶

2203 5347 2238 5376 υ.
2274 5347 2338 5376 σι.

2203 5347 2511 5454 μαέιῖταίυε
2543 5399 2679 5453 edit.
2712 5400 2951 5470 quuum
2994 5401 3089 5464 est,
3134 5407 3194 5454 ut
3252 5395 3460 5467 liquido
3516 5392 3837 5465 explicemus

2204 5470 2469 5543 quomodo
2501 5470 2642 5525 hanc
2672 5470 2933 5528 hearesz'm
2961 5470 3405 5531 condemnemus.
3677 5480 3689 5492 '
