4094 6166
1420 252 1736 325 CONTRA
1778 250 2148 323 JOANNEM
2192 250 2606 349 manosoc.

3597 259 3716 330 382

301 392 406 461 Qui
437 386 600 452 risus
630 390 921 463 omnium,
956 410 1082 468 quae
1139 393 1477 453 acclamatio
1509 401 1821 453 consecuta
1858 396 1957 462 sit,
1986 393 2042 461 Α
2128 393 2229 453 ,43.
2267 394 2598 451 Consuetudo
2626 394 2874 451 Ecclesiae
2900 408 3001 468 pro
3043 395 3407 466 baptizandis.
3443 430 3508 442 -—
3540 399 3715 469 Quis-

296 491 439 559 puto
473 486 630 558 quod
664 486 939 542 retineas.
972 490 1090 541 Hoc
1121 491 1210 541 est
1239 486 1381 541 illud
1428 487 1581 559 quod
1616 486 1674 541 in
1707 486 1963 559 Epistola

294 579 400 632 tua
430 576 602 642 dicis,
639 579 974 647 loquentem
1006 576 1172 631 illum
1196 576 1268 631 ad
1303 577 1582 649 populum
1616 594 1740 648 qua:
1770 576 1960 641 vellet,

294 671 355 722 et
385 665 591 738 qualia
620 663 810 719 vellet.
847 664 1078 721 Scilicet
1110 665 1411 733 deliberat,
1436 666 1536 737 qui
1563 666 1621 720 in
1652 682 1829 739 regno
1861 670 1961 721 tuo

298 760 519 812 contra
540 760 701 809 tuam
740 755 1090 809 sententiam
1146 755 1514 827 loquebatur.
1575 757 1708 820 Quae
1767 754 1958 821 vellet,

300 844 537 916 inquis,
568 849 621 899 et
649 842 843 914 qualia
878 842 1067 899 vellet.
1126 843 1229 899 Vel
1288 844 1482 911 lauda,
1543 843 1631 900 vel
1692 846 1957 917 reproha.

309 933 469 1000 Quid
501 938 552 987 et
583 932 668 987 hic
700 931 917 987 dubius
950 932 1171 987 incedis
1218 934 1245 986 ‘?
1304 934 1362 987 Si
1422 935 1575 989 bona
1606 940 1775 989 erant
1833 950 1959 1004 quae

312 1021 679 1094 loquebatur,
711 1037 817 1075 cur
846 1038 961 1076 non
1011 1026 1209 1093 aperte
1268 1022 1545 1093 praedicas
1590 1024 1617 1076 ?
1674 1024 1732 1077 Si
1784 1022 1958 1091 mala,

306 1127 411 1166 cur
437 1126 556 1164 non
609 1112 947 1165 constanter
1003 1109 1425 1181 reprehendis?
1455 1111 1629 1183 Atqui
1689 1111 1963 1166 columna

294 1199 568 1255 veritatis
598 1215 665 1254 ac
695 1197 850 1266 fidei,
886 1198 986 1270 qui
1016 1200 1087 1254 de
1119 1203 1280 1255 tanto
1338 1200 1461 1255 viro
1514 1202 1689 1257 audet
1748 1201 1958 1269 dicere,

294 1289 583 1361 loquente
642 1286 742 1342 illo
774 1288 842 1343 ad
902 1287 1183 1360 populum
1217 1306 1344 1361 qua:
1390 1288 1583 1358 vellet,
1644 1291 1714 1345 de
1769 1291 1961 1363 seipso

298 1394 480 1452 quam
511 1377 836 1449 prudenter
864 1381 920 1432 et
948 1378 1291 1445 verecunde,
1326 1395 1502 1450 quam
1544 1379 1843 1435 humiliter
1874 1395 1961 1434 re-

297 1468 470 1533 ferat,
503 1466 972 1522 consideremus.
999 1489 1026 1514 ‹‹
1050 1466 1214 1531 Cum,
1248 1467 1457 1538 inquit,
1485 1472 1543 1523 et
1572 1485 1677 1523 nos
1709 1469 1961 1541 quadam

298 1558 393 1613 die
424 1560 560 1613 ante
618 1572 755 1612 eum
812 1554 990 1611 locuti
1039 1572 1325 1623 essemus,
1374 1562 1430 1612 et
1478 1574 1734 1628 praisens
1794 1559 1962 1615 lectio

297 1644 644 1718 [Evangelii]
679 1649 1065 1717 provocasset,
1128 1645 1399 1701 audiente
1438 1646 1537 1701 illo
1582 1652 1637 1702 et
1695 1648 1965 1703 universa

298 1735 584 1832 Ecclesia,
617 1735 691 1789 de
728 1734 841 1832 {ide
895 1738 951 1832 et
1006 1734 1283 1832 omnibus
1340 1737 1493 1790 419
1552 1736 2041 1832 ccclesiasticisB

301 1823 682 1897 dogmatibus
733 1822 855 1877 haec
912 1821 1091 1878 locuti
1151 1840 1382 1889 sumus,
1439 1841 1563 1895 quae
1596 1829 1653 1880 et
1709 1841 1962 1898 semper,

299 1912 494 1986 gratia
523 1912 646 1981 Dei,
678 1910 1078 1968 indesinenter
1120 1913 1178 1968 in
1239 1912 1496 1969 Ecclesia
1553 1915 1851 1983 docemus,
1912 1920 1966 1970 et

298 2002 369 2058 in
399 2000 817 2058 cetechesibus.

394 2094 481 2146 t2.
516 2092 668 2145 Pater
693 2092 1063 2163 epismporum
1092 2093 1449 2163 Epiphanius.
1508 2125 1576 2134 οη·-
1631 2094 1787 2167 Rogo
1837 2112 1963 2167 quae

313 2183 411 2236 est
444 2179 555 2234 ista
584 2179 941 2247 conﬁdentia,
974 2181 1072 2252 qui
1105 2186 1303 2236 tantus
1328 2182 1509 2237 animi
1542 2188 1784 2239 tumor?
1821 2187 1963 2240 Gor-

302 2268 467 2342 giam
502 2269 840 2323 Leontinum
863 2270 1057 2324 cuncti
1083 2270 1414 2343 philosophi
1440 2276 1495 2328 et
1526 2277 1783 2329 oratores
1816 2274 1961 2330 lace-

298 2363 454 2428 rant,
486 2360 640 2429 quod
674 2376 854 2414 ausus
888 2359 979 2424 sit,
1021 2359 1251 2430 publice
1283 2361 1426 2416 sella
1460 2362 1670 2433 posita,
1705 2362 1961 2434 polliceri

298 2463 731 2519 responsurum
764 2464 847 2513 se,
871 2448 941 2502 de
972 2464 1089 2518 qua
1110 2448 1361 2520 quisque
1394 2468 1452 2505 re
1482 2452 1839 2524 interrogare
1870 2470 1963 2508 vo-

294 2536 527 2592 luisset.
556 2536 678 2591 Nisi
702 2552 795 2591 me
827 2536 1012 2592 honor
1040 2538 1347 2593 sacerdotii
1405 2544 1461 2594 et
1514 2541 1802 2597 veneratio
1860 2560 1961 2598 no-

295 2626 479 2682 minis
510 2626 848 2692 refrenaret,
883 2630 939 2681 et
970 2626 1180 2682 scirem
1241 2627 1385 2683 illud
1437 2630 1695 2701 Apostoli
1730 2650 1742 2687 :
1781 2656 1807 2682 ι(
1844 2634 1957 2688 Ne-

298 2715 581 2781 sciebam,
618 2715 845 2781 fratres,
882 2715 1019 2786 quia
1052 2717 1309 2787 pontifex
1366 2724 1456 2774 est
1489 2737 1500 2774 :
1536 2720 1820 2793 scriptum
1874 2727 1962 2778 est

296 2805 455 2861 enim
490 2822 503 2859 :
539 2804 871 2875 Principem
904 2804 1100 2877 populi
1146 2807 1229 2860 tui
1293 2824 1407 2862 non
1469 2808 1780 2866 maledices
1812 2812 1957 2883 (Act.

295 2910 457 2950 XXIII.
488 2894 564 2958 5;
598 2892 765 2948 Exod.
802 2911 942 2960 xxu,
972 2894 1084 2964 28),
1122 2918 1148 2943 ››
1184 2912 1299 2967 qua
1325 2897 1734 2955 vociferatione
1764 2906 1821 2955 et
1879 2903 1963 2956 in-

297 2982 639 3056 dignatione
680 2983 1009 3051 verborum,
1070 2984 1140 3038 de
1198 2988 1299 3040 tua
1351 2987 1685 3043 narratione
1708 3005 1961 3061 conque-

296 3072 490 3127 rererl
530 3070 696 3126 Licet
720 3068 846 3141 ipse
877 3071 1134 3127 nominis
1161 3073 1247 3126 tui
1276 3078 1552 3130 extenues
1590 3075 1957 3157 dignitatem,

293 3177 428 3216 cum
462 3164 693 3232 patrem
719 3176 863 3231 pene
895 3160 1160 3216 omnium
1187 3162 1677 3234 episcoporum,et
1706 3139 1960 3237 antiqua;
1994 3139 2035 3205 Ο

293 3249 581 3321 reliquias
611 3248 945 3304 sanctitatis
973 3255 1028 3305 et
1062 3267 1235 3322 opere
1268 3256 1324 3306 et
1352 3268 1621 3309 sermone
1651 3256 1959 3327 despicias.

293 3336 454 3393 Dicis
477 3343 533 3393 te
553 3338 810 3409 quadam
835 3338 1091 3401 die,cum
1116 3339 1550 3411 praesenslectio
1574 3349 1961 3414 provocasset,

292 3426 576 3481 audiente
596 3426 691 3481 illo
722 3430 776 3481 et
810 3427 1081 3483 universa
1103 3428 1455 3499 Ecclesia,de
1480 3431 1590 3487 ﬁde
1613 3435 1665 3486 et
1689 3434 1963 3491 omnibus

296 3514 712 3571 ecclesiasticis
724 3516 1103 3588 dogmatibus
1119 3518 1647 3589 disputassc.Nunc
1663 3524 1675 3555 ¹
1691 3527 1777 3577 est
1792 3524 1964 3579 mira-

298 3602 805 3659 riDemosthenem
818 3605 939 3676 ,qui
956 3605 1409 3677 pulcherrimam
1427 3610 1747 3665 orationem
1762 3615 1963 3667 contra

300 3690 647 3746 Eschinem
672 3693 849 3749 multo
888 3699 1151 3767 tempore
1172 3696 1391 3751 dicitur
1427 3701 1963 3757 exarasse.Frustra

294 3776 663 3850 suspicimus
692 3780 798 3851 (Al.
833 3782 1215 3853 suscipimus)
1248 3784 1505 3840 Tullium
1535 3804 1547 3851 ;
1582 3788 1757 3842 refert
1804 3790 1959 3845 enim

290 3866 601 3925 Cornelius
634 3868 823 3940 Nepos
856 3871 897 3935 ³,
933 3886 993 3924 se
1025 3877 1332 3942 praesente,
1354 3873 1565 3930 iisdem
1597 3892 1741 3947 pene
1770 3879 1961 3935 verbis

296 3958 520 4031 quibus
551 3956 735 4012 editia
763 3963 873 4026 est,
929 3975 1057 4014 eam
1109 3977 1210 4031 pro
1241 3962 1504 4018 Cornelio
1561 3965 1838 4021 seditioso
1868 3968 1961 4021 tri-

285 4048 448 4103 buno
482 4046 889 4102 defensionem
954 4053 1304 4120 peroratam.
1366 4053 1449 4107 En
1504 4054 1705 4126 Lysias
1744 4061 1959 4126 noster,

283 4152 351 4191 cn
385 4135 714 4202 Gracchus,
750 4140 807 4190 et
840 4142 902 4190 ut
955 4136 1174 4208 aliquid
1208 4140 1277 4193 de
1335 4142 1641 4197 neotericis
1692 4144 1958 4221 inferam,

282 4226 392 4289 Qu.
428 4225 690 4293 Aterius,
727 4225 829 4296 qui
859 4225 1165 4298 ingenium
1224 4229 1281 4282 in
1348 4236 1654 4287 numerato
1687 4233 1958 4293 habebat,

2073 501 2329 556 quamne
2358 487 2710 557 prudentum
2743 491 2800 541 et
2831 487 2959 541 sani
2992 487 3198 559 capitis
3221 489 3280 543 in
3304 507 3418 544 uno
3448 488 3713 546 Ecclesia:

2072 576 2345 644 tractatu,
2376 575 2447 629 de
2479 576 2592 629 line
2628 580 2683 630 et
2715 576 2784 630 de
2816 575 3090 629 omnibus
3124 576 3532 635 ecclesiasticis
3573 581 3715 651 dog-

2074 662 2331 718 matibus
2365 680 2424 719 se
2454 669 2677 719 asserat
2708 665 3087 737 disputasse?
3118 666 3321 728 Quaeso
3343 673 3397 722 te
3429 673 3491 722 ut
3520 674 3712 724 osten-

2073 752 2177 807 das
2210 752 2374 818 mihi,
2409 770 2535 824 quae
2567 754 2643 807 sit
2699 754 2799 808 illa
2854 753 3045 818 lectio,
3105 758 3223 809 toto
3282 756 3714 827 Scripturarum

2072 857 2277 912 sapore
2308 841 2557 910 condita,
2588 842 2845 913 cujus'te
2877 844 3104 899 occasio
3138 845 3481 915 provocarit,
3516 850 3576 899 ut
3637 864 3720 901 re-

2073 933 2242 1001 pente
2274 931 2344 985 ad
2399 931 2722 1003 periculum
2781 932 2997 1003 ingenii
3049 934 3480 989 descenderes?
3509 938 3576 989 Et
3606 936 3720 990 nisi

2071 1018 2174 1073 tibi
2209 1019 2636 1075 discrtitudinis
2668 1025 2781 1076 tum
2814 1021 3021 1076 fluvius
3079 1022 3445 1085 inundasset,
3489 1027 3718 1094 poteras

2072 1108 2261 1179 argui,
2303 1110 2455 1179 quod
2490 1126 2604 1163 non
2642 1126 2841 1180 posses
2864 1127 2931 1165 ex
2955 1114 3212 1182 tempore
3235 1113 3305 1166 de
3326 1112 3551 1168 cunctis
3584 1114 3722 1185 dog-

2072 1198 2329 1252 matibus
2357 1199 2565 1253 dicere.
2598 1198 2813 1253 Verum
2844 1200 2983 1271 quid
3016 1199 3124 1255 hoc
3156 1204 3245 1255 est
3280 1201 3307 1254 ?
3364 1199 3522 1255 aliud
3584 1220 3722 1273 pru-

2072 1287 2279 1351 mittis,
2338 1292 2392 1342 et
2424 1287 2581 1342 aliud
2615 1288 2874 1344 exhibes.
2901 1290 3271 1345 Consuetudo
3323 1294 3517 1345 autem
3566 1293 3716 1362 apud

2073 1394 2179 1431 nos
2210 1376 2543 1433 istiusmodi
2602 1382 2708 1446 est,
2766 1383 2829 1433 ut
2885 1379 2978 1435 his
3017 1379 3115 1451 qui
3174 1380 3506 1451 baptizandi
3560 1386 3717 1445 sunt,

2074 1466 2229 1521 420
2259 1482 2360 1538 per
2390 1467 2781 1538 quadraginta
2809 1467 2953 1534 dies,
2988 1468 3216 1539 publice
3248 1470 3551 1524 tradamus
3585 1486 3719 1524 san-

2072 1558 2226 1610 ctam
2278 1559 2333 1609 et
2374 1556 2730 1611 adorandam
2761 1556 3103 1612 Trinitatem
3144 1557 3299 1627 (fidei
3332 1557 3718 1629 Symbolum).

2072 1646 2130 1700 Si
2164 1650 2220 1701 te
2252 1663 2506 1718 praesens
2536 1645 2705 1701 lectio
2738 1646 3083 1717 provocavit,
3120 1651 3181 1701 ut
3213 1647 3283 1702 de
3314 1647 3541 1702 cunctis
3576 1647 3723 1718 dog-

2075 1735 2332 1789 matibus
2363 1751 2480 1789 una
2510 1734 2653 1789 hora
2686 1735 2932 1802 diceres,
2967 1733 3107 1805 quid
3139 1749 3376 1789 necesse
3406 1733 3519 1787 fuit
3572 1750 3721 1804 qua-

2076 1824 2349 1896 draginta
2378 1824 2605 1878 dierum
2648 1822 2927 1895 replicare
2985 1823 3357 1878 doctrinam?
3387 1822 3485 1877 Sin
3523 1827 3721 1877 autem
3814 1876 3823 1883 κ

2074 1930 2142 1969 ea
2172 1913 2481 1982 referebas,
2518 1929 2643 1985 quae
2676 1928 2778 1984 per
2807 1917 2988 1967 totam
3021 1912 3531 1985 quadragesimam
3566 1913 3722 1967 locu-

2074 2009 2171 2059 tus
2198 2021 2279 2071 es,
2310 2003 2603 2076 quomodo
2659 2006 2713 2057 te
2762 2003 3015 2074 quadam
3071 2002 3183 2065 die,
3244 2006 3308 2057 ut
3366 2002 3436 2057 de
3494 2004 3720 2057 cunctis

2074 2093 2447 2166 dogmatibus
2480 2092 2723 2158 diceres,
2768 2109 2883 2146 una
2943 2091 3109 2147 lectio
3168 2092 3552 2162 provocavit?
3613 2091 3719 2147 Sed

2073 2188 2129 2239 et
2160 2183 2252 2238 hic
2283 2183 2557 2254 ambigue
2588 2181 2849 2252 loquitur
2882 2198 2893 2234 :
2932 2185 3122 2251 potest
3151 2181 3306 2236 enim
3342 2182 3484 2245 fieri,
3511 2185 3573 2236 ut
3596 2198 3721 2252 qua:

2074 2290 2176 2344 per
2208 2271 2597 2344 qnadraginta
2629 2270 2753 2325 dies
2805 2270 3031 2324 tradere
3067 2269 3289 2341 solebat
3338 2269 3396 2323 in
3465 2269 3721 2324 Ecclesia

2074 2360 2588 2432 baptizandis,hzec
2620 2358 2730 2413 sub
2762 2358 2935 2413 unius
2968 2357 3231 2412 lectionis
3266 2357 3566 2411 occasione
3600 2374 3722 2428 per-

2073 2450 2388 2506 strinxerit.
2428 2449 2702 2519 Ejusdem
2734 2446 2886 2501 enim
2919 2445 3266 2517 eloquentia:
3294 2450 3402 2509 est,
3448 2449 3505 2500 et
3536 2462 3722 2516 pauca

2072 2538 2295 2607 multis,
2330 2544 2385 2593 ct
2416 2537 2601 2592 multa
2631 2535 2833 2608 paucis
2864 2534 3055 2589 verbis
3114 2552 3282 2606 posse
3332 2534 3542 2588 dicere.
3602 2534 3719 2588 Hoc

2072 2646 2303 2701 quoque
2335 2626 2579 2697 intelligi
2612 2626 2802 2691 datur,
2836 2626 2991 2695 quod
3053 2628 3362 2696 postquam
3404 2622 3569 2677 illum
3604 2640 3721 2677 una

2071 2716 2239 2773 lectio
2272 2716 2624 2789 provocavit,
2662 2714 3064 2769 inflammatus
3097 2714 3301 2767 ardore
3333 2712 3585 2778 dicendi,
3621 2729 3722 2783 per

2070 2805 2457 2879 quadraginta
2486 2805 2611 2859 dies
2643 2820 2947 2875 nunquam
2969 2803 3233 2858 tacuerit.
3267 2802 3380 2858 Sed
3410 2806 3467 2856 et
3496 2801 3722 2856 otiosus

2070 2914 2265 2963 senex,
2299 2914 2366 2951 ex
2397 2896 2525 2965 ejus
2555 2911 2650 2949 ore
2682 2894 3035 2965 dependens,
3070 2893 3210 2946 dum
3270 2908 3361 2947 res
3420 2890 3715 2945 inauditas

2071 2985 2217 3041 scire
2249 2985 2559 3045 desiderat,
2596 2998 2740 3055 pene
2797 2980 3094 3036 dormiens
3148 2980 3438 3035 ceciderit.
3500 2979 3718 3034 Utcun-

2072 3092 2185 3146 que
2218 3072 2519 3129 toleranda
2548 3076 2732 3126 sunt:
2784 3070 3025 3125 fortisan
3086 3074 3143 3123 et
3198 3069 3318 3124 hac
3377 3067 3723 3140 simpliciter

2074 3180 2233 3219 more
2272 3180 2378 3218 suo
2411 3162 2487 3216 sit
2515 3161 2764 3216 locutus.

2146 3254 2231 3307 44.
2260 3254 2495 3308 Joannes
2526 3255 2711 3305 lacere
2756 3251 2923 3321 jussit
2975 3249 3363 3321 Epiphaniam.
3427 3248 3723 3318 Epiphanii

2074 3344 2257 3398 littera
2285 3342 2355 3395 ad
2386 3342 2664 3395 Siricz'um.
2695 3370 2761 3378 ——
2796 3338 3086 3393 Ponamus
3120 3336 3361 3409 reliqua,
3408 3336 3463 3390 in
3500 3336 3719 3408 quibus

2073 3436 2204 3504 post
2236 3430 2520 3486 laciniosa
2577 3426 2993 3500 disputationis
3054 3426 3436 3499 labyrintlios,
3499 3442 3718 3497 nequa-

2074 3538 2250 3593 quam
2308 3520 2569 3585 dubiam,
2605 3519 2705 3572 sed
2739 3520 2999 3589 apertam
3054 3516 3219 3588 ponit
3250 3514 3624 3577 sententiam,
3667 3518 3724 3569 et

2074 3611 2253 3664 miros
2287 3610 2570 3663 tractatus
2604 3623 2742 3661 suos
2800 3605 2910 3660 hoc
2970 3605 3083 3659 ﬁne
3140 3603 3437 3659 concludit
3470 3620 3481 3656 :
3519 3626 3545 3650 «
3580 3607 3721 3656 Cum

2073 3698 2194 3753 haec
2222 3697 2350 3769 ipso
2383 3700 2666 3768 praesente
2697 3694 2870 3749 locuti
2906 3709 3193 3758 essemus,
3216 3700 3269 3746 et
3299 3692 3422 3761 ipse
3452 3694 3583 3761 post
3617 3706 3722 3743 nos

2072 3804 2250 3842 causa
2280 3786 2537 3850 honoris,
2572 3799 2746 3854 quem
2779 3782 2827 3836 ei
2863 3798 3039 3852 super
3094 3796 3329 3836 omnem
3382 3795 3718 3834 mensuram

2072 3875 2468 3939 exhibuimus,
2499 3877 2850 3945 provocatus
2909 3874 3062 3926 esset
3094 3874 3159 3924 ut
3206 3869 3422 3925 diceret
3457 3886 3468 3922 :
3505 3867 3719 3939 praedi-

2073 3966 2358 4021 cationem
2391 3968 2655 4019 nostram
2688 3960 2966 4025 laudavit,
3000 3965 3175 4032 atque
3232 3960 3481 4014 miratus
3524 3962 3633 4022 est,
3667 3962 3723 4011 et

2073 4053 2417 4110 catholicam
2454 4053 2625 4105 fidem
2660 4066 2787 4105 esse
2835 4050 3111 4105 omnibus
3155 4048 3489 4104 declavavit.
3523 4050 3720 4112 Quan-

2072 4149 2196 4199 tum
2231 4142 2279 4198 ei
2316 4158 2492 4213 super
2521 4156 2753 4195 omnem
2788 4155 3124 4193 mensuram
3160 4137 3399 4191 honoris
3439 4135 3718 4190 exhibue-

2072 4234 2174 4299 ris,
2206 4231 2503 4287 declarant
2533 4246 2711 4299 supra
2743 4244 3079 4283 mensuram
3110 4226 3376 4281 exhibitas
3414 4227 3715 4278 contume-

2071 4323 2159 4377 lia)
2187 4341 2199 4389 ;
2221 4321 2455 4393 quando
2479 4334 2612 4375 eum
2637 4334 2738 4389 per
2751 4316 3229 4371 archidiaconum
3252 4311 3709 4381 tacerejussisti,

2070 4416 2126 4469 et
2143 4414 2468 4467 morantem
2492 4409 2550 4462 in
2574 4404 3025 4478 populis,laudis
3039 4404 3319 4475 cupidum
3346 4399 3714 4473 pertonabas.

1981 4509 2027 4573 Ι)
2060 4502 2275 4556 Docent
2306 4497 2616 4570 praesentia
2648 4496 2717 4551 de
2750 4494 3075 4567 praeteritis.
3112 4492 3211 4547 llle
3264 4493 3590 4563 per.totum
3618 4505 3719 4542 ex«

279 4315 354 4367 ut
381 4311 509 4367 sine
538 4314 831 4369 monitore
864 4317 1053 4370 tacere
1086 4333 1203 4371 non
1235 4323 1433 4388 posset
1458 4337 1468 4373 :
1496 4320 1565 4375 de
1593 4338 1707 4392 quo
1730 4323 1961 4395 egregie

275 4402 476 4457 Caesar
502 4404 826 4474 Augustus,
858 4426 885 4452 ‹‹
925 4404 1196 4473 Quintus,
1232 4405 1443 4479 inquit,
1506 4415 1702 4466 noster
1749 4410 1957 4468 suffla-

283 4490 608 4546 minandus
641 4496 730 4547 est
758 4492 797 4547 ³.
834 4516 862 4540 ››

351 4616 363 4647 ¹
400 4615 493 4670 Ita
524 4631 692 4697 mssz,
727 4634 830 4697 pro
860 4633 979 4697 quo
1000 4618 1249 4697 editores
1300 4622 1669 4697 substituunt
1716 4642 1847 4690 non,
1884 4642 1954 4681 ex

284 4688 793 4767 consequenti,_ut
822 4688 1009 4755 aiunt,
1038 4691 1189 4745 serie
1220 4693 1527 4749 orationis.
1562 4697 1635 4750 At
1664 4702 1806 4767 puta
1838 4688 1953 4753 Siro-

289 4756 619 4831 nice_loqui
648 4758 1092 4831 Hieronymum.

366 4828 390 4860 ³
418 4826 887 4909 Scripserithezc
919 4838 1119 4909 noster
1148 4837 1340 4909 Nepos
1373 4836 1428 4890 in
1487 4837 1668 4893 libros
1698 4839 1763 4894 (Ie
1807 4840 1953 4894 Cice-

289 4900 453 4974 ronis
494 4900 635 4974 Vita,
667 4902 766 4974 qui
801 4903 1119 4958 intercidit.
1170 4900 1439 4962 Attamen
1496 4926 1628 4964 cum
1664 4910 1837 4965 Plinii
1870 4916 1951 4965 te-

292 4969 576 5028 stimonio
606 4969 891 5050 pugnant,
924 4975 1024 5050 qui
1056 4975 1189 5029 libr.
1224 4994 1261 5040 ι,
1296 4980 1467 5050 epist.
1500 4984 1590 5047 20,
1625 4983 1805 5036 tradit
1864 4982 1952 5035 Ci-

289 5058 574 5118 ceronem
610 5061 711 5118 pro
770 5046 1033 5118 Cornelio
1096 5046 1408 5118 quatriduo
1487 5053 1695 5118 egisse,
1760 5076 1785 5100 ‹‹
1848 5052 1950 5117 Ne,

288 5114 509 5184 inquit,
545 5114 1166 5195 dubitarepossimus,
1204 5137 1329 5191 quis
1362 5138 1465 5193 per
1495 5114 1692 5195 plures
1726 5114 1955 5187 dies,ut

286 5202 533 5265 necesse
563 5193 707 5265 erat,
739 5188 1176 5265 latiusdixerit,
1212 5188 1413 5261 postea
1451 5188 1635 5249 recisa
1691 5212 1755 5249 ac
1814 5212 1953 5265 pur-

284 5261 425 5338 gata
485 5258 546 5311 in
582 5258 641 5313 in
671 5276 852 5338 unum
881 5260 1097 5338 librum
1144 5258 1425 5338 grandem
1473 5266 1732 5338 quidem,
1767 5258 1952 5338 unum

284 5334 510 5391 tamen,
552 5335 897 5387 coarctasse.
936 5355 963 5379 ››
1000 5333 1056 5386 ln
1090 5334 1269 5388 veteri
1299 5333 1653 5392 autem'edit.
1690 5337 1952 5393 absolute

285 5400 574 5455 scribitur
604 5402 805 5475 Iisdem,
830 5405 1010 5458 verbis
1037 5422 1048 5468 ;
1083 5409 1140 5459 et
1170 5405 1345 5475 paulo
1377 5412 1530 5473 ante,
1588 5426 1757 5465 voces
1808 5411 1952 5463 mul-

309 5487 338 5524 o
371 5477 621 5541 tempore
650 5474 1079 5529 desiderantur.

358 5544 1248 5625 3Nosteisufﬂamiaandusest.
1300 5549 1577 5625 Erasmus
1634 5552 1775 5625 legit
1828 5570 1951 5607 cor-

294 5618 464 5700 Ἦρξε
494 5617 963 5700 sufﬂammat!“
987 5636 1012 5700 ς.
1046 5622 1211 5700 Vetus
1253 5622 1431 5700 οεὶάθκ
1476 5617 1949 5700 lie/ﬂamineﬂa-

294 5685 380 5741 De
401 5685 516 5746 hoc
544 5685 721 5749 verbo
752 5688 955 5748 isthmc
998 5688 1112 5764 legi
1172 5693 1326 5765 apud
1359 5685 1619 5756 eruditos
1680 5713 1694 5757 :
1750 5697 1954 5769 Sufﬂa‘

2064 4627 2234 4689 mino,
2268 4623 2561 4693 significat
2591 4619 2924 4693 sufflamine
2970 4616 3445 4693 comprimereet
3502 4614 3718 4693 retine-

2064 4714 2145 4751 re.
2178 4686 2393 4750 Seneca
2423 4695 2453 4746 4
2494 4692 2923 4764 Declamatione
2958 4708 2969 4745 :
3024 4686 3308 4764 «i'I‘anta_
3330 4686 3413 4741 illi
3446 4690 3603 4764 erat“
3625 4700 3717 4737 ve-

2064 4767 2269 4822 locitas
2309 4764 2611 4829 orationis,
2658 4769 2721 4835 ut
2750 4763 2981 4835 Avitium
3034 4763 3226 4835 lieret.
3290 4756 3718 4835 ltaquem'livus

2064 4840 2367 4909 Augustus
2399 4826 2625 4909 optimc
2824 4851 2835 4887 :
2870 4832 3121 4909 Alterius
3184 4826 3717 4909 noster—sufflami-

2067 4896 2299 4964 nari’dus
2329 4896 2503 4961 est..«
2566 4905 2671 4959 Ubi
2714 4904 2859 4958 alias
2917 4904 3173 4973 legitur:
3235 4896 3716 4975 sit/ﬂammaadus,

2064 4981 2212 5037 alias
2271 4976 2697 5050 su/ﬁbiclandus.
2733 4976 2867 5050 Erat
2936 4972 3465 5050 porro_su.ftlamen
3501 4972 3718 5050 retina-

2065 5053 2264 5107 culum
2322 5040 2458 5105 rota:
2509 5046 2894 5107 decurrentis,
2932 5040 3000 5098 ne
3057 5042 3313 5097 velocius
3353 5040 3713 5093 ducurrerct.

2065 5124 2282 5180 Gallice
2339 5115 3057 5192 sufﬂamine__intelligitur
3135 5129 3371 5192 eiu-ager
3412 5112 3503 5192 les
3562 5127 3717 5192 rupes

2062 5197 2193 5250 d’nn
2219 5182 2485 5255 carros's'e,
2519 5198 2627 5244 etc.
2663 5188 2779 5242 Hac
2810 5182 2945 5241 voce
2980 5186 3203 5240 abusus
3260 5182 3350 5255 est
3408 5182 3717 5253 imperitus

2062 5269 2319 5324 Joannes
2350 5254 2596 5320 clericus
2649 5260 2703 5313 in
2769 5257 3200 5325 Quaestionibus
3258 5254 3511 5320 Hierom,
3548 5257 3715 5323 quasi

2064 5339 2357 5394 timuisset
2415 5351 2485 5389 ne
2540 5336 2729 5387 rotatu
2771 5330 3025 5401 quodam
3087 5329 3375 5401 ferrentur
3430 5326 3601 5380 hodie
3657 5325 3715 5379 in

2064 5425 2320 5482 praeceps
2353 5408 2548 5462 studia
2578 5400 2878 5482 sacrarum
2926 5400 3595 5482 litterar'umsll'isa'riarz.
3643 5428 3716 5477 .—

2064 5469 2281 5536 Scneca
2307 5479 2363 5532 in
2400 5496 2454 5531 ιγ
2490 5475 2986 5531 lleclainationum
3026 5491 3036 5527 :
3072 5496 3098 5522 ‹‹
3148 5473 3333 5526 Tanta
3364 5469 3468 5536 illi,
3500 5469 3712 5529 Aterio,

2065 5557 2189 5608 erat
2219 5550 2497 5605 velocitas
2528 5546 2830 5614 orationis,
2889 5550 2951 5599 ut
3009 5544 3214 5599 vitium
3269 5543 3450 5597 ﬁeret.
3516 5542 3715 5614 Itaque

2064 5624 2233 5679 divus
2266 5624 2570 5691 Augustus
2600 5611 2824 5691 optime.
2874 5616 3019 5691 dixit
3051 5632 3063 5671 :
3098 5615 3331 5691 Aterius
3364 5614 3561 5691 noster
3591 5611 3712 5663 suf-

2064 5682 2463 5757 ﬂaminandus
2494 5696 2601 5751 est.
2638 5682 2666 5744 ῖ›
2700 5690 2830 5747 Vid.
2865 5693 2921 5747 et
2951 5689 3021 5747 de
3052 5691 3237 5746 morte
3266 5682 3511 5743 Claudii.
