4110 6162
501 263 620 348 8.83

1732 271 1796 336 S.
1843 269 2155 337 EUSEBII
2199 268 2670 335 HlERONYMI.

3733 268 3840 352 38,4

497 403 636 463 inde
676 403 992 463 triennium
1051 420 1189 463 suas
1219 404 1467 475 injurias
1499 405 1753 475 devorat,
1815 407 2156 480 privataque
2184 409 2239 475 Α
2269 407 2359 480 pie
2391 407 2750 480 praedicant),
2781 405 2883 463 sed
2910 403 3202 478 propriam
3257 403 3648 463 conditionem.
3699 406 3761 462 Et
3787 406 3848 464 de

497 496 796 553 simultate
851 499 1202 567 contempta,
1245 495 1376 551 ﬁdei
1435 501 1666 552 tantum
1731 497 2145 552 correctionem

497 585 774 659 postulat.
807 587 890 640 Tu
923 585 1023 657 qui
1074 585 1410 656 sumptibus
1468 586 1736 641 abundas
1793 587 1896 656 (AI.
1961 586 2145 639 abun-

497 676 689 744 dans),
723 679 781 730 et
811 674 992 730 totius
1017 672 1176 728 orbis
1207 673 1406 746 religio
1467 676 1479 708 ¹
1535 675 1763 729 lucrum
1825 679 1992 730 tuum
2033 680 2142 740 est,

494 764 874 836 gravissimos
905 762 1037 818 illos
1066 763 1288 836 legatos
1329 769 1459 818 tuos
1522 764 1630 818 huc
1664 763 1916 836 illucque
1947 769 2143 819 trans~

498 853 704 919 mittis,
736 857 794 908 et
845 853 1232 906 dormientem
1286 869 1482 908 senem
1544 853 1613 906 ad
1670 854 2139 924 respondendum

495 942 768 997 suscitas.
801 943 870 996 Et
903 958 1098 996 revera
1127 942 1217 995 cui
1278 946 1503 996 tantum
1555 942 1793 997 honoris
1825 941 2138 1008 detuleras,

485 1032 718 1101 justum
752 1032 898 1086 4‘21
937 1036 1078 1096 erat,
1125 1035 1188 1084 ut
1217 1036 1319 1085 tua
1350 1031 1668 1102 praesertim
1725 1031 2141 1102 extemporalia

493 1121 650 1175 dicta
679 1119 960 1175 laudaret.
993 1119 1099 1182 Qui
1130 1136 1261 1174 vero
1319 1119 1505 1174 solent
1539 1121 1834 1176 interdum
1876 1121 2140 1175 homines

493 1207 733 1263 laudare
758 1209 913 1280 quod
956 1225 1068 1263 non
1099 1209 1348 1280 probant
1406 1214 1462 1262 ct
1517 1209 1765 1263 alienam
1827 1209 2136 1264 stultitiam

491 1297 673 1352 cassis
699 1297 922 1352 nutrire
953 1297 1278 1369 praeconiis,
1315 1316 1426 1352 non
1477 1298 1670 1353 solum
1705 1303 1803 1353 tua
1833 1299 1986 1353 dicta
2014 1299 2137 1354 lau-

489 1385 665 1452 davit,
695 1386 797 1441 sed
827 1385 1086 1440 laudavit
1105 1390 1280 1458 atque
1312 1386 1558 1442 miratus
1597 1392 1686 1443 est
1745 1405 1756 1442 :
1817 1391 1872 1442 et
1906 1404 1976 1442 ne
2029 1388 2136 1442 mi-

488 1473 755 1529 raculum
789 1491 1020 1546 quoque
1052 1492 1294 1546 parvum
1327 1480 1498 1545 esset,
1524 1476 1816 1531 catholicis
1849 1493 1977 1532 esse
2003 1477 2135 1532 fidei

487 1563 649 1616 omni
682 1563 897 1635 populo
932 1563 1266 1619 declaravit.
1290 1569 1421 1619 Haec
1451 1583 1625 1636 quam
1660 1583 1788 1621 vere
1819 1566 2047 1627 dixeait,
2081 1571 2137 1620 et

487 1667 593 1704 nos
627 1656 807 1706 testes
837 1669 1046 1707 sumus
1079 1653 1181 1724 qui
1215 1654 1568 1719 audivimus,
1602 1655 1671 1709 ad
1706 1671 1854 1726 quos
1889 1656 2004 1710 tuis
2038 1673 2132 1710 vo-

486 1739 654 1794 cibus
726 1742 1101 1812 perturbatus
1159 1742 1315 1797 venit
1374 1742 1683 1809 cxanimis,
1783 1749 1994 1799 temere
2073 1762 2134 1800 se

486 1829 974 1900 communicasse,
1007 1829 1208 1886 dicens
1245 1848 1256 1884 :
1296 1831 1673 1904 Rogatusque
1703 1833 1775 1887 ab
1808 1834 1968 1887 omni
2017 1851 2135 1888 mo-

486 1917 762 1984 nasterio,
794 1923 860 1972 ut
891 1919 961 1972 ad
997 1922 1049 1973 te
1080 1918 1152 1974 de
1182 1918 1475 1975 Bethleem
1509 1924 1912 1986 reverteretur,
1943 1926 2132 1976 tanto-

483 2021 616 2059 rum
647 2022 845 2078 preces
876 2024 988 2062 non
1025 2008 1242 2077 ferens,
1273 2007 1354 2062 sic
1406 2025 1672 2064 reversus
1729 2014 1818 2064 est
1873 2027 2132 2082 vespere,

487 2099 551 2148 ut
580 2094 772 2151 medio
804 2096 992 2151 noctis
1041 2097 1362 2168 aufugeret,
1423 2103 1478 2152 et
1533 2097 1732 2153 littera
1791 2100 1860 2153 ad
1921 2116 2130 2171 papam

483 2182 756 2239 Siricium
790 2185 1042 2257 probant
1075 2203 1087 2240 :
1123 2203 1271 2257 quas
1300 2186 1348 2240 si
1382 2185 2133 2260 legeris,pervidebis,quo-

487 2272 660 2328 modo
691 2277 793 2328 tua
816 2273 974 2328 dicta
1003 2275 1250 2334 miratus
1281 2275 1376 2342 sit,
1411 2279 1466 2329 et
1495 2275 1782 2331 catholica
1812 2276 2134 2331 declarave-

487 2360 579 2415 rit.
613 2362 828 2417 Verum
861 2379 1048 2435 nugas
1078 2364 1343 2429 terimus,
1376 2370 1432 2420 et
1461 2364 1644 2420 aniles
1703 2371 1760 2421 et
1807 2367 2133 2437 superﬂuas

487 2450 812 2507 cantilenas
844 2451 1014 2523 longo
1044 2469 1312 2508 sermone
1342 2454 1722 2510 convicimus.
1873 2443 1878 2447 ’

556 2540 650 2596 45.
688 2541 1080 2596 Transeamus
1129 2543 1200 2596 ad
1263 2543 1580 2597 secundam
1635 2543 2040 2614 quaestionem,
2075 2543 2130 2598 in

485 2644 602 2700 qua
631 2630 796 2699 quasi
826 2628 970 2682 nihil
1025 2629 1136 2685 sibi
1196 2631 1561 2702 propositum
1619 2633 1716 2698 sit,
1781 2651 2022 2687 securus
2079 2637 2135 2687 et

485 2720 728 2772 ructans
769 2718 1024 2772 dormire
1080 2736 1140 2774 se
1199 2718 1461 2784 simulat,
1527 2727 1589 2774 ut
1645 2719 1903 2792 legentes
1962 2720 2136 2776 faciat

483 2804 818 2860 dormitare.
861 2806 968 2860 Sed
1031 2807 1100 2861 de
1162 2807 1405 2878 reliquis
1460 2825 1585 2878 quae
1638 2810 1708 2863 ad
1772 2810 1945 2863 ﬁnem
2003 2826 2131 2881 per-

483 2893 672 2949 tinent
693 2895 732 2962 ³,
766 2911 957 2950 sermo
991 2896 1158 2951 nobis
1187 2901 1328 2963 erat,
1363 2897 1418 2951 id
1451 2902 1558 2963 est,
1617 2899 1881 2952 omnium
1939 2898 2134 2953 visibi-

484 2981 652 3048 lium,
687 2988 746 3038 et
774 2982 1184 3049 invisibilium,
1216 2985 1539 3041 caelestium
1587 2987 2016 3054 fortitudinum,
2077 2993 2134 3042 et

484 3071 846 3128 terrestrium
879 3078 1282 3129 creaturarum
1328 3092 1512 3130 unum
1564 3081 1619 3131 et
1673 3077 1944 3132 eumdem
2003 3094 2133 3132 esse

484 3161 845 3217 conditorem
905 3162 1088 3217 Deum
1119 3165 1160 3233 ³,
1225 3165 1278 3219 id
1313 3169 1402 3219 est
1445 3169 1703 3220 sanctam
1756 3165 2126 3233 Trinitatem,
2161 3153 2202 3220 C

486 3274 512 3298 ‹‹
548 3251 709 3319 juxta
738 3250 975 3306 beatum
1035 3252 1212 3307 David
1245 3253 1534 3308 dicentem
1572 3271 1583 3308 :
1618 3279 1644 3303 ‹‹
1686 3255 1866 3310 Verbo
1903 3256 2129 3311 Domini

483 3337 610 3394 σα)Ιί
643 3339 856 3394 ﬁrmati
888 3344 1044 3408 sunt,
1078 3346 1134 3395 et
1163 3341 1372 3413 spiritu
1415 3344 1534 3396 oris
1569 3344 1697 3413 ejus
1727 3344 1919 3400 omnis
1946 3344 2129 3401 virtus

481 3444 684 3483 eorum
713 3429 889 3499 (Ρδαι.
923 3430 1057 3497 xm,
1092 3430 1144 3500 6)
1184 3447 1195 3484 :
1233 3455 1256 3476 ››
1318 3431 1474 3503 quod
1534 3432 1878 3505 simpliciter
1932 3439 2128 3489 osten-

482 3516 568 3571 dit
595 3521 652 3572 et
683 3517 938 3573 hominis
970 3519 1202 3574 crcatio.
1239 3521 1365 3592 Ipse
1403 3525 1492 3577 est
1539 3522 1693 3577 enim
1727 3523 1849 3593 qui,
1895 3529 2129 3596 accepto

480 3603 622 3659 timo
652 3605 725 3661 de
751 3609 924 3673 terra,
986 3607 1298 3679 plasmavit
1327 3608 1710 3677 hominem,et
1731 3628 1832 3682 per
1876 3613 2126 3684 gratiam

482 3694 726 3765 propriae
742 3693 1160 3772 insufflationis
1181 3698 1440 3754 animam
1461 3700 1697 3754 donavit
1721 3702 2126 3759 rationabilem

482 3784 589 3851 (At,
648 3784 1038 3853 rationalem),
1096 3790 1152 3840 et
1221 3786 1385 3842 liberi
1433 3789 1678 3857 arbitrii,
1740 3807 1852 3846 non
1903 3797 2126 3864 partem

481 3869 739 3941 aliquam
763 3890 880 3926 suae
914 3878 1132 3929 naturae
1155 3876 1339 3945 (juxta.
1367 3877 1654 3947 quosdam
1687 3880 1842 3950 ‘,qui
1874 3880 1983 3936 hoc
2018 3882 2125 3937 im-

539 4029 566 4109 _'
602 4029 778 4085 Totius
803 4032 951 4114 orbis
983 4033 1200 4114 religio.
1230 4035 1405 4114 Vides
1442 4037 1833 4114 locupletatos
1867 4046 2126 4114 tempore

483 4103 816 4174 llieronymi
849 4107 1177 4161 sacerdotes
1207 4123 1275 4162 ex
1323 4103 1780 4166 Christianorum
1817 4103 2123 4168 oblationi-

756 4191 933 4231 causa
966 4178 1260 4250 religionis
1290 4179 1750 4256 Hierosolymam
1783 4185 2121 4256 pergebant,

681 4263 774 4298 AN.

547 4261 774 4302 ARTIAN.

550 4317 570 4350 ³
602 4317 680 4392 Ex
713 4316 809 4392 his
865 4318 1070 4392 incipit
1126 4323 1577 4392 antiquissimus
1621 4324 1677 4376 S.
1712 4324 1914 4379 Crucis
1940 4325 1999 4380 in
2027 4327 2122 4381 Je-

477 4387 735 4464 rusalem
780 4391 849 4444 de
873 4387 1032 4464 Urbe
1061 4410 1173 4447 ms.
1206 4387 1391 4449 lit-eris
1423 4395 1539 4447 fere
1589 4395 1947 4464 papyraceis,
2001 4397 2121 4452 sive

478 4465 541 4534 ut
568 4458 628 4534 in
655 4460 923 4534 Egyptia
953 4479 1166 4534 papyro
1198 4458 1819 4531 occurruntexaratus,
1855 4466 1962 4519 sub
2012 4467 2118 4523 hac

2258 497 2474 571 sanctis
2506 495 2729 570 angelis
2759 512 2922 568 aeque
2951 495 3216 562 credunt,
3259 495 3570 552 secundum
3622 494 3848 553 divinam

2257 587 2616 659 Scripturam
2667 587 2818 642 422
2852 587 2921 640 de
2952 586 3068 640 Deo
3095 585 3380 641 dicentem
3436 602 3446 638 :
3510 608 3535 634 «
3588 584 3684 651 Qui
3735 586 3849 641 facit

2255 676 2493 748 angelos
2548 691 2688 730 suos
2737 674 2997 746 spiritus,
3053 677 3106 728 et
3167 673 3460 729 ministros
3507 690 3633 728 suos
3676 673 3845 744 ignem

2255 770 2521 821 urentem
2555 767 2570 836 (
2603 765 2731 820 Psal
2761 783 2882 830 cm,
2916 767 2975 833 4)
3012 782 3023 819 :
3061 787 3081 815 ι
3117 764 3186 819 de
3217 763 3428 834 quibus
3478 763 3690 818 credere
3714 765 3845 834 quod

2253 854 2640 910 immutabilis
2672 853 2781 924 [AL
2829 852 3241 920 immutabiles]
3305 855 3516 907 natura:
3572 852 3695 914 sint.
3749 869 3844 908 non

2251 943 2697 1000 cenceditnobis
2720 941 3042 1012 Scriptura,
3074 941 3271 996 dicens
3305 957 3316 995 :
3373 963 3399 989 ‹‹
3453 939 3685 1012 Angelos
3731 957 3848 1012 quo-

2252 1032 2482 1104 quiqui
2541 1050 2654 1087 non
2699 1030 3292 1086 custodieruntsuum
3335 1029 3843 1100 principatum;sed

2252 1123 2688 1194 dereliqucrunt
2749 1120 3048 1192 proprium
3101 1118 3458 1174 domicilium
3492 1117 3548 1171 in
3588 1117 3841 1187 judicium

2253 1210 2446 1280 magni
2478 1209 2588 1264 diei
2622 1210 2660 1276 ⁵,
2696 1207 2944 1263 vinculis
2975 1205 3204 1262 aeternis
3236 1205 3295 1260 in
3327 1203 3576 1260 tenebris
3625 1203 3844 1258 custodi-

2249 1299 2328 1353 vit
2356 1299 2537 1369 (Julia:
2564 1298 2618 1368 6)
2646 1315 2658 1352 :
2696 1319 2723 1346 η
2757 1298 2897 1369 quia
2919 1295 3209 1350 immutati
3247 1299 3407 1358 sunt,
3454 1299 3510 1348 et
3559 1309 3622 1347 ex
3651 1293 3849 1364 propria

2249 1387 2532 1459 dignitate
2563 1391 2619 1442 et
2651 1385 2857 1458 gloria,
2891 1383 3076 1456 magis
3111 1383 3170 1438 in
3230 1383 3556 1438 daemonum
3612 1381 3842 1436 ordinem

2248 1476 2460 1532 abiisse
2481 1493 2576 1532 eos
2603 1475 2983 1548 cognovimus
3015 1474 3119 1539 (Al.
3154 1470 3596 1545 cognoscimus).
3640 1469 3848 1524 Animas

2245 1582 2378 1621 vero
2406 1565 2711 1620 hominum
2743 1580 2811 1618 ex
2846 1562 3188 1635 angelorum
3221 1561 3412 1625 ruina,
3435 1564 3532 1614 aut
3559 1575 3621 1614 ex
3647 1573 3848 1614 conver-

2245 1655 2410 1710 sione
2466 1652 2610 1719 tieri,
2673 1669 2862 1723 neque
2919 1649 3279 1706 credidimus
3334 1646 3656 1717 aliquando,
3687 1660 3852 1716 neque

2244 1744 2553 1800 docuimus
2584 1741 2759 1811 (absit
2788 1740 3059 1811 enim),et
3088 1738 3347 1794 alienum
3381 1737 3484 1793 hoc
3516 1752 3634 1792 esse
3665 1752 3694 1790 a
3722 1751 3844 1806 pra:-

2245 1834 2531 1889 dicatione
2563 1829 2960 1887 ecclesiastica
2989 1829 3364 1884 confitemur.
3404 1848 3428 1874 »

2315 2015 2400 2068 46.
2438 2013 2686 2083 Origenis
2711 2027 2941 2066 errores.
2977 2041 3044 2048 —
3076 2007 3404 2074 Quaerimus
3454 2011 3636 2061 utrum
3665 2002 3846 2058 animai

2244 2109 2556 2176 antequam
2590 2104 2763 2157 homo
2797 2102 2854 2155 in
2888 2099 3158 2172 paradiso
3193 2098 3378 2161 fieret,
3411 2099 3466 2150 et
3504 2093 3855 2166 plasmaretur

2245 2193 2429 2248 Adam
2461 2193 2531 2246 de
2560 2191 2892 2257 terra,inter
2915 2187 3294 2245 rationabiles
3320 2185 3529 2240 fuerint
3554 2187 3822 2238 creaturas
3845 2197 3858 2243 ',

2243 2285 2442 2336 utrum
2476 2281 2778 2352 proprium
2811 2283 3030 2333 statum
3089 2276 3433 2340 habuerint,
3474 2271 3713 2336 vixerint,
3745 2284 3860 2324 mo-

2244 2374 2378 2426 ratae
2429 2370 2568 2436 sint,
2627 2374 2802 2440 atque
2833 2367 3226 2432 substiterint,
3279 2369 3347 2420 et
3376 2381 3445 2420 an
3474 2359 3707 2429 Origenis
3765 2357 3858 2411 do-

2243 2459 2433 2515 ctrina
2463 2459 2535 2514 sit
2577 2475 2728 2523 vera,
2762 2457 2863 2528 qui
2894 2457 3041 2511 dixit
3072 2459 3319 2510 cunctas
3355 2447 3700 2509 rationabiles
3719 2462 3858 2502 crea-

2244 2552 2428 2613 turas,
2463 2546 2856 2619 incorporales
2887 2550 2943 2601 et
2972 2541 3326 2609 invisibiles,
3369 2543 3416 2597 si
3450 2536 3857 2612 negligentiores

2244 2637 2479 2701 fuerint,
2513 2635 2794 2707 paulatim
2827 2635 2896 2690 ad
2935 2633 3208 2688 inferiora
3239 2630 3386 2699 labi,
3433 2635 3487 2685 et
3527 2629 3685 2698 juxta
3736 2639 3858 2696 qua-

2243 2725 2437 2782 litates
2498 2724 2756 2781 locorum
2814 2723 2884 2779 ad
2945 2739 3072 2794 quae
3097 2721 3392 2786 defluunt,
3427 2731 3709 2774 assumere
3755 2711 3852 2767 sibi

2243 2831 2502 2886 corpora.
2567 2815 2737 2870 Verbi
2795 2812 3005 2886 gratia,
3057 2810 3316 2882 primum
3376 2807 3632 2870 aatherea,
3677 2800 3857 2858 deinde

2243 2919 2428 2959 aerea.
2465 2907 2722 2972 Cumque
2745 2903 2815 2956 ad
2848 2900 3125 2955 viciniam
3149 2903 3310 2953 terrae
3350 2893 3857 2968 pervenerint,cras-

2243 2992 2496 3048 sioribus
2527 2991 2869 3062 corporibus
2900 2986 3250 3045 circumdari
3281 2987 3324 3053 ⁸,
3356 2980 3861 3042 novissirue'huma-

2243 3082 2334 3137 nis
2366 3081 2643 3136 carnibus
2674 3080 2921 3152 alligari,
2949 3079 3195 3150 ipsoque
3225 3076 3544 3142 daemones,
3604 3070 3695 3144 qui
3745 3083 3856 3141 pro-

2241 3170 2366 3242 prio
2409 3169 2646 3226 arbitrio
2678 3185 2810 3224 cum
2845 3166 3105 3240 principe
3135 3181 3242 3221 suo
3275 3164 3513 3220 diabolo
3546 3163 3613 3218 de
3644 3159 3729 3215 Dei
3775 3155 3864 3211 mi-

2241 3259 2480 3315 nisterio
2511 3261 2898 3322 recesserunt,
2931 3255 2979 3311 si
3016 3251 3344 3328 paupulum
3411 3251 3732 3323 resipiscere
3767 3262 3864 3299 cm-

2239 3348 2450 3420 perint,
2495 3347 2756 3403 humana
2812 3363 2988 3402 carne
3035 3342 3254 3409 vestiri,
3319 3345 3383 3397 ut
3452 3346 3579 3397 acta
3623 3337 3863 3405 deinceps

2238 3437 2579 3510 poenitentia
2609 3440 2738 3508 post
2768 3434 3255 3491 resurrectionem
3281 3432 3496 3488 eodem
3520 3427 3856 3496 circulo,quo

2238 3527 2297 3582 in
2331 3539 2562 3582 carnem
2595 3529 2891 3594 venerant,
2922 3526 3286 3579 revertantur
3341 3521 3422 3576 ad
3465 3518 3724 3576 viciniam
3752 3511 3860 3577 Dei,

2236 3615 2462 3672 liberati
2493 3616 2670 3672 etiam
2718 3615 2901 3670 aereis
2934 3611 3316 3683 aethereisque
3346 3607 3688 3682 corporibus
3725 3605 3762 3670 ⁷,
3817 3604 3866 3656 et

2236 3710 2378 3761 tunc
2407 3705 2604 3761 omnia
2635 3720 2825 3776 genua
2858 3708 3099 3758 curvent
3131 3701 3270 3767 Deo,
3301 3697 3652 3763 cmlestium,
3683 3699 3866 3750 terres-

2235 3794 2436 3859 trium,
2469 3799 2527 3850 et
2555 3794 2939 3861 infernorum,
2975 3796 3031 3847 et
3059 3791 3136 3846 sit
3167 3795 3326 3844 Deus
3369 3788 3572 3843 omnia
3599 3781 3866 3840 omnibus.

2234 3886 2379 3941 Cum
2409 3901 2545 3955 ergo
2570 3883 2722 3940 ιυιει
2755 3883 2867 3938 ista
2895 3883 3254 3953 quaerantur,
3286 3894 3392 3933 cur
3426 3881 3490 3932 tu
3519 3871 3742 3932 omissis
3771 3886 3852 3924 su-

2306 4045 2324 4077 ⁷
2359 4044 2733 4099 Martianaeus
2765 4043 2864 4108 ait,
2928 4061 2947 4089 ι
3000 4045 3118 4096 Hoc
3173 4038 3610 4112 loco‘errorem
3648 4027 3869 4112 theolo';

2233 4115 2428 4186 gicum
2445 4116 2703 4170 inferunt
2729 4122 2952 4187 veteres
2977 4113 3264 4168 editiones
3289 4108 3534 4187 Erasmi
3564 4107 3870 4187 et‘tlariap}

2232 4170 2474 4240 Victorii
2527 4187 2765 4256 (addare
2797 4186 3082 4256 potuisset
3125 4187 3182 4238 et
3211 4180 3560 4256 vetustiores
3589 4175 3746 4256 aliis),
3778 4170 3870 4224 ubi

2233 4255 2451 4332 legitur
2480 4246 2825 4332 revertantur
2855 4257 2924 4332 ad
2959 4254 3394 4332 _vision_em_Dei,
3442 4248 3637 4332 quasi.
3673 4246 3870 4332 daemo-

2237 4318 2338 4403 nes
2369 4327 2690 4403 aliquando
2715 4327 2814 4382 Dei
2864 4327 3086 4403 visione
3144 4326 3314 4403 beata
3369 4318 3487 4378 frui
3548 4318 3869 4403 potuissent.

2229 4402 2301 4453 At
2331 4415 2447 4454 non
2467 4390 2827 4470 Tcatholicus,
2861 4399 2960 4454 sed
2991 4397 3256 4470 Origenis
3288 4411 3503 4470 sensus
3549 4390 3642 4448 hic
3669 4390 3866 4470 edisse-

2231 4469 2400 4523 ritur.
2437 4469 2587 4525 Num
2618 4487 2785 4541 porro
2814 4460 2996 4524 levior
3044 4460 3132 4524 est
3186 4483 3363 4541 error,
3410 4465 3705 4541 daemones
3757 4460 3872 4541 acta

479 4528 852 4612 Epigraph'e}
889 4528 1087 4612 magis;
1113 4534 1339 4612 Eusebii
1375 4536 1696 4612 Hieronymi
1747 4528 1815 4589 (te
1858 4537 2114 4592 llesu-rre-
2152 4528 2194 4590 D
2226 4541 2567 4612 pmnitentia
2597 4528 2668 4596 ad
2699 4543 2965 4597 viciniam
2999 4541 3106 4612 Dei
3145 4528 3360 4594 reverti
3392 4552 3574 4612 quam
3624 4535 3695 4590 ad
3722 4530 3868 4612 ρζξίρ-

475 4599 654 4678 ctione
681 4599 1037 4678 earanal'e
1057 4604 1451 4678 fragmentum
1485 4599 1786 4661 studiosus
1809 4624 1924 4664 non
1955 4626 2128 4667 nemo

477 4669 680 4746 sibi_e_x
709 4669 933 4746 in_tegro
965 4669 1567 4746 opere'eascripserat.

547 4740 718 4825 3‘Vox
1079 4743 1313 4825 laudato
1353 4740 1472 4825 ms.
1507 4747 1912 4825 desideratur;
1950 4753 2122 4825 paulo

477 4814 1067 4890 po_st_quod_.§imiliter
1085 4815 1260 4890 habet
1291 4835 1392 4888 pro
1420 4821 1765 4890 simpliciter.

549 4884 744 4968 ‘IPuta
781 4886 1150 4968 Manichzeos.
1206 4884 1334 4944 Mo’x
1379 4884 1615 4968 code.
1669 4894 1892 4962 Crucis,
1956 4900 2125 4968 .Eque

475 4956 792 5033 credentes;
822 4964 982 5033 vetus
1010 4960 1147 5016 edit.
1181 4978 1333 5033 irque
1362 4963 1671 5018 ordiuntur.

549 5028 569 5060 ⁵
601 5027 874 5110 Mendose
897 5031 1199 5110 hactemus
1221 5027 1554 5110 obtinuerat
1578 5037 1676 5091 Dei
1697 5055 1798 5107 pro
1820 5038 1948 5110 diei,
1967 5042 2118 5110 quod

478 5100 862 5181 emendamus
891 5121 960 5181 ex
988 5106 1114 5161 cod.
1158 5107 1214 5181 _S.
1276 5109 1495 5174 Crucis,
1551 5100 1753 5178 praeter
1811 5100 2126 5181 Vulgatum

476 5175 1072 5251 interpretemprénco
1103 5177 1276 5251 etiam
1313 5184 1489 5251 textu,
1513 5175 1718 5251 ήξιέραις,
1746 5175 2121 5237 assentiente.

477 5242 830 5296 Concinnius
862 5242 1070 5299 deinde
1123 5249 1247 5302 cod.
1311 5242 1486 5312 idem,
1538 5242 1777 5306 'temetsi
1835 5269 1948 5306 non
2010 5253 2124 5309 alio

479 5314 838 5396 sensquuic
866 5319 1221 5396 inntatisint.
1257 5319 1604 5396 Tumvetus
1661 5323 1822 5386 edit.,
1882 5325 1964 5378 Ea:
1991 5342 2124 5396 pro-

474 5385 604 5455 pria
641 5385 910 5508 dignitate
952 5389 1002 5438 et
1029 5387 1227 5455 gul-ia,
1291 5394 1464 5460 magis
1507 5409 1672 5462 quam
1725 5397 1841 5463 Dei,
1901 5398 1958 5450 in
1991 5385 2121 5452 'in-

481 5472 710 5508 monun.
744 5473 772 5508 e
804 5473 851 5508 c.

481 5472 710 5520 monun,
744 5472 851 5510 etc.

545 5529 566 5561 θ
596 5527 737 5607 (3οᾲἶ
768 5527 1528 5607 S.Urucis,Corporibuscmn
1557 5537 2125 5607 circumdatas,novis-

657 5599 829 5684 etiam
855 5668 869 5684 ‘
903 5598 1177 5684 humanis
1217 5603 1498 5684 carnibus
1531 5605 1810 5684 alligatas,
1851 5598 2122 5684 ipsosque,

476 5670 583 5735 etc,
609 5684 625 5738 ;
652 5672 709 5726 et
734 5668 910 5741 paulo
939 5674 1090 5744 post,
1119 5679 1179 5730 ut
1217 5681 1436 5745 accepta
1464 5668 1724 5751 deinceps
1767 5668 2121 5753 paenitentia:

2236 4601 2405 4684 item?
2433 4613 2524 4667 Sic
2554 4618 2749 4668 autem
2783 4630 2841 4668 re
2864 4614 2992 4684 ipsa
3017 4610 3296 4684 Origenes
3329 4601 3518 4665 sensit
3550 4612 3694 4664 tom.
3724 4601 3791 4684 Ill
3817 4601 3869 4652 in

2235 4683 2571 4761 Mathaeum,
2607 4674 2927 4761 pag._§332.:
2963 4674 3334 4761 I<:ienri_vposse
3368 4683 3456 4760 .ut
3512 4674 3873 4761 quemadmo;

2234 4739 2375 4810 dum
2397 4756 2467 4810 de
2501 4739 2905 4812 inciedulitate
2937 4756 3006 4810 ad
3041 4739 3236 4816 fidem,
3270 4753 3340 4808 ab
3365 4739 3784 4806 incon‘tinentia
3808 4739 3872 4797 ad

2234 4827 2651 4896 castitatem,et
2678 4829 2950 4883 universo
2985 4843 3017 4882 a
3047 4825 3308 4896 nequitia
3328 4823 3399 4896 ad
3423 4823 3700 4876 virtutem
3715 4817 3872 4896 homo

2234 4892 2618 4972 convertitur,
2651 4900 2733 4955 ita
2789 4906 2846 4955 et
2879 4892 3246 4972 angelus‘cui
3269 4895 3490 4972 anisz
3521 4909 3664 4948 cura
3693 4892 3875 4972 statim

2235 4971 2464 5046 abortu
2496 4959 2812 5027 commissa
2854 4959 2990 5036 est,"
3022 4968 3215 5046 malus
3267 4965 3436 5046 initio
3479 4980 3626 5046 _e_ssc
3683 4959 3872 5046 possitg

2234 5043 2445 5098 deinde
2490 5060 2622 5098 vero
2673 5026 2792 5114 qua
2846 5026 3217 5114 proportione
3259 5038 3331 5114 _is
3365 5026 3732 5114 credit,_qu'i
3774 5026 3876 5114 slb‘i

2233 5115 2486 5170 traditus
2518 5120 2624 5181 est,
2652 5101 2863 5188 eadem
2886 5101 3098 5188 etiipse
3145 5110 3371 5188 credat,
3397 5113 3454 5162 et
3481 5101 3675 5188 tanto-'2';
3706 5101 3872 5181 faciat

2236 5175 2621 5272 progressus,
2663 5185 2736 5272 ib;
2806 5175 3078 5270 ysvéc'ili'.‘
3116 5181 3272 5270 αὐτὴν
3343 5175 3576 5252 ἄγγελον
3637 5175 3872 5262 ἔναντῶν

2303 5258 2313 5272 ε
2531 5257 2542 5271 \
2651 5256 2678 5272 n
3346 5270 3397 5272 ﬁ-
3497 5251 3586 5272 ___"T
3634 5267 3684 5272 -.Α
3729 5259 3872 5272 summa

2235 5251 2598 5317 Bia‘ivmmoc
2651 5251 2961 5327 βλεποὶιτων
3027 5254 3087 5308 τὸ
3145 5251 3437 5327 πρόσοζπον
3494 5251 3594 5327 τοξ
3634 5251 3883 5327 ἐτνΙΟύραῖ

2233 5334 2348 5388 νοῐς
2389 5305 2614 5401 πατρὸξ,
2651 5305 2716 5380 ’ἶιὲ
2747 5343 2890 5382 unus
2943 5343 3013 5382 ea:
3041 5305 3255 5401 angelis
3281 5322 3509 5401 faciem
3554 5319 3742 5401 Patris
3789 5310 3881 5401 qi}?

2235 5402 2292 5471 in
2313 5401 2462 5454 oculis
2491 5391 2800 5471 estSernper
2827 5391 3188 5471 spectantibus
3231 5391 3528 5471 efﬁcietur.
3591 5413 3620 5442 ››
3645 5459 3656 5471 _
3680 5391 3878 5471 Nescio

2234 5470 2431 5541 itaque
2455 5487 2528 5524 an
2559 5457 2753 5524 veritis
2786 5457 3042 5526 visionem
3075 5457 3300 5524 veteres
3325 5465 3608 5541 editiones
3643 5457 3838 5530 legant
3868 5470 3878 5519 ;

2234 5538 2469 5598 tametsi
2499 5542 2782 5610 viciniam,
2817 5558 2920 5598 nec
2971 5542 3200 5598 diveeso
3244 5538 3484 5613 quidem
3511 5547 3719 5599 sensu.
3749 5541 3880 5600 ΡΜ·

2234 5614 2344 5672 fert
2371 5615 2568 5671 noster
2599 5629 2832 5688 quoque
2863 5629 2976 5671 ms.
