4094 6166
295 319 414 386 385

1413 317 1723 387 CONTRA
1765 323 2133 389 JOANNEM
2178 265 2594 392 illEROSOL.

3591 333 3712 414 886

294 456 652 531 perquibus
683 471 882 529 pugna
909 461 1021 522 est,
1053 456 1124 512 de
1154 462 1474 514 scammate
1507 460 1521 492 ¹
1556 463 1612 512 et
1658 459 1782 514 loco
1824 477 1951 515 cer-
1982 464 2035 528 Α
2067 477 2204 515 cens
2239 478 2251 517 :
2287 487 2312 510 ‹‹
2352 462 2550 517 lnfelix
2580 478 2685 535 ego
2719 463 2916 533 homo,
2947 463 3080 536 quis
3111 481 3204 520 me
3253 467 3407 524 424
3438 467 3711 532 liberabit

287 547 890 620 taminisegrediens,
929 547 987 601 in
1022 546 1344 618 peregrinis
1403 552 1460 602 et
1517 547 1688 620 longe
1746 549 1953 606 alienis

285 636 802 709 disputationibus
833 635 1107 691 imoraris
1138 636 1166 689 ?
1947 695 1949 698 η

366 729 457 780 ι’ῖ.
491 725 630 794 Quid
686 728 746 779 in
803 726 966 780 libris
1021 735 1132 796 περί
1164 734 1352 799 Ἀρχῶν
1400 726 1611 782 dicebat
1673 728 1947 798 Origenes.

287 817 409 884 Quo
469 821 700 886 tempore
757 814 1187 871 Commentarios
1245 815 1415 870 edidit
1472 818 1532 870 in
1589 818 1951 872 Ecclesiasten

299 907 680 975 Hieronymus.
723 935 792 943 ——
839 904 1044 959 Credis
1097 904 1253 976 quod
1302 910 1543 960 cunctas
1591 906 1852 962 visibiles
1893 911 1952 964 et

296 992 618 1049 invisibiles
671 997 974 1048 creaturas
998 1009 1154 1048 unus
1219 993 1372 1049 Deus
1422 993 1620 1050 fecerit
1675 1013 1687 1049 :
1739 995 1846 1050 hoc
1895 999 1951 1050 et

289 1082 465 1136 Arius
495 1082 895 1148 conﬁteretur,
933 1083 1030 1153 qui
1066 1081 1208 1136 dicit
1237 1087 1449 1137 cuncta
1479 1087 1671 1138 creata
1720 1099 1823 1154 per
1857 1085 1947 1138 Fi-

281 1170 456 1225 lium-
492 1171 555 1226 Si
588 1170 658 1225 de
690 1170 1003 1226 Marcionis
1034 1172 1364 1243 arguereris
1397 1171 1626 1239 haeresi,
1651 1189 1778 1244 qum
1812 1173 1949 1228 alte-

288 1276 423 1314 rum
458 1259 708 1324 bonum,
767 1258 1019 1314 alterum
1081 1261 1309 1330 justum
1371 1260 1556 1315 Deum
1616 1261 1872 1316 inferens
1903 1264 1944 1327 ³,

282 1347 455 1403 illum
488 1347 903 1414 invisibilium,
939 1348 1096 1404 hunc
1123 1347 1446 1404 visibilium
1480 1350 1690 1404 asserit
1721 1350 1948 1406 Creato-

277 1454 429 1500 rem,
465 1442 621 1493 recte
654 1436 798 1492 mihi
832 1438 903 1492 de
935 1436 1275 1508 hujusmodi
1297 1438 1652 1494 satisfeceris
1677 1440 1946 1510 quaestio-

279 1543 374 1581 ne.
404 1526 610 1580 Credis
643 1526 799 1598 quod
834 1524 1234 1581 universitatis
1265 1525 1525 1582 Trinitas
1569 1528 1648 1582 sit
1678 1529 1942 1583 creatrix.

279 1615 440 1670 lstud
491 1613 698 1668 Ariani
753 1618 811 1669 et
868 1613 1222 1669 Hemiariani
1278 1616 1299 1648 ³
1358 1621 1594 1686 negant,
1659 1616 1942 1687 Spiritum

281 1710 557 1759 sanctum
596 1720 711 1759 non
747 1703 1133 1772 conditorem,
1167 1704 1268 1758 sed
1321 1705 1621 1760 conditum
1669 1705 1944 1776 blasphe-

283 1798 535 1847 mantes.
567 1791 678 1846 Sed
713 1796 768 1847 te
800 1791 934 1862 quis
964 1791 1073 1846 hoc
1101 1796 1375 1890 tempore
1428 1792 1738 1847 insimulat
1782 1793 1943 1850 Aria-
1977 1832 2022 1896 Β

283 1897 428 1936 num
460 1881 488 1934 ‘?
524 1882 678 1936 Dicis
709 1879 1261 1936 animashominum
1287 1899 1400 1936 non
1441 1886 1664 1952 partem
1688 1883 1790 1937 Dei
1812 1899 1942 1939 esse

283 1976 511 2026 natura:
547 1989 563 2036 ς
593 1968 759 2041 quasi
783 1969 1140 2024 Manicbmus
1171 1985 1326 2023 nunc
1358 1970 1430 2024 ab
1486 1970 1814 2042 Epiphanio
1863 1972 1944 2028 sis

286 2064 561 2115 vocatus.
591 2057 902 2113 Detestaris
934 2073 1056 2127 eos,
1088 2058 1188 2128 qui
1221 2057 1451 2113 animas
1483 2075 1552 2113 ex
1595 2059 1820 2130 angelis
1849 2077 1946 2115 as-

292 2153 511 2202 serunt
537 2146 729 2211 ﬁeri,et
749 2147 988 2202 illorum
1022 2147 1253 2201 ruinam
1287 2152 1551 2203 nostram
1584 2148 1786 2203 dicunt
1816 2166 1946 2205 esse

304 2235 713 2294 substantiam.
772 2234 900 2290 Noli
960 2234 1335 2291 dissimulare
1394 2237 1547 2307 quod
1609 2239 1784 2303 nosti,
1846 2256 1947 2293 nec

293 2323 680 2395 simplicitate
711 2333 727 2362 ε
757 2325 912 2396 quod
948 2341 1061 2380 non
1094 2324 1276 2380 habes
1308 2325 1545 2398 ﬁngere.
1588 2331 1702 2382 Nec
1749 2328 1946 2399 Orige-

281 2431 390 2469 nes
432 2430 692 2483 unquam
743 2413 888 2468 dixit
934 2431 1002 2469 ex
1049 2413 1271 2485 angelis
1320 2415 1549 2470 animas
1606 2416 1756 2483 ﬁeri,
1809 2433 1944 2472 cum

284 2505 450 2575 ipsos
482 2502 722 2575 angelos
748 2519 961 2559 nomen
993 2519 1123 2559 esse
1153 2503 1330 2558 ofﬁcii
1364 2505 1594 2572 doceat,
1629 2522 1743 2561 non
1778 2513 1948 2562 natu-

281 2610 378 2647 re.
441 2591 505 2646 In
566 2591 734 2647 libris
792 2592 947 2648 enim
1009 2603 1118 2664 περί
1181 2605 1393 2666 ’Λρχῶν,
1451 2601 1500 2649 et
1558 2594 1832 2667 Angelos,
1895 2601 1951 2652 et

276 2682 571 2746 Thronos,
604 2685 662 2736 et
690 2680 1147 2742 Dominationes.
1203 2681 1548 2753 Potestates,
1597 2689 1653 2739 et
1697 2689 1950 2742 rectores

287 2771 521 2838 mundi,
555 2776 614 2826 et
645 2771 1040 2838 tenebrarum,
1074 2777 1132 2826 et
1161 2788 1333 2826 omne
1366 2789 1581 2828 nomen
1633 2775 1789 2844 quod
1847 2791 1950 2830 no-

287 2861 550 2914 minatur
580 2859 807 2930 (Ephes.
840 2876 882 2927 1,
912 2860 1022 2928 2|),
1057 2877 1170 2915 non
1206 2859 1398 2916 solum
1429 2861 1486 2915 in
1519 2863 1791 2933 praesenti
1845 2880 1950 2918 saa-

295 2948 451 3018 culo,
483 2949 588 3004 sed
621 2948 681 3003 in
715 2949 931 3014 futuro,
964 2949 1104 3004 dicit
1150 2950 1381 3006 animas
1419 2967 1546 3006 esse
1592 2968 1794 3006 eorum
1825 2969 1948 3008 cor-

293 3057 527 3111 porum,
561 3055 693 3110 quae
721 3037 808 3094 vel
841 3037 1151 3107 desiderio,
1181 3039 1270 3095 vel
1311 3040 1637 3096 ministerio
1671 3057 1948 3114 suscepe-

290 3130 426 3182 rint.
460 3126 654 3182 Solem
686 3144 919 3199 quoque
948 3128 1144 3200 ipsum
1189 3134 1249 3184 et
1299 3129 1524 3193 lunam,
1578 3134 1635 3184 et
1686 3131 1949 3186 omnium

293 3224 589 3272 astrorum
660 3216 927 3284 chorum,
997 3233 1122 3273 esse
1211 3218 1439 3272 animas
1511 3217 1948 3274 rationabilium

295 3306 600 3377 quondam
615 3306 636 3338 ⁵
660 3310 716 3359 et
734 3304 1188 3376 incorporalium
1207 3311 1604 3362 creaturarum
1624 3323 1635 3361 :
1653 3324 1778 3378 qua:
1797 3324 1952 3364 nunc

285 3394 536 3449 vanitati
565 3393 866 3464 subjecta,
895 3393 1098 3466 ignitis
1128 3395 1394 3450 videlicet
1422 3397 1800 3467 corporibus,
1824 3414 1952 3468 qua:

285 3501 400 3538 nos
429 3483 755 3554 ipmeritiet
779 3483 954 3538 rudes
979 3482 1292 3539 luminaria
1313 3485 1521 3539 mundi
1563 3485 1952 3557 appellamus,

293 3571 708 3625 liberabuntur
735 3589 766 3627 a
795 3573 1074 3628 servitute
1104 3573 1496 3644 corruptionis
1529 3574 1587 3628 in
1620 3575 1946 3631 libertatem

299 3658 513 3731 gloria:
541 3657 778 3716 ﬁliorum
813 3661 937 3716 Dei.
975 3661 1138 3716 Unde
1169 3666 1224 3716 et
1256 3661 1449 3718 omnis
1498 3669 1765 3719 creatura
1811 3681 1953 3720 con-

301 3746 589 3821 gemiscit
617 3754 670 3804 et
694 3750 966 3820 parturit.
1021 3750 1084 3804 Et
1138 3750 1453 3822 Apostolus
1512 3751 1799 3824 deplorat,
1863 3754 1953 3808 di-

379 3891 396 3923 ¹
427 3891 509 3945 De
536 3901 854 3946 scammate.
888 3896 1042 3946 Bene
1072 3897 1272 3947 monet
1319 3893 1638 3959 Marianus,
1674 3899 1730 3949 et
1783 3895 1954 3950 casti-

304 3967 407 4034 gat
453 3962 772 4034 Erasmum
823 3963 1108 4034 legentem
1158 3963 1224 4018 de
1269 3970 1580 4032 stammate,
1631 3970 1764 4031 etc.,
1819 3983 1954 4022 cum

305 4033 454 4088 mss.
489 4050 701 4106 omnes
733 4033 926 4106 legant
952 4040 1266 4090 scammate.
1302 4037 1590 4093 Maurus.
1624 4069 1692 4077 —
1737 4037 1830 4092 Sic
1859 4056 1954 4093 ve-

305 4110 482 4161 teres.
516 4105 870 4180 appelabant
891 4107 1130 4180 fossam,
1155 4124 1272 4180 qua
1291 4109 1548 4164 stadium
1575 4108 1956 4165 claudebatur

299 4183 358 4250 et
388 4177 786 4250 quamqultra
837 4177 1104 4250 progredi
1141 4177 1506 4250 certantibus
1557 4197 1671 4236 non
1719 4180 1950 4238 licebat.

308 4248 493 4303 Vetus
523 4248 666 4304 edit.
702 4249 766 4304 de
798 4248 1018 4304 numeri
1036 4251 1126 4304 tui
1154 4249 1344 4307 ordine
1373 4268 1390 4304 :
1422 4252 1648 4307 Erasm.
1698 4253 1762 4306 de
1790 4261 1955 4309 stam-

374 4392 398 4424 ²
425 4392 592 4445 Deum
624 4393 891 4466 inferens.
951 4393 1077 4466 Non
1133 4409 1313 4466 serens
1364 4409 1554 4466 neque
1609 4394 1810 4466 ferens,
1851 4396 1953 4450 sed

293 4465 549 4534 inferens
609 4464 796 4535 reperi
849 4464 1134 4536 scriptum
1193 4464 1251 4519 in
1329 4464 1950 4522 vetuStis‘codicibur.

293 4540 583 4591 Harman.

1986 3203 2023 3228 Π

1983 3237 2024 3268 υ

362 4608 383 4641 ³
416 4609 627 4678 Ariani
656 4610 706 4661 et
739 4607 1083 4662 Hemiarimi.
1113 4608 1194 4661 Ita
1225 4606 1365 4678 legit
1405 4623 1515 4662 ms.
1567 4609 1950 4664 Sorbonicum
1984 4579 2028 4642 Β

295 4677 601 4749 exemplar
634 4695 645 4732 :
680 4679 738 4733 in
768 4678 1142 4733 Cluniacensi
1174 4677 1307 4733 vero
1339 4693 1452 4733 non
1498 4678 1708 4734 iisdem
1739 4681 1948 4747 verbis,

298 4751 408 4803 sed
470 4749 670 4804 eodem
733 4766 933 4816 sensu,
992 4750 1196 4804 Ariani
1243 4759 1294 4804 et
1364 4750 1699 4806 Eunomiani
1753 4761 1955 4820 negant

300 4820 598 4875 ΜΑειτιΑκ.

376 4891 488 4945 ‘S.
537 4891 736 4947 Crucis
795 4908 905 4947 ms.
968 4893 1075 4946 Nec
1137 4893 1572 4963 simplicitatem,
1620 4910 1786 4964 quam
1841 4911 1950 4950 non

303 4964 494 5025 habes,
523 4968 629 5018 etc.

370 5036 392 5068 ⁵
423 5035 582 5090 idem
626 5051 736 5088 ms.
788 5032 1182 5101 Quorumdam,
1233 5033 1362 5088 Vid.

289 5106 354 5160 in
383 5107 573 5193 Epist.
607 5106 676 5186 ad
712 5107 1182 5193 avitumriatque
1227 5104 1364 5160 alibi
1401 5123 1413 5172 ;

303 5177 619 5250 gustinum
649 5178 708 5231 in
740 5177 1090 5232 Enchiridio.

363 5251 385 5284 ε
419 5251 484 5304 ln
517 5249 721 5304 eodem
757 5265 868 5302 ms.
903 5252 981 5303 An
1015 5247 1070 5302 id
1101 5248 1288 5318 quinto
1336 5248 1426 5302 die
1468 5247 1686 5318 quando
1732 5264 1950 5320 corpus,

287 5325 430 5385 etc.,
459 5326 522 5376 et
553 5336 688 5376 mox
717 5320 901 5376 videre
931 5336 1034 5392 pro
1064 5322 1265 5392 vivere.

361 5394 382 5427 τ
414 5394 645 5448 Nomen
679 5392 795 5447 Arii
829 5408 897 5447 ex
926 5389 1056 5446 cod.
1092 5392 1150 5446 S.
1186 5389 1388 5444 Crucis
1419 5389 1746 5462 suppletur,
1771 5391 1950 5461 juxta

293 5481 471 5536 quem
506 5463 710 5518 itidem
745 5463 995 5534 legimus
1026 5463 1200 5535 paulo
1232 5462 1382 5516 infra
1422 5464 1631 5529 retices,
1681 5479 1783 5534 pro
1833 5479 1947 5534 quo

294 5546 466 5592 antea
490 5540 619 5590 erat
649 5537 867 5599 retines,

365 5609 384 5641 '
417 5608 481 5662 ln
515 5606 775 5678 antiquis
805 5605 1160 5661 editionibus
1209 5603 1750 5678 glossatorisimanu
1787 5623 1800 5660 :
1834 5610 1951 5661 Hoc

297 5687 374 5738 est
394 5682 561 5753 pium
589 5677 792 5736 anime
820 5679 934 5736 sint
952 5679 1100 5736 aerei
1139 5677 1402 5750 corporis,
1452 5681 1505 5735 et
1553 5677 1656 5737 hoc
1715 5681 1790 5736 est
1837 5679 1948 5736 im-

1461 5051 1549 5089 uze
1598 5035 1952 5091 adnotamus

1484 5147 1496 5161 .
1552 5123 1784 5177 quoque
1831 5109 1948 5161 Au-

2063 550 2132 604 de
2165 565 2402 621 eorporo
2433 551 2636 606 mortis
2670 552 2848 622 hujus
2879 554 3049 622 (Rom.
3097 571 3193 617 vn,
3226 553 3253 607 ‘l
3277 557 3346 609 24
3397 578 3422 603 ››
3446 557 3570 613 Non
3619 563 3712 615 est

2061 637 2235 692 istius
2268 642 2548 710 temporis
2579 646 2776 695 contra
2807 641 3023 713 dogma
3044 641 3436 714 gentilium,et
3456 661 3524 700 ex
3547 652 3712 718 parte

2062 725 2451 792 Platonicum,
2487 729 2756 784 scribere.
2789 732 2934 786 Ante
2965 748 3151 786 annos
3194 732 3374 786 ferme
3421 734 3616 790 decem
3648 736 3709 792 in

2062 814 2514 871 Commentariis
2544 817 2877 884 Ecclesiste,
2928 825 2984 873 et
3015 819 3070 873 in
3121 818 3527 889 explanatione
3575 823 3710 893 Epi-

2062 904 2220 958 slolze
2254 905 2323 959 ad
2382 905 2687 976 Ephesios,
2749 907 3000 962 arbitror
3057 925 3294 964 sensum
3355 910 3536 965 animi
3598 913 3711 967 mei

2059 993 2450 1064 prudentibus
2480 994 2850 1066 explicatum.

2138 1083 2219 1137 18.
2258 1083 2369 1136 lloc
2404 1099 2563 1138 nunc
2612 1101 2774 1156 rogo,
2826 1085 2924 1156 qui
2977 1091 3136 1139 tanta
3185 1086 3462 1158 loqueris,
3511 1090 3609 1161 qui
3643 1091 3714 1146 de

2058 1171 2285 1226 cunctis
2319 1172 2691 1227 sermonibus
2726 1174 2834 1228 sub
2870 1191 2983 1229 uno
3014 1179 3270 1230 tractatu
3293 1177 3576 1234 edisseris
3605 1195 3708 1233 ve-

2058 1259 2312 1329 ritatem,
2346 1265 2410 1315 ut
2445 1264 2796 1332 respondeas
2847 1263 3283 1319 sciscitantibus
3342 1267 3574 1322 brevem
3608 1270 3710 1323 ab-

2057 1347 2429 1419 solutamque
2462 1351 2829 1406 sententiam.
2883 1352 3125 1414 Quando
3193 1353 3502 1424 plasmavit
3559 1357 3712 1412 Deus

2058 1437 2358 1492 hominem
2389 1455 2456 1493 ex
2486 1438 2646 1506 limo,
2680 1444 2736 1494 et
2767 1457 2866 1512 per
2887 1441 3136 1513 gratiam
3172 1443 3415 1514 propriis
3449 1445 3713 1500 insultla-

2057 1525 2233 1580 tionis
2267 1526 2316 1581 ei
2349 1528 2604 1582 animam
2659 1529 2866 1583 tribuit
2901 1547 2912 1584 :
2948 1534 3146 1584 utrum
3182 1531 3280 1586 illa
3311 1531 3508 1588 anima
3540 1533 3714 1589 fuerit

2055 1617 2189 1667 ante
2223 1618 2279 1667 et
2301 1615 2714 1681 substiterit,et
2744 1615 2841 1670 ubi
2871 1624 3096 1672 versata
3119 1618 3346 1690 sit.quaa
3379 1619 3479 1674 Dei
3510 1624 3714 1692 postea

2057 1701 2457 1757 insufﬂatione
2487 1703 2701 1758 donata
2733 1710 2822 1759 est
2859 1723 2870 1759 :
2904 1723 2976 1759 an
3010 1705 3065 1759 in
3117 1711 3276 1761 sexto
3325 1707 3416 1762 die
3475 1710 3709 1779 quando

2055 1806 2265 1858 corpus
2296 1792 2316 1824 δ
2349 1808 2417 1846 ex
2448 1791 2589 1848 limo
2624 1793 2939 1848 formatum
2971 1799 3076 1860 est,
3130 1799 3185 1849 et
3241 1811 3369 1850 esse
3399 1800 3457 1851 et
3513 1797 3708 1853 vivere

2058 1878 2157 1933 Dei
2191 1884 2473 1950 potestate
2506 1883 2853 1953 susceperit.
2888 1883 2966 1938 De
2988 1883 3096 1939 hoc
3129 1888 3372 1949 taces,et
3401 1884 3540 1957 quid
3562 1903 3716 1958 quis:

2057 1973 2218 2022 ratur
2252 1971 2402 2026 scire
2433 1971 2800 2040 dissimulas,
2837 1973 2894 2026 in
2929 1973 3242 2044 superﬁuis
3287 1975 3712 2044 quaestionibus

2056 2058 2381 2128 occuparis.
2416 2059 2720 2131 Origenem
2756 2059 3041 2131 relinquis
3074 2060 3379 2128 intactum,
3425 2068 3482 2118 et
3511 2068 3712 2122 contra

2057 2143 2431 2211 Marcionem,
2462 2147 3272 2219 Apollinarem,Eunomium,
3307 2137 3714 2219 Manichazum,

2064 2233 2266 2288 Arium
2293 2236 2310 2268 ⁷
2355 2241 2814 2308 czeterorumque
2844 2237 3249 2293 haereticorum
3299 2239 3550 2312 ineptias
3607 2243 3712 2297 de—

2058 2322 2390 2379 baccharis.
2426 2325 2662 2380 Manum
2705 2326 2943 2397 poteris,
2975 2332 3032 2382 et
3093 2328 3298 2398 pedem
3331 2329 3621 2401 porrigis;
3658 2337 3715 2386 et

2057 2415 2252 2466 tamen
2298 2414 2512 2485 dogma
2539 2415 2693 2486 quod
2749 2414 2984 2481 relines,
3018 2415 3268 2470 latenter
3296 2417 3584 2474 insinuas.
3619 2419 3712 2474 Sic

2058 2515 2165 2554 nos
2191 2503 2442 2559 rusticos
2477 2502 2692 2574 placas,
2719 2509 2782 2558 ut
2811 2505 2930 2558 tuis
2963 2503 3196 2576 penitus
3228 2522 3340 2560 non
3374 2505 3709 2578 displicens.

2143 2593 2223 2646 19.
2258 2591 2412 2646 Dicis
2453 2610 2521 2648 ex
2551 2591 2774 2664 angelis
2800 2593 3092 2649 daemones
3121 2594 3316 2665 potius
3347 2610 3526 2666 quam
3586 2598 3713 2651 ani-

2059 2701 2185 2740 mas
2218 2683 2364 2748 ﬁeri,
2398 2681 2567 2753 quasi
2600 2697 2714 2736 non
2746 2687 2803 2736 et
2833 2681 2942 2752 ipsi
2981 2683 3276 2738 daemones
3311 2683 3482 2753 juxta
3513 2684 3711 2759 Orige-

2060 2790 2215 2840 nem,
2241 2772 2448 2827 animae
2482 2770 2602 2825 sint
2623 2770 2773 2824 aerei
2807 2772 3090 2841 corporis,
3111 2777 3167 2826 et
3195 2789 3264 2826 ex
3292 2773 3659 2829 diemonibus
3689 2777 3710 2809 ⁸

2061 2869 2261 2935 postea
2291 2861 2340 2915 si
2373 2859 2742 2930 resipuerint,
2777 2859 3047 2914 humanm
3069 2860 3278 2915 animae
3309 2862 3428 2916 sint
3453 2863 3474 2897 ⁹
3503 2863 3712 2922 futuri.

2063 2975 2088 3001 ‹‹
2125 2949 2376 3022 Angelos
2409 2947 2618 3003 scribis
2651 2964 2778 3003 esse
2809 2948 3141 3015 mutabiles,
3171 2973 3192 3001 ι
3229 2954 3288 3005 et
3316 2951 3426 3005 sub
3457 2966 3523 3006 eo
3555 2953 3711 3023 quod

2062 3040 2223 3112 pium
2257 3044 2365 3105 est,
2399 3036 2541 3090 illud
2570 3037 2725 3108 quod
2757 3037 3001 3108 impium
3046 3041 3134 3093 est
3191 3038 3511 3094 introducis
3572 3059 3584 3095 :
3649 3044 3716 3095 ut

2065 3129 2267 3183 multis
2301 3125 2557 3199 periodis
2589 3126 2796 3180 animae
2832 3128 2972 3180 ﬁant
3003 3143 3117 3180 non
3164 3144 3232 3181 ex
3262 3127 3613 3199 angelis,sed
3648 3145 3717 3183 ex

2065 3218 2158 3272 his
2190 3214 2508 3282 vocabulis,
2567 3214 2622 3268 in
2657 3231 2782 3286 qua:
2832 3214 2995 3286 prius
3039 3214 3228 3287 angeli
3279 3217 3487 3270 mutati
3549 3223 3708 3274 sunt.

2064 3305 2206 3364 Volo
2237 3306 2392 3376 quod
2425 3305 2576 3370 dico,
2627 3303 2995 3359 manifestius
3054 3304 3176 3359 ﬁeri
3236 3304 3396 3376 :ﬁge
3452 3304 3709 3378 aliquem

2063 3395 2383 3452 tribunitia:
2433 3393 2738 3464 potestatis
2795 3409 2901 3448 suo
2957 3393 3093 3448 vitio
3152 3393 3548 3465 regradatum,
3612 3411 3714 3468 per

2064 3483 2297 3556 singula
2328 3481 2545 3536 militia:
2577 3482 2866 3552 equestris
2898 3483 2939 3516 ¹⁰
2971 3481 3180 3546 ofﬁcia,
3205 3482 3275 3536 ad
3306 3482 3515 3537 tironis
3541 3500 3711 3540 voca-

2064 3574 2268 3628 bulum
2302 3571 2660 3638 devolutum,
2689 3570 2954 3642 nunquid
2986 3587 3056 3624 ex
3097 3569 3330 3624 tribuno
3390 3572 3589 3627 statim
3648 3573 3714 3628 ﬁt

2065 3663 2218 3718 tiro?
2247 3661 2370 3716 Non
2401 3678 2414 3726 ;
2448 3660 2548 3715 sed
2582 3662 2714 3712 ante
2737 3658 3344 3729 primicerius,deinde
3376 3665 3614 3714 senator
3645 3661 3708 3726 “,

2065 3750 2436 3815 ducenarius,
2471 3747 2859 3811 centenarius,
2896 3747 3046 3802 4‘25
3098 3745 3395 3812 biarchus,
3454 3747 3710 3818 circitor,

2059 3895 2217 3964 pium
2246 3908 2314 3946 ex
2341 3889 2702 3964 deamo-mlius,
2761 3892 2874 3964 etc.
2935 3887 3160 3964 Deinde
3214 3888 3435 3964 isthazc,
3492 3889 3712 3964 angelos

2063 3960 2252 4018 scribis
2282 3979 2392 4018 esse
2421 3961 2734 4028 mutabiles,
2759 3961 2816 4015 in
2847 3960 2972 4015 cod.
3004 3961 3062 4015 S.
3094 3961 3293 4016 Crucis
3324 3977 3439 4016 non
3496 3961 3712 4018 haben-

2065 4041 2178 4090 tur.

2134 4109 2155 4141 ³
2186 4107 2394 4160 Anima:
2449 4106 2581 4170 sint,
2615 4107 2713 4157 etc.
2749 4103 2906 4157 Idem
2937 4103 3232 4174 exemplar
3247 4103 3504 4160 Cluniae.
3538 4106 3713 4160 omit-

2064 4180 2134 4233 tit
2164 4177 2284 4232 hazc
2311 4177 2502 4241 verba,
2536 4174 2633 4229 hoc
2687 4179 2766 4229 est
2821 4176 2994 4243 pium,
3051 4192 3175 4246 qua:
3235 4175 3293 4230 in
3350 4175 3481 4230 aliis
3539 4175 3703 4232 libris

2065 4249 2356 4354 superflue
2387 4246 2680 4318 leguntur.
2716 4249 2995 4299 MARTIAN.

2157 4322 2178 4353 0
2214 4321 2512 4354 anoeh-om
2545 4320 2704 4354 “non!
2740 4315 3054 4354 nnlniinnm
3112 4320 3173 4354 nl'
3229 4321 3367 4354 nnfn
3437 4316 3605 4354 militi

2157 4322 2178 4353 °
2208 4316 2515 4391 Equestrem
2545 4320 2710 4391 vocat
2740 4316 3079 4391 palatinum,
3112 4320 3199 4391 ut_
3229 4321 3390 4391 puto,
3437 4316 3709 4374 militiam

2063 4392 2181 4468 sive
2211 4387 2486 4468 militum,
2520 4389 2619 4460 qui
2653 4387 2754 4458 pro
2785 4387 2998 4468 palatio
3041 4388 3424 4468 excubabant.

2133 4466 2173 4498 “
2207 4459 2551 4519 Senatorem
2580 4477 2694 4515 non
2725 4459 3032 4531 militarem
3067 4459 3434 4531 dignitatem,
3467 4462 3567 4516 sed
3612 4477 3710 4515 ur-

2063 4535 2252 4589 bicam
2284 4551 2411 4592 esse
2441 4536 2717 4588 causatus
2745 4531 2833 4584 vir
2863 4530 3090 4598 doctus,
3144 4530 3447 4602 perperam
3477 4531 3569 4588 hic
3616 4532 3714 4588 in-

2063 4612 2294 4661 trusum
2326 4622 2536 4660 nomen
2571 4604 2727 4676 istud
2761 4603 3004 4674 putavit,
3037 4608 3138 4658 aut
3161 4603 3444 4676 mendose
3471 4603 3606 4676 legi.
3639 4607 3714 4676 At

2063 4694 2176 4732 non
2209 4682 2333 4732 erat
2364 4675 2680 4747 suspicioni
2717 4678 2912 4741 locus;
2949 4674 3200 4747 occurrit
3240 4674 3711 4747 nempe,tametsi

2064 4765 2212 4811 raro,
2247 4747 2398 4818 apud
2433 4745 2654 4801 veteres
2687 4747 2836 4800 inter
2885 4745 3102 4800 militiae
3163 4745 3710 4818 dignitatesksena-

2062 4824 2171 4885 tor,
2204 4819 2263 4872 in
2286 4816 2451 4873 Actis
2484 4818 2802 4888 Martyrum
2834 4816 3274 4887 Agaunensium
3327 4834 3359 4870 a
3396 4822 3452 4870 S.
3486 4816 3710 4888 Enche-

2063 4891 2147 4946 rio
2197 4889 2450 4960 scriptis.
2501 4887 2925 4960 Incilamentum
2979 4898 3161 4942 tamen
3216 4889 3526 4942 maximum
3583 4887 3714 4957 ﬁdei

2061 4964 2121 5017 in
2153 4962 2255 5016 illo
2287 4959 2522 5030 tempore
2538 4976 2696 5029 penes
2728 4959 2782 5012 S.
2806 4960 3130 5013 Mauricium
3157 4960 3290 5028 fuit,
3321 4960 3709 5030 primicerium

2062 5043 2192 5088 tunc
2226 5034 2367 5087 sicut
2393 5029 2633 5085 traditur
2685 5031 2932 5101 legionis
2961 5031 3099 5098 ejus,
3154 5030 3249 5099 qui
3295 5045 3418 5101 cum
3463 5029 3712 5101 Exsupe-

2061 5109 2164 5169 rio,
2223 5113 2285 5181 ut
2343 5106 2402 5158 in
2449 5103 2690 5181 exercitu
2755 5100 3074 5181 appel'lant‘
3105 5099 3505 5181 campicluctere
3551 5099 3710 5181 ‘(le‘ge

2059 5165 2470 5247 campidoctore,
2503 5165 2863 5247 Graecula.
2901 5165 3324 5247 6n).06v.Sar.-.'i,:,
3377 5176 3433 5227 et
3475 5165 3712 5247 calca-

2063 5243 2351 5313 δάσδὶπιλος)
2396 5251 2446 5302 et
2503 5243 2740 5298 Candida
2797 5245 3042 5298 senatore
3097 5243 3340 5297 militum
3397 5245 3710 5300 accenderat

2060 5317 2396 5374 exhortando
2425 5316 2688 5385 singulos,
2723 5314 2983 5385 ete.Sed
3043 5314 3217 5369 etiam
3279 5315 3336 5369 in
3396 5315 3707 5373 Theodosii

2061 5389 2314 5454 Novella,
2349 5388 2436 5441 tit.
2470 5384 2558 5441 29.
2594 5387 2665 5441 de
2692 5384 3205 5449 Scholaribus,ubi
3239 5388 3528 5442 comitibus
3556 5390 3708 5445 scho-

2060 5462 2243 5515 larum
2275 5458 2596 5514 verberandi
2624 5457 3058 5528 regradandique
3101 5463 3375 5513 senatores
3433 5477 3500 5515 ac
3548 5459 3707 5516 duce-

2057 5533 2248 5586 narios
2279 5531 2507 5586 licentia
2535 5530 2850 5598 denegatur,
2868 5533 2926 5583 et
2955 5546 3088 5584 mox
3114 5530 3324 5584 iterum
3347 5535 3705 5598 senatorum,

2062 5603 2509 5658 ducenariorum
2544 5599 3129 5672 centenariorumque
3163 5601 3379 5657 mentio
3412 5607 3518 5657 est.
3555 5603 3708 5672 Con-

2059 5675 2354 5733 stantinus
2385 5674 2462 5732 M.
2495 5691 2545 5732 c.
2578 5673 2600 5733 l
2631 5672 2768 5732 Cod.
2814 5671 3168 5733 Justineiani
3199 5674 3270 5732 de
3326 5672 3490 5735 Ollic.
3548 5671 3703 5758 Meg.
