4094 6166
382 322 505 404 38ἠ

379 562 548 617 miles
580 560 884 633 gregarius
917 559 1011 625 sit,
1048 564 1241 614 tamen
1273 575 1339 614 ex
1370 558 1608 614 tribuno
1641 575 1755 613 non
1787 557 2027 623 tiro,sed

378 649 748 724 primicerius
777 649 965 703 factus
997 651 1106 702 est.
1141 647 1318 702 Docet
1349 647 1626 719 Origenes
1674 662 1777 717 per
1808 645 2025 700 scalam

376 739 553 795 Jacob
585 737 867 811 paulatim
899 735 1275 792 rationabiles
1306 740 1604 790 creaturas
1648 735 1719 789 ad
1751 733 2025 789 ultimum

376 829 646 901 gradum,
681 826 738 880 id
769 829 877 894 est,
912 825 982 880 ad
1016 841 1251 879 carnem
1301 828 1356 878 et
1411 825 1756 896 sanguinem
1789 824 2027 879 descen-

378 920 512 973 dere
539 934 552 972 :
589 933 695 971 nec
728 914 850 969 ﬁeri
882 931 1053 986 posse
1086 917 1148 968 ut
1178 913 1247 968 de
1279 912 1612 969 centenario
1640 929 1882 968 numero
1923 929 2027 966 su-

379 1007 497 1061 bito
528 1006 660 1077 quis
692 1004 764 1058 ad
797 1020 980 1058 unum
1014 1018 1324 1057 numerum
1349 1000 1760 1073 praecipitetur,
1787 999 1899 1056 nisi
1926 1017 2028 1072 per

377 1094 640 1167 singulos
668 1109 943 1148 numeros
973 1090 1145 1163 quasi
1176 1107 1278 1162 per
1314 1089 1482 1146 scala:
1514 1089 1753 1162 gradus,
1785 1089 1856 1144 ad
1891 1087 2026 1143 ulti-

377 1201 538 1239 mum
570 1199 758 1253 usque
789 1181 1122 1253 perveniat;
1158 1185 1214 1235 et
1243 1183 1328 1235 tot
1361 1183 1585 1234 mutare
1617 1181 2027 1250 corpora,quot

373 1276 443 1328 de
471 1271 610 1327 ccelo
635 1271 705 1326 ad
735 1274 950 1325 terram
985 1268 1338 1323 mutaverint
1368 1266 1726 1323 mansiones.
1761 1266 1855 1320 Ila:
1885 1269 2025 1320 sunt

375 1360 624 1432 strophae
656 1363 858 1413 vestrae
887 1362 1062 1429 atque
1092 1356 1428 1429 prmstigiae,
1455 1356 1669 1427 quibus
1703 1372 1808 1410 nos
1856 1353 2023 1410 Pelu-

374 1449 553 1505 siotas
583 1454 639 1503 et
658 1449 947 1518 jumenta,
974 1451 1029 1500 et
1059 1445 1342 1500 animales
1373 1444 1644 1499 homines
1666 1443 2027 1514 dicitis,quia

374 1555 488 1593 non
513 1538 829 1608 recipimus
848 1552 915 1590 ea
939 1552 1061 1606 quae
1081 1534 1323 1606 spiritus
1346 1539 1485 1589 sunt
1506 1533 1648 1604 (νίιί.
1666 1533 1845 1604 Epist.
1868 1533 2026 1587 Pam-

376 1627 604 1682 machio
636 1631 692 1680 et
713 1626 938 1680 Oceano
960 1625 1034 1679 ad
1059 1624 1206 1694 ﬁn.).
1226 1623 1342 1678 Vos
1365 1622 1822 1693 Hierosolymitae
1848 1620 2023 1676 etiam

373 1714 610 1786 angelos
637 1713 936 1769 deridetis.
972 1712 1395 1767 Pertrahuntur
1426 1712 1530 1782 [AL
1577 1710 2022 1783 protrahuntur]

371 1804 432 1858 in
464 1803 724 1858 medium
747 1806 937 1857 vestra
960 1801 1258 1873 mysteria,
1291 1805 1346 1855 et
1375 1801 1445 1854 de
1465 1799 1775 1872 gentilium
1811 1797 2022 1853 fabulis

371 1894 585 1965 dogma
615 1895 967 1958 contextum,
1003 1889 1350 1945 Christianis
1384 1890 1632 1945 auribzes
1665 1887 2018 1961 publicatur.

370 1983 487 2037 Hoc
517 1982 672 2052 quod
701 1997 802 2035 vos
836 1979 1130 2034 miramini
1192 1979 1298 2049 [AL
1355 1979 1701 2048 imitamur],
1762 1977 1899 2033 olim
1960 1977 2019 2032 in

371 2071 605 2126 Platone
637 2069 1116 2140 contempsimus.
1150 2067 1620 2139 Contempsimus
1653 2068 2024 2138 autcm,quia

371 2158 587 2214 Christi
619 2157 928 2213 stultitiam
963 2155 1289 2226 recepimus
1347 2157 1453 2226 [AL
1515 2156 1874 2227 recipimus].
1913 2155 2017 2210 lte-

372 2248 637 2320 cepimus
666 2245 882 2301 Christi
924 2243 1401 2315 stultitiam,quia
1425 2245 1652 2298 fatuum
1671 2243 1770 2299 Dei
1790 2244 2020 2315 sapien-

370 2338 488 2393 tius
510 2333 1230 2404 esthominibus(1(20r.1,
1255 2332 1501 2400 25).Non
1527 2332 1706 2404 pudet
1741 2331 2016 2386 Christia-

369 2413 477 2482 nos
507 2427 564 2480 et
594 2423 928 2480 sacerdotos
964 2422 1082 2490 Dei,
1113 2421 1283 2492 quasi
1315 2421 1384 2476 de
1416 2421 1590 2476 rebus
1611 2420 1852 2476 ludicris
1882 2436 2018 2493 aga-

371 2521 486 2581 tur,
517 2513 709 2569 verbis
739 2511 934 2566 dubiis
986 2511 1200 2566 haerere
1232 2515 1270 2579 ²,
1303 2514 1386 2565 ‘et
1443 2511 1751 2583 ambiguas
1807 2509 2019 2565 librare

372 2602 711 2666 sententias,
736 2599 949 2671 quibus
972 2599 1220 2670 loquens
1252 2600 1439 2671 magis
1461 2615 1634 2670 quam
1659 2599 1903 2655 audiens
1925 2599 2018 2654 de-

374 2694 424 2746 ci
434 2692 610 2762 pitur.

439 2780 529 2835 20.
562 2779 637 2833 De
663 2777 893 2848 quodam
924 2777 1229 2847 Origenista
1261 2775 1378 2832 hsce
1406 2774 1567 2830 dicta.
1602 2806 1670 2815 —-
1730 2775 1892 2831 Unus
1949 2793 2018 2831 ex

369 2868 546 2924 choro
575 2870 765 2922 vestro
797 2881 929 2921 cum
965 2882 996 2920 a
1029 2880 1118 2919 me
1148 2867 1460 2930 teneretur,
1497 2867 1560 2918 ut
1597 2863 1816 2919 diceret
1871 2864 2014 2935 quid

376 2957 619 3013 sentiret
643 2957 713 3012 de
746 2955 961 3021 anima,
998 2954 1280 3008 fuissetne
1337 2956 1470 3008 ante
1491 2968 1750 3019 carnem,
1796 2970 1868 3007 an
1901 2970 2015 3008 non

368 3049 611 3113 luisset;
647 3045 826 3101 fuisse
858 3043 1158 3115 respondit
1189 3042 1385 3109 simul,
1442 3048 1499 3097 et
1550 3058 1760 3114 corpus
1791 3046 1848 3096 et
1889 3041 2015 3096 ani-

1632 331 1696 398 S.
1743 324 2056 398 EUSEBlI
2102 329 2568 396 HIERONYMI.

379 488 559 544 eques
591 471 722 525 dein
747 468 893 536 tiro;
926 471 982 524 et
1012 484 1349 541 quanpuam
1410 469 1685 524 tribunus
1734 467 2031 539 quondam
2063 468 2116 533 Α
2149 466 2245 521 ﬁet
2276 465 2622 522 resurrectio
2653 469 2857 521 contra
2888 468 3159 520 naturam

3674 328 3794 392 388

3216 479 3229 530 ;
3291 476 3423 534 ergo
3465 460 3636 532 juxta
3661 475 3792 516 sen-

2140 555 2382 610 tentiam
2413 560 2665 610 vestram
2693 571 2904 626 corpus
2957 554 3111 625 quod
3144 555 3345 608 contra
3374 552 3660 605 naturam
3705 552 3794 606 est

2137 659 2451 715 resurgens
2480 644 2522 707 3,
2557 643 2814 698 animam
2854 659 2968 697 non
2997 640 3254 697 habebit.

2204 733 2295 786 21.
2330 732 2694 787 Manichazum
2742 733 3031 787 nominare
3057 731 3292 802 pollutio
3351 733 3446 784 est.
3508 760 3574 767 —
3634 727 3792 783 Dicis

2137 820 2397 876 animam
2431 837 2547 876 non
2581 837 2708 876 esse
2739 821 2810 876 de
2843 820 2936 876 Dei
2970 818 3320 876 substantia.
3347 816 3792 874 Pulchre.Dam-

2138 925 2244 964 nas
2276 911 2433 964 enim
2467 909 2889 981 impiissimum
2914 908 3500 978 Manichaeum,quem
3525 905 3788 962 nomina-

2135 1014 2197 1052 re
2227 998 2469 1070 pollulio
2503 1004 2610 1054 est.
2645 998 2802 1054 Dicis
2831 1016 2899 1054 ex
2951 997 3173 1070 angelis
3227 997 3459 1052 animas
3490 1012 3606 1050 non
3640 993 3784 1051 fieri.

2135 1087 2464 1157 Acquiesco
2495 1085 2814 1159 paulisper,
2839 1085 2971 1141 licet
3000 1086 3258 1141 noverim
3282 1101 3398 1156 quo
3421 1099 3596 1139 sensu
3625 1082 3784 1139 dixe-

2135 1173 2235 1229 ris.
2262 1175 2408 1240 Quia
2437 1191 2572 1247 ergo
2605 1174 2924 1230 didicimus
2947 1175 3088 1246 quid
3112 1189 3310 1246 neges,
3343 1171 3616 1228 volumus
3637 1171 3787 1228 scire

2135 1264 2276 1334 quid
2309 1265 2534 1320 credas.
2569 1287 2597 1313 ‹‹
2631 1266 2901 1336 Accepto,
2937 1263 3154 1334 inquis,
3181 1263 3251 1317 de
3281 1266 3434 1317 terra
3465 1259 3786 1332 limo,plas-

2136 1351 2318 1407 mavit
2348 1352 2500 1407 Deus
2534 1351 2856 1418 hominem,
2891 1357 2947 1406 et
2976 1367 3080 1423 per
3135 1349 3382 1423 gratiam
3415 1349 3646 1421 proprie
3698 1349 3786 1404 in-

2135 1440 2491 1496 sufflationis
2513 1441 2774 1496 animam
2806 1441 3045 1496 donavit
3065 1438 3467 1495 rationabilem
3494 1456 3506 1506 ;
3541 1443 3597 1494 et
3622 1436 3788 1493 liberi

2133 1530 2504 1596 arbitrii,non
2522 1534 2746 1603 partem
2764 1529 3023 1600 aliquam
3043 1545 3163 1585 suae
3187 1533 3404 1584 natura:
3422 1529 3606 1599 (juxta
3618 1543 3789 1598 quos-

2133 1618 2398 1690 dam,qui
2425 1618 2533 1674 hoc
2562 1618 2742 1691 impie
2774 1603 3243 1691 pradicant),sed
3267 1617 3560 1689 propriam
3587 1615 3789 1671 condi-

2132 1708 2373 1763 tionem.
2407 1730 2434 1756 »
2468 1707 2667 1762 Videte
2699 1713 2917 1778 quanto
2948 1707 3280 1773 circumitu,
3313 1705 3464 1778 quod
3485 1721 3600 1760 non
3632 1721 3789 1777 quaa-

2134 1795 2341 1864 rimus,
2361 1795 2687 1868 eloquatur.
2714 1795 2946 1850 Scimus
2977 1795 3133 1866 quod
3157 1795 3227 1850 de
3259 1799 3416 1849 terra
3448 1795 3598 1850 Deus
3620 1791 3788 1865 plas-

2132 1883 2314 1939 mavit
2335 1883 2936 1953 hominem,novimus
2961 1884 3116 1955 quod
3143 1883 3466 1940 insufflavit
3486 1882 3544 1936 in
3570 1881 3779 1937 faciem

2129 1975 2279 2044 ejus,
2313 1978 2369 2029 et
2401 1974 2587 2028 factus
2618 1979 2706 2028 est
2741 1974 2798 2028 in
2823 1973 3081 2028 animam
3112 1972 3438 2028 viventem:
3475 1988 3587 2027 non
3615 1971 3786 2042 igno-

2131 2079 2332 2117 ramus
2367 2063 2521 2134 quod
2555 2062 2753 2117 anima
2784 2061 3025 2117 rationis
3057 2061 3153 2129 sit,
3188 2066 3244 2116 et
3273 2061 3491 2133 prOprii
3535 2059 3782 2130 arbitrii,

2131 2157 2187 2206 et
2218 2152 2438 2207 scimus
2470 2152 2622 2223 quod
2664 2151 2766 2206 Dei
2792 2151 2892 2206 illa
2923 2150 3177 2208 conditio
3208 2151 3284 2206 sit
3312 2152 3352 2205 ⁴.
3388 2150 3569 2205 Nemo
3613 2148 3785 2205 dubi-

2129 2244 2213 2295 tat
2243 2256 2436 2295 errare
2469 2238 2879 2305 Manichazum,
2913 2239 3013 2310 qui
3044 2237 3186 2293 dicit
3215 2255 3343 2294 eam
3367 2254 3496 2294 esse
3517 2237 3617 2293 Dei
3649 2237 3785 2294 sub-

2128 2329 2399 2384 tantiam.
2431 2331 2550 2384 Hoc
2611 2345 2766 2382 nunc
2826 2328 3120 2400 interrogo
3172 2344 3185 2382 :
3243 2326 3453 2382 Anima
3513 2327 3622 2381 ista
3677 2325 3786 2382 Dei

2129 2417 2403 2484 conditio,
2436 2416 2604 2473 liberi
2637 2416 2886 2484 arbitrii,
2941 2415 3263 2484 rationalis,
3297 2433 3487 2488 neque
3542 2416 3612 2470 de
3641 2415 3783 2470 sub-

2127 2507 2312 2562 tentia
2340 2506 2650 2574 Creatoris,
2684 2506 2918 2578 quando
2951 2506 3102 2562 facta
3134 2505 3210 2560 sit
3242 2523 3254 2560 :
3289 2510 3489 2560 utrum
3535 2521 3601 2560 eo
3630 2509 3784 2561 tem-

2128 2612 2266 2667 pore
2297 2611 2413 2666 quo
2443 2596 2514 2651 de
2543 2595 2683 2650 limo
2715 2596 2903 2651 factus
2933 2599 3021 2650 est
3050 2595 3246 2662 homo,
3292 2598 3349 2649 et
3405 2593 3780 2650 insufflatum

2127 2689 2216 2740 est
2245 2683 2605 2756 spiraculum
2637 2685 2766 2738 vitae
2800 2684 2857 2738 in
2889 2683 3095 2739 faciem
3125 2685 3253 2755 ejus
3287 2701 3300 2739 :
3335 2700 3409 2738 an
3451 2700 3580 2755 qua:
3610 2683 3775 2755 prius

2126 2775 2314 2828 fuerat
2343 2774 2449 2845 [AL
2485 2777 2656 2828 antea
2689 2772 2842 2828 facta
2870 2772 3100 2845 fuerat],
3160 2777 3216 2827 et
3255 2771 3406 2828 inter
3456 2771 3776 2827 rationabi-

2124 2861 2210 2918 les
2239 2866 2535 2916 crcaturas
2592 2865 2649 2916 et
2702 2862 3072 2932 incorporeas
3131 2864 3256 2916 erat
3311 2864 3488 2931 atque
3527 2859 3777 2927 vivebat,

2125 2951 2224 3006 Dei
2246 2955 2448 3022 postea
2479 2949 2874 3006 insufflatione
2904 2951 3121 3006 donata
3168 2948 3290 3004 sit?
3319 2948 3423 3004 Hic
3453 2952 3630 3018 taces,
3685 2946 3780 3002 hic

2124 3037 2450 3110 simplicem
2485 3055 2551 3093 ac
2603 3038 2891 3093 rusticum
2926 3043 2979 3094 te
3023 3036 3309 3105 simulas;
3343 3040 3400 3092 et
3431 3037 3542 3092 sub
3582 3034 3777 3092 verbis

368 3151 546 3189 mam.
605 3134 865 3188 Sciebam
921 3132 1217 3187 hominem
1275 3131 1612 3186 baereticum
1666 3129 1906 3202 laqueos
1954 3130 2013 3185 in
2121 3127 2450 3199 Scripturae,
2482 3143 2552 3182 ea
2579 3144 2705 3198 qua:
2733 3127 3029 3198 Scriptura
3059 3143 3175 3182 non
3207 3124 3402 3190 sentit,
3435 3124 3775 3181 abscondis.

369 3239 637 3277 sermone
667 3237 945 3292 quaerere.
991 3220 1248 3275 Tandem
1309 3220 1493 3289 reperi
1553 3235 1710 3286 eum,
1772 3236 1839 3274 ex
1898 3235 2012 3290 quo
2046 3210 2088 3276 C
2131 3218 2190 3271 In
2224 3233 2289 3271 eo
2322 3215 2446 3270 loco
2506 3216 2606 3270 ubi
2662 3215 2833 3283 dicis,
2885 3216 3041 3286 quod
3101 3213 3304 3270 nullus
3363 3213 3593 3286 quaerit,
3656 3229 3773 3270 non

365 3328 578 3382 corpus
608 3309 951 3378 animasset,
997 3325 1064 3363 ex
1117 3313 1258 3362 tunc
1317 3325 1445 3362 eam
1504 3308 1697 3363 dicere
1755 3307 2012 3362 animam

366 3403 788 3471 nuncupatam,
821 3415 947 3469 quae
981 3397 1143 3469 prius
1201 3396 1286 3452 vel
1350 3397 1597 3463 daemon,
1629 3396 1717 3452 vel
1769 3395 2013 3469 angelus

2124 3304 2286 3360 illam
2317 3308 2540 3376 partem
2573 3304 2835 3375 aliquam
2866 3321 2994 3360 esse
3025 3321 3141 3359 sure
3178 3304 3280 3371 [AL
3341 3303 3567 3369 divinze}
3599 3306 3772 3358 natu-

2123 3411 2198 3448 ras
2225 3394 2406 3464 (juxta
2435 3394 2723 3464 quosdam
2755 3392 2856 3464 qui
2887 3393 2996 3448 hoc
3021 3393 3199 3464 impie
3236 3392 3588 3465 praedicant),
3625 3390 3775 3446 illud

366 3490 616 3559 Satanae,
641 3486 727 3542 vel
761 3485 1004 3558 spiritus
1030 3484 1449 3550 fornicationis,
1504 3486 1545 3552 ²,
1584 3489 1685 3539 aut
1739 3484 1798 3540 in
1852 3492 2015 3557 parte
2119 3484 2308 3556 magis
2340 3483 2626 3538 debueras
2683 3483 2902 3548 dicere,
2958 3483 3114 3554 quod
3174 3498 3378 3538 omnes
3436 3480 3779 3552 quarimus,

366 3576 678 3646 contraria,
705 3575 1048 3641 dominatio,
1077 3579 1354 3646 potestas,
1376 3574 1818 3629 administrator
1849 3574 2016 3646 spiri-

362 3671 480 3734 tus,
513 3670 617 3722 aut
645 3662 887 3719 nuntius
921 3661 1209 3735 appellata
1239 3662 1336 3717 sit.
1371 3663 1429 3717 Si
1464 3662 1573 3716 fuit
1622 3663 1819 3718 anima
1850 3666 2016 3717 ante-

364 3772 540 3827 quam
572 3755 755 3810 Adam
787 3753 844 3807 in
877 3752 1149 3824 paradiso
1204 3752 1574 3819 formaretur,
1637 3751 1693 3804 in
1756 3751 2016 3823 quolibet

364 3849 523 3901 statu
554 3849 610 3899 et
637 3843 858 3912 ordine,
884 3830 944 3897 et
972 3841 1133 3911 vixit,
1161 3845 1218 3896 et
1273 3840 1392 3912 egit
1447 3840 1550 3912 (At.
1616 3842 1760 3911 erat]
1792 3839 2012 3911 aliquid

365 3939 575 4005 (neque
604 3931 760 3988 enim
792 3947 1104 4002 possumus
1148 3929 1568 4001 incorporalem
1629 3935 1682 3984 et
1741 3933 2013 3985 zeternam

364 4023 422 4077 in
457 4022 698 4077 modum
730 4019 966 4092 glirium
1002 4019 1362 4074 immobilem
1403 4024 1850 4091 torpentemque
1891 4035 2017 4074 sen-

369 4111 523 4182 tire),
557 4125 794 4165 necesse
823 4111 907 4163 est
941 4112 1006 4162 ut
1035 4106 1236 4179 aliqua
1268 4125 1449 4163 causa
1478 4107 1859 4180 praecesserit,
1913 4123 2016 4161 cur

366 4217 494 4272 quae
524 4198 688 4271 prius
721 4196 845 4253 sine
903 4212 1144 4268 corpore
1203 4196 1335 4263 fuit,
1397 4201 1598 4268 postea
1655 4194 2016 4250 circumdata

363 4291 443 4345 sit
471 4304 726 4360 corpore.
763 4287 832 4342 Et
861 4286 911 4341 si
944 4287 1098 4343 426
1153 4285 1361 4342 animm
1420 4289 1508 4340 est
1567 4283 1833 4340 naturale
1889 4299 2017 4339 esse

363 4379 489 4434 sine
520 4392 779 4449 corpore,
813 4392 948 4447 ergo
981 4378 1181 4431 contra
1215 4380 1486 4430 naturam
1515 4379 1599 4428 est
1635 4389 1762 4428 esse
1796 4373 1852 4427 in
1889 4389 2016 4427 cor-

365 4483 522 4538 pore.
555 4466 612 4519 Si
647 4469 852 4520 contra
885 4469 1155 4519 naturam
1186 4469 1275 4518 est
1303 4479 1430 4518 esse
1461 4462 1518 4516 in
1571 4477 1834 4534 corpore,
1880 4477 2016 4534 ergo

2123 3589 2237 3627 non
2269 3587 2421 3640 eam,
2457 3588 2584 3643 quze
2619 3572 2782 3643 prius
2813 3573 3022 3640 fuerat,
3081 3587 3194 3626 non
3228 3587 3358 3626 eam
3418 3585 3597 3641 quam
3642 3573 3777 3625 ante

2123 3661 2486 3729 condiderat,
2521 3677 2647 3733 quae
2679 3661 2830 3716 inter
2859 3659 3237 3716 rationabiles
3297 3663 3472 3730 atque
3513 3658 3780 3730 incorpo~

2123 3767 2253 3806 reas
2284 3754 2340 3805 et
2369 3748 2694 3806 invisibiles
2745 3754 3044 3805 creaturas
3101 3747 3285 3804 multo
3338 3749 3467 3819 jam
3518 3752 3782 3820 tempore

2125 3839 2484 3895 versabatur.
2518 3837 2675 3893 Nihil
2707 3839 2915 3893 horum
2948 3837 3227 3910 lequeris,
3291 3838 3440 3894 421
3505 3835 3781 3909 producis

2123 3927 2291 3984 nobis
2312 3928 2717 3996 Manichaeum,
2749 3932 2806 3983 et
2833 3927 3147 3983 abscondis
3178 3927 3508 4000 Origenem,
3534 3930 3592 3982 et
3623 3925 3782 3982 sicut

2125 4016 2382 4089 parvulis
2413 4017 2612 4073 cibum
2645 4017 3041 4089 poscentibus,
3073 4016 3301 4072 ludicra
3331 4017 3602 4088 quasdam
3635 4015 3776 4071 affe-

2123 4111 2259 4162 runt
2288 4105 2526 4179 gerulae,
2560 4109 2624 4161 ut
2655 4110 2895 4161 avocent
2927 4109 3150 4161 mentes
3181 4121 3410 4172 eorum,
3443 4104 3524 4160 sic
3556 4108 3619 4159 tu
3671 4119 3781 4159 nos

2124 4195 2374 4250 rusticos
2431 4210 2638 4250 avocas
2669 4194 2739 4249 ad
2772 4194 2904 4261 alia,
2938 4199 3003 4250 ut
3035 4210 3177 4249 num
3210 4193 3451 4249 alterius
3514 4207 3780 4265 personas

2125 4283 2376 4338 novitate
2406 4287 2695 4354 tenemur,
2728 4283 2883 4354 quod
2915 4283 3186 4339 volumus
3217 4300 3331 4338 non
3364 4297 3699 4354 quaeramus
3737 4281 3782 4338 ⁵.

2194 4375 2282 4426 22.
2320 4374 2432 4427 Eva
2462 4371 2523 4426 in
2553 4376 2680 4443 typo
2729 4373 2996 4429 Ecclesiae.
3053 4372 3304 4440 Quotidie
3350 4373 3487 4428 Deus
3534 4371 3785 4443 fabrica-

2125 4466 2217 4516 tur
2271 4463 2488 4515 animas
2547 4461 2862 4517 rationales.
2917 4461 3114 4517 Libera
3189 4463 3451 4533 confessio
3507 4459 3653 4532 ﬁdei.
3711 4486 3787 4501 —

363 4553 711 4608 resurrectio
744 4553 1003 4624 corporis
1033 4556 1237 4608 contra
1293 4555 1565 4605 naturam
1595 4550 1723 4606 erit.
1757 4549 1866 4605 Sed
1899 4567 2014 4606 non
2048 4577 2094 4643 D
2127 4554 2281 4617 Esto,
2315 4550 2425 4605 hoc
2457 4567 2572 4605 non
2606 4549 2889 4622 loquaris,
2922 4555 2978 4606 et
3008 4549 3358 4623 simplicitas
3387 4552 3492 4605 tua
3548 4546 3692 4603 nihil
3725 4546 3788 4603 in

364 4677 470 4733 Off.
503 4677 829 4748 Agentibus
873 4677 934 4730 in
965 4676 1269 4748 rebusita
1305 4675 1660 4748 respondet:
1695 4673 2015 4747 Privilegiis

364 4746 590 4804 dudum
617 4747 824 4803 scholae
849 4753 1046 4802 vestrze
1063 4746 1308 4801 indultis
1345 4752 1400 4801 et
1422 4746 1664 4816 integris
1685 4746 2012 4816 reservatis,

365 4821 434 4875 ad
508 4819 1008 4886 DUCENARIAM,
1079 4818 1619 4886 CENTENARIAM,
1701 4822 1758 4873 et
1827 4818 2016 4872 BIAR-

364 4892 604 4958 CHIAM,
641 4909 811 4948 nemo
845 4890 1144 4963 suffragio,
1199 4891 1299 4945 sed
1337 4889 1556 4963 labore
1594 4890 2017 4963 unusquisque

365 4964 684 5036 perveniat,
717 4968 826 5019 etc.
860 4959 1057 5036 Erant'
1082 4962 1277 5036 itaque
1334 4959 1392 5036 in
1433 4960 1646 5036 schola
1690 4959 2015 5036 agentium

365 5031 437 5113 in
485 5036 659 5091 rebus
711 5034 1002 5113 equestris
1063 5031 1198 5113 sive
1271 5031 1540 5113 palatinis
1625 5031 2014 5113 militiis,“vel

367 5106 612 5162 aliorum
641 5102 970 5161 cohortium
1048 5104 1148 5176 qui
1204 5102 1485 5176 principis
1570 5120 1662 5158 res
1747 5102 2015 5175 publicas

365 5176 453 5232 vel
486 5179 739 5248 privatas
766 5175 1114 5242 tractabant,
1149 5175 1286 5248 certi
1317 5175 1538 5246 gradus
1569 5191 1670 5246 per
1700 5191 1847 5245 quos
1877 5191 2017 5248 pau-

367 5246 531 5303 latim
566 5247 677 5308 fuit
706 5248 1162 5312 ascendendum,
1197 5246 1384 5318 primo
1415 5248 1638 5318 equites,
1689 5263 1822 5300 mox
1851 5247 2016 5301 circi-

368 5332 507 5375 tores
582 5319 716 5373 dein
768 5319 1004 5384 biarchi,
1065 5317 1465 5373 etcﬁNomen’
1517 5317 1871 5372 Ccntenarius
1926 5317 2017 5372 bic

368 5362 528 5445 apud
585 5390 999 5445 Hieronvmum
1058 5389 1276 5445 deerat.
1335 5394 1392 5444 et
1447 5389 1755 5445 sunnletur
1813 5406 1844 5444 ο
1901 5405 2014 5444 ms.

368 5389 523 5463 apud
585 5390 999 5471 Hieronymum
1058 5389 1276 5469 deerat,
1335 5394 1392 5470 et
1447 5389 1755 5514 suppletur
1813 5406 1871 5470 ο.
1901 5405 2014 5471 ms.

368 5463 428 5540 S.
462 5461 682 5540 Crucus.
714 5461 823 5516 Pro
852 5463 1074 5540 (:erle
1104 5459 1201 5540 alii
1233 5459 1384 5540 docti
1416 5476 1519 5540 viri
1550 5465 1765 5540 degant
1799 5476 2018 5540 cinni-

365 5535 525 5602 citor,
558 5533 729 5601 cujus
759 5548 865 5587 nec
898 5530 1152 5604 nominis
1184 5546 1288 5604 nec
1317 5530 1872 5604 dignitatis'mentio
1896 5531 2019 5587 ulla

367 5607 524 5678 quod
556 5605 738 5678 sciam
769 5602 1052 5661 occurrrit
1101 5602 1258 5674 apud
1310 5602 1594 5659 auctores.
1649 5604 1889 5659 Circitor
1920 5621 2019 5678 au-

366 5675 484 5760 ge!!!
547 5677 726 5737 Graec.
785 5682 1102 5757 παριοδευτὴς
1129 5677 1189 5734 et
1214 5681 1534 5750 κυλσυθήτης,
1593 5681 1717 5733 erat
1775 5679 1877 5751 qui
1933 5675 2019 5734 Vi-

2123 4674 2296 4747 gilias
2336 4674 3198 4747 circumibat,renuntiabatque
3229 4674 3278 4730 si
3302 4691 3417 4746 qua
3439 4672 3613 4747 culpa
3632 4675 3790 4747 esset

2125 4743 2403 4802 admissa.
2433 4746 2630 4817 Veget.
2666 4745 2767 4800 lib.
2799 4764 2884 4811 m,
2917 4763 2966 4801 c.
2992 4749 3024 4801 8
3067 4743 3167 4801 ;“‹‹
3223 4743 3413 4813 Nunc,
3447 4743 3644 4815 inquit
3673 4743 3788 4798 mi-

2125 4817 2482 4889 litizetactus
2511 4823 2600 4872 est
2629 4818 2847 4889 gradus
2880 4836 2892 4872 :
2927 4823 2984 4874 et
3042 4818 3341 4873 circitores
3386 4819 3690 4873 vocantur.
3757 4836 3780 4864 ι

2123 4889 2235 4944 Alii
2266 4887 2469 4960 legunt
2495 4887 2806 4944 circulores.

2197 4962 2212 4994 ¹
2245 4957 2384 5016 Cod.
2415 4960 2474 5014 S.
2509 4961 2730 5026 Crucis,
2752 4960 2939 5015 verbio
2959 4959 3126 5015 dubia
3150 4975 3393 5032 quwrere
3421 4977 3439 5012 :
3469 4958 3687 5014 leviora
3707 4957 3786 5013 ad

2125 5031 2452 5103 marginem
2483 5032 2858 5086 adnotantur.
3166 5031 3173 5032 ί
3279 5101 3286 5103 Α
3379 5035 3392 5044 ’

2194 5106 2218 5176 ’ἦ
2247 5100 2309 5158 [η
2344 5119 2488 5176 mss.
2525 5104 2701 5157 etiam
2733 5120 2767 5176 a
2803 5103 2858 5157 P.
2891 5104 3222 5158 Martianaeo
3275 5101 3556 5176 inspectis
3607 5100 3776 5176 forti-

2126 5175 2334 5246 tudinis
2363 5173 2574 5246 legitur
2604 5191 2707 5245 pro
2734 5175 3140 5244 fornicationis.

2196 5248 2216 5280 ³
2250 5243 2755 5316 Ιιὶυάξνεδανῇθηδ,
2789 5245 2847 5300 in
2881 5263 3025 5301 mss.
3052 5244 3327 5302 S.Crucis
3358 5261 3474 5300 non
3505 5243 3786 5299 habetur.

2196 5319 2217 5351 ‘
2277 5318 2436 5372 ldem
2491 5333 2602 5372 ms.
2656 5318 2834 5387 factus
2878 5319 2950 5373 sit
3007 5317 3163 5373 homo
3217 5319 3276 5372 in
3329 5318 3601 5382 animam,
3660 5317 3774 5370 etc.

2128 5389 2332 5513 Turpi.
2362 5388 2576 5512 Scipzus
2634 5388 2775 5460 quod
2830 5391 2972 5444 Deus
3000 5390 3162 5444 illam
3212 5389 3505 5458 creaverit,
3561 5388 3788 5459 ejusque

2128 5475 2240 5513 com
2265 5476 2281 5513 ι
2312 5475 2363 5513 zo
2394 5476 2439 5513 82
2483 5500 2498 5513 .

2123 5475 2363 5515 conamo
2394 5476 2439 5514 82
2455 5475 2498 5513 ι.

2197 5532 2217 5565 ⁵
2249 5530 2423 5585 Ms.S.
2457 5530 2658 5587 Crucis
2691 5539 2978 5588 terremur.
3006 5531 3182 5588 Paulo
3205 5532 3356 5588 infra
3383 5534 3552 5587 vetus
3577 5527 3781 5596 editio,

2126 5604 2190 5658 Et
2244 5617 2405 5658 causa
2455 5604 2516 5657 in
2563 5601 2738 5658 medio
2789 5606 3182 5675 praztermissa,
3242 5619 3350 5661 non
3399 5602 3560 5660 solvis
3615 5600 3786 5661 dubia

2126 5677 2333 5746 "astra,
2358 5690 2456 5733 seu
2485 5677 2547 5734 in
2575 5675 2709 5745 luto,
2743 5679 2852 5734 etc.
