4094 6166
287 311 403 382 389

1410 313 1723 383 CONTRA
1763 312 2131 382 JOANNEM
2174 314 2590 385 HIEROSOL.

3586 323 3715 391 Μ
3736 350 3739 355 ,

286 469 347 510 se
377 452 597 509 habeat
628 452 784 525 quod
817 450 1028 507 callide
1058 456 1270 508 taceas.
1314 453 1421 519 Qui
1462 469 1598 526 ergo
1648 455 1719 508 de
1750 453 1949 508 anima
1976 453 2029 519 Α
2061 453 2268 508 animae
2323 455 2576 511 Creator.
2631 453 2757 510 Noli
2811 452 3110 526 despicere
3172 454 3491 513 bonitatem
3540 458 3705 531 ﬁguli

283 540 467 598 semel
497 540 692 597 dicere
723 556 1002 613 occperas,
1046 544 1102 595 et
1148 542 1220 596 de
1266 558 1328 596 re
1373 546 1539 598 tanta
1591 542 1662 597 ab
1711 543 1945 597 exordio

284 631 647 687 conditionis
694 630 966 686 humanae
1018 634 1311 701 repetere:
1374 647 1499 699 cur,
1550 630 1947 703 disputatione

284 720 607 793 pendente,
634 720 704 775 ad
737 717 978 792 angelos
1008 723 1065 775 et
1095 719 1167 774 ad
1215 719 1715 791 dispensationem
1750 718 1946 775 Domi-

288 809 415 864 nici
450 808 703 881 corporis
733 812 973 880 repente
1002 808 1410 863 transcendis:
1465 813 1521 863 et
1567 812 1689 863 tam
1740 807 1947 880 grandi

296 898 362 952 in
398 898 594 953 medio
620 896 1008 968 praetermissa
1035 895 1286 962 salebra,
1319 896 1530 952 dubios
1579 914 1687 952 nos
1738 897 1797 951 in
1826 896 1948 951 luto

302 987 527 1043 harem
554 984 813 1058 pateris?
840 984 899 1039 Si
944 984 1265 1040 insufﬂatio
1307 986 1407 1041 Dei
1457 987 1635 1057 (quod
1690 1002 1805 1041 non
1835 985 1946 1052 vis,

305 1080 361 1130 et
379 1075 532 1145 quod
557 1091 710 1129 nunc
730 1073 1018 1145 relinquis
1040 1074 1409 1147 ambiguum)
1443 1073 1714 1129 humana:
1739 1074 1948 1129 animae

294 1163 556 1219 conditio
586 1169 712 1219 est:
747 1163 882 1230 Eva,
913 1162 973 1217 in
1006 1163 1174 1233 cujus
1204 1162 1410 1217 faciem
1462 1180 1577 1219 non
1630 1162 1953 1219 insufflavit

290 1253 472 1317 Deus,
509 1252 669 1307 unde
700 1253 960 1307 animam
992 1252 1247 1307 habuit?
1281 1252 1465 1307 Taceo
1514 1252 1585 1306 de
1635 1253 1768 1319 Eva,
1822 1268 1951 1323 quze

289 1342 349 1396 in
383 1346 524 1413 typo
561 1340 832 1396 Ecclesiae
865 1342 935 1396 de
964 1346 1126 1397 costa
1156 1340 1259 1395 viri
1294 1342 1600 1405 azdificata,
1634 1357 1749 1395 non
1782 1341 1953 1396 debet

290 1436 426 1502 post
455 1434 628 1485 tanta
671 1430 887 1489 saecula
934 1434 1209 1502 nepotum
1260 1429 1588 1486 calumnias
1637 1430 1947 1486 sustinere.

292 1519 435 1574 Cain
466 1522 526 1573 et
555 1518 722 1586 Abel,
774 1518 980 1590 primis
1030 1535 1097 1574 ex
1145 1518 1352 1590 primis
1403 1519 1763 1587 hominibus,
1799 1519 1956 1575 unde

294 1607 559 1662 habuere
589 1606 822 1662 animas
842 1606 870 1661 ‘I
889 1606 1070 1662 Omne
1091 1607 1367 1680 deinceps
1389 1607 1717 1663 humanum
1743 1624 1950 1681 genus,

297 1696 516 1769 quibus
567 1694 903 1751 animarum
954 1699 1225 1751 censetur
1281 1695 1583 1752 exordiis?
1632 1696 1839 1751 Utrum
1887 1713 1954 1752 ex

2057 543 2163 608 tui,
2199 544 2386 614 quite
2415 543 2748 616 plasmavit,
2800 548 2858 600 et
2907 543 3041 599 fecit
3093 547 3158 599 ut
3203 544 3406 601 voluit.
3459 546 3587 618 Ipse
3618 552 3704 603 est

2057 630 2158 685 Dei
2216 631 2400 688 virtus
2452 637 2509 689 et
2564 633 2666 688 Dei
2729 632 3020 705 sapientia
3084 633 3185 705 qui
3251 634 3355 702 [AL
3436 638 3587 708 quae]
3645 637 3704 692 in
3792 684 3799 696 .

2058 724 2223 775 utero
2254 720 2513 793 Virginis
2545 722 2851 778 aedificavit
2882 722 2991 777 sibi
3024 722 3291 777 domum.
3315 722 3527 795 Jephte
3555 725 3710 781 inter

2056 809 2211 864 viros
2228 815 2463 866 sanctos
2483 810 2734 881 Apostoli
2750 827 2884 866 voce
2906 815 3252 867 numeratus
3270 811 3465 881 (Hebr.
3489 829 3569 880 x1,
3591 815 3705 885 32),

2060 897 2378 953 meretricis
2409 902 2495 953 est
2528 898 2827 954 ﬁlius.Sed
2863 899 3144 965 audi“,ex
3168 899 3424 955 Rebecca
3438 904 3496 956 et
3525 901 3705 968 Isaac,

2057 987 2207 1041 Esau
2239 988 2493 1059 genitus,
2526 986 2816 1059 hispidus,
2852 992 2970 1043 tam
3004 992 3197 1043 mente
3228 1005 3406 1060 quam
3439 1005 3700 1061 corpore,

2059 1077 2227 1146 quasi
2260 1076 2476 1131 bonum
2504 1076 2763 1131 triticum
2812 1077 2869 1130 in
2921 1076 3125 1131 lolium
3178 1093 3508 1150 avenasque
3537 1079 3712 1152 dege-

2059 1169 2260 1220 nerat:
2296 1164 2434 1236 quia
2484 1182 2598 1220 non
2649 1165 2707 1220 in
2756 1164 3110 1233 seminibus,
3162 1166 3260 1221 sed
3312 1167 3370 1221 in
3417 1166 3713 1223 voluntate

2062 1253 2375 1318 nascentis,
2409 1271 2586 1309 causa
2626 1260 2715 1309 est
2765 1254 3034 1309 vitiorum
3087 1259 3262 1325 atque
3308 1255 3617 1312 virtutum.
3652 1256 3713 1311 Si

2061 1342 2281 1397 oil‘ensa
2320 1347 2409 1398 est
2459 1343 2617 1399 nasci
2671 1343 3013 1415 corporibus
3062 1343 3368 1411 humanis,
3418 1346 3712 1415 quomodo

2064 1432 2223 1487 Isaac
2269 1432 2421 1503 (Gen.
2474 1433 2655 1503 xvm),
2707 1433 2954 1488 Samson
3006 1431 3208 1499 (Judic.
3260 1432 3409 1502 xm),
3456 1432 3713 1489 Joannes

2064 1520 2327 1591 Baptista
2356 1522 2508 1589 (Luc.
2546 1522 2609 1591 ι),
2644 1521 2713 1575 de
2737 1521 3192 1592 repromissione
3223 1525 3550 1577 nascuntur
3569 1522 3597 1576 ?
3622 1524 3714 1577 In-

2062 1608 2278 1680 telligis
2309 1608 2449 1681 quid
2482 1609 2558 1663 sit
2590 1609 2761 1664 fidem
2794 1626 2960 1665 suam
2994 1610 3271 1665 audacter
3291 1626 3359 1665 ac
3383 1609 3564 1666 libere
3586 1627 3719 1682 pro-

2065 1697 2265 1751 (lteri?
2300 1698 2449 1753 Pone
2482 1713 2673 1753 errare
2704 1714 2818 1763 me,
2871 1703 3072 1769 aperte
3122 1698 3251 1754 dico
3300 1699 3455 1770 quod
3503 1700 3713 1755 sentio.

295 1786 560 1852 traduce,
586 1786 762 1856 juxta
789 1785 961 1840 bruta
1009 1783 1324 1841 animalia:
1377 1790 1443 1841 ut
1496 1786 1787 1857 quomodo
1825 1803 1952 1842 cor-
1984 1819 2030 1883 B
2067 1786 2133 1841 Et
2163 1791 2223 1840 tu
2257 1785 2437 1859 igitur
2481 1792 2582 1841 aut
2632 1786 2809 1841 libere
2858 1791 3058 1843 nostra
3108 1788 3401 1859 proﬁtere,
3450 1791 3552 1843 aut
3579 1804 3716 1844 con-

297 1891 408 1946 pus
429 1891 499 1929 ex
521 1889 785 1946 corpore,
810 1874 895 1929 sic
918 1874 1175 1929 animam
1200 1879 1508 1946 generetur
1529 1890 1597 1929 ex
1618 1874 1858 1930 anima?
1880 1892 1952 1930 an

298 1961 683 2018 rationabiles
710 1965 1005 2017 crazaturaz
1045 1962 1332 2018 desiderio
1380 1979 1694 2034 corporum
1748 1964 1953 2036 paula-

301 2052 418 2105 tim
445 2052 516 2105 ad
546 2056 752 2106 terram
802 2050 1110 2123 delapsaz‘,
1165 2051 1483 2107 novissime
1531 2052 1711 2108 etiam
1744 2053 1952 2109 huma-

312 2139 413 2193 nis
444 2137 674 2210 illigatae
699 2139 1041 2211 corporibus
1074 2138 1191 2194 sint
1224 2142 1247 2193 Ρ
1277 2144 1361 2193 An
1394 2143 1548 2194 certe
1578 2140 1753 2212 (quod
1774 2140 1954 2196 eccle-

311 2227 622 2283 siasticum
652 2233 734 2284 est
774 2228 1101 2284 secundum
1150 2227 1384 2299 eloquia
1428 2228 1762 2301 Salvatoris)
1794 2231 1958 2285 Pater

302 2333 462 2371 mea:
490 2332 657 2386 usque
679 2318 843 2372 modo
868 2318 1185 2389 operatur”,
1218 2326 1269 2372 et
1307 2333 1400 2387 ego
1445 2333 1638 2387 operor
1688 2319 1868 2389 (Joan.
1900 2336 1952 2387 ν,

302 2407 391 2474 17)
418 2431 434 2471 ;
466 2410 525 2461 et
551 2404 693 2460 illud
728 2406 962 2461 lsaize’:
999 2406 1103 2474 Qui
1139 2409 1343 2477 format
1396 2408 1660 2478 spiritum
1708 2407 1955 2462 hominis

300 2498 357 2549 in
392 2496 511 2566 ipso
544 2511 559 2549 :
591 2499 649 2550 et
678 2495 739 2549 in
766 2495 1046 2567 psalmis:
1082 2496 1189 2563 Qui
1217 2495 1379 2563 ﬁngit
1402 2511 1497 2560 per
1526 2496 1775 2564 singulos
1796 2496 1958 2551 corda

300 2600 491 2640 eorum
524 2584 696 2654 (Paul.
748 2601 922 2647 xxxn,
974 2584 1084 2655 45),
1132 2583 1391 2656 quotidie
1440 2584 1594 2640 Deus
1642 2584 1961 2640 fabricatur

304 2674 582 2727 animas:
616 2672 789 2742 cujus
830 2671 977 2727 velle
1024 2672 1229 2727 fecisse
1274 2677 1383 2739 est,
1432 2677 1489 2727 et
1535 2673 1803 2728 conditor
1832 2689 1961 2730 esse

305 2778 424 2817 non
454 2760 699 2817 cessat?
728 2760 859 2816 Scio
893 2777 1020 2832 qua:
1050 2766 1252 2816 contra
1290 2760 1412 2815 haec
1461 2761 1698 2817 soleatis
1747 2761 1958 2831 dicere,

304 2855 363 2905 et
391 2849 688 2905 adulteria
726 2849 897 2905 nobis
948 2855 1121 2921 atque
1169 2850 1391 2905 incesta
1441 2866 1799 2923 proponere;
1832 2868 1959 2924 qua:

311 2938 546 3011 longior
572 2954 774 3010 pugna
804 2942 914 3006 est,
946 2956 1050 2994 nec
1074 2938 1254 3010 hujus
1284 2939 1569 3011 temporis
1607 2940 1828 3012 patitur
1856 2958 1960 2996 an-

307 3029 559 3101 gustias.
596 3028 814 3083 Eadem
845 3028 1236 3084 controversia
1278 3032 1334 3082 et
1381 3028 1439 3082 in
1488 3045 1589 3084 vos
1639 3031 1959 3102 retorqueri

306 3123 534 3191 potest:
573 3122 633 3172 et
662 3117 1088 3189 quodecunque
1126 3118 1186 3172 in
1235 3116 1606 3173 Conditorem
1656 3120 1960 3189 praesentis

2064 1879 2288 1929 stanter
2312 1879 2415 1929 tua
2468 1874 2724 1946 loquere.
2757 1873 2884 1929 Noli
2916 1877 3207 1931 statuere6
3238 1880 3292 1931 te
3326 1876 3385 1931 in
3418 1876 3540 1932 acie
3564 1893 3717 1944 mea,

2065 1968 2128 2019 ut
2160 1963 2478 2019 rusticitate
2509 1964 2788 2020 simulata
2820 1965 2877 2019 in
2904 1969 3029 2020 tuto
3061 1965 3302 2033 habeas,
3349 1982 3484 2021 cum
3513 1965 3714 2022 volue-

2066 2053 2166 2117 ris,
2202 2053 2487 2125 pugnanti
2516 2058 2678 2125 terga
2707 2054 3032 2109 confodere.
3065 2053 3189 2109 Non
3245 2057 3335 2109 est
3364 2052 3537 2110 istius
3568 2060 3715 2110 tem-

2065 2142 2224 2214 poris
2254 2146 2456 2197 contra
2484 2141 2751 2213 Origenis
2784 2143 3062 2214 dogmata
3108 2142 3516 2199 conscribere:
3551 2141 3719 2199 alteri

2066 2232 2245 2299 istud,
2266 2233 2313 2287 si
2338 2231 2604 2287 Christus
2626 2230 2803 2286 vitam
2823 2231 3069 2295 dederit,
3100 2232 3260 2303 operi
3283 2232 3714 2299 dedicabimus,

2066 2320 2231 2375 Nunc
2272 2319 2572 2391 quaeritur,
2627 2336 2700 2374 an
2749 2318 2849 2390 qui
2900 2319 3190 2391 arguitur,
3241 2320 3312 2374 ad
3362 2319 3720 2392 interrogata

2069 2408 2455 2480 responderit,
2490 2413 2547 2463 et
2566 2406 2813 2478 simplex
2837 2407 2914 2461 sit
2934 2413 2992 2462 et
3012 2413 3213 2479 aperta
3237 2408 3367 2479 ejus
3389 2408 3714 2479 responsio.

2136 2498 2226 2551 23.
2262 2498 2396 2551 Cum
2427 2498 2624 2552 timore
2654 2498 2751 2551 Dei
2780 2496 3024 2568 loquitur
3051 2499 3101 2551 et
3134 2497 3249 2551 ruit
3296 2496 3503 2552 audiri.
3533 2502 3715 2555 Joan-

2066 2588 2155 2641 nis
2174 2588 2456 2657 confessio.
2494 2617 2560 2625 —
2582 2586 2980 2641 Transeamus
3002 2585 3137 2640 hinc
3160 2585 3231 2640 ad
3258 2585 3716 2643 famosissimum

2070 2676 2139 2730 de
2169 2676 2591 2730 resurrectione
2626 2674 2817 2730 carnis
2847 2678 2903 2730 et
2932 2673 3193 2747 corporis
3225 2675 3632 2746 quaestionem,
3659 2676 3718 2731 in
3764 2680 3777 2693 ‘

2069 2781 2186 2836 qua
2232 2770 2288 2820 te
2335 2780 2595 2828 rursum,
2645 2763 2843 2828 lector,
2896 2763 3267 2819 admonitum
3314 2762 3443 2820 volo
3487 2768 3553 2818 ut
3583 2780 3718 2819 cum

2069 2853 2277 2909 timore
2308 2853 2611 2925 etjudicio
2642 2852 2739 2907 Dei
2775 2869 2866 2909 me
2899 2852 3052 2908 scias
3082 2850 3268 2924 loqui,
3320 2857 3377 2908 et
3428 2857 3485 2909 te
3517 2854 3719 2909 audire

2070 2943 2300 2998 debere.
2334 2942 2529 3014 Neque
2562 2942 2717 2997 enim
2750 2946 2924 2997 tantae
2953 2940 3214 2996 stultitia:
3260 2957 3414 3010 sum,
3466 2945 3531 2996 ut
3578 2941 3625 2996 si
3656 2942 3715 2996 in

2071 3030 2429 3105 expositione
2458 3030 2619 3087 illius
2650 3032 2791 3086 fides
2824 3047 2986 3086 mera
3017 3033 3107 3086 est
3136 3048 3147 3085 :
3184 3035 3241 3085 et
3269 3030 3524 3102 perfidiis
3556 3030 3718 3085 nulla

2070 3120 2348 3193 suspicio,
2381 3136 2637 3192 quaeram
2668 3118 2982 3175 accusandi
3016 3119 3381 3175 occasionem
3411 3136 3424 3175 :
3477 3124 3533 3176 et
3560 3120 3714 3177 429

301 3207 591 3280 temporis
622 3206 856 3261 videtur
881 3205 1245 3279 indignum‘,
1278 3206 1385 3261 hoc
1416 3207 1589 3262 etiam
1618 3223 1683 3263 eo
1705 3208 1959 3265 donante
1989 3181 2032 3249 θ·
2070 3210 2210 3265 dum
2242 3207 2369 3264 volo
2390 3208 2571 3264 alium
2601 3212 2801 3264 notare
2828 3206 3032 3279 culpae,
3052 3207 3179 3279 ipse
3201 3211 3368 3263 noter
3388 3207 3716 3264 calumniae.

306 3313 424 3351 non
478 3299 572 3350 est
619 3294 953 3366 indignum.
1006 3295 1171 3351 Nesci
1217 3295 1287 3349 do
1327 3294 1634 3361 adulterio,
1687 3314 1801 3352 non
1832 3298 1961 3368 ejus

308 3387 491 3457 culpa
512 3390 601 3439 est
630 3385 729 3455 qui
762 3383 1043 3451 nascitur,
1078 3385 1176 3439 sed
1208 3383 1369 3439 illius
1398 3384 1551 3441 428
1584 3386 1957 3457 quigenerat.

305 3473 616 3537 Quomodo
646 3474 701 3527 in
740 3471 1069 3528 seminibus
1100 3489 1214 3528 non
1238 3478 1440 3545 peccat
1459 3478 1612 3529 terra
1635 3492 1764 3547 quae
1788 3476 1959 3543 fovet,

314 3578 439 3617 non
470 3578 668 3616 semen
696 3563 849 3633 quod
882 3562 938 3617 in
972 3560 1168 3618 sulcos
1206 3562 1446 3632 jacitur,
1503 3580 1617 3619 non
1664 3564 1878 3620 humor
1905 3571 1962 3622 et

318 3648 511 3715 calor,
543 3649 746 3719 quibus
772 3656 1092 3723 temperata
1121 3652 1413 3707 frumenta
1452 3652 1509 3707 in
1560 3670 1796 3726 germen
1828 3654 1962 3726 pul-

314 3738 519 3794 lutant
549 3738 669 3808 {sed
711 3739 865 3794 verbi
915 3740 1123 3812 gratia,
1170 3740 1263 3795 fur
1310 3746 1367 3795 et
1414 3741 1563 3798 latro
1611 3745 1712 3815 qui
1760 3745 1962 3802 fraude

310 3837 367 3884 et
400 3828 514 3899 [ΑΙ.
567 3828 794 3899 exinde]
845 3828 899 3883 vi
946 3828 1118 3900 eripit
1168 3829 1436 3901 semina),
1485 3831 1569 3887 sic
1618 3832 1677 3887 in
1722 3849 1963 3905 genera-

306 3916 472 3973 tione
504 3915 815 3971 hominum
846 3917 949 3981 [Αἰ.
980 3933 1166 3989 genus
1192 3917 1541 3991 humanum]
1567 3921 1769 3993 recipit
1790 3927 1963 3993 terra,

303 4006 363 4061 id
395 4010 511 4067 est,
544 4005 718 4059 vulva
746 4005 901 4077 quod
925 4023 1099 4061 suum
1125 4011 1215 4062 est
1244 4025 1257 4075 ;
1282 4012 1338 4063 et
1360 4014 1656 4081 receptum
1681 4012 1963 4079 confovet,

302 4094 619 4149 confotum
651 4098 940 4165 corporat,
971 4100 1342 4166 corporatum
1372 4098 1432 4152 in
1467 4099 1732 4155 membra
1760 4100 1965 4156 dislin-

299 4183 450 4255 guit.
490 4182 559 4237 Et
584 4182 742 4237 inter
770 4182 901 4238 illas
938 4189 1192 4240 secretas
1240 4186 1458 4242 ventris
1507 4188 1833 4261 angustias,
1865 4190 1965 4247 Dei

303 4288 523 4328 manus
554 4288 794 4343 semper
823 4279 1133 4344 operatur:
1174 4275 1445 4346 idemque
1486 4280 1576 4332 est
1622 4279 1881 4351 corporis
1909 4285 1967 4337 et

386 4396 400 4468 ἡ
433 4394 562 4449 Vid.
593 4395 646 4450 si
679 4394 844 4468 lubet
872 4395 1041 4468 epist.
1076 4397 1139 4452 81
1176 4396 1234 4451 in
1277 4402 1476 4453 nostra
1528 4401 1865 4459 recensione
1897 4404 1966 4459 de

304 4466 650 4543 animarum
678 4466 924 4538 origine:
958 4468 1084 4524 Mox
1112 4470 1239 4524 cod.
1275 4468 1332 4523 S.
1376 4469 1577 4526 Crucis
1604 4474 1878 4543 paulatim
1898 4476 1966 4530 ad

304 4551 531 4594 terrena
560 4538 823 4610 delapsae,
855 4542 964 4594 etc.

2072 3299 2217 3370 Lege
2234 3314 2370 3369 ergo
2391 3298 2460 3353 de
2474 3296 2894 3353 resurrectione
2924 3296 3117 3352 carnis
3135 3313 3265 3368 quae
3282 3296 3520 3352 subdita
3540 3302 3678 3353 sunt
3702 3315 3716 3365 ;

2070 3392 2127 3443 et
2161 3404 2294 3442 cum
2327 3386 2560 3459 legeris,
2593 3390 2649 3441 et
2680 3384 3040 3458 placuerint?
3073 3384 3213 3457 (scio
3244 3386 3402 3441 enim
3434 3380 3723 3458 placitura

2072 3476 2529 3547 ignorantibus),
2596 3476 2888 3548 suspende
2926 3475 3241 3544 judicium,
3293 3481 3531 3547 expecta
3581 3492 3721 3546 pau-

2074 3563 2272 3636 lisper,
2309 3580 2495 3636 usque
2529 3565 2600 3619 ad
2629 3566 2805 3620 tinem
2838 3564 3236 3637 responsionis
3268 3569 3478 3620 nostra:
3511 3564 3719 3621 cohibe

2075 3654 2463 3707 sententiam:
2514 3657 2571 3707 et
2595 3652 2770 3708 sitibi
2795 3657 2994 3723 postea
3044 3651 3389 3724 placuerint,
3440 3657 3579 3707 tunc
3611 3668 3720 3707 nos

2076 3740 2381 3796 calumnia:
2420 3741 2745 3797 denotabis.
2791 3763 2818 3790 «
2852 3741 3186 3796 Passionem
3239 3754 3472 3811 quoque
3500 3741 3628 3809 ejus
3659 3740 3718 3796 in

2078 3845 2248 3885 cruce
2276 3834 2332 3884 et
2362 3833 2607 3884 mortem
2641 3845 2707 3884 ac
2736 3828 3122 3900 sepulturam,
3155 3843 3285 3900 quae
3304 3828 3576 3883 universa
3597 3843 3721 3883 ser-

2075 3919 2246 3983 vavit,
2279 3935 2344 3972 ac
2373 3919 2856 3973 resurrectionem
2900 3917 3160 3983 veritate,
3208 3921 3266 3973 et
3313 3934 3428 3973 non
3459 3916 3721 3989 putative

2075 4008 2460 4063 conﬁtemur:
2495 4008 2594 4078 qui
2628 4007 2853 4076 (Coloss.
2884 4025 2923 4074 ι,
2954 4008 3041 4078 18)
3085 4013 3140 4063 et
3193 4007 3620 4079 primogenitus
3652 4023 3722 4063 ex

2077 4097 2344 4163 mortuis,
2396 4095 2684 4168 primitias
2728 4113 2934 4152 massae
2999 4112 3307 4168 corporum
3361 4099 3718 4164 nostrorum,

2077 4203 2223 4259 quas
2250 4185 2309 4240 in
2341 4182 2606 4257 sepulcro
2640 4184 2861 4257 positas
2893 4184 3214 4250 suscitavit,
3246 4184 3503 4255 pervexit
3528 4184 3597 4238 ad
3614 4200 3724 4238 cm-

2075 4276 2221 4344 lum,
2264 4290 2427 4347 spem
2480 4274 2648 4330 nobis
2697 4273 3137 4329 resurrectionis
3190 4273 3247 4327 in
3298 4271 3723 4328 resurrectione

2145 4402 2165 4434 ⁶
2197 4400 2333 4456 Cod.
2367 4403 2423 4453 S.
2456 4398 2679 4466 Crucis,
2712 4399 2842 4454 Nolo
2871 4405 3125 4465 statuere,
3160 4401 3271 4454 etc.

2144 4474 2162 4506 ⁷
2189 4471 2495 4527 Periodum
2524 4464 2674 4526 hanc
2707 4487 2840 4526 cum
2889 4464 3117 4542 triplici
3153 4467 3463 4542 negatione
3514 4464 3720 4540 legunt

1997 4554 2040 4618 ι)
2074 4543 2376 4624 hucasque
2398 4541 2545 4624 editi
2580 4547 2730 4624 post“
2758 4539 3087 4624 Erasmum,
3134 4539 3354 4624 etnon.
3385 4539 3717 4624 placuerint.

374 4612 396 4644 ³
424 4610 645 4685 Deerat
690 4626 866 4685 meus,
915 4611 1070 4685 quod
1116 4610 1511 4685 supplethms.
1563 4613 1759 4670 Graeco
1804 4620 1964 4673 textu
1999 4610 2034 4618 ”
2072 4617 2187 4669 seio
2215 4610 2363 4669 enim
2390 4614 2539 4668 haud
2564 4610 2861 4685 placitura,
2889 4618 2947 4669 et
2977 4629 3130 4681 mox,
3161 4614 3211 4667 .ςί
3251 4612 3354 4667 tibi
3387 4610 3583 4685 postea
3608 4627 3721 4685 non

303 4681 695 4737 assentiente.
756 4682 864 4737 Pro
913 4684 1076 4739 Isaia:
1122 4681 1316 4738 autem
1346 4683 1636 4741 Victorius
1682 4688 1968 4745 Zachariae

301 4752 474 4823 legit.
510 4753 711 4831 sicque
742 4753 1140 4831 reponendum
1176 4759 1374 4831 monet
1418 4755 1788 4831 Martianzeus
1820 4776 1963 4831 quo-

308 4839 456 4902 que,
491 4824 641 4893 quod
676 4824 861 4902 hujus
888 4824 1180 4897 prophetae
1212 4826 1333 4881 sint
1377 4828 1551 4883 verba
1599 4845 1724 4901 cap.
1776 4824 1877 4902 xxi,
1916 4832 1962 4886 1.

308 4899 397 4949 At
422 4910 567 4948 mss.
599 4912 710 4950 non
742 4896 1160 4951 suffragantur.

386 4965 411 4998 ³
437 4966 509 5020 Et
537 4967 686 5039 illud
710 4968 887 5022 Isaiae.
923 4965 1030 5022 Pro
1062 4969 1220 5039 Isaia
1271 4966 1580 5039 legendum
1631 4974 1927 5029 Zachariae
1946 4993 1963 5028 .-

308 5036 434 5092 haec
469 5038 632 5116 enim
662 5040 835 5116 verba
866 5040 1022 5116 apud
1050 5036 1411 5116 _Zacbaria'm_
1454 5040 1645 5116 posita
1692 5041 1968 5116 leguntur

304 5125 436 5180 cap.
468 5126 573 5187 xu,
609 5109 662 5177 l,
694 5109 831 5187 licet
858 5111 1257 5187 apud_lsaiam
1281 5109 1482 5187 multa
1530 5109 1804 5187 dicantur
1835 5132 1960 5187 cap.

310 5185 512 5262 minet
557 5196 691 5262 nui,
741 5181 813 5237 de
860 5181 1153 5238 creatione
1200 5181 1408 5236 anima:
1458 5187 1515 5238 et
1567 5181 1964 5242 insulﬂatione

300 5252 583 5323 spiritus.
619 5251 905 5308 MARTIAN.

380 5323 716 5405 ‘_Legimus
746 5341 814 5379 ex
863 5324 1085 5405 φθῇς.
1114 5324 1362 5405 “Grecis,
1414 5341 1547 5380 cum
1598 5330 1769 5405 antea
1808 5333 1965 5405 esset

310 5395 609 5471 contrario
641 5412 840 5471 sensu,
872 5398 933 5471 In
979 5395 1322 5471 Conditorem
1374 5400 1664 5471 praesentis
1708 5402 1964 5471 temporis

305 5466 528 5591 ’ἱέρειαν
556 5467 874 5537 indignum,
905 5468 1002 5521 hoc
1036 5469 1204 5524 etiam
1242 5484 1303 5523 eo
1349 5466 1586 5524 donante
1629 5486 1740 5524 non
1767 5466 1847 5527 est
1874 5474 1962 5527 in-

370 5555 565 5591 quam.
824 5570 829 5577 η

368 5555 627 5664 gum-ba
658 5609 761 5665 Sed
789 5610 925 5665 audi
954 5609 1013 5665 in
1046 5626 1156 5666 ms.
1192 5611 1249 5666 S.
1284 5610 1483 5667 Crucis
1532 5611 1958 5672 desiderantur.

313 5679 473 5742 Infra
498 5680 719 5740 leviora
743 5682 1012 5758 quaedam
1042 5698 1112 5741 ex
1139 5682 1345 5741 eodem
1373 5684 1781 5745 emendantur.

2068 5700 2243 5744 versu
2272 5682 2510 5753 habent,
2539 5683 2602 5742 de
2623 5685 3026 5743 resurrectione

2068 4688 2399 4757 placuerint.
2436 4685 2514 4739 Ex
2532 4681 2661 4757 toto
2690 4689 2883 4757 autem
2916 4689 3183 4741 contextu
3216 4700 3280 4738 ac
3317 4682 3474 4757 serie
3502 4681 3724 4757 oratio-

2077 4752 2165 4811 nis
2197 4761 2253 4810 et
2274 4756 2575 4827 scriptoris
2608 4762 2798 4811 mente
2828 4756 2863 4811 1i
2914 4761 3030 4822 uet,
3073 4755 3367 4811 contrario
3407 4752 3722 4831 legendum

2077 4844 2202 4882 esse
2234 4844 2432 4882 sensu.
2483 4827 2816 4882 trinamque
2864 4774 3026 4882 illam
3072 4825 3321 4882 negandi
3374 4822 3722 4882 particulam

2074 4844 2202 4883 esse
2234 4822 2432 4899 sensu,
2483 4827 2816 4899 trinamque
2864 4822 3026 4883 illam
3072 4825 3324 4899 negandi
3374 4822 3722 4899 particulam

2074 4898 2541 4980 expungendam.
2578 4893 2774 4980 Neque
2799 4899 2976 4980 enim,
3002 4893 3195 4980 quod;
3216 4893 3725 4980 satis—oscitanter

2075 4965 2450 5025 Martia'naaus
2487 4965 2739 5041 scripsit,
2779 4965 2969 5041 Fides
2994 4965 3248 5041 Ecclesia
3294 4968 3383 5041 est
3421 4965 3724 5041 quaesiit):

2074 5042 2327 5097 nectitur
2368 5046 2542 5111 atque
2604 5035 3124 5111 eventilatur,rsed
3172 5035 3455 5111 Joannis,
3488 5035 3722 5111 subdoli

2075 5113 2348 5173 haeretici.
2401 5108 2526 5183 quae
2577 5110 2891 5167 artificiose
2940 5110 3081 5166 adeo
3131 5108 3363 5183 texitur,
3413 5112 3477 5163 ut
3522 5108 3723 5183 prima

2076 5186 2262 5240 fronte
2294 5179 2538 5255 placeat,
2581 5183 2834 5255 maxime
2886 5180 3337 5255 ignorantibus,
3369 5184 3427 5235 et
3468 5179 3569 5251 qui
3602 5179 3723 5255 doli

2074 5255 2219 5310 nihil
2251 5252 2642 5334 suspicentur,
2678 5254 2776 5334 sed
2830 5260 2962 5334 post
3008 5252 3354 5334 Hieronymi
3391 5252 3725 5334 responsio-

2074 5345 2229 5394 nem,
2264 5326 2313 5382 si
2350 5323 2650 5398 placuerit,
2684 5325 2817 5398 ipse,
2834 5323 2972 5398 velit
2992 5323 3298 5380 calumnim
3323 5323 3610 5398 deputari.
3636 5324 3725 5379 Ita

2073 5393 2539 5471 presterea'legit,
2572 5393 3072 5471 quemadmodum
3109 5401 3167 5451 et
3216 5393 3540 5471 emendavi,
3573 5410 3722 5471 prte-

2074 5466 2476 5525 stantissimus
2504 5474 2560 5522 Β.
2590 5466 2794 5524 Crucis
2824 5484 2959 5534 ms.,
2994 5468 3238 5539 duraque
3268 5470 3491 5539 veteres
3521 5466 3722 5539 editio

2072 5558 2197 5607 nes,
2227 5539 2408 5595 altera
2432 5539 2689 5595 Venetiis
2722 5540 2879 5607 1496,
2913 5543 3096 5596 altera
3124 5536 3219 5594 an.
3262 5538 3596 5610 insequenti
3614 5536 3722 5610 _Ni:

2071 5605 2218 5669 colai
2268 5610 2464 5683 Keslet
2511 5611 2651 5666 civis
2708 5605 3094 5676 Basileensis,
3154 5627 3282 5683 quas
3330 5613 3388 5665 et
3410 5605 3722 5683 'superiori

3051 5680 3353 5751 Dominicis
3380 5680 3593 5755 carnis.
3694 5728 3710 5739 .
