4110 6162
475 295 600 366 391'

1716 299 1782 361 S.
1827 293 2141 362 EUSEBII
2186 292 2652 359 HI‘ERONYMI.

3685 304 3792 368 392

474 434 694 508 proprii
724 430 982 505 corporis
1012 433 1316 488 tribuens:
1353 433 1508 488 unde
1537 436 1595 488 et
1626 448 1830 488 omnes
1870 433 1953 488 sic
1999 446 2126 502 spe-
2156 431 2205 495 A
2238 429 2367 484 dias
2398 428 2749 500 suspicatur.
2785 428 2974 484 Credit
3000 444 3124 486 esse
3153 430 3300 500 quod
3328 430 3532 487 dicitur.
3567 434 3794 492 Sanctio-

473 541 674 581 ramus
704 538 1007 594 resurgere
1037 538 1106 576 ex
1135 521 1403 589 mortuis,
1437 522 1590 576 sicut
1639 520 1735 576 ille
1787 519 2118 576 resurrexit.

382 657 399 673 .
467 614 593 670 Non
624 613 686 668 in
718 611 850 667 aliis
881 610 1238 681 quibusdam
1264 610 1590 682 peregrinis
1612 616 1671 666 et
1690 609 1748 664 in
1773 608 1980 664 alienis
2003 625 2126 663 cor-

472 701 738 773 poribus,
761 715 888 769 quae
922 704 1308 754 assumuntur
1336 699 1394 754 in
1428 699 1874 771 phantasmate:
1917 697 2020 754 sed
2043 697 2123 752 si-

474 795 572 846 cut
596 789 721 861 ipse
748 787 809 842 in
845 785 942 842 illo
975 803 1232 858 corpore,
1269 788 1425 859 quod
1471 789 1625 859 apud
1679 803 1783 842 nos
1834 786 1892 841 in
1921 790 2122 843 sancto

476 876 745 950 sepulcro
777 876 1079 932 conditum
1113 876 1466 932 resurrexit:
1503 876 1581 932 ita
1611 880 1668 932 et
1711 893 1818 932 nos
1869 875 1927 930 in
1977 874 2123 946 ipsis

475 966 840 1039 corporibus,
875 965 1088 1036 quibus
1122 981 1276 1020 nunc
1310 965 1765 1029 circumdamur,
1799 970 1857 1020 et
1898 965 1957 1019 in
1989 963 2120 1036 qui-

478 1057 588 1111 bus
621 1072 776 1110 nunc
807 1053 1142 1125 sepelimur,
1176 1054 1380 1108 eadem
1413 1054 1636 1109 ratione
1671 1057 1727 1109 et
1754 1053 1973 1109 visione
1995 1068 2123 1124 spe-

474 1160 678 1199 ramus
729 1145 1087 1214 resurgere‘.
1139 1145 1271 1208 Quze
1342 1142 1499 1198 enim
1554 1144 1726 1214 juxta
1774 1143 2118 1215 Apostolum

473 1233 841 1288 seminantur
885 1230 946 1285 in
996 1232 1388 1302 corruptione,
1443 1236 1689 1304 surgent
1746 1232 1804 1286 in
1854 1232 2122 1288 incorru-

471 1321 701 1392 ptione;
736 1337 861 1391 quas
893 1321 1267 1375 seminantur
1297 1321 1354 1374 in
1387 1321 1773 1393 ignobilitate,
1797 1325 2039 1394 surgent
2060 1321 2118 1375 in

469 1408 676 1480 gloria.
718 1428 740 1455 α
773 1409 1109 1464 Seminatur
1139 1425 1352 1480 corpus
1383 1408 1660 1474 animale,
1687 1414 1888 1481 surget
1908 1426 2120 1480 corpus

468 1496 772 1568 spirituale
804 1499 850 1568 (ι
890 1497 1010 1552 Cor.
1059 1514 1151 1552 xv.
1199 1497 1323 1567 114);
1372 1498 1442 1552 de
1489 1496 1705 1569 quibus
1751 1502 1808 1552 et
1856 1497 2121 1553 Salvator

467 1587 683 1642 docens
708 1586 939 1642 locutus
956 1591 1044 1642 est
1069 1603 1080 1640 :
1114 1609 1133 1636 ι
1161 1587 1266 1652 Qui
1291 1585 1444 1642 enim
1478 1587 1642 1659 digni
1668 1587 1884 1642 fuerint
1907 1585 2119 1642 saeculo

468 1674 585 1742 illo,
626 1680 682 1731 et
730 1675 1155 1732 resurrectione
1204 1691 1271 1730 ex
1330 1675 1600 1742 mortuis,
1657 1691 1843 1747 neque
1895 1676 2120 1731 nubent

469 1781 656 1837 neque
689 1766 1019 1832 nubentur;
1051 1781 1240 1836 neque
1271 1764 1426 1819 enim
1460 1764 1613 1819 ultra
1645 1763 1790 1820 mori
1823 1769 2115 1836 poterunt,
2148 1800 2195 1866 B

467 1855 568 1911 sed
602 1857 772 1910 erunt
798 1855 950 1909 sicut
981 1853 1170 1926 angeli
1203 1853 1325 1918 Dei,
1359 1870 1492 1908 cum
1526 1853 1679 1908 sint2
1715 1853 1818 1907 filii
1860 1871 2116 1909 resurre-

467 1941 678 1998 ctionis
709 1942 859 2014 (Luc.
892 1959 986 2012 xx,
1017 1942 1106 2004 35,
1150 1941 1264 2012 36).
1301 1963 1328 1989 ››

536 2031 627 2086 24.
660 2031 914 2086 Rursum
947 2029 1007 2084 in
1041 2029 1156 2085 alia
1195 2033 1356 2100 parte
1418 2027 1706 2100 Epistolm,
1755 2029 1864 2084 hoc
1914 2032 2025 2097 est,
2057 2029 2117 2083 in

466 2120 580 2175 fine
610 2137 852 2176 suorum
899 2123 1280 2184 tractatuum,
1306 2123 1371 2173 ut
1401 2117 1644 2174 auribus
1693 2117 1964 2174 illuderet
2011 2135 2118 2174 ne-

469 2207 801 2277 scientium,
825 2208 1135 2280 strepitum
1153 2206 1596 2263 resurrectionis
1618 2223 1684 2262 ac
1708 2222 1983 2279 pompam
2010 2207 2118 2262 hac

468 2298 778 2354 verborum
829 2297 1212 2369 ambiguitate
1267 2295 1538 2352 libravit:
1592 2320 1619 2348 ‹‹
1651 2296 1759 2351 Sed
1811 2312 1999 2368 neque
2047 2296 2117 2351 de

467 2388 722 2443 secundo
754 2385 1006 2459 glorioso
1039 2387 1287 2442 adventu
1322 2385 1548 2441 Domini
1588 2385 1769 2442 nostri
1791 2384 1928 2441 Jesu
1953 2384 2116 2441 Chri-

465 2476 539 2531 sti
573 2476 1023 2544 intermisimus,
1061 2475 1157 2547 qui
1179 2480 1461 2531 venturus
1485 2474 1653 2530 estin
1675 2474 1863 2547 gloria
1897 2474 2116 2544 suaju-

464 2565 658 2620 dicare
687 2565 846 2620 vivos
877 2569 935 2618 et
966 2569 1229 2620 mortuos
1257 2582 1270 2630 ;
1311 2564 1436 2635 ipse
1466 2565 1623 2620 enim
1657 2563 1965 2619 suscitabit
1986 2579 2118 2618 om-

472 2669 574 2708 nes
605 2656 888 2717 mortuos,
917 2657 975 2708 et
1003 2657 1138 2708 ante
1168 2669 1339 2707 suum
1367 2651 1626 2706 tribunal
1676 2653 1830 2707 480
1877 2669 2001 2708 esse
2033 2653 2116 2707 fa-

469 2741 582 2795 ciet
613 2759 625 2808 ;
659 2745 715 2796 et
748 2740 1064 2812 unicuique
1095 2742 1297 2796 reddet
1328 2741 1655 2797 secundum
1688 2741 1843 2812 quod
1876 2741 1995 2813 egit
2015 2758 2118 2814 per

469 2845 704 2901 corpus,
737 2828 857 2885 sive
888 2830 1108 2884 bonum
1141 2829 1260 2885 sive
1294 2828 1514 2886 malum
1544 2849 1557 2897 ;
1613 2829 1836 2886 scilicet
1883 2836 1986 2885 aut
2015 2846 2116 2885 co-

469 2918 770 2973 ronandus
802 2917 860 2972 in
893 2935 1149 2990 corpore,
1185 2919 1339 2990 quod
1371 2922 1527 2975 caste
1565 2917 1682 2991 egit
1712 2924 1768 2975 et
1789 2920 1983 2990 juste;
2018 2924 2119 2974 aut

471 3007 976 3075 condemnandus,
1008 3007 1162 3079 quod
1187 3007 1582 3078 voluptatibus
1605 3008 1824 3080 pariter
1843 3006 2116 3078 iniquita-

470 3097 748 3168 tibusque
770 3096 1024 3153 servivit.
1052 3119 1080 3145 ››
1101 3097 1217 3152 Hoc
1237 3098 1392 3168 quod
1416 3096 1474 3151 in
1498 3096 1805 3168 Evangelio
1829 3095 2112 3167 legimus:

2239 534 2328 572 res
2358 518 2514 573 enim
2547 522 2684 573 sunt
2715 534 2886 573 aures
2915 518 3133 590 populi.
3171 536 3337 592 quam
3383 522 3658 578 sacerdotis
3685 523 3803 580 ani-

2237 623 2390 662 IDUS.

2303 698 2391 750 25.
2429 698 2646 752 lterum
2678 700 2853 768 atque
2896 695 3104 752 iterum
3155 701 3228 764 te,
3273 697 3460 761 lector,
3511 715 3809 758 commoneo

2235 788 2299 840 ut
2329 785 2670 856 patientiam
2709 789 2925 852 teneas,
2959 789 3017 841 et
3064 787 3252 843 discas
3301 788 3445 858 quod
3490 803 3585 860 ego
3611 805 3810 861 quoque

2233 891 2336 945 per
2365 875 2706 946 patientiam
2723 876 2743 908 ⁵
2769 875 2946 931 didici
2973 893 2986 941 ;
3021 880 3078 931 et
3095 879 3286 933 tamen
3308 882 3599 949 antequam
3617 877 3809 934 vultum

2232 963 2502 1019 draconis
2533 962 2812 1033 evolvam,
2845 968 2903 1019 et
2932 965 3143 1037 dogma
3182 964 3439 1038 Origenis
3481 966 3548 1020 de
3589 982 3810 1022 resurre-

2231 1050 2419 1108 ctione
2469 1052 2720 1108 breviter
2767 1070 3051 1126 exponam
3101 1053 3233 1124 (non
3283 1053 3432 1108 enim
3482 1055 3669 1126 poteris
3709 1053 3810 1110 vim

2232 1140 2379 1196 scire
2409 1141 2676 1209 antidoti,
2708 1142 2819 1197 nisi
2849 1157 3072 1197 venena
3102 1141 3495 1214 perspexeris),
3541 1141 3664 1197 illud
3691 1141 3809 1208 dili-

2229 1234 2431 1300 genter
2458 1231 2703 1288 observa
2732 1236 2790 1286 et
2810 1236 2976 1286 caute
3003 1230 3263 1303 relegens
3289 1247 3556 1286 numera:
3578 1231 3709 1303 quod
3729 1248 3810 1287 no-

2228 1319 2350 1374 vies
2377 1319 2860 1376 resurrectionem
2893 1320 3205 1375 nominans
3245 1318 3514 1390 corporis,
3560 1335 3622 1374 ne
3664 1318 3816 1376 semel

2231 1408 2468 1479 quidem
2513 1409 2708 1464 carnis
2758 1408 3037 1464 inseruit:
3106 1412 3550 1481 suspectumque
3601 1407 3694 1462 tibi
3734 1407 3816 1474 sit,

2229 1496 2383 1568 quod
2414 1496 2482 1551 de
2515 1495 2804 1552 industria
2832 1497 3223 1568 praetermisit.
3255 1495 3403 1552 Dicit
3429 1513 3554 1568 ergo
3581 1495 3820 1569 Origenes

2228 1586 2375 1641 48]
2411 1584 2470 1640 in
2505 1584 2772 1657 pluribus
2798 1585 2965 1651 locis,
2999 1590 3056 1640 et
3086 1586 3340 1642 maxime
3369 1585 3428 1640 in
3475 1583 3609 1640 libro
3647 1585 3706 1639 de
3731 1586 3820 1640 Re-

2226 1677 2562 1731 surrectione
2591 1679 2818 1746 quarto,
2852 1675 2986 1731 etin
3019 1675 3391 1747 Expositione
3430 1675 3585 1748 primi
3612 1672 3818 1746 psalmi,

2228 1768 2284 1818 et
2316 1763 2374 1818 in
2403 1763 2788 1831 Stromatibus,
2823 1763 3115 1836 duplicem
3147 1780 3401 1820 errorem
3431 1763 3621 1819 versari
3648 1762 3701 1818 in
3728 1762 3820 1817 Ec-

2229 1851 2402 1908 clesia
2433 1872 2444 1919 ;
2479 1858 2812 1908 nostrorum
2844 1858 2900 1909 et
2943 1853 3347 1910 haereticorum
3374 1869 3386 1907 :
3438 1877 3464 1903 «
3494 1853 3594 1907 Nos
3619 1849 3822 1923 simpli-

2228 1957 2321 1996 ces
2373 1947 2430 1996 et
2477 1941 2868 2014 philosarcas6
2913 1943 3125 2009 dicere,
3175 1943 3334 2014 quod
3382 1942 3568 1998 eadem
3611 1956 3744 2006 ossa,
3771 1941 3824 1996 et

2229 2031 2492 2103 sanguis,
2525 2035 2582 2086 et
2611 2049 2767 2098 caro,
2806 2030 2864 2086 id
2895 2037 3005 2098 est,
3037 2032 3238 2088 vultus
3271 2037 3330 2088 et
3358 2031 3622 2097 membra,
3647 2028 3826 2086 totius-

2230 2137 2341 2192 que
2372 2136 2652 2192 compago
2684 2121 2943 2192 corporis
2974 2125 3246 2194 resurgat
3287 2123 3345 2177 in
3391 2121 3684 2177 novissima
3710 2117 3824 2174 die:

2229 2208 2449 2265 scilicet
2471 2214 2535 2264 ut
2551 2209 2802 2280 pedibus
2827 2209 3222 2278 ambulemus,
3248 2227 3547 2284 operemur
3565 2207 3824 2274 manibus,

2226 2298 2532 2354 videamus
2562 2297 2767 2366 oculis,
2820 2300 3064 2354 auribus
3115 2300 3448 2365 audiamus,
3498 2298 3827 2355 circumfera-

2228 2404 2476 2458 musque
2505 2391 2764 2443 ventrem
2796 2387 3213 2458 insatiabilem,
3245 2393 3306 2444 et
3325 2387 3669 2445 stomachum
3687 2385 3831 2440 cibos

2228 2482 2711 2548 concoquentem.
2763 2475 3136 2548 Consequens
3183 2481 3388 2533 autem
3436 2493 3573 2541 esse,
3619 2473 3709 2547 qui
3731 2473 3834 2530 ista

2227 2567 2558 2632 credamus,
2590 2567 2781 2622 dicere
2813 2583 2918 2621 nos
2951 2567 3105 2638 quod
3145 2570 3202 2622 et
3247 2565 3661 2623 comedendum
3687 2560 3833 2618 nobis

2228 2656 2325 2722 sit,
2358 2659 2415 2710 et
2444 2655 2788 2722 bibendum,
2816 2654 3133 2727 digerenda
3162 2660 3447 2722 stercora,
3485 2652 3832 2710 effundendus

2227 2743 2460 2810 humor,
2504 2744 2782 2798 ducendae
2832 2760 3061 2811 uxores,
3116 2743 3287 2799 liberi
3340 2743 3686 2817 procreandi.
3729 2741 3832 2806 Quo

2227 2832 2381 2888 enim
2417 2833 2680 2888 membra
2709 2831 3007 2904 genitalia,
3042 2833 3091 2887 si
3119 2834 3345 2905 nuptiae
3378 2851 3492 2890 non
3511 2829 3831 2894 θωπιῗουο

2228 2922 2452 2987 dentes,
2481 2919 2530 2975 si
2561 2919 2676 2975 cibi
2713 2937 2828 2976 non
2883 2920 3137 2976 molendi
3185 2923 3380 2978 sunt?
3425 2923 3544 2988 Quo
3587 2923 3764 2978 venter
3787 2922 3834 2973 et

2228 3008 2363 3073 cibi,
2398 3008 2638 3080 sijuxta
2670 3007 3017 3079 Apostolum
3050 3014 3106 3064 et
3134 3009 3230 3065 hic
3261 3018 3318 3066 et
3345 3011 3428 3066 illi
3450 3005 3832 3067 destruantur?

2229 3097 2356 3169 ipso
2385 3096 2597 3153 iterum
2629 3097 2955 3153 clamante:
2993 3121 3020 3148 ‹‹
3055 3098 3196 3153 Caro
3227 3102 3286 3154 et
3334 3100 3574 3172 sanguis
3617 3110 3835 3168 regnum

469 3186 532 3240 In
582 3185 1088 3242 consummatione
1139 3185 1364 3252 mundi,
1418 3187 1469 3240 si
1514 3186 1639 3255 ﬁeri
1690 3192 1862 3256 potest
1905 3185 2109 3255 (Matth.
2145 3168 2187 3235 Ο
2226 3168 2325 3240 Dei
2358 3203 2472 3241 non
2506 3186 2910 3257 possidebunt,
2944 3204 3130 3259 neque
3159 3168 3475 3260 corruptid
3494 3183 3842 3257 incorruptio-

464 3291 617 3342 xxw,
666 3275 778 3345 25),
831 3274 1032 3329 seduci
1079 3275 1252 3329 etiam
1305 3273 1538 3338 electos,
1590 3274 1647 3328 in
1696 3273 1805 3328 hoc
1854 3274 2108 3346 capitulo

463 3363 970 3435 comprobamus”.
1017 3362 1196 3418 Audit
1240 3362 1452 3433 vulgus
1499 3363 1799 3418 indoctum
1847 3367 2109 3418 mortuos

463 3456 519 3506 et
551 3451 847 3523 sepultos:
881 3451 1045 3507 audit
1075 3452 1560 3507 resurrectionem
1595 3455 1981 3517 mortuorum,
2015 3469 2108 3507 vc-

464 3539 635 3595 ritate
660 3546 717 3596 et
746 3557 860 3595 non
893 3540 1190 3612 putative:
1226 3539 1390 3596 audit
1429 3539 1718 3612 primitias
1769 3557 1974 3596 massa:
2007 3558 2108 3596 no-

462 3633 719 3685 strorum
761 3645 1090 3701 corporum,
1125 3628 1182 3684 in
1213 3629 1445 3685 Domini
1477 3645 1716 3701 corpore
1748 3630 1818 3686 ad
1851 3629 2110 3686 cmlestia

463 3719 799 3789 pervenisse
828 3736 840 3774 :
876 3718 1040 3774 audit
1071 3723 1522 3786 resurrecturos,
1557 3736 1672 3774 non
1704 3720 1762 3773 in
1787 3719 2108 3792 peregrinis

462 3806 787 3878 alienisque
803 3807 1168 3877 corporibus,
1197 3824 1324 3878 qua:
1345 3811 1733 3863 assumuntur
1753 3807 1811 3862 iu
1835 3797 2110 3880 phantas-

463 3898 640 3962 mate,
674 3894 775 3950 sed
806 3893 959 3950 sicut
988 3895 1238 3951 surrexit
1267 3895 1552 3951 Dominus
1585 3896 1642 3950 in
1666 3914 1924 3968 corpore,
1950 3897 2104 3968 quod

463 3983 618 4054 apud
651 3998 758 4038 nos
786 3982 844 4037 in
878 3986 1079 4038 sancto
1111 3983 1377 4055 sepulcro
1424 3985 1724 4040 conditum
1767 3986 1991 4057 jacuit:
2027 3986 2106 4041 ita

462 4077 519 4128 et
549 4088 656 4128 nos
685 4071 742 4126 in
778 4071 919 4144 ipsis
951 4072 1314 4144 corporibus,
1348 4073 1561 4146 quibus
1602 4091 1758 4129 nunc
1779 4074 2105 4130 circumda-

464 4178 597 4216 mur
625 4167 682 4217 et
709 4161 1044 4234 sepelimur,
1077 4161 1135 4217 in
1169 4161 1262 4218 die
1296 4163 1502 4235 judicii
1554 4167 2004 4219 resurrecturos.
2040 4165 2106 4218 Et

461 4268 534 4307 ne
558 4250 667 4307 hoc
697 4268 904 4325 parum
935 4251 1068 4323 quis
1106 4252 1488 4318 existimaret,
1535 4252 1698 4307 addit
1745 4251 1804 4305 in
1849 4257 2106 4307 extremo

462 4339 754 4413 capitulo:
791 4364 817 4390 «
854 4342 922 4396 Et
964 4339 1279 4412 unicuique
1325 4341 1526 4395 reddet
1573 4340 1899 4394 secundum
1949 4341 2103 4412 quod

461 4428 579 4500 egit
607 4445 709 4500 per
738 4430 1000 4501 corpus‘,
1035 4428 1152 4484 sive
1193 4429 1434 4494 bonum,
1481 4427 1597 4483 sive
1648 4426 1909 4482 malum:
1943 4429 2106 4484 scili-

2222 3292 2353 3331 nem
2384 3276 2432 3346 (I
2461 3274 2581 3330 Cor.
2622 3292 2715 3342 xv,
2767 3274 2881 3345 58).
2923 3298 2948 3325 ››
2979 3277 3109 3332 Haec
3154 3294 3260 3332 nos
3312 3277 3652 3335 innocentes
3677 3279 3728 3331 et
3753 3289 3838 3328 ru-

2220 3365 2397 3421 sticos
2429 3363 2639 3420 asserit
2669 3364 2880 3420 dicere.
2912 3389 2939 3415 ‹‹
2973 3367 3284 3421 Ηωιιεῐὶοοθ
3329 3384 3493 3435 vero,
3528 3369 3582 3423 in
3613 3377 3834 3438 quarum

2220 3458 2382 3527 parte
2415 3458 2553 3510 sunt
2584 3453 2866 3521 Marcion,
2904 3454 3156 3526 Apelles,
3205 3455 3584 3523 Valentinus,
3613 3452 3837 3510 Manesl.

2218 3559 2430 3599 nomen
2462 3543 2701 3598 insaniae
2734 3543 2965 3614 penitus
2995 3549 3053 3599 et
3080 3545 3273 3600 carnis
3299 3550 3358 3600 et
3393 3545 3647 3619 corporis
3673 3558 3839 3599 resur-

2218 3634 2535 3688 rectionem
2599 3649 2845 3705 negare:
2912 3638 2967 3687 et
3017 3632 3266 3690 salutem
3323 3638 3560 3692 tantum
3610 3633 3841 3689 tribuere

2217 3721 2446 3793 animae,
2481 3722 2813 3793 frustraque
2845 3738 2950 3776 nos
2972 3721 3164 3777 dicere
3185 3723 3256 3778 ad
3279 3723 3614 3798 exemplum
3635 3718 3842 3780 Domini

2215 3814 2668 3878 resurrecturos,
2701 3826 2828 3864 cvm
2859 3809 2984 3882 ipse
3015 3827 3248 3882 quoque
3278 3810 3641 3870 Dominusin
3671 3810 3842 3884 phan-

2215 3903 2465 3956 tasmate
2514 3898 2934 3955 resurrexerit:
2984 3903 3040 3955 et
3087 3915 3205 3955 non
3257 3899 3455 3959 solum
3519 3896 3846 3958 resurrectio

2216 3989 2365 4058 ejus,
2401 3987 2501 4043 sed
2534 3991 2591 4042 et
2617 3987 2748 4058 ipsa
2776 3985 3051 4043 nativitas
3070 3989 3150 4058 τῴ
3181 3982 3356 4042 δοκεῖν
3383 3989 3447 4045 id
3471 3994 3576 4055 est,
3605 3983 3849 4061 putative

2214 4076 2339 4131 visa
2368 4075 2560 4148 magis
2592 4075 2688 4141 sit,
2721 4092 2896 4147 quam
2931 4075 3123 4131 fuerit.
3157 4076 3280 4133 Sibi
3325 4083 3531 4136 autem
3561 4082 3853 4147 utramque

2216 4163 2524 4235 displicere
2553 4165 2926 4233 sententiam,
2962 4166 3158 4238 fugere
3189 4183 3251 4223 se
3281 4172 3338 4222 et
3376 4173 3709 4226 nostrorum
3734 4180 3850 4220 car-

2216 4269 2340 4318 nes,
2372 4256 2429 4307 et
2469 4252 2872 4308 haereticorum
2923 4254 3377 4326 phantasmata:
3425 4259 3573 4331 quia
3622 4251 3855 4327 utraque

2215 4357 2350 4413 pars
2367 4339 2427 4396 in
2449 4341 2808 4396 contrarium
2833 4342 3020 4400 nimia
3041 4345 3119 4400 sit
3144 4363 3156 4413 ;
3178 4345 3308 4401 aliis
3340 4345 3525 4404 iidem
3543 4344 3855 4404 volentibus

2215 4446 2277 4485 se
2307 4446 2436 4485 esse
2467 4430 2621 4501 quod
2654 4430 2872 4488 fuerint
2905 4433 3008 4499 (At.
3036 4451 3150 4489 non
3183 4436 3376 4507 erunt]
3402 4454 3416 4504 ;
3451 4437 3588 4494 aliis
3615 4448 3859 4494 resurre-

461 4521 551 4570 cet
579 4519 677 4570 aut
710 4516 1077 4572 coronandus
1109 4515 1168 4570 in
1213 4532 1453 4588 corpore
1496 4516 1650 4587 quod
1697 4521 1854 4570 caste
1901 4516 2019 4589 egit
2049 4523 2108 4575 et
2139 4538 2184 4603 D
2218 4518 2469 4574 ctionem
2503 4535 2814 4591 corporum
2845 4521 3084 4578 omnino
3114 4523 3568 4597 denegantibus.
3593 4528 3857 4592 Quatuor,

451 4605 650 4675 juste:
685 4607 787 4658 ant
818 4603 1320 4670 condemnandus,
1357 4605 1508 4676 quod
1563 4603 1963 4677 voluptatibus
1995 4607 2107 4662 ini-

459 4692 902 4767 quitatibusque
942 4693 1195 4748 servivit.
1237 4716 1256 4742 »
1313 4693 1440 4748 Ηωο
1487 4694 1754 4762 audiens,
1805 4695 2106 4753 indoctum

453 4782 690 4856 Vulgus,
721 4782 782 4838 in
803 4786 964 4838 tanto
996 4785 1387 4850 mortuorum,
1435 4782 1648 4856 sepulti
1702 4787 1982 4858 corporis,
2016 4803 2109 4843 re-

460 4872 840 4930 surrectionis
871 4871 1088 4938 sonitu,
1125 4871 1347 4928 nullam
1380 4872 1938 4946 stropham,{nullas
1968 4876 2109 4930 insi-

535 5033 638 5085 18.
672 5033 874 5089 Crucis
926 5051 1036 5092 ms.
1094 5033 1292 5090 Eadem
1342 5036 1555 5090 ratione
1601 5044 1653 5090 et
1685 5036 1943 5106 jussione
1985 5051 2107 5107 spe-

461 5118 650 5156 ramus
705 5109 813 5159 etc.

464 5243 485 5247 _
533 5143 736 5247 ’Idem
771 5191 879 5229 ms.
932 5178 1070 5230 sicut
1114 5178 1298 5247 angeli
1342 5177 1406 5231 in
1453 5177 1602 5242 caelo,
1656 5193 1779 5232 eum
1823 5179 1953 5241 sint,
1995 5181 2104 5234 etc.

463 5241 752 5320 Integrius
810 5247 1087 5320 etujuxta
1139 5241 1402 5320 Graecum
1478 5247 1767 5320 Vulgatus
1824 5249 2110 5320 interpres

461 5313 698 5386 mquales
729 5313 942 5384 angelis
992 5322 1143 5385 sunt,
1202 5328 1253 5375 et
1298 5319 1406 5388 ﬁlii
1459 5313 1626 5374 sunt“
1647 5321 1760 5387 Dei,
1812 5336 1936 5374 eum
1976 5313 2108 5387 sint,

463 5390 575 5531 ἐμὲ
607 5454 785 5531 Vetus
815 5455 955 5510 edit.
990 5459 1050 5531 in
1082 5456 1181 5512 hoc
1209 5460 1448 5527 capitulo
1478 5464 1757 5531 operatur,
1799 5478 1923 5517 cum
1949 5463 2112 5518 turba

455 5527 743 5605 imperita,
785 5533 881 5579 aut
929 5528 1140 5605 uulgus,
1187 5533 1341 5593 etc.;
1393 5536 1450 5584 et
1497 5527 1652 5595 mox,
1703 5539 1825 5590 Non
1864 5536 2113 5605 putalive

463 5601 734 5680 conﬁteri,
765 5613 828 5652 ac
870 5600 1152 5680 primitias
1200 5614 1392 5656 massa:
1438 5608 1756 5660 nostrorum
1798 5600 2106 5680 corporum,

466 5682 521 5746 et
551 5673 721 5736 Deum
737 5685 978 5748 corpore,
1006 5673 1116 5732 etc.

2218 4605 2429 4678 inquit,
2461 4606 2749 4664 elementa
2771 4613 2930 4677 sunt,
2964 4609 3333 4684 philosophis
3381 4631 3621 4688 quoque
3653 4617 3788 4671 nota
3811 4612 3863 4667 et

2221 4695 2484 4766 medicis,
2520 4697 2591 4752 de
2628 4697 2843 4770 quibus
2874 4716 3078 4757 omnes
3109 4718 3201 4758 res
3230 4706 3287 4758 et
3335 4719 3584 4776 corpora
3611 4703 3861 4760 humana

2219 4790 2491 4857 compata
2514 4792 2676 4859 sunt,
2708 4791 2882 4857 terra,
2929 4806 3103 4862 aqua,
3137 4807 3254 4860 aer,
3301 4796 3358 4847 et
3404 4793 3583 4865 ignis.
3633 4794 3858 4849 Terram

2220 4875 2277 4929 in
2311 4875 2612 4944 carnibus,
2646 4893 2837 4934 aerem
2869 4877 2930 4933 in
2968 4877 3176 4947 halitu,
3221 4896 3435 4951 aquam
3486 4881 3548 4938 in
3599 4883 3861 4942 humore.

2290 5036 2312 5069 ὀ
2338 5039 2523 5092 Antea
2553 5041 2697 5102 erat,
2727 5040 2786 5092 in
2816 5053 3053 5108 corpore.

2291 5108 2311 5141 ⁵
2343 5108 2478 5163 Cod.
2513 5108 2571 5164 S.
2607 5108 2826 5163 Crucis.
2875 5105 2980 5163 Per
3026 5108 3262 5164 multam
3304 5111 3658 5180 patientiam.
3692 5105 3862 5165 Paulo

2221 5183 2354 5250 post
2381 5183 2526 5244 erat,
2558 5181 2632 5234 De
2650 5181 3080 5250 resurrectionis
3111 5181 3364 5236 breviter.
3395 5187 3505 5236 etc.

2290 5250 2330 5304 δ.
2364 5251 2548 5316 Idem,
2596 5248 2964 5317 Philosarcas,
3026 5251 3082 5306 id
3131 5260 3205 5308 est
3269 5260 3534 5309 amatores
3584 5253 3864 5315 camium,

2221 5319 2444 5395 sciliget
2475 5338 2508 5395 ᾳ
2540 5316 2700 5395 φίλος
2728 5319 2876 5393 σάρξ.

2293 5392 2310 5423 ⁷
2345 5391 2638 5466 Persicum
2670 5391 2882 5447 nomen
2915 5394 3263 5466 estiManes,
3313 5396 3467 5466 quod
3503 5407 3867 5466 servumque-

2220 5465 2468 5542 tat:_at_
2520 5461 3039 5542 Hieronym_us_ad
3088 5461 3350 5524 Graecum
3385 5465 3546 5542 μανία
3604 5463 3867 5542 respicit.

2221 5532 2375 5603 quod
2435 5535 2615 5606 furor,
2649 5532 2872 5593 insania
2926 5532 3394 5611 interpretatur,'
3424 5539 3542 5596 sive
3575 5532 3749 5610 μανὸῖτ
3781 5535 3866 5592 in-

2217 5619 2404 5662 sanus.
