4094 6166
334 287 460 358 39$

1573 287 1640 351 S.
1682 282 1992 354 EUSEBII‘
2034 283 2500 352 HIERONY‘MI.

3621 275 3739 345 396

332 440 462 482 sum
493 437 751 489 carnem,
778 437 932 489 ossa,
965 425 1334 496 sanguinem,
1395 423 1678 490 membra,
1740 427 1804 476 ut
1858 437 1978 477 cre-
2009 425 2063 488 Α
2094 422 2436 494 simpliciter
2466 439 2598 479 sum
2628 422 2877 478 locutus.
2913 419 3098 486 Quare
3128 435 3244 475 non
3273 433 3510 474 carnem
3541 415 3742 488 potius

333 512 632 570 scentibus
664 510 893 584 capillis
952 517 1185 568 tonsore
1244 528 1434 583 egeas,
1499 527 1678 566 nasus
1736 509 1980 580 pituitae

330 602 577 674 digerat,
608 601 970 657 incrementa
1011 601 1295 673 unguium
1349 599 1665 656 resecanda
1722 597 1859 666 sint,
1916 603 1982 652 ut

330 706 434 762 per
461 689 765 746 inferiores
797 697 992 761 partes
1021 689 1108 744 vel
1141 694 1414 756 stercora,
1438 687 1523 742 vel
1562 686 1837 742 libidines
1894 686 1978 742 ef-

331 777 563 834 ﬂuant?
592 778 651 833 Si
685 777 855 833 affers
885 778 1030 832 istas
1062 777 1309 849 ineptias
1342 776 1720 840 rusticorum,
1752 779 1809 828 et
1856 790 1978 829 car-

331 868 446 935 nis,
498 867 555 922 in
586 883 704 938 qua
731 867 845 922 Deo
877 866 1103 938 placere
1152 883 1265 921 non
1300 880 1636 937 possumus;
1669 863 1835 933 quasi
1870 862 1979 916 ini-

331 957 494 1012 micae
524 955 904 1021 Oblivisceris,
952 960 1009 1010 et
1069 954 1516 1010 resurrectionis
1565 956 1976 1007 mortuorum:

334 1067 362 1095 «
395 1045 730 1101 Seminatur
759 1044 819 1098 in
841 1043 1446 1114 corruptione,surget
1467 1042 1524 1094 in
1545 1039 1981 1110 incorruptione

330 1134 665 1190 Seminatur
692 1133 752 1187 in
775 1131 1149 1197 contumelia,
1206 1135 1407 1200 surget
1457 1129 1515 1184 in
1557 1129 1759 1201 gloria.
1795 1127 1981 1182 Semi-

330 1227 506 1277 natur
535 1222 593 1276 in
625 1221 984 1285 infirmitate,
1012 1225 1214 1291 surget
1245 1220 1302 1273 in
1360 1218 1589 1273 virtute.
1651 1217 1985 1272 Seminatur

329 1327 541 1382 corpus
571 1309 843 1375 animale,
903 1314 1102 1380 surget
1158 1324 1368 1379 corpus
1401 1305 1704 1378 spirituale
1763 1307 1810 1376 (1
1861 1305 1980 1359 Cor.

330 1399 686 1470 “AZ-44).»
719 1399 884 1453 Nunc
913 1396 1098 1452 oculis
1119 1395 1656 1462 videmus,auribus
1688 1393 1984 1460 audimus,

332 1489 610 1544 manibus
642 1486 899 1559 agimus,
930 1486 1180 1557 pedibus
1211 1483 1609 1540 ambulamus.
1645 1484 1705 1536 In
1759 1481 1856 1536 illo
1887 1499 1984 1536 au-

332 1580 452 1632 tem
481 1591 721 1646 corpore
751 1573 1044 1645 spirituali
1078 1573 1183 1628 toti
1237 1572 1586 1638 videbimus,
1648 1569 1754 1625 toti
1786 1568 1982 1624 audie~

335 1661 1132 1734 mus,totioperabimur,toti
1165 1659 1602 1716 ambulabimus
1644 1675 1656 1712 :
1708 1662 1764 1711 et
1801 1662 1989 1712 trans-

333 1751 610 1825 ﬁgurabit
643 1751 922 1806 Dominus
953 1765 1163 1821 corpus
1195 1747 1546 1804 humilitatis
1581 1752 1814 1814 nostrae,
1848 1763 1987 1800 con-

329 1841 517 1896 forme
547 1839 806 1910 corporis
835 1856 954 1894 sua:
977 1837 1193 1910 glorias.
1227 1837 1466 1899 Quando
1526 1835 1689 1900 dixit,
1768 1834 1991 1902 transﬁ-

331 1929 598 2001 gurabit1
633 1928 899 1999 (Philipp.
953 1945 1039 1996 ιιι,
1099 1928 1211 1996 21),
1270 1926 1424 1981 434
1482 1924 1540 1978 id
1588 1928 1676 1978 est
1711 1941 1987 1996 μετασχη-

338 2017 550 2090 ματίσει
581 2018 1002 2081 membrorum,
1039 2015 1255 2086 quibus
1279 2029 1432 2067 nunc
1466 2012 1707 2079 utimur,
1757 2011 1991 2066 diversi-

334 2109 427 2162 tas
458 2107 798 2178 denegatur.
855 2104 1022 2159 Aliud
1057 2103 1225 2158 nobis
1256 2100 1560 2174 spirituale
1590 2105 1646 2156 et
1676 2100 1990 2155 aethereum

335 2195 700 2268 promittitur
731 2211 743 2248 :
780 2194 935 2265 quod
986 2209 1088 2247 nec
1147 2191 1327 2246 tactui
1359 2191 1643 2260 subjacet,
1670 2206 1773 2244 nec
1805 2187 1990 2244 oculis

337 2284 614 2350 cernitur,
647 2299 751 2338 nec
781 2282 1036 2354 pondere
1067 2284 1471 2352 praegravatur
1533 2296 1545 2333 :
1607 2283 1663 2333 et
1712 2295 1814 2349 pro
1843 2276 1993 2332 loco-

335 2390 492 2441 rum,
523 2372 582 2426 in
616 2371 832 2444 quibus
861 2371 1128 2425 futurum
1171 2374 1278 2437 est,
1317 2367 1592 2423 varietate
1647 2366 1988 2421 mutabitur.

335 2460 563 2532 Alioqui
599 2461 648 2516 si
680 2461 897 2515 eaedem
935 2474 1142 2514 cornes
1199 2463 1392 2523 erunt,
1456 2462 1513 2510 et
1570 2472 1813 2527 corpora
1862 2471 1990 2526 qua:

337 2551 598 2614 fuerunt,
632 2565 870 2603 rursum
896 2563 1088 2602 mares
1119 2550 1176 2600 et
1205 2545 1700 2612 feminaz,rursum
1735 2546 1989 2614 nuptiae;

335 2637 478 2692 viris
508 2637 805 2692 hirsutum
837 2634 1244 2705 supercilium,
1273 2633 1457 2688 barba
1485 2633 1709 2703 prolixa
1737 2651 1749 2699 ;
1786 2631 1992 2686 mulie-

349 2726 519 2781 ribus
546 2724 716 2780 laaves
744 2726 766 2758 ²
795 2739 975 2796 genae,
1002 2729 1060 2778 et
1089 2725 1340 2792 angusta
1379 2726 1631 2791 pectora,
1692 2721 1763 2775 ad
1806 2721 1994 2775 conci-

342 2813 592 2888 piendos
623 2817 678 2869 et
707 2803 1019 2885 pariendos
1050 2811 1202 2867 fetus
1230 2813 1429 2864 venter
1483 2815 1541 2864 et
1598 2810 1818 2864 femora
1847 2808 1992 2863 dila-

341 2905 522 2960 tanda
555 2907 716 2960 sunt.
761 2903 1089 2973 Resurgent
1144 2899 1316 2955 etiam
1367 2896 1659 2966 infantuli,
1691 2901 1997 2969 resurgant

347 2997 406 3049 et
437 2991 770 3050 seneszilli
829 2990 1145 3058 nutriendi,
1202 2989 1262 3043 hi
1319 2987 1543 3042 baculis
1603 2987 1990 3042 sustentandi.

342 3082 459 3137 Nec
490 3098 614 3147 vos,
649 3098 680 3136 ο
706 3079 1023 3151 simplices,
1059 3077 1407 3133 resurrectio
1439 3075 1668 3130 Domini
1721 3075 1990 3147 decipiat,

2091 512 2381 578 nominas,
2405 516 2471 566 ut
2490 528 2703 583 corpus
2724 511 3041 583 signiﬁces,
3066 514 3124 564 et
3155 508 3556 563 indifferenter
3581 520 3740 559 nunc

2089 617 2344 663 carnem,
2379 617 2533 656 nunc
2567 617 2798 672 corpus,
2829 603 2894 654 ut
2951 614 3162 670 corpus
3194 598 3252 651 in
3283 609 3479 661 carne,
3506 597 3565 650 et
3605 609 3739 649 caro

2089 688 2147 742 in
2179 705 2418 760 corpore
2448 690 2882 744 demonstretur
2909 688 2936 742 ?
2968 687 3101 755 Sed,
3131 685 3274 741 mihi
3306 685 3622 748 crede,non
3653 685 3745 738 est

2091 777 2340 848 simplex
2398 777 2698 832 silentium
2731 781 2923 832 tuum.
2958 776 3108 832 435
3140 775 3267 830 Alia
3319 773 3477 829 enim
3526 771 3742 838 carnis,

2091 863 2206 918 alia
2236 866 2494 936 corporis
2524 865 2785 921 deﬁnitio
2817 869 2906 920 est
2937 881 2950 917 :
2985 863 3175 919 omnis
3224 878 3357 918 caro
3387 863 3477 917 est
3505 876 3740 932 corpus,

2091 969 2205 1006 non
2239 970 2412 1009 omne
2443 970 2656 1025 corpus
2686 959 2776 1009 est
2805 970 2958 1009 caro.
2993 956 3135 1008 Caro
3183 956 3272 1006 est
3302 950 3556 1022 proprie,
3611 965 3739 1021 quae

2091 1042 2397 1113 sanguine,
2431 1043 2616 1106 venis,
2650 1043 2904 1109 ossibus,
2940 1041 3249 1112 nervisque
3296 1038 3736 1110 constringitur.

2091 1130 2312 1202 Corpus
2343 1147 2682 1203 quanquam
2706 1136 2763 1187 et
2783 1148 2915 1186 caro
2940 1131 3187 1194 dicatur,
3221 1129 3519 1184 interdum
3545 1130 3741 1182 tamen

2092 1219 2406 1274 azthereum
2439 1221 2524 1274 vel
2557 1237 2790 1276 aereum
2825 1219 3180 1283 nominatur,
3215 1218 3370 1289 quod
3429 1215 3611 1271 tactui
3658 1217 3743 1270 vi-

2093 1307 2300 1379 suique
2331 1325 2443 1363 non
2477 1310 2759 1378 subjacet,
2795 1314 2851 1364 et
2880 1307 3226 1380 plerumque
3253 1304 3484 1361 visibile
3533 1308 3624 1359 est
3652 1308 3746 1359 at-

2095 1412 2206 1467 que
2235 1395 2534 1468 tangibile.
2570 1397 2764 1452 Paries
2821 1401 2910 1450 est
2938 1412 3171 1466 corpus,
3230 1395 3333 1450 sed
3385 1411 3501 1449 non
3559 1409 3696 1448 caro
3731 1407 3746 1446 :

2094 1483 2247 1555 lapis
2305 1502 2517 1556 corpus
2544 1490 2649 1553 ost,
2699 1486 2798 1540 sed
2859 1502 2975 1539 non
3030 1500 3162 1539 caro
3211 1483 3428 1538 dicitur
3482 1483 3524 1538 ⁵.
3587 1481 3750 1536 Unde

2097 1573 2396 1644 apostolus
2447 1590 2689 1645 corpora
2745 1573 3004 1629 cmlestia
3059 1571 3334 1644 appellat,
3393 1574 3449 1626 et
3503 1586 3751 1642 corpora

2096 1662 2410 1717 terrestria.
2446 1662 2687 1718 lecste
2721 1679 2931 1735 corpus
2962 1661 3126 1728 solis,
3188 1659 3362 1726 lunae,
3394 1658 3696 1715 stellarum
3731 1674 3746 1712 :

2099 1754 2392 1816 terrestre,
2426 1752 2600 1824 ignis,
2628 1751 2798 1817 aeris,
2826 1756 3038 1822 atquae,
3062 1754 3250 1813 terrae,
3278 1754 3333 1804 et
3365 1747 3748 1819 reliquorum,

2104 1854 2230 1908 quae
2261 1839 2485 1910 absque
2515 1839 2713 1895 anima
2743 1839 2834 1894 his
2865 1842 3180 1894 censentur
3216 1835 3542 1893 elementis.
3574 1835 3754 1891 Vides

2103 1943 2208 1981 nos
2238 1926 2560 1998 intelligere
2587 1926 2944 1982 subtilitates
2975 1930 3220 1992 vestras,
3269 1930 3325 1981 et
3356 1941 3592 1994 arcana,
3621 1940 3754 1996 qua

2101 2015 2158 2068 in
2192 2013 2480 2070 cubiculis
2509 2020 2565 2070 et
2594 2015 2746 2070 inter
2791 2015 3073 2087 perfectos
3122 2013 3454 2085 loquimini,
3513 2017 3570 2069 et
3626 2029 3752 2084 qua

2102 2103 2355 2175 populus
2389 2104 2530 2158 foris
2561 2108 2746 2171 stans,
2780 2119 2886 2158 nec
2913 2107 3171 2158 meretur
3218 2102 3439 2170 audire,
3499 2101 3758 2174 proferre

2101 2191 2160 2245 in
2193 2192 2454 2246 medium
2475 2193 2502 2246 ‘?
2533 2193 2648 2247 Hoc
2679 2196 2767 2247 est
2794 2191 2939 2246 illud
2971 2192 3127 2262 quod
3159 2191 3398 2246 reducta
3427 2190 3502 2245 ad
3532 2190 3760 2245 auricu-

2100 2280 2218 2335 lam
2251 2297 2450 2347 manu,
2482 2285 2539 2335 et
2567 2279 3053 2351 concrepantibus
3074 2278 3294 2351 digitis,
3326 2279 3583 2336 ridentes
3615 2277 3760 2333 dici-

2102 2370 2217 2424 tis:
2254 2392 2280 2417 «
2316 2369 2518 2424 Omnis
2549 2368 2735 2441 gloria
2765 2367 2894 2422 ﬁliae
2947 2368 3100 2439 regis
3159 2368 3519 2423 intrinsecus
3573 2367 3757 2436 (Psal.

2101 2474 2254 2522 κων,
2291 2459 2396 2527 Μ).
2433 2480 2460 2506 ››
2494 2458 2559 2512 Et
2591 2456 2964 2513 «introduxit
2993 2473 3086 2512 me
3145 2473 3245 2512 rex
3292 2457 3353 2510 in
3413 2455 3755 2511 cubiculum

2102 2562 2276 2600 suum
2311 2545 2489 2617 (Cant.
2524 2563 2560 2612 1,
2595 2547 2671 2616 3).
2712 2569 2737 2593 ››
2768 2545 2929 2600 Patet
2972 2561 3154 2616 quare
3211 2543 3494 2616 corporis,
3524 2548 3582 2599 et
3639 2561 3756 2600 non

2103 2633 2294 2688 carnis
2328 2633 2812 2689 resurrectionem
2844 2633 3058 2688 dixeris
3084 2650 3096 2688 :
3122 2632 3345 2688 scilicet
3381 2637 3446 2688 ut
3503 2649 3611 2689 nos
3669 2649 3767 2687 ru-

2102 2723 2206 2777 des
2237 2739 2470 2778 carnem
2500 2727 2554 2778 te
2585 2723 2774 2778 dicere
2797 2727 3141 2794 putaremus
3193 2722 3253 2776 in
3285 2738 3550 2794 corpore,
3584 2725 3639 2777 et
3695 2719 3759 2776 hi

2103 2811 2202 2881 qui
2234 2811 2470 2882 perfecti
2503 2815 2659 2876 sunt,
2696 2809 3088 2882 intelligerent
3143 2826 3379 2866 carnem
3423 2810 3484 2865 in
3517 2825 3759 2882 corpore

2102 2899 2397 2971 denegari.
2432 2900 2693 2971 Denique
2721 2898 3037 2971 Apostolus
3096 2899 3156 2954 in
3214 2898 3474 2970 Epistola
3528 2916 3637 2955 sua
3681 2898 3755 2954 ad

2105 2987 2501 3059 Colossenses,
2534 2988 2732 3043 volens
2763 3005 2974 3060 corpus
3006 2988 3220 3044 Christi
3250 2992 3614 3057 carneum,et
3639 3003 3755 3044 non

2103 3077 2426 3150 Spirituale,
2461 3094 2716 3145 aereum,
2740 3081 2935 3146 tenue,
2968 3078 3392 3144 demonstrare,
3418 3077 3756 3149 signiﬁcan-

345 3167 503 3238 quod
539 3165 695 3220 latus
727 3170 783 3220 et
812 3182 1023 3220 manus
1075 3162 1568 3229 monstraverit,in
1602 3161 1793 3218 littore
1826 3168 1994 3219 stete-
2022 3159 2064 3225 C
2104 3171 2190 3221 ter
2224 3165 2453 3220 locutus
2475 3170 2582 3232 est,
2617 3165 2816 3220 dicens
2854 3182 2865 3220 :
2903 3187 2931 3214 «
2961 3165 3030 3220 Et
3086 3181 3187 3221 vos
3249 3181 3382 3220 cum
3409 3165 3618 3222 essetis
3647 3165 3760 3221 ali-

343 3255 440 3322 rit,
474 3254 534 3308 in
557 3253 764 3308 itinere
795 3269 927 3307 cum
952 3252 1206 3323 Cleopha
1235 3251 1640 3318 ambulaverit,
1674 3257 1729 3306 et
1788 3269 1992 3308 carnes

339 3348 398 3398 et
427 3359 563 3399 ossa
596 3341 809 3397 habere
839 3357 902 3396 se
931 3341 1158 3396 dixerit.
1206 3338 1354 3394 lllud
1387 3357 1600 3412 corpus
1656 3341 1788 3396 aliis
1817 3341 1996 3413 pollet

343 3429 688 3504 privilegiis,
728 3430 881 3502 quod
913 3430 984 3484 de
1015 3429 1123 3483 viri
1149 3429 1370 3484 semine
1393 3435 1450 3484 et
1471 3429 1664 3484 carnis
1695 3429 1990 3500 voluptate

337 3538 454 3576 non
485 3523 686 3576 natum
717 3524 824 3574 est.
859 3519 1120 3574 Comedit
1143 3523 1273 3590 post
1305 3517 1787 3573 resurrectionem
1819 3536 1986 3574 suam

336 3615 393 3666 et
419 3609 584 3676 bibit,
615 3613 673 3664 et
694 3609 941 3664 vestitus
999 3607 1273 3679 apraruit
1333 3608 1690 3678 tangendum
1725 3624 1786 3662 se
1843 3625 1988 3678 prae-

332 3699 482 3768 buit,
517 3703 583 3753 ut
610 3697 1020 3753 dubitantibus
1051 3695 1334 3768 apostolis
1357 3695 1529 3750 ﬁdem
1563 3696 1773 3750 iaceret
1802 3713 1989 3751 resur-

335 3787 633 3844 rectionis.
659 3787 770 3842 Sed
802 3789 997 3842 tamen
1032 3802 1147 3840 non
1176 3784 1512 3840 dissimulat
1539 3789 1807 3839 naturam
1835 3786 1985 3840 aerei

329 3876 588 3948 corporis
639 3879 695 3930 et
750 3873 1096 3947 spiritualis.
1155 3873 1384 3929 Clausis
1445 3874 1599 3928 enim
1659 3873 1985 3944 ingreditur

329 3963 518 4030 ostiis,
533 3968 592 4020 et
610 3964 668 4018 in
691 3963 972 4018 fractione
995 3963 1162 4034 panis
1183 3980 1250 4018 ex
1272 3962 1460 4018 oculis
1491 3963 1799 4018 evanescit.
1834 3963 1982 4035 Ergo

329 4057 386 4108 et
416 4052 584 4109 nobis
614 4057 746 4125 post
776 4052 1258 4108 resurrectionem
1291 4051 1609 4107 bibendum
1663 4051 1772 4106 erit
1803 4057 1860 4106 et
1891 4069 1982 4107 co-

333 4142 712 4210 medendum,
745 4145 802 4198 et
830 4147 963 4213 post
991 4142 1190 4196 cibum
1241 4146 1495 4196 stercora
1526 4141 1819 4212 egerenda
1843 4141 1869 4194 ?
1915 4142 1982 4194 Et

327 4231 427 4287 ubi
450 4231 559 4286 erit
588 4231 687 4287 illa
715 4231 1028 4304 promissio
1063 4249 1074 4286 :
1113 4253 1139 4279 «
1173 4230 1452 4302 Oportet3
1486 4229 1728 4284 mortale
1761 4230 1867 4284 hoc
1898 4230 1978 4283 in-

323 4321 508 4376 duere
536 4319 1041 4376 immortalitatem
1073 4321 1119 4390 (I
1149 4322 1276 4375 Cor.
1312 4336 1400 4385 xv,
1423 4318 1514 4388 53)
1535 4317 1562 4372 ?
1583 4342 1608 4366 ››

394 4410 488 4464 27.
524 4409 658 4464 Caro
688 4417 737 4464 et
765 4425 956 4480 corpus
986 4407 1270 4480 (li/ferunt.
1309 4408 1529 4462 .4stutia
1555 4406 1963 4462 haereticorum.

324 4527 394 4538 —
430 4495 559 4550 Haec
590 4501 679 4552 est
705 4498 899 4552 omnis
957 4514 1135 4552 causa
1181 4513 1285 4551 cur
1336 4497 1392 4550 in
1426 4496 1783 4566 expositione
1840 4498 1974 4554 ﬁdei
2011 4521 2056 4585 D

323 4591 460 4655 tua),
521 4585 594 4639 ad
655 4585 1026 4656 decipiendas
1084 4601 1255 4640 aures
1307 4585 1728 4657 ignorantium,
1781 4586 1976 4642 novies

324 4691 559 4746 corpus,
593 4679 649 4728 et
679 4689 751 4728 ne
777 4673 954 4729 semel
987 4674 1223 4744 quidem
1245 4689 1481 4728 carnem
1503 4673 1807 4730 nominas:
1834 4676 1974 4731 dum

322 4763 590 4819 homines
621 4767 832 4836 putant
859 4767 914 4817 te
945 4779 1150 4817 carnes
1192 4762 1249 4816 in
1295 4763 1637 4834 corporibus
1692 4766 1975 4833 conﬁteri,

321 4857 377 4909 et
406 4853 559 4908 idem
623 4867 856 4908 carnem
907 4868 1034 4906 esse
1065 4853 1219 4922 quod
1281 4867 1514 4922 corpus.
1570 4853 1625 4906 Si
1680 4852 1834 4908 idem
1867 4860 1973 4922 est,

321 4959 437 4998 non
468 4943 767 4998 diversum
813 4941 1107 5013 signiﬁcat
1134 4942 1174 4996 ‘.
1211 4940 1340 4996 Scio
1390 4941 1544 4996 enim
1578 4945 1631 4996 te
1695 4943 1799 4998 hoc
1848 4961 1977 5000 esse

320 5030 617 5086 dicturum
653 5047 664 5085 :
695 5030 894 5086 Putavi
919 5031 1072 5085 idem
1107 5047 1316 5102 corpus
1348 5047 1474 5086 esse
1505 5030 1660 5100 quod
1692 5047 1923 5086 carnem
1960 5049 1972 5085 :

394 5174 408 5246 ξ
448 5173 607 5228 Idem
635 5189 745 5227 ms.
779 5175 1221 5246 transﬁguravit,
1273 5172 1328 5226 id
1387 5178 1477 5228 est
1538 5173 1975 5246 μετεσχημάτισε

391 5244 419 5315 '7
445 5248 626 5298 Antea
649 5239 993 5315 eratteves'i
1040 5245 1210 5315 paulo
1266 5250 1414 5315 post,
1477 5239 1604 5299 eod.
1663 5239 1976 5300 SI'VCrucis

319 5338 347 5367 «
385 5314 473 5370 llli
502 5314 798 5369 nutriendi
830 5319 1022 5379 erunt,
1047 5314 1054 5315 ί
1084 5315 1140 5369 hi
1174 5314 1398 5369 baculis
1430 5317 1824 5370 sustentandi.
1861 5317 1974 5372 Nec

320 5403 446 5452 vos,
482 5384 783 5456 simplices
814 5386 1043 5448 animm,
1076 5386 1443 5450 resurrectio,
1480 5409 1506 5434 ››
1564 5393 1672 5441 etc.

317 5460 339 5493 ³
375 5459 434 5512 ln
485 5457 688 5512 eodem
722 5473 859 5524 ms.,
921 5456 1132 5526 Oportet
1191 5459 1567 5527 corruptivum
1627 5459 1858 5516 induere
1889 5461 1974 5515 in-

311 5530 748 5600 corruptionem,
782 5536 833 5582 et
858 5528 1094 5600 mortale
1126 5527 1240 5594 hoc,
1275 5532 1383 5585 etc.

383 5602 410 5700 ξ
440 5598 571 5673 Ms.,
602 5601 664 5659 El
693 5614 800 5658 non
831 5598 1106 5657 diversum
1134 5601 1435 5675 signiﬁcas.

2100 3255 2332 3325 quando
2356 3254 2591 3310 alienati
2623 3272 2656 3309 a
2685 3254 3002 3321 Cbristo,et
3023 3253 3245 3308 inimici
3268 3270 3480 3310 sensus
3511 3254 3638 3325 ejus
3693 3254 3754 3309 in

2100 3343 2373 3414 operibus
2405 3342 2598 3410 malis,
2633 3341 3029 3398 reconciliavit
3058 3342 3116 3397 in
3151 3359 3390 3415 corpore
3420 3343 3612 3398 carnis
3634 3359 3755 3398 sua

2101 3447 2204 3502 per
2234 3435 2480 3486 mortem
2525 3432 2750 3498 (Coloss.
2810 3449 2846 3498 ι,
2905 3433 3140 3500 21,22).
3203 3454 3229 3479 ››
3287 3432 3660 3502 Rursumque
3687 3430 3751 3486 in

2101 3521 2305 3575 eadem
2338 3520 2594 3591 Epistola
2628 3537 2640 3574 :
2682 3541 2708 3570 α
2741 3521 2797 3574 In
2833 3536 2946 3591 quo
2978 3520 3310 3576 circumcisi
3335 3520 3477 3576 estis
3509 3520 3756 3575 circum-

2098 3609 2317 3665 cisione
2349 3627 2462 3665 non
2509 3626 2687 3664 manu
2750 3609 2900 3664 facta
2956 3607 3016 3662 in
3075 3609 3437 3680 expositione
3495 3609 3754 3681 corporis

2096 3697 2288 3754 carnis
2317 3698 2539 3767 (Cotoss.
2576 3715 2637 3762 ιι,
2663 3697 2772 3767 14).
2808 3718 2835 3745 ››
2863 3697 2923 3751 Si
2956 3713 3168 3768 corpus
3189 3713 3424 3754 carnem
3457 3696 3650 3753 solum
3679 3698 3756 3754 si-

2093 3787 2352 3858 gniﬁcat,
2384 3791 2440 3842 et
2471 3803 2586 3842 non
2617 3791 2706 3842 est
2754 3802 2967 3841 nomen
2999 3785 3365 3859 ambiguum,
3417 3802 3524 3842 nec
3553 3787 3624 3842 ad
3654 3787 3742 3842 di-

2093 3893 2290 3931 versas
2321 3874 2738 3946 intelligentias
2769 3874 2919 3930 trahi
2980 3879 3212 3946 potest:
3247 3875 3392 3931 satis
3451 3875 3746 3947 superﬂue

2091 3981 2432 4037 corporeum
2462 3969 2518 4018 et
2547 3980 2825 4018 carneum
2857 3963 3020 4029 dicit,
3055 3964 3224 4034 quasi
3258 3981 3392 4019 caro
3423 3981 3543 4020 non
3575 3963 3747 4020 intel-

2092 4053 2313 4125 ligatur
2345 4053 2401 4106 in
2436 4069 2675 4122 corpore
2705 4053 2744 4106 ⁸.

2157 4142 2243 4197 28.
2279 4141 2604 4212 Symbolum
2631 4141 2764 4211 ﬁdei
2793 4142 2864 4196 ab
2895 4143 3150 4213 apostolis
3206 4141 3497 4198 traditum.
3555 4171 3621 4183 —
3680 4143 3749 4196 In

2087 4228 2360 4302 Symbolo
2395 4230 2525 4284 ﬁdei
2556 4235 2612 4284 et
2643 4229 2766 4301 spei
2816 4235 3047 4298 nostrae,
3109 4231 3264 4301 quod
3323 4230 3394 4285 ab
3453 4227 3741 4302 apostolis

2086 4319 2388 4383 traditum,
2408 4336 2518 4374 non
2553 4318 2828 4374 scribitur
2850 4319 2906 4373 in
2929 4318 3132 4374 charta
3152 4325 3208 4374 et
3239 4324 3563 4376 atramento
3592 4337 3605 4388 ;
3632 4318 3748 4375 Sed

2087 4411 2142 4464 in
2201 4409 2417 4464 tabulis
2465 4409 2655 4463 cordis
2713 4408 3073 4475 carnalibus,
3133 4413 3267 4481 post
3309 4409 3738 4466 confessionem

2088 4498 2392 4552 Trinitatis
2424 4502 2480 4552 et
2511 4497 2796 4552 unitatem
2837 4497 3124 4565 Ecclesiae,
3186 4515 3358 4554 omne
3416 4498 3743 4555 Christiani

2087 4585 2381 4657 dogmatis
2411 4589 2869 4655 sacramentum,
2900 4586 3094 4642 carnis
3126 4587 3550 4644 resurrectione
3603 4604 3746 4643 con-

2088 4675 2348 4730 cluditur
2378 4676 2418 4728 7.
2448 4674 2515 4728 Et
2546 4679 2607 4728 tu
2642 4675 2700 4729 in
2726 4679 2955 4729 tantum
2987 4675 3045 4728 in
3079 4675 3359 4747 corporis,
3414 4680 3472 4731 et
3527 4675 3742 4732 iterum

2086 4765 2239 4819 436
2271 4763 2550 4835 corporis,
2584 4767 2639 4817 et
2668 4763 2835 4819 tertio
2876 4764 3156 4835 corporis,
3213 4769 3271 4819 et
3296 4781 3485 4836 usque
3542 4763 3744 4822 novies

2085 4854 2367 4924 corporis,
2392 4851 2478 4906 vel
2511 4868 2780 4907 sermone
2810 4851 2895 4907 vel
2937 4869 3180 4907 numero
3214 4853 3574 4923 immoraris,
3635 4869 3742 4910 nec

2084 4942 2262 4998 semel
2285 4942 2556 4998 nominas
2577 4957 2806 4996 carnem
2833 4959 2845 5008 ;
2881 4942 3036 5012 quod
3059 4939 3141 4995 illi
3176 4958 3409 5014 semper
3428 4942 3745 4998 nominant

2084 5048 2342 5097 carnem,
2373 5046 2584 5102 corpus
2614 5045 2745 5084 vero
2779 5033 2990 5085 tacent.
3021 5030 3131 5084 Sed
3163 5035 3219 5085 et
3249 5028 3394 5085 illud
3426 5030 3586 5101 quod
3643 5047 3738 5086 ar-

2155 5176 2175 5208 ⁵
2207 5175 2456 5229 Deerant
2484 5172 2703 5244 isthzec,
2737 5173 2902 5242 Lapis
2931 5188 3126 5244 corpus
3173 5182 3272 5236 est,
3332 5173 3422 5229 sed
3460 5189 3572 5230 non
3611 5189 3740 5230 caro

2084 5246 2303 5315 dicitur,
2337 5261 2476 5317 qua;
2495 5261 2562 5299 ex
2592 5242 2905 5314 archetypo
2939 5244 2996 5298 S.
3024 5242 3234 5300 'Crucis
3265 5244 3635 5317 supplentur.

2154 5318 2175 5350 δ
2210 5314 2415 5370 Ιηῐιὶε.
2448 5314 2593 5369 Salis
2623 5317 2859 5386 super/le
2887 5318 3107 5386 corpori
3153 5314 3354 5384 iunxit
3381 5314 3435 5372 Eat
3491 5333 3736 5385 comem,

2082 5389 2242 5458 quasi
2269 5402 2394 5441 caro
2424 5401 2532 5440 non
2567 5385 2966 5458 intelligeretur
2997 5387 3054 5440 in
3084 5403 3323 5458 corpore.

2153 5460 2171 5492 ⁷
2205 5457 2436 5512 Scilicet
2466 5457 2536 5511 de
2567 5461 2781 5512 interna
2810 5456 2924 5510 vita
2955 5456 3237 5513 articulos
3267 5459 3325 5514 in
3359 5457 3458 5514 illo
3487 5459 3559 5514 de
3609 5475 3739 5515 car-

2084 5528 2176 5586 nis
2207 5529 2628 5588 resurrectione
2658 5527 2938 5594 contineri
2973 5529 3342 5590 credebatur.
3363 5530 3508 5588 Vide
3538 5529 3735 5594 Ruﬁni

2085 5599 2531 5678 expositionem.
2585 5615 2592 5628 υ
