  <div class='ocr_page' id='page_1' title='image "/cluster/home/n/w/nwhite01/storage/ocr_20150623/23/hvd.32044052772480/206.png"; bbox 0 0 4094 6166; ppageno 0'>
   <div class='ocr_carea' id='block_1_1' title="bbox 304 330 424 394">
    <p class='ocr_par' dir='ltr' id='par_1_1' title="bbox 304 330 424 394">
     <span class='ocr_line' id='line_1_1' title="bbox 304 330 424 394; baseline -0.025 0"><span class='ocrx_word' id='word_1_1' title='bbox 304 330 424 394; x_wconf 79' lang='lat'>397</span> 
     </span>
    </p>
   </div>
   <div class='ocr_carea' id='block_1_2' title="bbox 1437 326 2599 393">
    <p class='ocr_par' dir='ltr' id='par_1_2' title="bbox 1437 326 2599 393">
     <span class='ocr_line' id='line_1_2' title="bbox 1437 326 2599 393; baseline -0.003 -1"><span class='ocrx_word' id='word_1_2' title='bbox 1437 331 1750 393; x_wconf 79' lang='lat' dir='ltr'>CONTRA</span> <span class='ocrx_word' id='word_1_3' title='bbox 1779 327 2143 391; x_wconf 82' lang='lat' dir='ltr'>JOANNEM</span> <span class='ocrx_word' id='word_1_4' title='bbox 2190 326 2599 391; x_wconf 82' lang='lat' dir='ltr'>HlEROSOL.</span> 
     </span>
    </p>
   </div>
   <div class='ocr_carea' id='block_1_3' title="bbox 3598 334 3719 397">
    <p class='ocr_par' dir='ltr' id='par_1_3' title="bbox 3598 334 3719 397">
     <span class='ocr_line' id='line_1_3' title="bbox 3598 334 3719 397; baseline 0 0"><span class='ocrx_word' id='word_1_5' title='bbox 3598 334 3719 397; x_wconf 82' lang='lat'>398</span> 
     </span>
    </p>
   </div>
   <div class='ocr_carea' id='block_1_4' title="bbox 302 458 3717 537">
    <p class='ocr_par' dir='ltr' id='par_1_4' title="bbox 302 458 3717 537">
     <span class='ocr_line' id='line_1_4' title="bbox 302 458 3717 537; baseline 0.001 -17"><span class='ocrx_word' id='word_1_6' title='bbox 302 458 445 537; x_wconf 84' lang='lat' dir='ltr'>gute</span> <span class='ocrx_word' id='word_1_7' title='bbox 464 464 797 533; x_wconf 88' lang='lat' dir='ltr'>snbnectis,</span> <span class='ocrx_word' id='word_1_8' title='bbox 826 467 884 519; x_wconf 85' lang='lat' dir='ltr'>et</span> <span class='ocrx_word' id='word_1_9' title='bbox 912 464 1229 536; x_wconf 78' lang='lat' dir='ltr'>prudenter</span> <span class='ocrx_word' id='word_1_10' title='bbox 1263 480 1593 536; x_wconf 67' lang='lat' dir='ltr'>praecavens</span> <span class='ocrx_word' id='word_1_11' title='bbox 1616 462 1958 518; x_wconf 83' lang='lat' dir='ltr'>dissimulas</span> <span class='ocrx_word' id='word_1_12' title='bbox 1986 463 2039 527; x_wconf 81' lang='grc' dir='ltr'><strong>Α</strong></span> <span class='ocrx_word' id='word_1_13' title='bbox 2071 462 2367 517; x_wconf 90' lang='lat' dir='ltr'>ﬁrmitatis</span> <span class='ocrx_word' id='word_1_14' title='bbox 2399 466 2576 533; x_wconf 87' lang='lat' dir='ltr'>atque</span> <span class='ocrx_word' id='word_1_15' title='bbox 2604 463 2837 517; x_wconf 84' lang='lat' dir='ltr'>virtutis</span> <span class='ocrx_word' id='word_1_16' title='bbox 2870 462 3181 519; x_wconf 83' lang='lat' dir='ltr'>beatudine</span> <span class='ocrx_word' id='word_1_17' title='bbox 3213 465 3533 521; x_wconf 89' lang='lat' dir='ltr'>induamur</span> <span class='ocrx_word' id='word_1_18' title='bbox 3560 485 3572 535; x_wconf 89' lang='lat'>;</span> <span class='ocrx_word' id='word_1_19' title='bbox 3614 484 3717 523; x_wconf 85' lang='lat' dir='ltr'>vo-</span> 
     </span>
    </p>
   </div>
   <div class='ocr_carea' id='block_1_5' title="bbox 303 551 1962 624">
    <p class='ocr_par' dir='ltr' id='par_1_5' title="bbox 303 551 1962 624">
     <span class='ocr_line' id='line_1_5' title="bbox 303 551 1962 624; baseline -0.002 -15"><span class='ocrx_word' id='word_1_20' title='bbox 303 553 452 609; x_wconf 91' lang='lat' dir='ltr'>scito</span> <span class='ocrx_word' id='word_1_21' title='bbox 483 568 592 608; x_wconf 89' lang='lat' dir='ltr'>nos</span> <span class='ocrx_word' id='word_1_22' title='bbox 633 551 979 624; x_wconf 81' lang='lat' dir='ltr'>intelligere.</span> <span class='ocrx_word' id='word_1_23' title='bbox 1003 552 1107 609; x_wconf 89' lang='lat' dir='ltr'>His</span> <span class='ocrx_word' id='word_1_24' title='bbox 1132 552 1290 607; x_wconf 93' lang='lat' dir='ltr'>enim</span> <span class='ocrx_word' id='word_1_25' title='bbox 1340 551 1694 607; x_wconf 71' lang='lat' dir='ltr'>testimoniis</span> <span class='ocrx_word' id='word_1_26' title='bbox 1752 552 1962 606; x_wconf 88' lang='lat' dir='ltr'>verita-</span> 
     </span>
    </p>
   </div>
   <div class='ocr_carea' id='block_1_6' title="bbox 300 640 1959 713">
    <p class='ocr_par' dir='ltr' id='par_1_6' title="bbox 300 640 1959 713">
     <span class='ocr_line' id='line_1_6' title="bbox 300 640 1959 713; baseline -0.003 -14"><span class='ocrx_word' id='word_1_27' title='bbox 300 649 421 699; x_wconf 86' lang='lat' dir='ltr'>tem</span> <span class='ocrx_word' id='word_1_28' title='bbox 444 642 897 698; x_wconf 82' lang='lat' dir='ltr'>resurrectionis</span> <span class='ocrx_word' id='word_1_29' title='bbox 938 642 1174 713; x_wconf 88' lang='lat' dir='ltr'>probas,</span> <span class='ocrx_word' id='word_1_30' title='bbox 1204 641 1421 712; x_wconf 87' lang='lat' dir='ltr'>quibus</span> <span class='ocrx_word' id='word_1_31' title='bbox 1465 640 1733 713; x_wconf 85' lang='lat' dir='ltr'>Origines</span> <span class='ocrx_word' id='word_1_32' title='bbox 1767 644 1959 711; x_wconf 89' lang='lat' dir='ltr'>negat,</span> 
     </span>
    </p>
   </div>
   <div class='ocr_carea' id='block_1_7' title="bbox 299 729 1966 798">
    <p class='ocr_par' dir='ltr' id='par_1_7' title="bbox 299 729 1966 798">
     <span class='ocr_line' id='line_1_7' title="bbox 299 729 1966 798; baseline -0.003 -10"><span class='ocrx_word' id='word_1_33' title='bbox 299 736 358 789; x_wconf 84' lang='lat' dir='ltr'>et</span> <span class='ocrx_word' id='word_1_34' title='bbox 385 733 461 787; x_wconf 87' lang='lat' dir='ltr'>de</span> <span class='ocrx_word' id='word_1_35' title='bbox 494 730 689 787; x_wconf 86' lang='lat' dir='ltr'>dubiis</span> <span class='ocrx_word' id='word_1_36' title='bbox 722 730 947 785; x_wconf 89' lang='lat' dir='ltr'>incerta</span> <span class='ocrx_word' id='word_1_37' title='bbox 989 731 1376 798; x_wconf 89' lang='lat' dir='ltr'>conﬁrmans,</span> <span class='ocrx_word' id='word_1_38' title='bbox 1409 734 1623 785; x_wconf 89' lang='lat' dir='ltr'>certam</span> <span class='ocrx_word' id='word_1_39' title='bbox 1679 729 1813 784; x_wconf 87' lang='lat' dir='ltr'>ﬁdei</span> <span class='ocrx_word' id='word_1_40' title='bbox 1868 729 1966 783; x_wconf 89' lang='lat' dir='ltr'>do-</span> 
     </span>
    </p>
   </div>
   <div class='ocr_carea' id='block_1_8' title="bbox 301 818 1962 891">
    <p class='ocr_par' dir='ltr' id='par_1_8' title="bbox 301 818 1962 891">
     <span class='ocr_line' id='line_1_8' title="bbox 301 818 1962 891; baseline -0.004 -14"><span class='ocrx_word' id='word_1_41' title='bbox 301 837 499 885; x_wconf 88' lang='lat' dir='ltr'>mum,</span> <span class='ocrx_word' id='word_1_42' title='bbox 534 821 723 876; x_wconf 85' lang='lat' dir='ltr'>subita</span> <span class='ocrx_word' id='word_1_43' title='bbox 752 824 1102 891; x_wconf 82' lang='lat' dir='ltr'>tempestate</span> <span class='ocrx_word' id='word_1_44' title='bbox 1153 819 1464 874; x_wconf 87' lang='lat' dir='ltr'>subvertis.</span> <span class='ocrx_word' id='word_1_45' title='bbox 1519 842 1545 867; x_wconf 85' lang='lat'><strong>«</strong></span> <span class='ocrx_word' id='word_1_46' title='bbox 1600 818 1962 883; x_wconf 88' lang='lat' dir='ltr'>Seminatur,</span> 
     </span>
    </p>
   </div>
   <div class='ocr_carea' id='block_1_9' title="bbox 305 905 1961 981">
    <p class='ocr_par' dir='ltr' id='par_1_9' title="bbox 305 905 1961 981">
     <span class='ocr_line' id='line_1_9' title="bbox 305 905 1961 981; baseline -0.004 -16"><span class='ocrx_word' id='word_1_47' title='bbox 305 909 530 981; x_wconf 84' lang='lat' dir='ltr'>inquit,</span> <span class='ocrx_word' id='word_1_48' title='bbox 571 925 775 980; x_wconf 89' lang='lat' dir='ltr'>corpus</span> <span class='ocrx_word' id='word_1_49' title='bbox 824 907 1115 964; x_wconf 81' lang='lat' dir='ltr'>animale:</span> <span class='ocrx_word' id='word_1_50' title='bbox 1169 912 1368 979; x_wconf 84' lang='lat' dir='ltr'>surget</span> <span class='ocrx_word' id='word_1_51' title='bbox 1390 924 1602 979; x_wconf 88' lang='lat' dir='ltr'>corpus</span> <span class='ocrx_word' id='word_1_52' title='bbox 1634 905 1961 979; x_wconf 88' lang='lat' dir='ltr'>spirituale.</span> 
     </span>
    </p>
   </div>
   <div class='ocr_carea' id='block_1_10' title="bbox 310 995 1966 1069">
    <p class='ocr_par' dir='ltr' id='par_1_10' title="bbox 310 995 1966 1069">
     <span class='ocr_line' id='line_1_10' title="bbox 310 995 1966 1069; baseline -0.003 -16"><span class='ocrx_word' id='word_1_53' title='bbox 310 997 513 1069; x_wconf 79' lang='lat' dir='ltr'>Neque</span> <span class='ocrx_word' id='word_1_54' title='bbox 539 996 693 1053; x_wconf 91' lang='lat' dir='ltr'>enim</span> <span class='ocrx_word' id='word_1_55' title='bbox 728 996 975 1062; x_wconf 87' lang='lat' dir='ltr'>nubent,</span> <span class='ocrx_word' id='word_1_56' title='bbox 1005 1013 1193 1067; x_wconf 92' lang='lat' dir='ltr'>neque</span> <span class='ocrx_word' id='word_1_57' title='bbox 1248 997 1547 1050; x_wconf 89' lang='lat' dir='ltr'>nubentur</span> <span class='ocrx_word' id='word_1_58' title='bbox 1580 1012 1591 1050; x_wconf 91' lang='lat'>:</span> <span class='ocrx_word' id='word_1_59' title='bbox 1653 995 1754 1050; x_wconf 90' lang='lat' dir='ltr'>sed</span> <span class='ocrx_word' id='word_1_60' title='bbox 1794 997 1966 1050; x_wconf 91' lang='lat' dir='ltr'>erunt</span> 
     </span>
    </p>
   </div>
   <div class='ocr_carea' id='block_1_11' title="bbox 307 1083 1962 1158">
    <p class='ocr_par' dir='ltr' id='par_1_11' title="bbox 307 1083 1962 1158">
     <span class='ocr_line' id='line_1_11' title="bbox 307 1083 1962 1158; baseline -0.002 -18"><span class='ocrx_word' id='word_1_61' title='bbox 307 1087 457 1140; x_wconf 83' lang='lat' dir='ltr'>sicut</span> <span class='ocrx_word' id='word_1_62' title='bbox 476 1084 669 1158; x_wconf 86' lang='lat' dir='ltr'>angeli</span> <span class='ocrx_word' id='word_1_63' title='bbox 702 1086 761 1139; x_wconf 90' lang='lat' dir='ltr'>in</span> <span class='ocrx_word' id='word_1_64' title='bbox 794 1083 1020 1158; x_wconf 80' lang='lat' dir='ltr'>ccelis(l</span> <span class='ocrx_word' id='word_1_65' title='bbox 1042 1085 1143 1140; x_wconf 88' lang='lat' dir='ltr'>Cor</span> <span class='ocrx_word' id='word_1_66' title='bbox 1165 1102 1257 1152; x_wconf 86' lang='lat' dir='ltr'>xv,</span> <span class='ocrx_word' id='word_1_67' title='bbox 1281 1086 1387 1149; x_wconf 62' lang='lat' dir='ltr'>fit;</span> <span class='ocrx_word' id='word_1_68' title='bbox 1451 1083 1646 1139; x_wconf 83' lang='lat' dir='ltr'>Matth.</span> <span class='ocrx_word' id='word_1_69' title='bbox 1680 1100 1820 1151; x_wconf 79' lang='lat' dir='ltr'>xin,</span> <span class='ocrx_word' id='word_1_70' title='bbox 1855 1084 1962 1151; x_wconf 86' lang='lat'>50;</span> 
     </span>
    </p>
   </div>
   <div class='ocr_carea' id='block_1_12' title="bbox 308 1172 1961 1245">
    <p class='ocr_par' dir='ltr' id='par_1_12' title="bbox 308 1172 1961 1245">
     <span class='ocr_line' id='line_1_12' title="bbox 308 1172 1961 1245; baseline -0.002 -15"><span class='ocrx_word' id='word_1_71' title='bbox 308 1178 442 1230; x_wconf 84' lang='lat' dir='ltr'>Luc.</span> <span class='ocrx_word' id='word_1_72' title='bbox 466 1190 566 1242; x_wconf 84' lang='lat' dir='ltr'>xx,</span> <span class='ocrx_word' id='word_1_73' title='bbox 588 1174 702 1245; x_wconf 87' lang='lat'>35).</span> <span class='ocrx_word' id='word_1_74' title='bbox 732 1196 761 1222; x_wconf 85' lang='lat'>»</span> <span class='ocrx_word' id='word_1_75' title='bbox 794 1176 928 1240; x_wconf 70' lang='lat' dir='ltr'>Quae</span> <span class='ocrx_word' id='word_1_76' title='bbox 961 1172 1077 1228; x_wconf 89' lang='lat' dir='ltr'>alia</span> <span class='ocrx_word' id='word_1_77' title='bbox 1109 1172 1376 1244; x_wconf 88' lang='lat' dir='ltr'>exempla</span> <span class='ocrx_word' id='word_1_78' title='bbox 1406 1189 1765 1241; x_wconf 88' lang='lat' dir='ltr'>assumeres,</span> <span class='ocrx_word' id='word_1_79' title='bbox 1798 1172 1848 1228; x_wconf 91' lang='lat' dir='ltr'>si</span> <span class='ocrx_word' id='word_1_80' title='bbox 1875 1189 1961 1227; x_wconf 90' lang='lat' dir='ltr'>re-</span> 
     </span>
    </p>
   </div>
   <div class='ocr_carea' id='block_1_13' title="bbox 298 1262 1964 1335">
    <p class='ocr_par' dir='ltr' id='par_1_13' title="bbox 298 1262 1964 1335">
     <span class='ocr_line' id='line_1_13' title="bbox 298 1262 1964 1335; baseline -0.002 -16"><span class='ocrx_word' id='word_1_81' title='bbox 298 1263 739 1319; x_wconf 88' lang='lat' dir='ltr'>surrectionem</span> <span class='ocrx_word' id='word_1_82' title='bbox 773 1278 1016 1335; x_wconf 85' lang='lat' dir='ltr'>negares</span> <span class='ocrx_word' id='word_1_83' title='bbox 1038 1262 1065 1315; x_wconf 82' lang='lat'><strong>?</strong></span> <span class='ocrx_word' id='word_1_84' title='bbox 1096 1262 1197 1317; x_wconf 88' lang='lat' dir='ltr'>Vis</span> <span class='ocrx_word' id='word_1_85' title='bbox 1228 1262 1717 1317; x_wconf 85' lang='lat' dir='ltr'>resurrectionem</span> <span class='ocrx_word' id='word_1_86' title='bbox 1749 1262 1964 1329; x_wconf 90' lang='lat' dir='ltr'>carnis,</span> 
     </span>
    </p>
   </div>
   <div class='ocr_carea' id='block_1_14' title="bbox 300 1349 1967 1422">
    <p class='ocr_par' dir='ltr' id='par_1_14' title="bbox 300 1349 1967 1422">
     <span class='ocr_line' id='line_1_14' title="bbox 300 1349 1967 1422; baseline 0.001 -18"><span class='ocrx_word' id='word_1_87' title='bbox 300 1351 559 1405; x_wconf 79' lang='lat' dir='ltr'>veritate</span> <span class='ocrx_word' id='word_1_88' title='bbox 579 1354 639 1405; x_wconf 91' lang='lat' dir='ltr'>et</span> <span class='ocrx_word' id='word_1_89' title='bbox 666 1366 781 1405; x_wconf 91' lang='lat' dir='ltr'>non</span> <span class='ocrx_word' id='word_1_90' title='bbox 806 1350 1085 1422; x_wconf 89' lang='lat' dir='ltr'>putative,</span> <span class='ocrx_word' id='word_1_91' title='bbox 1110 1355 1175 1404; x_wconf 90' lang='lat' dir='ltr'>ut</span> <span class='ocrx_word' id='word_1_92' title='bbox 1204 1349 1484 1420; x_wconf 90' lang='lat' dir='ltr'>loqueris,</span> <span class='ocrx_word' id='word_1_93' title='bbox 1518 1351 1802 1405; x_wconf 89' lang='lat' dir='ltr'>conﬁteri.</span> <span class='ocrx_word' id='word_1_94' title='bbox 1832 1350 1967 1405; x_wconf 85' lang='lat' dir='ltr'>Post</span> 
     </span>
    </p>
   </div>
   <div class='ocr_carea' id='block_1_15' title="bbox 297 1438 1964 1511">
    <p class='ocr_par' dir='ltr' id='par_1_15' title="bbox 297 1438 1964 1511">
     <span class='ocr_line' id='line_1_15' title="bbox 297 1438 1964 1511; baseline 0 -17"><span class='ocrx_word' id='word_1_95' title='bbox 297 1439 433 1507; x_wconf 87' lang='lat' dir='ltr'>illa,</span> <span class='ocrx_word' id='word_1_96' title='bbox 487 1439 712 1509; x_wconf 89' lang='lat' dir='ltr'>quibus</span> <span class='ocrx_word' id='word_1_97' title='bbox 764 1438 1164 1511; x_wconf 90' lang='lat' dir='ltr'>ignorantium</span> <span class='ocrx_word' id='word_1_98' title='bbox 1224 1438 1528 1494; x_wconf 88' lang='lat' dir='ltr'>blanditus</span> <span class='ocrx_word' id='word_1_99' title='bbox 1585 1455 1647 1495; x_wconf 90' lang='lat' dir='ltr'>es</span> <span class='ocrx_word' id='word_1_100' title='bbox 1701 1439 1964 1508; x_wconf 89' lang='lat' dir='ltr'>auribus,</span> 
     </span>
    </p>
   </div>
   <div class='ocr_carea' id='block_1_16' title="bbox 297 1527 1965 1601">
    <p class='ocr_par' dir='ltr' id='par_1_16' title="bbox 297 1527 1965 1601">
     <span class='ocr_line' id='line_1_16' title="bbox 297 1527 1965 1601; baseline 0.001 -18"><span class='ocrx_word' id='word_1_101' title='bbox 297 1528 454 1601; x_wconf 89' lang='lat' dir='ltr'>quod</span> <span class='ocrx_word' id='word_1_102' title='bbox 478 1527 541 1583; x_wconf 91' lang='lat' dir='ltr'>in</span> <span class='ocrx_word' id='word_1_103' title='bbox 573 1528 725 1599; x_wconf 89' lang='lat' dir='ltr'>ipsis</span> <span class='ocrx_word' id='word_1_104' title='bbox 750 1528 1118 1598; x_wconf 89' lang='lat' dir='ltr'>corporibus,</span> <span class='ocrx_word' id='word_1_105' title='bbox 1153 1528 1212 1581; x_wconf 92' lang='lat' dir='ltr'>in</span> <span class='ocrx_word' id='word_1_106' title='bbox 1244 1527 1464 1598; x_wconf 88' lang='lat' dir='ltr'>quibus</span> <span class='ocrx_word' id='word_1_107' title='bbox 1497 1527 1711 1583; x_wconf 90' lang='lat' dir='ltr'>mortui</span> <span class='ocrx_word' id='word_1_108' title='bbox 1760 1545 1965 1584; x_wconf 89' lang='lat' dir='ltr'>sumus</span> 
     </span>
    </p>
   </div>
   <div class='ocr_carea' id='block_1_17' title="bbox 298 1615 1961 1690">
    <p class='ocr_par' dir='ltr' id='par_1_17' title="bbox 298 1615 1961 1690">
     <span class='ocr_line' id='line_1_17' title="bbox 298 1615 1961 1690; baseline -0.001 -16"><span class='ocrx_word' id='word_1_109' title='bbox 298 1623 353 1674; x_wconf 87' lang='lat' dir='ltr'>et</span> <span class='ocrx_word' id='word_1_110' title='bbox 373 1616 616 1690; x_wconf 87' lang='lat' dir='ltr'>sepulti,</span> <span class='ocrx_word' id='word_1_111' title='bbox 642 1632 1045 1688; x_wconf 88' lang='lat' dir='ltr'>resurgamus,</span> <span class='ocrx_word' id='word_1_112' title='bbox 1072 1617 1179 1671; x_wconf 90' lang='lat' dir='ltr'>hoc</span> <span class='ocrx_word' id='word_1_113' title='bbox 1208 1615 1405 1688; x_wconf 87' lang='lat' dir='ltr'>potius</span> <span class='ocrx_word' id='word_1_114' title='bbox 1434 1617 1781 1689; x_wconf 88' lang='lat' dir='ltr'>adjunge,et</span> <span class='ocrx_word' id='word_1_115' title='bbox 1802 1618 1961 1672; x_wconf 82' lang='lat' dir='ltr'>dic&#39;:</span> 
     </span>
    </p>
   </div>
   <div class='ocr_carea' id='block_1_18' title="bbox 298 1702 1964 1774">
    <p class='ocr_par' dir='ltr' id='par_1_18' title="bbox 298 1702 1964 1774">
     <span class='ocr_line' id='line_1_18' title="bbox 298 1702 1964 1774; baseline 0 -15"><span class='ocrx_word' id='word_1_116' title='bbox 298 1703 605 1768; x_wconf 84' lang='lat' dir='ltr'>Quomodo</span> <span class='ocrx_word' id='word_1_117' title='bbox 663 1702 949 1758; x_wconf 90' lang='lat' dir='ltr'>Dominus</span> <span class='ocrx_word' id='word_1_118' title='bbox 1002 1706 1135 1774; x_wconf 90' lang='lat' dir='ltr'>post</span> <span class='ocrx_word' id='word_1_119' title='bbox 1189 1704 1683 1759; x_wconf 89' lang='lat' dir='ltr'>resurrectionem</span> <span class='ocrx_word' id='word_1_120' title='bbox 1744 1705 1964 1759; x_wconf 87' lang='lat' dir='ltr'>ﬁxuras</span> 
     </span>
    </p>
   </div>
   <div class='ocr_carea' id='block_1_19' title="bbox 2072 549 3715 627">
    <p class='ocr_par' dir='ltr' id='par_1_19' title="bbox 2072 549 3715 627">
     <span class='ocr_line' id='line_1_19' title="bbox 2072 549 3715 627; baseline 0.005 -24"><span class='ocrx_word' id='word_1_121' title='bbox 2072 549 2259 604; x_wconf 86' lang='lat' dir='ltr'>lentes</span> <span class='ocrx_word' id='word_1_122' title='bbox 2282 567 2395 604; x_wconf 89' lang='lat' dir='ltr'>non</span> <span class='ocrx_word' id='word_1_123' title='bbox 2416 550 2654 621; x_wconf 82' lang='lat' dir='ltr'>spoliari</span> <span class='ocrx_word' id='word_1_124' title='bbox 2678 568 2869 617; x_wconf 89' lang='lat' dir='ltr'>carne,</span> <span class='ocrx_word' id='word_1_125' title='bbox 2895 551 2995 606; x_wconf 90' lang='lat' dir='ltr'>sed</span> <span class='ocrx_word' id='word_1_126' title='bbox 3027 554 3399 623; x_wconf 88' lang='lat' dir='ltr'>supervcstiri</span> <span class='ocrx_word' id='word_1_127' title='bbox 3420 555 3477 609; x_wconf 90' lang='lat' dir='ltr'>in</span> <span class='ocrx_word' id='word_1_128' title='bbox 3505 554 3715 627; x_wconf 90' lang='lat' dir='ltr'>gloria,</span> 
     </span>
    </p>
   </div>
   <div class='ocr_carea' id='block_1_20' title="bbox 2074 638 3717 714">
    <p class='ocr_par' dir='ltr' id='par_1_20' title="bbox 2074 638 3717 714">
     <span class='ocr_line' id='line_1_20' title="bbox 2074 638 3717 714; baseline 0.005 -23"><span class='ocrx_word' id='word_1_129' title='bbox 2074 640 2128 691; x_wconf 90' lang='lat' dir='ltr'>et</span> <span class='ocrx_word' id='word_1_130' title='bbox 2150 638 2512 692; x_wconf 89' lang='lat' dir='ltr'>domicilium</span> <span class='ocrx_word' id='word_1_131' title='bbox 2547 644 2836 704; x_wconf 90' lang='lat' dir='ltr'>nostrum,</span> <span class='ocrx_word' id='word_1_132' title='bbox 2866 640 3018 711; x_wconf 92' lang='lat' dir='ltr'>quod</span> <span class='ocrx_word' id='word_1_133' title='bbox 3043 640 3114 695; x_wconf 89' lang='lat' dir='ltr'>de</span> <span class='ocrx_word' id='word_1_134' title='bbox 3146 641 3286 696; x_wconf 67' lang='lat' dir='ltr'>coelo</span> <span class='ocrx_word' id='word_1_135' title='bbox 3316 648 3423 708; x_wconf 90' lang='lat' dir='ltr'>est,</span> <span class='ocrx_word' id='word_1_136' title='bbox 3444 643 3717 714; x_wconf 88' lang='lat' dir='ltr'>superin-</span> 
     </span>
    </p>
   </div>
   <div class='ocr_carea' id='block_1_21' title="bbox 2074 727 3717 794">
    <p class='ocr_par' dir='ltr' id='par_1_21' title="bbox 2074 727 3717 794">
     <span class='ocr_line' id='line_1_21' title="bbox 2074 727 3717 794; baseline 0.004 -15"><span class='ocrx_word' id='word_1_137' title='bbox 2074 727 2173 780; x_wconf 88' lang='lat' dir='ltr'>dui</span> <span class='ocrx_word' id='word_1_138' title='bbox 2201 727 2621 794; x_wconf 87' lang='lat' dir='ltr'>desiderantes,</span> <span class='ocrx_word' id='word_1_139' title='bbox 2655 734 2720 783; x_wconf 91' lang='lat' dir='ltr'>ut</span> <span class='ocrx_word' id='word_1_140' title='bbox 2749 730 3054 785; x_wconf 88' lang='lat' dir='ltr'>devoretur</span> <span class='ocrx_word' id='word_1_141' title='bbox 3085 730 3329 785; x_wconf 88' lang='lat' dir='ltr'>mortale</span> <span class='ocrx_word' id='word_1_142' title='bbox 3360 747 3393 785; x_wconf 90' lang='lat' dir='ltr'>a</span> <span class='ocrx_word' id='word_1_143' title='bbox 3420 731 3555 785; x_wconf 90' lang='lat' dir='ltr'>vita.</span> <span class='ocrx_word' id='word_1_144' title='bbox 3580 732 3717 786; x_wconf 89' lang='lat' dir='ltr'>Cer-</span> 
     </span>
    </p>
   </div>
   <div class='ocr_carea' id='block_1_22' title="bbox 2074 817 3720 888">
    <p class='ocr_par' dir='ltr' id='par_1_22' title="bbox 2074 817 3720 888">
     <span class='ocr_line' id='line_1_22' title="bbox 2074 817 3720 888; baseline 0.002 -19"><span class='ocrx_word' id='word_1_145' title='bbox 2074 819 2128 870; x_wconf 90' lang='lat' dir='ltr'>te</span> <span class='ocrx_word' id='word_1_146' title='bbox 2150 832 2320 871; x_wconf 88' lang='lat' dir='ltr'>nemo</span> <span class='ocrx_word' id='word_1_147' title='bbox 2344 817 2807 887; x_wconf 90' lang='lat' dir='ltr'>superinduitur,</span> <span class='ocrx_word' id='word_1_148' title='bbox 2852 818 2962 873; x_wconf 86' lang='lat' dir='ltr'>nisi</span> <span class='ocrx_word' id='word_1_149' title='bbox 2989 818 3089 888; x_wconf 88' lang='lat' dir='ltr'>qui</span> <span class='ocrx_word' id='word_1_150' title='bbox 3117 822 3249 873; x_wconf 86' lang='lat' dir='ltr'>ante</span> <span class='ocrx_word' id='word_1_151' title='bbox 3309 820 3557 874; x_wconf 89' lang='lat' dir='ltr'>vestitus</span> <span class='ocrx_word' id='word_1_152' title='bbox 3611 824 3720 875; x_wconf 90' lang='lat' dir='ltr'>est.</span> 
     </span>
    </p>
   </div>
   <div class='ocr_carea' id='block_1_23' title="bbox 2074 903 3725 979">
    <p class='ocr_par' dir='ltr' id='par_1_23' title="bbox 2074 903 3725 979">
     <span class='ocr_line' id='line_1_23' title="bbox 2074 903 3725 979; baseline 0.004 -22"><span class='ocrx_word' id='word_1_153' title='bbox 2074 903 2168 957; x_wconf 92' lang='lat' dir='ltr'>Sic</span> <span class='ocrx_word' id='word_1_154' title='bbox 2191 908 2246 958; x_wconf 90' lang='lat' dir='ltr'>et</span> <span class='ocrx_word' id='word_1_155' title='bbox 2268 904 2547 960; x_wconf 88' lang='lat' dir='ltr'>Dominus</span> <span class='ocrx_word' id='word_1_156' title='bbox 2568 911 2767 961; x_wconf 90' lang='lat' dir='ltr'>noster</span> <span class='ocrx_word' id='word_1_157' title='bbox 2788 906 2845 960; x_wconf 90' lang='lat' dir='ltr'>in</span> <span class='ocrx_word' id='word_1_158' title='bbox 2868 913 3065 962; x_wconf 90' lang='lat' dir='ltr'>monte</span> <span class='ocrx_word' id='word_1_159' title='bbox 3086 908 3544 979; x_wconf 89' lang='lat' dir='ltr'>transﬁguratus</span> <span class='ocrx_word' id='word_1_160' title='bbox 3560 913 3647 963; x_wconf 91' lang='lat' dir='ltr'>est</span> <span class='ocrx_word' id='word_1_161' title='bbox 3666 908 3725 963; x_wconf 89' lang='lat' dir='ltr'>in</span> 
     </span>
    </p>
   </div>
   <div class='ocr_carea' id='block_1_24' title="bbox 2075 991 3727 1063">
    <p class='ocr_par' dir='ltr' id='par_1_24' title="bbox 2075 991 3727 1063">
     <span class='ocr_line' id='line_1_24' title="bbox 2075 991 3727 1063; baseline 0.003 -18"><span class='ocrx_word' id='word_1_162' title='bbox 2075 991 2261 1063; x_wconf 86' lang='lat' dir='ltr'>gloria</span> <span class='ocrx_word' id='word_1_163' title='bbox 2284 993 2493 1063; x_wconf 85' lang='lat' dir='ltr'>(Matth.</span> <span class='ocrx_word' id='word_1_164' title='bbox 2519 998 2727 1061; x_wconf 83' lang='lat' dir='ltr'>xvu,et</span> <span class='ocrx_word' id='word_1_165' title='bbox 2760 999 2932 1050; x_wconf 85' lang='lat' dir='ltr'>Marc.</span> <span class='ocrx_word' id='word_1_166' title='bbox 2987 998 3084 1063; x_wconf 80' lang='lat' dir='ltr'>Ix),</span> <span class='ocrx_word' id='word_1_167' title='bbox 3120 1012 3233 1050; x_wconf 91' lang='lat' dir='ltr'>non</span> <span class='ocrx_word' id='word_1_168' title='bbox 3290 999 3356 1050; x_wconf 92' lang='lat' dir='ltr'>ut</span> <span class='ocrx_word' id='word_1_169' title='bbox 3389 1013 3602 1050; x_wconf 76' lang='lat' dir='ltr'>manus</span> <span class='ocrx_word' id='word_1_170' title='bbox 3662 1011 3727 1051; x_wconf 87' lang='lat' dir='ltr'>ac</span> 
     </span>
    </p>
   </div>
   <div class='ocr_carea' id='block_1_25' title="bbox 2076 1082 3729 1154">
    <p class='ocr_par' dir='ltr' id='par_1_25' title="bbox 2076 1082 3729 1154">
     <span class='ocr_line' id='line_1_25' title="bbox 2076 1082 3729 1154; baseline 0.002 -19"><span class='ocrx_word' id='word_1_171' title='bbox 2076 1082 2252 1152; x_wconf 88' lang='lat' dir='ltr'>pedes</span> <span class='ocrx_word' id='word_1_172' title='bbox 2282 1086 2603 1153; x_wconf 66' lang='lat' dir='ltr'>caeteraque</span> <span class='ocrx_word' id='word_1_173' title='bbox 2634 1084 2896 1138; x_wconf 88' lang='lat' dir='ltr'>membra</span> <span class='ocrx_word' id='word_1_174' title='bbox 2928 1085 3213 1154; x_wconf 90' lang='lat' dir='ltr'>perderet,</span> <span class='ocrx_word' id='word_1_175' title='bbox 3248 1089 3304 1139; x_wconf 90' lang='lat' dir='ltr'>et</span> <span class='ocrx_word' id='word_1_176' title='bbox 3334 1085 3529 1140; x_wconf 91' lang='lat' dir='ltr'>subito</span> <span class='ocrx_word' id='word_1_177' title='bbox 3558 1086 3615 1138; x_wconf 92' lang='lat' dir='ltr'>in</span> <span class='ocrx_word' id='word_1_178' title='bbox 3640 1100 3729 1138; x_wconf 87' lang='lat' dir='ltr'>ro-</span> 
     </span>
    </p>
   </div>
   <div class='ocr_carea' id='block_1_26' title="bbox 2074 1171 3723 1243">
    <p class='ocr_par' dir='ltr' id='par_1_26' title="bbox 2074 1171 3723 1243">
     <span class='ocr_line' id='line_1_26' title="bbox 2074 1171 3723 1243; baseline 0.002 -19"><span class='ocrx_word' id='word_1_179' title='bbox 2074 1171 2365 1226; x_wconf 89' lang='lat' dir='ltr'>tunditate</span> <span class='ocrx_word' id='word_1_180' title='bbox 2421 1171 2508 1225; x_wconf 89' lang='lat' dir='ltr'>vel</span> <span class='ocrx_word' id='word_1_181' title='bbox 2556 1171 2715 1238; x_wconf 88' lang='lat' dir='ltr'>solis,</span> <span class='ocrx_word' id='word_1_182' title='bbox 2748 1171 2836 1227; x_wconf 85' lang='lat' dir='ltr'>vel</span> <span class='ocrx_word' id='word_1_183' title='bbox 2896 1172 3135 1243; x_wconf 70' lang='lat' dir='ltr'>sphterae</span> <span class='ocrx_word' id='word_1_184' title='bbox 3194 1173 3563 1229; x_wconf 87' lang='lat' dir='ltr'>volveretur:</span> <span class='ocrx_word' id='word_1_185' title='bbox 3624 1173 3723 1229; x_wconf 88' lang='lat' dir='ltr'>sed</span> 
     </span>
    </p>
   </div>
   <div class='ocr_carea' id='block_1_27' title="bbox 2075 1259 3725 1333">
    <p class='ocr_par' dir='ltr' id='par_1_27' title="bbox 2075 1259 3725 1333">
     <span class='ocr_line' id='line_1_27' title="bbox 2075 1259 3725 1333; baseline 0.001 -20"><span class='ocrx_word' id='word_1_186' title='bbox 2075 1260 2278 1314; x_wconf 89' lang='lat' dir='ltr'>eadem</span> <span class='ocrx_word' id='word_1_187' title='bbox 2313 1260 2579 1315; x_wconf 89' lang='lat' dir='ltr'>membra</span> <span class='ocrx_word' id='word_1_188' title='bbox 2609 1260 2751 1315; x_wconf 89' lang='lat' dir='ltr'>solis</span> <span class='ocrx_word' id='word_1_189' title='bbox 2783 1259 3008 1332; x_wconf 83' lang='lat' dir='ltr'>fulgore</span> <span class='ocrx_word' id='word_1_190' title='bbox 3040 1260 3365 1327; x_wconf 87' lang='lat' dir='ltr'>rutilantia,</span> <span class='ocrx_word' id='word_1_191' title='bbox 3425 1261 3725 1333; x_wconf 88' lang='lat' dir='ltr'>apostolo-</span> 
     </span>
    </p>
   </div>
   <div class='ocr_carea' id='block_1_28' title="bbox 2076 1347 3729 1420">
    <p class='ocr_par' dir='ltr' id='par_1_28' title="bbox 2076 1347 3729 1420">
     <span class='ocr_line' id='line_1_28' title="bbox 2076 1347 3729 1420; baseline 0.002 -19"><span class='ocrx_word' id='word_1_192' title='bbox 2076 1364 2207 1402; x_wconf 88' lang='lat' dir='ltr'>rum</span> <span class='ocrx_word' id='word_1_193' title='bbox 2259 1347 2460 1403; x_wconf 90' lang='lat' dir='ltr'>oculos</span> <span class='ocrx_word' id='word_1_194' title='bbox 2516 1350 2993 1420; x_wconf 68' lang='lat' dir='ltr'>prmstringerent</span> <span class='ocrx_word' id='word_1_195' title='bbox 3028 1368 3040 1404; x_wconf 89' lang='lat'><strong>:</strong></span> <span class='ocrx_word' id='word_1_196' title='bbox 3079 1351 3233 1405; x_wconf 91' lang='lat' dir='ltr'>unde</span> <span class='ocrx_word' id='word_1_197' title='bbox 3266 1354 3321 1403; x_wconf 89' lang='lat' dir='ltr'>et</span> <span class='ocrx_word' id='word_1_198' title='bbox 3376 1351 3729 1405; x_wconf 88' lang='lat' dir='ltr'>vestimenta</span> 
     </span>
    </p>
   </div>
   <div class='ocr_carea' id='block_1_29' title="bbox 2075 1437 3723 1507">
    <p class='ocr_par' dir='ltr' id='par_1_29' title="bbox 2075 1437 3723 1507">
     <span class='ocr_line' id='line_1_29' title="bbox 2075 1437 3723 1507; baseline 0.001 -16"><span class='ocrx_word' id='word_1_199' title='bbox 2075 1437 2202 1507; x_wconf 83' lang='lat' dir='ltr'>ejus</span> <span class='ocrx_word' id='word_1_200' title='bbox 2228 1440 2453 1492; x_wconf 90' lang='lat' dir='ltr'>mutata</span> <span class='ocrx_word' id='word_1_201' title='bbox 2486 1443 2626 1492; x_wconf 90' lang='lat' dir='ltr'>sunt</span> <span class='ocrx_word' id='word_1_202' title='bbox 2656 1438 2715 1491; x_wconf 93' lang='lat' dir='ltr'>in</span> <span class='ocrx_word' id='word_1_203' title='bbox 2748 1439 3080 1504; x_wconf 88' lang='lat' dir='ltr'>candorem,</span> <span class='ocrx_word' id='word_1_204' title='bbox 3116 1456 3231 1493; x_wconf 91' lang='lat' dir='ltr'>non</span> <span class='ocrx_word' id='word_1_205' title='bbox 3267 1440 3325 1493; x_wconf 92' lang='lat' dir='ltr'>in</span> <span class='ocrx_word' id='word_1_206' title='bbox 3378 1456 3569 1493; x_wconf 86' lang='lat' dir='ltr'>aerem</span> <span class='ocrx_word' id='word_1_207' title='bbox 3598 1457 3611 1505; x_wconf 89' lang='lat'><strong>;</strong></span> <span class='ocrx_word' id='word_1_208' title='bbox 3650 1455 3723 1493; x_wconf 90' lang='lat' dir='ltr'>ne</span> 
     </span>
    </p>
   </div>
   <div class='ocr_carea' id='block_1_30' title="bbox 2077 1526 3723 1598">
    <p class='ocr_par' dir='ltr' id='par_1_30' title="bbox 2077 1526 3723 1598">
     <span class='ocr_line' id='line_1_30' title="bbox 2077 1526 3723 1598; baseline 0.002 -19"><span class='ocrx_word' id='word_1_209' title='bbox 2077 1526 2222 1580; x_wconf 87' lang='lat' dir='ltr'>forte</span> <span class='ocrx_word' id='word_1_210' title='bbox 2253 1530 2307 1579; x_wconf 92' lang='lat' dir='ltr'>et</span> <span class='ocrx_word' id='word_1_211' title='bbox 2336 1530 2526 1580; x_wconf 90' lang='lat' dir='ltr'>vestes</span> <span class='ocrx_word' id='word_1_212' title='bbox 2556 1528 2680 1596; x_wconf 76' lang='lat' dir='ltr'>ejus</span> <span class='ocrx_word' id='word_1_213' title='bbox 2710 1543 2940 1581; x_wconf 87' lang='lat' dir='ltr'>asseras</span> <span class='ocrx_word' id='word_1_214' title='bbox 2981 1526 3317 1598; x_wconf 87' lang='lat' dir='ltr'>spirituales</span> <span class='ocrx_word' id='word_1_215' title='bbox 3354 1546 3365 1582; x_wconf 93' lang='lat'>:</span> <span class='ocrx_word' id='word_1_216' title='bbox 3426 1532 3491 1583; x_wconf 89' lang='lat' dir='ltr'>Et</span> <span class='ocrx_word' id='word_1_217' title='bbox 3550 1529 3723 1597; x_wconf 83' lang='lat' dir='ltr'>facies</span> 
     </span>
    </p>
   </div>
   <div class='ocr_carea' id='block_1_31' title="bbox 2073 1613 3723 1686">
    <p class='ocr_par' dir='ltr' id='par_1_31' title="bbox 2073 1613 3723 1686">
     <span class='ocr_line' id='line_1_31' title="bbox 2073 1613 3723 1686; baseline 0.002 -19"><span class='ocrx_word' id='word_1_218' title='bbox 2073 1614 2207 1685; x_wconf 86' lang='lat' dir='ltr'>ejus,</span> <span class='ocrx_word' id='word_1_219' title='bbox 2242 1613 2453 1686; x_wconf 90' lang='lat' dir='ltr'>inquit,</span> <span class='ocrx_word' id='word_1_220' title='bbox 2485 1616 2729 1685; x_wconf 81' lang='lat' dir='ltr'>fulgebat</span> <span class='ocrx_word' id='word_1_221' title='bbox 2745 1617 2884 1669; x_wconf 87' lang='lat' dir='ltr'>sicut</span> <span class='ocrx_word' id='word_1_222' title='bbox 2916 1616 2994 1669; x_wconf 88' lang='lat' dir='ltr'>sol</span> <span class='ocrx_word' id='word_1_223' title='bbox 3026 1616 3230 1685; x_wconf 81' lang='lat' dir='ltr'>(Matth.</span> <span class='ocrx_word' id='word_1_224' title='bbox 3300 1633 3439 1683; x_wconf 87' lang='lat' dir='ltr'>xvn,</span> <span class='ocrx_word' id='word_1_225' title='bbox 3472 1618 3550 1686; x_wconf 86' lang='lat'>2).</span> <span class='ocrx_word' id='word_1_226' title='bbox 3615 1616 3723 1671; x_wconf 93' lang='lat' dir='ltr'>Ubi</span> 
     </span>
    </p>
   </div>
   <div class='ocr_carea' id='block_1_32' title="bbox 2076 1702 3723 1775">
    <p class='ocr_par' dir='ltr' id='par_1_32' title="bbox 2076 1702 3723 1775">
     <span class='ocr_line' id='line_1_32' title="bbox 2076 1702 3723 1775; baseline 0.001 -18"><span class='ocrx_word' id='word_1_227' title='bbox 2076 1710 2272 1758; x_wconf 66' lang='lat' dir='ltr'>autem</span> <span class='ocrx_word' id='word_1_228' title='bbox 2305 1702 2480 1758; x_wconf 89' lang='lat' dir='ltr'>facies</span> <span class='ocrx_word' id='word_1_229' title='bbox 2520 1703 2876 1771; x_wconf 89' lang='lat' dir='ltr'>nominatur,</span> <span class='ocrx_word' id='word_1_230' title='bbox 2924 1704 3149 1758; x_wconf 63' lang='lat' dir='ltr'>mstimo</span> <span class='ocrx_word' id='word_1_231' title='bbox 3182 1705 3337 1775; x_wconf 88' lang='lat' dir='ltr'>quod</span> <span class='ocrx_word' id='word_1_232' title='bbox 3400 1708 3456 1759; x_wconf 87' lang='lat' dir='ltr'>et</span> <span class='ocrx_word' id='word_1_233' title='bbox 3513 1709 3723 1759; x_wconf 68' lang='lat' dir='ltr'>caztera</span> 
     </span>
    </p>
   </div>
   <div class='ocr_carea' id='block_1_33' title="bbox 305 1791 3719 1883">
    <p class='ocr_par' dir='ltr' id='par_1_33' title="bbox 305 1791 3719 1883">
     <span class='ocr_line' id='line_1_33' title="bbox 305 1791 3719 1883; baseline -0.001 -35"><span class='ocrx_word' id='word_1_234' title='bbox 305 1792 606 1849; x_wconf 85' lang='lat' dir='ltr'>clavorum</span> <span class='ocrx_word' id='word_1_235' title='bbox 637 1791 895 1847; x_wconf 86' lang='lat' dir='ltr'>ostendit</span> <span class='ocrx_word' id='word_1_236' title='bbox 924 1792 981 1845; x_wconf 90' lang='lat' dir='ltr'>in</span> <span class='ocrx_word' id='word_1_237' title='bbox 999 1792 1295 1860; x_wconf 91' lang='lat' dir='ltr'>manibus,</span> <span class='ocrx_word' id='word_1_238' title='bbox 1321 1792 1538 1847; x_wconf 91' lang='lat' dir='ltr'>vulnus</span> <span class='ocrx_word' id='word_1_239' title='bbox 1561 1792 1773 1848; x_wconf 67' lang='lat' dir='ltr'>lanceae</span> <span class='ocrx_word' id='word_1_240' title='bbox 1798 1810 1960 1848; x_wconf 87' lang='lat' dir='ltr'>mon-</span> <span class='ocrx_word' id='word_1_241' title='bbox 1994 1819 2042 1883; x_wconf 82' lang='lat' dir='ltr'><strong>B</strong></span> <span class='ocrx_word' id='word_1_242' title='bbox 2075 1792 2342 1846; x_wconf 88' lang='lat' dir='ltr'>membra</span> <span class='ocrx_word' id='word_1_243' title='bbox 2362 1798 2675 1863; x_wconf 90' lang='lat' dir='ltr'>conspecta</span> <span class='ocrx_word' id='word_1_244' title='bbox 2706 1792 2842 1859; x_wconf 87' lang='lat' dir='ltr'>sint,</span> <span class='ocrx_word' id='word_1_245' title='bbox 2906 1792 3099 1847; x_wconf 89' lang='lat' dir='ltr'>Enoch</span> <span class='ocrx_word' id='word_1_246' title='bbox 3135 1792 3458 1848; x_wconf 88' lang='lat' dir='ltr'>translatus</span> <span class='ocrx_word' id='word_1_247' title='bbox 3519 1798 3608 1847; x_wconf 88' lang='lat' dir='ltr'>est</span> <span class='ocrx_word' id='word_1_248' title='bbox 3658 1792 3719 1847; x_wconf 91' lang='lat' dir='ltr'>in</span> 
     </span>
    </p>
   </div>
   <div class='ocr_carea' id='block_1_34' title="bbox 302 1880 1960 1954">
    <p class='ocr_par' dir='ltr' id='par_1_34' title="bbox 302 1880 1960 1954">
     <span class='ocr_line' id='line_1_34' title="bbox 302 1880 1960 1954; baseline -0.001 -16"><span class='ocrx_word' id='word_1_249' title='bbox 302 1882 514 1938; x_wconf 85' lang='lat' dir='ltr'>stravit</span> <span class='ocrx_word' id='word_1_250' title='bbox 544 1883 604 1936; x_wconf 89' lang='lat' dir='ltr'>in</span> <span class='ocrx_word' id='word_1_251' title='bbox 625 1881 889 1949; x_wconf 89' lang='lat' dir='ltr'>latere,et</span> <span class='ocrx_word' id='word_1_252' title='bbox 909 1880 1324 1937; x_wconf 87' lang='lat' dir='ltr'>dubitantibus</span> <span class='ocrx_word' id='word_1_253' title='bbox 1344 1881 1648 1953; x_wconf 88' lang='lat' dir='ltr'>apostolis,</span> <span class='ocrx_word' id='word_1_254' title='bbox 1675 1882 1828 1954; x_wconf 93' lang='lat' dir='ltr'>quod</span> <span class='ocrx_word' id='word_1_255' title='bbox 1856 1900 1960 1953; x_wconf 86' lang='lat' dir='ltr'>pu-</span> 
     </span>
    </p>
   </div>
   <div class='ocr_carea' id='block_1_35' title="bbox 299 1969 1963 2043">
    <p class='ocr_par' dir='ltr' id='par_1_35' title="bbox 299 1969 1963 2043">
     <span class='ocr_line' id='line_1_35' title="bbox 299 1969 1963 2043; baseline -0.002 -15"><span class='ocrx_word' id='word_1_256' title='bbox 299 1976 498 2028; x_wconf 83' lang='lat' dir='ltr'>tarent</span> <span class='ocrx_word' id='word_1_257' title='bbox 529 1971 885 2043; x_wconf 87' lang='lat' dir='ltr'>phantasma</span> <span class='ocrx_word' id='word_1_258' title='bbox 916 1985 977 2024; x_wconf 91' lang='lat' dir='ltr'>se</span> <span class='ocrx_word' id='word_1_259' title='bbox 1016 1969 1232 2037; x_wconf 90' lang='lat' dir='ltr'>videre,</span> <span class='ocrx_word' id='word_1_260' title='bbox 1285 1970 1607 2040; x_wconf 88' lang='lat' dir='ltr'>respondit,</span> <span class='ocrx_word' id='word_1_261' title='bbox 1650 1992 1676 2019; x_wconf 92' lang='grc'><strong>‹‹</strong></span> <span class='ocrx_word' id='word_1_262' title='bbox 1730 1970 1963 2042; x_wconf 86' lang='lat' dir='ltr'>Palpate</span> 
     </span>
    </p>
   </div>
   <div class='ocr_carea' id='block_1_36' title="bbox 309 2058 1960 2130">
    <p class='ocr_par' dir='ltr' id='par_1_36' title="bbox 309 2058 1960 2130">
     <span class='ocr_line' id='line_1_36' title="bbox 309 2058 1960 2130; baseline 0.001 -16"><span class='ocrx_word' id='word_1_263' title='bbox 309 2076 412 2115; x_wconf 87' lang='lat' dir='ltr'>me</span> <span class='ocrx_word' id='word_1_264' title='bbox 440 2064 500 2114; x_wconf 87' lang='lat' dir='ltr'>et</span> <span class='ocrx_word' id='word_1_265' title='bbox 518 2059 718 2125; x_wconf 86' lang='lat' dir='ltr'>videte,</span> <span class='ocrx_word' id='word_1_266' title='bbox 744 2058 1027 2130; x_wconf 90' lang='lat' dir='ltr'>quoniam</span> <span class='ocrx_word' id='word_1_267' title='bbox 1060 2058 1305 2129; x_wconf 89' lang='lat' dir='ltr'>spiritus</span> <span class='ocrx_word' id='word_1_268' title='bbox 1339 2075 1545 2113; x_wconf 90' lang='lat' dir='ltr'>carnes</span> <span class='ocrx_word' id='word_1_269' title='bbox 1578 2064 1636 2114; x_wconf 91' lang='lat' dir='ltr'>et</span> <span class='ocrx_word' id='word_1_270' title='bbox 1667 2076 1802 2114; x_wconf 90' lang='lat' dir='ltr'>ossa</span> <span class='ocrx_word' id='word_1_271' title='bbox 1844 2077 1960 2115; x_wconf 92' lang='lat' dir='ltr'>non</span> 
     </span>
    </p>
   </div>
   <div class='ocr_carea' id='block_1_37' title="bbox 314 2146 1959 2217">
    <p class='ocr_par' dir='ltr' id='par_1_37' title="bbox 314 2146 1959 2217">
     <span class='ocr_line' id='line_1_37' title="bbox 314 2146 1959 2217; baseline 0.001 -16"><span class='ocrx_word' id='word_1_272' title='bbox 314 2147 520 2213; x_wconf 85' lang='lat' dir='ltr'>habet,</span> <span class='ocrx_word' id='word_1_273' title='bbox 544 2146 685 2201; x_wconf 87' lang='lat' dir='ltr'>sicut</span> <span class='ocrx_word' id='word_1_274' title='bbox 710 2162 803 2201; x_wconf 89' lang='lat' dir='ltr'>me</span> <span class='ocrx_word' id='word_1_275' title='bbox 824 2146 1037 2202; x_wconf 85' lang='lat' dir='ltr'>videtis</span> <span class='ocrx_word' id='word_1_276' title='bbox 1058 2146 1272 2201; x_wconf 89' lang='lat' dir='ltr'>habere</span> <span class='ocrx_word' id='word_1_277' title='bbox 1322 2147 1471 2217; x_wconf 85' lang='lat' dir='ltr'>(Luc.</span> <span class='ocrx_word' id='word_1_278' title='bbox 1502 2164 1657 2215; x_wconf 81' lang='lat' dir='ltr'>xxiv,</span> <span class='ocrx_word' id='word_1_279' title='bbox 1709 2148 1821 2217; x_wconf 90' lang='lat'>39).</span> <span class='ocrx_word' id='word_1_280' title='bbox 1844 2171 1872 2197; x_wconf 85' lang='lat'>»</span> <span class='ocrx_word' id='word_1_281' title='bbox 1904 2154 1959 2204; x_wconf 90' lang='lat' dir='ltr'>et</span> 
     </span>
    </p>
   </div>
   <div class='ocr_carea' id='block_1_38' title="bbox 307 2233 1955 2307">
    <p class='ocr_par' dir='ltr' id='par_1_38' title="bbox 307 2233 1955 2307">
     <span class='ocr_line' id='line_1_38' title="bbox 307 2233 1955 2307; baseline 0.002 -17"><span class='ocrx_word' id='word_1_282' title='bbox 307 2234 939 2307; x_wconf 80' lang='lat' dir='ltr'>praprieadThomam</span> <span class='ocrx_word' id='word_1_283' title='bbox 967 2251 978 2288; x_wconf 92' lang='lat'><strong>:</strong></span> <span class='ocrx_word' id='word_1_284' title='bbox 1011 2258 1031 2283; x_wconf 77' lang='grc' dir='ltr'>ι</span> <span class='ocrx_word' id='word_1_285' title='bbox 1070 2233 1223 2290; x_wconf 86' lang='lat' dir='ltr'>lnfer</span> <span class='ocrx_word' id='word_1_286' title='bbox 1241 2234 1492 2307; x_wconf 90' lang='lat' dir='ltr'>digitum</span> <span class='ocrx_word' id='word_1_287' title='bbox 1542 2241 1713 2291; x_wconf 90' lang='lat' dir='ltr'>tuum</span> <span class='ocrx_word' id='word_1_288' title='bbox 1740 2236 1800 2291; x_wconf 93' lang='lat' dir='ltr'>in</span> <span class='ocrx_word' id='word_1_289' title='bbox 1833 2253 1955 2293; x_wconf 52' lang='lat' dir='ltr'>ma-</span> 
     </span>
    </p>
   </div>
   <div class='ocr_carea' id='block_1_39' title="bbox 302 2322 1956 2393">
    <p class='ocr_par' dir='ltr' id='par_1_39' title="bbox 302 2322 1956 2393">
     <span class='ocr_line' id='line_1_39' title="bbox 302 2322 1956 2393; baseline 0 -14"><span class='ocrx_word' id='word_1_290' title='bbox 302 2341 420 2379; x_wconf 88' lang='lat' dir='ltr'>nus</span> <span class='ocrx_word' id='word_1_291' title='bbox 444 2340 624 2390; x_wconf 86' lang='lat' dir='ltr'>meas,</span> <span class='ocrx_word' id='word_1_292' title='bbox 648 2327 704 2378; x_wconf 91' lang='lat' dir='ltr'>et</span> <span class='ocrx_word' id='word_1_293' title='bbox 734 2340 979 2378; x_wconf 90' lang='lat' dir='ltr'>manum</span> <span class='ocrx_word' id='word_1_294' title='bbox 1010 2328 1171 2379; x_wconf 92' lang='lat' dir='ltr'>tuam</span> <span class='ocrx_word' id='word_1_295' title='bbox 1204 2324 1263 2377; x_wconf 89' lang='lat' dir='ltr'>in</span> <span class='ocrx_word' id='word_1_296' title='bbox 1289 2322 1447 2380; x_wconf 89' lang='lat' dir='ltr'>latus</span> <span class='ocrx_word' id='word_1_297' title='bbox 1479 2340 1698 2393; x_wconf 91' lang='lat' dir='ltr'>meum,</span> <span class='ocrx_word' id='word_1_298' title='bbox 1726 2330 1781 2380; x_wconf 94' lang='lat' dir='ltr'>et</span> <span class='ocrx_word' id='word_1_299' title='bbox 1839 2325 1956 2381; x_wconf 90' lang='lat' dir='ltr'>noli</span> 
     </span>
    </p>
   </div>
   <div class='ocr_carea' id='block_1_40' title="bbox 297 2410 1956 2485">
    <p class='ocr_par' dir='ltr' id='par_1_40' title="bbox 297 2410 1956 2485">
     <span class='ocr_line' id='line_1_40' title="bbox 297 2410 1956 2485; baseline 0.001 -16"><span class='ocrx_word' id='word_1_300' title='bbox 297 2429 431 2469; x_wconf 83' lang='lat' dir='ltr'>esse</span> <span class='ocrx_word' id='word_1_301' title='bbox 452 2410 820 2481; x_wconf 88' lang='lat' dir='ltr'>incredulus,</span> <span class='ocrx_word' id='word_1_302' title='bbox 844 2412 945 2466; x_wconf 90' lang='lat' dir='ltr'>sed</span> <span class='ocrx_word' id='word_1_303' title='bbox 974 2411 1161 2467; x_wconf 82' lang='lat' dir='ltr'>fidelis</span> <span class='ocrx_word' id='word_1_304' title='bbox 1193 2417 1380 2483; x_wconf 87' lang='lat' dir='ltr'>(Joan,</span> <span class='ocrx_word' id='word_1_305' title='bbox 1402 2431 1499 2479; x_wconf 85' lang='lat' dir='ltr'>xx,</span> <span class='ocrx_word' id='word_1_306' title='bbox 1520 2414 1610 2485; x_wconf 84' lang='lat'>27)</span> <span class='ocrx_word' id='word_1_307' title='bbox 1636 2435 1649 2485; x_wconf 75' lang='lat'><strong>;</strong></span> <span class='ocrx_word' id='word_1_308' title='bbox 1680 2436 1707 2462; x_wconf 90' lang='grc'>››</span> <span class='ocrx_word' id='word_1_309' title='bbox 1764 2414 1859 2469; x_wconf 78' lang='grc' dir='ltr'>εἰο-</span> <span class='ocrx_word' id='word_1_310' title='bbox 1899 2419 1956 2470; x_wconf 90' lang='lat' dir='ltr'>et</span> 
     </span>
    </p>
   </div>
   <div class='ocr_carea' id='block_1_41' title="bbox 298 2501 1954 2573">
    <p class='ocr_par' dir='ltr' id='par_1_41' title="bbox 298 2501 1954 2573">
     <span class='ocr_line' id='line_1_41' title="bbox 298 2501 1954 2573; baseline 0.001 -16"><span class='ocrx_word' id='word_1_311' title='bbox 298 2518 407 2557; x_wconf 90' lang='lat' dir='ltr'>nos</span> <span class='ocrx_word' id='word_1_312' title='bbox 432 2504 569 2573; x_wconf 92' lang='lat' dir='ltr'>post</span> <span class='ocrx_word' id='word_1_313' title='bbox 595 2501 1082 2555; x_wconf 88' lang='lat' dir='ltr'>resurrectionem</span> <span class='ocrx_word' id='word_1_314' title='bbox 1113 2501 1319 2555; x_wconf 89' lang='lat' dir='ltr'>eadem</span> <span class='ocrx_word' id='word_1_315' title='bbox 1354 2501 1710 2558; x_wconf 90' lang='lat' dir='ltr'>habebimus</span> <span class='ocrx_word' id='word_1_316' title='bbox 1770 2519 1954 2558; x_wconf 87' lang='lat' dir='ltr'>mem-</span> 
     </span>
    </p>
   </div>
   <div class='ocr_carea' id='block_1_42' title="bbox 298 2588 1955 2665">
    <p class='ocr_par' dir='ltr' id='par_1_42' title="bbox 298 2588 1955 2665">
     <span class='ocr_line' id='line_1_42' title="bbox 298 2588 1955 2665; baseline 0.001 -19"><span class='ocrx_word' id='word_1_317' title='bbox 298 2592 425 2656; x_wconf 90' lang='lat' dir='ltr'>bra,</span> <span class='ocrx_word' id='word_1_318' title='bbox 459 2590 682 2661; x_wconf 89' lang='lat' dir='ltr'>quibus</span> <span class='ocrx_word' id='word_1_319' title='bbox 705 2606 861 2644; x_wconf 90' lang='lat' dir='ltr'>nunc</span> <span class='ocrx_word' id='word_1_320' title='bbox 880 2588 1122 2655; x_wconf 90' lang='lat' dir='ltr'>utimur,</span> <span class='ocrx_word' id='word_1_321' title='bbox 1145 2590 1382 2645; x_wconf 83' lang='lat' dir='ltr'>easdem</span> <span class='ocrx_word' id='word_1_322' title='bbox 1405 2607 1611 2646; x_wconf 89' lang='lat' dir='ltr'>carnes</span> <span class='ocrx_word' id='word_1_323' title='bbox 1644 2596 1701 2646; x_wconf 89' lang='lat' dir='ltr'>et</span> <span class='ocrx_word' id='word_1_324' title='bbox 1722 2593 1955 2665; x_wconf 89' lang='lat' dir='ltr'>sangui-</span> 
     </span>
    </p>
   </div>
   <div class='ocr_carea' id='block_1_43' title="bbox 298 2677 1951 2752">
    <p class='ocr_par' dir='ltr' id='par_1_43' title="bbox 298 2677 1951 2752">
     <span class='ocr_line' id='line_1_43' title="bbox 298 2677 1951 2752; baseline 0.002 -19"><span class='ocrx_word' id='word_1_325' title='bbox 298 2695 433 2734; x_wconf 90' lang='lat' dir='ltr'>nem</span> <span class='ocrx_word' id='word_1_326' title='bbox 457 2682 515 2734; x_wconf 87' lang='lat' dir='ltr'>et</span> <span class='ocrx_word' id='word_1_327' title='bbox 546 2694 719 2733; x_wconf 90' lang='lat' dir='ltr'>ossa:</span> <span class='ocrx_word' id='word_1_328' title='bbox 747 2693 997 2748; x_wconf 89' lang='lat' dir='ltr'>quorum</span> <span class='ocrx_word' id='word_1_329' title='bbox 1031 2677 1087 2731; x_wconf 93' lang='lat' dir='ltr'>in</span> <span class='ocrx_word' id='word_1_330' title='bbox 1122 2678 1443 2749; x_wconf 90' lang='lat' dir='ltr'>Scripturis</span> <span class='ocrx_word' id='word_1_331' title='bbox 1475 2680 1696 2735; x_wconf 89' lang='lat' dir='ltr'>sanctis</span> <span class='ocrx_word' id='word_1_332' title='bbox 1756 2697 1951 2752; x_wconf 90' lang='lat' dir='ltr'>opera,</span> 
     </span>
    </p>
   </div>
   <div class='ocr_carea' id='block_1_44' title="bbox 298 2766 1951 2841">
    <p class='ocr_par' dir='ltr' id='par_1_44' title="bbox 298 2766 1951 2841">
     <span class='ocr_line' id='line_1_44' title="bbox 298 2766 1951 2841; baseline 0.001 -18"><span class='ocrx_word' id='word_1_333' title='bbox 298 2784 419 2823; x_wconf 86' lang='lat' dir='ltr'>non</span> <span class='ocrx_word' id='word_1_334' title='bbox 448 2772 664 2822; x_wconf 87' lang='lat' dir='ltr'>natura</span> <span class='ocrx_word' id='word_1_335' title='bbox 694 2766 1307 2838; x_wconf 87' lang='lat' dir='ltr'>damnatur.Denique</span> <span class='ocrx_word' id='word_1_336' title='bbox 1330 2767 1386 2822; x_wconf 90' lang='lat' dir='ltr'>in</span> <span class='ocrx_word' id='word_1_337' title='bbox 1411 2768 1620 2824; x_wconf 90' lang='lat' dir='ltr'>Genesi</span> <span class='ocrx_word' id='word_1_338' title='bbox 1670 2770 1951 2841; x_wconf 90' lang='lat' dir='ltr'>scriptum</span> 
     </span>
    </p>
   </div>
   <div class='ocr_carea' id='block_1_45' title="bbox 299 2854 1953 2926">
    <p class='ocr_par' dir='ltr' id='par_1_45' title="bbox 299 2854 1953 2926">
     <span class='ocr_line' id='line_1_45' title="bbox 299 2854 1953 2926; baseline 0.002 -15"><span class='ocrx_word' id='word_1_339' title='bbox 299 2862 391 2911; x_wconf 84' lang='lat' dir='ltr'>est</span> <span class='ocrx_word' id='word_1_340' title='bbox 414 2874 427 2911; x_wconf 92' lang='lat'>:</span> <span class='ocrx_word' id='word_1_341' title='bbox 453 2880 479 2904; x_wconf 86' lang='lat'><strong>«</strong></span> <span class='ocrx_word' id='word_1_342' title='bbox 504 2854 633 2910; x_wconf 91' lang='lat' dir='ltr'>Non</span> <span class='ocrx_word' id='word_1_343' title='bbox 656 2854 1025 2926; x_wconf 87' lang='lat' dir='ltr'>permanebit</span> <span class='ocrx_word' id='word_1_344' title='bbox 1044 2854 1299 2926; x_wconf 88' lang='lat' dir='ltr'>Spiritus</span> <span class='ocrx_word' id='word_1_345' title='bbox 1324 2873 1490 2911; x_wconf 91' lang='lat' dir='ltr'>meus</span> <span class='ocrx_word' id='word_1_346' title='bbox 1513 2858 1572 2911; x_wconf 91' lang='lat' dir='ltr'>in</span> <span class='ocrx_word' id='word_1_347' title='bbox 1613 2857 1953 2914; x_wconf 87' lang='lat' dir='ltr'>hominibus</span> 
     </span>
    </p>
   </div>
   <div class='ocr_carea' id='block_1_46' title="bbox 298 2941 1951 3018">
    <p class='ocr_par' dir='ltr' id='par_1_46' title="bbox 298 2941 1951 3018">
     <span class='ocr_line' id='line_1_46' title="bbox 298 2941 1951 3018; baseline 0.002 -20"><span class='ocrx_word' id='word_1_348' title='bbox 298 2944 447 3009; x_wconf 84' lang='lat' dir='ltr'>istis,</span> <span class='ocrx_word' id='word_1_349' title='bbox 476 2943 622 3016; x_wconf 88' lang='lat' dir='ltr'>quia</span> <span class='ocrx_word' id='word_1_350' title='bbox 640 2960 776 2998; x_wconf 88' lang='lat' dir='ltr'>caro</span> <span class='ocrx_word' id='word_1_351' title='bbox 799 2948 939 2999; x_wconf 89' lang='lat' dir='ltr'>sunt</span> <span class='ocrx_word' id='word_1_352' title='bbox 958 2941 1109 3012; x_wconf 82' lang='lat' dir='ltr'>(Gen.</span> <span class='ocrx_word' id='word_1_353' title='bbox 1134 2961 1209 3011; x_wconf 86' lang='lat' dir='ltr'>v1,</span> <span class='ocrx_word' id='word_1_354' title='bbox 1238 2945 1316 3014; x_wconf 89' lang='lat'>3).</span> <span class='ocrx_word' id='word_1_355' title='bbox 1345 2967 1372 2993; x_wconf 86' lang='lat'>»</span> <span class='ocrx_word' id='word_1_356' title='bbox 1400 2948 1465 2999; x_wconf 89' lang='lat' dir='ltr'>Et</span> <span class='ocrx_word' id='word_1_357' title='bbox 1486 2944 1702 3001; x_wconf 89' lang='lat' dir='ltr'>Paulus</span> <span class='ocrx_word' id='word_1_358' title='bbox 1723 2952 1951 3018; x_wconf 90' lang='lat' dir='ltr'>aposto-</span> 
     </span>
    </p>
   </div>
   <div class='ocr_carea' id='block_1_47' title="bbox 297 3031 1947 3105">
    <p class='ocr_par' dir='ltr' id='par_1_47' title="bbox 297 3031 1947 3105">
     <span class='ocr_line' id='line_1_47' title="bbox 297 3031 1947 3105; baseline 0.002 -17"><span class='ocrx_word' id='word_1_359' title='bbox 297 3033 392 3089; x_wconf 85' lang='lat' dir='ltr'>lus</span> <span class='ocrx_word' id='word_1_360' title='bbox 459 3034 533 3089; x_wconf 88' lang='lat' dir='ltr'>de</span> <span class='ocrx_word' id='word_1_361' title='bbox 590 3049 773 3104; x_wconf 89' lang='lat' dir='ltr'>prava</span> <span class='ocrx_word' id='word_1_362' title='bbox 831 3031 1097 3087; x_wconf 89' lang='lat' dir='ltr'>doctrina</span> <span class='ocrx_word' id='word_1_363' title='bbox 1154 3037 1209 3087; x_wconf 90' lang='lat' dir='ltr'>et</span> <span class='ocrx_word' id='word_1_364' title='bbox 1230 3033 1508 3105; x_wconf 89' lang='lat' dir='ltr'>operibus</span> <span class='ocrx_word' id='word_1_365' title='bbox 1568 3035 1947 3091; x_wconf 80' lang='lat' dir='ltr'>Judaeorum:</span> 
     </span>
    </p>
   </div>
   <div class='ocr_carea' id='block_1_48' title="bbox 302 3119 1945 3193">
    <p class='ocr_par' dir='ltr' id='par_1_48' title="bbox 302 3119 1945 3193">
     <span class='ocr_line' id='line_1_48' title="bbox 302 3119 1945 3193; baseline -0.001 -18"><span class='ocrx_word' id='word_1_366' title='bbox 302 3126 467 3177; x_wconf 70' lang='lat' dir='ltr'>«Non</span> <span class='ocrx_word' id='word_1_367' title='bbox 492 3120 786 3193; x_wconf 89' lang='lat' dir='ltr'>acquievi,</span> <span class='ocrx_word' id='word_1_368' title='bbox 809 3119 910 3187; x_wconf 90' lang='lat' dir='ltr'>ait,</span> <span class='ocrx_word' id='word_1_369' title='bbox 935 3120 1096 3175; x_wconf 88' lang='lat' dir='ltr'>carni</span> <span class='ocrx_word' id='word_1_370' title='bbox 1123 3125 1178 3176; x_wconf 89' lang='lat' dir='ltr'>et</span> <span class='ocrx_word' id='word_1_371' title='bbox 1199 3122 1473 3193; x_wconf 89' lang='lat' dir='ltr'>sanguini</span> <span class='ocrx_word' id='word_1_372' title='bbox 1501 3123 1704 3193; x_wconf 84' lang='lat' dir='ltr'>(Galat.</span> <span class='ocrx_word' id='word_1_373' title='bbox 1734 3141 1773 3189; x_wconf 83' lang='lat'>1,</span> <span class='ocrx_word' id='word_1_374' title='bbox 1799 3125 1945 3193; x_wconf 82' lang='grc'>16).»</span> 
     </span>
    </p>
   </div>
   <div class='ocr_carea' id='block_1_49' title="bbox 2075 1881 3719 1953">
    <p class='ocr_par' dir='ltr' id='par_1_49' title="bbox 2075 1881 3719 1953">
     <span class='ocr_line' id='line_1_49' title="bbox 2075 1881 3719 1953; baseline 0.002 -19"><span class='ocrx_word' id='word_1_375' title='bbox 2075 1897 2247 1935; x_wconf 90' lang='lat' dir='ltr'>carne</span> <span class='ocrx_word' id='word_1_376' title='bbox 2279 1881 2431 1951; x_wconf 87' lang='lat' dir='ltr'>(Gen.</span> <span class='ocrx_word' id='word_1_377' title='bbox 2454 1898 2507 1949; x_wconf 91' lang='lat' dir='ltr'>v,</span> <span class='ocrx_word' id='word_1_378' title='bbox 2532 1882 2641 1951; x_wconf 65' lang='lat'>25).</span> <span class='ocrx_word' id='word_1_379' title='bbox 2674 1881 2824 1936; x_wconf 88' lang='lat' dir='ltr'>Elias</span> <span class='ocrx_word' id='word_1_380' title='bbox 2852 1898 3099 1937; x_wconf 90' lang='lat' dir='ltr'>carneus</span> <span class='ocrx_word' id='word_1_381' title='bbox 3127 1887 3331 1953; x_wconf 91' lang='lat' dir='ltr'>raptus</span> <span class='ocrx_word' id='word_1_382' title='bbox 3379 1886 3468 1937; x_wconf 90' lang='lat' dir='ltr'>est</span> <span class='ocrx_word' id='word_1_383' title='bbox 3497 1882 3555 1936; x_wconf 91' lang='lat' dir='ltr'>in</span> <span class='ocrx_word' id='word_1_384' title='bbox 3612 1899 3719 1937; x_wconf 72' lang='lat' dir='ltr'>cae-</span> 
     </span>
    </p>
   </div>
   <div class='ocr_carea' id='block_1_50' title="bbox 2073 1968 3720 2041">
    <p class='ocr_par' dir='ltr' id='par_1_50' title="bbox 2073 1968 3720 2041">
     <span class='ocr_line' id='line_1_50' title="bbox 2073 1968 3720 2041; baseline 0.002 -19"><span class='ocrx_word' id='word_1_385' title='bbox 2073 1968 2193 2023; x_wconf 91' lang='lat' dir='ltr'>lum</span> <span class='ocrx_word' id='word_1_386' title='bbox 2228 1971 2320 2039; x_wconf 72' lang='grc' dir='ltr'>(ιν</span> <span class='ocrx_word' id='word_1_387' title='bbox 2347 1971 2471 2039; x_wconf 82' lang='lat' dir='ltr'>Reg.</span> <span class='ocrx_word' id='word_1_388' title='bbox 2498 1987 2558 2035; x_wconf 80' lang='lat' dir='ltr'>ii,</span> <span class='ocrx_word' id='word_1_389' title='bbox 2594 1970 2682 2039; x_wconf 77' lang='grc'>41)</span> <span class='ocrx_word' id='word_1_390' title='bbox 2719 1989 2731 2025; x_wconf 90' lang='lat'><strong>:</strong></span> <span class='ocrx_word' id='word_1_391' title='bbox 2766 1971 3016 2025; x_wconf 91' lang='lat' dir='ltr'>necdum</span> <span class='ocrx_word' id='word_1_392' title='bbox 3075 1970 3312 2039; x_wconf 84' lang='lat' dir='ltr'>mortui,</span> <span class='ocrx_word' id='word_1_393' title='bbox 3347 1974 3404 2026; x_wconf 90' lang='lat' dir='ltr'>et</span> <span class='ocrx_word' id='word_1_394' title='bbox 3463 1970 3720 2041; x_wconf 88' lang='lat' dir='ltr'>paradisi</span> 
     </span>
    </p>
   </div>
   <div class='ocr_carea' id='block_1_51' title="bbox 2063 2057 3722 2131">
    <p class='ocr_par' dir='ltr' id='par_1_51' title="bbox 2063 2057 3722 2131">
     <span class='ocr_line' id='line_1_51' title="bbox 2063 2057 3722 2131; baseline 0.002 -19"><span class='ocrx_word' id='word_1_395' title='bbox 2063 2058 2189 2128; x_wconf 84' lang='lat' dir='ltr'>jam</span> <span class='ocrx_word' id='word_1_396' title='bbox 2209 2057 2650 2123; x_wconf 87' lang='lat' dir='ltr'>coloni,habent</span> <span class='ocrx_word' id='word_1_397' title='bbox 2684 2060 2945 2113; x_wconf 87' lang='lat' dir='ltr'>membra</span> <span class='ocrx_word' id='word_1_398' title='bbox 2974 2076 3107 2114; x_wconf 92' lang='lat' dir='ltr'>cum</span> <span class='ocrx_word' id='word_1_399' title='bbox 3140 2059 3357 2131; x_wconf 89' lang='lat' dir='ltr'>quibus</span> <span class='ocrx_word' id='word_1_400' title='bbox 3390 2060 3539 2130; x_wconf 88' lang='lat' dir='ltr'>rapti</span> <span class='ocrx_word' id='word_1_401' title='bbox 3582 2063 3722 2115; x_wconf 92' lang='lat' dir='ltr'>sunt</span> 
     </span>
    </p>
   </div>
   <div class='ocr_carea' id='block_1_52' title="bbox 2069 2147 3720 2218">
    <p class='ocr_par' dir='ltr' id='par_1_52' title="bbox 2069 2147 3720 2218">
     <span class='ocr_line' id='line_1_52' title="bbox 2069 2147 3720 2218; baseline 0.001 -18"><span class='ocrx_word' id='word_1_402' title='bbox 2069 2150 2245 2217; x_wconf 90' lang='lat' dir='ltr'>atque</span> <span class='ocrx_word' id='word_1_403' title='bbox 2304 2147 2596 2202; x_wconf 86' lang='lat' dir='ltr'>translati.</span> <span class='ocrx_word' id='word_1_404' title='bbox 2658 2148 2818 2212; x_wconf 90' lang='lat' dir='ltr'>Quod</span> <span class='ocrx_word' id='word_1_405' title='bbox 2853 2165 2957 2203; x_wconf 93' lang='lat' dir='ltr'>nos</span> <span class='ocrx_word' id='word_1_406' title='bbox 3011 2148 3277 2202; x_wconf 91' lang='lat' dir='ltr'>imitatur</span> <span class='ocrx_word' id='word_1_407' title='bbox 3320 2148 3573 2218; x_wconf 85' lang='lat' dir='ltr'>jejunio,</span> <span class='ocrx_word' id='word_1_408' title='bbox 3636 2147 3720 2202; x_wconf 90' lang='lat' dir='ltr'>illi</span> 
     </span>
    </p>
   </div>
   <div class='ocr_carea' id='block_1_53' title="bbox 2068 2236 3717 2308">
    <p class='ocr_par' dir='ltr' id='par_1_53' title="bbox 2068 2236 3717 2308">
     <span class='ocr_line' id='line_1_53' title="bbox 2068 2236 3717 2308; baseline 0.001 -18"><span class='ocrx_word' id='word_1_409' title='bbox 2068 2236 2370 2305; x_wconf 88' lang='lat' dir='ltr'>possident</span> <span class='ocrx_word' id='word_1_410' title='bbox 2399 2236 2499 2291; x_wconf 91' lang='lat' dir='ltr'>Dei</span> <span class='ocrx_word' id='word_1_411' title='bbox 2534 2237 2844 2291; x_wconf 89' lang='lat' dir='ltr'>consortio.</span> <span class='ocrx_word' id='word_1_412' title='bbox 2880 2236 3206 2291; x_wconf 77' lang='lat' dir='ltr'>Vescuntur</span> <span class='ocrx_word' id='word_1_413' title='bbox 3260 2236 3478 2291; x_wconf 64' lang='lat' dir='ltr'>caelesti</span> <span class='ocrx_word' id='word_1_414' title='bbox 3541 2253 3717 2308; x_wconf 85' lang='lat' dir='ltr'>pane,</span> 
     </span>
    </p>
   </div>
   <div class='ocr_carea' id='block_1_54' title="bbox 2067 2324 3715 2387">
    <p class='ocr_par' dir='ltr' id='par_1_54' title="bbox 2067 2324 3715 2387">
     <span class='ocr_line' id='line_1_54' title="bbox 2067 2324 3715 2387; baseline 0 -8"><span class='ocrx_word' id='word_1_415' title='bbox 2067 2328 2124 2379; x_wconf 89' lang='lat' dir='ltr'>et</span> <span class='ocrx_word' id='word_1_416' title='bbox 2154 2329 2495 2379; x_wconf 88' lang='lat' dir='ltr'>saturantur</span> <span class='ocrx_word' id='word_1_417' title='bbox 2526 2324 2684 2379; x_wconf 91' lang='lat' dir='ltr'>omni</span> <span class='ocrx_word' id='word_1_418' title='bbox 2718 2325 2887 2379; x_wconf 85' lang='lat' dir='ltr'>verbo</span> <span class='ocrx_word' id='word_1_419' title='bbox 2942 2324 3062 2387; x_wconf 89' lang='lat' dir='ltr'>Dei,</span> <span class='ocrx_word' id='word_1_420' title='bbox 3096 2324 3369 2381; x_wconf 72' lang='lat' dir='ltr'>eumdem</span> <span class='ocrx_word' id='word_1_421' title='bbox 3426 2325 3715 2381; x_wconf 85' lang='lat' dir='ltr'>habentes</span> 
     </span>
    </p>
   </div>
   <div class='ocr_carea' id='block_1_55' title="bbox 2067 2412 3715 2485">
    <p class='ocr_par' dir='ltr' id='par_1_55' title="bbox 2067 2412 3715 2485">
     <span class='ocr_line' id='line_1_55' title="bbox 2067 2412 3715 2485; baseline -0.001 -18"><span class='ocrx_word' id='word_1_422' title='bbox 2067 2413 2403 2483; x_wconf 89' lang='lat' dir='ltr'>Dominum,</span> <span class='ocrx_word' id='word_1_423' title='bbox 2439 2430 2614 2485; x_wconf 90' lang='lat' dir='ltr'>quem</span> <span class='ocrx_word' id='word_1_424' title='bbox 2647 2418 2703 2468; x_wconf 91' lang='lat' dir='ltr'>et</span> <span class='ocrx_word' id='word_1_425' title='bbox 2734 2413 2952 2467; x_wconf 89' lang='lat' dir='ltr'>cibum.</span> <span class='ocrx_word' id='word_1_426' title='bbox 3013 2412 3163 2466; x_wconf 88' lang='lat' dir='ltr'>Audi</span> <span class='ocrx_word' id='word_1_427' title='bbox 3216 2412 3573 2467; x_wconf 87' lang='lat' dir='ltr'>Salvatorem</span> <span class='ocrx_word' id='word_1_428' title='bbox 3626 2413 3715 2466; x_wconf 90' lang='lat' dir='ltr'>di-&#39;</span> 
     </span>
    </p>
   </div>
   <div class='ocr_carea' id='block_1_56' title="bbox 2066 2501 3711 2573">
    <p class='ocr_par' dir='ltr' id='par_1_56' title="bbox 2066 2501 3711 2573">
     <span class='ocr_line' id='line_1_56' title="bbox 2066 2501 3711 2573; baseline -0.001 -17"><span class='ocrx_word' id='word_1_429' title='bbox 2066 2505 2290 2557; x_wconf 89' lang='lat' dir='ltr'>centem</span> <span class='ocrx_word' id='word_1_430' title='bbox 2328 2520 2339 2556; x_wconf 93' lang='lat'>:</span> <span class='ocrx_word' id='word_1_431' title='bbox 2376 2526 2401 2550; x_wconf 87' lang='grc'>‹‹</span> <span class='ocrx_word' id='word_1_432' title='bbox 2437 2503 2505 2556; x_wconf 86' lang='lat' dir='ltr'>Et</span> <span class='ocrx_word' id='word_1_433' title='bbox 2536 2518 2668 2556; x_wconf 91' lang='lat' dir='ltr'>caro</span> <span class='ocrx_word' id='word_1_434' title='bbox 2701 2518 2827 2556; x_wconf 88' lang='lat' dir='ltr'>mea</span> <span class='ocrx_word' id='word_1_435' title='bbox 2860 2501 3172 2573; x_wconf 89' lang='lat' dir='ltr'>requiescit</span> <span class='ocrx_word' id='word_1_436' title='bbox 3201 2501 3259 2555; x_wconf 90' lang='lat' dir='ltr'>in</span> <span class='ocrx_word' id='word_1_437' title='bbox 3296 2518 3398 2573; x_wconf 91' lang='lat' dir='ltr'>spe</span> <span class='ocrx_word' id='word_1_438' title='bbox 3420 2502 3593 2570; x_wconf 87' lang='lat' dir='ltr'>(Psal.</span> <span class='ocrx_word' id='word_1_439' title='bbox 3620 2519 3711 2568; x_wconf 86' lang='lat' dir='ltr'>xv,</span> 
     </span>
    </p>
   </div>
   <div class='ocr_carea' id='block_1_57' title="bbox 2063 2589 3710 2663">
    <p class='ocr_par' dir='ltr' id='par_1_57' title="bbox 2063 2589 3710 2663">
     <span class='ocr_line' id='line_1_57' title="bbox 2063 2589 3710 2663; baseline 0.001 -19"><span class='ocrx_word' id='word_1_440' title='bbox 2063 2592 2138 2663; x_wconf 89' lang='lat'>9).</span> <span class='ocrx_word' id='word_1_441' title='bbox 2172 2611 2199 2643; x_wconf 74' lang='grc' dir='ltr'>ιι</span> <span class='ocrx_word' id='word_1_442' title='bbox 2237 2592 2305 2646; x_wconf 84' lang='lat' dir='ltr'>Et</span> <span class='ocrx_word' id='word_1_443' title='bbox 2335 2590 2393 2645; x_wconf 91' lang='lat' dir='ltr'>in</span> <span class='ocrx_word' id='word_1_444' title='bbox 2427 2590 2539 2645; x_wconf 89' lang='lat' dir='ltr'>alio</span> <span class='ocrx_word' id='word_1_445' title='bbox 2562 2589 2688 2644; x_wconf 90' lang='lat' dir='ltr'>loco</span> <span class='ocrx_word' id='word_1_446' title='bbox 2723 2608 2735 2645; x_wconf 89' lang='lat'><strong>:</strong></span> <span class='ocrx_word' id='word_1_447' title='bbox 2776 2614 2795 2639; x_wconf 73' lang='grc' dir='ltr'>α</span> <span class='ocrx_word' id='word_1_448' title='bbox 2827 2590 2969 2645; x_wconf 82' lang='lat' dir='ltr'>Caro</span> <span class='ocrx_word' id='word_1_449' title='bbox 3002 2592 3129 2660; x_wconf 89' lang='lat' dir='ltr'>ejus</span> <span class='ocrx_word' id='word_1_450' title='bbox 3161 2607 3274 2645; x_wconf 92' lang='lat' dir='ltr'>non</span> <span class='ocrx_word' id='word_1_451' title='bbox 3307 2589 3452 2644; x_wconf 88' lang='lat' dir='ltr'>vidit</span> <span class='ocrx_word' id='word_1_452' title='bbox 3508 2607 3710 2645; x_wconf 90' lang='lat' dir='ltr'>corru-</span> 
     </span>
    </p>
   </div>
   <div class='ocr_carea' id='block_1_58' title="bbox 2063 2679 3713 2751">
    <p class='ocr_par' dir='ltr' id='par_1_58' title="bbox 2063 2679 3713 2751">
     <span class='ocr_line' id='line_1_58' title="bbox 2063 2679 3713 2751; baseline -0.001 -16"><span class='ocrx_word' id='word_1_453' title='bbox 2063 2681 2319 2751; x_wconf 88' lang='lat' dir='ltr'>ptionem</span> <span class='ocrx_word' id='word_1_454' title='bbox 2348 2680 2480 2751; x_wconf 84' lang='lat' dir='ltr'>(Act.</span> <span class='ocrx_word' id='word_1_455' title='bbox 2515 2695 2579 2746; x_wconf 84' lang='lat' dir='ltr'>II,</span> <span class='ocrx_word' id='word_1_456' title='bbox 2611 2680 2723 2746; x_wconf 88' lang='lat' dir='ltr'>3t).</span> <span class='ocrx_word' id='word_1_457' title='bbox 2762 2700 2783 2729; x_wconf 77' lang='grc' dir='ltr'><strong><em>ι</em></strong></span> <span class='ocrx_word' id='word_1_458' title='bbox 2823 2680 2889 2733; x_wconf 89' lang='lat' dir='ltr'>Et</span> <span class='ocrx_word' id='word_1_459' title='bbox 2922 2696 3157 2734; x_wconf 83' lang='lat' dir='ltr'>rursum</span> <span class='ocrx_word' id='word_1_460' title='bbox 3193 2698 3205 2734; x_wconf 91' lang='lat'>:</span> <span class='ocrx_word' id='word_1_461' title='bbox 3251 2704 3277 2728; x_wconf 89' lang='grc'><strong>‹‹</strong></span> <span class='ocrx_word' id='word_1_462' title='bbox 3316 2679 3524 2734; x_wconf 88' lang='lat' dir='ltr'>Omnis</span> <span class='ocrx_word' id='word_1_463' title='bbox 3580 2696 3713 2735; x_wconf 88' lang='lat' dir='ltr'>caro</span> 
     </span>
    </p>
   </div>
   <div class='ocr_carea' id='block_1_59' title="bbox 2060 2768 3711 2839">
    <p class='ocr_par' dir='ltr' id='par_1_59' title="bbox 2060 2768 3711 2839">
     <span class='ocr_line' id='line_1_59' title="bbox 2060 2768 3711 2839; baseline -0.001 -15"><span class='ocrx_word' id='word_1_464' title='bbox 2060 2770 2277 2825; x_wconf 90' lang='lat' dir='ltr'>videbit</span> <span class='ocrx_word' id='word_1_465' title='bbox 2307 2769 2562 2824; x_wconf 87' lang='lat' dir='ltr'>salutare</span> <span class='ocrx_word' id='word_1_466' title='bbox 2594 2768 2694 2823; x_wconf 91' lang='lat' dir='ltr'>Dei</span> <span class='ocrx_word' id='word_1_467' title='bbox 2740 2769 2850 2839; x_wconf 86' lang='lat' dir='ltr'>(Isa</span> <span class='ocrx_word' id='word_1_468' title='bbox 2904 2786 2996 2835; x_wconf 69' lang='lat' dir='ltr'>xc,</span> <span class='ocrx_word' id='word_1_469' title='bbox 3026 2770 3102 2839; x_wconf 83' lang='grc'>5).</span> <span class='ocrx_word' id='word_1_470' title='bbox 3171 2792 3190 2817; x_wconf 83' lang='grc' dir='ltr'><strong>υ</strong></span> <span class='ocrx_word' id='word_1_471' title='bbox 3257 2774 3321 2824; x_wconf 87' lang='lat' dir='ltr'>Et</span> <span class='ocrx_word' id='word_1_472' title='bbox 3352 2772 3413 2823; x_wconf 90' lang='lat' dir='ltr'>tu</span> <span class='ocrx_word' id='word_1_473' title='bbox 3476 2785 3711 2839; x_wconf 90' lang='lat' dir='ltr'>semper</span> 
     </span>
    </p>
   </div>
   <div class='ocr_carea' id='block_1_60' title="bbox 2062 2856 3704 2929">
    <p class='ocr_par' dir='ltr' id='par_1_60' title="bbox 2062 2856 3704 2929">
     <span class='ocr_line' id='line_1_60' title="bbox 2062 2856 3704 2929; baseline -0.002 -14"><span class='ocrx_word' id='word_1_474' title='bbox 2062 2858 2621 2929; x_wconf 84' lang='lat' dir='ltr'>corpusingeminas</span> <span class='ocrx_word' id='word_1_475' title='bbox 2651 2858 2678 2911; x_wconf 87' lang='lat'><strong>?</strong></span> <span class='ocrx_word' id='word_1_476' title='bbox 2711 2857 2907 2912; x_wconf 81' lang='lat' dir='ltr'>Profer</span> <span class='ocrx_word' id='word_1_477' title='bbox 2938 2857 3126 2928; x_wconf 82' lang='lat' dir='ltr'>magis</span> <span class='ocrx_word' id='word_1_478' title='bbox 3160 2856 3439 2923; x_wconf 88' lang='lat' dir='ltr'>Ezechiel,</span> <span class='ocrx_word' id='word_1_479' title='bbox 3475 2856 3574 2927; x_wconf 91' lang='lat' dir='ltr'>qui</span> <span class='ocrx_word' id='word_1_480' title='bbox 3610 2873 3704 2912; x_wconf 81' lang='lat' dir='ltr'>os-</span> 
     </span>
    </p>
   </div>
   <div class='ocr_carea' id='block_1_61' title="bbox 2061 2945 3703 3020">
    <p class='ocr_par' dir='ltr' id='par_1_61' title="bbox 2061 2945 3703 3020">
     <span class='ocr_line' id='line_1_61' title="bbox 2061 2945 3703 3020; baseline -0.002 -16"><span class='ocrx_word' id='word_1_481' title='bbox 2061 2966 2126 3004; x_wconf 90' lang='lat' dir='ltr'>sa</span> <span class='ocrx_word' id='word_1_482' title='bbox 2149 2950 2408 3020; x_wconf 88' lang='lat' dir='ltr'>jungens</span> <span class='ocrx_word' id='word_1_483' title='bbox 2439 2946 2674 3001; x_wconf 88' lang='lat' dir='ltr'>ossibus</span> <span class='ocrx_word' id='word_1_484' title='bbox 2696 2950 2751 3001; x_wconf 91' lang='lat' dir='ltr'>et</span> <span class='ocrx_word' id='word_1_485' title='bbox 2772 2947 3026 3001; x_wconf 88' lang='lat' dir='ltr'>educens</span> <span class='ocrx_word' id='word_1_486' title='bbox 3054 2962 3120 3000; x_wconf 90' lang='lat' dir='ltr'>ea</span> <span class='ocrx_word' id='word_1_487' title='bbox 3150 2946 3220 3000; x_wconf 91' lang='lat' dir='ltr'>de</span> <span class='ocrx_word' id='word_1_488' title='bbox 3243 2945 3529 3017; x_wconf 89' lang='lat' dir='ltr'>sepulcris</span> <span class='ocrx_word' id='word_1_489' title='bbox 3552 2946 3703 3013; x_wconf 85' lang='lat' dir='ltr'>suis,</span> 
     </span>
    </p>
   </div>
   <div class='ocr_carea' id='block_1_62' title="bbox 2059 3033 3696 3108">
    <p class='ocr_par' dir='ltr' id='par_1_62' title="bbox 2059 3033 3696 3108">
     <span class='ocr_line' id='line_1_62' title="bbox 2059 3033 3696 3108; baseline -0.002 -16"><span class='ocrx_word' id='word_1_490' title='bbox 2059 3042 2322 3108; x_wconf 89' lang='lat' dir='ltr'>et-super</span> <span class='ocrx_word' id='word_1_491' title='bbox 2350 3036 2525 3107; x_wconf 88' lang='lat' dir='ltr'>pedes</span> <span class='ocrx_word' id='word_1_492' title='bbox 2567 3040 2721 3090; x_wconf 86' lang='lat' dir='ltr'>stare</span> <span class='ocrx_word' id='word_1_493' title='bbox 2752 3034 2990 3099; x_wconf 81' lang='lat' dir='ltr'>faciens,</span> <span class='ocrx_word' id='word_1_494' title='bbox 3050 3033 3323 3088; x_wconf 79' lang='lat' dir='ltr'>carnibus</span> <span class='ocrx_word' id='word_1_495' title='bbox 3382 3035 3696 3105; x_wconf 87' lang='lat' dir='ltr'>nervisque</span> 
     </span>
    </p>
   </div>
   <div class='ocr_carea' id='block_1_63' title="bbox 2061 3123 3697 3197">
    <p class='ocr_par' dir='ltr' id='par_1_63' title="bbox 2061 3123 3697 3197">
     <span class='ocr_line' id='line_1_63' title="bbox 2061 3123 3697 3197; baseline -0.002 -15"><span class='ocrx_word' id='word_1_496' title='bbox 2061 3125 2429 3197; x_wconf 87' lang='lat' dir='ltr'>constringit,</span> <span class='ocrx_word' id='word_1_497' title='bbox 2463 3128 2519 3180; x_wconf 90' lang='lat' dir='ltr'>et</span> <span class='ocrx_word' id='word_1_498' title='bbox 2548 3127 2679 3178; x_wconf 89' lang='lat' dir='ltr'>cute</span> <span class='ocrx_word' id='word_1_499' title='bbox 2709 3124 2961 3195; x_wconf 89' lang='lat' dir='ltr'>desuper</span> <span class='ocrx_word' id='word_1_500' title='bbox 2990 3123 3133 3195; x_wconf 88' lang='lat' dir='ltr'>tegit</span> <span class='ocrx_word' id='word_1_501' title='bbox 3160 3124 3181 3156; x_wconf 88' lang='grc'>²</span> <span class='ocrx_word' id='word_1_502' title='bbox 3212 3124 3428 3192; x_wconf 65' lang='grc' dir='ltr'>(Εξεεὴ.</span> <span class='ocrx_word' id='word_1_503' title='bbox 3482 3140 3697 3188; x_wconf 82' lang='lat' dir='ltr'>xxxvu,</span> 
     </span>
    </p>
   </div>
   <div class='ocr_carea' id='block_1_64' title="bbox 295 3184 2308 3285">
    <p class='ocr_par' dir='ltr' id='par_1_64' title="bbox 295 3184 2308 3285">
     <span class='ocr_line' id='line_1_64' title="bbox 295 3184 2308 3285; baseline 0 -19"><span class='ocrx_word' id='word_1_504' title='bbox 295 3211 456 3267; x_wconf 80' lang='lat' dir='ltr'>Etad</span> <span class='ocrx_word' id='word_1_505' title='bbox 491 3184 903 3280; x_wconf 14' lang='lat' dir='ltr'>sanctos,rqui</span> <span class='ocrx_word' id='word_1_506' title='bbox 926 3209 1127 3280; x_wconf 91' lang='lat' dir='ltr'>utique</span> <span class='ocrx_word' id='word_1_507' title='bbox 1182 3210 1240 3264; x_wconf 92' lang='lat' dir='ltr'>in</span> <span class='ocrx_word' id='word_1_508' title='bbox 1276 3184 1450 3265; x_wconf 71' lang='lat' dir='ltr'>carne</span> <span class='ocrx_word' id='word_1_509' title='bbox 1506 3184 1692 3279; x_wconf 81' lang='lat' dir='ltr'>erant,</span> <span class='ocrx_word' id='word_1_510' title='bbox 1754 3184 1897 3267; x_wconf 81' lang='lat' dir='ltr'>dicit</span> <span class='ocrx_word' id='word_1_511' title='bbox 1930 3229 1942 3267; x_wconf 90' lang='lat'>:</span> <span class='ocrx_word' id='word_1_512' title='bbox 1978 3184 2020 3249; x_wconf 59' lang='grc' dir='ltr'>ί)</span> <span class='ocrx_word' id='word_1_513' title='bbox 2060 3216 2085 3268; x_wconf 92' lang='grc'>1</span> <span class='ocrx_word' id='word_1_514' title='bbox 2120 3216 2308 3285; x_wconf 68' lang='lat' dir='ltr'>seqq).</span> 
     </span>
    </p>
   </div>
   <div class='ocr_carea' id='block_1_65' title="bbox 300 3298 1946 3373">
    <p class='ocr_par' dir='ltr' id='par_1_65' title="bbox 300 3298 1946 3373">
     <span class='ocr_line' id='line_1_65' title="bbox 300 3298 1946 3373; baseline 0.002 -21"><span class='ocrx_word' id='word_1_515' title='bbox 300 3320 324 3347; x_wconf 75' lang='grc' dir='ltr'>ι</span> <span class='ocrx_word' id='word_1_516' title='bbox 347 3299 469 3355; x_wconf 71' lang='lat' dir='ltr'>Vos</span> <span class='ocrx_word' id='word_1_517' title='bbox 500 3304 697 3355; x_wconf 87' lang='lat' dir='ltr'>autem</span> <span class='ocrx_word' id='word_1_518' title='bbox 728 3298 789 3352; x_wconf 91' lang='lat' dir='ltr'>in</span> <span class='ocrx_word' id='word_1_519' title='bbox 824 3314 996 3353; x_wconf 89' lang='lat' dir='ltr'>carne</span> <span class='ocrx_word' id='word_1_520' title='bbox 1024 3315 1136 3353; x_wconf 90' lang='lat' dir='ltr'>non</span> <span class='ocrx_word' id='word_1_521' title='bbox 1170 3299 1312 3355; x_wconf 90' lang='lat' dir='ltr'>estis</span> <span class='ocrx_word' id='word_1_522' title='bbox 1339 3317 1352 3366; x_wconf 92' lang='lat'><strong>;</strong></span> <span class='ocrx_word' id='word_1_523' title='bbox 1390 3301 1491 3355; x_wconf 91' lang='lat' dir='ltr'>sed</span> <span class='ocrx_word' id='word_1_524' title='bbox 1519 3300 1576 3356; x_wconf 93' lang='lat' dir='ltr'>in</span> <span class='ocrx_word' id='word_1_525' title='bbox 1609 3302 1819 3373; x_wconf 89' lang='lat' dir='ltr'>spiritu</span> <span class='ocrx_word' id='word_1_526' title='bbox 1848 3320 1860 3356; x_wconf 90' lang='lat'>:</span> <span class='ocrx_word' id='word_1_527' title='bbox 1897 3303 1946 3357; x_wconf 92' lang='lat' dir='ltr'>si</span> 
     </span>
    </p>
   </div>
   <div class='ocr_carea' id='block_1_66' title="bbox 294 3386 1946 3463">
    <p class='ocr_par' dir='ltr' id='par_1_66' title="bbox 294 3386 1946 3463">
     <span class='ocr_line' id='line_1_66' title="bbox 294 3386 1946 3463; baseline -0.004 -18"><span class='ocrx_word' id='word_1_528' title='bbox 294 3394 497 3445; x_wconf 81' lang='lat' dir='ltr'>tamen</span> <span class='ocrx_word' id='word_1_529' title='bbox 514 3389 611 3444; x_wconf 90' lang='lat' dir='ltr'>Dei</span> <span class='ocrx_word' id='word_1_530' title='bbox 636 3387 882 3459; x_wconf 89' lang='lat' dir='ltr'>spiritus</span> <span class='ocrx_word' id='word_1_531' title='bbox 914 3386 1138 3442; x_wconf 86' lang='lat' dir='ltr'>habitat</span> <span class='ocrx_word' id='word_1_532' title='bbox 1167 3388 1224 3442; x_wconf 90' lang='lat' dir='ltr'>in</span> <span class='ocrx_word' id='word_1_533' title='bbox 1256 3388 1420 3444; x_wconf 89' lang='lat' dir='ltr'>vobis</span> <span class='ocrx_word' id='word_1_534' title='bbox 1453 3389 1625 3459; x_wconf 88' lang='lat' dir='ltr'>(Rom.</span> <span class='ocrx_word' id='word_1_535' title='bbox 1659 3407 1781 3459; x_wconf 83' lang='lat' dir='ltr'>vnl,</span> <span class='ocrx_word' id='word_1_536' title='bbox 1811 3392 1889 3463; x_wconf 90' lang='lat'>9).</span> <span class='ocrx_word' id='word_1_537' title='bbox 1920 3414 1946 3439; x_wconf 83' lang='grc'><strong>››</strong></span> 
     </span>
    </p>
   </div>
   <div class='ocr_carea' id='block_1_67' title="bbox 293 3476 1947 3550">
    <p class='ocr_par' dir='ltr' id='par_1_67' title="bbox 293 3476 1947 3550">
     <span class='ocr_line' id='line_1_67' title="bbox 293 3476 1947 3550; baseline 0.001 -16"><span class='ocrx_word' id='word_1_538' title='bbox 293 3479 534 3550; x_wconf 86' lang='lat' dir='ltr'>Negaus</span> <span class='ocrx_word' id='word_1_539' title='bbox 566 3477 723 3531; x_wconf 89' lang='lat' dir='ltr'>enim</span> <span class='ocrx_word' id='word_1_540' title='bbox 756 3492 854 3531; x_wconf 90' lang='lat' dir='ltr'>eos</span> <span class='ocrx_word' id='word_1_541' title='bbox 886 3476 945 3530; x_wconf 91' lang='lat' dir='ltr'>in</span> <span class='ocrx_word' id='word_1_542' title='bbox 967 3492 1160 3542; x_wconf 89' lang='lat' dir='ltr'>carne,</span> <span class='ocrx_word' id='word_1_543' title='bbox 1186 3493 1335 3548; x_wconf 90' lang='lat' dir='ltr'>quos</span> <span class='ocrx_word' id='word_1_544' title='bbox 1362 3478 1421 3532; x_wconf 91' lang='lat' dir='ltr'>in</span> <span class='ocrx_word' id='word_1_545' title='bbox 1456 3494 1630 3534; x_wconf 90' lang='lat' dir='ltr'>carne</span> <span class='ocrx_word' id='word_1_546' title='bbox 1660 3496 1788 3536; x_wconf 89' lang='lat' dir='ltr'>esse</span> <span class='ocrx_word' id='word_1_547' title='bbox 1810 3497 1947 3536; x_wconf 89' lang='lat' dir='ltr'>con-</span> 
     </span>
    </p>
   </div>
   <div class='ocr_carea' id='block_1_68' title="bbox 301 3565 1945 3639">
    <p class='ocr_par' dir='ltr' id='par_1_68' title="bbox 301 3565 1945 3639">
     <span class='ocr_line' id='line_1_68' title="bbox 301 3565 1945 3639; baseline 0.002 -18"><span class='ocrx_word' id='word_1_548' title='bbox 301 3567 529 3632; x_wconf 79' lang='lat' dir='ltr'>stabat,</span> <span class='ocrx_word' id='word_1_549' title='bbox 560 3582 675 3619; x_wconf 89' lang='lat' dir='ltr'>non</span> <span class='ocrx_word' id='word_1_550' title='bbox 705 3565 897 3620; x_wconf 89' lang='lat' dir='ltr'>carnis</span> <span class='ocrx_word' id='word_1_551' title='bbox 927 3566 1343 3633; x_wconf 82' lang='lat' dir='ltr'>substantiam,</span> <span class='ocrx_word' id='word_1_552' title='bbox 1380 3568 1481 3622; x_wconf 88' lang='lat' dir='ltr'>sed</span> <span class='ocrx_word' id='word_1_553' title='bbox 1514 3572 1750 3639; x_wconf 87' lang='lat' dir='ltr'>peccata</span> <span class='ocrx_word' id='word_1_554' title='bbox 1781 3569 1945 3624; x_wconf 85' lang='lat' dir='ltr'>dam-</span> 
     </span>
    </p>
   </div>
   <div class='ocr_carea' id='block_1_69' title="bbox 305 3654 519 3709">
    <p class='ocr_par' dir='ltr' id='par_1_69' title="bbox 305 3654 519 3709">
     <span class='ocr_line' id='line_1_69' title="bbox 305 3654 519 3709; baseline -0.014 0"><span class='ocrx_word' id='word_1_555' title='bbox 305 3654 519 3709; x_wconf 71' lang='lat' dir='ltr'>nabaL</span> 
     </span>
    </p>
   </div>
   <div class='ocr_carea' id='block_1_70' title="bbox 370 3742 1944 3814">
    <p class='ocr_par' dir='ltr' id='par_1_70' title="bbox 370 3742 1944 3814">
     <span class='ocr_line' id='line_1_70' title="bbox 370 3742 1944 3814; baseline 0.004 -18"><span class='ocrx_word' id='word_1_556' title='bbox 370 3742 464 3797; x_wconf 83' lang='lat'>29.</span> <span class='ocrx_word' id='word_1_557' title='bbox 504 3744 638 3797; x_wconf 79' lang='lat' dir='ltr'>Vera</span> <span class='ocrx_word' id='word_1_558' title='bbox 664 3745 1077 3799; x_wconf 76' lang='lat' dir='ltr'>resurrectionis</span> <span class='ocrx_word' id='word_1_559' title='bbox 1116 3746 1399 3814; x_wconf 76' lang='lat' dir='ltr'>confessio.</span> <span class='ocrx_word' id='word_1_560' title='bbox 1437 3746 1588 3801; x_wconf 81' lang='lat' dir='ltr'>Etias</span> <span class='ocrx_word' id='word_1_561' title='bbox 1644 3755 1695 3802; x_wconf 79' lang='lat' dir='ltr'>et</span> <span class='ocrx_word' id='word_1_562' title='bbox 1742 3748 1944 3803; x_wconf 85' lang='lat' dir='ltr'>Enoch.</span> 
     </span>
    </p>
   </div>
   <div class='ocr_carea' id='block_1_71' title="bbox 293 3832 1948 3907">
    <p class='ocr_par' dir='ltr' id='par_1_71' title="bbox 293 3832 1948 3907">
     <span class='ocr_line' id='line_1_71' title="bbox 293 3832 1948 3907; baseline 0.004 -21"><span class='ocrx_word' id='word_1_563' title='bbox 293 3862 364 3873; x_wconf 89' lang='lat'><strong><em>—</em></strong></span> <span class='ocrx_word' id='word_1_564' title='bbox 393 3832 529 3887; x_wconf 71' lang='lat' dir='ltr'>Haec</span> <span class='ocrx_word' id='word_1_565' title='bbox 547 3837 637 3887; x_wconf 86' lang='lat' dir='ltr'>est</span> <span class='ocrx_word' id='word_1_566' title='bbox 663 3848 799 3887; x_wconf 88' lang='lat' dir='ltr'>vera</span> <span class='ocrx_word' id='word_1_567' title='bbox 830 3833 1276 3889; x_wconf 89' lang='lat' dir='ltr'>resurrectionis</span> <span class='ocrx_word' id='word_1_568' title='bbox 1336 3835 1646 3903; x_wconf 89' lang='lat' dir='ltr'>confessio,</span> <span class='ocrx_word' id='word_1_569' title='bbox 1680 3854 1806 3907; x_wconf 70' lang='lat' dir='ltr'>qua:</span> <span class='ocrx_word' id='word_1_570' title='bbox 1865 3838 1948 3893; x_wconf 93' lang='lat' dir='ltr'>sic</span> 
     </span>
    </p>
   </div>
   <div class='ocr_carea' id='block_1_72' title="bbox 291 3920 1944 3994">
    <p class='ocr_par' dir='ltr' id='par_1_72' title="bbox 291 3920 1944 3994">
     <span class='ocr_line' id='line_1_72' title="bbox 291 3920 1944 3994; baseline 0.002 -18"><span class='ocrx_word' id='word_1_571' title='bbox 291 3920 545 3994; x_wconf 87' lang='lat' dir='ltr'>gloriam</span> <span class='ocrx_word' id='word_1_572' title='bbox 582 3920 747 3975; x_wconf 89' lang='lat' dir='ltr'>carni</span> <span class='ocrx_word' id='word_1_573' title='bbox 778 3920 1005 3988; x_wconf 90' lang='lat' dir='ltr'>tribuit,</span> <span class='ocrx_word' id='word_1_574' title='bbox 1067 3924 1133 3976; x_wconf 89' lang='lat' dir='ltr'>ut</span> <span class='ocrx_word' id='word_1_575' title='bbox 1174 3938 1289 3977; x_wconf 91' lang='lat' dir='ltr'>non</span> <span class='ocrx_word' id='word_1_576' title='bbox 1350 3923 1575 3979; x_wconf 89' lang='lat' dir='ltr'>auferat</span> <span class='ocrx_word' id='word_1_577' title='bbox 1623 3924 1944 3981; x_wconf 88' lang='lat' dir='ltr'>veritatem.</span> 
     </span>
    </p>
   </div>
   <div class='ocr_carea' id='block_1_73' title="bbox 297 4009 1949 4084">
    <p class='ocr_par' dir='ltr' id='par_1_73' title="bbox 297 4009 1949 4084">
     <span class='ocr_line' id='line_1_73' title="bbox 297 4009 1949 4084; baseline 0.002 -19"><span class='ocrx_word' id='word_1_578' title='bbox 297 4011 460 4074; x_wconf 84' lang='lat' dir='ltr'>Quod</span> <span class='ocrx_word' id='word_1_579' title='bbox 492 4026 630 4065; x_wconf 90' lang='lat' dir='ltr'>vero</span> <span class='ocrx_word' id='word_1_580' title='bbox 662 4009 806 4064; x_wconf 90' lang='lat' dir='ltr'>dicit</span> <span class='ocrx_word' id='word_1_581' title='bbox 834 4010 1170 4081; x_wconf 87' lang='lat' dir='ltr'>Apostolus,</span> <span class='ocrx_word' id='word_1_582' title='bbox 1232 4032 1254 4060; x_wconf 74' lang='grc' dir='ltr'><strong>α</strong></span> <span class='ocrx_word' id='word_1_583' title='bbox 1288 4011 1680 4084; x_wconf 87' lang='lat' dir='ltr'>Corruptibile</span> <span class='ocrx_word' id='word_1_584' title='bbox 1728 4013 1837 4069; x_wconf 90' lang='lat' dir='ltr'>hoc</span> <span class='ocrx_word' id='word_1_585' title='bbox 1895 4019 1949 4069; x_wconf 91' lang='lat' dir='ltr'>et</span> 
     </span>
    </p>
   </div>
   <div class='ocr_carea' id='block_1_74' title="bbox 296 4098 1948 4174">
    <p class='ocr_par' dir='ltr' id='par_1_74' title="bbox 296 4098 1948 4174">
     <span class='ocr_line' id='line_1_74' title="bbox 296 4098 1948 4174; baseline 0.002 -19"><span class='ocrx_word' id='word_1_586' title='bbox 296 4098 617 4168; x_wconf 82' lang='lat' dir='ltr'>mortale(l</span> <span class='ocrx_word' id='word_1_587' title='bbox 639 4098 761 4153; x_wconf 85' lang='lat' dir='ltr'>Cor.</span> <span class='ocrx_word' id='word_1_588' title='bbox 796 4116 888 4166; x_wconf 89' lang='lat' dir='ltr'>xv,</span> <span class='ocrx_word' id='word_1_589' title='bbox 920 4100 1031 4170; x_wconf 85' lang='lat'>53).</span> <span class='ocrx_word' id='word_1_590' title='bbox 1060 4121 1088 4147; x_wconf 86' lang='grc'>››</span> <span class='ocrx_word' id='word_1_591' title='bbox 1110 4101 1258 4155; x_wconf 71' lang='grc'>4³7</span> <span class='ocrx_word' id='word_1_592' title='bbox 1295 4100 1403 4155; x_wconf 91' lang='lat' dir='ltr'>hoc</span> <span class='ocrx_word' id='word_1_593' title='bbox 1462 4101 1658 4172; x_wconf 91' lang='lat' dir='ltr'>ipsum</span> <span class='ocrx_word' id='word_1_594' title='bbox 1714 4119 1948 4174; x_wconf 90' lang='lat' dir='ltr'>corpus,</span> 
     </span>
    </p>
   </div>
   <div class='ocr_carea' id='block_1_75' title="bbox 294 4188 1949 4259">
    <p class='ocr_par' dir='ltr' id='par_1_75' title="bbox 294 4188 1949 4259">
     <span class='ocr_line' id='line_1_75' title="bbox 294 4188 1949 4259; baseline 0.003 -16"><span class='ocrx_word' id='word_1_595' title='bbox 294 4189 353 4244; x_wconf 89' lang='lat' dir='ltr'>id</span> <span class='ocrx_word' id='word_1_596' title='bbox 383 4194 498 4257; x_wconf 91' lang='lat' dir='ltr'>est,</span> <span class='ocrx_word' id='word_1_597' title='bbox 531 4204 795 4256; x_wconf 90' lang='lat' dir='ltr'>carnem,</span> <span class='ocrx_word' id='word_1_598' title='bbox 828 4204 954 4259; x_wconf 67' lang='lat' dir='ltr'>qua:</span> <span class='ocrx_word' id='word_1_599' title='bbox 985 4192 1126 4243; x_wconf 92' lang='lat' dir='ltr'>tunc</span> <span class='ocrx_word' id='word_1_600' title='bbox 1155 4188 1761 4255; x_wconf 87' lang='lat' dir='ltr'>videbatur,ostendit.</span> <span class='ocrx_word' id='word_1_601' title='bbox 1787 4194 1949 4257; x_wconf 90' lang='lat' dir='ltr'>Quod</span> 
     </span>
    </p>
   </div>
   <div class='ocr_carea' id='block_1_76' title="bbox 296 4276 1950 4350">
    <p class='ocr_par' dir='ltr' id='par_1_76' title="bbox 296 4276 1950 4350">
     <span class='ocr_line' id='line_1_76' title="bbox 296 4276 1950 4350; baseline 0.003 -18"><span class='ocrx_word' id='word_1_602' title='bbox 296 4282 499 4333; x_wconf 79' lang='lat' dir='ltr'>autem</span> <span class='ocrx_word' id='word_1_603' title='bbox 528 4276 788 4348; x_wconf 89' lang='lat' dir='ltr'>copulat,</span> <span class='ocrx_word' id='word_1_604' title='bbox 828 4277 1127 4333; x_wconf 72' lang='lat' dir='ltr'>«induere</span> <span class='ocrx_word' id='word_1_605' title='bbox 1170 4276 1667 4350; x_wconf 88' lang='lat' dir='ltr'>incorruptionem</span> <span class='ocrx_word' id='word_1_606' title='bbox 1722 4286 1779 4336; x_wconf 93' lang='lat' dir='ltr'>et</span> <span class='ocrx_word' id='word_1_607' title='bbox 1836 4282 1950 4337; x_wconf 88' lang='lat' dir='ltr'>im-</span> 
     </span>
    </p>
   </div>
   <div class='ocr_carea' id='block_1_77' title="bbox 298 4364 1952 4434">
    <p class='ocr_par' dir='ltr' id='par_1_77' title="bbox 298 4364 1952 4434">
     <span class='ocr_line' id='line_1_77' title="bbox 298 4364 1952 4434; baseline 0.004 -14"><span class='ocrx_word' id='word_1_608' title='bbox 298 4364 746 4433; x_wconf 78' lang='lat' dir='ltr'>mortalitatem,</span> <span class='ocrx_word' id='word_1_609' title='bbox 774 4388 801 4414; x_wconf 84' lang='lat'><strong>»</strong></span> <span class='ocrx_word' id='word_1_610' title='bbox 822 4364 963 4420; x_wconf 92' lang='lat' dir='ltr'>illud</span> <span class='ocrx_word' id='word_1_611' title='bbox 995 4366 1429 4434; x_wconf 90' lang='lat' dir='ltr'>indumentum,</span> <span class='ocrx_word' id='word_1_612' title='bbox 1452 4368 1509 4422; x_wconf 92' lang='lat' dir='ltr'>id</span> <span class='ocrx_word' id='word_1_613' title='bbox 1534 4374 1624 4423; x_wconf 90' lang='lat' dir='ltr'>est</span> <span class='ocrx_word' id='word_1_614' title='bbox 1645 4370 1952 4426; x_wconf 90' lang='lat' dir='ltr'>vestimen-</span> 
     </span>
    </p>
   </div>
   <div class='ocr_carea' id='block_1_78' title="bbox 296 4453 1951 4531">
    <p class='ocr_par' dir='ltr' id='par_1_78' title="bbox 296 4453 1951 4531">
     <span class='ocr_line' id='line_1_78' title="bbox 296 4453 1951 4531; baseline 0.004 -23"><span class='ocrx_word' id='word_1_615' title='bbox 296 4459 447 4521; x_wconf 87' lang='lat' dir='ltr'>tum,</span> <span class='ocrx_word' id='word_1_616' title='bbox 482 4470 601 4509; x_wconf 88' lang='lat' dir='ltr'>non</span> <span class='ocrx_word' id='word_1_617' title='bbox 634 4453 778 4509; x_wconf 88' lang='lat' dir='ltr'>dicit</span> <span class='ocrx_word' id='word_1_618' title='bbox 807 4470 1020 4525; x_wconf 91' lang='lat' dir='ltr'>corpus</span> <span class='ocrx_word' id='word_1_619' title='bbox 1050 4454 1278 4511; x_wconf 89' lang='lat' dir='ltr'>abolere</span> <span class='ocrx_word' id='word_1_620' title='bbox 1309 4456 1461 4527; x_wconf 91' lang='lat' dir='ltr'>quod</span> <span class='ocrx_word' id='word_1_621' title='bbox 1497 4462 1666 4512; x_wconf 89' lang='lat' dir='ltr'>ornat</span> <span class='ocrx_word' id='word_1_622' title='bbox 1707 4459 1766 4513; x_wconf 91' lang='lat' dir='ltr'>in</span> <span class='ocrx_word' id='word_1_623' title='bbox 1827 4459 1951 4531; x_wconf 90' lang='lat' dir='ltr'>glo-</span> 
     </span>
    </p>
   </div>
   <div class='ocr_carea' id='block_1_79' title="bbox 2126 3300 3702 3358">
    <p class='ocr_par' dir='ltr' id='par_1_79' title="bbox 2126 3300 3702 3358">
     <span class='ocr_line' id='line_1_79' title="bbox 2126 3300 3702 3358; baseline -0.002 -1"><span class='ocrx_word' id='word_1_624' title='bbox 2126 3304 2215 3357; x_wconf 88' lang='lat'>30.</span> <span class='ocrx_word' id='word_1_625' title='bbox 2247 3303 2341 3358; x_wconf 83' lang='lat' dir='ltr'>Job</span> <span class='ocrx_word' id='word_1_626' title='bbox 2365 3302 2570 3357; x_wconf 83' lang='lat' dir='ltr'>athleta</span> <span class='ocrx_word' id='word_1_627' title='bbox 2595 3302 2850 3358; x_wconf 70' lang='lat' dir='ltr'>Ecclesiae</span> <span class='ocrx_word' id='word_1_628' title='bbox 2877 3306 3003 3356; x_wconf 81' lang='lat' dir='ltr'>ante</span> <span class='ocrx_word' id='word_1_629' title='bbox 3026 3301 3321 3355; x_wconf 82' lang='lat' dir='ltr'>Christum.</span> <span class='ocrx_word' id='word_1_630' title='bbox 3347 3300 3442 3356; x_wconf 84' lang='lat' dir='ltr'>Job</span> <span class='ocrx_word' id='word_1_631' title='bbox 3472 3301 3625 3356; x_wconf 74' lang='lat' dir='ltr'>videt</span> <span class='ocrx_word' id='word_1_632' title='bbox 3636 3316 3702 3355; x_wconf 88' lang='lat' dir='ltr'>ur</span> 
     </span>
    </p>
   </div>
   <div class='ocr_carea' id='block_1_80' title="bbox 2056 3389 3697 3459">
    <p class='ocr_par' dir='ltr' id='par_1_80' title="bbox 2056 3389 3697 3459">
     <span class='ocr_line' id='line_1_80' title="bbox 2056 3389 3697 3459; baseline -0.002 -12"><span class='ocrx_word' id='word_1_633' title='bbox 2056 3400 2247 3447; x_wconf 82' lang='lat' dir='ltr'>contra</span> <span class='ocrx_word' id='word_1_634' title='bbox 2281 3394 2535 3459; x_wconf 82' lang='lat' dir='ltr'>futurum</span> <span class='ocrx_word' id='word_1_635' title='bbox 2593 3391 2887 3459; x_wconf 86' lang='lat' dir='ltr'>Origenem</span> <span class='ocrx_word' id='word_1_636' title='bbox 2934 3391 3186 3445; x_wconf 81' lang='lat' dir='ltr'>scribere.</span> <span class='ocrx_word' id='word_1_637' title='bbox 3222 3422 3285 3428; x_wconf 90' lang='lat'><strong>—</strong></span> <span class='ocrx_word' id='word_1_638' title='bbox 3344 3391 3529 3444; x_wconf 88' lang='lat' dir='ltr'>Tonet</span> <span class='ocrx_word' id='word_1_639' title='bbox 3587 3389 3697 3444; x_wconf 87' lang='lat' dir='ltr'>Job</span> 
     </span>
    </p>
   </div>
   <div class='ocr_carea' id='block_1_81' title="bbox 2056 3479 3695 3548">
    <p class='ocr_par' dir='ltr' id='par_1_81' title="bbox 2056 3479 3695 3548">
     <span class='ocr_line' id='line_1_81' title="bbox 2056 3479 3695 3548; baseline -0.002 -13"><span class='ocrx_word' id='word_1_640' title='bbox 2056 3483 2478 3536; x_wconf 90' lang='lat' dir='ltr'>tormentorum</span> <span class='ocrx_word' id='word_1_641' title='bbox 2512 3480 2715 3548; x_wconf 90' lang='lat' dir='ltr'>victor,</span> <span class='ocrx_word' id='word_1_642' title='bbox 2740 3485 2793 3534; x_wconf 88' lang='lat' dir='ltr'>et</span> <span class='ocrx_word' id='word_1_643' title='bbox 2829 3483 2974 3533; x_wconf 89' lang='lat' dir='ltr'>testa</span> <span class='ocrx_word' id='word_1_644' title='bbox 3005 3480 3215 3532; x_wconf 89' lang='lat' dir='ltr'>radens</span> <span class='ocrx_word' id='word_1_645' title='bbox 3274 3479 3519 3548; x_wconf 72' lang='lat' dir='ltr'>putridm</span> <span class='ocrx_word' id='word_1_646' title='bbox 3571 3494 3695 3532; x_wconf 93' lang='lat' dir='ltr'>car-</span> 
     </span>
    </p>
   </div>
   <div class='ocr_carea' id='block_1_82' title="bbox 2059 3565 3703 3638">
    <p class='ocr_par' dir='ltr' id='par_1_82' title="bbox 2059 3565 3703 3638">
     <span class='ocr_line' id='line_1_82' title="bbox 2059 3565 3703 3638; baseline -0.002 -15"><span class='ocrx_word' id='word_1_647' title='bbox 2059 3569 2150 3624; x_wconf 91' lang='lat' dir='ltr'>nis</span> <span class='ocrx_word' id='word_1_648' title='bbox 2177 3567 2421 3636; x_wconf 90' lang='lat' dir='ltr'>saniem,</span> <span class='ocrx_word' id='word_1_649' title='bbox 2447 3568 2713 3624; x_wconf 90' lang='lat' dir='ltr'>miserias</span> <span class='ocrx_word' id='word_1_650' title='bbox 2731 3584 2870 3622; x_wconf 90' lang='lat' dir='ltr'>suas</span> <span class='ocrx_word' id='word_1_651' title='bbox 2893 3566 3335 3621; x_wconf 83' lang='lat' dir='ltr'>resurrectionis</span> <span class='ocrx_word' id='word_1_652' title='bbox 3360 3583 3461 3638; x_wconf 89' lang='lat' dir='ltr'>spe</span> <span class='ocrx_word' id='word_1_653' title='bbox 3483 3571 3537 3620; x_wconf 85' lang='lat' dir='ltr'>et</span> <span class='ocrx_word' id='word_1_654' title='bbox 3560 3565 3703 3621; x_wconf 90' lang='lat' dir='ltr'>veri-</span> 
     </span>
    </p>
   </div>
   <div class='ocr_carea' id='block_1_83' title="bbox 2057 3654 3693 3725">
    <p class='ocr_par' dir='ltr' id='par_1_83' title="bbox 2057 3654 3693 3725">
     <span class='ocr_line' id='line_1_83' title="bbox 2057 3654 3693 3725; baseline -0.004 -12"><span class='ocrx_word' id='word_1_655' title='bbox 2057 3662 2174 3713; x_wconf 88' lang='lat' dir='ltr'>tate</span> <span class='ocrx_word' id='word_1_656' title='bbox 2198 3656 2454 3713; x_wconf 90' lang='lat' dir='ltr'>soletur:</span> <span class='ocrx_word' id='word_1_657' title='bbox 2486 3680 2506 3707; x_wconf 72' lang='grc' dir='ltr'>σι</span> <span class='ocrx_word' id='word_1_658' title='bbox 2540 3656 2680 3720; x_wconf 85' lang='lat' dir='ltr'>Quis</span> <span class='ocrx_word' id='word_1_659' title='bbox 2701 3656 2840 3709; x_wconf 88' lang='lat' dir='ltr'>mihi</span> <span class='ocrx_word' id='word_1_660' title='bbox 2875 3657 2989 3721; x_wconf 89' lang='lat' dir='ltr'>det,</span> <span class='ocrx_word' id='word_1_661' title='bbox 3016 3655 3224 3725; x_wconf 85' lang='lat' dir='ltr'>inquit,</span> <span class='ocrx_word' id='word_1_662' title='bbox 3250 3660 3313 3708; x_wconf 91' lang='lat' dir='ltr'>ut</span> <span class='ocrx_word' id='word_1_663' title='bbox 3356 3654 3693 3708; x_wconf 87' lang='lat' dir='ltr'>scribantur</span> 
     </span>
    </p>
   </div>
   <div class='ocr_carea' id='block_1_84' title="bbox 2059 3744 3695 3812">
    <p class='ocr_par' dir='ltr' id='par_1_84' title="bbox 2059 3744 3695 3812">
     <span class='ocr_line' id='line_1_84' title="bbox 2059 3744 3695 3812; baseline -0.004 -8"><span class='ocrx_word' id='word_1_664' title='bbox 2059 3765 2358 3804; x_wconf 89' lang='lat' dir='ltr'>sermones</span> <span class='ocrx_word' id='word_1_665' title='bbox 2390 3749 2499 3802; x_wconf 87' lang='lat' dir='ltr'>mei</span> <span class='ocrx_word' id='word_1_666' title='bbox 2520 3748 2546 3801; x_wconf 84' lang='lat'><strong>?</strong></span> <span class='ocrx_word' id='word_1_667' title='bbox 2564 3746 2702 3812; x_wconf 88' lang='lat' dir='ltr'>Quis</span> <span class='ocrx_word' id='word_1_668' title='bbox 2725 3745 2867 3800; x_wconf 88' lang='lat' dir='ltr'>mihi</span> <span class='ocrx_word' id='word_1_669' title='bbox 2891 3747 3007 3809; x_wconf 88' lang='lat' dir='ltr'>det,</span> <span class='ocrx_word' id='word_1_670' title='bbox 3032 3750 3095 3799; x_wconf 87' lang='lat' dir='ltr'>ut</span> <span class='ocrx_word' id='word_1_671' title='bbox 3116 3748 3424 3800; x_wconf 82' lang='lat' dir='ltr'>exarentur</span> <span class='ocrx_word' id='word_1_672' title='bbox 3446 3746 3503 3798; x_wconf 91' lang='lat' dir='ltr'>in</span> <span class='ocrx_word' id='word_1_673' title='bbox 3542 3744 3695 3798; x_wconf 90' lang='lat' dir='ltr'>libro</span> 
     </span>
    </p>
   </div>
   <div class='ocr_carea' id='block_1_85' title="bbox 2059 3831 3706 3909">
    <p class='ocr_par' dir='ltr' id='par_1_85' title="bbox 2059 3831 3706 3909">
     <span class='ocr_line' id='line_1_85' title="bbox 2059 3831 3706 3909; baseline -0.004 -17"><span class='ocrx_word' id='word_1_674' title='bbox 2059 3838 2205 3909; x_wconf 85' lang='lat' dir='ltr'>style</span> <span class='ocrx_word' id='word_1_675' title='bbox 2228 3838 2431 3898; x_wconf 86' lang='lat' dir='ltr'>ferreo,</span> <span class='ocrx_word' id='word_1_676' title='bbox 2455 3841 2511 3889; x_wconf 89' lang='lat' dir='ltr'>et</span> <span class='ocrx_word' id='word_1_677' title='bbox 2542 3834 2766 3906; x_wconf 90' lang='lat' dir='ltr'>plumbi</span> <span class='ocrx_word' id='word_1_678' title='bbox 2788 3834 3031 3901; x_wconf 87' lang='lat' dir='ltr'>lamina,</span> <span class='ocrx_word' id='word_1_679' title='bbox 3056 3834 3143 3889; x_wconf 88' lang='lat' dir='ltr'>vel</span> <span class='ocrx_word' id='word_1_680' title='bbox 3188 3831 3373 3887; x_wconf 65' lang='lat' dir='ltr'>cetteil</span> <span class='ocrx_word' id='word_1_681' title='bbox 3424 3832 3706 3903; x_wconf 87' lang='lat' dir='ltr'>sculpan-</span> 
     </span>
    </p>
   </div>
   <div class='ocr_carea' id='block_1_86' title="bbox 2060 3923 3696 3994">
    <p class='ocr_par' dir='ltr' id='par_1_86' title="bbox 2060 3923 3696 3994">
     <span class='ocr_line' id='line_1_86' title="bbox 2060 3923 3696 3994; baseline -0.003 -13"><span class='ocrx_word' id='word_1_682' title='bbox 2060 3932 2155 3981; x_wconf 90' lang='lat' dir='ltr'>tur</span> <span class='ocrx_word' id='word_1_683' title='bbox 2180 3926 2236 3980; x_wconf 91' lang='lat' dir='ltr'>in</span> <span class='ocrx_word' id='word_1_684' title='bbox 2269 3925 2465 3979; x_wconf 82' lang='lat' dir='ltr'>silice?</span> <span class='ocrx_word' id='word_1_685' title='bbox 2495 3924 2624 3978; x_wconf 93' lang='lat' dir='ltr'>Scio</span> <span class='ocrx_word' id='word_1_686' title='bbox 2656 3923 2812 3977; x_wconf 87' lang='lat' dir='ltr'>enim</span> <span class='ocrx_word' id='word_1_687' title='bbox 2845 3924 2999 3994; x_wconf 87' lang='lat' dir='ltr'>quod</span> <span class='ocrx_word' id='word_1_688' title='bbox 3034 3923 3385 3993; x_wconf 86' lang='lat' dir='ltr'>Redemptor</span> <span class='ocrx_word' id='word_1_689' title='bbox 3416 3939 3582 3977; x_wconf 88' lang='lat' dir='ltr'>meus</span> <span class='ocrx_word' id='word_1_690' title='bbox 3615 3924 3696 3976; x_wconf 91' lang='lat' dir='ltr'>vi-</span> 
     </span>
    </p>
   </div>
   <div class='ocr_carea' id='block_1_87' title="bbox 2057 4012 3699 4083">
    <p class='ocr_par' dir='ltr' id='par_1_87' title="bbox 2057 4012 3699 4083">
     <span class='ocr_line' id='line_1_87' title="bbox 2057 4012 3699 4083; baseline -0.002 -13"><span class='ocrx_word' id='word_1_691' title='bbox 2057 4016 2157 4083; x_wconf 91' lang='lat' dir='ltr'>vit,</span> <span class='ocrx_word' id='word_1_692' title='bbox 2181 4020 2237 4070; x_wconf 87' lang='lat' dir='ltr'>et</span> <span class='ocrx_word' id='word_1_693' title='bbox 2266 4015 2321 4068; x_wconf 93' lang='lat' dir='ltr'>in</span> <span class='ocrx_word' id='word_1_694' title='bbox 2356 4012 2673 4068; x_wconf 90' lang='lat' dir='ltr'>novissimo</span> <span class='ocrx_word' id='word_1_695' title='bbox 2705 4012 2858 4068; x_wconf 75' lang='lat'>438</span> <span class='ocrx_word' id='word_1_696' title='bbox 2908 4013 3001 4066; x_wconf 92' lang='lat' dir='ltr'>die</span> <span class='ocrx_word' id='word_1_697' title='bbox 3030 4013 3102 4066; x_wconf 92' lang='lat' dir='ltr'>de</span> <span class='ocrx_word' id='word_1_698' title='bbox 3134 4018 3287 4067; x_wconf 89' lang='lat' dir='ltr'>terra</span> <span class='ocrx_word' id='word_1_699' title='bbox 3327 4018 3699 4067; x_wconf 83' lang='lat' dir='ltr'>surrecturus</span> 
     </span>
    </p>
   </div>
   <div class='ocr_carea' id='block_1_88' title="bbox 2060 4101 3701 4172">
    <p class='ocr_par' dir='ltr' id='par_1_88' title="bbox 2060 4101 3701 4172">
     <span class='ocr_line' id='line_1_88' title="bbox 2060 4101 3701 4172; baseline -0.004 -13"><span class='ocrx_word' id='word_1_700' title='bbox 2060 4121 2213 4170; x_wconf 90' lang='lat' dir='ltr'>sum,</span> <span class='ocrx_word' id='word_1_701' title='bbox 2238 4110 2293 4158; x_wconf 94' lang='lat' dir='ltr'>et</span> <span class='ocrx_word' id='word_1_702' title='bbox 2314 4118 2550 4157; x_wconf 91' lang='lat' dir='ltr'>rursum</span> <span class='ocrx_word' id='word_1_703' title='bbox 2584 4101 2989 4155; x_wconf 67' lang='lat' dir='ltr'>circumdabor</span> <span class='ocrx_word' id='word_1_704' title='bbox 3020 4101 3167 4172; x_wconf 84' lang='lat' dir='ltr'>pelle</span> <span class='ocrx_word' id='word_1_705' title='bbox 3199 4118 3349 4166; x_wconf 89' lang='lat' dir='ltr'>mea,</span> <span class='ocrx_word' id='word_1_706' title='bbox 3374 4105 3431 4155; x_wconf 89' lang='lat' dir='ltr'>et</span> <span class='ocrx_word' id='word_1_707' title='bbox 3464 4102 3521 4153; x_wconf 85' lang='lat' dir='ltr'>in</span> <span class='ocrx_word' id='word_1_708' title='bbox 3573 4117 3701 4154; x_wconf 91' lang='lat' dir='ltr'>car-</span> 
     </span>
    </p>
   </div>
   <div class='ocr_carea' id='block_1_89' title="bbox 2060 4188 3707 4261">
    <p class='ocr_par' dir='ltr' id='par_1_89' title="bbox 2060 4188 3707 4261">
     <span class='ocr_line' id='line_1_89' title="bbox 2060 4188 3707 4261; baseline -0.005 -12"><span class='ocrx_word' id='word_1_709' title='bbox 2060 4211 2132 4249; x_wconf 89' lang='lat' dir='ltr'>ne</span> <span class='ocrx_word' id='word_1_710' title='bbox 2168 4209 2297 4248; x_wconf 88' lang='lat' dir='ltr'>mea</span> <span class='ocrx_word' id='word_1_711' title='bbox 2328 4190 2532 4246; x_wconf 89' lang='lat' dir='ltr'>videbo</span> <span class='ocrx_word' id='word_1_712' title='bbox 2568 4192 2747 4245; x_wconf 89' lang='lat' dir='ltr'>Deum</span> <span class='ocrx_word' id='word_1_713' title='bbox 2782 4207 2793 4243; x_wconf 89' lang='lat'>:</span> <span class='ocrx_word' id='word_1_714' title='bbox 2830 4206 3005 4261; x_wconf 88' lang='lat' dir='ltr'>quem</span> <span class='ocrx_word' id='word_1_715' title='bbox 3034 4190 3268 4244; x_wconf 87' lang='lat' dir='ltr'>visurus</span> <span class='ocrx_word' id='word_1_716' title='bbox 3316 4205 3447 4243; x_wconf 93' lang='lat' dir='ltr'>sum</span> <span class='ocrx_word' id='word_1_717' title='bbox 3481 4205 3586 4258; x_wconf 74' lang='lat' dir='ltr'>ego</span> <span class='ocrx_word' id='word_1_718' title='bbox 3618 4188 3707 4257; x_wconf 91' lang='lat' dir='ltr'>ip-</span> 
     </span>
    </p>
   </div>
   <div class='ocr_carea' id='block_1_90' title="bbox 2060 4276 3705 4350">
    <p class='ocr_par' dir='ltr' id='par_1_90' title="bbox 2060 4276 3705 4350">
     <span class='ocr_line' id='line_1_90' title="bbox 2060 4276 3705 4350; baseline -0.005 -12"><span class='ocrx_word' id='word_1_719' title='bbox 2060 4299 2147 4349; x_wconf 89' lang='lat' dir='ltr'>se,</span> <span class='ocrx_word' id='word_1_720' title='bbox 2168 4288 2223 4336; x_wconf 89' lang='lat' dir='ltr'>et</span> <span class='ocrx_word' id='word_1_721' title='bbox 2252 4280 2405 4335; x_wconf 82' lang='lat' dir='ltr'>oculi</span> <span class='ocrx_word' id='word_1_722' title='bbox 2437 4280 2549 4334; x_wconf 89' lang='lat' dir='ltr'>mei</span> <span class='ocrx_word' id='word_1_723' title='bbox 2570 4279 2936 4350; x_wconf 89' lang='lat' dir='ltr'>conspecturi</span> <span class='ocrx_word' id='word_1_724' title='bbox 2971 4283 3129 4344; x_wconf 90' lang='lat' dir='ltr'>sunt,</span> <span class='ocrx_word' id='word_1_725' title='bbox 3164 4282 3219 4332; x_wconf 91' lang='lat' dir='ltr'>et</span> <span class='ocrx_word' id='word_1_726' title='bbox 3250 4294 3365 4331; x_wconf 88' lang='lat' dir='ltr'>non</span> <span class='ocrx_word' id='word_1_727' title='bbox 3400 4276 3567 4331; x_wconf 90' lang='lat' dir='ltr'>alius.</span> <span class='ocrx_word' id='word_1_728' title='bbox 3596 4277 3705 4330; x_wconf 83' lang='lat' dir='ltr'>Re-</span> 
     </span>
    </p>
   </div>
   <div class='ocr_carea' id='block_1_91' title="bbox 2060 4365 3701 4441">
    <p class='ocr_par' dir='ltr' id='par_1_91' title="bbox 2060 4365 3701 4441">
     <span class='ocr_line' id='line_1_91' title="bbox 2060 4365 3701 4441; baseline -0.004 -16"><span class='ocrx_word' id='word_1_729' title='bbox 2060 4370 2249 4441; x_wconf 88' lang='lat' dir='ltr'>posita</span> <span class='ocrx_word' id='word_1_730' title='bbox 2279 4373 2368 4424; x_wconf 85' lang='lat' dir='ltr'>est</span> <span class='ocrx_word' id='word_1_731' title='bbox 2398 4369 2516 4423; x_wconf 64' lang='lat' dir='ltr'>haec</span> <span class='ocrx_word' id='word_1_732' title='bbox 2548 4384 2683 4440; x_wconf 90' lang='lat' dir='ltr'>spes</span> <span class='ocrx_word' id='word_1_733' title='bbox 2715 4383 2844 4422; x_wconf 90' lang='lat' dir='ltr'>mea</span> <span class='ocrx_word' id='word_1_734' title='bbox 2876 4367 2931 4421; x_wconf 91' lang='lat' dir='ltr'>in</span> <span class='ocrx_word' id='word_1_735' title='bbox 2957 4367 3090 4422; x_wconf 88' lang='lat' dir='ltr'>sinu</span> <span class='ocrx_word' id='word_1_736' title='bbox 3123 4382 3251 4422; x_wconf 90' lang='lat' dir='ltr'>meo</span> <span class='ocrx_word' id='word_1_737' title='bbox 3284 4367 3420 4437; x_wconf 86' lang='lat' dir='ltr'>(Job.</span> <span class='ocrx_word' id='word_1_738' title='bbox 3474 4383 3588 4431; x_wconf 80' lang='lat' dir='ltr'>xix,</span> <span class='ocrx_word' id='word_1_739' title='bbox 3632 4365 3701 4419; x_wconf 84' lang='lat'>23</span> 
     </span>
    </p>
   </div>
   <div class='ocr_carea' id='block_1_92' title="bbox 2060 4453 3702 4531">
    <p class='ocr_par' dir='ltr' id='par_1_92' title="bbox 2060 4453 3702 4531">
     <span class='ocr_line' id='line_1_92' title="bbox 2060 4453 3702 4531; baseline -0.002 -18"><span class='ocrx_word' id='word_1_740' title='bbox 2060 4461 2247 4531; x_wconf 70' lang='lat' dir='ltr'>seqq)</span> <span class='ocrx_word' id='word_1_741' title='bbox 2287 4482 2307 4506; x_wconf 71' lang='grc' dir='ltr'><strong>ο</strong></span> <span class='ocrx_word' id='word_1_742' title='bbox 2372 4458 2519 4524; x_wconf 90' lang='lat' dir='ltr'>Quid</span> <span class='ocrx_word' id='word_1_743' title='bbox 2550 4457 2656 4511; x_wconf 87' lang='lat' dir='ltr'>hac</span> <span class='ocrx_word' id='word_1_744' title='bbox 2692 4456 2998 4528; x_wconf 85' lang='lat' dir='ltr'>prophetia</span> <span class='ocrx_word' id='word_1_745' title='bbox 3029 4454 3447 4510; x_wconf 85' lang='lat' dir='ltr'>manifestius?</span> <span class='ocrx_word' id='word_1_746' title='bbox 3494 4453 3702 4509; x_wconf 89' lang='lat' dir='ltr'>Nullus</span> 
     </span>
    </p>
   </div>
   <div class='ocr_carea' id='block_1_93' title="bbox 299 4542 3707 4619">
    <p class='ocr_par' dir='ltr' id='par_1_93' title="bbox 299 4542 3707 4619">
     <span class='ocr_line' id='line_1_93' title="bbox 299 4542 3707 4619; baseline 0 -21"><span class='ocrx_word' id='word_1_747' title='bbox 299 4543 405 4611; x_wconf 85' lang='lat' dir='ltr'>ria,</span> <span class='ocrx_word' id='word_1_748' title='bbox 424 4543 532 4599; x_wconf 87' lang='lat' dir='ltr'>sed</span> <span class='ocrx_word' id='word_1_749' title='bbox 563 4543 721 4613; x_wconf 91' lang='lat' dir='ltr'>quod</span> <span class='ocrx_word' id='word_1_750' title='bbox 755 4547 891 4599; x_wconf 89' lang='lat' dir='ltr'>ante</span> <span class='ocrx_word' id='word_1_751' title='bbox 919 4542 1232 4616; x_wconf 89' lang='lat' dir='ltr'>inglorium</span> <span class='ocrx_word' id='word_1_752' title='bbox 1278 4546 1409 4611; x_wconf 82' lang='lat' dir='ltr'>fuit,</span> <span class='ocrx_word' id='word_1_753' title='bbox 1469 4547 1698 4603; x_wconf 85' lang='lat' dir='ltr'>etﬁcere</span> <span class='ocrx_word' id='word_1_754' title='bbox 1747 4547 1945 4619; x_wconf 79' lang='lat' dir='ltr'>glorio~</span> <span class='ocrx_word' id='word_1_755' title='bbox 1987 4545 2031 4610; x_wconf 92' lang='lat' dir='ltr'>D</span> <span class='ocrx_word' id='word_1_756' title='bbox 2063 4552 2182 4601; x_wconf 88' lang='lat' dir='ltr'>tam</span> <span class='ocrx_word' id='word_1_757' title='bbox 2217 4552 2413 4619; x_wconf 88' lang='lat' dir='ltr'>aperte</span> <span class='ocrx_word' id='word_1_758' title='bbox 2444 4551 2573 4618; x_wconf 89' lang='lat' dir='ltr'>post</span> <span class='ocrx_word' id='word_1_759' title='bbox 2603 4546 2898 4613; x_wconf 89' lang='lat' dir='ltr'>Chrstum,</span> <span class='ocrx_word' id='word_1_760' title='bbox 2926 4560 3101 4615; x_wconf 88' lang='lat' dir='ltr'>quam</span> <span class='ocrx_word' id='word_1_761' title='bbox 3126 4545 3234 4599; x_wconf 90' lang='lat' dir='ltr'>iste</span> <span class='ocrx_word' id='word_1_762' title='bbox 3252 4548 3385 4599; x_wconf 88' lang='lat' dir='ltr'>ante</span> <span class='ocrx_word' id='word_1_763' title='bbox 3405 4543 3707 4599; x_wconf 90' lang='lat' dir='ltr'>Christum</span> 
     </span>
    </p>
   </div>
   <div class='ocr_carea' id='block_1_94' title="bbox 299 4631 1962 4699">
    <p class='ocr_par' dir='ltr' id='par_1_94' title="bbox 299 4631 1962 4699">
     <span class='ocr_line' id='line_1_94' title="bbox 299 4631 1962 4699; baseline 0.005 -12"><span class='ocrx_word' id='word_1_764' title='bbox 299 4648 473 4699; x_wconf 85' lang='lat' dir='ltr'>sum;</span> <span class='ocrx_word' id='word_1_765' title='bbox 516 4636 585 4687; x_wconf 89' lang='lat' dir='ltr'>ut</span> <span class='ocrx_word' id='word_1_766' title='bbox 633 4631 1011 4688; x_wconf 87' lang='lat' dir='ltr'>mortalitatis</span> <span class='ocrx_word' id='word_1_767' title='bbox 1039 4638 1097 4688; x_wconf 90' lang='lat' dir='ltr'>et</span> <span class='ocrx_word' id='word_1_768' title='bbox 1127 4633 1489 4689; x_wconf 89' lang='lat' dir='ltr'>inﬁrmitatis</span> <span class='ocrx_word' id='word_1_769' title='bbox 1545 4635 1745 4692; x_wconf 91' lang='lat' dir='ltr'>viliore</span> <span class='ocrx_word' id='word_1_770' title='bbox 1808 4643 1962 4695; x_wconf 84' lang='lat' dir='ltr'>veste</span> 
     </span>
    </p>
   </div>
   <div class='ocr_carea' id='block_1_95' title="bbox 310 4717 1957 4793">
    <p class='ocr_par' dir='ltr' id='par_1_95' title="bbox 310 4717 1957 4793">
     <span class='ocr_line' id='line_1_95' title="bbox 310 4717 1957 4793; baseline 0.003 -18"><span class='ocrx_word' id='word_1_771' title='bbox 310 4720 606 4791; x_wconf 84' lang='lat' dir='ltr'>deposita,</span> <span class='ocrx_word' id='word_1_772' title='bbox 656 4717 1115 4775; x_wconf 88' lang='lat' dir='ltr'>immortalitatis</span> <span class='ocrx_word' id='word_1_773' title='bbox 1174 4737 1335 4786; x_wconf 89' lang='lat' dir='ltr'>auro,</span> <span class='ocrx_word' id='word_1_774' title='bbox 1367 4726 1446 4789; x_wconf 88' lang='lat' dir='ltr'>et,</span> <span class='ocrx_word' id='word_1_775' title='bbox 1507 4727 1571 4777; x_wconf 92' lang='lat' dir='ltr'>ut</span> <span class='ocrx_word' id='word_1_776' title='bbox 1608 4722 1689 4778; x_wconf 90' lang='lat' dir='ltr'>ita</span> <span class='ocrx_word' id='word_1_777' title='bbox 1744 4724 1957 4793; x_wconf 90' lang='lat' dir='ltr'>dicam,</span> 
     </span>
    </p>
   </div>
   <div class='ocr_carea' id='block_1_96' title="bbox 390 4913 1959 4975">
    <p class='ocr_par' dir='ltr' id='par_1_96' title="bbox 390 4913 1959 4975">
     <span class='ocr_line' id='line_1_96' title="bbox 390 4913 1959 4975; baseline 0.004 -6"><span class='ocrx_word' id='word_1_778' title='bbox 390 4916 405 4948; x_wconf 85' lang='grc'>¹</span> <span class='ocrx_word' id='word_1_779' title='bbox 444 4915 554 4969; x_wconf 80' lang='lat' dir='ltr'>Sex</span> <span class='ocrx_word' id='word_1_780' title='bbox 581 4930 815 4971; x_wconf 89' lang='lat' dir='ltr'>versum</span> <span class='ocrx_word' id='word_1_781' title='bbox 848 4913 1121 4970; x_wconf 89' lang='lat' dir='ltr'>lacunam</span> <span class='ocrx_word' id='word_1_782' title='bbox 1154 4915 1247 4970; x_wconf 92' lang='lat' dir='ltr'>hic</span> <span class='ocrx_word' id='word_1_783' title='bbox 1274 4916 1640 4975; x_wconf 84' lang='lat' dir='ltr'>exnlevimus</span> <span class='ocrx_word' id='word_1_784' title='bbox 1666 4936 1696 4974; x_wconf 92' lang='lat' dir='ltr'>e</span> <span class='ocrx_word' id='word_1_785' title='bbox 1727 4921 1785 4975; x_wconf 93' lang='lat' dir='ltr'>S.</span> <span class='ocrx_word' id='word_1_786' title='bbox 1820 4924 1959 4975; x_wconf 90' lang='lat' dir='ltr'>Cru-</span> 
     </span>
    </p>
   </div>
   <div class='ocr_carea' id='block_1_97' title="bbox 307 4986 1958 5047">
    <p class='ocr_par' dir='ltr' id='par_1_97' title="bbox 307 4986 1958 5047">
     <span class='ocr_line' id='line_1_97' title="bbox 307 4986 1958 5047; baseline 0.003 -5"><span class='ocrx_word' id='word_1_787' title='bbox 307 4987 398 5043; x_wconf 88' lang='lat' dir='ltr'>cis</span> <span class='ocrx_word' id='word_1_788' title='bbox 428 5002 565 5047; x_wconf 87' lang='lat' dir='ltr'>ms.,</span> <span class='ocrx_word' id='word_1_789' title='bbox 593 5003 728 5041; x_wconf 89' lang='lat' dir='ltr'>cum</span> <span class='ocrx_word' id='word_1_790' title='bbox 760 4989 933 5041; x_wconf 85' lang='lat' dir='ltr'>antea</span> <span class='ocrx_word' id='word_1_791' title='bbox 962 4986 1101 5042; x_wconf 88' lang='lat' dir='ltr'>editi</span> <span class='ocrx_word' id='word_1_792' title='bbox 1131 4986 1550 5043; x_wconf 83' lang='lat' dir='ltr'>omnesbiulco</span> <span class='ocrx_word' id='word_1_793' title='bbox 1574 5006 1749 5045; x_wconf 91' lang='lat' dir='ltr'>sensu</span> <span class='ocrx_word' id='word_1_794' title='bbox 1783 4992 1958 5047; x_wconf 88' lang='lat' dir='ltr'>habe-</span> 
     </span>
    </p>
   </div>
   <div class='ocr_carea' id='block_1_98' title="bbox 308 5057 1957 5129">
    <p class='ocr_par' dir='ltr' id='par_1_98' title="bbox 308 5057 1957 5129">
     <span class='ocr_line' id='line_1_98' title="bbox 308 5057 1957 5129; baseline 0.002 -15"><span class='ocrx_word' id='word_1_795' title='bbox 308 5064 463 5128; x_wconf 82' lang='lat' dir='ltr'>rent,</span> <span class='ocrx_word' id='word_1_796' title='bbox 487 5058 732 5129; x_wconf 86' lang='lat' dir='ltr'>adjunge</span> <span class='ocrx_word' id='word_1_797' title='bbox 758 5065 809 5112; x_wconf 84' lang='lat' dir='ltr'>et</span> <span class='ocrx_word' id='word_1_798' title='bbox 836 5057 942 5125; x_wconf 86' lang='lat' dir='ltr'>dic,</span> <span class='ocrx_word' id='word_1_799' title='bbox 992 5059 1259 5126; x_wconf 82' lang='lat' dir='ltr'>Quoniam</span> <span class='ocrx_word' id='word_1_800' title='bbox 1287 5062 1515 5129; x_wconf 79' lang='lat' dir='ltr'>spiritus</span> <span class='ocrx_word' id='word_1_801' title='bbox 1564 5077 1773 5127; x_wconf 81' lang='lat' dir='ltr'>carnes,</span> <span class='ocrx_word' id='word_1_802' title='bbox 1825 5068 1957 5129; x_wconf 88' lang='lat' dir='ltr'>etc.,</span> 
     </span>
    </p>
   </div>
   <div class='ocr_carea' id='block_1_99' title="bbox 308 5130 1959 5201">
    <p class='ocr_par' dir='ltr' id='par_1_99' title="bbox 308 5130 1959 5201">
     <span class='ocr_line' id='line_1_99' title="bbox 308 5130 1959 5201; baseline 0.002 -16"><span class='ocrx_word' id='word_1_803' title='bbox 308 5130 555 5185; x_wconf 87' lang='lat' dir='ltr'>omissis</span> <span class='ocrx_word' id='word_1_804' title='bbox 588 5146 716 5201; x_wconf 60' lang='lat' dir='ltr'>qua</span> <span class='ocrx_word' id='word_1_805' title='bbox 749 5145 905 5183; x_wconf 89' lang='lat' dir='ltr'>nunc</span> <span class='ocrx_word' id='word_1_806' title='bbox 936 5131 1191 5200; x_wconf 91' lang='lat' dir='ltr'>primum</span> <span class='ocrx_word' id='word_1_807' title='bbox 1230 5130 1570 5187; x_wconf 79' lang='lat' dir='ltr'>suffecimus</span> <span class='ocrx_word' id='word_1_808' title='bbox 1597 5133 1668 5187; x_wconf 90' lang='lat' dir='ltr'>de</span> <span class='ocrx_word' id='word_1_809' title='bbox 1727 5134 1959 5188; x_wconf 90' lang='lat' dir='ltr'>Domini</span> 
     </span>
    </p>
   </div>
   <div class='ocr_carea' id='block_1_100' title="bbox 309 5202 1955 5274">
    <p class='ocr_par' dir='ltr' id='par_1_100' title="bbox 309 5202 1955 5274">
     <span class='ocr_line' id='line_1_100' title="bbox 309 5202 1955 5274; baseline 0.001 -17"><span class='ocrx_word' id='word_1_810' title='bbox 309 5202 979 5274; x_wconf 82' lang='lat' dir='ltr'>comparatione,_qu_am</span> <span class='ocrx_word' id='word_1_811' title='bbox 1022 5202 1303 5274; x_wconf 84' lang='lat' dir='ltr'>orationis</span> <span class='ocrx_word' id='word_1_812' title='bbox 1334 5207 1639 5259; x_wconf 86' lang='lat' dir='ltr'>contextus</span> <span class='ocrx_word' id='word_1_813' title='bbox 1701 5204 1955 5272; x_wconf 89' lang='lat' dir='ltr'>inferior,</span> 
     </span>
    </p>
   </div>
   <div class='ocr_carea' id='block_1_101' title="bbox 310 5271 1956 5346">
    <p class='ocr_par' dir='ltr' id='par_1_101' title="bbox 310 5271 1956 5346">
     <span class='ocr_line' id='line_1_101' title="bbox 310 5271 1956 5346; baseline 0 -15"><span class='ocrx_word' id='word_1_814' title='bbox 310 5271 491 5346; x_wconf 77' lang='lat' dir='ltr'>atque</span> <span class='ocrx_word' id='word_1_815' title='bbox 520 5272 719 5346; x_wconf 86' lang='lat' dir='ltr'>ipsum</span> <span class='ocrx_word' id='word_1_816' title='bbox 752 5271 1157 5327; x_wconf 86' lang='lat' dir='ltr'>similitudinis</span> <span class='ocrx_word' id='word_1_817' title='bbox 1205 5274 1541 5346; x_wconf 88' lang='lat' dir='ltr'>adverbium</span> <span class='ocrx_word' id='word_1_818' title='bbox 1604 5275 1956 5346; x_wconf 76' lang='lat' dir='ltr'>postulabat,</span> 
     </span>
    </p>
   </div>
   <div class='ocr_carea' id='block_1_102' title="bbox 308 5344 1957 5424">
    <p class='ocr_par' dir='ltr' id='par_1_102' title="bbox 308 5344 1957 5424">
     <span class='ocr_line' id='line_1_102' title="bbox 308 5344 1957 5424; baseline 0.001 -23"><span class='ocrx_word' id='word_1_819' title='bbox 308 5352 365 5401; x_wconf 85' lang='lat' dir='ltr'>et</span> <span class='ocrx_word' id='word_1_820' title='bbox 390 5344 782 5424; x_wconf 25' lang='lat' dir='ltr'>&#39;sine’guibus</span> <span class='ocrx_word' id='word_1_821' title='bbox 814 5360 1057 5399; x_wconf 88' lang='lat' dir='ltr'>mancus</span> <span class='ocrx_word' id='word_1_822' title='bbox 1090 5349 1232 5412; x_wconf 89' lang='lat' dir='ltr'>erat,</span> <span class='ocrx_word' id='word_1_823' title='bbox 1267 5345 1383 5400; x_wconf 91' lang='lat' dir='ltr'>imo</span> <span class='ocrx_word' id='word_1_824' title='bbox 1415 5350 1470 5400; x_wconf 89' lang='lat' dir='ltr'>et</span> <span class='ocrx_word' id='word_1_825' title='bbox 1492 5344 1747 5402; x_wconf 76' lang='lat' dir='ltr'>auctoris</span> <span class='ocrx_word' id='word_1_826' title='bbox 1779 5349 1957 5403; x_wconf 92' lang='lat' dir='ltr'>menti</span> 
     </span>
    </p>
   </div>
   <div class='ocr_carea' id='block_1_103' title="bbox 308 5424 913 5473">
    <p class='ocr_par' dir='ltr' id='par_1_103' title="bbox 308 5424 913 5473">
     <span class='ocr_line' id='line_1_103' title="bbox 308 5424 913 5473; baseline -0.007 0"><span class='ocrx_word' id='word_1_827' title='bbox 308 5424 650 5473; x_wconf 82' lang='lat' dir='ltr'>contrarius</span> <span class='ocrx_word' id='word_1_828' title='bbox 682 5431 913 5470; x_wconf 90' lang='lat' dir='ltr'>sensus.</span> 
     </span>
    </p>
   </div>
   <div class='ocr_carea' id='block_1_104' title="bbox 382 5484 1957 5557">
    <p class='ocr_par' dir='ltr' id='par_1_104' title="bbox 382 5484 1957 5557">
     <span class='ocr_line' id='line_1_104' title="bbox 382 5484 1957 5557; baseline 0 -13"><span class='ocrx_word' id='word_1_829' title='bbox 382 5491 404 5522; x_wconf 84' lang='grc'>²</span> <span class='ocrx_word' id='word_1_830' title='bbox 434 5491 501 5544; x_wconf 85' lang='lat' dir='ltr'>Et</span> <span class='ocrx_word' id='word_1_831' title='bbox 532 5492 658 5543; x_wconf 85' lang='lat' dir='ltr'>cute</span> <span class='ocrx_word' id='word_1_832' title='bbox 684 5486 915 5556; x_wconf 84' lang='lat' dir='ltr'>desuper</span> <span class='ocrx_word' id='word_1_833' title='bbox 939 5488 1085 5557; x_wconf 85' lang='lat' dir='ltr'>tegit.</span> <span class='ocrx_word' id='word_1_834' title='bbox 1120 5484 1291 5541; x_wconf 90' lang='lat' dir='ltr'>Nullo</span> <span class='ocrx_word' id='word_1_835' title='bbox 1325 5503 1500 5543; x_wconf 89' lang='lat' dir='ltr'>sensu</span> <span class='ocrx_word' id='word_1_836' title='bbox 1534 5488 1591 5542; x_wconf 92' lang='lat' dir='ltr'>in</span> <span class='ocrx_word' id='word_1_837' title='bbox 1652 5489 1824 5544; x_wconf 89' lang='lat' dir='ltr'>editis</span> <span class='ocrx_word' id='word_1_838' title='bbox 1886 5490 1957 5544; x_wconf 83' lang='lat' dir='ltr'>li-</span> 
     </span>
    </p>
   </div>
   <div class='ocr_carea' id='block_1_105' title="bbox 304 5557 1958 5635">
    <p class='ocr_par' dir='ltr' id='par_1_105' title="bbox 304 5557 1958 5635">
     <span class='ocr_line' id='line_1_105' title="bbox 304 5557 1958 5635; baseline 0.002 -19"><span class='ocrx_word' id='word_1_839' title='bbox 304 5560 437 5616; x_wconf 82' lang='lat' dir='ltr'>bris</span> <span class='ocrx_word' id='word_1_840' title='bbox 465 5560 755 5635; x_wconf 72' lang='lat' dir='ltr'>legimus,</span> <span class='ocrx_word' id='word_1_841' title='bbox 780 5567 830 5614; x_wconf 79' lang='lat' dir='ltr'>et</span> <span class='ocrx_word' id='word_1_842' title='bbox 851 5557 1088 5635; x_wconf 54' lang='lat' dir='ltr'>desuper</span> <span class='ocrx_word' id='word_1_843' title='bbox 1119 5560 1251 5635; x_wconf 72' lang='lat' dir='ltr'>tegit</span> <span class='ocrx_word' id='word_1_844' title='bbox 1278 5577 1295 5613; x_wconf 90' lang='lat'><em>:</em></span> <span class='ocrx_word' id='word_1_845' title='bbox 1335 5558 1501 5635; x_wconf 73' lang='lat' dir='ltr'>donec</span> <span class='ocrx_word' id='word_1_846' title='bbox 1522 5561 1632 5635; x_wconf 22' lang='lat' dir='ltr'>Job,</span> <span class='ocrx_word' id='word_1_847' title='bbox 1664 5565 1958 5635; x_wconf 68' lang='lat' dir='ltr'>tormento-</span> 
     </span>
    </p>
   </div>
   <div class='ocr_carea' id='block_1_106' title="bbox 312 5628 1958 5709">
    <p class='ocr_par' dir='ltr' id='par_1_106' title="bbox 312 5628 1958 5709">
     <span class='ocr_line' id='line_1_106' title="bbox 312 5628 1958 5709; baseline -0.003 -14"><span class='ocrx_word' id='word_1_848' title='bbox 312 5650 441 5695; x_wconf 79' lang='lat' dir='ltr'>rum</span> <span class='ocrx_word' id='word_1_849' title='bbox 470 5628 667 5700; x_wconf 69' lang='grc' dir='ltr'>ι’ἰῐνεον,</span> <span class='ocrx_word' id='word_1_850' title='bbox 708 5632 817 5688; x_wconf 84' lang='lat' dir='ltr'>etc.</span> <span class='ocrx_word' id='word_1_851' title='bbox 851 5628 1067 5686; x_wconf 80' lang='lat' dir='ltr'>Dein&#39;de</span> <span class='ocrx_word' id='word_1_852' title='bbox 1125 5628 1188 5686; x_wconf 78' lang='lat' dir='ltr'>in</span> <span class='ocrx_word' id='word_1_853' title='bbox 1234 5633 1505 5689; x_wconf 88' lang='lat' dir='ltr'>contextu</span> <span class='ocrx_word' id='word_1_854' title='bbox 1548 5631 1699 5701; x_wconf 88' lang='lat' dir='ltr'>Jobi,</span> <span class='ocrx_word' id='word_1_855' title='bbox 1757 5630 1958 5709; x_wconf 83' lang='lat' dir='ltr'>legen-</span> 
     </span>
    </p>
   </div>
   <div class='ocr_carea' id='block_1_107' title="bbox 2070 4633 3712 4706">
    <p class='ocr_par' dir='ltr' id='par_1_107' title="bbox 2070 4633 3712 4706">
     <span class='ocr_line' id='line_1_107' title="bbox 2070 4633 3712 4706; baseline -0.003 -17"><span class='ocrx_word' id='word_1_856' title='bbox 2070 4636 2140 4691; x_wconf 93' lang='lat' dir='ltr'>de</span> <span class='ocrx_word' id='word_1_857' title='bbox 2158 4636 2579 4691; x_wconf 90' lang='lat' dir='ltr'>resurrectione</span> <span class='ocrx_word' id='word_1_858' title='bbox 2601 4634 2879 4706; x_wconf 90' lang='lat' dir='ltr'>loquitur.</span> <span class='ocrx_word' id='word_1_859' title='bbox 2908 4633 3047 4688; x_wconf 88' lang='lat' dir='ltr'>Vult</span> <span class='ocrx_word' id='word_1_860' title='bbox 3067 4634 3241 4688; x_wconf 91' lang='lat' dir='ltr'>verba</span> <span class='ocrx_word' id='word_1_861' title='bbox 3273 4651 3381 4689; x_wconf 89' lang='lat' dir='ltr'>sua</span> <span class='ocrx_word' id='word_1_862' title='bbox 3415 4634 3473 4687; x_wconf 92' lang='lat' dir='ltr'>in</span> <span class='ocrx_word' id='word_1_863' title='bbox 3512 4648 3712 4703; x_wconf 86' lang='lat' dir='ltr'>perpe-</span> 
     </span>
    </p>
   </div>
   <div class='ocr_carea' id='block_1_108' title="bbox 2070 4719 3713 4794">
    <p class='ocr_par' dir='ltr' id='par_1_108' title="bbox 2070 4719 3713 4794">
     <span class='ocr_line' id='line_1_108' title="bbox 2070 4719 3713 4794; baseline -0.004 -15"><span class='ocrx_word' id='word_1_864' title='bbox 2070 4728 2237 4779; x_wconf 90' lang='lat' dir='ltr'>tuum</span> <span class='ocrx_word' id='word_1_865' title='bbox 2270 4726 2481 4779; x_wconf 91' lang='lat' dir='ltr'>durare</span> <span class='ocrx_word' id='word_1_866' title='bbox 2508 4743 2519 4779; x_wconf 93' lang='lat'><strong>:</strong></span> <span class='ocrx_word' id='word_1_867' title='bbox 2543 4729 2597 4779; x_wconf 90' lang='lat' dir='ltr'>et</span> <span class='ocrx_word' id='word_1_868' title='bbox 2624 4730 2685 4778; x_wconf 89' lang='lat' dir='ltr'>ut</span> <span class='ocrx_word' id='word_1_869' title='bbox 2716 4723 2884 4778; x_wconf 90' lang='lat' dir='ltr'>nulla</span> <span class='ocrx_word' id='word_1_870' title='bbox 2908 4722 3135 4794; x_wconf 88' lang='lat' dir='ltr'>possint</span> <span class='ocrx_word' id='word_1_871' title='bbox 3160 4727 3452 4778; x_wconf 88' lang='lat' dir='ltr'>vetustate</span> <span class='ocrx_word' id='word_1_872' title='bbox 3512 4719 3713 4788; x_wconf 81' lang='lat' dir='ltr'>deleri,</span> 
     </span>
    </p>
   </div>
   <div class='ocr_carea' id='block_1_109' title="bbox 2072 4913 3709 4990">
    <p class='ocr_par' dir='ltr' id='par_1_109' title="bbox 2072 4913 3709 4990">
     <span class='ocr_line' id='line_1_109' title="bbox 2072 4913 3709 4990; baseline -0.005 -16"><span class='ocrx_word' id='word_1_873' title='bbox 2072 4921 2212 4975; x_wconf 90' lang='lat' dir='ltr'>dum</span> <span class='ocrx_word' id='word_1_874' title='bbox 2246 4923 2454 4990; x_wconf 89' lang='lat' dir='ltr'>putant</span> <span class='ocrx_word' id='word_1_875' title='bbox 2483 4919 2635 4973; x_wconf 92' lang='lat' dir='ltr'>docti</span> <span class='ocrx_word' id='word_1_876' title='bbox 2671 4919 2887 4989; x_wconf 88' lang='lat' dir='ltr'>pariter</span> <span class='ocrx_word' id='word_1_877' title='bbox 2916 4917 3231 4990; x_wconf 88' lang='lat' dir='ltr'>etindocti,</span> <span class='ocrx_word' id='word_1_878' title='bbox 3265 4917 3519 4990; x_wconf 68' lang='lat' dir='ltr'>velcerte</span> <span class='ocrx_word' id='word_1_879' title='bbox 3563 4913 3709 4967; x_wconf 75' lang='lat' dir='ltr'>scul-</span> 
     </span>
    </p>
   </div>
   <div class='ocr_carea' id='block_1_110' title="bbox 2068 4986 3717 5061">
    <p class='ocr_par' dir='ltr' id='par_1_110' title="bbox 2068 4986 3717 5061">
     <span class='ocr_line' id='line_1_110' title="bbox 2068 4986 3717 5061; baseline -0.005 -16"><span class='ocrx_word' id='word_1_880' title='bbox 2068 4986 2274 5061; x_wconf 64' lang='lat' dir='ltr'>pantur</span> <span class='ocrx_word' id='word_1_881' title='bbox 2305 4992 2363 5043; x_wconf 79' lang='lat' dir='ltr'>in</span> <span class='ocrx_word' id='word_1_882' title='bbox 2390 4992 2563 5044; x_wconf 78' lang='lat' dir='ltr'>silice.</span> <span class='ocrx_word' id='word_1_883' title='bbox 2619 4986 2727 5045; x_wconf 79' lang='lat' dir='ltr'>Sed</span> <span class='ocrx_word' id='word_1_884' title='bbox 2766 5006 2879 5043; x_wconf 91' lang='lat' dir='ltr'>non</span> <span class='ocrx_word' id='word_1_885' title='bbox 2932 4989 3241 5042; x_wconf 76' lang='lat' dir='ltr'>attendunt</span> <span class='ocrx_word' id='word_1_886' title='bbox 3297 4986 3717 5061; x_wconf 69' lang='lat' dir='ltr'>Hieronymum</span> 
     </span>
    </p>
   </div>
   <div class='ocr_carea' id='block_1_111' title="bbox 2070 5056 3715 5132">
    <p class='ocr_par' dir='ltr' id='par_1_111' title="bbox 2070 5056 3715 5132">
     <span class='ocr_line' id='line_1_111' title="bbox 2070 5056 3715 5132; baseline -0.006 -15"><span class='ocrx_word' id='word_1_887' title='bbox 2070 5056 2425 5132; x_wconf 81' lang='lat' dir='ltr'>expressisse</span> <span class='ocrx_word' id='word_1_888' title='bbox 2477 5076 2674 5115; x_wconf 86' lang='lat' dir='ltr'>vocem</span> <span class='ocrx_word' id='word_1_889' title='bbox 2735 5061 3044 5132; x_wconf 70' lang='lat' dir='ltr'>Hebrazam</span> <span class='ocrx_word' id='word_1_890' title='bbox 3092 5068 3277 5117; x_wconf 59' lang='lat'>73:31-17</span> <span class='ocrx_word' id='word_1_891' title='bbox 3367 5056 3715 5132; x_wconf 73' lang='lat' dir='ltr'>iehhat.:-lnu_2,</span> 
     </span>
    </p>
   </div>
   <div class='ocr_carea' id='block_1_112' title="bbox 2067 5126 3713 5203">
    <p class='ocr_par' dir='ltr' id='par_1_112' title="bbox 2067 5126 3713 5203">
     <span class='ocr_line' id='line_1_112' title="bbox 2067 5126 3713 5203; baseline -0.005 -15"><span class='ocrx_word' id='word_1_892' title='bbox 2067 5126 2199 5188; x_wconf 78' lang='lat' dir='ltr'>cette</span> <span class='ocrx_word' id='word_1_893' title='bbox 2227 5132 2593 5203; x_wconf 84' lang='lat' dir='ltr'>sculpantur;</span> <span class='ocrx_word' id='word_1_894' title='bbox 2625 5138 2689 5185; x_wconf 91' lang='lat' dir='ltr'>ut</span> <span class='ocrx_word' id='word_1_895' title='bbox 2718 5131 3002 5184; x_wconf 89' lang='lat' dir='ltr'>indicaret</span> <span class='ocrx_word' id='word_1_896' title='bbox 3032 5130 3494 5183; x_wconf 90' lang='lat' dir='ltr'>instrumentum</span> <span class='ocrx_word' id='word_1_897' title='bbox 3554 5126 3713 5182; x_wconf 86' lang='lat' dir='ltr'>scul-</span> 
     </span>
    </p>
   </div>
   <div class='ocr_carea' id='block_1_113' title="bbox 2068 5211 2583 5275">
    <p class='ocr_par' dir='ltr' id='par_1_113' title="bbox 2068 5211 2583 5275">
     <span class='ocr_line' id='line_1_113' title="bbox 2068 5211 2583 5275; baseline -0.004 -16"><span class='ocrx_word' id='word_1_898' title='bbox 2068 5211 2271 5275; x_wconf 73' lang='lat' dir='ltr'>pturzr.</span> <span class='ocrx_word' id='word_1_899' title='bbox 2308 5222 2583 5275; x_wconf 71' lang='lat' dir='ltr'>MARTlAN.</span> 
     </span>
    </p>
   </div>
   <div class='ocr_carea' id='block_1_114' title="bbox 2139 5270 3711 5343">
    <p class='ocr_par' dir='ltr' id='par_1_114' title="bbox 2139 5270 3711 5343">
     <span class='ocr_line' id='line_1_114' title="bbox 2139 5270 3711 5343; baseline -0.004 -13"><span class='ocrx_word' id='word_1_900' title='bbox 2139 5278 2160 5310; x_wconf 77' lang='grc'><strong>³</strong></span> <span class='ocrx_word' id='word_1_901' title='bbox 2187 5280 2333 5330; x_wconf 89' lang='lat' dir='ltr'>Sunt</span> <span class='ocrx_word' id='word_1_902' title='bbox 2362 5274 2544 5329; x_wconf 90' lang='lat' dir='ltr'>critici</span> <span class='ocrx_word' id='word_1_903' title='bbox 2578 5274 2734 5327; x_wconf 89' lang='lat' dir='ltr'>haud</span> <span class='ocrx_word' id='word_1_904' title='bbox 2767 5272 2959 5343; x_wconf 83' lang='lat' dir='ltr'>exigui</span> <span class='ocrx_word' id='word_1_905' title='bbox 2994 5271 3270 5337; x_wconf 89' lang='lat' dir='ltr'>nominis,</span> <span class='ocrx_word' id='word_1_906' title='bbox 3306 5270 3404 5342; x_wconf 89' lang='lat' dir='ltr'>qui</span> <span class='ocrx_word' id='word_1_907' title='bbox 3434 5275 3577 5326; x_wconf 83' lang='lat' dir='ltr'>certe</span> <span class='ocrx_word' id='word_1_908' title='bbox 3628 5272 3711 5324; x_wconf 88' lang='lat' dir='ltr'>le-</span> 
     </span>
    </p>
   </div>
   <div class='ocr_carea' id='block_1_115' title="bbox 2072 5344 3710 5418">
    <p class='ocr_par' dir='ltr' id='par_1_115' title="bbox 2072 5344 3710 5418">
     <span class='ocr_line' id='line_1_115' title="bbox 2072 5344 3710 5418; baseline -0.002 -19"><span class='ocrx_word' id='word_1_909' title='bbox 2072 5346 2127 5418; x_wconf 92' lang='lat' dir='ltr'>gi</span> <span class='ocrx_word' id='word_1_910' title='bbox 2161 5347 2523 5418; x_wconf 89' lang='lat' dir='ltr'>contendunt</span> <span class='ocrx_word' id='word_1_911' title='bbox 2553 5344 2751 5418; x_wconf 76' lang='lat' dir='ltr'>deberi</span> <span class='ocrx_word' id='word_1_912' title='bbox 2798 5345 3063 5418; x_wconf 83' lang='lat' dir='ltr'>pro_cette</span> <span class='ocrx_word' id='word_1_913' title='bbox 3094 5362 3111 5396; x_wconf 88' lang='lat'><strong><em>:</em></strong></span> <span class='ocrx_word' id='word_1_914' title='bbox 3160 5349 3216 5397; x_wconf 87' lang='lat' dir='ltr'>et</span> <span class='ocrx_word' id='word_1_915' title='bbox 3258 5360 3409 5418; x_wconf 89' lang='lat' dir='ltr'>_mss.</span> <span class='ocrx_word' id='word_1_916' title='bbox 3472 5344 3710 5418; x_wconf 81' lang='lat' dir='ltr'>quidem</span> 
     </span>
    </p>
   </div>
   <div class='ocr_carea' id='block_1_116' title="bbox 2070 5414 3717 5489">
    <p class='ocr_par' dir='ltr' id='par_1_116' title="bbox 2070 5414 3717 5489">
     <span class='ocr_line' id='line_1_116' title="bbox 2070 5414 3717 5489; baseline -0.002 -18"><span class='ocrx_word' id='word_1_917' title='bbox 2070 5414 2305 5489; x_wconf 75' lang='lat' dir='ltr'>plurimi</span> <span class='ocrx_word' id='word_1_918' title='bbox 2335 5423 2471 5471; x_wconf 88' lang='lat' dir='ltr'>sunt</span> <span class='ocrx_word' id='word_1_919' title='bbox 2504 5417 2632 5470; x_wconf 90' lang='lat' dir='ltr'>libri</span> <span class='ocrx_word' id='word_1_920' title='bbox 2666 5416 2796 5489; x_wconf 81' lang='lat' dir='ltr'>Job,</span> <span class='ocrx_word' id='word_1_921' title='bbox 2832 5414 2929 5485; x_wconf 90' lang='lat' dir='ltr'>qui</span> <span class='ocrx_word' id='word_1_922' title='bbox 2959 5423 3099 5470; x_wconf 82' lang='lat' dir='ltr'>certe</span> <span class='ocrx_word' id='word_1_923' title='bbox 3131 5415 3464 5489; x_wconf 60' lang='lat' dir='ltr'>praeferunt,</span> <span class='ocrx_word' id='word_1_924' title='bbox 3486 5432 3594 5485; x_wconf 78' lang='lat' dir='ltr'>qua</span> <span class='ocrx_word' id='word_1_925' title='bbox 3632 5415 3717 5489; x_wconf 73' lang='lat' dir='ltr'>_«le</span> 
     </span>
    </p>
   </div>
   <div class='ocr_carea' id='block_1_117' title="bbox 2070 5485 3711 5553">
    <p class='ocr_par' dir='ltr' id='par_1_117' title="bbox 2070 5485 3711 5553">
     <span class='ocr_line' id='line_1_117' title="bbox 2070 5485 3711 5553; baseline -0.002 -10"><span class='ocrx_word' id='word_1_926' title='bbox 2070 5485 2129 5543; x_wconf 68' lang='lat' dir='ltr'>ie</span> <span class='ocrx_word' id='word_1_927' title='bbox 2162 5491 2330 5553; x_wconf 86' lang='lat' dir='ltr'>plura</span> <span class='ocrx_word' id='word_1_928' title='bbox 2360 5488 2606 5543; x_wconf 88' lang='lat' dir='ltr'>dicenda</span> <span class='ocrx_word' id='word_1_929' title='bbox 2637 5487 2805 5543; x_wconf 85' lang='lat' dir='ltr'>nobis</span> <span class='ocrx_word' id='word_1_930' title='bbox 2837 5491 2974 5541; x_wconf 91' lang='lat' dir='ltr'>sunt</span> <span class='ocrx_word' id='word_1_931' title='bbox 3008 5492 3161 5541; x_wconf 86' lang='lat' dir='ltr'>torno</span> <span class='ocrx_word' id='word_1_932' title='bbox 3193 5486 3287 5553; x_wconf 85' lang='lat' dir='ltr'>IX,</span> <span class='ocrx_word' id='word_1_933' title='bbox 3321 5488 3392 5542; x_wconf 90' lang='lat' dir='ltr'>ad</span> <span class='ocrx_word' id='word_1_934' title='bbox 3426 5486 3583 5541; x_wconf 88' lang='lat' dir='ltr'>hunc</span> <span class='ocrx_word' id='word_1_935' title='bbox 3617 5485 3711 5540; x_wconf 90' lang='lat' dir='ltr'>Jo-</span> 
     </span>
    </p>
   </div>
   <div class='ocr_carea' id='block_1_118' title="bbox 2067 5558 3247 5632">
    <p class='ocr_par' dir='ltr' id='par_1_118' title="bbox 2067 5558 3247 5632">
     <span class='ocr_line' id='line_1_118' title="bbox 2067 5558 3247 5632; baseline -0.001 -14"><span class='ocrx_word' id='word_1_936' title='bbox 2067 5560 2125 5618; x_wconf 90' lang='lat' dir='ltr'>bi</span> <span class='ocrx_word' id='word_1_937' title='bbox 2157 5558 2348 5618; x_wconf 86' lang='lat' dir='ltr'>locum</span> <span class='ocrx_word' id='word_1_938' title='bbox 2381 5576 2449 5615; x_wconf 86' lang='lat' dir='ltr'>ex</span> <span class='ocrx_word' id='word_1_939' title='bbox 2479 5558 2931 5632; x_wconf 83' lang='lat' dir='ltr'>Hieronymiana</span> <span class='ocrx_word' id='word_1_940' title='bbox 2958 5560 3247 5618; x_wconf 85' lang='lat' dir='ltr'>versione.</span> 
     </span>
    </p>
   </div>
  </div>
