4110 6162
408 315 532 414 ass

1643 347 1705 410 S.
1753 344 2068 412 EUSEBII
2106 345 2578 412 HIERONYMI.

3685 337 3800 404 400

404 484 629 541 exarari
656 499 726 541 ea
752 480 878 540 vult
907 481 966 537 in
987 479 1214 553 plumbi
1235 479 1474 550 lamina,
1499 486 1556 536 et
1586 481 1774 552 sculpi
1805 480 1863 536 in
1924 480 2046 536 sili-
2080 487 2134 551 Α
2166 482 2422 554 nuptias,
2456 480 2557 552 qui
2587 479 2763 536 etiam
2790 482 2925 533 ante
2955 480 3204 532 mortem
3233 473 3294 531 in
3345 489 3485 532 sexu
3515 490 3621 531 suo
3677 474 3792 530 sine

408 569 1276 646 ce.Sperat-resurrectionem,
1312 570 1429 625 imo
1485 571 1646 625 novit
1703 575 1760 624 et
1813 569 1958 623 vidit
2009 579 2049 636 ι,

409 663 563 734 quod
593 660 734 717 vivit
761 659 1030 716 Christus
1060 659 1396 730 redemptor
1427 660 1578 730 ejus,
1603 663 1660 714 et
1689 659 1747 712 in
1800 657 2053 712 novissi-

410 767 508 806 mo
538 749 631 805 die
651 749 722 803 de
749 752 908 803 terra
923 752 1362 803 resurrecturus
1394 747 1754 803 sit.Necdum
1787 751 2057 801 mortuus

410 843 537 895 erat
581 837 884 907 Dominus,
919 841 976 892 et
1029 837 1247 892 athleta
1306 836 1575 892 Ecclesiae
1625 836 2053 907 redemptorem

411 943 586 984 suum
612 925 846 981 videbat
876 927 948 981 ab
978 926 1180 980 inferis
1230 929 1652 997 resurgentem.
1712 923 1863 979 Illud
1921 939 2054 978 vero

413 1015 571 1088 quod
599 1014 774 1069 infert
806 1031 820 1068 :
861 1037 880 1063 α
918 1015 987 1069 Et
1019 1030 1257 1069 rursum
1291 1013 1700 1068 Circumdabor
1730 1011 1879 1084 pelle
1903 1028 2053 1077 mea,

414 1109 471 1159 et
495 1103 556 1158 in
589 1118 760 1159 carne
793 1117 925 1157 mea
967 1102 1173 1158 videbo
1201 1102 1406 1170 Deum,
1441 1124 1467 1151 »
1523 1107 1662 1173 puto
1722 1102 1876 1172 quod
1939 1118 2056 1155 non

414 1191 690 1264 loquatur
736 1190 905 1262 quasi
963 1195 1191 1245 amator
1239 1190 1528 1258 carnium,
1585 1207 1735 1262 quas
1793 1188 2057 1262 putridas

383 1325 386 1328 .
415 1281 778 1352 fetentesque
808 1279 1084 1335 cernebat
1117 1297 1128 1347 ;
1193 1279 1292 1334 sed
1327 1295 1396 1334 ex
1427 1279 1641 1334 fiducia
1692 1275 2056 1350 resurgendi,

414 1369 736 1427 contemnit
760 1368 1091 1441 praesentia,
1125 1367 1333 1424 solatio
1383 1368 1738 1424 futurorum.
1801 1368 2054 1422 Rursum

415 1460 497 1517 ait
530 1478 543 1516 :
583 1481 604 1509 α
639 1458 1059 1514 Circumdabor
1087 1456 1237 1528 pelle
1277 1474 1426 1512 mea.
1465 1480 1492 1506 »
1527 1457 1633 1512 Ubi
1695 1457 1788 1512 hic
1848 1471 2059 1526 corpus

415 1547 732 1603 aethereum
767 1549 790 1600 Ρ
820 1546 920 1601 ubi
947 1561 1207 1613 aereum,
1239 1550 1295 1600 et
1326 1546 1558 1616 spiritui
1599 1550 1656 1600 et
1688 1562 1841 1600 aura:
1901 1544 2058 1599 simi-

413 1635 469 1692 le
495 1635 523 1689 ‘I
544 1635 707 1690 Certe
739 1634 839 1688 ubi
871 1633 1040 1704 pellis
1073 1639 1129 1688 et
1159 1651 1313 1700 caro,
1349 1634 1448 1689 ubi
1477 1651 1613 1689 ossa
1641 1639 1697 1690 et
1748 1633 1905 1690 nervi
1938 1634 1981 1698 ²,
2003 1637 2060 1688 et

415 1723 663 1794 sanguis
693 1726 749 1777 et
786 1739 962 1787 vente,
985 1722 1066 1776 ibi
1114 1723 1308 1778 carnis
1366 1727 1685 1788 structura,
1749 1722 1827 1778 ibi
1887 1739 2059 1777 sexus

415 1811 762 1884 proprietas.
819 1832 840 1860 α
895 1813 962 1865 Et
1019 1810 1078 1864 in
1138 1828 1331 1877 carne,
1392 1812 1604 1884 inquit,
1664 1828 1792 1867 mea
1853 1810 2057 1866 videbo

417 1901 625 1956 Deum.
653 1922 681 1949 »
705 1900 947 1963 Quando
977 1900 1171 1967 omnis
1203 1917 1336 1955 caro
1367 1900 1587 1956 videbit
1632 1899 1888 1956 salutare
1938 1899 2056 1967 Dei,

417 1993 476 2044 et
502 1988 705 2045 Jesum
737 1989 940 2053 Deum,
972 1992 1111 2043 tunc
1143 1993 1199 2044 et
1227 2005 1332 2060 ego
1362 1990 1568 2045 videbo
1614 1990 2058 2060 Redemptorem

417 2082 476 2135 et
507 2077 886 2145 Salvatorem,
918 2081 976 2132 et
1014 2077 1198 2133 Deum
1231 2095 1448 2134 meum.
1504 2079 1726 2133 Videbo
1777 2083 1970 2132 autem
1999 2077 2059 2131 in

417 2168 531 2224 ista
552 2182 743 2234 carne,
778 2183 903 2238 quae
934 2182 1030 2221 me
1077 2184 1230 2222 nunc
1258 2168 1502 2234 cruciat,
1539 2184 1667 2238 quae
1728 2184 1886 2221 nunc
1945 2183 2059 2238 pI‘EB

419 2256 618 2312 dolore
649 2253 913 2311 distillat.
939 2254 1156 2310 Idcirco
1189 2256 1374 2311 Deum
1397 2255 1456 2310 in
1481 2272 1652 2311 carne
1677 2253 2058 2327 conspiciam,

416 2344 557 2416 quia
586 2360 791 2400 omnes
820 2343 1144 2399 inﬁrmates
1176 2361 1336 2399 meas
1362 2361 1469 2400 sua
1499 2345 1920 2401 resurrectione
1962 2361 2059 2399 sa-

418 2434 597 2489 navit.
631 2433 832 2489 Nonne
862 2432 966 2488 tibi
999 2433 1228 2488 videtur
1249 2435 1375 2505 jam
1407 2439 1547 2489 tunc
1576 2434 1687 2489 Job
1713 2437 1917 2489 contra
1937 2431 2059 2488 Ori-

419 2539 628 2596 genem
661 2521 931 2590 scribere,
964 2527 1022 2577 et
1047 2540 1150 2594 pro
1180 2523 1373 2599 carnis
1405 2525 1666 2589 veritate,
1701 2524 1760 2579 in
1794 2540 1912 2595 qua
1943 2527 2060 2578 tor-

419 2616 619 2669 menta
650 2611 949 2681 sustinuit,
984 2613 1233 2666 alterum
1266 2617 1465 2667 contra
1495 2613 1796 2668 hmreticos
1846 2613 2062 2667 habere

420 2704 714 2755 certamen
744 2699 773 2752 ‘I
803 2699 967 2754 Dolet
994 2700 1173 2767 enim,
1207 2700 1254 2754 si
1287 2705 1450 2755 tanta
1480 2701 1557 2755 sit
1596 2700 1814 2755 frustra
1835 2717 2063 2772 perpes-

421 2805 547 2858 sus,
577 2793 634 2844 et
659 2788 771 2844 alia
809 2787 1191 2860 spiritualiter
1247 2795 1608 2860 resurgente,
1642 2790 1756 2844 ista
1813 2789 2059 2846 carnali-

421 2881 510 2933 ter
538 2876 794 2933 cruciata
823 2877 918 2932 sit.
954 2876 1116 2932 Unde
1146 2876 1403 2932 inculcat
1431 2882 1487 2933 et
1517 2882 1842 2949 exaggerat,
1867 2882 1921 2931 et
1943 2894 2062 2932 om-

421 2966 519 3022 nia
559 2965 793 3021 lubrica:
851 2965 1237 3022 confessionis
1296 2983 1508 3022 arcana
1563 2966 1875 3022 manifesta
1925 2981 2063 3022 voce

422 3054 740 3122 concludit,
765 3055 965 3111 dicens
998 3073 1009 3111 :
1047 3077 1075 3107 «
1107 3057 1287 3120 Quem
1319 3055 1553 3110 visurus
1584 3072 1716 3110 sum
1775 3072 1880 3126 ego
1915 3054 2058 3126 ipse,

422 3149 479 3200 et
508 3143 658 3198 oculi
690 3143 1187 3216 mciconspecturi
1220 3149 1378 3211 sunt,
1406 3150 1462 3199 et
1491 3161 1605 3199 non
1641 3143 1812 3199 alius.
1859 3163 1884 3194 ι)
1928 3145 1979 3198 Is
2011 3143 2058 3198 si

2164 588 2335 626 sexus
2367 585 2540 641 opere
2569 568 2856 623 vixerunt.
2881 567 3124 631 Quando
3143 566 3362 620 dicitur
3388 581 3400 618 :
3430 585 3456 613 ‹‹
3482 565 3546 619 In
3567 562 3669 617 illa
3715 562 3797 618 die

2163 676 2350 731 nequc
2381 659 2621 724 nubent,
2655 673 2844 729 neque
2876 657 3172 711 nubentur
3203 653 3436 727 (Matth.
3479 669 3617 721 XXII,
3648 651 3791 722 30).-

2163 749 2234 803 de
2265 748 2358 803 his
2388 747 2620 813 dicitur,
2653 745 2751 817 qui
2781 749 3028 817 possunt
3058 743 3298 807 nubere,
3330 746 3388 798 et
3435 746 3634 796 tamen
3693 756 3798 795 non

2163 837 2404 891 nubent.
2439 837 2618 890 Nemo
2650 835 2805 890 enim
2837 834 2979 888 dicit
3009 834 3079 888 de
3129 831 3354 904 angelis
3387 849 3398 885 :
3441 854 3462 880 α
3521 830 3646 886 Non
3699 845 3798 886 nu-

2164 927 2322 993 bent,
2356 941 2543 997 neque
2573 925 2887 979 nubentur.
2924 945 2952 972 ››
2985 924 3102 995 Ego
3136 936 3442 992 nunquam
3465 919 3661 975 audivi
3684 918 3797 991 spi-

2165 1014 2468 1070 ritualium
2502 1013 2793 1068 Virtutum
2825 1013 2885 1066 in
2917 1011 3059 1066 coelo
3103 1010 3344 1082 nuptias
3375 1007 3812 1065 celebrari:sed'

2165 1104 2264 1158 ubi
2298 1119 2469 1158 sexus
2500 1106 2608 1171 est,
2643 1101 2722 1156 ibi
2752 1102 2836 1154 vir
2856 1105 2913 1156 et
2945 1099 3180 1155 femina.
3226 1098 3390 1153 Unde
3420 1101 3476 1152 et
3497 1102 3561 1152 tu
3589 1097 3814 1153 invitus

2165 1191 2321 1259 licet,
2379 1195 2619 1262 cogente
2672 1189 2936 1256 veritate,
2967 1189 3275 1243 confessus
3335 1202 3418 1253 es,
3453 1189 3510 1241 et
3567 1185 3799 1242 dixisti:

2169 1304 2192 1328 ‹‹
2227 1284 2341 1334 Aut
2371 1279 2741 1334 coronandus
2772 1279 2831 1332 in
2890 1291 3151 1347 corpore,
3185 1276 3343 1346 quod
3393 1277 3549 1330 caste
3596 1273 3716 1346 egit
3751 1277 3808 1330 et

2161 1371 2341 1440 juste,
2374 1373 2476 1424 aut
2505 1367 2990 1422 condemnandus
3042 1366 3099 1419 in
3132 1380 3392 1437 corpore,
3451 1363 3608 1434 quod
3648 1361 3808 1419 volu-

2168 1457 2436 1530 ptatibus
2467 1457 2883 1528 iniquitatique
2909 1454 3206 1510 servivit.»
3220 1451 3381 1508 Tolle
3403 1467 3619 1524 corpus
3635 1456 3697 1508 et
3714 1462 3811 1524 p04

2167 1563 2239 1602 ne
2289 1561 2542 1611 carnem,
2573 1551 2631 1600 et
2683 1545 2873 1599 virum
2923 1559 2988 1598 ac
3050 1543 3325 1598 feminam
3386 1556 3504 1597 non
3547 1541 3806 1614 negasti.

2168 1635 2307 1699 Quis
2335 1635 2490 1690 enim
2523 1633 2662 1688 vivit
2691 1650 2825 1688 cum
2859 1631 3045 1702 gloria
3073 1631 3372 1703 pudicitia:
3406 1629 3504 1702 qui
3537 1646 3653 1686 non
3699 1630 3808 1686 ha-

2171 1725 2301 1779 bet6
2332 1739 2556 1785 sexum,
2591 1739 2692 1794 per
2721 1737 2897 1792 quem
2929 1720 3217 1776 committi
3249 1718 3439 1791 potuit
3491 1718 3808 1791 impudici-

2168 1813 2249 1866 tia
2274 1812 2301 1866 ?
2329 1811 2470 1874 Quis
2501 1811 2656 1866 enim
2690 1826 2952 1881 unquam
2984 1809 3241 1882 lapidem
3301 1807 3620 1873 coronavit,
3678 1806 3812 1879 quia

2167 1902 2327 1973 virgo
2360 1899 2800 1972 permanserit?
2855 1899 3215 1970 Angelorum
3259 1897 3429 1953 nobis
3490 1894 3810 1952 similitudo

2169 1989 2548 2062 promittitur,
2582 1989 2638 2043 id
2671 1993 2760 2043 est
2789 1987 3090 2044 beatitudo
3123 1987 3225 2042 illa
3254 1986 3313 2042 in
3346 2003 3463 2057 qua
3484 1986 3608 2041 sine
3628 1996 3808 2041 ‘carne

2169 2085 2227 2133 et
2253 2095 2391 2134 sexu
2425 2083 2563 2133 sunt
2591 2077 2803 2150 angeli,
2838 2079 3008 2132 nobis
3040 2079 3097 2130 in
3130 2091 3303 2131 carne
3335 2081 3391 2130 et
3413 2091 3556 2131 sexu
3613 2077 3813 2129 nostro

2171 2166 2504 2222 donabitur.
2544 2170 2668 2221 Mea
2698 2165 2996 2221 rusticitas
3027 2165 3112 2220 sic
3136 2165 3344 2230 credit,
3377 2168 3434 2220 et
3481 2163 3569 2220 sic
3599 2161 3813 2220 intelli-

2170 2255 2254 2327 git
2284 2271 2487 2310 sexum
2520 2255 2780 2311 conﬁteri
2815 2254 2940 2309 sine
2971 2271 3216 2310 sexuum
3247 2253 3525 2325 operibus
3559 2269 3571 2307 :
3623 2251 3811 2307 homi-

2173 2359 2276 2399 nes
2303 2360 2624 2416 resurgere,
2661 2347 2718 2398 et
2748 2344 2830 2398 sic
2877 2360 2975 2398 eos
3032 2341 3256 2414 angelis
3316 2338 3630 2412 adaquari.
3689 2342 3810 2395 Nec

2171 2433 2367 2487 statim
2388 2433 2682 2504 superflua
2702 2431 2993 2488 videbitur
3016 2431 3419 2486 membrorum
3442 2430 3808 2495 resurrectio,

2171 2539 2298 2593 quae
2333 2523 2585 2581 caritura
2615 2521 2733 2576 sint
2765 2521 2956 2576 ofﬁcio
2988 2537 3094 2575 suo
3129 2538 3141 2588 ;
3189 2536 3322 2574 cum
3355 2518 3546 2574 adhuc
3586 2517 3647 2572 in
3701 2516 3815 2574 hac

2171 2611 2288 2666 vita
2319 2610 2514 2682 positi,
2543 2611 2804 2666 nitamur
2840 2626 3016 2682 opera
3047 2626 3162 2664 non
3215 2608 3460 2681 implere
3517 2608 3814 2663 membro-

2173 2718 2322 2754 rum.
2350 2700 2684 2756 Similitudo
2716 2703 2910 2754 autem
2942 2700 3014 2754 ad
3047 2698 3308 2771 angelos,
3343 2713 3459 2752 non
3503 2696 3816 2753 hominum

2172 2789 2229 2843 in
2261 2789 2502 2860 angelos
2529 2788 2874 2854 demutatio,
2907 2787 3006 2844 sed
3067 2787 3363 2858 profectus
3403 2785 3818 2842 immortalita-

2171 2877 2247 2933 tis
2283 2882 2340 2932 et
2368 2876 2565 2949 glorias
2596 2883 2705 2932 est.

2242 2968 2330 3021 32.
2354 2965 2534 3022 Enoch
2564 2975 2616 3022 et
2638 2967 2790 3022 Etias
2820 2968 3040 3022 iterum.
3063 2997 3131 3005 —-
3152 2969 3516 3038 Argumenta
3543 2980 3680 3021 vero
3711 2963 3819 3021 illa

2134 3073 2508 3128 puerorum,
2541 3063 2597 3111 et
2644 3056 2978 3123 infantium,
3007 3061 3065 3111 et
3123 3073 3354 3122 senum,
3409 3059 3467 3110 et
3524 3053 3820 3120 ciborum,

2172 3147 2325 3201 440
2357 3150 2413 3200 et
2435 3144 3004 3217 stercorum,quibus
3029 3145 3338 3200 adversum
3372 3143 3660 3200 Ecclesiae
3695 3146 3822 3199 ute-

424 3249 540 3287 non
571 3247 711 3286 sexu
743 3249 848 3287 suo
878 3233 900 3266 ³
931 3237 1365 3289 resurrecturus
1419 3238 1527 3298 est,
1556 3232 1604 3288 si
1667 3250 1781 3287 non
1839 3233 2059 3288 eisdem
2094 3226 2135 3291 C
2175 3235 2280 3301 ris,
2312 3251 2425 3288 non
2461 3239 2599 3289 sunt
2628 3240 2729 3289 tua
2761 3251 2773 3287 :
2808 3235 2878 3289 de
2899 3235 3209 3306 gentilium
3245 3234 3402 3289 fonte
3461 3235 3814 3289 manarunt.

425 3320 708 3376 membris
738 3337 863 3391 qua:
889 3322 1126 3392 jacuere
1157 3320 1216 3374 in
1247 3326 1520 3386 stercore,
1553 3321 1600 3376 si
1649 3338 1763 3376 non
1824 3321 2060 3378 eosdem

420 3407 621 3464 oculos
651 3408 872 3481 aperiat
899 3410 970 3464 ad
1001 3409 1314 3464 videndum
1346 3410 1552 3475 Deum,
1572 3410 1789 3481 quibus
1821 3417 1958 3465 tunc
1978 3410 2060 3465 vi-

421 3498 596 3554 debat
621 3497 1025 3564 vermiculos‘,
1059 3499 1158 3553 ubi
1191 3499 1301 3553 erit
1330 3500 1483 3554 439
1511 3516 1645 3572 ergo
1676 3500 1828 3554 Job?
1878 3499 2061 3556 Tollis

420 3602 488 3643 ea
516 3585 578 3641 in
609 3584 824 3657 quibus
855 3585 1119 3642 substitit
1147 3587 1276 3654 Job,
1306 3592 1364 3642 et
1391 3588 1574 3642 donas
1592 3586 1736 3641 mihi
1771 3587 1942 3641 inane
1961 3603 2058 3642 vo-

417 3674 696 3731 cabulum
725 3676 1084 3748 resurgentis
1109 3693 1120 3729 :
1157 3677 1446 3748 quomodo
1474 3676 1521 3730 si
1546 3675 1738 3730 navim
1754 3680 1884 3747 post
1912 3693 2052 3730 nau-

355 3767 360 3771 ’
419 3765 677 3837 fragium
709 3765 1043 3820 restitutam
1073 3764 1234 3829 velis,
1268 3781 1333 3819 ac
1356 3780 1532 3836 neges
1564 3763 1798 3836 singula
1831 3765 1900 3820 de
1923 3765 2058 3837 qui—

418 3855 532 3910 bus
564 3855 729 3910 navis
758 3854 1136 3909 construitur.

487 3943 576 3998 31.
615 3945 818 4000 Veritas
861 3945 1272 3998 resurrectionis
1303 3945 1361 3996 in
1418 3960 1521 4014 quo
1577 3945 1670 3999 sit.
1733 3944 2055 4000 Similitudo

415 4034 740 4104 angelorum
767 4032 920 4088 nobis
946 4034 1213 4103 promissa
1244 4035 1302 4086 in
1331 4048 1436 4103 quo
1465 4035 1554 4086 sit.
1603 4065 1668 4072 -—
1702 4034 1818 4104 Ego
1879 4033 2057 4089 libere

417 4123 632 4188 dicam,
658 4127 713 4177 et
743 4137 1080 4193 quanquam
1114 4122 1436 4194 torqueatis
1467 4138 1587 4186 ora,
1610 4121 1859 4178 trahatis
1883 4121 2059 4193 capil-

413 4211 560 4280 lum,
583 4211 952 4284 applaudatis
984 4211 1128 4283 pede
1150 4212 1190 4277 ⁵,
1222 4211 1557 4266 Judaeorum
1589 4210 1811 4282 lapides
1861 4211 2055 4282 requi-

414 4300 582 4367 ratis,
613 4300 789 4356 ﬁdem
819 4299 1086 4356 Ecclesia:
1119 4299 1488 4370 apertissime
1541 4299 1878 4353 confitebor.
1943 4299 2055 4354 Re-

416 4389 796 4446 surrectionis
825 4389 1036 4444 veritas
1067 4388 1190 4443 sine
1223 4405 1393 4443 carne
1415 4393 1471 4442 ct
1501 4387 1757 4453 ossibus,
1776 4386 1901 4442 sine
1923 4404 2054 4442 san—

420 4478 595 4550 guine
625 4483 681 4533 et
711 4476 1273 4547 membris,intel|igi
1296 4491 1412 4530 non
1436 4479 1645 4546 potest.
1703 4475 1803 4530 Ubi
1836 4491 1970 4532 caro
2001 4482 2058 4532 et

413 4582 570 4633 ossa,
594 4571 650 4620 et
671 4566 912 4636 sanguis
945 4570 1000 4620 et
1021 4566 1284 4620 membra
1313 4570 1471 4630 sunt,
1509 4562 1582 4617 ibi
1620 4579 1855 4618 necesse
1877 4568 1967 4619 est
1992 4571 2056 4620 ut

414 4669 589 4712 sexus
636 4654 942 4709 diversitas
986 4654 1081 4708 sit.
1106 4653 1212 4708 Ubi
1246 4669 1418 4707 sexus
1467 4651 1774 4708 diversitas
1831 4657 1938 4722 est,
1975 4654 2055 4709 ibi

412 4744 672 4802 Joannes
689 4743 967 4810 Joannes,
1001 4742 1185 4797 Maria
1214 4741 1414 4797 Maria.
1449 4741 1576 4796 Noli
1607 4741 1811 4797 timere
1854 4759 2056 4798 eorum

488 4962 504 4994 ¹
539 4961 602 5016 In
634 4959 830 5016 codice
860 4959 917 5014 S.
952 4958 1173 5026 Crucis,
1202 4959 1360 5015 Novit
1387 4962 1438 5014 et
1491 4958 1631 5030 ﬁdus
1657 4963 1756 5025 est,
1810 4963 1866 5014 et
1922 4975 2054 5014 mox

414 5031 736 5102 Redemptor
764 5040 905 5088 tuus.

485 5104 506 5135 ’
539 5104 600 5156 In
631 5105 857 5167 eodem,
891 5106 974 5158 Ibi
1003 5120 1121 5160 ossa
1150 5106 1201 5158 et
1229 5104 1388 5158 nervi
1415 5121 1433 5157 :
1477 5102 1683 5157 deinde
1716 5103 1811 5155 ubi
1863 5104 2050 5156 carnis

411 5175 708 5247 structura.
743 5173 920 5247 Paulo
951 5181 1103 5247 post,
1138 5175 1340 5230 Videbit
1365 5175 1663 5230 salutarem
1714 5173 1828 5236 Dei,
1864 5172 1920 5225 id
1976 5176 2053 5228 est

409 5247 598 5300 Jesum
631 5244 941 5299 Dominum.

483 5314 504 5347 ³
537 5313 642 5368 Ms.
669 5313 730 5368 Si
755 5331 861 5368 non
898 5318 956 5369 in
983 5332 1119 5372 sexit
1146 5333 1262 5372 suo.

479 5387 501 5418 ‘
532 5385 692 5440 Idem
732 5385 874 5439 Tunc
908 5387 1121 5442 videbat
1145 5389 1485 5450 vermiculos,
1512 5390 1560 5440 et
1591 5385 1834 5441 radebat.

480 5458 499 5490 ⁵
526 5456 687 5582 Sage
710 5455 846 5510 alibi
873 5455 1261 5528 Hieronymus
1316 5457 1606 5529 applodere
1633 5459 1826 5529 pedem
1883 5459 2047 5528 dixit,

480 5545 583 5582 aue
659 5527 707 5582 ic
737 5526 974 5582 quidem
1006 5529 1314 5582 aiinlodatis
1344 5547 1445 5582 oro
1478 5530 1834 5582 applaudatis
1866 5530 2046 5582 liben-

409 5532 583 5613 a;tque
613 5526 707 5582 hic
737 5526 974 5598 quidem
1006 5526 1314 5600 applodatis
1344 5526 1445 5602 pro
1478 5526 1834 5600 applaudatis
1866 5526 2046 5586 libené

408 5601 1044 5756 ωὲεέἓὲἓξίθὲὈωοίε,
1094 5669 1240 5744 Quid
1295 5672 1445 5728 enim
1491 5671 1641 5743 juvit
1683 5687 1812 5730 eum
1867 5674 2048 5748 gloria

2172 3324 2386 3378 Eadem
2416 3323 2574 3378 enim
2606 3328 2909 3394 opponunt
2940 3322 3109 3378 nobis
3139 3323 3383 3378 ethnici.
3409 3321 3520 3389 Qui
3543 3320 3824 3377 Christia-

2173 3429 2311 3467 num
2345 3428 2472 3467 csse
2502 3417 2557 3466 te
2589 3411 2757 3478 dicis,
2789 3412 3095 3484 gentilium
3123 3429 3290 3467 arma
3306 3411 3553 3483 depone.
3573 3411 3830 3466 Discant

2173 3500 2256 3555 illi
2293 3501 2482 3572 magis
2525 3518 2558 3554 a
2617 3505 2670 3555 te
2729 3502 3216 3556 resurrectionem
3277 3501 3472 3556 carnis
3529 3499 3823 3567 conﬁteri,

2172 3606 2347 3661 quam
2382 3594 2441 3644 tu
2476 3589 2547 3644 ab
2580 3587 2697 3644 illis
2728 3605 2961 3661 negare.
2995 3593 3110 3644 Aut
3140 3589 3189 3643 si
3220 3593 3276 3644 et
3331 3594 3394 3644 tu
3425 3589 3497 3644 de
3550 3587 3824 3645 hostium

2170 3695 2414 3734 numero
2446 3679 2785 3749 es,ostende
2815 3683 2870 3734 te
2903 3679 3080 3733 libere
3112 3678 3538 3747 adversarium,
3575 3682 3644 3733 ut
3699 3677 3827 3733 ethé

2167 3768 2432 3823 nieorum
2465 3767 2753 3838 suscipias
2807 3767 3070 3822 vulnera.
3104 3767 3267 3822 Dono
3327 3766 3433 3822 tibi
3483 3766 3822 3824 nutriculas

2168 3861 2318 3924 tuas,
2352 3873 2424 3912 ne
2451 3856 2685 3928 vagiant
2709 3856 2964 3911 infantes
2999 3877 3012 3925 ς
3045 3857 3197 3912 dono
3230 3856 3555 3928 decrepitos
3608 3873 3817 3924 senes,

2169 3963 2238 4001 ne
2271 3946 2514 4001 hiberno
2564 3945 2777 4017 frigere
2833 3945 3273 4001 contrahantur.
3337 3947 3572 4000 Frustra
3625 3945 3826 4001 etiam

2166 4038 2431 4090 tonsores
2462 4034 2707 4089 artificia
2739 4035 3091 4101 didicerunt,
3126 4035 3378 4090 scientes
3422 4031 3826 4091 Israeliticum

2165 4123 2447 4195 populum
2481 4139 2581 4194 per
2600 4123 2992 4194 quadraginta
3041 4140 3249 4188 annos,
3282 4140 3387 4178 nec
3447 4122 3748 4194 unguium
3771 4126 3826 4195 ’³,

2167 4229 2270 4267 nec
2295 4211 2641 4283 capillorum
2673 4212 3035 4267 incrementa
3057 4212 3352 4268 sensisse:
3405 4217 3462 4268 et
3509 4211 3660 4284 quod
3720 4211 3831 4268 his

2165 4302 2359 4372 majus
2379 4305 2466 4356 est
2491 4301 2974 4356 nonsuntattrita
3011 4300 3361 4357 vestimenta
3411 4316 3653 4369 eorum;
3711 4315 3833 4357 nec

2163 4390 2628 4445 inveteraverunt
2649 4388 3042 4445 calceamenta
3062 4406 3287 4446 eorum.
3312 4389 3506 4446 Enocb
3527 4394 3586 4446 et
3631 4389 3833 4461 Elias,

2163 4479 2233 4533 dc
2257 4477 2469 4550 quibus
2492 4477 2719 4532 dudum
2741 4478 3020 4547 diximus,
3045 4483 3206 4536 tanto
3228 4484 3491 4552 tempore
3514 4480 3574 4534 in
3602 4479 3825 4536 eadem

2164 4571 2707 4641 permanentzetate,
2732 4583 2849 4637 qua
2879 4569 3027 4639 rapti
3076 4572 3234 4623 sunt.
3288 4569 3516 4624 Habent
3573 4568 3823 4636 dentes,

2166 4658 2449 4718 ventrem,
2475 4652 2773 4723 genitalia,
2807 4660 2864 4709 et
2893 4659 3089 4710 tamen
3122 4671 3228 4711 nec
3259 4656 3432 4725 cibis,
3467 4671 3576 4712 nec
3609 4657 3835 4713 uxori-

2166 4744 2276 4799 bus
2306 4741 2572 4813 indigent
2595 4742 2635 4796 ⁸.
2687 4741 2834 4806 Quid
2868 4744 3187 4814 potentiam
3223 4745 3320 4799 Dei
3357 4745 3755 4804 calumniaris
3793 4745 3829 4801 ἵ

2161 4957 2468 5030 pudicitia,
2503 4959 2596 5028 qui
2623 4973 2733 5012 non
2762 4957 2973 5030 habuit,
3010 4962 3116 5014 etc.

2234 5031 2252 5063 ⁷
2285 5029 2364 5084 Ex
2399 5027 2766 5104 Hebraeorum
2801 5029 3074 5100 opinione
3101 5027 3330 5104 dixerit,
3364 5029 3582 5104 quibus
3630 5037 3836 5104 exag-

2163 5118 2363 5176 gera_re
2395 5099 2656 5176 prodigia
2686 5099 2945 5155 solemne
2969 5105 3075 5156 est.
3111 5099 3348 5176 Ungues
3381 5099 3438 5158 et
3467 5118 3669 5176 comas
3707 5099 3842 5176 pérf

2164 5173 2547 5299 quagragirtita
2577 5186 2763 5225 annos
2799 5187 2911 5225 non
2946 5172 3381 5230 succrescentes
3439 5173 3664 5247 passim
3707 5172 3840 5229 ‘illi

2164 5262 2277 5299 orae
2324 5261 2450 5297 ican
2487 5284 2498 5296 .

2205 5261 2498 5300 Ρδεαιοειω.

2205 5263 2232 5299 r
2283 5262 2498 5299 uicani.

2164 5262 2197 5317 Ρ
2231 5263 2418 5370 EtiaClod.
2462 5315 2520 5368 S.
2546 5310 2747 5366 Crucis
2775 5329 2875 5367 nec
2905 5315 3171 5370 umoribus
3190 5319 3439 5371 utuntur.
3471 5315 3603 5372 Mox
3634 5319 3836 5374 vetus

2162 5387 2299 5441 edit.
2325 5402 2428 5456 pro
2458 5385 2652 5439 Graeco
2693 5385 2866 5459 verbo
2891 5382 3204 5459 ἐγτεριωνη,
3265 5389 3522 5444 interiori
3578 5387 3770 5459 habet
3818 5405 3837 5456 ;

2162 5455 2514 5531 msznioster,
2551 5455 3127 5531 quemadmodumet
3171 5476 3366 5531 supra,
3399 5461 3674 5531 antarium
3735 5455 3840 5514 lei-

2161 5529 2444 5600 gitfcrnie
2476 5542 2620 5600 cum_
2641 5526 2880 5600 Erasmo
2912 5533 2968 5581 ct
2995 5526 3265 5586 Victorio'.
3304 5530 3510 5589 Recole
3571 5530 3838 5592 Martia.-

2162 5596 2268 5655 ﬁisi
2299 5615 2425 5671 quae
2457 5596 2724 5674 sequitur
2755 5598 3209 5658 adnotationem.
