4110 6162
320 254 454 323 Δοί

1466 250 1776 325 CONTRA
1821 249 2190 323 JOANNEM
2233 236 2649 321 HIEROSOL:

3639 243 3758 323 402

342 391 447 469 qui
477 392 673 468 potest
702 388 775 450 de
805 389 1193 451 medullailla
1220 392 1369 449 etde
1394 392 1708 450 seminario
1729 394 1921 446 vestro
1955 390 1998 455 ι,
2027 390 2083 457 Α
2111 387 2267 444 enim
2298 387 2398 459 qui
2425 404 2459 443 a
2487 387 2602 443 Deo
2630 390 2721 444 est
2740 384 3032 443 medicina
3050 386 3139 443 est
3158 383 3393 447 ossibus
3412 382 3698 462 ipsorum,
3723 406 3753 439 ››

345 492 631 557 ἐντεριώνη,
685 499 803 539 non
859 499 1065 539 carnes
1124 488 1355 540 tantum
1413 484 1483 537 de
1542 481 1835 547 carnibus,
1896 479 1997 534 sed

341 589 559 646 corpus
591 573 860 639 educere,
894 576 950 627 et
1004 570 1162 626 aliud
1222 587 1291 628 ex
1346 571 1459 626 alio
1518 570 1754 635 facere;
1814 573 1871 623 et
1927 568 1997 621 de

343 679 502 735 aqua
522 664 570 729 ¹,
600 661 658 717 id
688 664 781 716 est
809 661 881 716 de
939 660 1160 715 vilitate
1189 659 1476 729 carnium,
1509 659 1763 730 pretiosa
1814 662 1869 712 et
1899 673 1996 711 ae-

344 751 439 808 rei
468 748 722 823 corporis
750 749 889 803 vina
919 750 941 783 ³
980 752 1204 804 mutare
1239 767 1251 804 :
1288 753 1481 821 potest
1537 749 1741 820 utique
1794 746 1997 802 eadem

326 839 636 913 .potentia,
663 855 774 909 qua
805 839 878 893 de
910 838 1092 893 nihilo
1122 842 1333 893 cuncta
1378 837 1696 893 fabricatus
1728 839 1838 901 est,
1871 836 1997 890 red-

356 930 498 985 dere
524 945 640 1001 quaa
670 928 912 983 fuerunt
943 944 954 982 :
990 928 1128 1000 quia
1158 926 1343 983 multo
1370 926 1566 983 minus
1588 932 1675 982 est
1696 927 1999 982 restituere

332 1018 507 1091 quod
536 1017 735 1083 fuerit,
772 1033 951 1088 quam
984 1017 1171 1072 facere
1201 1018 1355 1088 quod
1390 1034 1506 1073 non
1540 1018 1666 1072 fuit.
1695 1015 1923 1071 Miraris
1952 1014 1994 1069 si

322 1108 417 1162 'de
446 1106 779 1162 infantibus
806 1110 865 1161 et
894 1106 1135 1162 senibus
1165 1106 1224 1160 in
1255 1105 1489 1177 perfecti
1516 1106 1619 1161 viri
1646 1109 1875 1160 aetatem
1909 1121 1999 1159 re—

344 1194 631 1253 surrectio
662 1195 786 1261 fiat,
820 1211 955 1249 cum
987 1194 1058 1249 de
1087 1192 1228 1249 limo
1259 1202 1427 1251 terris
1456 1196 1679 1267 absque
1710 1194 1846 1249 ullis
1866 1198 2000 1248 aeta-

346 1290 475 1340 tum
500 1283 914 1352 incrementis,
949 1288 1394 1339 consummatus
1424 1284 1598 1339 homo
1656 1284 1844 1338 factus
1876 1282 2002 1337 sit?

349 1373 518 1429 Costa
549 1376 823 1428 mutatur
852 1372 909 1426 in
942 1372 1261 1439 feminam;
1294 1377 1351 1427 et
1374 1373 1543 1428 tertio
1566 1372 1835 1427 humance
1866 1388 2002 1426 con-

350 1461 589 1518 ditionis
618 1462 825 1526 modo,
859 1460 1000 1516 vilia
1028 1465 1085 1516 et
1113 1461 1387 1532 pudenda
1419 1464 1626 1517 nostrae
1685 1460 2002 1515 nativitatis

344 1550 640 1607 elementa
670 1552 937 1604 mutatur
978 1548 1036 1603 in
1086 1565 1329 1605 carnes:
1361 1548 1621 1622 ligantur
1652 1549 1931 1605 membris
1960 1550 2004 1614 ‘,

342 1638 695 1695 discurrunt
724 1638 785 1693 in
814 1653 1014 1706 venas,
1036 1638 1093 1691 in
1124 1654 1260 1693 ossa
1280 1639 1587 1693 durantur.
1612 1637 1712 1693 Vis
1745 1642 1801 1692 et
1831 1654 2002 1708 quar-

340 1731 472 1783 tum
494 1744 690 1799 genus
710 1726 983 1782 humanae
1009 1727 1405 1799 generationis
1428 1727 1631 1782 audire
1651 1727 1678 1780 ?
1707 1746 1729 1776 ‹‹
1754 1726 2004 1797 Spiritus
2037 1762 2083 1826 Β

314 1822 594 1874 .sanctus
651 1815 1023 1887 superveniet
1078 1815 1138 1870 in
1204 1819 1277 1880 te,
1334 1821 1392 1871 et
1456 1816 1643 1871 virtus
1718 1813 2005 1871 Altissimi

345 1904 733 1963 obumbrabit
759 1904 890 1958 tibi.
923 1904 1233 1976 Propterea
1291 1906 1445 1976 quod
1506 1909 1777 1961 nascetur
1831 1920 1899 1959 ex
1949 1908 2005 1957 te

314 2000 652 2059 .sanctnm,
681 1993 985 2049 vocabitur
1030 1993 1211 2049 Filius
1241 1994 1342 2050 Dei
1376 1995 1525 2066 (Luc.
1562 2013 1599 2061 1,
1627 1995 1739 2066 35),
1774 2016 1802 2043 »
1830 1993 2008 2047 Aliter

323 2114 339 2121 -
360 2084 581 2148 Adam,
606 2081 765 2139 aliter
791 2082 924 2149 Eva,
987 2081 1156 2137 aliter
1183 2082 1345 2150 Abel,
1406 2083 1574 2138 aliter
1634 2082 1807 2137 homo
1838 2082 2007 2137 Jesus

325 2172 653 2230 ~Christus.
708 2172 772 2226 Et
827 2172 889 2226 in
947 2170 1223 2227 omnibus
1281 2172 1525 2227 diversis
1584 2171 1856 2237 exordiis,
1891 2187 2009 2226 una

354 2260 619 2318 hominis
646 2265 856 2315 natura
883 2277 999 2315 non
1025 2261 1241 2316 differt.

417 2350 514 2406 33.
572 2350 895 2405 TestimOma
952 2365 1077 2421 qua:
1126 2350 1365 2420 probant
1419 2366 1601 2405 veram
1657 2352 2009 2405 resurrectio-

343 2456 495 2497 nem.
550 2439 986 2494 Resurrectionis
1040 2440 1370 2495 vocabulum
1416 2440 1546 2510 quid
1591 2440 1882 2507 signiﬁcet.
1945 2471 2011 2479 —

349 2526 865 2583 Resurreetionem
919 2526 1115 2580 carnis
1173 2525 1556 2597 omniumque
1609 2530 1757 2582 44!
1824 2542 2011 2581 mem-

344 2616 599 2672 brorum
631 2614 679 2669 si
707 2613 881 2668 velim
927 2614 1193 2685 probare,
1227 2619 1283 2669 et
1315 2615 1387 2668 ad
1420 2614 1651 2686 singula
1679 2614 2015 2670 testimonia

308 2738 313 2741 -
349 2703 798 2776 explanationes
829 2702 1167 2775 adjungere,
1208 2702 1411 2758 multis
1444 2702 1631 2758 libris
1653 2720 1800 2775 opus
1829 2704 1939 2758 erit
1998 2722 2010 2758 :

306 2792 750 2864 ,sedprmsens
787 2807 968 2846 causa
1024 2792 1133 2847 hoc
1191 2809 1305 2847 non
1362 2792 1677 2848 desiderat:
1734 2792 2011 2863 Proposui

342 2882 532 2951 enim,
566 2897 686 2936 non
718 2879 952 2952 Origeni
984 2880 1038 2935 in
1062 2880 1338 2936 omnibus
1360 2882 1835 2951 respondere,sed
1867 2882 2019 2935 frau-

344 2970 601 3027 dulentas
635 2968 1059 3025 satisfactionis
1118 2969 1341 3040 aperire
1394 2970 1688 3041 mysteria.
1748 2972 2016 3024 Attamen

343 3060 491 3132 quia
518 3058 739 3131 longus
771 3057 854 3111 fui
885 3058 944 3111 in
975 3057 1297 3113 assertione
1354 3058 1664 3123 contraria,
1724 3063 1781 3112 et
1818 3073 2018 3112 vereor

2108 478 2271 533 Tunc
2300 475 2641 547 implebitur
2670 476 2823 547 quod
2854 475 3138 533 Dominus
3167 476 3429 550 loquitur
3484 494 3588 551 per
3616 493 3750 551 pro-

2109 565 2343 637 phetam
2380 582 2391 618 :
2427 589 2455 615 (ι
2491 564 2747 637 Populus
2778 582 2963 633 meus,
2998 566 3152 621 intra
3177 566 3236 622 in
3269 567 3502 625 cellaria
3520 572 3622 624 tua
3650 566 3753 624 ali-

2108 653 2480 726 quantulum,
2515 655 2699 710 donec
2729 655 2817 710 ira
2848 670 2977 710 mea
3007 659 3268 711 transeat
3304 656 3428 726 (lsa.
3460 674 3613 724 xxvr,
3660 656 3754 723 20,

2108 760 2210 798 sec.
2245 745 2385 799 LXX.
2422 764 2449 791 »
2484 743 2727 799 Cellaria
2757 744 3025 816 sepulcra
3084 744 3442 816 significant,
3499 746 3569 801 de
3621 745 3755 818 qui-

2109 832 2220 887 bus
2251 832 2359 887 hoc
2394 832 2594 904 utique
2641 833 2950 903 profertur,
3005 834 3160 905 quod
3200 834 3499 889 conditum
3549 834 3756 891 fuerat.

2110 922 2189 977 Ex
2217 920 2456 977 exibunt
2486 922 2556 974 de
2588 921 2871 992 sepulcris
2900 921 3238 989 suis,veluti
3268 922 3499 979 biunuli
3531 924 3604 978 de
3632 923 3756 978 vin-

2110 1010 2258 1067 culis
2289 1009 2485 1065 soluti.
2520 1009 2806 1065 Gaudebit
2862 1028 2959 1065 cor
3014 1028 3237 1079 eorum,
3302 1016 3361 1067 et
3386 1028 3521 1068 ossa
3549 1028 3752 1068 eorum

2109 1101 2263 1156 sicut
2288 1099 2375 1156 sol
2406 1100 2700 1167 orientur;
2732 1101 2924 1156 veniet
2954 1102 3147 1157 omnis
3180 1119 3313 1157 caro
3346 1102 3405 1158 in
3437 1106 3755 1175 conspectu

2110 1188 2363 1254 Domini,
2397 1193 2454 1243 et
2483 1189 2785 1244 mandabit
2813 1190 3072 1261 piscibus
3103 1191 3303 1258 maris,
3327 1195 3383 1246 et
3412 1193 3765 1249 eructabuut

2112 1294 2247 1334 ossa
2278 1294 2402 1347 quae
2435 1278 2831 1345 comederunt,
2852 1282 2908 1333 et
2937 1278 3109 1333 faciet
3137 1295 3479 1352 compagem
3510 1282 3584 1337 ad
3608 1296 3762 1336 com-

2114 1382 2344 1439 pagem,
2378 1370 2433 1420 et
2463 1382 2528 1420 os
2560 1367 2630 1421 ad
2665 1382 2768 1433 os;
2801 1371 2857 1421 et
2888 1367 2988 1437 qui
3045 1367 3104 1421 in
3156 1362 3319 1423 terrae
3358 1367 3598 1439 pulvere
3627 1369 3761 1424 dor-

2115 1456 2390 1522 mierunt,
2425 1458 2766 1525 resurgent;
2800 1454 2897 1510 alii
2922 1455 2979 1510 in
3033 1456 3211 1511 vitam
3242 1459 3539 1523 aeternam,
3572 1456 3671 1513 alii
3700 1456 3761 1512 in

2114 1543 2493 1615 opprobrium
2527 1546 2581 1597 et
2611 1544 3011 1600 confusionem
3045 1549 3322 1600 mternam
3352 1546 3515 1618 (Dan,
3548 1562 3649 1617 x11,
3681 1546 3761 1617 2).

2114 1635 2279 1689 Tunc
2310 1633 2591 1687 videbunt
2617 1633 2763 1703 justi
2798 1633 3115 1704 impiorum
3168 1651 3367 1706 pcnnas
3424 1639 3597 1707 atque
3627 1651 3765 1690 cru-

2116 1722 2303 1777 ciatus
2342 1740 2353 1776 :
2383 1722 2661 1792 quoniam
2691 1722 2907 1777 vermis
2938 1739 3138 1778 eorum
3199 1740 3312 1778 non
3344 1722 3646 1793 morietur,
3707 1726 3766 1779 et

2114 1809 2265 1881 ignis
2298 1826 2499 1865 eorum
2520 1827 2636 1865 non
2663 1811 3054 1883 extinguetur,
3077 1816 3133 1867 et
3162 1816 3336 1867 erunt
3369 1812 3429 1866 in
3452 1814 3767 1885 conspectu

2114 1898 2306 1953 omnis
2337 1898 2530 1954 carnis
2562 1900 2691 1969 (Isa.
2727 1916 2875 1963 LxVI,
2930 1901 3044 1970 24).
3107 1901 3402 1971 Quotquot
3452 1900 3635 1973 igitur
3663 1899 3766 1955 ha-

2115 1987 2324 2042 bemus
2351 1987 2503 2041 hane
2535 2004 2721 2059 spem,
2755 1988 2908 2042 sicut
2936 1988 3312 2044 exhibuimus
3352 1989 3619 2044 membra
3662 2004 3766 2047 no-

2117 2080 2240 2130 stra
2270 2074 2617 2131 famulantia
2645 2076 3117 2144 immunditiie,et
3144 2077 3435 2148 iniquitati
3458 2079 3530 2133 ad
3557 2078 3773 2150 iniqui-

2118 2168 2320 2229 tatem,
2355 2165 2509 2220 442
2541 2164 2619 2219 ita
2668 2164 3045 2220 exhibeamus
3073 2182 3140 2221 ea
3170 2166 3511 2222 famulantia
3533 2165 3776 2237 justitiaa

2119 2254 2190 2308 ad
2218 2252 2741 2309 sanctificationem
2777 2272 2788 2308 :
2824 2258 2890 2308 ut
2922 2259 3294 2326 resurgentes
3326 2271 3392 2310 ex
3422 2255 3690 2323 mortuis,
3710 2255 3769 2310 in

2121 2341 2371 2395 novitate
2401 2342 2528 2395 vitae
2561 2341 2935 2397 ambulemus
2965 2343 3139 2413 (Rom.
3201 2361 3277 2409 v1,
3338 2344 3411 2410 4).
3472 2344 3772 2407 Quomodo

2120 2434 2177 2485 et
2205 2429 2321 2483 vita
2352 2429 2582 2484 Domini
2611 2430 2753 2485 Jesu
2786 2430 3196 2485 manifestatur
3226 2430 3285 2485 in
3309 2434 3507 2486 nostro
3539 2431 3773 2487 mortali

2120 2534 2358 2590 corpore
2379 2518 2405 2584 ';
2438 2522 2493 2572 et
2524 2518 2623 2588 qui
2649 2518 2950 2574 suscitavit
2978 2519 3007 2573 J
3018 2535 3185 2574 esum
3216 2518 3512 2575 Christum
3535 2537 3569 2574 a
3608 2536 3770 2576 mor-

2120 2607 2259 2673 tuis,
2288 2606 2600 2661 viviﬁcabit
2628 2612 2685 2662 et
2716 2606 2986 2662 mortalia
3015 2624 3257 2680 corpora
3282 2613 3504 2673 nostra,
3538 2611 3775 2680 propter

2120 2695 2550 2750 inhabitantem
2583 2695 2856 2766 spiritum
2888 2696 3017 2766 ejus
3075 2696 3134 2751 in
3194 2696 3363 2752 nobis
3394 2698 3570 2768 (Rom.
3621 2714 3768 2764 vnn,

2127 2785 2231 2855 11).
2265 2784 2502 2839 Justum
2531 2784 2687 2839 enim
2715 2789 2805 2839 est
2835 2788 2899 2839 ut
2931 2785 3030 2855 qui
3080 2801 3312 2857 semper
3368 2785 3776 2842 mortiﬁcatio-

2123 2889 2255 2928 nem
2288 2872 2501 2927 Christi
2536 2873 2592 2926 in
2627 2890 2868 2944 corpore
2897 2878 3097 2929 nostro
3129 2874 3622 2943 circumtulimus,
3654 2873 3775 2930 vita

2126 2978 2358 3032 quoque
2384 2962 2526 3015 Jesu
2560 2961 2966 3017 manifestatur
3014 2961 3072 3016 in
3122 2979 3361 3035 corpore
3391 2966 3590 3017 nostro
3622 2977 3777 3018 mor-

2128 3049 2229 3105 tali
2262 3050 2318 3103 id
2350 3054 2438 3104 est
2485 3049 2542 3103 in
2605 3066 2778 3104 carne
2826 3050 3057 3105 mortali
3117 3051 3442 3106 secundum
3499 3054 3772 3107 naturam

343 3129 420 3205 ne
450 3150 595 3205 dum
628 3129 869 3215 fraudes
899 3147 1149 3218 pandere
1173 3146 1406 3213 studeo,
1428 3146 1774 3201 scandalum
1806 3145 2005 3201 lectori
2039 3129 2080 3195 C
2118 3144 2334 3195 aeterna
2362 3142 2556 3194 autem
2589 3139 2910 3193 secundum
2938 3139 3213 3211 gratiam.
3236 3139 3394 3195 Vidit
3441 3144 3498 3195 et
3527 3139 3769 3212 Stepha-

343 3237 717 3309 reliquerim,
753 3235 1066 3290 acervatim
1096 3236 1435 3290 testimonia
1466 3252 1701 3307 ponam,
1756 3235 2003 3290 cursim-

348 3343 468 3398 que
494 3325 915 3396 perstringam,
950 3329 1013 3378 ut
1038 3327 1157 3378 toto
1190 3328 1392 3379 contra
1444 3328 1787 3378 venenatam
1833 3339 2005 3394 argu-

349 3414 778 3471 mentationem
848 3411 1281 3483 Scripturarum
1342 3413 1593 3484 pondere
1638 3412 2004 3467 dimicemus.

355 3504 473 3569 Qui
499 3506 719 3557 vestem
750 3519 867 3557 non
902 3502 1075 3556 habet
1105 3501 1449 3572 nuptialem,
1475 3518 1575 3556 nec
1598 3501 1845 3557 servavit
1864 3500 2005 3555 illud

365 3589 713 3647 mandatum
743 3608 756 3645 ε
783 3614 808 3641 α
842 3591 1103 3646 Candida
1157 3590 1275 3646 sint
1332 3591 1676 3646 vestimenta
1721 3595 1823 3645 tua
1856 3606 2008 3645 sem-

332 3676 478 3752 Sper
503 3676 673 3748 (Eccl.
706 3695 774 3741 Ix,
798 3680 873 3749 8),
927 3679 1239 3735 «manibus
1300 3679 1663 3750 pedibusque
1721 3678 2009 3735 constrin-

324 3768 544 3842 ,gitur,
578 3782 654 3822 ne
681 3769 981 3823 recumbat
1040 3767 1098 3822 in
1152 3768 1433 3834 convivio,
1496 3768 1696 3823 sedeat
1751 3767 1807 3821 in
1843 3766 2008 3829 solio,

324 3860 469 3914 stet
498 3857 575 3912 ad
628 3857 893 3913 dextram
926 3855 1065 3923 Dei;
1100 3856 1355 3912 mittitur
1411 3857 1469 3910 in
1500 3857 1849 3929 gehennam,
1913 3856 2007 3910 ubi

318 3946 526 4002 illatus
557 3944 871 4001 oculorum
901 3950 959 4000 et
988 3945 1206 4001 stridor
1227 3946 1490 4001 dentium
1513 3950 1602 4000 est
1630 3946 1848 4015 (Matth.
1872 3962 2008 4009 xxn,

351 4036 459 4105 l3).
491 4057 521 4085 ‹‹
558 4033 771 4106 Capilli
828 4034 1037 4105 capitis
1093 4034 1268 4090 vestri
1329 4033 1616 4089 numerati
1669 4037 1807 4089 sunt
1858 4034 2010 4100 (Luc.

345 4139 443 4191 xu,
472 4124 554 4193 7).
598 4147 620 4171 ι
653 4123 711 4176 Si
748 4121 965 4193 capilli,
1000 4126 1141 4193 puto
1201 4121 1432 4177 facilius
1490 4123 1715 4177 dentes.
1776 4122 2015 4176 Frustra

344 4215 545 4267 autem
579 4210 906 4277 numerati,
967 4210 1015 4265 si
1076 4210 1393 4281 aliquando
1452 4209 1713 4281 perituri.
1754 4232 1774 4258 α
1811 4209 2015 4264 Veniet

354 4299 515 4367 hora,
546 4301 613 4354 in
650 4315 769 4370 qua
798 4315 1005 4354 omnes
1037 4300 1138 4369 qui
1170 4300 1229 4354 in
1264 4298 1663 4354 monumentis
1719 4302 1876 4364 sunt,
1911 4316 2013 4353 au-

358 4387 517 4443 dient
542 4404 755 4443 vocem
789 4386 914 4441 Filii
947 4387 1070 4455 Dei,
1104 4392 1159 4442 et
1191 4387 1504 4459 precedent
1534 4390 1711 4457 (Joan.
1746 4405 1797 4455 v,
1829 4389 1940 4455 25).
1986 4409 2011 4433 ››

2116 3245 2229 3282 nus
2260 3231 2511 3282 stantem
2541 3227 2743 3282 Jesum
2777 3228 2848 3282 ad
2881 3228 3174 3283 dexteram
3212 3227 3398 3283 Patris
3446 3229 3581 3300 (Act.
3610 3231 3762 3297 VIII),

2116 3321 2173 3372 et
2203 3333 2415 3371 manus
2448 3316 2630 3388 Moysi
2664 3320 2887 3371 mutata
2917 3320 3005 3372 est
3060 3316 3120 3371 in
3161 3318 3473 3373 candorem
3504 3317 3674 3384 nivis,
3708 3321 3765 3373 et

2117 3405 2391 3475 deinceps
2423 3404 2597 3459 colori
2658 3405 2907 3476 pristino
2966 3406 3237 3461 restituta
3293 3406 3483 3476 (Exod.
3547 3406 3641 3477 1v).
3702 3405 3766 3462 In

2116 3499 2363 3565 utraque
2394 3492 2730 3548 diversitate
2757 3511 2967 3549 manus
3001 3495 3127 3549 fuit.
3191 3494 3431 3567 Figulus
3463 3494 3561 3550 ille
3609 3495 3769 3551 Jere-

2121 3581 2271 3647 mite,
2306 3582 2478 3650 cujus
2524 3598 2625 3653 per
2653 3582 2927 3636 duritiam
2952 3582 3213 3653 lapidum
3238 3599 3339 3637 vas
3367 3583 3522 3653 quod
3542 3582 3777 3651 fecerat,

2118 3669 2477 3725 confractum
2513 3674 2621 3738 est,
2657 3670 2727 3725 de
2757 3671 2961 3725 eadem
3011 3686 3210 3725 massa
3237 3674 3293 3723 et
3322 3671 3393 3725 de
3421 3671 3625 3726 eodem
3657 3670 3781 3726 luto

2120 3757 2536 3829 redintegravit
2566 3758 2719 3828 quod
2756 3758 3045 3813 ceciderat
3077 3759 3301 3828 (Jerem.
3334 3758 3493 3828 xvm)
3538 3774 3551 3813 :
3596 3758 3696 3814 sed
3728 3762 3787 3814 et

2119 3846 2313 3917 ipsum
2345 3847 2757 3900 resurrectionis
2787 3846 3138 3900 vocabulum
3171 3845 3465 3917 significat
3484 3862 3600 3902 non
3623 3846 3783 3903 aliud

2120 3950 2304 3997 ruere,
2333 3933 2491 3987 aliud
2526 3933 2798 3988 suscitari
2837 3951 2848 3988 :
2885 3938 2941 3989 et
2971 3934 3126 4005 quod
3185 3934 3483 4006 adjicitur,
3523 3944 3773 3993 mortuo-

2120 4039 2263 4088 rum,
2288 4037 2522 4076 carnem
2546 4021 2845 4093 propriam
2876 4023 3242 4079 demonstrat
3276 4040 3288 4078 :
3324 4024 3481 4095 quod
3529 4024 3687 4080 enim
3718 4024 3779 4079 in

2120 4110 2360 4166 homine
2394 4109 2645 4164 moritur
2674 4109 2783 4164 hoc
2812 4114 2868 4165 et
2897 4111 3245 4177 vivificatur,
3278 4111 3635 4168 Vulneratus
3685 4112 3786 4168 ille

2123 4197 2349 4255 itineris
2376 4198 2610 4253 Jericho
2649 4202 2806 4253 totus
2838 4200 3088 4254 refertur
3114 4200 3183 4253 ad
3240 4199 3562 4269 stabulum,
3597 4204 3654 4255 et
3683 4200 3787 4255 de-

2124 4287 2396 4342 lictorum
2429 4285 2611 4358 plagze
2642 4285 3088 4342 immortalitate
3115 4292 3415 4343 sanantur.
3451 4288 3605 4359 (Luc.
3645 4288 3727 4359 x).

2194 4377 2283 4431 34.
2346 4377 2773 4430 Resurrectiom's
2851 4377 3048 4431 veritas
3112 4376 3347 4446 probala
3413 4375 3786 4451 quadraginta

356 4477 617 4533 Audient
650 4476 919 4541 auribus,
954 4477 1269 4553 precedent
1311 4476 1578 4547 pedibus.
1614 4477 1730 4532 Hoc
1761 4480 1816 4531 et
1848 4477 2018 4531 Laza-
2050 4496 2095 4560 Β
2125 4466 2333 4520 diebus.
2370 4466 2547 4533 Quare
2577 4464 2825 4520 Christus
2854 4464 3083 4560 comedit
3136 4470 3260 4536 post
3312 4466 3783 4522 resurrectionem.

358 4582 460 4621 rus
490 4569 634 4621 ante
654 4566 783 4635 jam
816 4564 1046 4620 fecerat.
1082 4564 1400 4620 Procedent
1428 4570 1625 4620 autem
1683 4565 1754 4620 de
1808 4580 2017 4619 monu-

360 4654 603 4719 mentis,
639 4653 697 4708 id
730 4657 838 4716 est,
872 4654 972 4724 qui
1018 4653 1418 4708 monumentis
1477 4653 1625 4708 illati
1686 4655 1917 4709 fuerant
1976 4654 2018 4719 ",

365 4742 602 4803 venient
630 4742 873 4807 mortui,
898 4746 954 4796 et
969 4746 1276 4814 resurgent
1295 4742 1365 4797 de
1387 4740 1669 4813 sepulcris
1691 4742 1834 4798 suis.
1857 4764 1882 4789 ‹‹
1906 4741 2021 4795 Ros

456 4866 468 4898 ‘
507 4867 1016 4938 Vestro,tweptaw,.
1050 4865 1287 4938 Codices
1318 4882 1461 4921 mss.
1514 4865 1716 4938 legunt
1772 4866 1865 4920 hic
1923 4884 2022 4922 cn-

381 4938 589 5005 teriam,
630 4937 719 4994 vel
749 4937 1040 5003 enteriore,
1072 4937 1161 4992 vel
1220 4940 1420 4992 enlria.
1482 4937 1901 5000 Cluniacensis,
1963 4938 2027 4993 de

322 5048 334 5063 .
371 5010 670 5065 mninario
698 5014 877 5064 vestro
909 5018 959 5064 et
990 5011 1212 5065 interia.
1274 5009 1487 5064 Vocem
1521 5009 1800 5070 Graecam,
1846 5026 2024 5078 quam

318 5130 345 5139 .,
374 5096 486 5138 non
519 5081 946 5161 intelligebant,
981 5084 1287 5135 mutarunt
1318 5080 1397 5161 in”
1428 5080 1689 5161 batinam
1731 5080 2031 5161 .excripto-

374 5168 466 5207 res
494 5148 763 5235 antiqui;
780 5148 1154 5235 Videsupra,
1189 5168 1314 5223 qua:
1345 5150 1498 5206 dicta
1556 5156 1693 5205 sunt
1714 5150 1784 5205 de
1823 5148 2024 5207 eodem

376 5222 694 5279 seminario
724 5222 1008 5296 Origenis.
1034 5222 1331 5296 Maurus.

446 5296 468 5330 ³
496 5298 563 5352 Et
594 5295 662 5350 de
686 5292 855 5365 aqua,
882 5300 991 5349 etc.
1040 5295 1197 5349 Idem
1256 5292 1513 5347 Cluniae.
1564 5293 1754 5365 codex
1808 5294 2029 5365 variam

378 5366 591 5423 retinet
620 5364 961 5437 hujusmodi
994 5365 1298 5421 lectionem
1337 5383 1349 5419 :
1385 5388 1411 5437 ᾳ
1445 5365 1515 5419 Et
1544 5364 1816 5437 deraqua,
1852 5364 1908 5419 id
1942 5371 2027 5419 est

318 5442 321 5445 λ
383 5438 455 5495 de
479 5436 713 5494 vilitate,
735 5436 1725 5509 carnium,pretiosaAacthereafvina
1748 5442 1982 5509 mutare
2018 5455 2028 5490 :

453 5514 544 5567 tes
575 5510 784 5584 utique
832 5507 1048 5567 eadem
1067 5507 1374 5583 sapientia,
1399 5523 1516 5579 qua
1546 5508 1616 5564 de
1634 5507 1838 5577 nihilo,
1872 5531 1898 5559 ››
1922 5512 2027 5564 etc.

516 5598 673 5641 TIAN.

2126 4555 2431 4607 Marcionis
2480 4569 2635 4608 error
2663 4557 2711 4608 et
2764 4552 3120 4624 blasphemia.
3171 4554 3491 4625 Apollonius
3541 4555 3790 4624 Tyaneus

2130 4650 2261 4695 ante
2291 4643 2685 4696 Domitianum.
2722 4673 2789 4681 —-
2820 4644 3030 4713 Aperta
3051 4646 3191 4697 sunt
3219 4646 3275 4697 et
3298 4641 3568 4713 sepulcra
3595 4641 3654 4695 in
3677 4641 3792 4697 Do-

2133 4728 2280 4783 mini
2315 4730 2609 4802 passione,
2642 4731 2877 4800 quando
2912 4730 2998 4785 sol
3046 4731 3216 4803 fugit,
3262 4734 3415 4787 terra
3444 4728 3704 4805 tremuit,
3735 4733 3794 4785 et

2203 4852 2223 4883 3
2256 4852 2365 4906 Ms.
2401 4853 2458 4907 S.
2495 4854 2693 4907 Crucis
2726 4856 2975 4909 Pretiosa
3027 4856 3255 4910 aetherei
3280 4856 3427 4920 vina,
3488 4856 3599 4909 etc.
3627 4870 3641 4919 ;
3675 4869 3790 4909 non

2136 4923 2473 4994 displiceret
2502 4925 2745 4980 eet/ieris.

2208 4995 2228 5026 ⁴
2260 4995 2416 5049 Idem
2450 5012 2565 5049 ms.
2621 4996 2889 5064 Ligantur
2916 4997 2973 5048 in
3026 4995 3308 5063 membris,
3350 4994 3673 5051 discurrunt
3730 4997 3793 5051 in

2140 5067 2288 5120 venis
2310 5084 2327 5119 :
2360 5071 2415 5120 et
2447 5083 2578 5120 mox
2607 5082 2777 5133 genus
2808 5067 3061 5119 humanae
3091 5065 3440 5119 conditionis.
3493 5066 3671 5122 Paulo
3702 5065 3790 5122 in-

2138 5137 2228 5191 fra
2256 5146 2305 5191 et
2334 5137 2699 5192 nihilominus
2729 5136 2976 5190 diversus
2996 5136 3225 5190 diversis
3252 5137 3513 5203 exordiis,
3549 5142 3665 5194 etc.

2212 5208 2232 5241 ⁵
2266 5209 2481 5261 Iterum
2516 5208 2669 5261 idem
2700 5224 2810 5281 ms.
2844 5210 2940 5281 qu_i
2972 5209 3032 5281 iit
3078 5212 3430 5263 monumenta
3486 5210 3640 5281 illati
3665 5212 3794 5281 fue-

2142 5288 2267 5334 rant
2295 5281 2474 5351 virent
2500 5280 2724 5351 mortui,
2758 5277 2873 5351 etc.
2891 5277 3074 5351 Paulo
3106 5283 3238 5349 post
3268 5296 3369 5351 pro
3398 5277 3673 5341 medicina
3732 5281 3791 5336 in

2146 5367 2253 5405 ms.
2288 5349 2535 5421 aliisque
2567 5350 2787 5421 passim
2812 5349 3167 5405 editionibus
3198 5349 3286 5407 est
3314 5352 3574 5420 medulla,
3608 5353 3709 5408 sed
3733 5352 3791 5407 in

2144 5422 2341 5477 Graeco
2372 5427 2461 5477 est
2490 5430 2625 5477 ἴαμα.

2196 5438 2341 5477 ΓίΒςΟ
2372 5427 2461 5477 est
2490 5430 2567 5490 ἴαμ
2580 5446 2625 5479 α.
