4110 6162
466 247 590 320 403

1708 257 1773 329 ς.
1807 253 2122 330 EUSEBII
2163 251 2658 335 HIERONYML'

3686 275 3784 342 401

466 397 657 455 multa
711 411 954 472 corpora
1009 399 1345 457 sanctorum
1416 403 1813 468 surrexerunt,
1873 405 1930 457 et
1983 400 2109 457 visa
2136 401 2193 470 Α
2221 405 2662 462 resurrectionis
2714 406 3015 465 veritatem
3070 407 3333 482 probaret
3374 406 3401 465 ?
3442 404 3605 467 Nemo
3651 411 3786 470 enim

463 494 608 546 sunt
636 491 694 544 in
725 496 927 546 sancta
951 489 1181 546 civitate
1202 490 1420 561 (Matth.
1443 509 1615 557 xxvu,
1637 493 1748 563 52).
1773 513 1802 541 ››
1827 491 1932 554 Qui
1965 493 2109 561 est,»

465 577 662 652 inquit
689 580 891 647 Isaias,
926 601 953 628 «
984 579 1081 651 qui
1113 579 1378 635 ascendit
1407 597 1475 634 ex
1504 580 1687 635 Edom
1748 597 1760 633 :
1825 579 2048 651 fulgida
2093 580 2108 613 ⁸

469 671 817 727 vestimenta
849 669 974 738 ejus
1003 685 1070 723 ex
1124 669 1322 735 Bosor,
1385 670 1468 724 sic
1499 669 1791 724 formosus
1849 669 1908 722 in
1962 667 2113 723 stola

472 759 724 815 candida
755 759 876 828 (Isa.
913 774 1066 822 LXIII,
1128 760 1179 823 1,
1228 760 1394 828 juxta
1450 759 1613 827 LXX).
1677 781 1703 805 »
1761 757 1941 812 Edom
2011 759 2114 812 aut

467 851 716 902 terrenus
747 847 1180 919 interpretatur,
1214 851 1314 901 aut
1335 855 1609 912 cruentus,
1662 847 1840 902 Bosor
1887 850 1990 901 aut
2017 861 2109 900 ca-

465 953 547 1007 ro,
582 941 681 992 aut
711 941 769 991 in
798 937 1176 993 tribulatione.
1213 936 1421 992 Paucis
1450 936 1644 991 verbis
1675 940 1860 992 totum
1917 952 2109 990 resur-

470 1027 747 1084 rectionis
778 1027 1120 1097 mysterium
1154 1026 1534 1090 demonstrat,
1592 1023 1650 1078 id
1691 1028 1780 1078 est
1810 1028 1866 1078 et
1893 1024 2110 1078 verita-

466 1121 588 1173 tem
621 1117 812 1171 carnis
841 1121 899 1170 et
949 1119 1327 1186 augmentum
1362 1113 1580 1185 gloriae.
1617 1115 1684 1168 Et
1711 1118 1817 1180 est,
1853 1129 2061 1168 sensus
2093 1129 2104 1166 :

465 1206 608 1270 Quis
641 1209 729 1260 est
780 1204 890 1260 iste
937 1204 1033 1274 qui
1092 1203 1355 1258 ascendit
1403 1203 1474 1258 de
1531 1206 1704 1266 terra,
1729 1201 1992 1256 ascendit
2041 1201 2111 1255 de

467 1294 792 1367 sanguine?
823 1294 1001 1365 Cujus
1032 1292 1377 1349 vestimenta
1403 1293 1568 1362 juxta
1616 1290 1979 1363 prophetiam
2013 1289 2109 1345 Ja-

467 1385 596 1454 cob,
633 1384 730 1455 qui
763 1382 1024 1456 alligavit
1079 1382 1306 1454 pullum
1363 1398 1538 1436 suum
1595 1381 1666 1434 ad
1722 1380 1896 1434 vitem
1953 1378 2109 1446 (Gen.

464 1490 616 1541 xux,
649 1473 758 1545 ll),
783 1479 839 1528 et
868 1471 1122 1527 torcular
1151 1471 1391 1526 calcavit
1407 1469 1588 1535 solus,
1613 1474 1809 1524 musto
1841 1467 2111 1523 rubentia

462 1567 605 1620 sunt
634 1564 705 1617 de
737 1567 915 1618 Bcsor
946 1563 1053 1628 (Isa
1082 1578 1236 1627 Lxm,
1279 1561 1353 1629 4),
1387 1560 1445 1614 id
1476 1563 1582 1626 est,
1615 1559 1685 1613 de
1739 1574 1930 1624 carne,
1991 1556 2110 1611 sive

461 1651 838 1708 tribulatione
871 1650 1075 1705 mundi
1102 1668 1114 1704 :
1145 1651 1268 1721 ipsc
1290 1649 1444 1703 enim
1471 1648 1607 1703 vicit
1636 1647 1922 1702 mundum
1949 1647 2104 1718 (Joan

455 1741 849 1812 xvr).Ideoque
879 1741 1055 1795 rubra
1083 1747 1135 1794 et
1160 1737 1382 1810 fulgida
1412 1741 1551 1791 sunt
1579 1735 2102 1806 vestimentapjus:
2137 1766 2183 1831 Β

460 1831 601 1904 quia
629 1830 929 1903 speciosus
950 1833 1039 1884 est
1068 1828 1256 1882 forma
1286 1844 1399 1899 pra:
1422 1825 1560 1880 ﬁliis
1581 1825 1908 1880 homimum
1932 1827 2104 1895 (Psal.

456 1921 606 1988 κων)
641 1938 653 1974 :
690 1924 745 1974 et
775 1924 1008 1991 propter
1037 1915 1280 1989 gloriam
1325 1914 1744 1986 triumphantis
1774 1913 1832 1968 in
1892 1913 2104 1969 stolam

457 2008 771 2065 candidam
825 2011 1182 2062 commutata
1212 2009 1388 2071 sunt;
1419 2009 1477 2060 et
1506 2007 1644 2059 tunc
1673 2020 1804 2059 vere
1835 2005 1988 2060 443
2034 2005 2105 2060 de

455 2096 666 2153 Christi
698 2113 872 2152 carne
902 2095 1256 2168 completum
1289 2099 1376 2150 est
1405 2113 1416 2148 :
1455 2115 1480 2145 α
1513 2096 1646 2160 Quae
1704 2098 1792 2148 est
1822 2095 1935 2149 ista
1975 2111 2103 2166 qua:

459 2186 724 2242 ascendit
752 2185 1036 2253 dealbata,
1069 2184 1325 2239 innitens
1355 2199 1530 2254 super
1558 2181 1890 2238 fratruelem
1925 2200 2100 2238 suum

457 2275 636 2348 (Cant.
671 2293 791 2330 vm.
816 2276 892 2344 5).
930 2297 956 2323 ››
989 2276 1057 2328 Et
1087 2273 1240 2345 quod
1272 2272 1330 2326 in
1359 2273 1560 2328 eodem
1595 2273 1740 2327 libro
1773 2273 2053 2332 scribitur
2085 2291 2097 2328 :

457 2386 488 2414 «
522 2363 838 2420 Fratruelis
869 2379 1037 2418 meus
1059 2362 1425 2417 rubicundus
1455 2365 1512 2416 et
1541 2361 1830 2416 candidus
1852 2362 2041 2430 (v.10).
2073 2384 2100 2410 »

454 2452 620 2509 Hunc
652 2453 979 2516 imitantur,
1011 2451 1109 2522 qui
1138 2452 1484 2505 vestimenta
1535 2467 1641 2504 sua
1673 2467 1786 2505 non
1837 2451 2100 2522 coinqui-

453 2547 740 2598 naverunt
770 2556 904 2595 cum
929 2539 1276 2594 mulieribus
1333 2541 1512 2609 (Apoc.
1545 2557 1660 2605 XIV,
1694 2541 1745 2609 4)
1798 2557 1810 2593 :
1848 2540 2100 2612 virgines

454 2630 611 2686 enim
645 2631 1094 2699 permanserunt
1146 2628 1244 2697 qui
1306 2644 1366 2681 se
1420 2632 1816 2682 castraverunt
1865 2634 2100 2701 propter

450 2733 634 2790 regna
663 2715 960 2772 cmlorum.
997 2716 1194 2786 Itaque
1221 2714 1283 2768 in
1316 2714 1464 2769 albis
1494 2720 1666 2769 erunt
1703 2717 1984 2772 vestibus.
2020 2719 2098 2774 Eo

451 2810 712 2876 tempore
743 2803 1031 2860 sententia
1058 2803 1283 2856 Domini
1317 2818 1488 2874 opere
1518 2802 1771 2874 perfecta
1815 2809 2099 2862 monstra-

453 2895 612 2951 bitur
645 2911 659 2948 :
695 2894 929 2948 «Omne
962 2893 1113 2964 quod
1149 2891 1308 2946 dedit
1342 2891 1485 2945 mihi
1511 2892 1822 2959 Pater,non
1856 2895 2094 2965 perdam

452 3001 521 3040 ex
549 3001 616 3040 eo
648 2982 993 3055 quidquam,
1017 2982 1114 3037 sed
1153 2980 1512 3035 resuscitabo
1533 2979 1676 3034 illud
1701 2981 1755 3034 in
1779 2981 2095 3040 novissimo

452 3073 545 3130 die
601 3074 778 3141 (Joan.
827 3089 883 3126 VI
935 3072 1044 3141 39).
1107 3093 1133 3120 υ
1191 3071 1399 3125 Totum
1451 3069 1714 3124 videlicet
1769 3070 2091 3142 hominem,

2221 492 2366 549 falso
2395 511 2594 550 verum
2627 498 2852 568 probat.
2885 498 3052 571 Ergo,
3099 498 3347 571 inquies,
3377 504 3432 556 et
3457 517 3551 556 nos
3576 504 3686 573 post
3709 518 3790 559 re-

2220 584 2640 640 surrectionem
2671 587 2959 642 comesuri
2991 604 3200 644 sumus
3219 589 3247 643 ?
3275 587 3488 644 Nescio.
3529 589 3634 644 Non
3658 590 3792 645 enim

2219 671 2503 743 scriptum
2534 678 2622 729 est
2651 691 2664 729 :
2700 679 2756 731 et
2782 680 2979 732 tamen
3011 677 3059 733 si
3091 679 3396 750 quaeratur,
3433 693 3534 732 non
3564 680 3681 748 puto
3707 693 3796 732 co-

2221 776 2506 817 mesuros.
2542 763 2676 836 Legi
2707 765 2884 832 enim,
2916 783 3031 821 non
3062 782 3188 822 esse
3217 781 3451 837 regnum
3504 765 3596 820 Dei
3631 764 3799 820 cibum

2220 852 2276 903 et
2333 855 2558 921 potum,
2611 853 3019 924 repromittens
3077 871 3201 926 quae
3256 853 3453 909 oculus
3507 869 3610 908 non
3660 853 3799 923 vidit,

2220 955 2325 994 nec
2356 941 2515 996 auris
2546 942 2785 1009 audivit,
2818 959 2923 999 nec
2956 944 3011 998 in
3044 960 3142 999 cor
3171 943 3420 999 hominis
3459 943 3801 998 ascenderunt

2220 1027 2267 1095 (I
2293 1031 2416 1084 Cor.
2449 1047 2508 1096 ιι,
2541 1031 2616 1100 9).
2649 1034 2873 1104 Moyses
2900 1033 3075 1102 (Deut.
3109 1050 3184 1099 1x,
3213 1033 3268 1102 9)
3299 1035 3355 1086 et
3409 1030 3553 1086 Elias
3579 1031 3662 1102 (III
3692 1032 3800 1100 Reg.

2217 1134 2334 1183 xxx,
2366 1120 2422 1186 8)
2473 1120 2859 1192 quadraginta
2915 1120 3122 1176 diebus
3171 1121 3574 1192 jejunaverunt
3609 1135 3664 1175 ac
3711 1136 3798 1174 no-

2218 1205 2425 1262 ctibus.
2458 1207 2575 1263 Hoc
2607 1208 2911 1264 hominum
2946 1215 3154 1266 natura
3171 1227 3283 1265 non
3313 1210 3540 1282 patitur,
3557 1208 3644 1263 sed
3671 1207 3799 1279 quod

2220 1293 2443 1350 homini
2481 1301 2636 1352 444
2670 1297 3053 1370 impossibille
3082 1302 3190 1361 est.
3215 1299 3331 1354 Deo
3350 1295 3686 1370 impossibile
3709 1311 3807 1351 non

2218 1389 2308 1439 est
2336 1385 2487 1440 sicut
2516 1385 2614 1458 qui
2652 1387 2850 1442 futura
2879 1388 3155 1460 praedicit,
3191 1405 3306 1443 non
3363 1387 3588 1442 interest
3637 1387 3807 1439 utrum

2219 1477 2351 1544 post
2380 1474 2579 1530 decem
2639 1493 2843 1542 annos,
2873 1481 2974 1531 aut
3030 1480 3160 1550 post
3188 1479 3419 1532 centum
3477 1474 3655 1529 futura
3699 1488 3808 1545 pro-

2219 1561 2466 1631 nuntiet,
2499 1563 2639 1635 quia
2657 1581 2774 1619 una
2803 1569 2891 1620 est
2919 1564 3162 1620 scientia
3188 1565 3513 1629 futurorum
3563 1579 3575 1617 :
3621 1561 3695 1616 sic
3722 1559 3806 1632 qui

2218 1651 2609 1723 quadraginta
2639 1653 2845 1708 diebus
2877 1657 3069 1726 potest
3089 1655 3361 1725 jejunare
3389 1656 3444 1708 et
3481 1650 3660 1715 vivere,
3703 1647 3809 1703 imo

2218 1755 2333 1794 non
2367 1745 2555 1812 potest
2575 1743 2868 1812 jejunare,
2904 1744 3003 1798 sed
3037 1743 3176 1798 vivit
3203 1743 3418 1797 virtute
3446 1740 3569 1808 Dei;
3591 1741 3640 1793 et
3665 1739 3809 1792 eter-

2217 1845 2291 1884 no
2321 1832 2582 1902 tempore
2611 1831 2833 1902 poterit
2889 1831 3112 1903 absque
3158 1847 3295 1887 esca
3349 1833 3405 1885 et
3453 1831 3576 1901 potu
3619 1825 3806 1880 vivere.

2214 1917 2400 1981 Quare
2423 1918 2615 1974 favum
2646 1920 2900 1975 comedit
2920 1919 3206 1976 Dominus
3226 1920 3255 1974 ?
3288 1920 3355 1975 Ut
3377 1914 3806 1974 resurrectionem

2214 2007 2520 2078 probaret;
2556 2024 2671 2063 non
2706 2014 2769 2063 ut
2799 2008 2918 2064 tuis
2949 2009 3217 2064 faucibus
3251 2007 3424 2063 mella
3473 2003 3807 2078 permitteret.

2212 2095 2435 2151 Piscem
2468 2096 2526 2150 in
2560 2097 2764 2168 prunis
2797 2115 2998 2153 assum
3031 2098 3216 2169 petiit,
3262 2101 3326 2152 ut
3356 2095 3666 2151 dubitantes
3693 2106 3816 2145 con-

2213 2185 2471 2240 ﬁrmaret
2500 2187 2818 2257 apostolos,
2853 2187 2953 2258 qui
2983 2187 3055 2241 ad
3087 2185 3257 2240 illum
3294 2185 3555 2241 accedere
3598 2197 3703 2236 non
3729 2194 3816 2233 au-

2211 2273 2446 2342 debant,
2479 2275 2636 2344 quod
2691 2279 2966 2346 putarent
3011 2291 3074 2330 se
3129 2274 3414 2346 spiritum
3463 2271 3656 2333 videre,
3711 2282 3815 2322 non

2211 2378 2422 2432 corpus
2454 2366 2638 2432 (Joan,
2659 2381 2773 2428 XXI,
2793 2365 2848 2434 9)
2878 2362 3345 2436 Archisynagogi
3373 2361 3490 2416 filia
3516 2356 3814 2421 suscitatur,

2214 2455 2271 2505 et
2299 2451 2497 2506 cibum
2529 2452 2738 2523 accipit
2769 2453 2952 2523 (Marc.
2986 2452 3042 2520 v)
3077 2469 3090 2506 :
3123 2451 3381 2506 Lazarus
3437 2445 3817 2520 quatriduanus

2210 2545 2478 2597 mortuus
2499 2541 2774 2613 resurgit,
2807 2544 2864 2597 et
2883 2541 3176 2613 prandens
3207 2540 3508 2596 inducitur
3532 2539 3704 2610 (Joan.
3732 2533 3816 2602 x1):

2211 2646 2324 2684 non
2357 2629 2495 2700 quia
2557 2629 2711 2701 apud
2742 2628 2960 2684 inferos
3015 2627 3339 2699 esuriebat,
3397 2627 3493 2684 sed
3549 2623 3640 2697 qui
3694 2620 3819 2676 difﬁ-

2209 2716 2398 2772 cultas
2425 2718 2617 2788 operis
2639 2717 3153 2790 scrupulositatem
3177 2717 3316 2772 fidei
3341 2714 3673 2789 requirebat.
3696 2712 3819 2776 Quo-

2209 2807 2383 2862 modo
2411 2823 2575 2861 veras
2610 2823 2820 2861 manus
2871 2809 2928 2861 et
2974 2821 3174 2860 verum
3229 2805 3487 2861 ostendit
3539 2802 3702 2866 latus,
3752 2797 3818 2853 ita

2207 2910 2336 2949 vere
2367 2894 2618 2948 comedit
2645 2910 2776 2948 cum
2812 2892 3155 2965 discipulis;
3185 2909 3323 2949 vere
3371 2889 3677 2948 ambulavit
3702 2901 3816 2942 cum

2204 2982 2456 3055 Cleopha
2481 2999 2494 3038 :
2526 2999 2659 3038 vere
2688 2982 2890 3054 lingua
2918 2982 3148 3038 locutus
3171 2985 3260 3037 est
3290 2999 3426 3037 cum
3449 2977 3762 3036 hominibus
3805 2990 3815 3038 ;

2206 3089 2340 3126 vero
2372 3071 2643 3126 accubitu
2675 3070 2972 3126 discubuit
3021 3071 3079 3125 in
3139 3087 3307 3126 cmna
3335 3089 3349 3138 ;
3381 3071 3528 3125 veris
3579 3064 3819 3123 manibus

447 3131 623 3234 quem
649 3165 838 3217 totum
869 3131 1158 3214 nascendo
1189 3163 1545 3229 susceperat.
1576 3159 1737 3213 Tunc
1794 3159 1916 3214 ovis
1962 3131 2090 3232 qua;
2124 3131 2166 3197 δ
2205 3161 2358 3232 cepit
2386 3175 2619 3231 panem,
2676 3158 2990 3225 benedixit,
3050 3175 3116 3213 ac
3173 3131 3371 3230 fregit,
3427 3163 3485 3214 et
3529 3152 3827 3228 porrigebat

445 3251 782 3324 perierat,et
804 3250 861 3304 in
895 3248 1268 3304 inferioribus
1318 3248 1647 3314 oberrabat,
1672 3248 1935 3306 humeris
1965 3252 2087 3308 Sal-

444 3340 660 3396 vatoris
684 3344 805 3394 tota
823 3338 1230 3411 portabiturzet
1247 3355 1374 3408 quae
1397 3336 1940 3410 peccatislanguida
1960 3340 2086 3409 fuit,

445 3428 752 3484 clementia
768 3427 986 3499 judicis
1009 3425 1433 3482 sustentabitur
1453 3427 1601 3497 (Luc.
1626 3428 1735 3498 xv),
1756 3428 1918 3482 Tunc
1939 3429 2090 3485 vide-

442 3517 592 3572 bunt
619 3516 787 3571 illum
819 3515 918 3587 qui
949 3519 1436 3586 compunxerunt,
1480 3515 1578 3585 qui
1611 3515 2012 3572 clamaverunt
2072 3537 2084 3574 :

443 3627 472 3654 «
505 3605 1089 3676 Crucifige,cruciﬁge
1118 3603 1289 3658 talem
1315 3604 1471 3675 (Joan
1492 3621 1586 3657 x1x
1616 3605 1693 3674 6).
1727 3628 1754 3654 ››
1790 3605 2003 3661 Tribus
2033 3612 2090 3662 et

439 3693 632 3749 tribus
659 3694 883 3748 caedent
911 3697 1163 3765 pectora,
1193 3692 1304 3764 ispi
1327 3698 1384 3747 et
1415 3692 1687 3748 mulieres
1718 3710 1939 3750 eorum.
1974 3696 2087 3750 Illae

441 3781 738 3851 mulieres,
763 3783 978 3852 quibus
1009 3781 1292 3836 Dominus
1323 3781 1556 3837 locutus
1577 3787 1667 3837 est
1695 3798 1928 3838 crucem
1960 3802 2092 3856 por-

440 3871 573 3922 tans
607 3886 618 3923 :
655 3892 680 3917 ‹‹
711 3869 864 3923 Filia:
894 3869 1235 3934 Jerusalem,
1272 3868 1449 3925 nolite
1479 3870 1615 3926 ﬂere
1655 3887 1830 3942 super
1860 3889 1954 3927 me
1985 3875 2086 3929 sed

440 3973 619 4028 super
637 3973 735 4012 vos
759 3958 971 4024 ﬂete,et
991 3975 1167 4028 super
1189 3958 1336 4013 filios
1357 3963 1578 4014 vestros
1599 3959 2031 4029 (Luc.xxm,28).
2056 3984 2085 4011 ››

437 4044 600 4101 Tunc
630 4045 970 4118 angelorum
999 4045 1337 4101 vaticinium
1368 4046 1777 4118 complebitur,
1810 4050 1908 4120 qui
1956 4054 2077 4105 stu-

434 4135 705 4205 pentibus
738 4134 1018 4207 apostolis
1075 4136 1095 4168 ²
1153 4139 1292 4191 sunt
1338 4135 1513 4191 locuti
1549 4153 1560 4191 :
1596 4160 1622 4186 «
1666 4136 1781 4192 Viri
1839 4137 2082 4205 Galilei,

430 4223 571 4293 quid
605 4225 770 4280 statis
817 4228 1120 4296 stupentes
1153 4225 1210 4279 in
1269 4223 1502 4292 coelum,
1536 4225 1630 4279 hic
1683 4225 1858 4280 Jesus
1912 4226 2007 4295 qui
2049 4243 2082 4282 a

427 4312 593 4369 vobis
625 4318 971 4384 assumptus
1004 4314 1171 4369 estin
1205 4313 1431 4380 caelum,
1475 4313 1558 4368 sic
1615 4312 1826 4379 veniet,
1876 4330 2080 4384 quem-

423 4401 742 4456 admodum
777 4401 974 4457 vidisti
1005 4419 1138 4456 eum
1171 4406 1405 4457 euntem
1468 4401 1524 4456 in
1583 4400 1795 4455 cmlum
1854 4403 1986 4469 (Act.
2040 4421 2077 4471 ι,

2199 3248 2334 3304 illis.
2368 3249 2530 3312 Quod
2562 3251 2758 3304 autem
2792 3249 2865 3303 ab
2897 3246 3084 3303 oculis
3110 3251 3348 3318 repente
3385 3243 3636 3311 evanuit,
3663 3241 3822 3296 virtus

2199 3337 2297 3392 Dei
2338 3341 2446 3402 est,
2507 3352 2621 3390 non
2683 3335 2904 3391 umbrae
2964 3334 3425 3406 phantasmatis.
3493 3329 3742 3403 Alioquin
3776 3329 3825 3380 et

2197 3430 2330 3480 ante
2361 3424 3008 3492 resurrectionem,cum
3036 3423 3386 3478 eduxissent
3411 3439 3544 3478 eum
3577 3421 3640 3475 de
3668 3417 3822 3473 Naza-

2198 3514 2348 3581 reth,
2380 3517 2445 3568 ut
2475 3512 2901 3585 praecipitarent
2931 3513 3001 3568 de
3041 3510 3351 3584 supercilio
3391 3511 3624 3574 montis,
3648 3511 3822 3561 trans—

2197 3603 2302 3658 ivit
2333 3618 2436 3675 per
2467 3603 2712 3667 medios,
2748 3602 2804 3656 id
2837 3606 2947 3666 est,
2969 3601 3205 3672 elapsus
3235 3605 3325 3657 est
3355 3602 3432 3658 de
3462 3599 3719 3656 manibus
3745 3608 3824 3648 eo-

2197 3708 2350 3747 rum.
2384 3691 2662 3764 Nunquid
2685 3691 2858 3762 juxta
2887 3690 3243 3746 Marcionem
3272 3689 3471 3746 dicere
3514 3698 3822 3761 possumus,

2197 3781 2350 3853 quod
2386 3780 2514 3835 ideo
2546 3779 2822 3835 nativitas
2881 3781 3008 3850 ejus
3065 3779 3125 3834 in
3184 3779 3596 3851 phantasmate
3649 3769 3824 3836 fuerit,

2194 3871 2334 3942 quia
2365 3874 2565 3924 contra
2595 3875 2868 3924 naturam
2899 3869 2998 3940 qui
3031 3867 3363 3934 tenebatur,
3446 3867 3667 3938 elapsus
3693 3857 3827 3916 est?

2193 3959 2355 4023 Quod
2391 3958 2577 4032 magis
2606 3957 2760 4025 licet,
2793 3957 2901 4012 hoc
2931 3956 3176 4012 Domino
3225 3973 3343 4012 non
3379 3954 3561 4014 licet?
3604 3946 3822 4022 Apollo-

2195 4047 2330 4102 nius
2351 4047 2619 4118 Tyaneus
2642 4046 2917 4101 scribitur
2938 4062 3068 4100 cum
3089 4049 3223 4100 ante
3243 4045 3638 4101 Domitianum
3658 4037 3827 4095 staret

2193 4135 2250 4188 in
2286 4135 2654 4200 consistorio,
2688 4138 2925 4206 repente
2954 4150 3069 4188 non
3129 4134 3556 4205 comparuisse.
3585 4127 3706 4185 Noli
3732 4140 3824 4197 po-

2190 4222 2446 4277 tentiam
2481 4221 2714 4277 Domini
2747 4237 3054 4295 magorum
3086 4220 3403 4293 praestigiis
3433 4213 3829 4290 adaequare,ut

2189 4311 2466 4366 videatur
2488 4310 2670 4366 fuisse
2701 4311 2858 4381 quod
2890 4327 3007 4365 non
3039 4309 3229 4375 fuit,et
3253 4314 3499 4381 putetur
3527 4303 3832 4364 comedisse

2188 4400 2316 4456 sine
2347 4398 2643 4464 dentibus,
2679 4398 3018 4454 ambulasse
3083 4398 3210 4454 sine
3266 4397 3542 4470 pedibus,
3601 4392 3833 4466 fregisse

425 4489 534 4559 11).
554 4511 581 4536 ››
607 4489 784 4551 Quale
805 4495 894 4544 est
925 4491 1366 4554 autem,idcirco
1393 4489 1583 4546 dicere
1606 4489 1921 4545 Dominum
1947 4496 2079 4562 post
2107 4497 2154 4561 Β
2186 4504 2397 4561 panem
2429 4487 2554 4543 sine
2585 4488 2882 4555 manibus,
2910 4487 3142 4544 locutus
3174 4503 3302 4543 esse
3333 4485 3462 4543 sine
3492 4487 3694 4559 lingua
3719 4483 3754 4548 ‘,
3778 4481 3830 4534 et

424 4577 909 4632 resurrectionem
937 4579 1322 4650 quadraginta
1337 4577 1543 4634 diebus
1565 4577 1921 4635 comedisse3
1935 4595 2070 4636 cum

426 4664 730 4738 apostolis,
767 4681 836 4720 ne
868 4665 1219 4737 phantasma
1245 4670 1551 4738 putaretur
1574 4666 1735 4736 (Ibid.
1767 4667 1822 4736 3)
1850 4685 1862 4734 ;
1887 4669 2072 4725 ethoc

423 4753 620 4828 ipsum
652 4755 804 4827 quod
835 4754 1107 4818 comedit,
1142 4755 1200 4809 in
1233 4769 1406 4809 carne
1436 4759 1492 4810 et
1519 4755 1576 4809 in
1600 4755 1882 4813 membris
1911 4758 2073 4815 visus

423 4846 534 4912 est,
569 4844 627 4899 in
655 4843 1062 4916 phantasmate
1122 4843 1468 4899 confirmare
1500 4844 1527 4899 ?
1555 4847 1670 4899 Aut
1724 4861 1924 4902 verum
1985 4851 2074 4902 est

423 4933 579 5002 quod
611 4933 933 5000 videbatur,
967 4938 1068 4988 aut
1099 4932 1334 4989 falsum.
1399 4933 1459 4988 Si
1518 4949 1718 4988 verum
1772 4940 1881 5004 est,
1935 4951 2070 5007 ergo

418 5033 553 5073 vere
585 5021 854 5090 comedit,
891 5026 947 5077 et
976 5039 1106 5078 vero
1163 5022 1431 5078 membra
1483 5021 1710 5078 habuit.
1765 5023 1826 5078 Si
1876 5027 2066 5079 autem

417 5103 658 5177 falsum,
691 5111 982 5179 quomodo
1015 5126 1106 5166 res
1149 5110 1329 5167 falsas
1386 5111 1692 5168 ostendere
1745 5110 1947 5177 voluit,
2009 5117 2074 5167 ut

417 5279 643 5406 “inille
670 5285 844 5352 atque
873 5283 1026 5340 infra
1054 5294 1389 5345 constanter
1416 5291 1593 5344 codex
1622 5289 1681 5346 S.
1710 5289 1912 5345 Crucis
1958 5291 2068 5360 [ul-

486 5423 515 5503 "
540 5421 936 5503 Emandamus
968 5443 1033 5503 ac
1062 5427 1408 5503 supplemus
1437 5447 1505 5484 ex
1537 5446 1646 5484 ms.
1709 5431 1766 5485 S.
1820 5431 2018 5487 Crucis
2056 5451 2067 5498 ;

421 5497 594 5576 antea
623 5496 774 5576 enim
800 5496 1101 5576 obtinebat
1131 5496 1470 5576 imperfecto
1488 5496 2073 5576 sensu,qui_stupentié

421 5565 516 5622 bus
547 5565 799 5640 apostolis
859 5572 1078 5625 euntem
1127 5569 1187 5623 in
1217 5565 1420 5625 emtum
1467 5565 1746 5629 dixerunt.
1782 5565 2073 5632 Emenda-

2184 4578 2340 4633 latus
2371 4581 2738 4632 monstrasse
2771 4576 2898 4632 sine
2929 4577 3128 4633 costis.

2250 4668 2319 4721 35
2376 4666 2444 4720 Et
2504 4666 2819 4736 quomodo,
2892 4664 3145 4737 inquies,
3221 4681 3335 4720 non
3409 4659 3830 4737 cognoscebant

2181 4772 2313 4812 eum
2344 4754 2405 4809 in
2459 4753 2686 4821 itinere,
2743 4754 2792 4810 si
2851 4753 3050 4826 ipsum
3101 4753 3352 4809 habebat
3409 4769 3626 4825 corpus
3684 4744 3828 4821 quod

2181 4848 2318 4900 ante
2350 4843 2600 4899 habuit?
2624 4843 2774 4898 Audi
2831 4843 3191 4916 Scripturam
3237 4841 3529 4898 dicentem
3563 4858 3576 4896 :
3615 4862 3644 4890 «
3677 4832 3829 4895 Oculi

2181 4950 2388 4990 eorum
2446 4933 2818 5002 tenebantur,
2897 4949 2970 4988 ne
3043 4947 3179 4987 eum
3241 4927 3629 5004 agnoscerent
3685 4926 3825 4999 (Luc.

2179 5041 2334 5092 xxxv,
2369 5023 2477 5094 46).
2513 5044 2540 5072 ››
2572 5023 2640 5078 Et
2662 5038 2901 5078 rursum
2938 5038 2950 5076 :
2988 5042 3015 5069 »
3045 5020 3242 5092 Aperti
3266 5023 3404 5076 sunt
3421 5016 3575 5075 oculi
3608 5027 3826 5076 eorum,

2179 5117 2237 5168 et
2265 5116 2660 5186 cognoverunt
2705 5127 2839 5166 eum
2872 5110 3029 5182 (Ibid.
3089 5109 3202 5181 31).
3256 5130 3285 5159 ι»
3344 5105 3625 5178 Nunquid
3685 5101 3828 5158 alius

2181 5290 2356 5362 tionis
2387 5289 2598 5362 veritas
2628 5302 2698 5342 ex
2727 5287 2853 5362 ipso
2879 5291 3152 5362 contextu
3184 5287 3386 5362 liquet.
3611 5354 3651 5362 _
3702 5351 3712 5362 ι

2251 5362 2272 5395 ³
2301 5360 2556 5416 Verbum
2613 5349 2901 5414 comedisse
2949 5359 3008 5414 in
3039 5375 3150 5415 ms.
3183 5349 3568 5415 desideratur.
3611 5349 3831 5410 Deinde

2182 5433 2454 5493 habetur.
2484 5438 2582 5485 aut
2609 5445 2799 5484 verum
2830 5434 2905 5485 est
2934 5431 3074 5501 quod
3102 5431 3328 5500 dicitur,
3370 5437 3467 5485 aut
3493 5426 3728 5500 falsum,
3762 5434 3830 5478 ne

2185 5501 2531 5558 singillatim
2553 5517 2781 5557 errores
2812 5503 3261 5558 amanuensium
3303 5514 3645 5558 memorem.

2258 5572 2418 5629 ‘Ms.
2454 5572 2583 5629 Sine
2613 5573 2808 5643 lingua
2835 5579 2889 5632 et
2912 5575 3106 5645 capite,
3129 5581 3181 5632 et
3206 5575 3368 5646 tam,
3397 5575 3505 5630 etc.
