4094 6166
331 247 452 322 Ιοῦ

1446 251 1757 322 CONTRA
1797 249 2167 322 JOANNEM
2210 241 2632 320 HIEBOSOU.‘

3617 239 3738 325 406

331 390 447 450 fuit
470 381 710 464 quando
740 383 893 450 M5
927 405 1044 450 non
1069 392 1518 467 agnoscebatur,
1541 398 1598 450 et
1627 392 1778 449 alius
1803 408 1982 464 quan-
2008 393 2066 460 Α
2164 390 2256 447 36.
2302 391 2636 445 Marcionita
2682 387 2999 460 disputatio.
3033 417 3101 430 —-
3141 381 3252 446 Oro
3297 389 3352 446 te
3375 385 3414 458 ‘,
3465 379 3567 461 qui
3617 389 3741 444 tan-

331 482 410 538 do
453 481 695 555 agnitus
725 480 862 537 est?
890 481 1056 537 Certe
1105 499 1259 537 unus
1303 486 1477 554 atque
1517 482 1671 537 idem
1706 486 1846 538 erat.
1881 481 1986 536 Co-

331 587 620 647 gnoscere
659 586 821 642 ergo,
853 574 910 625 et
952 587 1065 625 non
1099 587 1466 642 cognoscere,
1500 570 1802 626 oculorum
1858 571 1984 636 fuit,

330 677 453 718 non
482 661 614 732 ejus
644 659 748 731 qui
777 659 1259 726 videbatur,licet
1277 663 1334 714 et
1366 659 1552 731 ipsius
1577 659 1986 714 fuerit.Oculos

333 749 502 807 enim
542 749 779 804 tenebat
831 764 1056 812 eorum,
1089 765 1160 802 ne
1200 765 1262 803 se
1293 753 1690 821 agnoscerent.
1726 749 1987 819 Denique

339 843 414 896 ut
461 839 612 894 scias
665 853 917 892 errorem
974 835 1073 908 qui
1126 837 1470 892 versabatur
1518 836 1577 890 in
1625 838 1836 903 medio,
1871 854 1984 892 non

345 927 606 1000 corporis
634 924 882 991 Domini,
918 925 1020 980 sed
1051 925 1353 980 oculorum
1386 925 1567 981 fuisse
1598 927 1932 982 clausorum
1971 944 1982 981 :

352 1041 374 1068 ι
397 1015 590 1088 Aperti
621 1020 760 1069 sunt
791 1013 944 1068 oculi
1001 1030 1226 1077 eorum,
1259 1014 1474 1086 inquit,
1505 1020 1564 1070 et
1593 1018 1988 1086 cognoverunt

333 1121 471 1163 eum
504 1105 684 1176 (Joan.
716 1107 830 1170 xx).
874 1126 894 1152 ι
931 1103 1093 1158 Unde
1122 1108 1178 1158 et
1208 1103 1391 1158 Maria
1422 1103 1759 1174 Magdalene
1797 1120 1986 1174 quan-

329 1195 434 1251 diu
465 1209 586 1248 non
618 1192 973 1264 agnoscebat
1000 1191 1224 1256 Jesum,
1258 1195 1314 1246 et
1343 1192 1534 1246 vivum
1569 1192 1863 1263 quaerebat
1893 1193 1984 1245 in-

328 1288 420 1340 ter
451 1286 743 1346 mortuos,
777 1279 1157 1335 hortulanum
1190 1281 1447 1351 putabat.
1481 1281 1778 1351 Agnoscit,
1808 1285 1864 1335 et
1885 1281 1985 1335 Do-

326 1371 567 1428 minum
616 1373 802 1426 vocat.
855 1369 990 1424 Post
1046 1369 1531 1425 resurrectionem
1579 1371 1748 1425 Jesus
1796 1370 1989 1424 stabat

325 1461 390 1516 in
422 1459 649 1525 littore,
680 1456 955 1529 discipuli
987 1457 1046 1511 in
1079 1457 1208 1512 navi
1241 1461 1426 1512 erant.
1461 1457 1693 1513 Creteris
1723 1475 1838 1513 non
1861 1473 1988 1528 cog-

331 1549 721 1606 noscentibus
751 1563 910 1613 eum,
945 1546 1084 1601 dicit
1126 1545 1454 1617 discipulus
1487 1562 1657 1617 quem
1708 1547 1989 1617 diligebat

329 1637 532 1708 Jesus,
582 1637 772 1702 Petro,
798 1658 826 1684 ‹‹
861 1635 1145 1690 Dominus
1193 1639 1282 1689 est
1325 1635 1500 1705 (Join.
1534 1653 1650 1702 xxx,
1681 1638 1737 1701 7)
1767 1657 1793 1683 »
1827 1635 1990 1690 Prior

331 1726 495 1782 enim
526 1724 838 1797 virginitas
892 1722 1175 1795 virginale
1214 1739 1426 1794 corpus
1460 1724 1474 1756 ²
1510 1724 1792 1795 agnoscit.
1830 1724 1984 1779 Idem
2020 1759 2067 1824 B

333 1820 481 1881 erat,
514 1817 573 1869 et
612 1829 730 1868 non
777 1812 933 1867 idem
989 1812 1262 1867 omnibus
1310 1812 1633 1867 videbatur.
1665 1811 1988 1884 Statimque

333 1903 764 1975 subjungitnr:
801 1924 827 1949 ‹‹
863 1900 932 1954 Et
963 1917 1132 1956 nemo
1164 1901 1414 1955 audebat
1443 1899 1800 1973 interrogare
1830 1917 1985 1955 eum.

331 1993 431 2048 Tu
460 1991 595 2063 quis
633 2006 694 2045 es
713 1989 742 2043 ?
771 1989 1023 2044 scientes
1053 1989 1206 2059 quod
1232 1987 1616 2044 Dominusest
1637 1989 1790 2058 (Ibid.
1826 1991 1934 2060 12).
1961 2013 1988 2038 ››

342 2079 538 2134 Nemo
567 2078 824 2143 audebat,
860 2077 1001 2148 quia
1049 2081 1228 2131 Deum
1279 2076 1559 2131 sciebant.
1594 2076 1991 2132 Vescebantur

347 2184 490 2223 cum
522 2166 847 2238 prandente,
866 2165 1006 2236 quia
1025 2163 1324 2219 hominem
1357 2172 1413 2219 et
1439 2181 1672 2219 carnem
1693 2165 1988 2231 videbant,

340 2273 465 2312 non
500 2255 651 2327 quod
681 2255 826 2309 alter
855 2253 1191 2320 Dens,aller
1220 2253 1396 2308 homo
1418 2258 1592 2318 esset,
1611 2255 1710 2308 sed
1740 2271 1894 2308 unus
1909 2259 1990 2308 at-

331 2361 454 2418 que
475 2344 634 2399 idem
649 2342 830 2398 Filius
846 2341 942 2398 Dei
961 2343 1420 2414 cognoscebatnr
1432 2346 1496 2395 ut
1511 2341 1990 2407 homo,adoraba-

324 2439 436 2490 tur
454 2436 524 2488 ut
547 2433 718 2488 Deus.
731 2431 961 2487 Scilicet
983 2448 1138 2486 nunc
1157 2430 1301 2484 mihi
1325 2430 1861 2502 philosophandum
1881 2435 1986 2495 est,

327 2524 595 2579 incertos
626 2536 755 2576 esse
778 2537 989 2575 sensus
1019 2523 1345 2584 nostros,et
1368 2519 1618 2574 maxime
1639 2519 1848 2576 visum.
1865 2519 1991 2574 Car-

325 2611 555 2668 neades
586 2609 800 2681 aliquis
831 2609 901 2664 ab
935 2608 1136 2663 inferis
1158 2608 1518 2675 excitandus,
1536 2612 1599 2663 ut
1622 2611 1876 2679 proferat
1894 2626 1987 2663 ve-

326 2701 524 2756 rum’.
548 2699 799 2755 Remum
835 2698 890 2752 in
926 2714 1077 2768 aqua
1099 2698 1342 2753 fractum
1376 2696 1579 2763 videri,
1604 2698 1991 2768 porticuslon-

325 2789 471 2863 gius
501 2788 902 2860 angustiores,
920 2787 1203 2841 rotundos
1225 2785 1425 2857 procul
1443 2785 1693 2840 turrium
1719 2786 1987 2858 angulos,

327 2877 753 2935 columbarum
773 2873 922 2930 colla
941 2875 1012 2929 ad
1035 2874 1298 2946 singulas
1317 2873 1720 2929 COuversiones
1737 2875 1988 2930 colorem

329 2963 653 3022 mutantia.
688 2964 832 3018 Cum
885 2962 1082 3018 Rhode
1108 2963 1344 3018 Petrum
1385 2961 1702 3030 nuntiaret,
1749 2967 1805 3018 et
1852 2981 1987 3035 apo-

326 3054 505 3112 stolis
535 3054 756 3109 diceret
789 3052 926 3122 (Act.
956 3052 1078 3123 xu),
1111 3052 1183 3106 ob
1221 3050 1459 3123 periculi
1522 3052 1986 3124 magnitudinem

2097 479 2173 536 tis
2223 484 2427 535 contra
2478 478 2962 535 resurrectionem
3012 478 3192 534 uteris
3238 478 3622 553 argumentis,
3676 478 3742 534 ut

2098 569 2445 641 simpliciter
2489 585 2717 624 mecum
2769 568 3028 640 loquaris
3056 570 3095 622 ³.
3131 568 3328 624 Credis
3375 586 3506 625 vere
3544 566 3740 624 Domi-

2098 674 2241 712 num
2273 657 2679 724 resurrexisse,
2712 658 2770 712 in
2801 659 3004 712 eodem
3036 673 3151 728 quo
3180 661 3466 722 mortuus,
3501 673 3615 729 quo
3650 672 3741 713 se-

2097 745 2298 818 pultus
2346 751 2434 800 est
2492 762 2752 817 corpore,
2787 762 2982 800 annon
3040 744 3270 800 credis?
3291 744 3350 800 Si
3393 745 3607 814 credis,
3638 762 3743 800 cur

2099 834 2212 890 ista
2262 835 2538 907 proponis
2588 851 2691 905 per
2738 851 2861 906 qua:
2911 834 3255 890 resurrectio
3285 833 3652 906 denegatur?
3681 833 3742 890 Si

2097 941 2212 979 non
2247 924 2456 989 credis,
2491 923 2589 994 qui
2624 922 2704 978 ita
2733 923 3141 994 imperitorum
3173 922 3356 978 laetas
3404 921 3652 987 animas,
3685 923 3744 977 et

2098 1013 2579 1067 resurrectionem
2614 1028 2780 1066 casso
2812 1012 3046 1066 nomine
3077 1011 3367 1067 ventilas?
3398 1011 3533 1067 andi
3555 1013 3596 1064 ⁵.
3630 1015 3743 1065 Nn-

2098 1117 2201 1172 per
2232 1101 2300 1155 de
2355 1100 2667 1155 Marcionis
2715 1101 2953 1171 quidam
3003 1100 3203 1156 schola
3236 1119 3248 1155 :
3281 1100 3396 1166 Vae,
3431 1100 3642 1173 inquit,
3667 1099 3740 1167 ei,

2098 1190 2198 1260 qui
2251 1189 2308 1244 in
2361 1189 2470 1244 hac
2515 1206 2707 1256 carne,
2741 1194 2796 1244 et
2841 1189 2899 1243 in
2933 1189 3028 1244 his
3075 1189 3309 1244 ossibus
3337 1190 3740 1245 resurrexerit.

2099 1279 2372 1333 Gaudens
2403 1278 2637 1332 animus
2665 1277 2866 1332 statim
2899 1277 3097 1332 intulit
3127 1295 3140 1332 :
3167 1300 3193 1326 «
3228 1277 3561 1350 Consepulti
3584 1278 3743 1333 enim

2099 1383 2330 1431 sumus,
2358 1372 2413 1422 et
2444 1367 2921 1421 consurreximus
2961 1383 3096 1421 cum
3126 1366 3355 1422 Christo
3401 1383 3504 1438 per
3545 1366 3740 1438 bapti-

2099 1472 2294 1510 smum
2326 1456 2346 1487 "
2376 1457 2548 1525 (Rom.
2599 1473 2675 1522 v1,
2720 1456 2792 1525 4).
2847 1454 3082 1523 Animae,
3117 1472 3189 1510 an
3238 1454 3430 1510 carnis
3483 1471 3742 1510 resurre-

2099 1544 2349 1598 ctionem
2401 1543 2590 1597 dicis?
2621 1543 2934 1614 Respondi,
2970 1560 3082 1598 non
3133 1542 3318 1598 solius
3375 1543 3606 1610 animae,
3639 1542 3742 1598 sed

2100 1632 2312 1700 carnis,
2345 1649 2474 1703 quae
2523 1648 2657 1686 cum
2697 1632 2894 1686 anima
2942 1632 3271 1687 renascitur
3299 1631 3356 1686 in
3389 1632 3639 1687 lavacro.
3675 1631 3746 1685 Et

2100 1720 2392 1792 quomodo
2425 1720 2658 1792 peribit,
2684 1736 2808 1791 qua
2842 1719 2902 1774 in
2934 1719 3162 1774 Christo
3212 1723 3413 1774 renata
3441 1721 3570 1774 est?
3598 1718 3745 1784 Quia

2099 1808 2383 1880 scriptum
2411 1813 2518 1875 est,
2554 1809 2634 1863 ait
2667 1825 2677 1862 :
2705 1832 2732 1856 «
2767 1810 2909 1864 Caro
2960 1812 3016 1862 et
3046 1807 3288 1880 sanguis
3347 1824 3590 1880 regnum
3640 1806 3742 1863 Dei

2098 1915 2214 1954 non
2264 1897 2649 1968 possidebunt
2679 1897 2726 1966 (l
2749 1899 2872 1953 Cor.
2903 1914 2993 1964 xv,
3034 1897 3146 1968 50).
3182 1917 3210 1945 ››
3260 1898 3525 1962 Attende,
3575 1896 3743 1952 obse-

2098 2003 2194 2041 cro
2226 1991 2300 2051 te,
2334 1987 2485 2057 quod
2521 1985 2754 2052 dicitur,
2779 2007 2805 2035 ι(
2836 1985 2978 2040 Caro
3010 1989 3066 2040 et
3098 1986 3340 2057 sanguis
3372 2001 3617 2058 regnum
3641 1984 3744 2051 Dei

2099 2092 2212 2130 non
2261 2075 2662 2147 possidebunt.
2701 2098 2727 2122 ››
2767 2074 3042 2144 Nunquid
3092 2091 3207 2129 non
3253 2077 3601 2147 resurgent?
3627 2075 3742 2129 Ab-

2099 2164 2176 2218 sit
2221 2182 2234 2231 ;
2282 2164 2382 2218 sed
2433 2180 2546 2217 non
2599 2163 3001 2234 possidebunt.
3055 2167 3241 2229 Quare
3298 2179 3413 2217 non
3479 2163 3744 2234 posside-

2099 2252 2287 2307 bunt?
2325 2252 2489 2317 Quia,
2541 2251 2828 2322 sequitur,
2881 2273 2907 2299 «
2956 2267 3143 2320 neque
3204 2251 3498 2322 corruptio
3560 2251 3746 2306 incor-

2098 2341 2429 2412 ruptionem
2484 2339 2808 2410 possidebit
2872 2339 3076 2409 (Ibid)
3115 2360 3142 2387 ››
3187 2337 3414 2393 Tandiu
3453 2354 3590 2410 ergo
3654 2354 3746 2394 re-

2098 2445 2278 2501 gnum
2312 2429 2411 2483 Dei
2435 2445 2550 2482 non
2583 2427 2992 2499 possidebunt,
3031 2426 3313 2498 quamdiu
3345 2443 3478 2482 caro
3509 2429 3743 2483 tantum

2099 2517 2458 2589 sanguisque
2543 2515 2990 2587 permanserint.
3064 2519 3206 2571 Cum
3276 2518 3472 2571 autem
3539 2531 3744 2571 corru-

2100 2606 2322 2678 ptivum
2385 2605 2642 2660 induerit
2705 2603 3224 2675 incorruptionem,
3258 2609 3316 2660 et
3362 2603 3607 2660 mortale
3654 2604 3746 2659 in-

2101 2693 2291 2748 duerit
2336 2691 2834 2747 immortalitatem
2868 2692 3026 2761 (Ibid.
3059 2693 3172 2762 54),
3207 2697 3264 2747 et
3309 2691 3500 2746 lutum
3551 2685 3744 2748 carnis

2099 2782 2159 2836 in
2189 2786 2401 2837 testam
2435 2781 2607 2836 fuerit
2649 2784 2972 2847 excoctum,
3005 2797 3130 2852 qua:
3178 2780 3344 2851 prius
3392 2779 3552 2853 gravi
3601 2797 3745 2852 pon-

2100 2872 2235 2927 dere
2261 2871 2637 2942 promebatur
2669 2869 2724 2922 in
2756 2873 3000 2934 terram,
3025 2869 3275 2937 acceptis
3307 2869 3550 2940 spiritus
3599 2886 3745 2940 pen-

2099 2960 2192 3014 nis
2224 2965 2283 3014 et
2313 2957 2759 3020 immutationis,
2794 2974 2908 3012 non
2952 2956 3285 3012 abolitionis
3313 2958 3354 3023 ⁸,
3393 2974 3540 3012 nova
3563 2956 3749 3030 gloria

2098 3047 2315 3103 volabit
2345 3048 2412 3101 ad
2449 3045 2658 3101 cmlum
2695 3062 2706 3100 :
2739 3054 2795 3100 et
2825 3051 2962 3100 tunc
3005 3045 3346 3117 implebitur
3392 3045 3536 3100 illud
3589 3035 3745 3116 quod

327 3142 617 3207 evasisse,
671 3119 804 3196 noni
856 3119 1119 3206 credunt,
1172 3119 1526 3212 phantasma
1571 3119 1989 3212 suspicantur.
2025 3119 2067 3185 (ἶ
2101 3137 2386 3210 scriptum
2419 3139 2507 3191 est
2535 3151 2548 3188 :
2588 3156 2614 3184 ‹‹
2644 3134 2932 3205 Absorpta
2961 3137 3049 3188 est
3081 3151 3238 3191 mors
3264 3134 3318 3188 in
3351 3134 3612 3190 victoria.
3638 3132 3747 3188 Ubi

327 3233 514 3290 Porro
547 3230 705 3302 quod
764 3228 982 3283 clausis
1041 3229 1344 3300 ingressus
1392 3231 1480 3282 est
1509 3228 1694 3294 ostiis,
1728 3230 1990 3300 ejusdem

330 3320 575 3374 virtutis
636 3318 762 3382 fuit,
796 3318 967 3388 cujus
1001 3321 1056 3371 et
1083 3333 1152 3372 ex
1202 3316 1390 3372 oculis
1437 3333 1797 3372 evanescere.
1849 3318 1991 3390 Lyn-

331 3425 482 3464 ceus
512 3409 602 3475 (ut
650 3406 857 3462 fabula:
907 3405 1120 3475 ferunt)
1160 3405 1392 3460 videbat
1452 3409 1614 3460 trans
1664 3405 1938 3477 parietem
1978 3423 1989 3459 :

331 3496 635 3552 Dominus
661 3494 876 3550 clausis
904 3493 1091 3560 ostiis,
1126 3493 1238 3549 nisi
1272 3493 1627 3565 phantasma
1679 3495 1871 3559 fuerit,
1905 3494 1993 3548 in-

346 3587 517 3639 trare
545 3598 657 3636 non
683 3581 932 3654 poterit?
960 3581 1180 3653 Aquila:
1217 3586 1274 3637 et
1306 3583 1569 3637 vultures
1599 3583 1993 3638 transmarina

350 3671 642 3728 cadavera
684 3673 956 3726 sentiunt.
1007 3671 1271 3726 Salvator
1319 3670 1614 3742 apostolos
1665 3687 1826 3737 suos,
1881 3670 1992 3726 nisi

341 3760 574 3818 ostium
621 3760 926 3830 aperuerit,
974 3775 1088 3814 non
1139 3758 1400 3814 videbit?
1429 3758 1530 3813 Dic
1579 3758 1746 3827 mihi,
1779 3759 1986 3814 acutis~

332 3848 495 3905 sime
522 3848 870 3920 disputator,
905 3847 1043 3918 quid
1076 3851 1165 3902 est
1197 3847 1413 3917 majus,
1439 3850 1666 3902 tantam
1695 3851 1857 3902 terrai
1879 3864 1995 3902 ma-

332 3937 717 4011 gnitudinem
776 3937 1104 4008 appendere
1133 3937 1154 3969 ³
1194 3952 1369 4006 super
1409 3934 1683 4001 nihilum,
1735 3940 1791 3989 et
1821 3953 1997 4008 super

331 4042 632 4098 aquarum
693 4025 918 4081 incerta
973 4024 1224 4091 librare;
1258 4040 1332 4078 an
1376 4024 1560 4078 Deum
1614 4024 1866 4079 transire
1895 4041 1996 4095 per

323 4114 599 4172 clausam
650 4118 901 4186 portam,
954 4118 1010 4168 et
1059 4118 1388 4168 creaturam
1447 4113 1651 4167 cedere
1693 4113 1996 4167 Creatori?

321 4204 498 4271 Quod
559 4203 758 4273 majus
813 4207 921 4268 est,
955 4201 1204 4268 tribuis;
1240 4201 1394 4256 446
1427 4202 1581 4271 quod
1638 4201 1836 4257 minus
1878 4206 1988 4268 est,

330 4292 744 4350 calumniaris.
777 4291 982 4346 Petrus
1013 4307 1189 4361 super
1219 4306 1402 4361 aquas
1433 4289 1700 4344 ambulat
1732 4291 1890 4361 gravi
1943 4295 1998 4344 et

331 4381 532 4438 solido
579 4396 822 4452 corpore
869 4379 1078 4450 (Matth.
1125 4396 1242 4447 xw,
1285 4379 1394 4449 28).
1434 4377 1622 4432 Mollis
1670 4379 1830 4432 unda
1881 4395 1995 4433 non

2103 3231 2211 3294 est,
2261 3242 2440 3291 mors,
2475 3223 2766 3278 contentio
2815 3222 2964 3277 tua?
2992 3222 3091 3277 ubi
3135 3226 3242 3292 est,
3277 3239 3456 3290 mors,
3513 3220 3752 3277 aculeus

2102 3321 2240 3370 tuus
2273 3315 2425 3385 (Osee
2449 3330 2572 3379 xm,
2610 3313 2676 3365 14
2711 3328 2723 3365 :
2764 3313 2786 3366 I
2815 3311 2934 3366 Cor.
2971 3328 3060 3376 xv,
3091 3311 3228 3382 55)?
3260 3333 3287 3360 ››

2175 3404 2262 3458 37.
2294 3403 2524 3458 Joannis
2573 3402 2745 3471 Epist.
2779 3401 2848 3454 ad
2906 3399 3199 3470 Theophil.
3263 3399 3508 3457 Caesarie
3544 3404 3754 3455 metro-

2103 3494 2242 3565 polis
2296 3492 2587 3546 Palestinae
2625 3491 2822 3544 :totius
2881 3489 3122 3543 Orientis
3178 3489 3486 3544 Antiochia.
3519 3487 3754 3544 Isidorus

2099 3581 2400 3652 presbyter.
2434 3612 2500 3620 ~—
2535 3579 2888 3649 Praapostero
2919 3578 3122 3632 ordine
3152 3578 3221 3631 de
3254 3577 3587 3632 animarum
3631 3579 3756 3632 sta-

2103 3673 2166 3725 tu
2199 3673 2255 3724 et
2279 3668 2471 3723 carnis
2523 3665 2945 3722 resurrectione
2998 3665 3412 3736 respondimus
3438 3683 3455 3718 :
3490 3663 3755 3720 omissis-

2105 3775 2217 3830 que
2248 3756 2551 3828 principiis
2579 3754 2862 3825 Epistolae,
2900 3758 3020 3808 tota
3049 3753 3221 3808 nobis
3259 3757 3462 3808 contra
3488 3745 3754 3824 egregias

2103 3850 2390 3902 tractatus
2429 3845 2556 3916 ejus
2611 3844 2720 3898 fuit
2763 3842 3103 3914 disputatio.
3135 3841 3452 3898 Maluimns
3498 3842 3654 3898 enim
3685 3840 3756 3896 de

2104 3935 2206 3990 Dei
2247 3935 2442 3996 rebus,
2479 3949 2657 4004 quam
2709 3931 2779 3985 de
2830 3932 3045 3986 nostris
3099 3930 3334 4002 injuriis
3373 3931 3565 3986 dicere
3598 3945 3612 3984 :
3652 3951 3672 3978 α
3698 3927 3757 3983 Si

2105 4023 2431 4096 peccaverit
2486 4021 2661 4076 homo
2711 4019 2769 4073 in
2826 4019 3148 4084 hominem,
3183 4021 3471 4092 rogabunt
3510 4035 3614 4091 pro
3639 4031 3706 4074 eo
3737 4018 3759 4052 θ

2107 4113 2177 4168 ad
2216 4110 2550 4166 Dominum.
2585 4109 2643 4164 Si
2677 4112 2869 4163 autem
2914 4109 2972 4161 in
3021 4108 3205 4163 Deum
3248 4108 3593 4179 peccaverit,
3623 4100 3757 4177 quis

2107 4201 2297 4256 orabit
2355 4216 2457 4271 pro
2515 4215 2580 4252 eo
2632 4198 2680 4268 (I
2734 4199 2860 4266 Reg.
2898 4214 2961 4263 ιι,
2991 4196 3125 4267 25)?
3157 4218 3186 4244 »
3236 4196 3401 4250 Nunc
3450 4211 3480 4250 e
3529 4195 3757 4249 diverso

2113 4291 2259 4344 447
2295 4305 2472 4360 super
2515 4286 2713 4342 omnia
2747 4290 2977 4339 nostros
3024 4283 3387 4340 adversarios
3436 4280 3758 4338 immortali

2108 4378 2239 4433 odio
2291 4375 2704 4448 persequimur
2744 4391 2755 4426 :
2791 4371 3336 4444 blasphemantibus
3384 4371 3591 4440 Deum,
3645 4368 3756 4425 cle-

325 4470 534 4527 cedit:
566 4467 877 4542 paululum
910 4467 1053 4522 ﬁdes
1080 4467 1329 4534 dubitat,
1365 4471 1422 4520 et
1462 4465 1662 4520 statim
1722 4472 1992 4521 naturam
2030 4486 2072 4550 ι’)
2106 4471 2360 4522 mentem
2396 4464 2751 4536 porrigimus
2801 4478 3064 4516 manum.
3097 4460 3313 4550 Scribit
3354 4460 3427 4515 ad
3459 4457 3759 4550 Theophi-

323 4575 516 4618 snam
543 4574 757 4629 corpus
801 4555 1114 4628 intelligit;
1148 4559 1213 4610 nt
1264 4555 1541 4620 sciamus,
1587 4571 1766 4627 super
1814 4571 1997 4626 aquas
2033 4547 2049 4550 ’
2106 4556 2229 4610 lum
2260 4555 2599 4626 episcopum
2633 4551 2961 4622 apologiam
2985 4550 3235 4622 1°,cnjus
3265 4549 3424 4606 istud
3455 4547 3761 4617 exordium

324 4667 455 4708 non
489 4663 710 4719 corpus
739 4643 1096 4711 ambulasse,
1129 4645 1230 4700 sed
1263 4644 1457 4699 fidem.

422 4863 442 4896 ³
478 4858 583 4914 Ms.
615 4861 673 4916 S.
705 4859 909 4914 Crucis
937 4857 1316 4929 convirginale
1336 4873 1558 4929 corpus,
1585 4860 1696 4912 etc.

421 4933 446 4967 ²
471 4931 537 5003 Ut
575 4934 826 5003 proferat
873 4947 1086 4986 verum.
1121 4928 1306 5003 Antea
1356 4929 1500 4984 falso
1549 4928 1902 5003 legebatur:
1941 4931 2005 4985 Ut

324 4998 603 5080 proferat
656 4998 873 5058 remum
918 5004 988 5080 in
1026 5018 1170 5071 aqua
1215 5001 1479 5074 fractum,
1515 4998 1692 5080 uideri
1732 5002 2001 5080 porticus,

325 5070 462 5134 sto:
509 5073 790 5130 Murus.
835 5105 902 5114 —
940 5070 1154 5128 Vocem
1215 5070 1406 5126 rerum
1458 5075 1676 5125 veteres
1721 5070 2006 5125 editiones

327 5165 467 5206 non
504 5145 740 5201 habent.

410 5221 436 5253 ³
465 5217 731 5272 Verbum
761 5215 1062 5288 appendere
1091 5215 1151 5268 in
1191 5231 1312 5288 ms._
1337 5212 1719 5288 desideratur.

410 5293 438 5326 δ
472 5289 582 5345 Oro
613 5292 681 5355 te;
715 5281 960 5344 etc'inc
1003 5303 1236 5358 quoque
1289 5283 1434 5340 falsa
1486 5288 1611 5338 erat
1659 5281 1829 5358 lectio
1864 5299 1875 5335 :
1907 5281 2010 5336 Oro

328 5369 420 5431 te,
453 5361 561 5433 qui
596 5362 820 5433 tantum
874 5357 1064 5433 contra
1112 5358 1573 5433 resurrectionem
1630 5357 1802 5433 sentis
1844 5370 2010 5424 argu-

329 5426 652 5497 mentaris,
674 5448 745 5484 an
765 5430 1090 5500 simpliciter
1117 5445 1329 5483 mecum
1356 5427 1615 5496 loqueris.
1650 5426 1936 5479 MARTIAN.

416 5508 441 5540 ⁸
475 5507 660 5558 Vetus
717 5502 856 5557 edit.
892 5503 998 5569 Qui
1054 5505 1273 5556 tantum
1327 5500 1519 5552 contra
1550 5500 2008 5551 resurrectionem

335 5576 620 5642 sentiens,
647 5567 1082 5644 argumentaris,
1114 5574 1174 5627 ut
1192 5569 1339 5642 nihil
1368 5584 1597 5640 mecum,
1629 5573 1738 5624 etc.

2108 4647 2199 4700 est
2231 4659 2242 4697 :
2284 4667 2310 4692 ‹‹
2344 4642 2429 4696 Tu
2451 4641 2690 4712 quidem
2719 4644 2782 4695 ut
2810 4639 2986 4695 homo
3019 4638 3139 4706 Dei,
3163 4643 3220 4695 et
3242 4636 3562 4711 apostolica
3592 4652 3762 4692 orna-

2185 4857 2206 4889 δ
2236 4853 2396 4909 Audi.
2438 4854 2640 4924 Nuper,
2673 4857 2785 4907 etc.
2811 4853 2924 4924 Aln_
2953 4852 3066 4924 isto
3115 4849 3385 4924 similiter
3437 4848 3566 4924 loco
3617 4847 3768 4924 {alea

2113 4926 2400 4982 retinetur
2456 4919 2634 4994 hujus
2695 4922 2852 4977 modi
2911 4922 3079 4977 lectio
3114 4941 3126 4976 :
3161 4921 3302 4975 Audi
3329 4935 3506 4990 nuper
3533 4919 3597 4974 de
3625 4919 3768 4974 Mar-

2114 4999 2289 5054 cionis
2315 4996 2500 5051 schola
2530 5013 2546 5047 :
2576 4997 2677 5049 Vae.
2711 4994 2995 5048 MARTIAN.

2188 5071 2206 5102 ⁷
2242 5068 2349 5122 Ms.
2383 5066 2840 5124 Consurreximus
2869 5063 3084 5119 Christo
3113 5064 3174 5116 in.
3205 5061 3556 5132 baptismate.

2188 5141 2209 5218 ξ
2242 5140 2399 5218 Idem
2435 5138 2675 5218 Spiritus
2701 5136 2900 5218 pennis
2920 5133 3249 5218 immuta—tis,
3271 5131 3394 5218 non
3431 5131 3670 5218 abolitis.

2191 5213 2212 5245 θ
2246 5213 2440 5265 Denuo
2469 5203 2623 5261 idem
2655 5203 2767 5259 ms.
2802 5205 3041 5261 Orabunt
3069 5220 3167 5275 pro
3195 5220 3277 5260 eo.
3311 5203 3370 5259 Si
3398 5211 3601 5269 autem,
3633 5207 3764 5269 etc.,

2119 5286 2397 5337 renuente
2428 5279 2621 5335 Graeco
2661 5280 2840 5331 textu.
3662 5287 3670 5294 ·

2194 5355 2236 5388 ¹⁰
2267 5351 2492 5407 Desinit
2521 5349 2614 5402 hic
2652 5348 2765 5402 loci
2798 5363 2908 5401 ms.
2935 5346 2993 5401 S.
3018 5347 3218 5402 Crucis
3248 5346 3356 5401 hac
3390 5345 3591 5400 addita
3613 5344 3768 5399 clau-

2121 5423 2252 5478 sula
2284 5441 2295 5476 :
2334 5421 2582 5491 Explicit
2613 5420 2752 5473 liber
2780 5420 3101 5488 Hieronymi
3134 5427 3324 5491 contra
3349 5417 3554 5491 dogma
3575 5416 3768 5491 (trige—

2121 5497 2210 5548 nis
2257 5494 2322 5547 de
2370 5486 2780 5548 resurrectione.
2816 5491 2902 5557 Et,
2936 5486 3176 5562 Empticit
3210 5490 3348 5545 liber
3394 5486 3616 5543 Eusebii
3643 5486 3767 5540 Hie-

2122 5566 2349 5636 ronymi
2376 5564 2442 5620 de
2472 5563 2864 5620 resurrectione
2892 5563 3096 5618 carnis.
