4094 6166
352 265 472 377 sm

1587 307 1651 382 s.
1699 299 2012 383 Bessan
2057 249 2521 382 aieaONYMi.

3634 297 3764 376 ωε

351 453 451 508 tus
501 449 707 524 gratia,
740 464 940 509 curam
988 451 1251 511 omnium
1298 452 1712 523 Ecclesiarum,
1745 441 1997 511 maxime
2110 447 2387 528 ϐἑστατον]
2416 471 2733 529 possumus
2779 449 3146 512 dicere.'Iste
3192 441 3284 509 est
3305 437 3496 509 homo
3543 443 3752 532 divinae

356 542 485 616 ejus
515 559 643 613 quae
675 543 734 596 in
783 542 1200 615 Hierosolymis
1249 550 1354 612 est,
1384 545 1661 612 sustines,
1695 562 1827 600 cum
1873 544 1996 615 ipse

350 629 629 704 plurimis
660 630 1155 689 sollicitudinibus
1183 634 1450 690 Ecclesia:
1479 634 1599 701 Dei,
1635 651 1761 705 quae
1801 634 1910 688 sub
1942 628 2016 689 te'

349 723 464 788 est,
517 719 906 792 distringaris.
943 744 969 770 »
1024 723 1245 778 Laudat
1301 723 1527 791 faciem,
1569 724 1640 778 ad
1687 739 1995 794 personam

355 808 709 882 principium
741 810 944 865 trahit.
984 811 1067 865 Tu
1103 812 1200 883 qui
1225 811 1459 885 regulas
1491 811 1700 883 quaeris
1731 811 1995 867 ecclesia-

355 898 554 963 sticas,
579 902 635 953 et
663 898 874 953 Nicaeni
901 901 914 932 ¹
947 899 1176 954 concilii
1208 900 1529 955 canonibus
1555 901 1757 966 uteris,
1790 905 1844 955 et
1867 900 1999 955 alie-

357 1003 466 1043 nos
523 986 783 1053 clericos,
859 991 916 1041 et
981 1004 1115 1041 cum
1178 987 1301 1043 suis
1368 988 1657 1060 episcopis
1739 1005 1995 1044 commo-

356 1079 553 1132 rantes
604 1076 711 1131 tibi
761 1075 963 1131 niteris
1015 1093 1316 1148 usurpare,
1364 1078 1649 1149 responde
1711 1077 1876 1142 mihi,
1925 1078 1997 1132 ad

355 1164 813 1220 Alexandrinum
835 1165 1173 1236 episcopum
1201 1166 1508 1222 Palaestina
1537 1168 1678 1238 quid
1710 1166 1998 1238 pertinet?

353 1241 426 1311 Ni
457 1254 648 1320 fallor,
680 1253 786 1308 hoc
818 1253 895 1307 ibi
929 1254 1279 1321 decernitur,
1314 1261 1379 1309 ut
1409 1254 1725 1310 Palaestinae
1785 1260 1997 1311 metro-

353 1341 508 1414 polis
537 1342 784 1398 Caesaria
814 1342 906 1410 sit,
940 1347 996 1398 et
1034 1343 1214 1399 totius
1246 1344 1495 1400 Orientis
1526 1345 1855 1400 Antiochia.
1887 1347 2002 1400 Aut

356 1430 540 1504 igitur
569 1431 640 1487 ad
655 1431 1066 1487 Caesariensem
1086 1433 1424 1505 episcopum
1450 1434 1661 1488 referre
1691 1433 1996 1501 debueras,

355 1519 471 1588 cui,
507 1528 698 1592 spreta
744 1521 1153 1576 communione
1219 1525 1338 1588 tua,
1386 1522 1819 1577 communicare
1896 1539 2000 1577 nos

357 1625 645 1673 noveras;
677 1611 778 1662 aut
811 1609 858 1663 si
883 1608 1084 1679 procul
1116 1610 1503 1680 expetendum
1537 1610 1829 1681 judicium
1857 1614 2000 1678 erat,

352 1696 725 1756 Antiochiam
751 1696 944 1766 potius
975 1696 1176 1752 littera
1207 1698 1542 1770 dirigendae.
1579 1699 1689 1755 Sed
1724 1700 1852 1755 novi
1899 1716 2004 1755 cur

358 1784 692 1849 Caesariem,
726 1802 828 1839 cur
855 1785 1222 1841 Antiochiam
1273 1786 1528 1843 nolueris
1559 1788 1808 1844 mittere.
1845 1789 1999 1844 Scie-
2031 1824 2080 1889 Β

358 1874 466 1930 bas
496 1874 632 1943 quid
665 1874 914 1946 fugeres,
948 1874 1086 1944 quid
1137 1875 1367 1931 vitares.
1400 1875 1657 1932 Maluisti
1705 1878 1999 1949 occupatis

354 1962 604 2021 auribus
633 1962 964 2018 molestiam
998 1963 1396 2035 facere,quam
1421 1965 1687 2020 debitum
1720 1969 2004 2039 metropo-

352 2050 538 2118 litano
585 2056 686 2107 tuo
735 2051 1012 2107 honorem
1063 2052 1325 2108 reddere.
1360 2054 1475 2108 Nec
1509 2054 1618 2110 hoc
1665 2054 1814 2121 dico,
1848 2057 2002 2128 quod

355 2143 567 2217 praeter
597 2140 906 2208 amicitias,
939 2157 1064 2212 quae
1097 2142 1488 2214 suspicionem
1519 2145 2002 2217 generant,quid-

358 2244 538 2302 quam
582 2230 641 2284 in
689 2228 975 2300 legatione
1026 2229 1484 2300 reprehendam;
1520 2232 1620 2286 sed
1668 2231 1808 2303 quia
1850 2233 2002 2304 apud

355 2303 782 2389 interrogantes
814 2317 1003 2389 magis
1024 2321 1080 2372 et
1099 2323 1411 2390 praesentes
1441 2323 1497 2374 te
1527 2337 1776 2392 purgare
1797 2303 2005 2377 debue-

355 2407 460 2462 ris.
497 2425 524 2458 α
555 2404 766 2461 Misisti
796 2405 1310 2478 religiosissimum
1344 2407 1645 2464 hominem
1689 2410 1788 2464 Dei
1822 2410 2004 2465 Isido-

349 2511 494 2560 rum
533 2495 974 2566 praesbyterum,
1028 2497 1216 2550 virum
1262 2501 1556 2567 potentem
1598 2500 1724 2569 jam
1766 2515 1832 2554 ex
1878 2499 2006 2570 ipsa

364 2582 636 2640 incessus
665 2587 721 2638 et
753 2583 990 2638 habitus
1020 2583 1304 2655 dignitate
1360 2603 1537 2656 quam
1560 2587 1766 2641 divinae
1793 2587 2003 2643 intelli-

349 2670 589 2742 gentiae,
623 2687 825 2724 curare
873 2671 1045 2724 etiam
1098 2687 1217 2736 eos,
1247 2672 1347 2742 qui
1386 2672 1582 2727 animo
1635 2673 2007 2730 vehementer

361 2760 672 2830 aegrotant:
697 2757 746 2813 si
780 2761 976 2812 tamen
1009 2774 1248 2813 sensum
1281 2759 1371 2813 sui
1403 2759 1702 2833 languoris
1731 2761 2003 2816 habeant.

361 2845 547 2908 Homo
600 2844 697 2900 Dei
746 2845 928 2900 mittit
975 2846 1272 2901 hominem
1325 2848 1446 2904 Dei.
1480 2870 1508 2898 »
1560 2848 1715 2904 Nihil
1766 2849 2008 2906 interest

360 2933 514 2990 inter
544 2934 946 3006 presbyterum
997 2939 1054 2990 et
1091 2935 1470 3007 episcopum;
1504 2937 1706 2993 eadem
1749 2938 2005 3011 dignitas

362 3022 651 3078 mittentis
698 3027 754 3078 et
797 3022 964 3079 missi
1001 3041 1014 3090 ;
1049 3022 1159 3078 hoc
1191 3024 1334 3080 satis
1373 3025 1642 3097 imperite
1675 3043 1687 3081 :
1722 3025 1780 3080 in
1812 3030 2006 3098 portu,

364 3114 432 3166 ut
460 3110 692 3177 dicitur,
722 3111 1252 3183 naufragium.Iste
1284 3113 1542 3169 Isidorus
1577 3115 1673 3182 qui
1704 3114 1762 3169 in
1794 3114 2004 3170 ccelum

2112 543 2508 617 intelligentiae
2535 564 2548 611 ;
2582 549 2702 600 tam
2734 549 2959 618 potens,
2992 548 3049 600 et
3076 537 3245 600 tanta
3269 541 3536 602 incessus
3566 558 3632 597 ac
3654 540 3757 598 ha-

2108 633 2268 691 bitus
2317 633 2621 706 dignitate,
2655 639 2719 689 ut
2765 634 2934 706 quasi
2984 631 3305 705 spiritualis
3353 629 3752 712 Hippocrates,

2107 723 2448 796 languorem
2483 723 2810 779 animarum
2847 727 3179 779 nostrarum
3212 738 3320 776 sua
3335 719 3592 793 potuerit
3610 737 3754 792 prae-

2108 812 2296 868 sentia
2327 811 2616 884 mitigare,
2654 812 2702 867 si
2733 816 2928 868 tamen
2961 828 3068 867 nos
3097 807 3459 866 voluerimus
3488 825 3608 864 suae
3639 825 3758 866 me-

2107 901 2311 956 dicinae
2341 901 2725 973 acquiescere.
2759 904 2930 957 Curet
2973 917 3034 956 se
3081 897 3181 956 tali
3214 896 3622 968 medicamine,
3657 890 3758 971 qui

2107 989 2282 1046 ctiam
2345 988 2490 1045 alios
2541 1006 2745 1045 curare
2793 988 3109 1044 consuevit.
3160 985 3339 1042 Nobis
3404 985 3600 1041 divina
3656 984 3757 1041 illa

2110 1077 2515 1149 intelligentia,
2563 1094 2665 1149 pro
2713 1077 2941 1132 Christo
2992 1072 3240 1131 stultitia
3303 1079 3412 1130 est.
3483 1073 3756 1130 Libenter

2108 1171 2311 1222 nostra
2358 1165 2680 1221 rusticitate
2742 1164 3112 1238 languemus,
3159 1181 3231 1220 ne
3282 1157 3517 1236 collyrio
3561 1163 3751 1220 vestro

2108 1255 2288 1326 impie
2313 1255 2505 1310 videre
2538 1254 2857 1310 discamus.
2892 1277 2919 1303 ‹‹
2955 1255 3092 1309 Tuae
3138 1270 3271 1308 vero
3330 1251 3753 1324 sanctimoniae,

2110 1360 2211 1414 pro
2240 1344 2459 1416 optima
2488 1341 2787 1398 voluntate
2816 1341 2986 1414 quasi
3039 1342 3111 1397 ad
3166 1341 3342 1396 finem
3393 1356 3581 1422 usque
3627 1358 3757 1413 per-

2111 1433 2283 1488 ducta
2331 1433 2429 1503 sit,
2462 1433 2847 1504 deprecamur
2877 1429 3192 1487 Dominum
3233 1425 3294 1484 in
3340 1429 3564 1487 sanctis
3612 1429 3758 1487 locis

2113 1524 2279 1576 nocte
2308 1537 2374 1576 ac
2405 1520 2519 1586 die,
2552 1525 2617 1575 ut
2646 1519 2696 1575 ei
2730 1521 2934 1575 reddat
2963 1520 3280 1592 perfectam
3313 1515 3664 1587 mercedem,
3699 1519 3756 1574 et

2111 1625 2386 1664 coronam
2417 1607 2546 1663 vitae
2577 1607 2884 1681 largiatur.
2914 1630 2942 1658 »
2977 1611 3148 1664 Recte
3179 1606 3400 1678 gratias
3439 1607 3563 1680 agis
3592 1624 3605 1675 ;
3641 1606 3756 1664 nisi

2111 1698 2269 1754 enim
2311 1697 2565 1753 venisset
2605 1697 2881 1766 Isidorus,
2913 1702 2975 1752 tu
3016 1695 3075 1750 in
3127 1700 3249 1753 tota
3283 1687 3590 1752 Palaestina
3627 1696 3758 1767 jam

2112 1785 2338 1841 fidelem
2371 1785 2632 1842 sodalem
2673 1802 2788 1840 non
2811 1785 3155 1841 invenisses.
3188 1784 3312 1840 Nisi
3359 1783 3455 1840 ille
3497 1780 3603 1840 tibi
3634 1802 3763 1857 pro-

2114 1873 2365 1930 missum
2423 1878 2793 1947 apportasset
2857 1873 3160 1941 auxilium,
3201 1873 3452 1930 haereres
3499 1873 3558 1929 in
3587 1870 3759 1930 turba

2115 1963 2491 2030 rusticorum,
2528 1980 2655 2035 quae
2699 1961 3050 2036 sapientiam
3083 1967 3244 2018 tuam
3287 1954 3611 2036 intelligere
3641 1956 3756 2020 non

2113 2056 2330 2123 posset.
2364 2051 2493 2107 Haec
2522 2052 2652 2125 ipsa
2681 2051 2968 2124 apologia,
2993 2052 3063 2107 de
3093 2068 3210 2123 qua
3239 2068 3396 2108 nunc
3415 2051 3616 2108 sermo
3649 2042 3757 2120 est,

2114 2141 2336 2196 Isidoro
2388 2145 2672 2212 praesente
2709 2145 2765 2196 et
2812 2139 3066 2196 multum
3098 2131 3761 2206 collaborante,idictata

2113 2232 2220 2296 est,
2254 2234 2319 2284 ut
2349 2230 2502 2285 idem
2526 2233 2683 2286 esset
2712 2233 2769 2284 et
2794 2230 3044 2285 dictator
3065 2232 3121 2284 et
3142 2228 3379 2300 bajulus
3406 2227 3756 2286 litterarum.

2183 2317 2272 2372 39.
2305 2318 2601 2374 Archelaus
2656 2335 2849 2374 comes.
2886 2318 2940 2373 S.
2989 2319 3291 2390 Epiphanii
3343 2319 3761 2398 prudentia-.—

2115 2431 2141 2456 «
2176 2410 2316 2461 Cum
2349 2423 2485 2480 ergo
2517 2407 2631 2462 huc
2662 2408 2683 2442 ³
2715 2407 2987 2475 venisset,
3031 2411 3087 2462 et
3134 2399 3478 2463 accessisset
3529 2407 3601 2462 ad
3650 2415 3760 2464 nes

2114 2494 2306 2550 tribus
2335 2495 2656 2564 vicibus,et
2675 2495 3030 2552 admovisset
3061 2499 3182 2550 tam
3211 2495 3419 2551 divinae
3460 2491 3762 2568 sapientiae

2113 2586 2245 2650 tuae,
2281 2601 2458 2655 quam
2491 2585 2735 2657 propriae
2766 2583 3162 2657 intelligentiae
3210 2583 3487 2640 habentia
3528 2585 3762 2641 medici-

2114 2688 2251 2726 nam
2284 2674 2475 2728 verba.
2514 2689 2616 2729 nec
2644 2672 2862 2745 profuit
2889 2672 3084 2740 alicui,
3119 2689 3225 2729 nec
3254 2672 3475 2745 profuit
3510 2671 3562 2729 ei
3592 2673 3761 2748 quis-

2116 2774 2314 2817 quam.
2351 2782 2378 2807 »
2413 2758 2511 2813 llic
2545 2759 2645 2830 qui
2677 2760 2747 2814 ad
2781 2763 2898 2816 tres
2935 2753 3088 2815 vices
3110 2759 3325 2815 dicitur
3347 2759 3419 2815 ad
3451 2754 3763 2818 nos'acceso

2115 2845 2284 2913 sisse,
2321 2851 2384 2902 ut
2414 2847 2471 2902 in
2507 2848 2790 2904 veniendo
2821 2849 3132 2921 mysticum
3171 2865 3484 2904 numerum
3529 2841 3761 2907 censer-

2113 2938 2408 3008 varet,qui
2439 2935 2742 3010 TheOphiIi
2774 2936 3031 3010 episcopi
3055 2938 3400 2993 mandatum
3423 2939 3576 2996 449
3592 2939 3760 2996 nobis

2115 3022 2482 3096 loquebatur,
2529 3025 2755 3080 litteras
2798 3027 2869 3081 ad
2919 3043 3026 3082 nos
3075 3028 3148 3082 ab
3196 3043 3262 3082 eo
3312 3020 3528 3084 missas
3575 3026 3763 3085 noluit

2115 3111 2375 3167 reddere.
2411 3114 2673 3184 Cumque
2703 3101 3030 3169 diceremus
3063 3131 3076 3169 :
3108 3115 3166 3169 Si
3205 3113 3433 3186 legatus
3462 3132 3547 3185 es,
3577 3109 3764 3172 rudde

370 3197 491 3254 tuis
521 3197 793 3253 laudibus
825 3199 1067 3268 tollitur,
1101 3201 1360 3272 idipsum
1419 3201 1739 3258 infamatur
1765 3203 2008 3259 Alexan-
2041 3185 2084 3251 (ἶ
2122 3198 2430 3272 legationis
2458 3200 2735 3274 epistolas
2769 3220 2780 3256 :
2810 3201 2859 3258 si
2890 3193 3165 3274 epistolas
3221 3185 3335 3258 non
3365 3203 3569 3274 habes,
3611 3222 3764 3277 quo-

370 3285 530 3352 driaa,
564 3287 718 3355 quod
764 3289 826 3340 tu
868 3286 1313 3359 Hierosolyma;
1343 3305 1413 3344 ex
1461 3306 1575 3360 quo
1623 3308 1738 3347 non
1785 3291 2012 3364 legatus

372 3373 679 3430 advenisse
708 3374 956 3442 videtur,
989 3377 1090 3430 sed
1122 3377 1338 3432 socius.
1369 3377 1640 3450 Alioquin
1672 3385 1729 3435 et
1759 3380 1962 3437 litterae
1992 3382 2013 3416 ²

372 3478 553 3517 manu
584 3463 710 3534 ejus
744 3462 992 3534 scriptae,
1029 3481 1155 3535 quae
1186 3470 1318 3522 ante
1360 3470 1477 3522 tres
1509 3484 1740 3524 menses
1771 3468 2008 3541 legatio-

373 3550 467 3607 nis
499 3551 570 3606 ad
604 3568 710 3607 nos
739 3549 967 3607 directae
999 3559 1184 3621 erant,
1214 3559 1507 3626 portantes
1537 3571 1792 3612 errorem
1812 3557 2009 3625 3,Vin-

371 3639 561 3698 Gentio
592 3640 927 3712 presbytero
959 3641 1193 3696 redditae
1240 3647 1398 3712 sunt,
1432 3661 1556 3715 quae
1607 3662 1789 3717 usque
1837 3645 2008 3702 hodie

367 3727 440 3784 ab
472 3744 537 3783 eo
595 3732 885 3795 tenentur,
932 3729 1145 3800 quibus
1203 3730 1540 3786 cohortatur
1593 3733 1746 3788 448
1799 3733 2004 3789 ducem

364 3816 646 3872 exercitus
698 3816 812 3884 sui,
845 3821 909 3872 ut
940 3834 1117 3889 super
1167 3825 1390 3890 petram
1437 3820 1592 3888 fidei,
1618 3821 1814 3876 stabili
1874 3840 2003 3892 per-

358 3903 532 3961 sistat
560 3905 767 3976 gradu,
802 3923 904 3961 nec
936 3907 1152 3962 nostris
1204 3908 1408 3964 naeniis
1449 3912 1736 3966 terreatur
1763 3913 1802 3966 ‘.
1839 3911 2006 3967 Polli-

356 3996 522 4047 cetur
559 4008 621 4048 se
651 3997 963 4065 antequam
998 3994 1304 4067 legationis
1351 4003 1507 4053 esset
1547 3997 1670 4054 ulla
1724 4001 2001 4071 suspicio,

355 4083 668 4136 venturum
712 4081 1196 4156 Hierosolymam,
1229 4091 1287 4141 et
1336 4087 1407 4141 ad
1461 4087 1772 4143 adventum
1826 4106 2000 4144 suum

355 4167 510 4224 illico
541 4170 1014 4228 adversariorum
1047 4190 1262 4230 cuneos
1312 4177 1707 4247 proterendos.
1741 4177 1804 4231 Et
1852 4178 2002 4234 inter

354 4261 560 4315 cetera
590 4259 683 4316 his
714 4260 892 4316 etiam
925 4263 1116 4318 verbis
1149 4263 1371 4318 utitur:
1411 4286 1436 4314 ‹‹
1469 4265 1770 4328 Quomodo
1804 4265 2000 4323 fumus

351 4345 414 4401 in
446 4363 576 4402 aere
606 4349 964 4417 dissolvitur,
985 4355 1041 4407 et
1072 4369 1203 4407 cera
1233 4352 1304 4407 ad
1337 4353 1609 4408 viciniam
1644 4353 1802 4426 ignis
1822 4354 2001 4426 lique-

353 4433 466 4490 scit
498 4451 510 4490 :
546 4435 626 4492 ita
683 4438 1129 4510 dissipabuntur
1157 4440 1258 4510 qui
1317 4457 1547 4510 semper
1598 4441 1997 4499 ecclesiasticm

2122 3288 2295 3343 modo
2323 3287 2582 3361 legatum
2613 3294 2668 3345 te
2717 3289 3038 3361 probabis?
3067 3291 3388 3363 Respondit
3435 3308 3496 3348 se
3548 3287 3764 3349 habere

2121 3376 2356 3446 quidem
2389 3375 2612 3434 litteras
2643 3378 2714 3433 ad
2748 3395 2854 3434 nos
2889 3396 2901 3434 :
2937 3379 3272 3451 adjuratum
3304 3371 3500 3436 tamen
3528 3381 3599 3437 ab
3621 3379 3758 3438 Hie-

2119 3465 2542 3538 rosolymorum
2576 3465 2866 3538 episcopo,
2897 3483 2970 3523 ne
3020 3469 3188 3523 nobis
3227 3484 3325 3524 eas
3347 3459 3636 3546 redderet.
3669 3467 3760 3526 En

2118 3551 2292 3626 legati
2326 3555 2674 3624 constantia,
2715 3557 2813 3628 qui
2847 3559 2911 3611 ut
2963 3573 3164 3628 pacem
3197 3557 3430 3626 faceret,
3461 3561 3518 3613 et
3557 3547 3761 3630 suspi-

2117 3641 2340 3697 cionem
2403 3642 2461 3698 in
2532 3643 2772 3700 alteram
2845 3648 3068 3717 partem
3138 3645 3346 3700 favoris
3404 3639 3762 3716 excluderet,

2115 3748 2348 3803 mquum
2381 3749 2443 3789 se
2470 3733 2734 3804 utrisque
2763 3731 2987 3790 tribuit.
3020 3735 3090 3789 Et
3117 3725 3257 3806 quia
3287 3727 3412 3790 sine
3441 3725 3758 3808 emplastro

2111 3825 2369 3885 venerat,
2401 3825 2458 3877 et
2501 3821 2860 3878 medicorum
2907 3827 3270 3879 armamenta
3317 3840 3433 3878 non
3463 3811 3756 3892 habebat,

2113 3909 2327 3966 idcirco
2357 3912 2483 3982 ejus
2527 3910 2816 3966 medicina
2860 3928 2976 3966 non
3016 3911 3251 3983 profuit.
3284 3903 3670 3984 Hieronymus
3701 3907 3760 3968 et

2111 3999 2171 4055 hi
2215 4016 2350 4054 cum
2393 4015 2458 4054 eo
2507 4003 2714 4063 sunt,«
2748 4003 2805 4054 et
2846 4004 3066 4056 secreto
3110 4005 3167 4055 et
3214 4016 3408 4056 coram
3456 3995 3757 4069 omnibus,

2111 4086 2584 4159 frequentissime
2639 4091 2695 4142 et
2745 4087 2855 4143 sub
2895 4086 3288 4158 jurisjurandi
3351 4079 3768 4146 testiﬁcatione

2110 4176 2255 4231 satis
2285 4175 2337 4231 ei
2369 4175 2650 4244 fecerunt,
2686 4176 2841 4248 quod
2873 4169 3280 4249 nunquam'de
3321 4177 3489 4234 nobis
3517 4176 3626 4256 [AL
3651 4193 3767 4234 vo-

2106 4263 2222 4337 bis]
2255 4263 2700 4337 ambiguitatem
2732 4264 2991 4338 aliquam
3021 4264 3336 4321 habuerint
3369 4265 3530 4334 fidei,
3562 4259 3771 4323 dicen-

2108 4357 2194 4408 tes
2242 4370 2254 4407 :
2309 4353 2609 4418 Quomodo
2679 4369 2744 4408 eo
2800 4358 3064 4430 tempore
3131 4355 3366 4434 quando
3436 4356 3772 4438 communi-

2108 4442 2390 4497 cabamus
2454 4442 2528 4509 ei,
2595 4459 2750 4498 nunc
2811 4432 3084 4500 similiter
3148 4432 3422 4500 eumdem
3489 4432 3766 4500 affectum

352 4521 488 4616 fidei
512 4524 872 4593 resistentes,
905 4545 1059 4582 nunc
1091 4545 1195 4598 per
1225 4528 1492 4584 homines
1523 4527 1820 4600 simplices
1841 4547 1996 4587 eam-
2029 4547 2076 4611 Ι)
2109 4529 2428 4586 habemus‘3
2457 4531 2528 4586 de
2561 4531 2784 4588 ratione
2807 4523 3004 4587 fidei.»
3022 4531 3225 4588 Videte
3258 4531 3411 4616 quid
3432 4521 3609 4616 faciat
3632 4521 3774 4616 con-

351 4607 486 4664 dem
520 4609 693 4665 ﬁdem
725 4612 1050 4684 inquietare
1081 4620 1384 4671 conantur.
1420 4639 1447 4666 »

419 4699 508 4753 38.
544 4698 702 4771 Rogo
751 4705 826 4767 te,
873 4702 1072 4770 lector,
1115 4705 1215 4775 qui
1282 4704 1390 4759 hoc
1437 4706 1640 4762 scribit
1683 4713 1998 4780 antequam

346 4786 562 4853 veniat,
597 4789 697 4859 qui
738 4789 843 4844 tibi
886 4789 1153 4846 videtur?
1184 4792 1570 4860 adversarius,
1602 4813 1676 4872 an
1724 4796 2000 4870 legatus?

346 4873 462 4931 Iste
493 4879 584 4931 est
615 4895 789 4949 quem
824 4895 931 4934 nos
964 4880 1296 4952 piissimum
1327 4881 1412 4936 vel
1461 4882 1994 4956 religiosissimum,

347 4965 424 5030 et,
456 4968 522 5019 ut
542 4967 785 5023 verbum
803 4968 1204 5040 exprimamus
1227 4985 1257 5024 e
1282 4971 1476 5040 verbo,
1510 4972 1776 5029 deicolam
1805 4975 1998 5046 [θεοσε-

387 5122 439 5202 .1.
470 5123 727 5195 Respicit
764 5127 1026 5202 Nicanos
1057 5130 1366 5202 canonesfi
1394 5134 1452 5184 et
1480 5131 1514 5183 7
1545 5131 1759 5201 quibus
1807 5133 1994 5188 Caesa-

352 5201 441 5246 ria
481 5209 593 5274 non
650 5204 766 5274 tam
813 5201 1209 5274 constituitur,
1243 5217 1420 5274 quam
1454 5203 1786 5274 constituta
1835 5221 1991 5260 reco-

343 5267 646 5343 gnoscitur
674 5267 990 5323 Palaestinae
1021 5267 1381 5343 metropolis,
1413 5273 1583 5343 eique
1611 5273 1811 5330 isthzec
1851 5293 1991 5347 prie-

346 5339 609 5389 rozatlva
640 5339 1038 5389 confirmatur.

457 5350 532 5387 au

346 5347 609 5438 rogativa
640 5347 1038 5421 confirmatur.
1066 5413 1073 5422 ο
1664 5418 1672 5426 ⁸

419 5475 438 5487 ἢ
470 5404 816 5487 ξειῐυξηιηθόιιἰ
852 5411 1111 5487 Alioquin
1139 5413 1505 5485 proferantur
1535 5419 1585 5470 et
1629 5417 1846 5472 lztterw.

417 5475 925 5556 3‘Rcscribendum
975 5475 1264 5548 viden-tur,
1312 5490 1590 5556 portantis
1646 5505 1863 5548 errore:
1889 5491 1989 5544 sed

337 5545 596 5631 fortasse.
620 5549 820 5631 verius
836 5557 1118 5623 portantes
1155 5545 1438 5624 terrorem,
1475 5562 1539 5613 ut
1570 5545 1888 5623 Wa'stelius
1932 5561 1990 5618 in

339 5617 631 5678 Vindiciis
661 5617 848 5694 putat:

2110 4620 2308 4675 cordia
2355 4621 2721 4691 dogmatum.
2769 4621 3048 4689 Isidorus,
3103 4625 3168 4677 ut
3210 4621 3329 4677 haec
3369 4610 3759 4694 signiﬁcaret,

2109 4710 2238 4779 ejus
2293 4709 2488 4765 socius
2531 4699 2674 4774 erat,
2707 4709 2881 4764 homo
2928 4701 3024 4765 Dei
3072 4715 3130 4765 et
3175 4699 3484 4782 presbyter
3513 4703 3764 4764 θεοάεϐἐ-

2109 4817 2321 4864 στατος,
2346 4802 2406 4853 et
2433 4797 2520 4852 vir
2549 4805 2771 4868 potens,
2803 4801 2860 4852 et
2889 4813 3051 4854 sacro
3099 4815 3164 4852 ac
3211 4798 3528 4855 venerabili
3570 4800 3764 4856 inces-

2109 4904 2200 4954 su,
2216 4891 2272 4942 et
2302 4886 2509 4940 divinae
2535 4885 2954 4958 intelligentiae,
2977 4889 3034 4941 et
3061 4874 3445 4965 Hippocrates
3459 4874 3759 4965 Christia-

2108 4990 2316 5030 norum
2365 4977 2623 5030 vocatur.
2657 4973 2774 5048 Ego
2823 4963 3104 5031 misellus
3138 4975 3278 5031 dum
3330 4963 3763 5034 in'solitudine

2175 5135 2196 5167 ‘
2225 5134 2462 5206 Eadem,
2494 5137 2607 5206 [tea
2631 5136 2836 5206 nostris
2861 5133 3030 5189 minis
3064 5137 3396 5206 terreantur.
3451 5193 3454 5196 ,
3489 5203 3492 5206 ἢ
3584 5205 3587 5206 ν

2175 5207 2195 5239 ⁵
2210 5206 2267 5260 Ρ.
2288 5202 2610 5260 Wastelius
2631 5203 2945 5274 legendum
2961 5208 3262 5263 contendit
3278 5199 3351 5261 ad
3373 5203 3492 5273 eos,
3512 5199 3761 5264 minime

2103 5276 2781 5350 suffragantibusrassa
3054 5347 3063 5350 -
3141 5347 3152 5350 -
3265 5342 3269 5346 .
3363 5335 3411 5350 η
3467 5347 3469 5350 4

2171 5349 2192 5382 ⁶
2226 5345 2736 5423 ldem_Wast_eliu_s
2766 5345 2826 5402 in
2858 5345 3445 5423 vetustiori_quadam
3467 5347 3752 5423 editJegi

2101 5423 2367 5493 testatur,
2386 5419 2524 5493 Tunc
2543 5419 2800 5473 similiter
2825 5419 3077 5493 eamdem
3096 5421 3361 5490 aﬂ‘ectum
3390 5419 3759 5493 habebamus;

2103 5507 2278 5564 quam
2328 5489 2635 5546 lectionem
2693 5489 2840 5564 tueri
2884 5490 3100 5545 frustra
3138 5489 3411 5564 leonatiuyr,
3461 5491 3759 5564 camp-aut

2101 5559 2319 5644 nullus,
2371 5565 2472 5644 aut
2531 5577 2672 5641 sane
2706 5559 3118 5644 “incongruus,
3162 5559 3235 5621 et
3283 5559 3754 5638 Hiero'nymiane

2100 5631 2281 5691 menti
2313 5631 2641 5691 contrarius
2671 5631 2747 5690 sit
2768 5631 3001 5690 sensus.
