4110 6162
428 279 545 347 IM

1670 275 1735 344 S.
1777 276 2092 344 EUSEBII
2133 273 2601 346 HIERONYMI.

3706 270 3826 344 4η

433 417 624 490 debet,
658 414 772 474 nisi
803 416 1084 475 honorem
1113 431 1289 490 quem
1320 415 1594 474 omnibus
1624 416 1906 474 debemus
1925 415 2076 485 epis-
2103 415 2159 482 Α
2189 416 2289 489 qui
2320 419 2378 474 te
2402 416 2769 485 oﬁ'enderit,a
2796 411 3027 472 Christo
3058 407 3503 473 excluditur?8i
3525 413 3822 489 proprium

432 505 644 582 copis?
677 508 784 564 Fac
817 525 851 564 a
881 512 936 562 te
975 507 1309 562 ordinatum
1339 524 1351 562 :
1395 505 1550 562 idem
1601 506 1672 562 ab
1717 522 1784 562 eo
1832 505 2074 573 audies;

434 597 592 670 quod
623 613 658 652 a
686 613 780 652 me
812 595 1039 652 misello
1070 595 1306 652 homine
1337 601 1549 652 sanctae
1579 595 1870 652 memoria:
1922 594 2075 652 452

429 685 742 759 episcopus
773 685 1055 741 Paulinus
1087 685 1326 740 audivit.
1362 709 1388 733 ‹‹
1424 685 1576 740 Num
1636 685 1828 757 rogavi
1883 688 1959 749 te,
2013 687 2078 738 ut

429 775 778 834 ordinarer?
807 773 866 829 Si
899 774 983 830 sic
1015 775 1442 847 presbyterium
1481 774 1717 839 tribuis,
1767 778 1831 828 ut
1878 789 2076 828 mona-

429 865 608 920 chum
635 863 803 920 nobis
835 881 949 919 non
983 864 1234 932 auferas,
1262 867 1326 918 tu
1358 863 1571 919 videris
1601 863 1672 918 de
1695 863 1921 934 judicio
1951 867 2071 917 tuo.

427 953 530 1010 Sin
561 957 758 1008 autem
790 953 899 1008 sub
932 953 1167 1008 nomine
1199 953 1521 1025 presbyteri
1554 951 1710 1008 tollis
1741 951 1908 1017 mihi,
1943 969 2072 1023 pro-

430 1045 557 1114 pter
593 1042 747 1114 quod
807 1041 1090 1097 saeculum
1153 1041 1458 1113 dercliqui,
1519 1059 1623 1114 ego
1681 1041 1864 1096 habeo
1919 1039 2072 1111 quod

428 1146 660 1202 semper
689 1129 864 1186 habui
900 1145 912 1183 :
944 1128 1170 1185 nullum
1205 1128 1576 1202 dispendium
1619 1130 1674 1184 in
1710 1128 2073 1184 ordinatione

427 1235 640 1290 passus
669 1236 752 1274 es.
791 1241 818 1267 »

499 1307 586 1362 42.
621 1308 991 1379 Competcntes
1022 1310 1082 1361 in
1116 1309 1372 1362 Ecclesia.
1399 1308 1474 1363 Ab
1504 1325 1663 1378 specu
1696 1309 1917 1363 Domini
1939 1323 2070 1378 pro-

424 1395 630 1451 hibitus
675 1397 1057 1467 Hieronymus.
1115 1427 1182 1436 —
1217 1415 1244 1447 ι
1294 1396 1364 1450 Ut
1413 1413 1527 1452 non
1579 1395 1932 1462 scinderent,
1984 1396 2071 1450 in-

424 1483 573 1555 quit,
605 1501 758 1552 eam,
791 1500 985 1556 neque
1016 1485 1316 1556 proprium
1349 1484 1461 1540 sibi
1493 1485 1747 1540 facerent
1776 1483 2074 1555 principa-

422 1575 572 1628 tum.
606 1594 634 1622 »
667 1573 808 1636 Quis
839 1573 1055 1627 scindit
1087 1572 1402 1628 Ecclesiam
1426 1573 1852 1644 ?Nos,quorum
1879 1573 2071 1628 omnis

423 1661 638 1716 domus
667 1660 960 1716 Bethleem
991 1661 1049 1715 in
1090 1659 1346 1717 Ecclesia
1394 1660 1830 1717 communicat?
1875 1663 1961 1716 An
2009 1667 2071 1717 tu

424 1747 539 1848 qui.
555 1753 657 1804 aut
686 1749 830 1804 bene
861 1749 1162 1848 cred-istst
1193 1751 1440 1848 superbe
1472 1751 1543 1806 de
1577 1751 1688 1806 ﬁde
1748 1756 1944 1806 taces:
1971 1756 2074 1806 aut
2108 1783 2154 1848 Β

423 1836 598 1907 male,
649 1840 707 1892 et
748 1853 878 1892 vere
930 1837 1151 1893 scindis
1202 1837 1559 1894 Ecclesiam?
1598 1843 1713 1894 Nos
1747 1839 2076 1895 scindimus

425 1925 762 1993 Ecclesiam,
814 1925 915 1997 qui
980 1931 1115 1982 ante
1182 1943 1402 1998 paucos
1470 1945 1702 1984 menses
1752 1929 1904 1983 circa
1951 1929 2073 1984 dies

423 2015 821 2079 Pentecostes,
854 2030 988 2070 cum
1044 2015 1354 2071 obscurato
1403 2015 1544 2083 sole,
1592 2018 1784 2073 omnis
1816 2018 2073 2073 mundus

413 2103 787 2176 jamjamque
815 2108 1127 2159 venturum
1153 2105 1416 2176 judicem
1445 2105 1802 2172 formidaret,
1829 2107 2074 2178 quadra-

425 2193 596 2265 ginta
643 2192 885 2248 diversa
930 2192 1116 2248 aetatis
1167 2198 1223 2248 et
1271 2209 1467 2262 sexus,
1537 2195 1907 2267 przesbyteris
1955 2197 2073 2250 tuis

425 2281 751 2338 obtulimus
781 2281 1162 2353 baptizandos
1184 2283 1211 2336 ‘l
1242 2283 1308 2338 Et
1337 2288 1490 2339 certe
1530 2285 1787 2356 quinque
1835 2286 2074 2357 presby-

428 2369 536 2426 teri
568 2373 735 2426 erant
780 2369 838 2424 in
890 2370 1264 2439 monasterio,
1317 2372 1416 2444 qui
1468 2389 1573 2428 suo
1616 2375 1749 2444 jure
1807 2378 2074 2445 poterant

427 2459 756 2532 baptizare:
793 2459 893 2515 sed
922 2459 1237 2516 noluerunt
1268 2461 1590 2532 quidquam
1625 2468 1824 2518 contra
1856 2468 2072 2518 stoma-

427 2548 604 2603 chum
637 2551 805 2603 tuum
840 2548 1046 2614 facere,
1081 2565 1152 2604 ne
1181 2554 1240 2605 et
1266 2549 1386 2605 haec
1418 2550 1521 2604 tibi
1553 2551 1624 2606 de
1654 2552 1765 2606 ﬁde
1797 2551 2072 2608 reticendi

427 2637 666 2692 daretur
695 2636 942 2692 occasio.
973 2641 1057 2691 An
1092 2654 1207 2693 non
1252 2643 1314 2693 tu
1367 2639 1564 2710 potius
1608 2639 1828 2695 scindis
1880 2640 2072 2697 Eccle-

428 2723 598 2792 siam,
631 2725 733 2796 qui
782 2725 1103 2797 praecepisti
1157 2726 1453 2782 Bethleem
1504 2728 1856 2800 presbyteris
1905 2729 2068 2784 tuis:

429 2830 502 2870 ne
540 2813 1008 2885 competentibus
1061 2815 1276 2870 nostris
1323 2815 1381 2869 in
1430 2817 1655 2871 Pascha
1711 2817 2070 2888 baptismum

427 2901 746 2968 traderent,
774 2918 924 2972 quos
957 2919 1064 2958 nos
1095 2903 1415 2976 Diospolim
1466 2905 1678 2976 (Lidda)
1727 2906 1794 2960 ad
1847 2907 2071 2962 confes-

429 3005 622 3046 sorem
654 2993 712 3045 et
741 2989 1080 3062 episcopum
1100 2991 1372 3049 misimus
1394 2993 1732 3065 Dionysium
1750 2996 1763 3028 ¹
1781 2995 2075 3066 baptizan-

431 3077 930 3136 dos?Ecclesiam
967 3081 1233 3136 scindere
1281 3081 1553 3150 dicimur,
1603 3084 1703 3154 qui
1753 3087 1912 3138 extra
1960 3085 2072 3140 cel-

2187 506 2558 563 defendimus
2592 505 3008 580 principatum,
3041 506 3283 562 ostende
3314 522 3420 561 nos
3468 505 3525 561 in
3574 507 3829 578 parmcia

2186 600 2287 650 tua
2332 595 2545 652 habere
2589 596 2950 668 episcopum.
3004 593 3166 658 Quod
3206 594 3310 650 tibi
3379 611 3495 650 non
3561 611 3831 652 commu-

2185 685 2531 754 nicavimus,
2583 685 2716 740 tidei
2764 689 2890 742 est:
2965 684 3272 756 responde,
3321 689 3377 740 et
3436 683 3828 740 ordinationis

2183 775 2315 830 erit.

2256 863 2343 918 4ἇ.
2382 884 2403 912 ι
2439 861 2815 918 Occasionem
2851 879 3082 935 quoque
3116 862 3348 934 ﬁngunt
3392 862 3647 918 aliarum
3680 863 3832 920 litte-

2183 968 2404 1018 rarum,
2451 969 2598 1023 quas
2645 952 2851 1007 dicunt
2899 951 3009 1007 sibi
3057 951 3366 1024 scripsisse
3413 951 3827 1024 Epiphaniam.

2183 1039 2527 1112 Quanquam
2561 1040 2724 1095 dabit
2753 1039 2849 1094 ille
2889 1039 3171 1096 rationem
3224 1057 3328 1111 pro
3375 1042 3648 1096 omnibus
3698 1059 3833 1114 qua

2183 1133 2346 1199 gesta
2379 1132 2515 1184 sunt
2546 1131 2681 1184 ante
2710 1128 2967 1184 tribunal
2999 1128 3234 1195 Christi,
3285 1129 3384 1184 ubi
3416 1131 3599 1200 major
3626 1135 3683 1186 et
3713 1131 3830 1187 mi.-

2184 1234 2291 1274 nor
2321 1218 2541 1289 absque
2572 1217 2692 1272 ulla
2740 1234 3124 1290 personarum
3169 1217 3504 1290 acceptione
3542 1219 3832 1289 judicabi-

2182 1311 2296 1361 tur.
2328 1309 2598 1362 Attamen
2630 1307 2923 1379 quomodo
2952 1310 3203 1378 possunt
3229 1305 3389 1362 illius
3420 1307 3530 1362 niti
3561 1307 3830 1379 epistola,

2183 1411 2360 1467 quam
2391 1395 2464 1450 de
2495 1394 2864 1450 ordinatione
2894 1393 3222 1450 Pauliniani
3256 1393 3484 1464 illicita,
3506 1399 3564 1451 et
3594 1395 3836 1453 illorum

2183 1483 2282 1555 qui
2314 1500 2446 1540 cum
2479 1499 2546 1539 eo
2579 1488 2738 1548 sunt,
2770 1501 2804 1538 a
2833 1484 3003 1540 nobis
3034 1487 3347 1556 coargutus
3368 1484 3649 1557 scripsit:
3681 1484 3839 1540 sicut

2181 1577 2238 1628 et
2268 1573 2399 1645 ipsa
2445 1573 2572 1644 ejus
2629 1572 2878 1645 epistola
2934 1573 2991 1627 in
3025 1571 3260 1628 exordio
3291 1589 3399 1628 suo
3433 1573 3770 1645 signiﬁcat?
3800 1596 3831 1624 ››

2181 1665 2337 1734 Rogo
2397 1677 2524 1732 quae
2575 1665 2739 1716 tanta
2793 1669 2883 1716 est
2956 1659 3206 1729 caecitas,
3256 1660 3605 1727 Cimmeriis,
3671 1662 3840 1717 sicut

2183 1749 2371 1816 aiunt,
2423 1748 2680 1805 tenebris
2737 1748 3045 1804 involuta?
3088 1748 3238 1804 Dicit
3293 1765 3400 1805 nos
3456 1749 3836 1805 occasionem

2185 1838 2422 1911 ﬁngere,
2455 1842 2514 1893 et
2551 1837 2857 1910 Epiphanii
2891 1838 3174 1893 adversus
3225 1853 3287 1893 se
3319 1836 3541 1894 litteras
3571 1855 3684 1894 non
3717 1837 3835 1901 ha-

2181 1927 2338 1995 bere,
2389 1927 2707 1998 statimque
2757 1927 3102 1998 subjungit:
3159 1948 3186 1976 «
3236 1927 3532 1991 Quomodo
3575 1932 3838 1999 possunt

2182 2015 2340 2072 illius
2372 2017 2476 2070 niti
2510 2015 2777 2086 epistola,
2827 2032 3000 2086 quam
3035 2015 3106 2070 de
3142 2014 3505 2070 ordinatione
3535 2015 3836 2072 Paulinia-

2183 2105 2242 2160 ni
2272 2104 2496 2167 illicita,
2528 2109 2585 2160 et
2613 2121 2814 2159 eorum
2849 2105 2946 2177 qui
2981 2117 3115 2160 cum
3146 2119 3211 2159 eo
3261 2108 3421 2171 sunt,
3455 2121 3491 2160 a
3522 2105 3691 2161 nobis
3739 2121 3840 2161 co-

2183 2198 2428 2266 argutus
2485 2193 2759 2266 scripsit:
2812 2194 2964 2249 sicut
3005 2197 3062 2248 et
3103 2192 3233 2264 ipsa
3279 2193 3407 2263 ejus
3455 2193 3703 2265 epistola
3765 2194 3837 2250 in

2181 2283 2415 2339 exordio
2447 2300 2552 2339 suo
2582 2283 2921 2354 signiﬁcat?
2955 2305 2981 2331 ››
3013 2282 3138 2338 Non
3170 2281 3457 2337 habemus
3481 2283 3789 2354 epistolam
3812 2325 3824 2338 .

2180 2372 2249 2427 Et
2277 2387 2404 2444 quae
2436 2380 2521 2428 est
2553 2371 2652 2427 illa
2685 2370 2935 2443 epistola
2967 2371 3120 2428 454
3151 2387 3278 2442 quae
3318 2371 3378 2426 in
3425 2371 3654 2427 exordio
3704 2389 3830 2428 suo

2181 2461 2254 2516 de
2301 2460 2646 2517 Pauliniano
2695 2460 3004 2532 loquitur?
3049 2461 3146 2516 Est
3207 2459 3433 2532 aliquid
3482 2463 3612 2532 post
3657 2477 3838 2516 exor-

2183 2550 2365 2616 dium,
2400 2552 2571 2622 cujus
2599 2556 2661 2604 tu
2697 2551 2867 2605 times
2900 2550 3088 2605 facere
3136 2548 3515 2608 mentionem.
3575 2553 3624 2603 Α
3652 2553 3709 2604 te
3739 2553 3844 2604 est

2182 2643 2496 2711 coargutus
2526 2638 2735 2708 aetatis,
2767 2655 2884 2710 qua
2917 2637 3295 2694 Paulinianus
3343 2642 3484 2692 erat.
3532 2638 3844 2710 Presbyte-

2182 2744 2312 2783 rum
2343 2727 2666 2793 ordinas,et
2696 2726 2956 2799 legatum
2988 2726 3172 2781 mittis
3204 2742 3270 2781 ac
3300 2726 3548 2782 socium:
3575 2731 3843 2782 tantam-

2181 2830 2295 2885 que
2325 2813 2504 2868 habes
2537 2813 2833 2879 ﬁduciam,
2870 2817 2933 2868 ut
2968 2813 3048 2867 ibi
3080 2812 3492 2869 Paulinianum
3545 2813 3840 2870 mentitus

2181 2918 2244 2958 es
2274 2917 2501 2973 pueruu
2534 2900 2673 2957 illuc
2702 2918 2948 2974 puerum
2973 2901 3172 2957 mittas
3204 2903 3628 2974 presbyterum.
3661 2903 3844 2959 item-

2183 3007 2296 3061 que
2325 2990 2679 3045 Theosecam
2711 2990 2829 3061 (Αι.
2863 2990 3283 3062 Theosobium)
3315 2989 3528 3045 Thiriae
3561 2989 3842 3047 Ecclesiae

2185 3079 2495 3135 diaconum
2528 3079 2670 3134 facis
2701 3079 3129 3150 presbyterum,
3161 3083 3219 3134 et
3246 3083 3447 3134 contra
3479 3095 3587 3135 nos
3609 3095 3841 3149 armas,

429 3166 583 3224 lulas
614 3173 845 3224 nostras
876 3168 1070 3224 locum
1118 3169 1386 3226 Ecclesiae
1440 3188 1550 3227 non
1603 3150 1935 3228 habemus?
1981 3175 2068 3228 An
2105 3150 2148 3216 Ο
2186 3167 2462 3239 illiusque
2486 3167 2544 3222 in
2579 3184 2684 3222 nos
2710 3167 2969 3223 abuteris
2999 3167 3350 3240 eloquentia.
3379 3167 3502 3222 Tibi
3551 3167 3660 3223 soli
3693 3167 3844 3226 licet

427 3273 543 3314 non
577 3260 640 3312 tu
672 3257 892 3313 scindis
920 3256 1368 3330 Ecclesiam,qui
1405 3261 1654 3315 mandas
1701 3260 2068 3316 clericistuis

425 3349 493 3402 ut
521 3345 571 3402 si
603 3345 738 3419 quis
767 3345 1176 3402 Paulinianum
1202 3348 1274 3402 ab
1293 3347 1615 3420 Epiphanio
1639 3349 1906 3422 episcopo
1932 3367 2066 3406 con-

425 3437 720 3492 secratum
755 3435 1155 3508 presbyterum
1179 3435 1403 3502 dixerit,
1423 3437 1737 3493 Ecclesiam
1764 3439 2066 3510 prohibea-

428 3526 529 3578 tur
555 3523 792 3578 intrare.
828 3523 904 3578 Ex
937 3539 1050 3594 quo
1107 3527 1370 3596 tempore
1415 3541 1602 3596 usque
1632 3526 1689 3580 in
1725 3532 2068 3598 prasentem

427 3610 582 3666 diem
612 3610 878 3668 videmus
900 3616 1126 3667 tantum
1161 3629 1399 3684 specum
1437 3612 1700 3681 Domini;
1742 3620 1799 3670 et
1845 3615 2070 3671 haereti-

429 3698 512 3756 cis
541 3699 921 3765 intrantibus,
957 3699 1157 3772 procul
1190 3701 1363 3774 positi
1393 3701 1783 3773 suspiramus.

499 3789 587 3843 43.
618 3788 810 3844 Nosne
841 3805 1070 3860 sumus,
1104 3791 1200 3861 qui
1235 3789 1551 3845 Ecclesiam
1597 3791 1960 3849 scindimus:
1997 3811 2071 3849 an

434 3875 530 3930 ille
560 3876 660 3947 qui
682 3876 827 3931 vivis
859 3876 1540 3945 babitaculum,mortuis
1572 3880 1948 3952 sepulchrum
1982 3899 2074 3938 ne-

433 3966 550 4035 gat,
583 3963 684 4034 qui
715 3964 963 4019 fratrum
995 3965 1198 4021 exsilia
1221 3967 1521 4038 postulat?
1568 3969 1708 4033 Quis
1739 3970 2073 4041 potentissi-

437 4067 596 4107 mam
624 4050 786 4107 illam
814 4053 1204 4122 feram,totius
1227 4057 1385 4112 orbis
1417 4058 1737 4114 cervicibus
1764 4060 2074 4115 imminen-

440 4145 580 4210 tem,
615 4145 817 4197 contra
850 4148 1081 4197 nostras
1120 4143 2023 4217 cervicesspecialiter’incitavit
2050 4147 2078 4200 ‘?

437 4229 581 4296 Quis
609 4247 745 4286 ossa
777 4236 1199 4302 sanctorum,et
1229 4232 1496 4289 innoxios
1526 4235 1750 4289 cineres
1771 4233 2077 4306 hucusque

425 4318 717 4376 verberari
750 4321 822 4374 ab
857 4321 1146 4376 imbribus
1176 4320 1359 4376 sinit?
1383 4321 1484 4376 His
1516 4338 1622 4377 nos
1658 4321 2077 4378 blandimentis

429 4408 619 4465 bonus
641 4408 843 4464 Pastor
873 4408 1080 4464 invitat
1109 4409 1180 4463 ad
1213 4426 1435 4480 pacem,
1469 4411 1623 4465 448
1664 4414 1721 4464 et
1772 4412 2076 4480 proprium

2180 3256 2450 3313 Ecclesiae
2467 3257 2606 3327 jura
2637 3255 2894 3312 calcare:
2923 3261 2986 3312 tu
3017 3255 3304 3328 quidquid
3356 3256 3582 3324 feceris,
3620 3274 3841 3315 norma

2177 3345 2450 3402 doctrinae
2483 3349 2608 3412 est;
2643 3350 2698 3401 et
2727 3362 2839 3401 non
2872 3344 3166 3401 erubescis
3197 3349 3332 3400 ante
3362 3344 3618 3402 tribunal
3663 3346 3836 3402 Chri;

2177 3435 2220 3490 ti
2247 3434 2637 3505 judicandum
2668 3438 2864 3489 tecum
2895 3433 3286 3506 Epiphaniam
3319 3449 3654 3505 provocare.
3688 3435 3835 3499 Qum

2179 3527 2510 3596 sequuntur
2592 3526 2725 3594 post
2809 3522 2918 3577 hoc
3012 3521 3360 3594 capitulum,
3447 3520 3569 3577 haec
3647 3527 3834 3578 sunt:

2181 3612 2391 3668 Mensae
2471 3629 2591 3667 suae
2649 3616 2704 3666 et
2781 3611 2994 3666 domus
3063 3610 3506 3666 contubernium
3574 3611 3838 3684 imputat

2183 3700 2528 3775 Epiphanio,
2563 3700 2883 3772 scribitque
2911 3715 3045 3755 eum
3088 3715 3390 3770 nunquam
3440 3715 3568 3755 esse
3625 3716 3836 3755 secum

2183 3790 2254 3845 de
2285 3789 2550 3861 Origenis
2581 3788 2955 3861 dogmatibus
2990 3787 3271 3855 locutum,
3322 3791 3380 3842 et
3427 3787 3537 3843 sub
3577 3787 3839 3858 jurisju-

2183 3879 2349 3935 randi
2379 3878 2786 3934 testiﬁcatione
2817 3877 3143 3942 conﬁrmat,
3195 3877 3429 3932 dicens:
3454 3899 3481 3925 ‹‹
3517 3875 3596 3930 Ne
3624 3877 3836 3947 suspi-

2183 3967 2408 4023 cionem
2459 3967 2717 4038 quidem,
2769 3965 2921 4021 sicut
2969 3965 3123 4021 Deus
3168 3964 3336 4020 testis
3382 3969 3486 4031 est,
3538 3979 3841 4036 perversa

2185 4055 2244 4110 in
2278 4071 2384 4110 nos
2415 4053 2548 4110 ﬁdei
2575 4070 2636 4108 se
2667 4053 2882 4108 habere
2914 4053 3279 4109 monstravit.
3324 4074 3352 4103 ››
3407 4050 3543 4108 Nolo
3592 4067 3850 4125 respon-

2186 4144 2322 4198 dere
2371 4148 2429 4197 et
2477 4157 2718 4212 arguere
2784 4141 3019 4207 acriter,
3079 4157 3151 4196 ne
3203 4141 3445 4213 perjurii
3505 4140 3858 4212 episcopum

2187 4230 2525 4286 convincere
2571 4229 2785 4283 videar.
2858 4229 3074 4284 Praesto
3140 4234 3282 4285 sunt
3344 4229 3541 4302 plures
3583 4229 3854 4301 epistolas

2191 4317 2536 4390 Epiphanii:
2571 4334 2688 4372 una
2715 4318 2786 4372 ad
2822 4317 3040 4389 ipsum,
3087 4317 3214 4374 alia:
3261 4319 3332 4374 ad
3382 4319 3688 4390 episcopos
3739 4318 3853 4374 Pa-

2191 4406 2470 4470 laestinos,
2502 4410 2558 4462 et
2607 4422 2794 4477 nuper
2841 4407 2914 4462 ad
2965 4410 3235 4463 Romanae
3278 4406 3411 4462 urbi
3459 4407 3846 4479 pontiﬁcem:

425 4495 622 4566 arguit
648 4497 836 4550 facere
868 4497 1296 4567 principatum:
1327 4497 1428 4568 qui
1459 4498 1734 4552 omnibus
1764 4497 2077 4570 episcopis,
2115 4511 2162 4576 ι)
2195 4495 2252 4550 in
2285 4494 2501 4566 quibus
2536 4494 2676 4550 dicit
2706 4512 2768 4551 se
2797 4511 2932 4551 eum
2968 4511 3164 4552 coram
3197 4495 3420 4564 multis,
3473 4496 3546 4552 de
3596 4497 3848 4568 dogma-

425 4586 644 4638 rectam
677 4583 963 4638 duntaxat
992 4583 1166 4640 ﬁdem
1197 4585 1626 4653 tenentibus,et
1655 4587 2079 4644 communione

427 4675 484 4728 et
513 4668 801 4728 cbaritate
832 4671 1148 4727 sociamur.
1187 4677 1270 4727 An
1300 4677 1362 4727 tu
1395 4672 1558 4729 solus
1587 4673 1846 4731 Ecclesia
1891 4693 1973 4746 es,
2025 4683 2082 4734 et

502 4886 517 4920 ¹
552 4883 659 4962 Hic
687 4883 788 4962 ille
815 4883 1132 4962 Dionysius
1173 4884 1502 4962 Didden_sis,
1554 4887 1675 4962 sive
1729 4889 2086 4962 Diospolita-

432 4973 549 5013 nus
579 4957 868 5033 est,cujus
897 4956 1034 5033 ante
1064 4956 1340 5033 ineditam
1372 4958 1687 5033 Epistolam
1721 4961 1792 5016 de
1823 4956 2088 5033 OEigeni-

437 5034 661 5084 starum
693 5027 1066 5155 damnatione
1095 5027 1462 5101 vulgavimu's
1489 5030 1549 5086 in
1577 5032 1754 5104 priori
1775 5027 1958 5088 tome
1979 5033 2089 5088 sub

440 5115 693 5154 numero
796 5143 809 5155 .

440 5115 693 5154 numero
717 5115 809 5156 94.

510 5169 532 5204 ³
563 5169 879 5246 Legocum
901 5190 1044 5246 mss.
1074 5170 1430 5246 specialiter;
1461 5174 1615 5244 quod
1665 5172 1778 5246 legi
1827 5176 2091 5244 oportere

446 5255 552 5310 pro
585 5242 1225 5316 spiritualiteriGravius
1259 5242 1496 5316 quoque
1521 5242 1815 5311 docuerat,
1848 5242 1904 5300 et
1957 5260 2091 5299 sen-

441 5310 872 5398 s'uspostulat.
901 5314 1139 5398 ‘Feram
1184 5310 1414 5398 oautoem'
1437 5316 1599 5398 illam
1653 5310 1856 5398 quam_
1889 5321 2095 5398 contra

439 5380 863 5469 Hieronymum
892 5383 1149 5469 Joannes
1170 5386 1543 5469 incitaverant,
1578 5380 1817 5469 quidam
1844 5385 2092 5469 intelligi

437 5450 967 5531 yolunt'ﬂuﬁnum
1001 5455 1234 5531 grc‘adii
1263 5450 1540 5531 tutorem,
1593 5450 1766 5514 illum
1827 5450 2094 5531 perduel-

441 5525 582 5602 lem,
617 5523 1319 5602 qui_ducem_G_othorum
1348 5529 1645 5602 Alaricum
1687 5523 1910 5588 vocavit
1955 5547 2095 5587 con-

432 5602 532 5656 tra
555 5595 897 5669 Arcadium,
929 5599 994 5652 ut
1024 5595 1150 5668 ipse
1197 5596 1325 5670 ejus
1371 5600 1687 5674 imperium
1736 5607 2046 5676 occuparet
2077 5619 2092 5674 ;

2197 4585 2358 4640 tibus
2417 4589 2779 4656 arguentem,
2832 4601 2948 4640 non
2999 4585 3284 4642 meruisse
3332 4601 3708 4658 responsum,
3759 4590 3850 4642 to-

2199 4676 2446 4745 tumque
2475 4677 2686 4729 nostrae
2715 4673 3016 4747 parvitatis
3046 4673 3211 4730 testis
3241 4679 3331 4731 est
3361 4674 3843 4732 monasterium'.

2200 4888 2303 4944 sed
2337 4885 2569 4960 repulso
2616 4886 2861 4960 Alarico,
2903 4885 3031 4960 ipse
3072 4888 3399 4960 trucidatus
3446 4892 3572 4960 est,
3607 4887 3847 4944 labente

2200 4958 2873 5032 an395I7Apertiusipse
2903 4958 3136 5032 Hieron.
3170 4959 3242 5032 ad
3294 4958 3687 5032 Theophilum
3739 4960 3848 5032 ad-
3925 5005 3928 5009 .

2196 5048 2402 5087 versus
2431 5029 2942 5104 ipsumJoannem
2975 5031 3341 5104 epistolai82,
3372 5029 3575 5104 Nuper,
3623 5029 3846 5104 inquit,

2195 5104 2352 5159 nobis
2377 5102 2750 5175 postulauil,et
2772 5102 3374 5175 impetravitexsilium
3397 5102 3592 5174 ;dtque
3634 5102 3858 5175 utinam

2199 5173 2756 5256 implerenpofuisset,
2803 5193 2824 5220 ι
2861 5177 3029 5256 ,εφη
3073 5173 3513 5256 fortasse‘quia
3551 5173 3851 5256 trucidato

2201 5242 2400 5301 statim
2433 5242 2665 5312 Ruﬁno,
2699 5242 3044 5316 rescriptum
3070 5244 3216 5300 illud
3255 5242 3478 5301 nullius
3530 5249 3656 5302 erat
3708 5261 3849 5302 auc-

2201 5315 2473 5372 toritatis.

2272 5387 2402 5441 3Ex
2453 5384 2808 5460 hacpperis
2864 5385 3236 5460 conclusione
3283 5387 3438 5444 docti
3503 5387 3610 5460 viri
3678 5402 3850 5460 argu-

2203 5461 2573 5531 mentantur,
2590 5455 2807 5531 librum
2838 5457 2942 5513 abs
2973 5458 3320 5531 Hieronymo
3357 5477 3473 5516 non
3505 5459 3707 5531 fuisse;
3741 5455 3844 5514 ab-

2203 5527 2652 5603 solutum._Vide
2682 5527 2741 5586 in
2781 5528 2929 5586 hanc
2975 5545 3097 5587 rem
3149 5527 3444 5603 praeﬁxum
3492 5531 3628 5588 huic
3695 5528 3844 5587 libro

2202 5599 2692 5657 Admonitionem.
