4110 6162
308 238 409 307 413
1307 238 1621 311 CONTRA
1662 240 2049 313 RUFINUM.
2082 278 2159 292 -—
2192 238 2655 310 ADMONITIO.
3566 243 3687 313 4M

1045 569 1203 629 ιιῦὸ
1253 567 1330 628 ιΝ
1374 567 1651 630 LIBROS
1695 567 2007 629 CONTRA
2053 566 2417 629 RUFINUM
2460 566 2922 628 ADMONITIO.

386 909 430 963 1.
459 904 832 963 Dissensionis
853 906 1271 978 Hieronymum
1300 905 1453 961 inter
1481 920 1545 960 ac
1578 904 1857 960 Ruﬁnum
1888 903 2059 976 longe
2090 904 2279 960 notior
2309 904 2557 961 historia
2585 908 2694 973 est,
2729 920 2905 976 quam
2938 910 3139 960 nostra
3185 907 3566 980 explicatione
3624 912 3690 965 ut

315 996 554 1068 indigeat.
583 996 773 1050 Causa
803 993 941 1049 mali
970 993 1117 1049 tanti
1150 994 1354 1050 Latina
1379 993 1564 1048 versio
1596 992 1881 1048 librorum
1913 992 2180 1066 Origenis
2210 991 2333 1066 περὶ
2356 996 2570 1067 ’Δρχῶν
2606 994 2733 1060 fuit,
2758 1010 2935 1065 quam
2972 994 3270 1067 presbyter
3299 996 3689 1068 Aquileiensis

308 1084 539 1141 sublesta
571 1083 779 1155 utique
812 1082 1358 1149 ﬁde,elaboraverat
1387 1083 1580 1137 Romae
1613 1081 1764 1137 circa
1794 1098 2014 1136 annum
2048 1082 2171 1137 398.
2206 1083 2352 1137 Nam
2400 1088 2465 1137 ut
2505 1081 2836 1154 Origeniani
2900 1082 3191 1154 dogmatis
3248 1101 3489 1154 venena,
3550 1088 3690 1143 sub-

302 1172 427 1228 doles
456 1168 956 1241 interpretationis
987 1170 1115 1225 fuco
1147 1169 1347 1238 oblita,
1380 1169 1599 1224 Latinis
1630 1170 1872 1225 auribus
1902 1169 2092 1224 tutius
2118 1170 2471 1242 propinaret,
2508 1169 2907 1241 praefationem
2938 1170 3094 1242 Operi
3136 1172 3397 1242 praeﬁxit,
3448 1174 3504 1229 in
3568 1193 3688 1248 qua

300 1262 700 1332 Hieronymum
733 1259 998 1332 figuratis
1028 1259 1302 1314 laudibus
1334 1259 1706 1331 pradicabat,
1738 1257 1914 1313 veluti
1955 1257 2287 1313 Adamantii
2321 1257 2663 1330 opinionum
2723 1258 3031 1325 fautorem,
3093 1276 3330 1330 sumque
3387 1265 3688 1319 sententia;

295 1348 534 1406 socium:
571 1348 779 1420 ipsum
807 1364 940 1403 vero
971 1347 1187 1402 librum
1217 1348 1290 1403 ab
1320 1347 1592 1418 ascriptis
1623 1348 1919 1403 erroribus
1976 1352 2364 1419 expurgatum
2426 1363 2602 1419 opera
2657 1362 2766 1402 sua
2814 1347 3094 1418 jactabat.
3158 1349 3268 1404 Sed
3310 1365 3441 1404 cum
3503 1352 3692 1409 multa

294 1441 470 1494 essent
497 1437 704 1492 adhuc
734 1453 862 1508 quas
893 1436 1257 1492 Christianas
1281 1453 1453 1491 aures
1483 1440 1800 1501 moverent,
1833 1440 1891 1491 et
1920 1436 2117 1491 minus
2149 1435 2432 1492 catholice
2471 1436 2626 1491 dicta
2656 1435 3148 1505 existimarentur,
3193 1436 3603 1496 Pammachius
3634 1445 3692 1496 et

293 1527 533 1584 Oceanus
565 1525 928 1598 Hieronymo
960 1528 1226 1581 auctores
1256 1524 1492 1580 fuerunt
1521 1529 1586 1579 ut
1613 1541 1954 1598 germanam
1986 1525 2110 1597 ipse
2126 1526 2254 1596 ejus
2274 1524 2409 1579 libri
2440 1523 2973 1595 interpretationem
2997 1525 3281 1597 vulgarat,
3316 1542 3690 1600 nequaquam

294 1616 675 1673 dissimulatis
713 1614 1033 1682 erroribus,
1068 1631 1183 1685 quo
1215 1631 1276 1670 se
1309 1614 1619 1670 manifesto
1652 1614 1998 1686 proderent;
2026 1618 2419 1685 purgaretque
2449 1613 2592 1668 adeo
2624 1612 3017 1685 suspicionem
3050 1613 3264 1669 favoris
3292 1614 3351 1669 in
3383 1614 3690 1687 Origenem

296 1706 358 1762 ab
381 1704 586 1760 aemulo
618 1704 921 1774 injectam,
954 1719 1025 1758 ne
1056 1703 1105 1758 si
1138 1702 1548 1759 criminantem
1580 1703 1922 1760 convincere
1952 1703 2226 1768 differret,
2261 1701 2592 1757 consentire
2623 1701 2705 1756 illi
2764 1702 3078 1757 videretur.
3139 1703 3197 1757 S.
3254 1704 3479 1769 Doctor,
3539 1705 3691 1761 datis

295 1795 531 1868 primum
561 1793 782 1848 Ruﬁno
812 1791 1044 1861 litteris,
1078 1792 1264 1847 amice
1295 1797 1650 1863 conquestus
1680 1797 1806 1848 est:
1842 1791 2052 1847 deinde
2083 1808 2235 1846 anno
2266 1791 2373 1845 400
2404 1788 2670 1861 Origenis
2724 1791 2918 1861 ipsum
2977 1789 3191 1845 librum
3250 1791 3331 1846 ita
3386 1792 3457 1847 ad
3510 1793 3689 1850 ﬁnem

293 1885 467 1950 vertit,
496 1888 565 1938 ut
590 1882 850 1937 haereses
884 1880 1081 1937 statim
1115 1881 1577 1937 innotescerent:
1612 1880 1886 1953 deditque
1917 1898 2034 1935 una
2064 1879 2394 1952 epistolam,
2428 1879 2485 1933 in
2528 1882 2728 1933 nostra
2778 1879 3111 1935 recensione
3167 1881 3257 1945 84,
3315 1881 3691 1940 Pammachio

296 1977 349 2028 et
373 1973 617 2036 Oceano,
653 1972 710 2025 in
743 1986 861 2042 qua
890 1969 1245 2025 calumniam
1279 1985 1515 2024 omnem
1549 1986 1582 2023 a
1612 1986 1674 2025 se
1704 1969 1874 2041 longe
1904 1972 2151 2035 amovet,
2188 1984 2371 2040 quove
2402 1967 2598 2022 animo
2650 1966 2852 2038 legerit
2899 1966 3237 2039 aliquando,
3291 1973 3393 2023 aut
3438 1969 3693 2027 laudarit

300 2060 595 2131 Origenem
628 2059 846 2130 absque
879 2056 1111 2129 pietatis
1142 2057 1397 2128 periculo
1428 2056 1679 2129 exponit,
1713 2057 1858 2112 Hinc
1885 2073 2055 2128 porro
2078 2058 2283 2127 ingens
2316 2054 2376 2110 in
2404 2055 2659 2111 Ecclesia
2688 2055 3026 2111 incendium
3076 2061 3341 2112 exortum
3371 2062 3493 2127 est;
3552 2076 3691 2116 nam

302 2148 539 2204 Rufinus
568 2146 906 2219 Apologiam
938 2161 1041 2216 pro
1072 2162 1180 2201 sua
1213 2145 1323 2199 ﬁde
1354 2145 1424 2199 ad
1457 2144 1834 2200 Anastasium
1874 2162 2087 2217 papam
2120 2144 2372 2201 scribere
2399 2144 2762 2215 compulsus,
2796 2161 2911 2199 non
2944 2150 3064 2199 tam
3114 2162 3217 2217 pro
3268 2162 3331 2201 se
3380 2146 3546 2203 nisus
3603 2153 3693 2204 est

298 2238 641 2302 satisfacere,
674 2250 853 2306 quam
885 2234 946 2288 in
978 2232 1069 2289 sui
1093 2233 1489 2289 defensionem
1523 2250 1699 2288 novas
1721 2233 2068 2306 Hieronymo
2100 2233 2427 2290 calumnias
2459 2238 2702 2288 struere.
2736 2233 2887 2288 Tum
2948 2235 3387 2289 recrudescente
3447 2234 3506 2290 in
3565 2238 3691 2294 dies

288 2326 463 2399 magis
491 2324 821 2380 inimicitia;
852 2322 1112 2389 vulnere,
1141 2328 1258 2378 tres
1282 2323 1701 2378 Invectivarum
1726 2322 1907 2379 libros
1932 2340 2085 2378 anno
2117 2321 2450 2393 insequenti
2482 2321 2602 2377 sive
2634 2323 2730 2377 401
2784 2321 2842 2376 in
2900 2326 2956 2376 S.
3016 2322 3321 2378 Doctorem
3377 2324 3685 2395 procudit:

285 2415 484 2488 quibus
515 2413 625 2469 ille
655 2413 921 2468 nondum
952 2410 1135 2480 lectis,
1158 2410 1258 2465 sed
1286 2414 1517 2465 tantum
1548 2427 1617 2466 ex
1638 2427 1735 2466 ore
1765 2410 2082 2467 amicorum
2116 2427 2183 2465 ex
2202 2414 2362 2482 parte
2394 2410 2630 2475 auditis,
2665 2410 2978 2481 respondet
3003 2410 3191 2465 tribus
3222 2410 3383 2465 hisce
3412 2410 3689 2485 Apologe-

282 2504 401 2560 ticis
429 2502 605 2559 libris
635 2518 649 2556 :
682 2516 831 2573 quos
854 2502 925 2556 ad
956 2515 1175 2554 annum
1208 2500 1310 2554 402
1342 2499 1522 2555 refero
1553 2516 1622 2554 ex
1644 2499 1873 2555 duobus
1901 2498 2213 2572 ipsiusmct
2232 2496 2572 2571 Hieronymi
2600 2497 2973 2553 testimoniis.
3007 2497 3269 2554 Alterum
3302 2498 3457 2554 circa
3507 2500 3687 2557 ﬁnem

282 2592 441 2664 primi
470 2591 641 2653 libri
676 2590 777 2644 ubi
794 2592 923 2661 post
955 2589 1232 2643 biennium
1263 2605 1324 2643 se
1354 2588 1605 2643 scribere
1634 2588 1958 2660 proﬁtetur,
1990 2604 2059 2644 ex
2093 2605 2203 2660 quo
2232 2587 2373 2643 edito
2406 2588 2557 2642 brevi
2585 2586 2791 2652 libello,
2833 2585 3138 2657 praeconiis
3190 2587 3387 2642 Ruﬁni
3446 2603 3685 2660 respon-

284 2681 466 2737 derat:
500 2678 710 2736 brevis
742 2678 897 2733 enim
928 2674 1161 2732 libellus
1194 2675 1303 2731 iste
1331 2675 1461 2748 ipsa
1491 2676 1677 2732 estad
1709 2676 2153 2732 Pammachium
2185 2676 2424 2732 laudata
2444 2675 2691 2747 epistola
2719 2676 2807 2742 84,
2829 2692 2954 2747 quae
2977 2676 3047 2731 ad
3079 2692 3300 2731 annum
3327 2679 3685 2749 spectatiOO.

282 2770 529 2826 Alterum
565 2772 710 2842 post
741 2765 1000 2821 medium
1032 2783 1071 2820 ιι
1106 2764 1259 2829 libri,
1292 2765 1389 2820 ubi
1424 2780 1486 2820 se
1517 2769 1648 2821 ante
1675 2782 1847 2821 annos
1875 2768 2047 2835 ferme
2073 2767 2255 2821 decem
2285 2764 2590 2837 scripsisse
2621 2765 2685 2819 de
2705 2765 3017 2819 Illustribus
3045 2766 3184 2820 viris
3212 2765 3386 2821 dicit:
3425 2782 3687 2839 comper-

280 2862 397 2915 tum
426 2873 651 2931 nempe
673 2860 767 2911 est
795 2855 1092 2920 omnibus,
1122 2870 1275 2910 anno
1298 2856 1404 2909 392
1434 2855 1716 2926 prodiisse
1742 2854 1957 2909 librum
1989 2854 2179 2921 illum,
2214 2855 2438 2926 hosque
2468 2855 2611 2910 adeo
2642 2854 2810 2909 initia
2847 2854 3071 2909 ratione
3127 2870 3279 2909 anno
3332 2855 3437 2909 402
3500 2856 3681 2911 ascri-

280 2948 487 3005 bendos
508 2962 672 3005 esse.
688 2946 905 3001 Eorum
920 2960 1088 3015 porro
1111 2960 1341 2999 summa
1356 2948 1445 2999 est
1466 2942 1802 3014 hujusmodi
1826 2962 1843 2997 :
1858 2943 1919 2998 In
1939 2943 2128 3014 primo
2152 2942 2685 3015 interpretationem
2713 2958 2883 2997 suam
2906 2941 3109 2997 multis
3130 2942 3493 3013 argumentis
3515 2958 3686 2998 excu-

283 3042 367 3092 sat
396 3037 635 3108 sibique
677 3033 851 3088 diluit
879 3032 1103 3103 objecta
1132 3032 1412 3087 crimina:
1447 3032 1625 3088 altero
1657 3031 2001 3105 Apologiam
2027 3032 2221 3088 Ruﬁni
2274 3033 2345 3087 ad
2405 3048 2614 3104 papam
2668 3029 3041 3086 Anastasium
3091 3030 3333 3087 missam
3394 3031 3685 3103 exagitat:

280 3125 439 3181 tertio
468 3123 734 3195 denique
765 3121 1029 3193 ejusdem
1062 3119 1482 3176 Ruﬁnilitteris
1504 3119 1617 3176 sibi
1647 3136 1781 3175 cum
1812 3120 2233 3176 Invectivarum
2262 3119 2458 3176 codice
2490 3119 2689 3175 missis
2720 3119 3049 3190 respondet.

343 3217 397 3268 2.
426 3213 598 3267 Nunc
630 3209 773 3282 quid
807 3226 840 3263 a
872 3207 1039 3262 nobis
1068 3208 1125 3261 in
1159 3207 1277 3262 illis
1312 3208 1661 3264 recudendis
1691 3209 2016 3280 praestitum
2049 3210 2143 3277 sit,
2179 3208 2559 3281 explicemus.
2591 3208 2782 3264 Primo
2828 3207 3022 3263 Ruﬁni
3054 3206 3393 3274 Invectivas,
3454 3224 3601 3280 quas
3658 3225 3690 3264 e

280 3301 507 3373 regione
537 3296 1007 3369 Hieronymianzc
1039 3295 1328 3369 Apologia:
1359 3296 1419 3351 in
1449 3297 1687 3352 adversa
1718 3297 1990 3353 columna
2019 3297 2382 3353 continenter
2412 3298 2473 3352 P.
2508 3296 2882 3353 Martianzeus
2914 3302 3287 3369 apposuerat,
3321 3296 3469 3353 loco
3505 3297 3687 3352 movi-

285 3404 435 3453 mus,
464 3393 520 3443 et
549 3384 1019 3457 Hieronymianis
1049 3383 1193 3456 ipsis
1224 3384 1648 3441 subnectimus.
1673 3386 1872 3458 Neque
1901 3386 2058 3441 enim
2081 3403 2149 3441 ex
2171 3387 2376 3441 ordine
2415 3385 2721 3441 sententiae
2779 3385 3086 3440 sententiis
3145 3384 3524 3456 respondent,
3586 3388 3688 3441 aut

286 3476 389 3531 ubi
414 3476 479 3529 in
504 3492 623 3529 una
649 3473 923 3529 columna
951 3471 1197 3526 aemulus
1230 3470 1587 3527 calumniam
1618 3472 1887 3539 intentat,
1912 3474 2066 3530 456
2087 3475 2146 3529 in
2178 3474 2360 3531 altera
2390 3474 2653 3530 criminis
2685 3474 2896 3529 dilutio
2927 3477 3056 3529 est:
3090 3474 3187 3528 sed
3222 3489 3254 3527 e
3284 3472 3576 3529 contrario
3600 3472 3684 3528 al-

292 3566 387 3618 ter
405 3561 719 3633 proutlibet
742 3578 845 3617 suo
869 3559 1173 3616 stomacho
1203 3559 1447 3615 inservit
1475 3564 1532 3616 et
1561 3561 1868 3617 velitatur:
1894 3561 2041 3618 alter
2071 3580 2182 3617 non
2216 3561 2382 3618 lectis
2413 3566 2615 3617 contra
2640 3578 2702 3618 se
2760 3561 2949 3628 libris,
3000 3561 3100 3617 sed
3150 3560 3324 3631 vulgo
3374 3560 3687 3617 intellectis

300 3648 787 3707 criminationibus
814 3648 1089 3705 occurrit.
1123 3647 1311 3710 Quare
1341 3653 1753 3721 praeposteram
1782 3650 2101 3707 Martianaai
2137 3667 2338 3705 curam
2370 3667 2542 3706 nemo
2576 3668 2690 3705 non
2724 3648 3097 3720 improbavit,
3130 3652 3328 3703 natam
3371 3649 3441 3703 ad
3485 3664 3687 3704 crean-

291 3738 434 3794 dum
468 3735 662 3793 lectori
692 3736 974 3802 laborem,
1008 3736 1323 3809 ipsumque
1353 3737 1413 3791 S.
1447 3737 1709 3794 Doctoris
1741 3743 2075 3795 contextum
2097 3737 2347 3811 singulis
2370 3738 2598 3811 paginis
2626 3736 3138 3809 intercipiendum.
3169 3736 3435 3792 Secundo
3455 3751 3588 3791 cum
3611 3736 3690 3791 sit

285 3826 426 3882 utile
455 3826 736 3883 studiosis
767 3831 824 3881 et
846 3826 1247 3892 commodum,
1278 3825 1617 3882 authentica
1646 3832 2049 3897 monumenta,
2082 3844 2207 3899 quae
2239 3827 2474 3898 scriptis
2505 3824 2760 3881 auctoris
2792 3841 2966 3897 quem
2995 3840 3263 3891 exornas,
3322 3823 3685 3881 occasionem

280 3917 584 3983 dederunt,
615 3913 709 3971 vel
741 3931 866 3987 quae
898 3914 970 3969 ab
999 3914 1126 3986 ipso
1158 3917 1391 3969 auctore
1417 3914 1859 3989 impugnantur,
1894 3915 2129 3989 scriptis
2161 3916 2370 3971 iisdem
2405 3918 2732 3983 annectere,
2762 3931 2869 3970 nos
2911 3914 3026 3970 huc
3083 3913 3439 3970 adscivimus
3495 3914 3686 3986 primo

273 4003 461 4060 Ruﬁni
490 4002 763 4059 libellum
794 4001 986 4069 illum,
1019 4001 1139 4057 sive
1169 4000 1531 4075 Apologiam,
1564 4008 1667 4058 aut
1696 4005 2122 4061 confessionem
2158 4004 2313 4070 ﬁdei,
2345 4019 2523 4075 quam
2556 4003 2625 4057 ad
2687 4019 2899 4076 papam
2957 4002 3330 4058 Anastasium
3387 4002 3570 4070 misit,
3632 4008 3687 4058 et

269 4110 441 4166 quam
474 4093 869 4165 Hieronymus
900 4095 1021 4147 toto
1051 4092 1310 4147 secundo
1339 4091 1487 4147 libro
1518 4094 1813 4148 confutet:
1845 4094 2053 4149 deinde
2086 4094 2274 4166 ipsam
2334 4108 2567 4164 quoque
2623 4091 2916 4147 Anastasii
2975 4107 3153 4163 super
3199 4091 3432 4147 nomine
3488 4090 3683 4146 Ruﬁni

265 4181 593 4253 epistolam,
630 4197 812 4254 quam
843 4180 925 4234 illi
960 4180 1133 4235 toties
1152 4184 1270 4236 tem
1304 4179 1461 4244 alibi,
1488 4186 1615 4236 tum
1648 4181 1899 4238 maxime
1928 4183 2088 4238 hisce
2119 4184 2177 4237 in
2210 4180 2376 4237 libris
2417 4180 2630 4253 ingerit
2678 4181 2736 4236 S.
2798 4180 3028 4235 Doctor.
3085 4179 3377 4235 Hactenus
3432 4179 3493 4233 in
3550 4194 3682 4234 eum

264 4274 486 4327 tomum
510 4270 617 4344 qui
646 4269 839 4325 aliena
870 4285 937 4324 ac
967 4268 1339 4340 supposititia
1366 4268 1792 4342 complectitur,
1822 4272 2046 4343 rejectaa
2079 4276 2253 4327 sunt:
2290 4272 2389 4327 sed
2424 4270 2483 4325 in
2516 4270 2774 4342 antiquis
2805 4269 3126 4335 codicibus,
3186 4267 3682 4339 quemadmodum

263 4357 336 4414 de
364 4361 535 4415 veteri
565 4357 907 4415 Corbeiensi
939 4362 1003 4412 P.
1037 4357 1417 4413 Coustantius
1443 4359 1645 4426 tradit,
1678 4359 1822 4415 satis
1856 4361 2172 4431 prudenter
2202 4359 2348 4432 ipsis
2393 4363 2770 4432 apponuntur
2817 4356 3152 4429 Hieronymi
3190 4355 3377 4423 libris,
3437 4355 3684 4426 ejusque

261 4446 674 4520 dispositionis
707 4445 1050 4502 doctissimo
1080 4446 1202 4502 viro
1224 4446 1350 4519 ipse
1381 4452 1582 4502 auctor
1610 4448 2000 4521 Hieronymus
2024 4449 2345 4506 videbatur.
2383 4448 2642 4520 Denique
2674 4446 3108 4504 lucubrationes
3125 4461 3326 4502 omnes
3342 4442 3683 4517 pleramque

258 4540 485 4606 partem
516 4552 654 4592 cum
678 4534 943 4607 antiquis
973 4533 1351 4604 editionibus,
1386 4553 1562 4592 unam
1598 4540 1699 4593 aut
1728 4536 1971 4594 alteram
2001 4555 2135 4595 cum
2166 4537 2534 4595 vetutissimo
2568 4534 3133 4594 Palatino-Vaticano
3162 4534 3266 4590 235
3298 4532 3678 4600 contulimus,

258 4639 408 4698 saepe
430 4624 613 4683 etiam
648 4623 1059 4681 emendamus.
