4094 6166
421 252 544 318 *η

1683 253 1746 319 S.
1796 252 2105 323 EUSEBII
2140 247 2616 324 BIERONYMI.

3696 250 3832 320 ΜΟ

1130 540 1250 640 ε.
1315 541 2025 642 ’ἙΠΞΕΒΠ
2093 542 3137 646 κΗΙΕΒοΝῨΜῙ
3247 555 3254 563 ’

1569 732 2140 794 STRlDONENS‘lS
2157 753 2166 757 ·
2185 732 2683 794 PRESBYTERI

1639 911 2016 1068 APO
2038 909 2609 1069 LOGIA

1038 1189 1870 1323 ADV-EBSUS
1960 1189 2557 1323 LIBROS
2647 1191 3204 1328 RUFINI

2001 1409 2234 1471 MISSA

590 1572 835 1693 AD
927 1562 2158 1704 PAMMACHIUM1
2249 1580 2454 1706 ET
2541 1576 3627 1704 MARCELLAM.

1699 1931 2033 2019 LIBER
2095 1932 2542 2021 PRIMUS.

2011 2092 2207 2106 ψ

391 2171 396 2176 ’
456 2181 641 2240 ,ιω
664 2181 717 2240 4.
760 2184 826 2240 Et
852 2186 1061 2243 vestris
1102 2191 1160 2244 et
1215 2187 1536 2246 multorum
1591 2189 1803 2248 litteris
1856 2190 2057 2259 didici,
2088 2198 2144 2264 Α
2171 2191 2392 2264 collega
2421 2191 2478 2246 in
2512 2187 2956 2263 prmfatiuncula
2986 2203 3179 2254 vocor,
3211 2191 3268 2243 et
3298 2186 3442 2243 satis
3472 2190 3670 2260 aperte
3724 2204 3814 2245 ex-

392 2270 596 2344 .objici
626 2272 768 2329 mihi
803 2273 864 2329 in
896 2274 1097 2332 schola
1111 2277 1418 2351 Tyranni',
1440 2278 1644 2352 lingua
1671 2297 1882 2336 canum
1909 2297 2064 2336 meo-

417 2376 550 2416 rum
579 2377 649 2417 ex
676 2361 935 2420 inimicis
966 2365 1038 2420 ab
1059 2363 1194 2437 ipso
1224 2366 1390 2439 (Psal.
1427 2385 1599 2436 van,
1629 2370 1743 2439 24),
1791 2386 1894 2426 cur
1941 2370 2064 2442 περὶ

416 2451 628 2524 Ἀρχῶν
653 2449 832 2507 libros
873 2452 931 2508 in
965 2453 1235 2510 Latinum
1295 2457 1589 2513 verterim.
1653 2458 1696 2514 Ο
1756 2458 2066 2531 impuden-

387 2529 390 2532 ’
413 2537 558 2594 tiam
577 2538 600 2572 ³
631 2538 1017 2610 singularem!
1053 2549 1331 2599 accusant
1352 2546 1646 2602 medicum
1669 2548 1824 2618 quod
1842 2529 2064 2604 uenena

409 2625 769 2696 prodiderit;
853 2632 918 2683 ut
989 2629 1210 2687 scilicet
1293 2631 1748 2708 φαρμακοπώλην
1811 2653 1986 2692 suum
2019 2639 2059 2704 ‘,

416 2729 535 2770 non
559 2713 896 2773 innocentia
925 2719 1154 2788 merito,
1185 2721 1287 2776 sed
1328 2721 1592 2778 criminis
1651 2725 2062 2782 communione

415 2805 710 2873 tueantur,
745 2805 914 2876 quasi
937 2805 1168 2879 culpam
1201 2825 1483 2866 numeras
1535 2812 1895 2883 peccantium
1950 2814 2060 2868 mi-

418 2895 587 2960 nuat,
616 2897 675 2949 et
702 2893 762 2949 in
795 2895 1080 2968 personis,
1114 2914 1228 2952 non
1261 2897 1320 2954 in
1362 2899 1560 2965 rebus,
1611 2900 1688 2955 sit
1743 2902 2058 2957 accusatio.

418 2973 767 3040 Scribuntur
787 2989 990 3041 contra
1037 3003 1129 3042 me
1172 2986 1329 3054 libri,
1385 2988 1734 3062 ingeruntur
1783 2991 2059 3048 omnibus

411 3071 686 3127 audiendi
714 3090 727 3139 ;
752 3078 810 3128 et
841 3077 1034 3129 tamen
1067 3091 1182 3131 non
1215 3077 1488 3142 eduntur,
1521 3082 1586 3133 ut
1615 3082 1671 3134 et
1701 3078 2056 3151 simplicium

383 3159 589 3216 ..corda
618 3161 968 3231 percutiant,
1001 3167 1059 3218 et
1088 3163 1233 3219 mihi
1261 3165 1599 3222 facultatem
1628 3183 1730 3239 pro
1774 3184 1867 3224 me
1897 3169 2054 3224 aufe-

407 3251 554 3305 rant.
588 3250 994 3320 respondendi.
1059 3252 1284 3310 Novum
1333 3253 1569 3310 malitiae
1621 3272 1828 3328 genus,
1887 3274 2057 3313 accu-

385 3352 578 3403 ,εει-εν
598 3337 756 3407 quod
786 3338 952 3409 prodi
986 3339 1222 3396 timeas:
1260 3342 1534 3412 scribere,
1567 3345 1721 3416 quod
1774 3346 2054 3402 occultes.

415 3423 648 3482 Sisunt
673 3441 810 3481 vera
840 3442 968 3498 quae
1001 3428 1221 3500 scribit,
1249 3447 1353 3487 cur
1381 3432 1683 3504 publicum
1717 3433 1912 3490 timuit
1931 3435 1970 3490 ?-
2007 3437 2055 3492 si

401 3512 576 3584 falsa,
608 3530 713 3570 cur
761 3516 1045 3588 scripsit?
1070 3517 1222 3574 Olim
1254 3519 1418 3592 pueri
1465 3519 1717 3593 legimus
1742 3524 2058 3597 :Intempe-

401 3603 588 3661 rantis
617 3619 749 3661 esse
768 3605 1022 3662 arbitror
1049 3607 1301 3664 scribere
1333 3608 1684 3682 quidquam,
1744 3613 1901 3684 quod
1957 3601 2054 3669 oc?

381 3691 1234 3765 ~cu1tari.velis(Cicero,lib.1
1289 3698 1546 3754 Academ.
1595 3701 1813 3772 Quasi.)
1873 3701 2052 3775 Rogo,

400 3781 536 3854 quis
555 3785 655 3839 est
673 3783 782 3839 istc
808 3783 1014 3839 dolor?
1043 3786 1191 3852 Quid
1214 3790 1468 3842 aestuant
1487 3787 1514 3841 ἲ)
1545 3789 1686 3860 quid
1710 3789 2057 3847 insaniunt?

383 3869 568 3934 Quod
599 3886 922 3942 preconem
953 3873 1145 3946 repuli
1167 3875 1483 3947 ﬁguratum
1506 3876 1533 3930 ?
1556 3878 1708 3949 quod
1761 3879 1920 3936 nolui
1962 3896 2056 3936 me

402 3957 653 4014 subdolo
693 3975 791 4016 ore
821 3959 1097 4017 laudari?
1133 3964 1287 4034 quod
1343 3965 1454 4020 sub
1509 3966 1682 4022 amici
1737 3967 1892 4025 458
1952 3986 2053 4025 no-

401 4045 583 4118 mine,
629 4046 878 4105 .inimici
960 4050 1208 4108 insidias
1283 4052 1688 4127 deprehendi?
1743 4059 1965 4113 Frater-
1998 4063 2057 4114 et

470 4229 597 4302 {Ad
645 4231 1087 4302 Pammachium,
1147 4239 1256 4289 etc.
1320 4235 1382 4289 In
1441 4249 1583 4290 mss.
1645 4232 1944 4290 codicibus
1993 4237 2052 4291 S.

397 4301 660 4375 Audgeni
691 4301 1182 4375 Rothomagensis
1212 4305 1281 4360 ad
1315 4304 1471 4360 hunc
1499 4305 1738 4359 modum
1783 4305 2054 4360 inscribi-

397 4376 495 4426 tur
533 4372 804 4447 Defensio
855 4372 1056 4431 isthéc
1101 4393 1114 4432 :
1169 4378 1371 4446 Incipit
1437 4377 1757 4447 Hieronymi
1821 4376 2056 4445 doctoris

398 4446 614 4516 egregii
650 4445 916 4516 adversus
966 4450 1078 4502 tres
1131 4445 1350 4502 libello:
1402 4447 1594 4516 Ruﬁni
1638 4445 2056 4504 calumniatoris

395 4513 592 4586 {aridi
623 4515 886 4586 _Dcfemio
965 4521 1139 4574 mixta
1216 4513 1569 4573 Pammachio
1643 4526 1717 4573 et
1763 4517 2050 4576 Marcellae.

400 4583 570 4660 Falso
608 4584 678 4660 _in
712 4583 899 4660 'antea
948 4589 1121 4644 editis
1164 4587 1336 4660 libris
1381 4589 1715 4660 Marcellino,
1766 4606 1867 4660 pro
1915 4591 2055 4646 Mar-

397 4656 574 4732 celiae.
605 4654 892 4732 inscripta
920 4665 1044 4714 erat
1073 4659 1273 4732 eadem
1305 4659 1605 4732 Apologia.
1632 4654 1909 4716 Moerim.

2176 2283 2476 2354 ponuntur
2515 2278 2761 2335 crimina
2806 2293 2956 2346 mea,
3009 2276 3149 2349 quid
3197 2275 3555 2348 scripserim,
3606 2276 3816 2347 quibus

2175 2369 2236 2424 in
2293 2369 2502 2424 cmlum
2562 2367 2870 2439 Origenem
2937 2365 3215 2421 laudibus
3282 2363 3610 2426 levaverim.
3661 2364 3816 2420 Bono

2175 2457 2374 2514 animo
2401 2457 2608 2513 fecisse
2638 2472 2699 2512 se
2724 2455 2884 2511 dicit.
2934 2456 3002 2510 Et
3057 2454 3352 2525 quomodo
3403 2469 3561 2508 nunc
3616 2453 3816 2517 eadem

2174 2547 2448 2606 inimicus
2509 2545 2732 2617 objicit,
2799 2561 2928 2617 quae
2982 2547 3123 2600 tunc
3170 2542 3397 2600 amicus
3446 2541 3817 2598 laudaverat?

2171 2636 2447 2692 Volucrat
2504 2651 2596 2691 me
2626 2635 2686 2689 in
2719 2631 3199 2705 interpretatione
3224 2631 3395 2705 quasi
3428 2632 3708 2705 praevium
3732 2647 3813 2688 se-

2172 2725 2296 2797 qui,
2326 2730 2383 2780 et
2413 2723 2814 2781 auctoritatem
2845 2721 3005 2794 operi
3036 2737 3142 2777 suo
3182 2736 3251 2776 ex
3300 2719 3516 2776 nostris
3567 2737 3813 2792 opuscu-

2170 2813 2243 2870 lis
2269 2813 2547 2870 mutuari.
2598 2813 2912 2868 Sufl‘ecerat
2957 2809 3138 2866 semel
3181 2809 3418 2876 dixisse,
3469 2810 3624 2882 quod
3674 2810 3812 2865 scri-

2171 2919 2423 2975 pseram.
2467 2901 2613 2969 Quid
2651 2915 2886 2957 necesse
2919 2898 3029 2954 fuit
3070 2899 3272 2954 eadem
3325 2915 3530 2954 rursus
3579 2898 3811 2967 iterare,

2170 2996 2226 3049 et
2265 2992 2597 3064 frequenter
2641 2989 2937 3062 ingerere:
2991 2991 3047 3043 et
3089 2987 3259 3058 quasi
3308 3002 3478 3044 nemo
3524 2986 3638 3042 sibi
3691 2986 3814 3043 lau-

2168 3081 2330 3139 danti
2360 3081 2638 3146 crederet,
2672 3079 2796 3148 ipsa
2817 3077 2984 3132 .dicta
3020 3075 3332 3148 replicare!
3388 3075 3513 3132 Non
3555 3080 3649 3141 est
3695 3080 3811 3132 tam

2163 3169 2422 3227 sollicita
2449 3169 2521 3224 de
2550 3166 2913 3224 audientium
2937 3165 3072 3232 fide,
3105 3163 3352 3236 simplex
3379 3167 3436 3220 et
3455 3164 3819 3236 puralauda-

2166 3259 2268 3316 tio.
2292 3258 2440 3323 Quid
2473 3256 2700 3326 metuit,
2736 3270 2808 3311 ne
2838 3254 2920 3310 illi
2955 3253 3080 3310 sine
3114 3252 3464 3310 testimoniis
3519 3254 3811 3310 dictorum

2169 3363 2432 3406 meorum
2465 3347 2523 3401 in
2574 3344 2720 3400 meis
2767 3343 3044 3398 laudibus
3084 3359 3210 3397 .non
3251 3342 3552 3398 credatur!
3589 3341 3814 3400 Videtis

2119 3475 2126 3480 α
2167 3452 2275 3492 nos
2321 3433 2648 3508 intelligere,
2692 3431 3063 3504 prudentiam
3110 3431 3239 3502 ejus
3287 3435 3348 3488 et
3388 3429 3815 3503 pradicationis

2165 3524 2493 3596 diasyrtica:
2513 3523 2534 3557 ⁸
2564 3520 2822 3594 strophis
2845 3520 2904 3575 in
2936 3517 3154 3576 scholis
3177 3536 3327 3592 saepe
3349 3517 3599 3577 lusisse!
3658 3519 3814 3576 Sim-

2165 3613 2484 3687 plicitatem
2533 3611 2847 3668 obtendere
2913 3625 3028 3664 non
3071 3612 3284 3680 potest,
3331 3607 3390 3662 in
3438 3624 3554 3680 quo
3605 3607 3810 3671 artifex

2163 3700 2618 3776 deprehenditur
2663 3698 2908 3756 malitia.
2953 3696 3166 3765 Semel,
3236 3701 3340 3752 aut
3407 3701 3472 3752 ut
3533 3697 3808 3766 multum,

2164 3792 2255 3848 bis
2315 3806 2544 3846 errasse
2591 3790 2670 3844 sit
2732 3802 2944 3843 casus:
3009 3803 3114 3841 cur
3155 3786 3474 3858 prudenter
3538 3790 3693 3846 errat
3753 3789 3813 3842 et

2164 3880 2386 3949 crebro,
2428 3878 2582 3936 459
2627 3881 2683 3932 et
2723 3875 2805 3932 sic
2853 3892 2954 3947 per
2999 3879 3190 3930 totum
3238 3873 3381 3930 texit
3417 3890 3694 3942 errorem,
3745 3879 3813 3937 ut

2117 4003 2120 4006 ~
2165 3968 2308 4024 mihi
2351 3984 2464 4022 non
2511 3966 2681 4022 liceat
2729 3980 2941 4036 negare
2989 3963 3146 4035 quod
3197 3962 3435 4020 laudat!
3499 3962 3812 4026 Prudentis

2164 4057 2354 4115 fuerat
2417 4060 2476 4111 et
2518 4053 2714 4119 amici,
2765 4056 2897 4126 post
2937 4050 3372 4108 reconciliatam
3423 4051 3814 4122 simultatem,

2235 4234 2257 4268 ³
2289 4232 2328 4288 0
2380 4231 2805 4304 impudentiam.
2852 4229 2921 4304 S._
2977 4227 3262 4304 Audoeni‘
3292 4227 3465 4284 ambo
3523 4243 3663 4304 mss.
3694 4244 3818 4304 _co-

2164 4305 2344 4361 dices.
2394 4300 2470 4359 Et
2511 4304 2575 4358 ob
2616 4301 3014 4374 impudentiam
3060 4300 3437 4374 singularem,
3484 4303 3610 4374 ‘etc.
3677 4302 3815 4356 Gor-

2168 4376 2423 4434 beiensis
2455 4381 2651 4430 autem
2675 4371 2800 4438 z'Et,
2824 4388 2855 4428 ο
2884 4371 3288 4444 impudentiam
3309 4371 3651 4440 singularem
3673 4377 3693 4425 !

3339 4459 3554 4500 MART“
3559 4458 3596 4497 κ
3604 4483 3616 4496 .

2235 4519 2257 4552 ⁸
2298 4511 2762 4590 Φαρμᾳκοπέὸλην
2825 4513 3416 4590 suum.__0btrudunt
3478 4513 3646 4590 nobis
3720 4511 3824 4590 hic

2163 4590 2358 4646 Graeca
2386 4582 2562 4644 'verba
2593 4582 2869 4657 EraSmus
2899 4590 2956 4640 et
3003 4583 3322 4654 Marianus,
3367 4601 3494 4657 quae
3540 4586 3606 4642 in
3650 4582 3822 4657 nullo

2163 4665 2446 4740 apparent
2495 4656 2812 4740 exemplari
2852 4657 3298 4740 ‘manuscripto:
3347 4654 3561 4740 nempe
3594 4654 3822 4740 φάρμει-

469 4729 532 4784 1η
561 4728 744 4803 scliola
779 4725 1046 4802 Tyranni.
1099 4731 1191 4786 Sic
1241 4725 1373 4803 lege
1417 4725 1549 4786 cuin
1586 4732 1880 4803 omnibus
1937 4732 2053 4788 fere
2160 4725 2611 4803 κῦηῖγοανάςξιμον,
2663 4725 2723 4784 id
2783 4731 2890 4803 est,
2946 4725 3236 4803 venenum
3295 4725 3822 4803 mortiferum;.;ln

402 4797 836 4871 exemplaribus
913 4818 1057 4858 mss.
1136 4797 1512 4858 conformiter
1584 4802 1730 4858 libro
1803 4805 2052 4858 Actuum

397 4887 526 4947 cap.
560 4888 678 4940 xix,
709 4872 763 4940 9,
795 4873 1091 4947 D_i.sputa_ns
1136 4875 1194 4947 in
1242 4875 1707 4947 schola__tyranni
1743 4874 2048 4947 cuiusdam.

398 4943 682 5000 Murrus.
716 4976 785 4984 —
817 4945 985 5000 Putat
1015 4945 1389 5001 Martianaeus
1411 4943 1590 5000 alludi
1616 4943 1759 5000 illud
1799 4948 2050 5001 Actuum

397 5031 524 5084 cap.
556 5032 672 5083 XIX,
704 5017 740 5089 9
775 5034 787 5072 :
822 5018 1122 5087 Disputant
1149 5019 1207 5070 in
1236 5017 1428 5089 schola
1468 5019 1722 5089 tyranni,
1745 5017 2050 5089 cujusdam.

395 5089 469 5141 At
523 5085 756 5161 proprie
834 5085 1214 5161 Hieronymus
1284 5085 1532 5160 patriam
1611 5085 1819 5143 Rufini
1871 5092 2055 5158 notat,

397 5171 597 5238 qu‘em_
627 5159 945 5238 Tyranium,
995 5159 1082 5238 vel
1131 5159 1443 5238 Toranium,
1483 5164 1556 5238 _et
1609 5161 1910 5238 Tura-nium
1961 5177 2055 5231 ap-

397 5225 600 5302 pellari
632 5225 832 5302 videas
861 5230 930 5284 ab
964 5231 1246 5301 antiquis.
1284 5225 1572 5301 Ipsaejus
1603 5230 1862 5302 Symboli
1882 5225 2054 5302 expo-

399 5296 534 5373 sitio
564 5299 758 5373 Ruﬁno
789 5301 1014 5373 Torano,
1051 5296 1412 5373 Aquileiensis
1441 5296 1696 5358 Ecclesiae
1714 5296 2055 5373 rpresbytéro,

397 5369 1009 5444 audere__iuscribitur.
1045 5369 1199 5441 To'ra,
1231 5378 1332 5428 aut
1366 5375 1523 5444 Tyra,
1579 5369 1753 5428 fuerit
1802 5369 1912 5428 loci
1962 5369 2058 5429 nol

400 5457 553 5516 gien.
590 5439 745 5516 Hier,
780 5441 932 5516 intra
974 5442 1080 5516 lib.
1137 5439 1198 5498 ni
1255 5439 1602 5516 oppidulum
1662 5444 1842 5500 fuisse
1891 5444 2054 5500 dicit.

400 5512 535 5588 Erat
564 5515 760 5569 autem
774 5513 985 5588 Δξὶιιῐίιιὶ
1017 5512 1472 5588 cognomen—tum
1506 5517 1830 5587 Tyrannius,
1856 5516 2059 5574 utsuis

401 5583 550 5645 locis
583 5583 974 5644 ostendimus.

2164 4802 2366 4859 multis
2431 4798 2621 4856 Graece
2697 4799 2936 4870 quidem
2982 4798 3296 4870 scribitur
3356 4800 3825 4870 QAPMAKQIIQ-

2164 4874 2313 4930 ΛΑΜ
2347 4889 2562 4940 suum;
2595 4871 2694 4927 sed
2715 4868 2908 4926 altum
2941 4869 3158 4940 ubique
3188 4868 3488 4940 silentium
3520 4869 3592 4925 de
3634 4868 3824 4940 phar-

2083 4932 2126 4998 C
2166 4962 2329 5002 maco
2373 4932 2707 5000 thanasimo
2754 4940 2981 4996 Erasmi
3045 4932 3102 4995 et
3151 4939 3416 4996 Mariani.
3467 4932 3828 4996 Pharmaco-

2167 5017 2299 5091 pola
2328 5033 2498 5089 porro
2523 5012 3133 5091 0rigenistarumerat
3152 5011 3432 5091 Buﬁnus,
3464 5015 3531 5067 ut
3586 5011 3826 5091 liquido

2165 5083 2407 5161 apparet
2457 5104 2525 5161 ex
2585 5083 2714 5161 ipso
2787 5087 3081 5161 contentu.
3127 5083 3438 5161 ⁵Ἀγίιιιινιμιιε.
3486 5113 3555 5124 ο-
3603 5086 3834 5161 Perpe-

2167 5152 2291 5216 ram
2321 5162 2463 5231 erat
2494 5158 2550 5212 in
2599 5152 2857 5231 antiquis
2901 5153 3257 5231 editionibus
3311 5152 3830 5231 cippzxovﬁaﬂa’r-

2166 5251 2349 5303 σιμον,
2411 5229 2466 5284 id
2511 5231 2589 5284 est
2665 5225 2879 5282 malum
2963 5227 3133 5291 virus,
3178 5225 3556 5298 venenumque
3613 5225 3836 5282 lethale

2169 5319 2275 5408 δυέ
2279 5304 2497 5428 7136?:
2529 5367 2935 5440 distrahendo,
2988 5371 3054 5423 ut
3126 5367 3432 5440 Erasmus.
3501 5383 3693 5440 neque
3742 5367 3831 5440 ab

2166 5441 2567 5510 obtrectando,
2618 5445 2682 5494 ut
2721 5438 3035 5505 Victorius,
3103 5439 3420 5511 diasyrtica
3475 5438 3836 5511 praedicatio

2165 5515 2261 5572 hic
2307 5513 2525 5570 dicitur
2551 5511 2749 5584 ;dsed__
2776 5512 2847 5568 ab
2895 5526 2960 5568 eo
3011 5511 3168 5584 quod
3216 5510 3399 5568 elevet
3452 5510 3520 5571 ea
3562 5510 3635 5570 ad
3689 5526 3842 5584 quas

2167 5585 2520 5661 respondere
2550 5581 2790 5642 difﬁcile
2819 5585 2934 5642 est.
