4094 6166
299 284 419 351 4η

1513 284 1824 352 CONTRA
1869 284 2239 352 RU-FINUM-
2272 282 2420 352 LIB.
2461 286 2513 352 Ι.

3594 286 3721 361 418

298 421 472 478 etiam
498 420 659 478 leves
688 421 1326 494 suspiciones't‘ugere:
1370 438 1442 478 ne
1498 424 1655 494 quod
1716 423 1955 478 fortuito
1983 426 2036 490 Α
2066 422 2308 491 diluere,
2344 423 2535 479 neille
2583 424 2729 479 mihi
2788 422 2994 479 fecisse
3045 425 3349 494 putaretur
3408 424 3711 496 iniuriam,

294 511 551 576 fecisset,
583 510 866 566 consulto
900 510 1088 566 facere
1132 515 1456 582 putaretur.
1492 512 1653 567 Unde
1705 516 1761 567 et
1816 511 1953 567 Tul-

296 601 413 656 lius
462 599 520 654 iu
578 600 1030 655 Commentariis
1090 616 1403 655 causarum
1482 618 1586 673 pro
1670 600 1951 656 Gabinio:

298 714 325 737 ‹‹
361 691 479 762 Ego
512 712 541 739 ››
572 687 785 759 inquit,
808 704 945 744 cum
975 704 1180 745 omnes
1203 688 1495 745 amicitias
1525 689 1779 745 tuendas
1808 704 1958 744 sem-

302 794 411 851 per
438 778 634 849 putavi
662 792 902 832 summa
929 776 1207 849 religione
1238 782 1297 832 et
1325 777 1460 843 ﬁde,
1495 781 1622 832 tum
1672 794 1771 833 eas
1832 793 1956 832 ma-

307 868 471 923 xime
491 883 617 938 qua
634 873 825 921 essent
844 883 915 921 ex
933 865 1264 921 inimicitiis
1282 870 1558 921 revocata
1588 865 1647 921 in
1666 867 1914 938 gratiam
1940 884 1953 931 ;

313 961 614 1028 propterea
637 954 789 1026 quod
819 954 1062 1026 integris
1083 954 1358 1010 amicitiis
1408 955 1668 1010 ofﬁcium
1722 962 1956 1027 prater-

312 1046 578 1109 missum,
605 1042 1015 1115 imprudentia
1043 1042 1132 1097 vel
1193 1044 1279 1113 (ut
1333 1042 1569 1115 gravius
1614 1043 1958 1114 interprete-

306 1134 460 1199 mur)
510 1130 876 1203 negligentia
930 1131 1302 1187 excusatione
1367 1132 1741 1199 defenditur;
1829 1136 1963 1202 post

299 1220 560 1277 reditum
588 1220 651 1274 in
681 1219 952 1291 gratiam,
1002 1220 1053 1276 si
1110 1220 1252 1291 quid
1297 1225 1387 1276 est
1433 1221 1843 1287 commissum,
1900 1219 1959 1273 id

296 1326 416 1366 non
477 1307 834 1381 neglectum,
892 1310 993 1364 sed
1043 1308 1325 1365 violatum
1383 1314 1669 1381 putatur:
1714 1324 1820 1363 nec
1848 1308 1959 1363 im—

297 1398 656 1471 prudentia,
683 1397 782 1452 sed
818 1397 1073 1469 perﬁdia
1102 1398 1393 1470 assignari
1440 1397 1608 1453 solet.
1634 1420 1662 1447 ››
1721 1397 1961 1452 Flaccus

296 1485 584 1542 Horatius
616 1501 852 1556 quoque
881 1485 941 1540 in
972 1485 1231 1557 Epistola
1259 1502 1440 1557 quam
1472 1485 1671 1541 scribit
1702 1485 1773 1540 ad
1827 1484 1961 1541 Flo-

298 1592 473 1631 rum:
508 1574 674 1640 Male,
706 1577 810 1640 ait,
860 1580 1016 1629 sarta
1065 1574 1259 1631 Gratia
1286 1575 1688 1646 ‘nequidquam
1743 1575 1881 1642 coit,
1912 1577 1965 1628 et

298 1665 666 1720 rescinditur.

368 1758 426 1809 2.
460 1754 738 1819 Hilarius,
799 1754 1046 1823 Origenis
1101 1755 1394 1825 interpres,
1454 1757 1505 1808 et
1543 1753 1856 1809 Ambrosius
1910 1757 1962 1807 et

305 1845 644 1899 Victorinus.
680 1842 800 1896 Tres
845 1842 978 1896 libri
1039 1843 1240 1913 Rufini.
1275 1873 1340 1882 —
1398 1842 1543 1906 Quid
1598 1842 1744 1897 mihi
1806 1858 1964 1897 nunc

299 1932 569 2004 prodest,
598 1931 754 2002 quod
806 1928 1150 2002 simpliciter
1196 1947 1423 1986 errasse
1466 1947 1528 1986 se
1560 1931 1772 2001 jurat?
1820 1931 1963 1985 Ecce

303 2019 672 2090 objiciuntur
727 2018 873 2073 mihi
936 2019 1141 2074 laudes
1189 2020 1338 2091 ejus,
1398 2024 1455 2074 et
1510 2018 1743 2074 crimini
1793 2019 1966 2074 datur

309 2107 733 2179 simplicissimi
764 2106 960 2173 amici,
995 2123 1109 2161 non
1140 2105 1411 2178 simplex,
1445 2123 1551 2162 nec
1582 2123 1730 2179 pura
1770 2106 1968 2162 lauda-

308 2199 420 2252 tio.
456 2196 553 2252 Sic
581 2196 981 2251 auctoritatem
1012 2212 1118 2251 suo
1146 2196 1305 2267 operi
1341 2196 1741 2267 prastruebat,
1765 2195 1967 2251 volens

302 2301 463 2358 quos
523 2289 867 2354 sequeretur
912 2283 1237 2350 ostendam,
1286 2283 1493 2339 habuit
1550 2284 1607 2338 in
1689 2289 1965 2355 promptu

302 2372 604 2429 Hilarium
664 2372 1089 2439 Confessorem,
1146 2373 1245 2443 qui
1309 2372 1702 2445 quadraginta
1785 2372 1968 2427 ferme

304 2462 503 2518 millia
561 2475 834 2516 versuum
888 2460 1155 2532 Origenis
1210 2462 1270 2515 in
1356 2461 1466 2516 Job
1561 2465 1619 2516 et
1704 2460 1968 2516 Psalmos

301 2549 641 2607 transtulit.
672 2549 892 2604 Habuit
920 2548 1323 2617 Ambrosium,
1357 2550 1530 2620 cujus
1560 2565 1706 2621 pene
1764 2565 1971 2605 omnes

304 2640 445 2695 libri
471 2639 661 2709 hujus
692 2638 1065 2694 sermonibus
1091 2637 1247 2709 pleni
1313 2643 1489 2693 sunt:
1532 2643 1591 2693 et
1650 2641 1965 2709 martyrem

304 2727 703 2794 Victorinum,
735 2728 835 2797 qui
863 2725 1303 2798 simplicitatem
1336 2743 1505 2783 suam
1536 2726 1596 2782 in
1620 2743 1686 2782 eo
1740 2727 1965 2798 probat,

302 2818 451 2873 dum
478 2814 632 2871 nulli
664 2815 909 2871 molitur
938 2814 1204 2870 insidias.
1238 2820 1314 2870 De
1344 2815 1437 2871 his
1468 2815 1745 2871 omnibus
1795 2818 1966 2881 tacet,

304 2911 384 2971 et,
444 2905 623 2978 quasi
681 2903 972 2959 columnis
1039 2903 1301 2959 Ecclesia
1379 2904 1810 2976 pratermissis,
1875 2918 1969 2959 me

308 2995 510 3051 solum
574 2992 827 3065 pulicem
882 2998 938 3048 et
990 2992 1157 3047 nihili
1217 2992 1513 3049 hominem
1546 3010 1665 3065 per
1722 2992 1970 3065 angulos

307 3086 709 3139 consectatur.
773 3082 898 3137 Nisi
946 3082 1090 3138 forte
1139 3083 1342 3137 eadem
1397 3082 1793 3154 simplicitate,
1856 3098 1971 3153 qua

306 3174 569 3229 amicum
602 3171 841 3227 nescius
868 3172 1183 3239 accusavit,
1214 3171 1347 3227 illos
1376 3172 1679 3243 ignorasse
1710 3172 1965 3242 sejuret.
1999 3158 2040 3223 C

308 3262 381 3317 Et
410 3261 547 3332 quis
567 3262 619 3316 ei
652 3260 851 3316 credet
877 3260 998 3317 viro
1026 3261 1449 3326 eruditissimo,
1498 3266 1555 3316 et
1586 3260 1687 3332 qui
1736 3264 1967 3315 tantum

312 3350 531 3405 habeat
585 3350 890 3405 scientiam
948 3349 1300 3421 scriptorum
1352 3354 1638 3415 veterum,
1718 3348 1967 3404 maxime

312 3439 673 3503 Grecorum,
707 3442 771 3493 ut
800 3438 941 3493 dum
975 3438 1283 3509 peregrina
1319 3442 1595 3504 sectatur,
1658 3453 1803 3508 pene
1861 3454 1969 3492 sua

320 3526 629 3581 amiserit:
681 3527 835 3598 quod
880 3525 1297 3583 recentissima
1348 3526 1644 3583 memoria
1712 3527 1865 3581 viros
1913 3528 1970 3580 et

327 3614 574 3669 Latinos
604 3615 807 3671 nesciat
827 3615 855 3669 ?
886 3615 967 3669 Ex
996 3631 1112 3686 quo
1144 3620 1384 3687 apparet
1415 3632 1530 3670 non
1566 3620 1687 3670 tam
1746 3631 1837 3670 me
1895 3614 1967 3669 ab

321 3719 393 3758 eo
424 3702 738 3758 laudatum.
773 3720 953 3776 quam
987 3703 1119 3759 illos
1143 3721 1259 3759 non
1318 3708 1624 3760 accusatos
1652 3721 1664 3759 :
1727 3709 1793 3757 ut
1849 3703 1968 3758 sive

311 3792 452 3847 laus
488 3790 589 3847 illa
620 3797 709 3847 est
733 3794 823 3863 (ut
879 3792 1077 3847 stultis
1128 3794 1481 3864 persuadere
1525 3793 1789 3862 conatur)
1849 3792 1967 3847 sive

306 3881 631 3947 accusatio,
664 3888 731 3937 ut
760 3898 864 3953 ego
908 3898 974 3937 ex
1030 3880 1292 3937 vulneris
1338 3883 1453 3939 mei
1500 3881 1698 3937 dolore
1756 3882 1965 3946 sentio,

308 3987 417 4026 nec
446 3972 509 4024 in
541 3969 719 4026 laude
746 3970 1021 4027 haberem
1051 3969 1368 4042 aqualium
1423 3970 1693 4043 gloriam,
1751 3986 1856 4026 nec
1908 3971 1967 4026 in

310 4059 749 4131 vituperatione
777 4058 1077 4115 solatium.

383 4150 438 4203 3.
492 4149 681 4204 Teneo
730 4148 1007 4221 epistolas
1062 4154 1305 4215 vestras,
1356 4149 1574 4221 quibus
1628 4154 1966 4205 accusatum

309 4252 410 4293 me
430 4237 864 4304 scribitisesse,
916 4244 974 4293 et
1023 4238 1341 4295 hortamini
1398 4239 1559 4294 460'
1618 4242 1684 4293 ut
1737 4254 1971 4310 respon-

315 4327 489 4381 deam
520 4327 860 4383 eriminanti
894 4344 993 4389 ;ne
1015 4328 1065 4382 si
1126 4328 1435 4391 tacuerim,
1494 4327 1692 4382 videar
1749 4326 1968 4381 crimen

311 4430 658 4487 agnoscere.
692 4417 779 4471 Ad
814 4432 962 4489 quas
993 4416 1292 4488 respondi,
1335 4416 1553 4471 fateor:
1589 4421 1645 4471 et
1702 4416 1970 4487 quamvis

305 4505 520 4571 Iasus,
542 4505 627 4561 sic
651 4505 922 4561 amicitia
943 4506 1083 4575 jura
1104 4505 1348 4575 servavi,
1383 4510 1448 4560 ut
1478 4521 1572 4560 me
1617 4504 1742 4560 sine
1799 4520 1971 4560 accu-
2000 4528 2048 4592 Β

304 4594 511 4650 santis
549 4594 923 4650 accusatione
976 4594 1388 4660 defenderem;
1450 4598 1507 4649 et
1591 4595 1749 4665 quod
1818 4611 1974 4649 unus

306 4683 518 4737 Roma
546 4684 775 4738 amicus
825 4684 1139 4754 objecerat,
1186 4700 1221 4738 a
1278 4682 1485 4738 multis
1550 4682 1609 4737 in
1658 4686 1778 4738 toto
1836 4684 1973 4739 orbe

305 4770 579 4826 inimicis
625 4772 877 4827 dicerem
910 4772 1267 4843 jactitatum,
1323 4775 1388 4825 ut
1445 4788 1559 4826 non
1608 4771 1836 4827 viderer
1869 4772 1972 4826 ho-

306 4858 491 4925 mini,
520 4861 619 4915 sed
652 4858 1000 4916 criminibus
1032 4860 1403 4932 respondere.
1439 4859 1611 4915 Aliud
1645 4864 1754 4931 est,
1790 4860 1838 4916 si
1871 4876 1973 4931 pro

298 4952 450 5021 jure
494 4948 760 5005 amicitia
810 4955 1120 5006 accusatus
1180 4954 1371 5005 tacere
1414 4949 1612 5015 debui,
1700 4954 1757 5004 et
1831 4950 1971 5004 dum

304 5038 571 5093 lutatam
603 5038 788 5095 habeo
813 5039 1019 5095 faciem
1044 5040 1085 5105 ¹,
1120 5043 1313 5110 atque,
1349 5043 1414 5093 ut
1442 5039 1524 5093 ita
1552 5038 1765 5103 dicam,
1798 5038 1971 5093 hare-

306 5127 443 5185 tico
469 5127 647 5184 fetore
686 5144 1085 5201 conspersum,
1143 5144 1214 5183 ne
1254 5127 1506 5201 simplici
1535 5126 1769 5199 quidem
1822 5143 1975 5198 aqua

396 5328 411 5399 ξ
444 5323 755 5395 Victorius,
792 5327 1026 5399 lutatam
1056 5325 1154 5399 ab,
1181 5342 1241 5381 eo
1281 5327 1499 5399 facim,
1570 5324 1796 5399 scilicet
1826 5398 1831 5399 ί
1856 5325 1971 5383 Ru-

316 5399 472 5463 ﬁno,
543 5414 650 5479 pro
696 5399 899 5479 Italico,
955 5398 1227 5479 Phrasin
1280 5397 1679 5479 ll‘ieronymus.
1712 5397 1976 5479 "videtur

312 5469 657 5541 sumpsisse
687 5485 755 5524 ex
780 5471 1042 5536 'l‘atiano,
1076 5469 1176 5541 qui
1196 5470 1268 5523 de
1300 5469 1605 5541 Crescente
1628 5469 1974 5541 philosopho

310 5538 586 5618 scripsit,
634 5538 1110 5618 quoddlutatam—
1136 5538 1410 5597 habuerit
1485 5538 1715 5611 faciem,
1788 5538 1977 5618 eaque

315 5610 562 5701 propter
591 5610 843 5690 sapienti
872 5610 1228 5673 indecorem.

2065 512 2193 567 Hac
2224 529 2331 567 vox
2364 530 2469 568 nec
2495 512 2752 569 hominis
2782 517 2891 583 est,
2923 530 3027 568 nec
3062 511 3134 567 ad
3165 512 3487 581 hominem,
3514 518 3716 587 aperte

2065 601 2318 656 amicum
2355 605 2566 673 petere,
2600 606 2655 656 et
2676 601 2921 657 crimina
2947 601 3074 671 ejus
3115 601 3224 656 sub
3284 618 3534 673 persona
3584 602 3711 659 lau-

2067 690 2286 745 datoris
2316 706 2641 760 exponere:
2676 695 2732 745 et
2761 689 2844 744 illi
2886 706 2957 745 ne
3005 690 3113 744 hoc
3172 689 3407 761 quidem
3462 691 3712 747 liberum

2066 777 2412 843 derelinqui,
2448 783 2511 833 ut
2537 794 2597 833 se
2628 777 2978 833 catholicum
3004 777 3293 850 probet,et
3315 777 3709 834 laudationem

2069 866 2341 929 haretici,
2370 883 2499 937 qua
2522 866 2605 921 illi
2635 866 2925 937 objicitur,
2962 883 3077 922 non
3123 866 3193 921 de
3240 883 3482 923 assensu
3537 866 3715 922 barc-

2068 971 2219 1021 seos,
2253 955 2353 1009 sed
2386 956 2457 1009 de
2486 954 2704 1026 ingenii
2736 955 3028 1010 exstitisse
3050 954 3434 1011 admiratione
3488 971 3721 1026 respon-

2069 1044 2221 1098 deat.
2254 1042 2557 1098 Placuerat
2587 1042 2661 1110 ei,
2692 1042 2808 1098 sive
2840 1049 2904 1098 ut
2934 1044 3058 1114 ipse
3117 1042 3242 1098 vult
3289 1044 3496 1111 videri,
3560 1060 3709 1098 com-

2069 1131 2275 1203 pulsus
2334 1132 2554 1187 eratin
2611 1132 2880 1188 Latinam
2936 1131 3190 1201 linguam
3246 1137 3495 1196 vertere,
3564 1132 3720 1202 quod

2069 1219 2319 1275 nolebat.
2352 1220 2497 1285 Quid
2522 1236 2756 1276 necesse
2783 1220 2891 1275 fuit
2921 1236 3014 1275 me
3056 1220 3359 1289 latentem,
3434 1225 3492 1276 et
3540 1222 3720 1275 tantis

2071 1310 2249 1364 maris
2302 1314 2481 1380 atque
2532 1313 2819 1364 terrarum
2878 1309 3131 1365 divisum
3191 1309 3395 1381 spatiis
3466 1309 3721 1364 inserere

2069 1398 2373 1469 quastioni
2395 1398 2422 1451 ?
2445 1414 2733 1469 opponere
2764 1397 2993 1451 invidia
3028 1397 3450 1469 plurimorum,
3483 1402 3551 1452 ut
3588 1395 3722 1468 plus

2070 1486 2215 1540 mihi
2237 1485 2529 1542 laudando
2569 1492 2821 1553 noceret,
2846 1502 3027 1557 quam
3059 1486 3171 1541 sibi
3207 1486 3511 1558 prodesset
3536 1502 3723 1541 exem-

2071 1574 2163 1646 plo
2185 1574 2212 1628 ‘P
2243 1574 2408 1629 Nunc
2441 1590 2670 1645 quoque
2702 1574 2842 1644 quia
2862 1573 3029 1629 renui
3060 1573 3449 1640 laudatorem,
3473 1577 3725 1628 etverso

2066 1662 2213 1735 stylo
2244 1663 2413 1718 docui
2447 1679 2536 1717 me
2568 1679 2684 1717 non
2716 1679 2865 1723 esse.
2899 1663 3055 1733 quod
3111 1677 3279 1717 meus
3356 1662 3725 1717 necessarius

2071 1750 2424 1821 pradicavit,
2480 1750 2693 1806 dicitur
2749 1751 2962 1815 lurere,
3020 1756 3077 1806 et
3122 1752 3282 1806 tres'
3337 1756 3541 1806 contra
3630 1766 3725 1804 me

2071 1839 2253 1895 libros
2280 1844 2586 1895 venustate
2616 1840 2809 1895 Attica
2838 1840 3132 1907 texuisse;
3164 1840 3367 1895 eadem
3416 1855 3723 1903 accusans,
3774 1872 3797 1889 ρ

2072 1945 2198 2000 qua
2230 1931 2362 1983 ante
2395 1927 2754 1995 laudaverat,
2789 1932 2845 1983 et
2873 1928 3156 1999 objiciens
3208 1928 3353 1983 mihi
3411 1928 3469 1983 in
3530 1933 3724 1982 trans.

2073 2016 2287 2073 latione
2316 2016 2581 2089 Origenis
2611 2018 2832 2072 nefaria
2863 2018 3158 2089 dogmata,
3192 2018 3261 2072 de
3293 2034 3408 2087 quo
3476 2016 3534 2071 in
3584 2015 3727 2071 Pra-

2074 2105 2771 2161 fatiunculalaudationis
2801 2122 2920 2160 sua
2945 2106 3171 2160 dixerat
3196 2122 3207 2159 :
3243 2129 3269 2155 «
3303 2106 3529 2177 Sequar
3558 2122 3729 2176 regu~

2072 2194 2190 2249 lam
2245 2211 2686 2266 praeessorum,
2730 2199 2789 2248 et
2842 2195 2970 2263 ejus
3021 2193 3307 2266 pracipue
3364 2194 3495 2259 viri,
3553 2196 3725 2265 cujus

2074 2284 2347 2354 superius
2377 2283 2622 2339 fecimus
2654 2284 3011 2338 mentionem
3045 2300 3057 2337 :
3094 2284 3195 2354 qui
3249 2300 3383 2338 cum
3432 2284 3586 2339 ultra
3634 2304 3725 2338 so-

2078 2372 2383 2444 ptuaginta
2414 2372 2641 2427 libellos
2672 2371 2958 2444 Origenis,
3006 2389 3152 2444 quos
3210 2372 3574 2428 Homilitieos
3623 2390 3720 2443 ap-

2077 2460 2332 2533 pellavit,
2367 2460 2703 2532 aliquautos
2735 2460 2910 2517 etiam
2934 2461 3003 2515 de
3041 2460 3218 2516 tomis
3260 2461 3318 2515 in
3372 2460 3721 2532 Apostolu-m

2076 2549 2332 2621 scripsit,
2368 2548 2769 2605 transtulisset
2800 2549 2859 2604 in
2888 2550 3196 2618 Latinum;
3229 2549 3290 2606 in
3335 2549 3551 2621 quibus
3585 2567 3721 2604 cum

2076 2639 2378 2711 aliquanta
2415 2637 2764 2693 offendicula
2830 2636 3205 2693 inveniantur
3261 2636 3317 2693 in
3366 2638 3582 2706 Graec,
3642 2640 3726 2696 ita

2077 2728 2336 2784 elimavit
2366 2728 2565 2783 omnia
2595 2728 3032 2799 interpretando
3071 2731 3247 2798 atque
3306 2728 3596 2799 purgavit,
3662 2735 3725 2783 ut

2078 2817 2223 2872 nihil
2250 2818 2305 2871 in
2340 2816 2458 2872 illis
2490 2817 2645 2888 quod
2677 2833 2711 2870 a
2741 2816 2853 2871 ﬁde
2887 2826 3088 2871 nostra
3116 2816 3429 2887 discrepet,
3483 2816 3726 2872 Latinus

2077 2905 2256 2962 lector
2286 2906 2566 2960 inveniat.
2601 2905 2767 2960 Hunc
2819 2920 2955 2976 ergo
3010 2905 3187 2960 etiam
3237 2921 3362 2969 nos,
3421 2904 3556 2959 licet
3606 2923 3720 2960 non

2077 2994 2423 3066 eloquentia
2479 2994 2723 3059 viribus,
2776 2993 3097 3066 disciplina
3156 2998 3350 3049 tamen
3389 2992 3608 3065 regulis
3670 2994 3727 3049 in

2084 3088 2371 3155 quantum
2396 3100 2736 3156 possumus,
2770 3083 3097 3154 sequimur.

2151 3175 2203 3228 4.
2263 3172 2415 3228 Fides
2474 3174 2713 3228 Romana
2773 3171 3170 3227 Catholicorum
3244 3180 3342 3227 est.
3420 3202 3487 3211 —-
3568 3177 3731 3227 Certe

2076 3263 2197 3317 hac
2230 3261 2389 3318 illius
2441 3262 2617 3317 verba
2670 3266 2829 3328 sunt,
2883 3277 3095 3333 negare
3148 3276 3265 3315 non
3325 3264 3528 3332 potest.
3596 3262 3727 3332 Ipsa

2078 3352 2212 3424 styli
2261 3351 2555 3422 elegantia
2595 3354 2651 3405 et
2710 3366 2901 3405 sermo
2950 3350 3595 3421 compositus,quotque
3631 3350 3722 3405 his

2078 3441 2271 3511 majus
2301 3444 2409 3507 est,
2443 3440 2590 3494 481
2651 3438 2999 3510 simplicitas
3058 3437 3406 3505 Christiana,
3474 3438 3729 3492 auctoris

2078 3529 2169 3585 sui
2204 3529 2602 3584 characterem
2634 3527 2901 3599 probant.
2933 3525 3103 3581 Aliud
3136 3530 3243 3593 est,
3287 3526 3335 3581 si
3387 3527 3498 3580 ista
3550 3527 3721 3580 Euse-

2077 3618 2209 3672 bius
2244 3616 2595 3689 depravavit,
2642 3620 2698 3670 et
2755 3619 3058 3670 accusator
3105 3614 3372 3685 Origenis
3393 3614 3433 3679 ³,
3495 3615 3727 3684 meique

2078 3706 2403 3775 studiosus,
2436 3706 2493 3760 in
2528 3721 2643 3759 uno
2674 3704 2992 3775 eodemque
3021 3718 3193 3774 opere
3215 3708 3273 3756 et
3304 3702 3472 3756 illum
3518 3707 3573 3755 et
3634 3718 3725 3756 me

2077 3794 2162 3849 vel
2191 3810 2436 3857 errasse,
2468 3793 2555 3847 vel
2613 3793 2758 3847 bene
2816 3792 3073 3847 sensisse
3130 3794 3377 3847 testatus
3428 3794 3536 3845 est.
3600 3790 3722 3845 Non

2078 3886 2269 3954 potest
2290 3898 2382 3937 me
2409 3898 2561 3936 nunc
2594 3880 2867 3935 inimicus
2897 3879 3230 3935 bareticum
3271 3880 3486 3945 dicere,
3549 3896 3723 3951 quem

2078 3971 2254 4026 aﬁde
2285 3987 2392 4027 sua
2450 3970 2673 4025 dudum
2717 3986 2828 4024 non
2888 3970 3215 4040 discrepare
3274 3969 3548 4040 prafatus
3618 3973 3728 4023 est.

2079 4059 2383 4131 Simulque
2423 4058 2632 4113 ethoc
2690 4059 2762 4113 ab
2823 4075 2887 4113 eo
2946 4073 3161 4129 quare,
3222 4058 3363 4129 quid
3434 4057 3544 4112 sibi
3597 4055 3735 4110 velit

2079 4166 2269 4205 sermo
2292 4149 2631 4203 moderatus
2652 4152 2710 4202 et
2739 4147 2999 4202 dubius?
3031 4145 3210 4214 Nihil,
3244 4146 3459 4216 inquit,
3511 4146 3571 4199 in
3618 4142 3735 4198 illis

2078 4238 2231 4310 quod
2264 4254 2297 4292 a
2322 4238 2435 4292 ﬁde
2466 4240 2669 4291 nostra
2687 4235 2997 4306 discrepet,
3034 4235 3280 4289 Latinus
3336 4233 3514 4288 lector
3573 4233 3729 4286 inve-

2079 4327 2215 4382 niet.
2254 4327 2452 4382 Fidem
2483 4340 2652 4381 suam
2684 4340 2862 4395 quam
2915 4322 3125 4379 vocat?
3181 4322 3395 4377 Eamne
3442 4336 3559 4392 qua
3621 4323 3731 4374 Ro-

2081 4433 2255 4471 mana
2284 4414 2463 4487 pollet
2493 4412 2795 4469 Ecclesia?
2823 4430 2894 4468 an
2931 4411 3111 4479 illam,
3170 4428 3297 4483 qua
3349 4410 3406 4464 in
3461 4407 3727 4481 Origenis

2079 4504 2476 4560 voluminibus
2502 4502 2831 4558 continetur
2865 4501 2961 4556 PSi
2984 4502 3305 4557 Romanam
3340 4497 3725 4572 responderit,

2081 4610 2217 4665 ergo
2246 4592 2525 4648 Catholici
2559 4608 2787 4659 sumus,
2820 4590 2923 4662 qui
2954 4588 3099 4645 nihil
3120 4589 3190 4644 de
3220 4588 3490 4662 Origenis
3532 4603 3727 4642 errore

2084 4681 2517 4737 transtulimus.
2560 4680 2665 4735 Sin
2712 4684 2910 4736 autem
2984 4678 3254 4751 Origenis
3342 4676 3733 4748 blasphemia,

2083 4769 2408 4826 ﬁdesillius
2470 4773 2594 4824 est:
2656 4770 2797 4823 dum
2842 4768 2987 4822 mihi
3036 4766 3444 4822 inconstantia
3506 4764 3728 4817 crimen

2083 4858 2377 4931 impingit,
2411 4874 2472 4913 se
2502 4857 2838 4912 bareticum
2886 4857 3114 4929 probat.
3160 4856 3290 4910 Sive
3349 4854 3494 4907 bene
3551 4851 3739 4905 credit

2084 4948 2356 5003 laudator
2384 4962 2570 5014 meus,
2627 4945 2991 5001 confessione
3041 4961 3150 5000 sua
3208 4958 3298 4996 me
3356 4939 3607 4996 assumit
3668 4940 3725 4991 in

2084 5038 2346 5103 socium;
2382 5034 2501 5090 sive
2545 5033 2718 5099 male,
2752 5033 3007 5089 ostendit
3040 5050 3131 5087 me
3176 5031 3302 5085 ideo
3354 5034 3483 5084 ante
3540 5027 3741 5083 laud‘a«

2083 5133 2233 5197 tum,
2293 5125 2432 5197 quia
2488 5122 2831 5196 participem
2872 5123 2963 5178 sui
3020 5121 3266 5194 putabat
3322 5116 3593 5174 eorroris.
3627 5115 3740 5171 Sed

2154 5326 2175 5357 ²
2207 5322 2499 5393 Superant
2553 5319 2869 5393 hodienum
2926 5322 3101 5393 _tres:_
3153 5317 3211 5373 in
3294 5332 3546 5393 quorum
3597 5312 3737 5393 “hae

2085 5387 2391 5476 bands-est
2422 5408 2664 5448 numero
2723 5390 2982 5463 Epistola
3034 5390 3106 5445 ad
3159 5387 3562 5444 Anas’tasium.
3597 5387 3737 5445 Vide

2088 5471 2472 5592 VlataLIE‘Tcii'tasse
2493 5532 2930 5591 rescribendum
2953 5538 3063 5603 est,
3121 5532 3285 5591 Aliud
3344 5533 3393 5589 si
3450 5528 3736 5600 accusator

2089 5608 2367 5687 Origenis,
2401 5609 2511 5683 etc,
