4110 6162
469 305 597 390 ιιέ

1697 311 1797 388 -s.-
1829 310 2144 391 EUsEsn
2183 313 2637 393 'HIE'RONYMI

3691 320 3799 398 eo

467 460 748 516 adversus
779 459 910 517 illos
938 458 1120 518 libros
1149 458 1249 533 qui
1279 477 1384 534 per
1411 460 1660 533 angulos
1718 461 2004 532 garriunt,
2055 465 2113 517 et
2140 463 2193 530 Α
2225 468 2306 518 Ac
2337 479 2409 518 ne
2448 477 2687 536 parvam
2717 461 2978 534 epistolis
3033 463 3300 520 haberem
3354 462 3534 530 fidem,
3581 463 3795 522 misistis

465 549 680 605 furtiva
707 550 1077 606 accusatione
1107 565 1200 605 me
1259 550 1551 617 mordent,
1610 565 1745 604 cum
1794 549 1932 604 editi
1994 551 2114 605 fue-

466 637 604 704 rint,
636 641 693 695 et
720 638 790 694 de
810 639 1066 694 tenebris
1094 637 1164 693 ad
1222 637 1414 693 lucem
1465 636 1878 709 processerint,
1938 641 2114 710 atque

467 727 540 782 ad
571 743 679 783 nos
702 726 792 783 vel
823 727 1017 782 studio
1048 727 1320 794 fratrum,
1351 725 1440 782 vel
1470 727 1800 782 temeritate
1875 726 2114 782 (emulc-

465 833 597 871 rum
655 814 952 887 potuerint
1020 815 1342 887 pervenire,
1401 815 1752 886 respondere
1836 815 2110 870 conabor.

463 903 662 976 Neque
719 904 877 959 enim
931 919 1283 976 magnopere
1345 903 1696 958 formidandi
1756 907 1914 970 sunt,
1965 920 2112 975 quos

464 992 675 1049 metuit
705 998 912 1048 auctor
940 1009 1088 1049 suus
1113 993 1356 1064 prodere
1378 993 1417 1060 ί,
1450 996 1507 1048 et
1537 995 1769 1047 tantum
1817 991 2111 1048 confoede-

460 1081 605 1138 ratis
635 1080 915 1153 legendos
946 1097 1074 1137 esse
1101 1081 1372 1137 decrevit.
1424 1080 1587 1136 Tunc
1643 1085 1746 1135 aut
1793 1097 2110 1152 agnoscam

459 1170 726 1236 crimina,
778 1175 880 1224 aut
928 1169 1176 1239 diluam,
1229 1175 1330 1225 aut
1390 1169 1449 1224 in
1523 1173 1924 1225 accusatorem
1982 1186 2108 1241 quas

459 1262 600 1313 sunt
632 1257 860 1328 objecta
890 1259 1271 1330 retorquebo:
1323 1261 1380 1312 et
1409 1258 1712 1312 ostendam
1756 1258 1911 1328 quod
1966 1257 2106 1312 buc-

461 1363 649 1418 usque
713 1346 1014 1403 silentium
1101 1346 1398 1402 modestiae
1482 1346 1675 1413 fuerit,
1753 1362 1870 1401 non
1941 1345 2108 1402 malae

459 1435 850 1491 conscientias.

527 1524 582 1578 5.
613 1525 818 1580 Auctor
846 1539 960 1580 sese
988 1527 1236 1579 excusat.
1271 1553 1340 1564 -ο
1368 1523 1611 1579 Interim
1643 1524 1798 1595 apud
1861 1523 2106 1579 tacitum

458 1611 695 1668 lectoris
744 1611 1041 1682 judicium
1094 1616 1413 1683 purgatum
1473 1628 1566 1667 me
1620 1628 1750 1666 esse
1803 1611 1979 1682 volui,
2051 1616 2108 1666 et

457 1699 876 1772 gravissimum
931 1698 1085 1754 inter
1142 1699 1366 1754 amicos
1421 1698 1643 1755 crimen
1685 1697 1965 1768 refellere,
2035 1715 2106 1754 ne

457 1787 617 1860 prior
646 1786 867 1843 lassisse
898 1786 1226 1859 videar,qui
1256 1792 1314 1843 et
1349 1787 1693 1844 vulneratus
1725 1803 2101 1860 nequaquam

456 1881 660 1932 contra
687 1880 1124 1948 persecutorem
1156 1875 1272 1931 tela
1301 1875 1523 1932 direxi:
1559 1876 1660 1932 sed
1693 1893 1821 1932 meo
1870 1881 2102 1932 tantum

455 1965 681 2022 vulneri
704 1965 934 2020 admovi
985 1981 1249 2020 manum.
1301 1965 1483 2028 Quem
1534 1965 1774 2019 obsecro
1826 1968 1910 2033 ut,
1971 1965 2104 2020 abs-

458 2070 574 2127 que
599 2052 936 2126 praajudicio
968 2069 1374 2122 personarum,
1418 2051 1654 2124 culpam
1713 2069 1775 2108 in
1831 2070 1964 2108 eum
2024 2070 2107 2108 re-

457 2145 604 2199 ferat
625 2143 726 2214 qui
760 2141 1072 2198 lacessivit.
1127 2141 1241 2196 Nec
1297 2139 1518 2196 laesisse
1569 2145 1873 2210 contenus,
1935 2142 2103 2213 quasi

458 2233 737 2288 adversus
786 2229 1088 2302 elinguem
1145 2246 1492 2302 semperque
1556 2230 1899 2296 taciturum,
1981 2234 2102 2286 tres

454 2318 818 2376 elucubravit
875 2318 1079 2387 libros,
1158 2323 1215 2373 et
1263 2317 1605 2378 ἀντιθέσεις²
1662 2318 1973 2374 Marcionis
2031 2319 2102 2375 de

454 2408 602 2465 meis
633 2407 932 2482 opusculis
981 2407 1298 2463 fabricatus
1346 2412 1452 2464 est.
1488 2407 1675 2464 Gestit
1731 2406 1985 2475 animus,
2047 2412 2102 2462 et

452 2497 612 2553 illius
663 2501 898 2570 repente
964 2497 1318 2565 doctrinam,
1373 2501 1430 2552 et
1486 2513 1680 2553 meam
1740 2497 2098 2570 insperatam

452 2586 781 2644 vecordiam
871 2587 1024 2643 462
1066 2655 1070 2660 .
1108 2603 1478 2659 cognoscere.
1567 2587 1831 2642 Fortasse
1942 2586 2099 2642 brevi

453 2681 714 2747 tempore
744 2674 967 2745 didicit,
1001 2675 1154 2746 quod
1189 2692 1295 2730 nos
1326 2676 1530 2730 docere
1561 2674 1804 2742 debeat;
1839 2679 1895 2730 et
1942 2676 2096 2746 quod

453 2763 620 2820 illum
680 2763 829 2820 scire
879 2762 1076 2819 nullus
1134 2764 1378 2835 putabat
1435 2763 1697 2819 subitum
1755 2762 2096 2834 eloquentia:

453 2853 671 2909 flumen
701 2853 987 2908 ostendet.
1022 2852 1111 2907 Sic
1163 2856 1320 2924 pater
1375 2853 1472 2908 ille
1534 2857 1708 2908 Deum
1755 2854 1966 2923 faciat;
2019 2855 2098 2907 sic

449 2941 982 3014 magnuslesus(Ex
1004 2944 1229 2996 VIRGIL.
1281 2940 1382 2996 lib.
1440 2958 1477 2995 x
1528 2940 1790 3008 (inciti)
1851 2939 2098 3012 Incipiat

449 3031 711 3088 conferre
741 3047 1004 3087 manum.
1030 3030 1307 3097 Quamvis
1364 3029 1659 3087 libraverit
1707 3029 2096 3086 accusationis

451 3137 570 3176 suae
601 3119 824 3188 hastas,
857 3124 913 3175 et
945 3119 1080 3175 totis
1112 3119 1422 3175 adversum
1456 3135 1562 3175 nos
1590 3117 1812 3175 viribus
1845 3119 2092 3174 intorse-

2136 1831 2184 1896 B

2224 551 2575 624 exemplaria
2604 553 2868 622 ejusdem
2900 551 3311 618 translationis,
3343 568 3468 606 cum
3496 552 3795 623 praefatiun-

2223 639 2355 695 cula
2384 640 2704 696 laudatrice
2725 657 2871 697 mea.
2923 641 3055 705 Quae
3068 655 3199 695 cum
3239 639 3523 712 legissem,
3549 639 3799 697 contulis-

2222 743 2466 800 semque
2494 745 2628 784 cum
2659 729 2870 797 Graeco,
2901 728 3056 785 illico
3115 728 3483 784 animadverti
3526 745 3640 799 qua:
3687 728 3801 783 Ori-

2221 833 2397 888 genes
2425 817 2497 872 de
2528 817 2694 873 Patre
2723 822 2781 874 et
2828 817 2970 873 Filio
3024 822 3081 873 et
3130 817 3348 890 Spiritu
3403 819 3588 871 sancto
3653 815 3804 888 impie

2222 905 2484 972 dixerat;
2513 910 2572 962 et
2601 923 2728 978 qua:
2761 907 3036 964 Romanis
3069 923 3236 963 aures
3255 907 3397 961 ferre
3418 921 3525 960 non
3553 907 3802 975 poterant.

2220 993 2280 1048 in
2340 993 2638 1050 meliorem
2696 998 2918 1067 partem
2971 996 3043 1050 ab
3096 995 3402 1065 interprete
3472 993 3802 1046 commutata.

2220 1083 2436 1138 Caetera
2462 1087 2655 1138 autem
2688 1083 3091 1155 dogmata,.de
3146 1079 3476 1154 angelorum
3530 1079 3691 1145 ruina,
3742 1077 3803 1133 de

2222 1171 2552 1226 animarum
2585 1170 2775 1244 lapsu,
2808 1172 2879 1227 de
2908 1169 3354 1227 resurrectionis
3398 1166 3692 1240 praestigiis,
3738 1165 3800 1220 de

2220 1260 2442 1314 mundo
2471 1258 2558 1316 vel
2591 1259 3004 1315 intermundiis
3061 1258 3314 1331 Epicuri,
3373 1257 3440 1312 de
3468 1253 3803 1326 restitutione

2219 1347 2484 1403 omnium
2507 1348 2565 1402 in
2597 1348 2878 1419 aequalem
2911 1354 3151 1414 statum,
3210 1352 3267 1403 et
3320 1344 3495 1400 multo
3543 1342 3626 1397 his
3674 1341 3804 1395 dete-

2217 1435 2372 1491 riora
2397 1453 2409 1504 ;
2445 1453 2570 1508 quas
2600 1435 2845 1509 longum
2877 1441 3033 1493 esset
3062 1441 3337 1499 retexere,
3367 1433 3449 1490 vel
3478 1432 3554 1487 ita
3603 1429 3807 1485 vertisse

2219 1529 2285 1580 ut
2333 1525 2392 1579 in
2449 1527 2642 1581 Graeco
2701 1526 3021 1590 invenerat,
3080 1525 3169 1582 vel
3229 1525 3299 1580 de
3354 1515 3808 1578 Commentariolis

2217 1612 2472 1685 Didymi,
2524 1614 2626 1685 qui
2679 1614 2946 1686 Origenis
3003 1613 3408 1687 apertissimus
3461 1608 3811 1682 propugnator

2216 1706 2324 1769 est,
2347 1706 2694 1774 exaggerata
2745 1707 2802 1758 et
2849 1703 3109 1759 firmiora
3167 1701 3464 1775 posuisse:
3505 1703 3566 1753 ut
3615 1695 3703 1767 qui
3758 1692 3809 1748 in

2216 1790 2502 1846 Trinitate
2539 1791 2893 1847 catholicum
2951 1792 3193 1864 legerat,
3221 1792 3281 1847 in
3333 1789 3458 1846 aliis
3511 1783 3809 1842 haereticum

2219 1895 2334 1935 non
2370 1884 2617 1936 caveret.

2282 1968 2336 2022 7.
2368 1966 2531 2022 Alius
2562 1967 2828 2036 forsitan,
2893 1969 2992 2040 qui
3054 1985 3170 2025 non
3226 1971 3382 2026 esset
3433 1964 3631 2021 amicus
3671 1960 3805 2031 ejus,

2215 2055 2469 2111 diceret:
2505 2059 2606 2110 aut
2633 2060 2824 2112 totum
2855 2062 3038 2124 muta,
3089 2059 3251 2129 quod
3303 2054 3512 2112 malum
3565 2054 3676 2116 est;
3722 2049 3813 2102 aut

2214 2147 2402 2198 totum
2434 2144 2636 2215 prode,
2697 2146 2854 2216 quod
2913 2146 3207 2217 Optimum
3255 2149 3447 2218 putas.
3504 2140 3556 2195 Si
3608 2132 3844 2210 propter'

2213 2231 2507 2303 simplices
2538 2233 2711 2288 noxia
2760 2250 3008 2305 quasque
3063 2235 3401 2301 detruncas,
3459 2247 3524 2287 ea
3591 2242 3704 2298 qua?
3752 2221 3814 2278 ab

2211 2319 2497 2376 haereticis
2545 2320 2746 2377 addita
2803 2322 3110 2391 simulas3,
3166 2326 3226 2379 in
3293 2323 3443 2379 468
3487 2315 3812 2392 peregrinum

2211 2426 2328 2464 non
2355 2409 2442 2464 vis
2474 2410 2792 2466 transferre
2823 2427 3178 2478 sermonem,
3235 2412 3382 2468 cedo
3439 2402 3695 2480 quidquid
3735 2401 3813 2454 est

2209 2499 2466 2553 noxium.
2503 2498 2603 2554 Sin
2635 2507 2830 2554 autem
2881 2499 3139 2555 veritatis
3169 2500 3351 2557 fidem
3379 2499 3437 2554 in
3466 2489 3804 2551 translatione

2208 2603 2536 2655 conservas,
2569 2603 2674 2643 cur
2702 2587 2816 2642 alia
2848 2592 3064 2655 mutas,
3086 2592 3145 2643 et
3175 2587 3297 2644 alia
3329 2573 3819 2644 dimittisintacta?

2207 2678 2550 2748 Quanquam
2582 2681 2782 2746 aperta
2810 2675 3099 2732 confessio
3129 2681 3218 2732 est
3245 2678 3310 2733 in
3334 2676 3533 2733 eodem
3582 2667 3813 2738 Prologo,

2206 2765 2550 2821 emendasse
2581 2768 2636 2819 te
2668 2781 2868 2837 prava,
2902 2770 2959 2820 et
2988 2765 3211 2837 optima
3240 2765 3568 2838 reliquisse.
3597 2760 3672 2815 Ex
3720 2768 3815 2825 quo

2208 2869 2324 2908 non
2358 2852 2696 2925 interpretis
2724 2852 3008 2920 libertate,
3042 2853 3142 2909 sed
3173 2853 3480 2926 scriptoris
3509 2844 3813 2906 auctoritate

2205 2941 2516 3009 teneberis,
2551 2941 2601 2996 si
2648 2941 2789 3012 quid
2823 2941 2883 2997 in
2913 2941 3004 2996 his
3035 2959 3162 3013 quae
3201 2941 3450 3009 vertisti,
3519 2933 3818 2994 haereticum

2203 3029 2640 3100 comprobatur;
2701 3034 2764 3085 et
2840 3029 3134 3086 manifesti
3219 3029 3490 3086 criminis
3571 3018 3820 3096 argueris.

2204 3118 2421 3174 idcirco
2444 3122 2500 3174 te
2527 3119 2731 3174 veneni
2772 3118 3013 3174 calicem
3070 3118 3332 3174 circumli
3348 3134 3487 3176 nere
3540 3111 3694 3172 melle
3737 3123 3818 3163 vo-

449 3209 544 3278 rit,
577 3208 873 3264 credimus
903 3208 961 3262 in
995 3208 1310 3263 Dominum
1343 3207 1724 3277 Salvatorem,
1745 3207 1899 3278 quod
1927 3211 2092 3262 scuto
2125 3193 2167 3260 C
2206 3207 2406 3273 luisse,
2440 3210 2504 3262 ut
2534 3205 2812 3261 simulata
2843 3205 3108 3276 dulcedo,
3141 3207 3301 3265 virus
3330 3208 3651 3283 pessimum
3693 3203 3820 3270 tege-

446 3297 835 3354 circumdabit
863 3313 970 3352 nos
1000 3296 1211 3351 veritas
1258 3296 1387 3366 ejus
1416 3314 1428 3352 :
1463 3301 1519 3351 et
1591 3313 1723 3351 cum
1785 3295 2096 3352 Psalmista

445 3391 678 3443 cantare
721 3385 1090 3458 poterimus:
1130 3406 1157 3433 ‹‹
1216 3383 1453 3456 Sagittae
1507 3385 1882 3456 parvulorum
1932 3385 2092 3440 factae

443 3482 582 3531 sunt
608 3475 795 3547 plagas
824 3490 1026 3530 eorum
1059 3473 1228 3544 (Psal.
1264 3490 1418 3539 Lxm,
1455 3475 1529 3538 8).
1567 3496 1595 3521 ››
1628 3473 1715 3539 Et,
1748 3496 1774 3522 «
1810 3473 1899 3528 'Si
1956 3491 2092 3528 con-

443 3563 697 3619 stiterint
725 3563 1037 3618 adversum
1088 3578 1180 3617 me
1236 3566 1447 3627 castra,
1506 3577 1619 3616 non
1676 3561 1908 3617 timebit
1985 3579 2084 3617 cor

441 3668 660 3710 meum.
694 3651 754 3708 Si
785 3651 1011 3707 steterit
1041 3651 1347 3706 adversum
1394 3667 1484 3704 me
1544 3649 1807 3721 praelium
1866 3650 1927 3704 in
1984 3651 2092 3706 hoc

445 3757 549 3814 ego
581 3741 828 3813 sperabo
867 3741 1038 3812 (Psal.
1071 3756 1228 3810 xxvx,
1259 3739 1335 3811 3).
1369 3739 1480 3794 Sed
1520 3737 1640 3793 haec
1703 3737 1869 3794 alias.
1925 3739 2091 3796 Nunc

444 3831 516 3884 ad
549 3829 609 3883 id
640 3829 796 3900 quod
826 3827 1131 3898 ccepimus,
1165 3831 1541 3882 revertamur.

513 3919 568 3971 6.
602 3915 710 3971 Cur
767 3917 957 3970 Latine
1019 3917 1243 3971 verterit
1328 3915 1575 3987 Origenis
1691 3914 1816 3990 περὶ
1847 3915 2089 3991 Ἀρχῶν.

443 4004 708 4076 Didymus
751 4011 1124 4076 propugnator
1178 4004 1450 4072 Origenis.
1509 4035 1577 4045 —-
1631 4003 1924 4074 Objiciunt
1977 4004 2092 4059 mi-

444 4093 505 4149 hi
559 4096 872 4150 sectatores
928 4092 1079 4164 ejus,
1150 4093 1486 4166 cerealiaque
1576 4110 1733 4148 arma
1787 4092 2096 4164 Expediunt

439 4185 574 4257 fessi
628 4199 814 4240 rerum
870 4183 1138 4254 ((zEneid.
1201 4181 1302 4237 lib.
1362 4184 1425 4256 ι),
1473 4199 1650 4254 quare
1701 4181 1823 4254 περί
1872 4181 2088 4256 Ἀρχῶν

442 4271 623 4329 libros
679 4270 946 4344 Origenis
1007 4272 1233 4338 noxios,
1331 4278 1388 4327 et
1461 4270 1866 4326 ecclesiasticae
1956 4271 2090 4325 fidei

441 4365 856 4434 repugnantes,
889 4359 950 4414 in
977 4359 1248 4414 Latinum
1280 4373 1610 4413 sermonem
1656 4357 1945 4412 verterim.
2004 4357 2088 4412 Ad

441 4465 590 4520 quos
621 4450 809 4504 brevis
841 4452 898 4503 et
927 4447 1225 4502 succincta
1256 4445 1557 4517 responsio
1589 4448 1714 4500 est:
1776 4445 1912 4499 Tuas
1972 4461 2089 4513 me,

436 4536 620 4591 frater
648 4534 1010 4604 Pammacbi,
1043 4541 1100 4590 et
1128 4539 1364 4590 tuorum
1394 4532 1597 4589 litteras
1646 4533 2087 4618 compulerunt,
2123 4558 2167 4621 Β

441 4623 699 4680 dicentes
731 4622 864 4678 illos
897 4623 968 4678 ab
1001 4623 1114 4680 alio
1145 4622 1549 4678 fraudulenter
1577 4615 1706 4677 esse
1749 4623 2086 4691 translatos,

439 4718 497 4771 et
518 4710 871 4786 interpolata
901 4711 1203 4780 nonnulla,
1235 4715 1293 4767 et
1321 4710 1409 4767 vel
1441 4711 1640 4766 addita
1691 4711 1778 4767 vel
1839 4716 2084 4770 mutata.

512 4857 531 4890 ³
566 4856 626 4910 In
654 4853 830 4911 veteri
862 4853 1034 4923 edit.,
1063 4855 1179 4909 suis
1207 4853 1468 4924 pandere.

510 4928 636 4999 Ἐἰ
665 4925 973 4999 ἀντιθὲᾳεις.
1035 4925 1440 4999 P_rodigiosum
1518 4927 1820 4997 mendum,
1876 4927 2088 4999 inquit

441 4997 688 5071 Gravius
741 4999 800 5052 in
842 4997 1000 5071 hunc
1074 4997 1306 5053 locum:
1376 5002 1434 5051 et
1470 5013 1631 5071 verer
1660 4997 2084 5071 prodigiosum,

443 5068 599 5137 quod
632 5068 857 5124 Erasmi
911 5070 1344 5142 phantasmata,
1395 5084 1508 5123 non
1568 5068 2084 5142 Hieronymianum

441 5141 770 5216 contextum
804 5139 1199 5216 repraesentat;
1232 5139 1511 5216 Praeterea
1543 5157 1748 5216 omnes
1781 5139 1930 5216 inse,
1990 5157 2083 5216 co:

442 5207 614 5281 dices
659 5207 913 5281 retinent
979 5228 1092 5266 non
1162 5211 1571 5267 Erasmianum
1632 5211 1938 5281 ἀρτιώσεις,
1982 5212 2083 5267 sed

441 5276 752 5357 Marcionig
826 5277 1141 5357 ¹ὅιντεεξὲσιειξς
1174 5283 1247 5338 de
1355 5282 1587 5357 quibus
1668 5276 2082 5357 Tertullianus,

442 5345 631 5403 librOI
709 5347 906 5402 Contra
951 5351 1319 5407 Marcionem:
1369 5345 1515 5409 Nam
1575 5353 1658 5408 hae
1691 5359 1828 5411 sunt
1881 5345 2082 5408 ἀντιθέξ

443 5436 552 5479 σεις
598 5417 931 5499 Marcionis,
963 5436 1090 5499 quae
1114 5429 1358 5499 conatur
1397 5425 1750 5499 discordiam
1792 5424 2083 5499 Evangelii

441 5505 578 5572 cum
608 5489 1219 5572 lege-committeres».
1251 5493 1719 5572 Deinde_lib._iv:
1755 5522 1781 5548 ‹‹
1817 5489 1984 5570 Ορυέ
2017 5513 2086 5572 ex

434 5560 919 5652 'contrarietatum
971 5560 1439 5652 oppositionibus
1469 5564 1757 5652 ἀεντιρέςσεις
1788 5560 2089 5652 ορὲηοωὶο

443 5639 649 5720 patum
678 5638 752 5710 et,
776 5637 849 5695 ad
907 5631 1335 5714 aspirationem
1391 5633 1539 5710 legis
1594 5631 1892 5726 Evangelii
1948 5657 2084 5711 σοι..

2204 3300 2308 3350 ret.
2342 3295 2472 3351 Haec
2502 3294 2690 3350 multo
2721 3294 2815 3351 his
2854 3295 3092 3351 duriora
3144 3296 3432 3355 inimicus
3489 3294 3722 3356 diceret;
3772 3288 3820 3341 et

2201 3387 2278 3451 te,
2323 3400 2435 3438 non
2467 3387 2532 3438 ut
2561 3383 2934 3454 interpretem
2969 3384 3108 3440 mali
3139 3387 3359 3457 operis,
3393 3386 3496 3443 sed
3529 3388 3592 3442 ut
3632 3376 3819 3448 astipu-

2203 3471 2444 3528 latorem
2470 3471 2527 3526 in
2543 3472 2647 3542 jus
2672 3471 2937 3527 Ecclesia:
2960 3472 3354 3544 traberet.Ego
3389 3477 3586 3528 autem
3633 3461 3819 3522 memet

2199 3564 2430 3616 tantum
2505 3559 2836 3615 defendisse
2917 3563 3246 3628 contentus,
3335 3559 3401 3616 in
3492 3555 3654 3613 libris
3711 3544 3820 3622 περῖ

2199 3646 2415 3723 Ἀρχῶν
2450 3647 2792 3719 simpliciter
2821 3649 2976 3720 quod
3021 3648 3079 3703 in
3139 3648 3333 3704 Graeco
3403 3645 3714 3704 habebatur
3739 3652 3820 3693 ex-

2202 3737 2385 3809 pressi
2409 3755 2422 3805 ;
2445 3752 2558 3792 non
2592 3740 2657 3791 ut
2685 3736 2946 3792 crederet
2975 3735 3155 3793 lector
3185 3736 3278 3792 his
3309 3753 3446 3809 quae
3505 3731 3823 3803 interpreta-

2201 3826 2306 3881 bar
2325 3842 2346 3885 ;
2377 3825 2477 3880 sed
2509 3839 2580 3879 ne
2637 3824 2896 3880 crederet
2925 3823 3064 3890 illis,
3094 3841 3221 3896 quae
3254 3830 3314 3881 tu
3350 3831 3491 3882 ante
3530 3814 3824 3880 transtule-

2201 3930 2316 3969 ras.
2355 3912 2573 3986 Duplex
2603 3913 2660 3967 in
2709 3929 2882 3984 opere
2940 3929 3067 3969 meo
3127 3912 3351 3970 utilitas
3407 3915 3547 3981 fuit,
3595 3911 3725 3966 dum
3772 3906 3826 3958 et

2201 4001 2506 4058 haereticus
2537 4005 2738 4057 auctor
2765 4001 3054 4073 proditur,
3095 4007 3151 4057 et
3179 4018 3295 4057 non
3325 4019 3506 4059 verus
3560 4002 3824 4067 interpres

2200 4090 2485 4162 arguitur.
2519 4092 2597 4144 Ac
2628 4106 2701 4145 ne
2748 4089 2882 4161 quis
2937 4106 3030 4144 me
3076 4095 3308 4162 putaret
3364 4090 3464 4148 his
3522 4082 3830 4147 consentire

2201 4196 2332 4250 quae
2359 4179 3188 4251 verteram,interpretationis
3235 4183 3646 4238 necessitatem
3701 4186 3831 4246 pra?-

2200 4268 2418 4324 fatione
2454 4268 2698 4337 munivi,
2726 4273 2783 4324 et
2811 4269 2983 4324 docui
3016 4267 3433 4339 quibuslector
3463 4286 3580 4327 non
3619 4261 3834 4322 deberet

2199 4357 2639 4412 credere.Prior
2667 4356 2972 4412 translatio
3004 4356 3235 4413 laudem
3269 4360 3532 4415 auctoris
3561 4353 3830 4416 continet;

2199 4446 2456 4502 secunda
2483 4445 2990 4517 vituperationem.
3026 4445 3134 4501 Illa
3161 4445 3436 4503 lectorem
3472 4447 3743 4521 provocat
3768 4437 3834 4496 ad

2198 4533 2553 4589 credendum
2588 4533 2739 4588 :ista
2764 4535 2836 4590 ad
2870 4551 2985 4590 non
3018 4534 3379 4591 credendum
3410 4541 3632 4594 movet.
3665 4530 3743 4589 lbi
3782 4528 3835 4582 et

2201 4637 2306 4693 ego
2336 4620 2552 4677 invitus
2582 4621 2852 4678 laudator
2881 4639 3188 4679 assumor:
3223 4623 3316 4679 hic
3347 4625 3407 4679 in
3467 4631 3699 4682 tantum
3727 4631 3836 4674 non

2197 4707 2374 4766 laudo
2405 4726 2582 4781 quam
2617 4712 2925 4778 transfero,
2958 4715 3023 4766 ut
3043 4727 3216 4784 cogar
3271 4729 3552 4771 accusare
3608 4709 3839 4769 laudan-

2196 4859 2377 4926 ctum.
2412 4875 2454 4926 3i
2473 4852 2708 4909 Similes
2741 4853 3067 4910 contrarias
3097 4853 3495 4926 oppositiones
3578 4868 3649 4908 ex
3704 4860 3838 4926 opu-

2197 4924 2744 4999 sculisllieronymi
2780 4926 3099 4982 fabricatus
3123 4921 3211 4981 est
3234 4925 3529 4990 Rufiinus,
3564 4928 3632 4979 ut
3660 4921 3843 4999 aucto-

2196 5012 2318 5052 rem
2345 4996 2457 5069 sibi
2489 4988 2848 5052 contrarium
2878 5013 2944 5052 ac
2963 5013 3170 5069 parum
3191 4988 3556 5053 constantem
3585 4988 3840 5050 ostende-

2195 5068 2399 5142 ret_i_n
2457 5085 2636 5142 causa
2682 5074 2750 5142 _et
2802 5068 3092 5142 _(_)rigenis_
3146 5068 3336 5124 laude.
3386 5069 3842 5142 _ltinn'i_'IAN.m-j

2192 5140 2525 5195 Antitheses
2556 5138 2695 5194 Novi
2726 5145 2782 5193 et
2802 5131 3024 5195 Veteris
3049 5139 3400 5196 Testamenti
3447 5137 3664 5194 titulus
3711 5131 3840 5186 libri

2193 5217 2302 5276 est,
2336 5227 2509 5282 quem
2545 5209 2798 5283 Marcion
2819 5211 3107 5283 oppositis
3139 5211 3319 5283 Moysi
3352 5215 3410 5266 et
3428 5210 3672 5283 Christo
3712 5217 3841 5260 sen-

2193 5277 2393 5370 tentiis
2417 5279 2747 5370 composuit
2770 5277 3211 5370 ;,1‘ertullianps
3235 5277 3371 5337 cum
3404 5281 3611 5355 primis
3656 5277 3845 5347 impu-

2193 5353 2413 5426 gnavit.
2437 5350 2588 5408 ΟΙὶῐὶι
2620 5356 2744 5407 erat
2776 5350 3096 5425 ἀρτιώσεις;
3130 5353 3294 5410 falso.
3405 5350 3422 5355 ’
3774 5416 3784 5426 ’

2237 5424 2285 5497 7³
2319 5424 2379 5497 In
2410 5423 2583 5497 veteri
2617 5423 2783 5491 edit.,
2815 5424 3249 5497 Noxiagqua’quc
3276 5425 3343 5480 ab
3363 5423 3632 5497 heretici:
3652 5415 3838 5497 additi!

2193 5495 2446 5575 simulas.
2482 5494 2746 5579 Hicvero
2777 5512 2882 5579 pro
2919 5493 3231 5579 cedenti—od
3289 5514 3358 5579 ex
3399 5496 3598 5579 eadem
3659 5493 3839 5579 veteri

2193 5565 2545 5645 recepimus,
2577 5565 2909 5645 Victorinus
2937 5565 3352 5645 eade‘legerat,
3387 5568 3590 5626 vitiose
3639 5565 3841 5624 autem

2195 5637 2572 5702 Martianaius
2601 5637 2749 5700 cado.
