4110 6162
250 214 355 288 ω

247 362 384 413 tem.
417 355 644 412 Eadem
675 370 768 411 res
820 370 935 411 non
984 350 1184 412 eadem
1236 361 1431 413 mente
1481 357 1733 428 perfecta
1776 360 1902 424 est;

242 553 369 607 quae
402 540 595 602 erant,
630 534 834 590 dicens
876 535 948 589 ab
979 533 1269 589 hareticis
1317 535 1669 606 depravata;
1704 538 1760 589 et
1808 535 1904 589 ad-

240 624 396 679 didit
425 640 555 695 quae
585 640 703 678 non
737 626 925 689 erant,
978 639 1248 679 asserens
1296 623 1368 677 ab
1418 622 1619 678 eodem
1670 622 1728 675 in
1761 622 1903 678 locis

242 711 383 768 aliis
414 712 749 783 disputata;
790 710 946 783 quod
980 710 1092 766 nisi
1129 711 1258 782 ipsa
1296 711 1422 765 loca
1470 709 1902 778 monstraverit,

246 801 417 855 unde
463 798 831 856 transtulisse
890 815 951 854 se
1000 800 1165 866 dicit,
1220 800 1467 871 probare
1512 816 1626 854 non
1673 799 1903 870 poterit.

254 888 404 944 Mihi
445 888 629 943 studio
687 888 803 942 fuit
854 886 1003 943 nihil
1059 894 1289 944 mutare
1338 889 1408 943 de
1465 904 1619 943 vero.
1680 889 1764 943 Ad
1795 886 1907 942 hoc

258 978 411 1034 enim
439 977 891 1048 interpretabar,
924 982 989 1032 ut
1020 976 1177 1033 mala
1222 976 1630 1048 interpretata‘
1669 976 1905 1033 convin-

253 1080 460 1121 cerem.
526 1066 755 1121 Putatis
809 1082 900 1120 me
958 1065 1335 1137 interpretem
1372 1065 1400 1119 ?
1457 1066 1722 1121 Proditor
1782 1064 1904 1131 fui;

245 1153 477 1226 prodidi
509 1153 873 1222 haereticum,
907 1157 973 1209 ut
1011 1152 1333 1209 Ecclesium
1367 1155 1439 1209 ab
1473 1154 1677 1209 haeresi
1716 1154 1906 1209 vindi-

242 1258 460 1298 carem.
496 1240 617 1297 Cur
647 1242 955 1315 Origenem
987 1242 1047 1297 in
1078 1243 1433 1314 quibusdam
1467 1248 1601 1299 ante
1634 1244 1902 1298 laudave—

238 1332 351 1387 rim
410 1330 697 1402 praelatus
773 1331 927 1386 464
983 1331 1119 1386 huic
1177 1332 1337 1404 operi
1408 1332 1663 1387 ostendit
1739 1331 1905 1387 liber.

238 1421 409 1475 Nunc
459 1419 591 1476 sola
642 1420 1141 1492 interpretationis
1188 1437 1330 1476 mere
1379 1436 1558 1477 causa
1606 1419 1905 1490 redditur;

241 1526 366 1581 quas
398 1526 539 1564 cum
572 1508 807 1581 pietatis
867 1508 1080 1565 habeat
1123 1508 1503 1576 voluntatem,
1551 1527 1667 1565 non
1725 1510 1907 1565 debeo

240 1594 570 1667 impietatis
593 1595 786 1667 argui,
808 1595 1062 1666 prodens
1081 1596 1352 1667 impium,
1373 1597 1525 1668 quod
1550 1596 1721 1668 quasi
1744 1597 1908 1668 pium

240 1682 520 1738 Ecclesiis
570 1684 917 1739 tradebatur
977 1684 1241 1755 (Fpistota
1288 1684 1357 1739 ad
1413 1685 1831 1740 Pammachium
1860 1694 1912 1741 et

247 1773 572 1843 Oceanum).

315 1863 374 1914 8.
438 1861 699 1916 Eusebius
756 1861 991 1932 signifer
1046 1864 1269 1918 Arianw
1340 1865 1618 1933 factionis.
1690 1895 1757 1903 —-
1816 1864 1911 1920 Se-

248 1949 570 2021 ptuaginta
590 1948 769 2005 libros
790 1950 945 2021 ejus,
972 1954 1035 2005 ut
1056 1967 1222 2006 meus
1242 1952 1610 2006 necessarius
1634 1952 1909 2007 crimina-

258 2040 388 2105 tur,
421 2037 482 2091 in
514 2037 775 2093 Latinum
805 2042 1115 2109 verteram,
1149 2045 1204 2095 et
1235 2039 1424 2095 multa
1445 2040 1515 2095 de
1536 2040 1730 2095 tomis.
1756 2040 1911 2095 Nun-

254 2140 447 2200 quam
482 2125 551 2179 de
584 2142 747 2197 opere
778 2142 909 2181 meo
938 2126 1047 2181 fuit
1078 2128 1343 2198 quaestio,
1390 2145 1696 2200 nunquam
1729 2128 1911 2184 Roma

246 2198 555 2269 commota
584 2218 691 2269 est.
740 2215 889 2278 Quid
940 2231 1178 2271 necesse
1225 2220 1348 2271 erat
1398 2198 1620 2271 Latinis
1667 2217 1910 2271 auribus

236 2302 503 2369 tradere,
548 2303 707 2373 quod
760 2304 1087 2359 detestatur
1136 2309 1194 2359 et
1250 2304 1491 2371 Graecia,
1543 2306 1697 2377 quod
1752 2304 1909 2359 orbis

238 2396 493 2447 accusat
515 2390 543 2445 ‘?
576 2392 697 2463 Ego
725 2408 826 2463 per
849 2397 935 2447 tot
964 2410 1149 2449 annos
1170 2398 1290 2449 tam
1326 2392 1514 2449 multa
1543 2398 1906 2459 convertens,

238 2495 563 2551 nunquam
596 2480 878 2536 seandalo
913 2481 1014 2536 fui.
1066 2486 1147 2536 Tu
1196 2483 1267 2537 ad
1318 2483 1576 2554 primum
1629 2486 1685 2537 et
1715 2481 1905 2538 solum

233 2585 415 2640 opus,
461 2568 706 2640 ignotus
738 2569 925 2640 prius,
961 2570 1285 2626 temeritate
1336 2571 1526 2626 factus
1579 2588 1641 2635 es
1674 2569 1904 2626 nobilis.

238 2658 427 2725 Docet
454 2656 587 2729 ipsa
618 2657 910 2726 Praefatio,
942 2664 998 2713 et
1047 2658 1332 2731 Pamphili
1381 2659 1655 2731 martyris
1690 2658 1905 2714 librum

234 2762 352 2818 pro
385 2744 730 2801 defensione
770 2746 1039 2819 Origenis
1087 2764 1120 2801 a
1166 2753 1221 2803 te
1268 2764 1395 2804 esse
1434 2747 1808 2803 translatum.
1839 2748 1908 2803 Et

236 2834 356 2890 hoc
392 2835 521 2906 agis
550 2834 690 2890 totis
722 2835 967 2901 viribus,
999 2841 1063 2891 ut
1092 2837 1264 2907 cujus
1294 2837 1469 2891 ﬁdem
1520 2842 1743 2908 martyr
1773 2854 1905 2908 pro-

239 2923 369 2990 bat,
405 2921 667 2978 Ecclesia
693 2940 809 2979 non
845 2925 1079 2982 refutet.
1120 2928 1226 2980 Sex
1260 2925 1440 2981 libros
1489 2926 1576 2998 (ut
1626 2930 1757 2981 ante
1777 2926 1904 2997 jam

237 3011 395 3081 dixi)
464 3012 758 3067 Eusebius
828 3012 1200 3070 Caesariensis
1277 3015 1606 3086 episcopus,
1678 3015 1904 3070 Arianae

1460 215 1776 287 CONTRA
1822 212 2182 287 RUFINUM
2227 218 2375 286 LIB.
2420 221 2470 287 Ι.

3545 221 3672 293 432

1940 381 1989 445 Α
2020 356 2420 421 commutatis,
2471 372 2599 427 qua:
2663 354 2890 412 sciebas
2940 352 3309 429 displicitura
3359 360 3661 429 Romanis,

243 448 427 502 immo
460 462 656 500 unum
688 446 799 501 iter
828 445 1087 501 diversos
1140 446 1330 501 exitus
1374 446 1598 501 habuit.
1648 444 1905 501 Abstulit

2015 449 2219 500 caetera
2250 462 2439 516 usque
2473 445 2543 500 ad
2574 446 2749 499 finem
2784 446 3011 516 integra
3040 445 3316 502 dimisisti
3346 448 3483 515 ;hoc
3506 450 3658 507 idem

2016 534 2232 589 faciens
2265 535 2323 587 in
2354 533 2654 605 Apologia,
2694 534 2861 606 quasi
2911 533 3265 606 Phamphili,
3298 532 3451 607 quod
3497 542 3555 594 et
3599 539 3659 594 in

2014 622 2278 694 Origenis
2326 621 2448 691 περὶ
2488 626 2703 696 Ἀρχῶν
2754 621 3135 677 translatione
3186 623 3395 678 fecisti.
3444 626 3501 680 Si
3553 628 3661 683 iste

2015 710 2305 781 Pamphili
2336 710 2483 764 liber
2512 715 2619 776 est,
2656 712 2726 765 de
2774 728 2872 765 sex
2922 710 3088 765 libris
3136 711 3268 782 quis
3297 712 3406 767 erit
3436 714 3663 784 primus

2016 799 2297 854 Eusebii?
2349 800 2407 852 In
2485 799 2610 869 ipso
2659 797 2979 865 volumine,
3031 800 3186 871 quod
3258 805 3323 854 tu
3373 801 3663 874 Pamphili

2016 886 2282 952 simulas,
2316 887 2689 958 sequentium
2722 886 3007 942 librorum
3043 888 3191 943 facta
3223 888 3442 944 mentio
3464 894 3572 946 est.
3603 891 3663 945 ln

2016 976 2269 1031 secundo
2303 992 2533 1047 quoque
2563 980 2619 1031 et
2648 974 2891 1046 reliquis
2924 976 3064 1031 dicit
3094 977 3402 1045 Eusebius,
3424 979 3580 1049 quod
3605 979 3662 1035 in

2016 1064 2204 1136 primo
2239 1063 2386 1119 libro
2418 1069 2549 1118 ante
2573 1065 2700 1134 jam
2732 1064 2976 1129 dixerat,
3005 1070 3063 1120 et
3092 1066 3247 1135 quod
3280 1067 3482 1121 eadem
3508 1085 3667 1140 repe-

2016 1158 2133 1207 tere
2166 1170 2280 1208 non
2313 1153 2579 1208 debebat.
2612 1153 2668 1206 Si
2698 1157 2882 1208 totum
2914 1170 3059 1224 opus
3091 1154 3377 1225 Pamphili
3420 1161 3527 1223 est,
3561 1174 3666 1211 cur

2016 1242 2272 1313 reliquos
2305 1241 2487 1297 libros
2520 1259 2632 1297 non
2667 1242 2948 1297 transfers
2970 1241 2997 1295 ‘?
3029 1242 3087 1297 Si
3119 1242 3381 1309 alterius,
3410 1260 3515 1298 cur
3560 1262 3663 1299 no-

2018 1347 2149 1385 men
2182 1332 2510 1385 immutas?
2538 1331 2753 1398 Taces;
2790 1330 2927 1401 ipsas
2962 1347 3053 1385 res
3110 1328 3469 1403 loquuntur;
3502 1331 3661 1386 vide-

2017 1419 2154 1474 licet
2185 1423 2249 1473 ut
2298 1420 2595 1475 crederent
2651 1420 2911 1491 martyri,
2947 1418 3097 1474 465
3159 1420 3261 1491 qui
3315 1419 3663 1477 Arianorum

2019 1509 2339 1580 principem
2371 1509 2709 1564 detestaturi
2742 1512 2927 1563 erant.

2089 1599 2141 1651 9.
2201 1597 2523 1667 Pamphilus
2576 1605 2791 1668 martyr
2844 1597 2988 1651 nihil
3045 1598 3267 1653 omnino
3323 1600 3563 1670 scripsit.
3598 1630 3666 1639 —-

2020 1685 2164 1752 Quid
2198 1685 2306 1739 tibi
2337 1686 2517 1740 animi
2551 1685 2730 1741 fuisse
2752 1685 3169 1752 dicam,amice
3191 1685 3666 1757 simplicissime?

2021 1779 2149 1829 tene
2208 1773 2468 1845 potuisse
2524 1773 2779 1828 haeretici
2845 1772 3101 1829 hominis
3183 1773 3351 1840 libro,
3391 1778 3667 1848 martyris

2022 1878 2233 1918 nomen
2265 1863 2656 1934 imponere,et
2686 1863 2922 1933 ignaros
2954 1863 3064 1917 sub
3096 1862 3480 1920 auctoritate3
3503 1867 3668 1920 testis

2019 1950 2251 2018 Christi,
2282 1951 2548 2022 Origenis
2580 1951 2767 2006 facere
2787 1951 3168 2007 defensores?
3198 1951 3304 2007 Pro
3338 1954 3669 2010 eruditione

2020 2056 2137 2112 qua
2176 2040 2358 2112 polles
2413 2044 2469 2094 et
2526 2038 2778 2110 inclytus
2844 2038 3185 2116 συγγραφεύς
3216 2042 3239 2074 ι
3268 2040 3325 2094 in
3357 2042 3667 2098 Occidente

2018 2126 2299 2193 laudaris,
2358 2128 2436 2181 ita
2492 2131 2557 2180 ut
2602 2129 2895 2199 κορυφαῖον
2951 2132 3005 2181 te
3055 2143 3258 2182 omnes
3318 2132 3431 2182 tuas
3483 2131 3668 2200 partis

2019 2216 2343 2284 nominent,
2375 2232 2490 2269 non
2538 2231 2667 2269 reor
2721 2219 2777 2269 te
2838 2215 3141 2285 ignorasse
3200 2216 3433 2270 Eusebii
3474 2215 3665 2269 σύντα-

2017 2323 2155 2376 γμα,
2188 2308 2244 2359 et
2274 2303 2645 2374 Pamphilum
2682 2307 2994 2374 martyrem
3030 2302 3174 2357 nihil
3202 2304 3440 2359 omnino
3472 2307 3666 2376 operis

2017 2391 2367 2448 condidisse.
2404 2393 2533 2464 Ipse
2583 2392 2739 2447 enim
2790 2391 3073 2447 Eusebius
3114 2397 3340 2447 amator
3382 2399 3440 2449 et
3478 2411 3664 2465 praeco

2017 2486 2074 2538 et
2106 2480 2541 2537 contubernalis
2574 2480 2861 2553 Pamphili
2893 2485 3011 2536 tres
3041 2480 3222 2536 libros
3263 2482 3499 2554 scripsit
3546 2482 3663 2538 ele-

2015 2569 2417 2642 gantissimos,
2448 2569 2628 2624 vitam
2662 2567 2951 2641 Pamphili
2985 2569 3353 2626 continentes
3386 2588 3399 2626 :
3435 2571 3493 2624 in
3545 2571 3667 2643 qui-

2017 2660 2126 2714 bus
2159 2675 2292 2713 cum
2325 2663 2531 2713 caetera
2563 2658 2730 2713 miris
2761 2657 3038 2713 laudibus
3078 2659 3438 2729 praedicaret,
3464 2659 3664 2715 humi-

2014 2747 2356 2818 litatemque
2408 2748 2536 2818 ejus
2594 2747 2767 2802 ferret
2824 2747 2883 2800 in
2936 2745 3170 2814 coelum,
3204 2748 3378 2802 etiam
3438 2746 3547 2803 hoc
3608 2748 3664 2803 in

2012 2835 2181 2891 tertio
2216 2834 2363 2890 libro
2406 2834 2633 2890 addidit
2665 2851 2677 2888 :
2713 2859 2740 2884 ‹‹
2775 2835 2914 2900 Quis
2983 2834 3383 2890 studiosorum
3439 2836 3668 2892 amicus

2014 2942 2128 2980 non
2164 2925 2273 2979 fuit
2303 2922 2638 2995 Pamphili?
2670 2922 2730 2979 Si
2754 2940 2900 2995 quos
2932 2923 3163 2978 videbat
3197 2925 3264 2979 ad
3312 2924 3529 2979 victum
3567 2943 3663 2979 ne-

2013 3013 2283 3070 cessariis
2324 3013 2606 3085 indigere,
2657 3013 2951 3086 praebebat
3008 3013 3166 3085 large
3225 3030 3351 3086 qua:
3419 3019 3661 3085 poterat.

237 3116 511 3171 quonam
562 3100 810 3172 signifer
854 3101 1143 3169 factionis,
1197 3119 1298 3174 pro
1346 3102 1593 3175 Origene
1641 3103 1897 3175 scripsit,
1930 3105 1973 3171 C
2011 3103 2343 3175 Scripturas
2381 3119 2612 3173 quoque
2658 3107 2891 3158 sanctas
2939 3119 3054 3157 non
3087 3104 3158 3158 ad
3190 3102 3501 3173 legendum
3535 3109 3664 3158 tan-

237 3187 611 3243 latissimum
644 3194 699 3244 et
733 3189 1094 3245 elaboratum
1126 3208 1306 3263 opus;
1340 3196 1398 3246 et
1420 3191 1622 3247 multis
1643 3192 1903 3248 testimo-

236 3276 369 3331 niis
399 3278 753 3347 approbavit.
789 3278 1099 3351 Origenem
1126 3281 1297 3350 juxta
1329 3296 1391 3336 se
1438 3280 1812 3351 catholicum,
1846 3282 1903 3337 id

238 3366 528 3436 estjuxta
552 3382 653 3421 nos
700 3367 1009 3434 Arianum,
1053 3386 1201 3425 esse.
1257 3370 1477 3425 Horum
1527 3374 1587 3424 tu
1642 3371 1900 3441 primum

240 3452 486 3506 librum
511 3455 680 3509 vertis
703 3456 811 3510 sub
840 3457 1077 3513 nomine
1117 3458 1444 3531 martyris”.
1497 3459 1563 3514 Et
1595 3459 1902 3531 miramur,

250 3538 313 3594 si
350 3554 447 3593 me
476 3538 883 3601 homunculum
920 3546 1081 3618 parvi
1114 3548 1310 3619 pretii,
1342 3547 1611 3619 Origenis
1637 3548 1903 3604 laudato-

254 3643 394 3683 rem
428 3627 587 3699 velis,
619 3647 739 3687 cum
770 3633 1013 3707 martyri
1061 3635 1418 3691 calumniam
1470 3636 1675 3692 feceris
1697 3637 1725 3690 ί]
1758 3637 1903 3692 Pau-

248 3718 470 3789 cisque
502 3718 842 3777 testimoniis
875 3724 945 3778 de
997 3723 1136 3780 Filio
1186 3724 1285 3779 Dei
1340 3729 1395 3780 et
1450 3725 1670 3797 Spiritu
1705 3732 1907 3783 sancto

330 3916 348 3993 ξ
374 3914 530 3993 alibi
562 3922 671 3993 est,
702 3921 769 3993 Ut
796 3921 940 3993 male
967 3922 1346 3993 interpretata.

326 3987 349 4019 ²
374 3988 757 4068 S._Pamphili
790 3987 1134 4068 Apologiam
1173 4010 1277 4065 pro
1328 3994 1575 4066 Origene
1626 3994 1908 4068 Hierony~

243 4074 392 4148 nius
423 4059 792 4148 hicmatque
841 4059 1014 4148 lintre.
1038 4059 1368 4148 “tanquam.
1413 4059 1803 4148 a'pocrypham
1829 4059 1911 4148 _'et

238 4131 1005 4212 spppogititiam‘explo‘dit.
1038 4131 1325 4212 Eusebius
1355 4131 1709 4205 tamenflib,
1743 4154 1799 4191 v1
1818 4139 1911 4212 Ec-

238 4202 382 4283 eleg.
424 4204 634 4283 Hister.
669 4202 820 4276 οειρῖ
843 4206 933 4271 33,
986 4206 1057 4283 ad
1110 4207 1309 4275 finem,
1356 4202 1607 4263 testatur
1653 4224 1779 4283 quas
1840 4211 1910 4264 de

237 4271 526 4357 Origenis
554 4271 1047 4361 causa—cognosci
1098 4271 1333 4361 necesse
1379 4283 1540 4347 sunt,
1591 4271 1707 4351 peti
1740 4296 1911 4361 posse

242 4348 308 4420 ἐξ
380 4348 688 4420 τῆςῂὑπξρ
768 4348 932 4420 αὐτοῦ
997 4348 1386 4420 πεπονημένης
1461 4348 1608 4420 ῆμξν*
1680 4348 1758 4403 τε’
1816 4350 1909 4420 καὶ

234 4416 323 4499 τῷ
432 4387 549 4466 iuﬁ’
598 4387 780 4499 ‘ﬁruai;
844 4418 994 4499 ⁸ἱερῴ
1064 4387 1295 4494 pagi}:
1334 4387 1630 4499 :I‘Iauiplilq)
1675 4417 1909 4473 Ἀπολο-

240 4476 377 4562 γῖας
425 4502 521 4562 ex
573 4476 933 4559 Apologctico',
967 4476 1090 4562 'qu'i
1143 4476 1194 4545 ἀ
1231 4476 1408 4562 νήοὺτδ
1442 4476 1515 4547 ἐὶ
1570 4476 1916 4549 sacrosancto
1946 4476 1990 4540 Ι)

232 4560 434 4634 nostri
468 4560 725 4634 tempori:
752 4560 1015 4632 martyre
1042 4561 1331 4634 Pamphilo
1374 4579 1473 4634 pro
1520 4563 1675 4617 illius
1722 4564 1910 4634 defen-

232 4629 409 4712 sione
482 4633 813 4712 conscriptus
880 4629 1001 4712 elst._
1051 4629 1290 4712 Falsum
1347 4629 1587 4712 proinde
1644 4629 1910 4712 videatur

230 4696 850 4775 Apologiam_istam
923 4704 1098 4759 solum
1176 4696 1431 4775 Ruﬁnum
1489 4706 1587 4759 sub
1645 4708 1909 4775 martyris

232 4766 500 4851 uirgine
524 4770 762 4851 edidisse,
797 4780 860 4829 ut
890 4775 1190 4851 cont_e_ndi_t
1216 4766 1273 4829 S'.
1318 4776 1563 4851 Doctor:
1615 4766 1905 4851 siquidem

230 4845 304 4919 Et
343 4842 534 4919 Graeci
566 4844 811 4919 codices,
843 4850 988 4901 teste
1010 4846 1213 4919 Photio
1239 4848 1366 4902 cod.
1390 4849 1516 4917 118,
1539 4853 1647 4902 etc.
1679 4842 1904 4919 {ipsam

228 4910 570 4990 Pamphilo
624 4910 1040 4990 attribuerunt.
1096 4918 1211 4972 Nec
1268 4910 1593 4990 quidquam
1644 4910 1903 4973 est'illud

227 4988 673 5060 argumentum
732 4989 885 5060 quod
946 4990 1213 5043 Eusebius
1268 4988 1493 5058 scribat,
1554 4990 1907 5060 Pamphilum

222 5056 394 5129 nihil
435 5059 659 5125 praprii
700 5056 876 5129 operis
931 5060 1198 5119 edidisse:
1261 5056 1486 5116 diserte
1534 5056 1702 5115 enim'
1747 5060 1904 5115 idem

224 5127 374 5214 ipse,
406 5130 686 5214 testatur,
719 5127 1089 5214 Pa'mphilum
1115 5131 1273 5214 huic
1314 5131 1903 5214 defensioni‘operam

225 5213 420 5254 suam
454 5213 718 5275 navasse,
769 5202 878 5275 etsi
937 5220 1051 5258 non
1109 5206 1290 5275 totam
1348 5204 1496 5275 ipse,
1555 5202 1905 5275 sed‘aliena

222 5285 453 5351 opera,
492 5270 727 5351 adjutus
758 5273 981 5351 scilicet
1003 5276 1089 5351 _ab_
1115 5270 1703 5351 ipso_E_us'ebio,__qui
1724 5274 1899 5329 simul

226 5345 290 5416 in
329 5354 583 5416 carcere
607 5346 745 5398 tunc
768 5346 1049 5416 temporis
1076 5345 1503 5401 includebatur.
1537 5345 1663 5400 Vid.
1690 5346 1900 5401 iterum

226 5410 533 5468 Photium
566 5428 614 5467 c.
652 5416 772 5468 120.

298 5485 325 5560 ξ
362 5480 687 5560 Yiotorius,
745 5488 809 5543 Et
866 5489 1099 5560 ignoras
1144 5495 1194 5545 te
1230 5488 1339 5560 sub
1395 5490 1742 5560 auctoritate,
1788 5493 1898 5547 etc.

302 5558 329 5593 ι
360 5553 443 5614 ει
488 5555 730 5655 inclytus
797 5553 1158 5645 συγῖίραφιύς,
1222 5558 1327 5620 Hic
1374 5576 1605 5637 quoque
1655 5553 1905 5626 mutavit

2015 3192 2280 3258 tum,sed
2310 3196 2367 3247 et
2396 3192 2467 3246 ad
2503 3191 3168 3259 habendum,tribuebat
3200 3191 3662 3263 promptissime.

2014 3282 2129 3337 Nec
2177 3281 2368 3336 solum
2417 3280 2576 3348 viris,
2633 3282 2734 3336 sed
2784 3285 2841 3336 et
2889 3280 3145 3347 feminis,
3199 3297 3349 3352 quas
3416 3281 3660 3336 vidisset

2013 3370 2245 3425 lectioni
2277 3369 2523 3425 deditas.
2558 3370 2720 3425 Unde
2749 3373 2806 3424 et
2836 3368 3051 3424 multos
3106 3370 3336 3425 codices
3373 3386 3661 3441 praepara-

2015 3460 2135 3525 bat,
2188 3462 2251 3512 ut
2314 3475 2447 3513 cum
2513 3458 2833 3514 necessitas
2900 3458 3283 3530 poposcisset,
3333 3456 3661 3512 volentibus

2014 3547 2347 3619 largiretur.
2396 3547 2458 3601 Et
2506 3548 2630 3619 ipse
2680 3546 2918 3617 quidem
2966 3545 3185 3617 proprii
3256 3545 3449 3615 operis
3520 3546 3664 3600 nihil

2017 3634 2255 3691 omnino
2286 3635 2537 3705 scripsit,
2575 3633 2831 3705 exceptis
2862 3633 3145 3705 epistolis,
3180 3650 3325 3704 quas
3349 3633 3420 3686 ad
3445 3633 3665 3688 amicos

2018 3725 2165 3779 forte
2198 3723 2500 3789 mittebat;
2531 3723 2588 3776 in
2622 3726 2855 3778 tantum
2888 3737 2950 3777 se
2988 3720 3321 3777 humilitate
3353 3722 3662 3792 dejecerat.

2018 3938 2216 3978 vocem
2284 3922 2536 3975 Graecam
2614 3921 2958 3985 Erasmus;

2020 3994 2147 4062 φεὺς
2178 3993 2235 4047 in
2269 3990 2699 4062 exemplaribus
2730 4008 2874 4062 mss.
2911 3992 3180 4055 abfuerit,
3214 3990 3317 4045 Sed
3349 3990 3513 4061 quod
3533 3990 3662 4062 rma-

2019 4056 2109 4135 gis
2175 4065 2225 4120 ei
2291 4056 2579 4135 placuerit
2642 4061 2961 4135 saviatus-qq,
3017 4062 3218 4135 idest
3283 4056 3661 4135 compositor.

2022 4130 2252 4202 Mirare,
2286 4130 2483 4199 lector,
2510 4133 2681 4188 ﬁdem
2713 4134 2972 4190 editoris.
3002 4131 3099 4203 qui
3133 4149 3263 4186 cum
3299 4131 3583 4203 invenerit
3603 4130 3663 4184 in

2022 4208 2296 4262 omnibus
2316 4205 2483 4260 libris
2500 4204 2915 4260 vetustioribus
2939 4203 3267 4274 Hieronymi
3284 4202 3521 4274 verbum
3543 4220 3667 4274 συγ-

2020 4275 2276 4354 γραφεὺς,
2310 4276 2449 4332 illud
2511 4276 2710 4354 abjicit
2765 4276 2824 4330 in
2877 4272 3117 4354 scholia,
3160 4272 3242 4354 ut
3281 4272 3565 4354 obtrudat
3603 4272 3665 4354 in

2022 4344 2355 4405 contextum
2407 4344 2703 4416 συντάδὶτης
2746 4364 2945 4413 suum,
2996 4344 3133 4416 quia
3188 4345 3245 4399 id
3304 4344 3492 4472 magis
3550 4344 3665 4414 ipsi

2024 4421 2230 4472 nlacet.
2268 4422 2328 4472 In
2361 4418 2855 4472 conseouentibus
2903 4434 3006 4472 nro
3043 4421 3361 4472 κορυφαῖον.
3449 4415 3662 4472 luniac.

2062 4421 2230 4492 Iacet.
2268 4422 2329 4475 In
2361 4415 2855 4492 consequentibus
2903 4415 3361 4492 pro’zopueziov,
3402 4415 3662 4492 Cluniae,

2065 4438 2230 4475 iacet.
2268 4438 2329 4475 1n
2361 4438 2855 4490 consequentibus
2903 4438 3006 4491 pro
3043 4438 3361 4492 κορυφαιον,
3402 4438 3662 4484 ωυηιθιε,

2022 4438 2165 4564 regit
2197 4491 2573 4564 Coryphaeum,
2604 4490 2700 4545 alii
2733 4490 2960 4546 codices
2991 4494 3222 4543 mutant
3278 4503 3475 4544 vocem
3508 4486 3663 4564 Grie-

3020 3936 3135 3974 non
3209 3919 3363 3991 quod
3426 3935 3662 3992 συγ-(ρι-

2022 4558 2261 4633 (εειῖηᾼὶο
2301 4558 2577 4616 Latinam
2628 4564 3047 4633 incorruptum;
3098 4576 3286 4632 neque
3341 4576 3473 4614 vero
3520 4558 3664 4633 satis

2020 4631 2429 4704 intellexerunt
2456 4629 2864 4704 exscriptores,
2895 4632 3015 4687 sive
3053 4629 3458 4686 emendatores
3516 4629 3664 4682 anti-
3746 4676 3749 4677 ,

2018 4705 2140 4776 qui,
2166 4703 2305 4779 quid
2330 4708 2823 4779 φρικὶ-κορυφαῖος.
2856 4704 3142 4779 Maurum.

2089 4806 2157 4813 ——
2184 4772 2350 4829 Haud
2385 4773 2533 4828 male
2566 4772 2841 4829 Erasmus
2873 4774 3171 4840 συντάκτης
3205 4772 3441 4843 legerat,
3482 4784 3661 4839 quam

2014 4862 2212 4901 vocem
2276 4845 2419 4917 adeo
2478 4862 2593 4899 non
2653 4862 2721 4899 ex
2777 4844 3562 4917 ingeniocommcntusest,
3600 4844 3663 4895 ut

2015 4934 2143 4973 eam
2173 4916 2519 4971 vetustiores
2554 4932 2789 4987 quoque
2821 4914 2959 4987 editi
2992 4914 3125 4967 libri
3154 4914 3661 4987 prtet'crant,_tam-

2015 4990 2123 5044 etsi
2177 4986 2473 5061 paulisper
2500 4983 2742 5061 _vi‘tiose.
2774 4986 2929 5061 .Mihi
2980 5000 3111 5038 vero
3155 4984 3330 5038 etiam
3363 4983 3665 5061 probatur

2017 5054 2242 5131 magis;
2277 5054 2387 5114 est'
2424 5058 2577 5113 enim
2627 5056 2945 5124 συντάκτης,
2979 5060 3295 5131 syntactes,
3328 5054 3448 5109 sive
3507 5056 3662 5131 lucu-

2016 5127 2218 5199 brator,
2252 5135 2728 5203 cognomentum,
2761 5127 3180 5203 quo_Qrigenes
3204 5198 3213 5203 _
3240 5127 3521 5203 donatus,
3551 5130 3661 5193 est,

2017 5208 2079 5258 ut
2109 5222 2175 5259 ex
2206 5198 2533 5274 Epiphanio
2560 5198 2791 5274 constat
2818 5198 2982 5274 initio
3014 5198 3252 5274 haaresis
3296 5214 3430 5274 Lx_1_n
3462 5214 3492 5274 3A
3513 5202 3663 5274 Ὠρο-

2014 5274 2203 5345 γένους
2254 5265 2364 5325 ’τόδ
2446 5268 2809 5342 Ἀδαμαντίου
2883 5265 3225 5340 καλουμένου
3292 5265 3663 5345 τοῦᾼΣυνὲά-

2011 5340 2163 5399 δὲτου.
2200 5345 2448 5413 Origenis
2498 5340 2839 5414 Adamantii,
2870 5349 3364 5414 qui__cognomcnto
3400 5340 3665 5414 Syntacto

2013 5416 2187 5471 dictus
2216 5410 2313 5470 est.
2349 5415 2461 5468 Nec
2493 5413 2617 5468 Nisi
2668 5410 3172 5470 verosimillimum
3238 5416 3376 5482 puto
3402 5410 3661 5482 ;deodem

2012 5487 2121 5562 hoc
2153 5486 2387 5562 nomine
2418 5485 2838 5562 Hieronymum
2870 5484 3205 5545 adversario
3240 5479 3371 5540 'suo
3412 5479 3662 5549 illudere

2011 5557 2287 5623 voluisse.
