4110 6162
505 256 630 336 493

1751 260 1836 340 s..
1863 256 2690 336 EUSEBH-HlERONXMI.

3725 261 3836 350 is;

496 391 783 450 Veterum
830 396 1030 449 autem
1057 395 1344 448 tractatus
1372 393 1729 465 scriptorum
1761 392 1994 466 legebat
2040 398 2161 448 stu-
2193 405 2245 470 Α
2276 392 2654 462 Temporum,
2686 391 2744 445 in
2777 388 3163 462 descriptione
3190 392 3392 452 Sanctis
3428 392 3598 460 Terris
3620 411 3635 466 ',
3661 398 3710 449 et
3731 394 3837 476 haec

504 480 868 550 diosissime,
899 486 956 536 et
983 480 1043 534 in
1065 495 1265 537 eorum
1300 481 1678 538 meditatione
1704 481 1923 556 iugiter
1962 498 2162 536 versa-

499 570 693 626 batur.
745 591 766 618 »

569 659 658 714 40.
695 657 1018 729 Theophilus
1045 665 1102 713 et
1128 658 1454 714 Anastasius
1511 659 1800 731 Origenem
1829 659 2158 718 lareticum

497 746 777 804 dicebant.
809 775 877 784 —
929 744 1211 802 Delensor
1263 747 1556 821 Origenis,
1589 755 1645 804 et
1689 749 1955 805 laudator
1987 749 2156 806 Pam-

500 835 674 907 phili,
707 834 846 889 dicit
895 834 1268 908 Pamphilum
1320 837 1469 892 nihil
1527 838 1766 894 omnino
1827 837 2156 910 scripsisse,

507 939 613 980 nec
643 923 863 996 proprii
897 923 1223 996 quidquam
1246 927 1580 983 condidisse
1612 929 1923 985 sermonis.
1957 928 2028 983 Et
2048 927 2157 983 hoc

509 1011 652 1068 dicit
670 1012 796 1082 jam
827 1011 1130 1084 Pamphilo
1185 1017 1464 1088 martyrio
1497 1022 1793 1085 coronato,
1821 1034 1890 1073 ne
1938 1017 2157 1074 habeas

506 1101 825 1172 suffugium
857 1106 991 1173 post
1020 1103 1206 1160 editos
1239 1104 1312 1159 ab
1342 1105 1591 1162 Eusebio
1625 1105 1827 1173 libros,
1859 1105 1968 1162 boc
1993 1106 2156 1161 Pam-

501 1189 731 1262 philum
763 1191 1091 1262 scripsisse.
1123 1193 1272 1257 Quid
1305 1194 1526 1251 facies?
1557 1195 1633 1250 Eo
1665 1193 1812 1250 libro
1845 1210 2020 1266 quem
2045 1194 2156 1250 sub

502 1279 739 1336 nomine
795 1279 1069 1352 martyris
1125 1281 1380 1353 edidisti,
1437 1283 1750 1340 vulnerata:
1817 1289 1957 1340 sunt
2024 1300 2156 1338 con-

510 1367 768 1424 scientiae
801 1366 1214 1446 plurimorum.
1248 1371 1373 1426 Non
1403 1371 1560 1428 valet
1606 1374 1760 1444 apud
1820 1389 1919 1428 eos
1977 1388 2156 1444 super

503 1456 771 1530 Origenis
802 1458 1179 1515 damnatione
1195 1459 1606 1532 episcoporum
1628 1460 2152 1532 auctoritas,quem

507 1549 719 1617 putant
748 1564 781 1601 a
812 1551 1064 1619 martyre
1112 1548 1512 1620 praedicatum.
1559 1550 1709 1616 Quid
1760 1549 1974 1606 facient
2031 1549 2152 1622 epi-

501 1633 661 1690 stolas
685 1635 994 1706 Theophili
1023 1636 1329 1710 episcopi?
1359 1638 1499 1709 quid
1548 1656 1706 1711 papa:
1739 1638 2031 1694 Anastasii
2090 1638 2149 1692 in

499 1725 619 1778 toto
693 1723 830 1778 orbe
890 1721 1228 1782 hisreticum
1295 1731 1731 1798 persequentes,
1793 1743 1928 1782 cum
1987 1727 2142 1782 466

498 1777 648 1867 liber
677 1777 816 1867 tu...
846 1777 967 1867 sub,
988 1777 1227 1869 asia;
1242 1777 1750 1886 Ρεῖιῌιξιζῖιῖὲᾶἓὶιέὲ
1781 1777 2152 1889 aggessi
2184 1777 2230 1844 Β

499 1903 593 1955 tra
616 1899 896 1972 epistolas
925 1917 1151 1970 eorum,
1184 1908 1243 1958 et
1270 1904 1589 1976 episcopali
1625 1905 1850 1960 nomini
1896 1905 2154 1960 testimo-

499 1988 664 2045 nium
695 1989 969 2061 martyris
990 1993 1352 2062 opponatur?
1365 1993 1526 2058 Quod
1545 1992 1736 2048 fecisti
1762 1993 1820 2047 in
1842 1991 2010 2048 libris
2028 1991 2149 2066 περὶ

499 2080 738 2152 ’Δρχῶν,
787 2078 895 2134 hoc
944 2079 1116 2135 facito
1162 2084 1222 2135 et
1277 2081 1336 2136 in
1395 2082 1507 2137 isto
1553 2080 1851 2138 volumine
1901 2077 2152 2153 ψευδεπι-

500 2165 714 2242 γράφῳ.
766 2167 918 2222 Audi
974 2167 1284 2224 consilium
1335 2169 1532 2241 amici,
1591 2187 1707 2225 non
1767 2174 1822 2226 te
1875 2170 2153 2243 poeniteat

505 2255 648 2312 artis
677 2259 790 2311 tuae
823 2271 836 2311 :
869 2255 957 2311 vel
986 2255 1188 2324 dicito,
1220 2262 1391 2313 tuum
1442 2275 1557 2313 non
1606 2273 1754 2326 esse,
1789 2257 1874 2314 vel
1925 2259 1998 2314 ab
2038 2259 2149 2314 Eu~

498 2343 659 2400 sebio
722 2345 1058 2416 presbytero
1107 2345 1514 2418 depravatum.
1569 2347 1730 2402 Unde
1776 2347 2010 2418 probari
2041 2346 2148 2402 tibi

499 2433 729 2505 poterit,
761 2435 913 2506 quod
943 2450 978 2490 a
1007 2438 1062 2489 te
1095 2435 1447 2492 translatum
1479 2435 1617 2492 est?
1647 2436 1774 2492 Non
1805 2452 2015 2491 manus
2047 2441 2150 2492 tua

497 2526 775 2577 tenetur:
817 2539 932 2577 non
982 2526 1158 2578 tantas
1217 2539 1278 2579 es
1335 2523 1702 2596 eloquentiae,
1742 2528 1808 2579 ut
1856 2522 2055 2580 nullus
2094 2528 2150 2582 te

502 2609 688 2680 possit
746 2610 987 2666 imitari.
1021 2613 1134 2666 Aut
1177 2617 1328 2667 certe
1374 2613 1423 2667 si
1476 2628 1568 2668 res
1621 2613 1693 2668 ad
1744 2613 2148 2684 probationem

499 2697 738 2765 venerit,
772 2701 829 2753 et
858 2698 1285 2769 impudentiam
1315 2700 1527 2756 frontis
1565 2701 1964 2772 oppresserint
1991 2699 2150 2756 testi-

500 2785 698 2843 monia
754 2785 1164 2858 plurimorum,
1216 2788 1574 2859 palinodiam
1625 2788 1940 2844 Stesichori
1989 2805 2150 2845 more

500 2879 750 2932 cantato.
779 2873 988 2934 Melius
1027 2881 1118 2933 est
1155 2883 1212 2933 te
1255 2877 1532 2949 poenitere
1572 2876 1710 2933 facti
1743 2877 1847 2944 tui,
1881 2894 2058 2949 quam
2093 2882 2150 2934 et

500 2970 812 3037 martyrem
839 2963 898 3020 in
931 2964 1250 3035 calumnia,
1275 2971 1333 3021 et
1353 2967 1625 3039 deceptos
1656 2966 1715 3021 in
1745 2983 1938 3022 errore
1969 2967 2149 3039 persi-

502 3054 673 3107 stere.
701 3052 815 3108 Nec
834 3053 1146 3109 erubescas
1176 3054 1247 3110 de
1280 3053 1740 3109 commutatione
1793 3053 2097 3110 sententias
2131 3071 2143 3109 :

2273 479 2401 550 ipsa
2429 479 2712 551 opuscula
2752 479 2811 533 in
2861 478 3131 534 Latinum
3178 481 3443 552 vertens’,
3487 497 3610 536 mea:
3653 479 3839 555 linguis

2274 568 2616 624 hominibus
2663 566 2817 624 dedi.
2867 567 3019 622 Num
3066 584 3135 622 ex
3182 584 3248 623 eo
3290 568 3523 624 Arianus
3557 586 3698 637 sum,
3726 569 3845 642 quia

2269 657 2559 714 Eusebius
2590 657 2690 729 qui
2730 656 2834 714 hos
2862 655 3043 714 libros
3084 657 3354 723 condidit,
3383 655 3760 718 Arianusest?
3793 657 3846 713 Si

2265 763 2448 802 ausus
2505 746 2686 802 fueris
2745 747 2893 803 461
2957 763 3050 804 me
3101 745 3425 804 bareticum
3497 745 3692 815 dicere,
3745 760 3846 812 me:

2269 839 2464 891 mento
2512 834 2963 891 Prmfatiunculaa
3012 833 3134 908 περὶ
3187 836 3414 908 Ἀρχῶν,
3488 833 3542 888 in
3589 849 3696 904 qua
3735 832 3847 888 fidei

2268 927 2380 978 tuas
2413 940 2506 980 me
2559 939 2683 979 esse
2724 923 2998 990 testaris;
3046 921 3332 994 simulque
3375 923 3600 978 obsecro
3643 926 3702 976 ut
3727 922 3848 978 ami-

2269 1028 2404 1068 cum
2471 1013 2770 1084 quondam
2844 1016 3012 1067 tuum
3086 1009 3536 1083 expostulantem
3604 1010 3851 1086 patienter

2267 1101 2494 1158 audias.
2531 1102 2742 1157 Contra
2771 1100 2919 1157 alios
2957 1099 3312 1174 digladiaris,
3357 1103 3454 1156 aut
3497 1099 3632 1154 facis
3657 1097 3851 1155 calum-

2267 1191 2450 1259 niam,
2483 1195 2584 1245 aut
2614 1191 2850 1262 pateris.
2885 1191 3039 1255 Quos
3070 1206 3327 1257 accusas,
3359 1193 3415 1244 et
3443 1187 3694 1259 aquibus
3712 1203 3851 1246 accue

2265 1279 2435 1346 saris,
2478 1279 2702 1335 ordinis
2743 1277 2829 1333 tui
2881 1284 3051 1335 sunt:
3114 1283 3262 1334 recte
3313 1295 3384 1334 an
3430 1292 3730 1348 perperam,
3767 1291 3852 1331 vos

2265 1367 2550 1423 videritis.
2612 1366 2755 1424 Mihi
2803 1366 2979 1422 etiam
3026 1383 3162 1424 vera
3204 1365 3489 1422 accusatio
3535 1369 3720 1420 contra
3758 1363 3851 1440 ira;

2265 1461 2414 1512 trem
2447 1455 2736 1529 displicet,
2770 1472 2874 1512 nec
2905 1455 3264 1527 reprehendo
3295 1454 3458 1521 alios,
3485 1454 3581 1511 sed
3601 1452 3725 1514 dico,
3739 1449 3854 1523 quid

2263 1545 2388 1617 ipse
2421 1561 2536 1600 non
2568 1545 2839 1600 facerem.
2874 1543 3071 1600 Tantis
3099 1544 3311 1616 spatiis
3358 1548 3635 1600 terrarum
3663 1557 3856 1618 separa-

2261 1639 2358 1690 tus
2389 1634 2529 1706 quid
2562 1634 2791 1705 peccavi
2823 1634 2882 1688 in
2913 1633 3010 1690 te?
3053 1634 3193 1704 quid
3246 1631 3603 1689 commerui?
3643 1633 3719 1685 An
3741 1628 3856 1700 quia
3894 1710 3896 1713 Ι

2261 1722 2627 1796 Origenisten
2661 1739 2752 1779 me
2781 1740 2896 1780 non
2936 1739 3064 1778 esse
3118 1720 3439 1795 respondi?
3484 1718 3735 1799 Nunquid
3775 1718 3855 1798 de-

2266 1811 2450 1868 fensio
2482 1828 2631 1879 mea,
2666 1811 2960 1868 accusatio
3002 1815 3102 1866 tua
3150 1811 3292 1867 est?
3348 1811 3415 1866 Et
3465 1814 3528 1864 tu
3581 1809 3627 1864 si
3677 1823 3779 1864 non
3804 1820 3854 1868 es

2264 1898 2646 1971 Origenistes,
2677 1899 2766 1955 vel
2800 1917 2915 1955 non
2944 1899 3128 1965 fuisti,
3157 1901 3332 1956 credo
3352 1897 3570 1976 juranti
3591 1915 3604 1966 ;
3628 1894 3853 1975 sitfuisti,

2263 1989 2522 2059 suscipio
2555 1988 2952 2061 pmnitentem.
2987 1989 3133 2053 Quid
3167 1988 3354 2058 doles,
3395 1989 3444 2044 si
3473 1987 3528 2042 id
3555 2002 3693 2053 sum,
3719 1982 3857 2056 quod

2264 2094 2393 2134 esse
2438 2083 2495 2133 te
2545 2077 2742 2134 dicis?
2791 2081 2880 2134 An
2925 2078 3065 2150 quia
3111 2077 3235 2151 περὶ
3278 2080 3492 2153 Ἀρχῶν
3539 2073 3778 2148 Origenis
3804 2070 3856 2126 li-

2261 2166 2398 2222 bros
2430 2171 2563 2237 post
2588 2169 2643 2222 te
2676 2168 2995 2223 transferre
3023 2183 3202 2224 ausus
3228 2184 3391 2235 sum,
3423 2171 3478 2244 et
3505 2161 3856 2237 interpretatio

2262 2270 2393 2310 mea
2423 2254 2734 2328 suggilatio
2767 2259 3006 2327 putatur
3035 2255 3228 2328 operis
3279 2255 3414 2312 tui?
3450 2254 3590 2319 Quid
3633 2256 3854 2325 poteram

2263 2343 2449 2399 facere
2469 2343 2496 2398 ?
2526 2343 2704 2400 Missa
2733 2343 2879 2399 mihi
2910 2349 2998 2401 est
3027 2343 3287 2400 laudatio
3337 2349 3457 2411 tua,
3507 2344 3563 2399 id
3607 2346 3683 2398 est
3705 2354 3858 2396 accu-

2261 2432 2407 2488 satio
2440 2448 2586 2490 mea.
2623 2433 2768 2489 Tam
2800 2433 3026 2489 fortiter
3057 2450 3149 2490 me
3177 2430 3855 2507 prolixequelaudaveras,

2261 2526 2328 2576 ut
2351 2521 2400 2576 si
2430 2523 2549 2577 tuis
2579 2521 2853 2578 laudibus
2884 2522 3310 2599 acquevissem,
3346 2539 3546 2580 omnes
3565 2517 3856 2576 haereticus)

2261 2626 2353 2666 me
2375 2614 2670 2682 putarent.
2705 2611 2849 2666 Vide
2879 2611 3022 2683 quid
3053 2611 3332 2667 Romanis
3373 2612 3464 2668 ad.
3495 2626 3582 2666 me
3631 2603 3856 2683 Epistolis

2260 2697 2526 2753 clausula
2558 2702 2789 2754 teneat:
2823 2723 2849 2749 ‹‹
2887 2699 3077 2773 Purga
3105 2700 3474 2772 suspiciones
3496 2698 3796 2763 hominum,
3813 2696 3858 2752 ei

2260 2786 2536 2842 convince
2606 2787 3056 2858 criminantem;
3144 2805 3236 2854 ne,
3311 2788 3368 2845 si
3423 2782 3862 2856 dissimulaveris,

2258 2875 2585 2931 consentire
2701 2876 2952 2932 videaris
3051 2878 3313 2949 (Epistola
3424 2873 3747 2942 Pammachii

2260 2963 2477 3037 Oceani)
2506 2986 2533 3014 »
2564 2963 2686 3021 Tali
2718 2964 3073 3021 constrictus
3105 2965 3388 3043 articulo,
3420 2966 3862 3040 interpretaturus

2258 3054 2493 3110 eosdem
2545 3053 2747 3121 libros,
2793 3053 3076 3130 ausculta~
3104 3055 3243 3128 quid
3293 3053 3666 3130 scripserim:
3714 3071 3738 3101 ‹‹
3766 3047 3862 3124 Hoc

504 3155 618 3193 non
665 3157 728 3195 es
771 3145 943 3195 tanta;
993 3142 1355 3198 auctoritatis
1403 3148 1462 3197 et
1508 3143 1697 3210 famae,
1729 3147 1792 3197 ut
1837 3159 2063 3199 errasse
2092 3147 2147 3199 te
2179 3145 2224 3216 ο
2261 3142 2406 3197 mihi
2461 3143 2857 3214 priestiterunt
2897 3143 3067 3199 amici
3127 3144 3240 3199 mei
3301 3147 3455 3212 (non
3514 3143 3627 3198 dixi
3671 3139 3864 3213 amicus

501 3227 739 3297 pudeat.
773 3228 1008 3284 Imitare
1058 3244 1166 3297 me,
1206 3246 1379 3300 quem
1437 3230 1758 3302 plurimum
1805 3249 1989 3299 amas,
2017 3231 2142 3288 sine

503 3331 618 3386 quo
649 3331 753 3372 nec
783 3315 969 3371 vivere
1001 3331 1107 3373 nec
1139 3317 1287 3372 mori
1320 3323 1485 3389 potes
1518 3337 1530 3375 :
1559 3325 1615 3374 et
1645 3337 1874 3377 mecum
1931 3321 2142 3392 clama,

503 3421 631 3476 quin
677 3421 784 3477 ego
833 3404 1106 3461 laudatus
1139 3424 1170 3463 a
1203 3411 1258 3462 te
1289 3408 1345 3462 in
1397 3408 1736 3465 defensione
1767 3411 1879 3466 mei
1914 3410 2144 3467 locutus

502 3509 657 3548 sum.

572 3583 662 3638 41.
697 3584 841 3652 Quid
886 3585 1150 3644 Eusebius
1224 3585 1512 3656 objiciebat
1559 3587 1824 3644 Methodio
1880 3590 2138 3661 martyri.

500 3673 725 3728 Eusebii
777 3674 1036 3745 opuscula
1089 3675 1157 3730 ab
1215 3675 1543 3748 Hieronymo
1597 3678 1887 3732 translata.
1932 3708 2000 3718 —
2029 3679 2143 3734 Eu-

500 3761 699 3818 sebius
746 3762 1117 3818 Caesariensis
1182 3763 1514 3835 episcopus,
1561 3766 1731 3835 cujus
1793 3783 1973 3838 supra
2023 3783 2142 3821 me-

500 3849 666 3918 mini,
699 3849 759 3905 in
782 3855 941 3906 sexto
970 3850 1117 3906 libro
1148 3847 1483 3925 ’Δπολογίας
1510 3853 1796 3926 Origenis,
1832 3855 1938 3910 hoc
1987 3855 2141 3910 idem

500 3937 703 4008 objicit
750 3938 1041 3994 Methodio
1087 3941 1359 4013 episcopo
1409 3948 1466 3997 et
1507 3943 1765 4015 martyri,
1801 3944 1956 4015 quod
1989 3949 2052 3998 tu
2083 3944 2141 3998 in

501 4025 648 4082 meis
678 4025 954 4083 laudibus
991 4027 1343 4094 criminaris,
1376 4035 1433 4086 et
1479 4031 1652 4087 dicit:
1683 4033 1982 4096 Quomodo
2039 4049 2142 4088 au-

499 4131 602 4172 sus
627 4120 716 4172 est
735 4115 1063 4172 Methodius
1095 4135 1251 4173 nunc
1281 4123 1484 4174 contra
1513 4120 1821 4192 Origenem
1866 4120 2140 4186 scribere,

501 4205 601 4277 qui
658 4204 777 4261 haec
807 4209 864 4261 et
893 4205 1015 4262 haec
1045 4206 1115 4262 de
1151 4207 1417 4280 Origenis
1450 4208 1680 4264 locutus
1727 4213 1815 4264 est
1854 4209 2143 4281 dogmati-

500 4294 612 4350 bus
633 4294 662 4349 ‘I
715 4294 840 4352 Non
907 4300 996 4352 est
1052 4295 1232 4367 hujus
1291 4295 1400 4352 loci
1459 4314 1561 4368 pro
1624 4302 1875 4370 martyre
1927 4297 2141 4370 loqui;

502 4399 691 4454 neque
738 4384 894 4439 enim
944 4384 1144 4440 omnia
1193 4385 1250 4440 in
1294 4385 1436 4440 locis
1479 4385 1754 4442 omnibus
1803 4386 2146 4445 disserenda

501 4475 659 4526 sunt.
721 4471 887 4526 Nunc
949 4473 1214 4544 tetigisse
1292 4473 1548 4529 sufﬁciat
1628 4473 1736 4529 hoc
1797 4475 1869 4530 ab
1931 4477 2145 4534 Ariano

500 4557 737 4613 homine
781 4560 954 4630 objici
1003 4560 1328 4618 clarissimo
1369 4567 1426 4617 et
1471 4561 1956 4633 eloquentissimo
1989 4583 2148 4622 mar-

499 4647 632 4720 tyri,
662 4647 817 4719 quod
851 4653 913 4704 tu
947 4649 1005 4704 in
1038 4665 1130 4706 me
1160 4655 1218 4706 et
1247 4650 1472 4707 amicus
1519 4650 1748 4717 laudas,
1775 4657 1832 4710 et
1888 4655 2149 4713 offensus

431 4736 438 4742 ’
501 4752 766 4796 accusas.
795 4737 987 4793 Habes
1043 4739 1410 4796 occasionem
1464 4745 1521 4796 et
1567 4742 1637 4798 de
1669 4745 1940 4814 praesenti
1999 4745 2149 4816 loco,

504 4827 556 4884 si
583 4826 745 4896 velis,
780 4827 925 4884 mihi
955 4827 1313 4886 calumniam
1346 4833 1592 4899 struere,
1626 4848 1732 4888 cur
1761 4850 1918 4890 nunc
1947 4839 2006 4890 et
2045 4836 2146 4890 Eu-

504 4917 660 4973 sebio
707 4917 1032 4987 detraham,
1066 4934 1240 4990 quem
1292 4919 1348 4974 in
1395 4919 1508 4976 alio
1552 4919 1676 4976 loco
1708 4927 1842 4977 ante
1873 4921 2151 4978 laudavi?

499 5004 760 5064 Alterum
790 5008 1027 5080 quidem
1061 5025 1272 5065 nomen
1304 5008 1538 5064 Eusebii
1569 5011 1584 5043 ¹
1613 5027 1626 5077 ;
1653 5011 1752 5065 sed
1786 5011 1989 5066 eadem
2022 5027 2149 5083 quas

501 5107 678 5163 super
723 5095 990 5167 Origenis
1044 5097 1326 5154 vocabulo
1382 5101 1472 5154 est
1529 5097 1848 5154 calumnia.
1897 5099 2149 5155 Laudavi

503 5178 824 5236 Eusebium
872 5184 932 5238 in
987 5187 1366 5244 Ecclesiastica
1412 5188 1673 5255 Historia,
1716 5186 1775 5242 in
1825 5186 2151 5260 digestione

507 5303 768 5431 biLSNam
799 5309 856 5360 et
880 5306 993 5378 ipsi
1019 5309 1368 5385 Hieronymo
1410 5329 1744 5384 przenomen
1803 5317 1927 5369 erat
1982 5313 2149 5369 Εαδε-

542 5391 693 5527 fgsln
725 5449 1246 5527 Latinum_ver_tens.
1280 5453 1425 5509 Cave
1458 5471 1528 5510 ne
1556 5454 1855 5527 intelligas
1887 5454 1996 5510 boc
2026 5454 2150 5512 loco

505 5517 932 5593 Hieronymum
991 5519 1065 5593 in,
1101 5523 1370 5583 Latinum
1425 5526 1668 5588 vertisse
1715 5517 2153 5588 Ecclesiasticam

503 5591 810 5662 Historiam
838 5591 1108 5652 Eusebii:
1142 5593 1314 5652 vertit
1350 5594 1506 5654 enim
1557 5595 1931 5660 solummodo
1980 5593 2154 5660 Chro-

2261 3247 2448 3298 meus,
2484 3248 2553 3286 ne
2583 3236 2638 3286 te
2671 3231 2894 3288 viderer
2923 3237 3185 3305 arguere)
3216 3233 3356 3288 utsi
3385 3238 3631 3298 tacuere,
3650 3245 3797 3296 reus;
3824 3223 3865 3300 si

2255 3320 2627 3392 respondero,
2663 3320 2940 3377 inimicus
2961 3321 3210 3392 judicer.
3245 3321 3422 3399 Dura.
3445 3326 3672 3392 utraque
3699 3313 3868 3372 condi-

2252 3409 2354 3474 tio,
2389 3410 2484 3464 sed
2523 3425 2552 3464 e
2593 3409 2825 3464 duobus
2854 3408 3062 3481 eligam
3088 3409 3243 3480 quod
3274 3407 3467 3466 levius
3492 3414 3590 3466 est.
3618 3401 3868 3482 Simultas

2255 3497 2635 3568 redintegrari
2648 3497 3377 3569 potestzblasphemiaveni
3388 3515 3484 3554 am
3495 3494 3866 3573 nonmeretur.

2254 3587 2440 3658 (Epist.
2473 3585 2550 3640 Ad
2574 3587 2786 3641 l-‘amm.
2814 3587 2877 3640 Et
2913 3587 3142 3658 Ocean).
3178 3609 3204 3635 ››
3247 3584 3673 3644 Animadvertis
3712 3577 3864 3636 invito

2252 3675 2397 3730 mihi
2430 3678 2485 3729 et
2532 3675 2884 3747 repugnanti
2934 3674 3042 3730 hoc
3091 3692 3241 3730 onus
3288 3673 3759 3748 impositum;et
3791 3668 3866 3723 iu-

2251 3769 2444 3819 turam
2485 3780 2553 3818 ex
2583 3763 2992 3833 hujuscemodi
3023 3779 3194 3835 opere
3224 3763 3617 3832 simultatem,
3647 3755 3869 3831 necessi;

2251 3853 2387 3908 tatis
2417 3851 2788 3907 excusatione
2817 3856 3083 3907 curatam
3107 3853 3134 3906 ‘t
3183 3853 3242 3908 Si
3286 3853 3709 3926 interpretatus
3734 3860 3871 3904 esses

2251 3941 2432 3997 libros
2461 3939 2584 4013 περὶ
2605 3942 2818 4014 Ἀρχῶν
2875 3941 3099 4012 absque
3131 3957 3258 3996 meo
3295 3944 3562 4011 nomine,
3586 3944 3729 3996 recte
3749 3949 3868 4008 que.

2254 4028 2462 4087 rereris
2500 4028 2558 4084 in
2592 4028 3104 4100 reprehensionem
3136 4035 3298 4085 tuam
3329 4047 3364 4085 a
3415 4048 3513 4087 me
3549 4034 3742 4103 postea
3765 4039 3871 4083 esse

2254 4117 2592 4176 translatos.
2626 4117 2792 4173 Nunc
2823 4123 3018 4173 autem
3051 4118 3268 4189 injuste
3315 4118 3509 4189 doles,
3543 4119 3600 4174 in
3629 4135 3693 4174 eo
3722 4127 3870 4188 opere

2255 4225 2289 4264 a
2319 4225 2411 4263 me
2437 4207 2539 4262 tibi
2574 4223 2702 4264 esse
2745 4222 3114 4278 responsum,
3167 4207 3225 4262 in
3274 4223 3389 4279 quo
3445 4227 3480 4265 a
3525 4215 3580 4264 te
3608 4201 3874 4286 laudando

2255 4302 2564 4353 accusatus
2623 4312 2776 4352 sum.
2833 4295 3016 4358 Quam
3075 4295 3230 4351 enim
3296 4301 3358 4351 tu
3423 4296 3662 4354 laudern
3707 4305 3877 4370 vocas,

2255 4403 2463 4443 omnes
2495 4384 2928 4442 accusationem
2971 4383 3326 4457 intelligunt.
3375 4386 3617 4444 Constet
3645 4382 3790 4458 apud
3821 4383 3881 4446 te,

2259 4477 2416 4547 quod
2448 4473 2856 4541 accusaveris;
2905 4478 2962 4529 et
3010 4490 3124 4533 non
3171 4474 3595 4546 indignaberis,
3647 4471 3891 4547 quadre-

2257 4563 2615 4635 sponderim.
2637 4562 2794 4630 Esto,
2818 4566 2881 4616 tu
2907 4563 3062 4618 bono
3084 4562 3280 4618 animo
3303 4563 3634 4635 scripseris,
3658 4565 3715 4617 et
3733 4559 3885 4614 homo

2256 4653 2539 4708 innocens
2575 4655 2630 4707 et
2664 4651 2888 4707 amicus
2919 4650 3267 4719 ﬁdissimus,
3298 4651 3368 4707 de
3399 4653 3575 4724 cujus
3605 4657 3885 4722 nunquam

2256 4757 2561 4815 egressum
2600 4744 2689 4796 est
2734 4756 2831 4796 ore
2877 4739 3267 4806 mendacium,
3317 4756 3412 4796 me
3460 4741 3628 4800 468.
3671 4733 3885 4810 nescius

2255 4829 2581 4888 vulneraris
2607 4847 2619 4884 :
2653 4828 2795 4901 quid
2826 4829 2898 4884 ad
2929 4845 3042 4899 me,
3067 4828 3166 4901 qui
3194 4845 3510 4902 percussus
3550 4845 3707 4888 sum.
3750 4824 3886 4880 Num

2258 4919 2473 4976 idcirco
2501 4918 2692 4975 curari
2725 4935 2839 4974 non
2872 4917 3072 4984 debeo,
3107 4917 3246 4989 quia
3275 4922 3335 4972 tu
3387 4935 3480 4974 me
3524 4919 3679 4974 bono
3709 4912 3885 4971 animo

2261 5006 2619 5066 vulnerasti?
2647 5007 2964 5063 Confessus
2985 5007 3172 5077 jaceo,
3218 5005 3424 5068 stridet
3470 5007 3690 5062 vulnus
3719 5005 3779 5059 in
3805 5013 3888 5076 pe

2258 5106 2451 5157 ctore:
2487 5097 2735 5156 candida
2766 5096 2929 5169 prius
2961 5096 3248 5169 sanguine
3278 5097 3545 5152 membra
3567 5091 3887 5171 turpantur,

2257 5195 2316 5248 et
2343 5194 2410 5245 tu
2440 5187 2586 5243 mihi
2633 5184 2823 5241 dicis:
2875 5184 3000 5242 Noli
3053 5202 3296 5241 manum
3345 5185 3625 5244 adhibere
3654 5177 3890 5244 vulneri.

2260 5313 2455 5369 nicum
2493 5311 2823 5384 Canonem,
2881 5312 2936 5364 et
2991 5308 3227 5384 librum?
3264 5310 3328 5384 de
3385 5311 3532 5384 Locis
3576 5304 3890 5384 νιιερνςιέειέἰρ

2259 5402 2409 5456 quos
2444 5383 2827 5456 hic_recen_s_et
2858 5395 2994 5456 cum
3023 5379 3263 5456 Historia
3299 5378 3705 5456 Ecclesiastiga;
3740 5375 3890 5456 ΜΑΡς

2257 5441 2408 5510 riu.
2445 5484 2511 5492 —-
2546 5453 2687 5506 Puta
2716 5450 3066 5507 Chronicum
3117 5453 3434 5522 Canonem,
3484 5453 3538 5508 et
3588 5449 3810 5523 librum

2258 5527 2458 5593 Locis;
2511 5523 2946 5594 Ecclesiasticam
3007 5526 3202 5594 autem
3250 5520 3565 5594 Historiam
3602 5520 3892 5594 laudatam

2260 5591 2543 5658 duntaxat
2572 5611 2607 5654 a
2635 5609 2717 5668 se,
2749 5611 2867 5655 non
2898 5592 3102 5654 Latine
3132 5595 3488 5674 explicatam
3510 5591 3695 5674 dicit.
3805 5621 3808 5624 ~
