4110 6162
265 242 415 311 (135

1508 232 2229 312 comas/aurium
2274 248 2425 314 LIB.
2470 252 2518 313 I.

3598 244 3715 323 λεδ

285 396 363 437 ne
390 395 498 454 ego
528 385 590 437 te
638 380 839 437 videar
895 381 1281 439 vulnerasse?
1310 384 1659 454 Quanquam
1718 385 1775 437 et
1826 382 1955 453 ipsa
1981 381 2035 447 Α
2065 383 2331 452 quaedam
2362 384 2433 440 de
2464 385 2711 457 epistola
2759 403 2888 442 mea
2916 356 3313 460 philosophice
3361 406 3615 464 carpere,
3656 397 3715 449 et

276 468 601 526 translatio
628 472 821 543 magis
878 471 1189 545 Origenem
1249 489 1429 544 quam
1492 476 1547 527 te
1605 470 1819 543 arguit.
1868 471 1953 524 Tu

278 558 438 614 enim
469 559 803 614 emendasti
833 576 961 632 quae
981 561 1187 617 addita
1212 562 1287 616 ab
1316 560 1606 617 heareticis
1638 559 1954 615 arbitratus

276 648 512 719 es.E.go
572 646 831 719 prodidi,
895 651 1050 722 quod
1112 651 1185 704 ab
1239 649 1341 705 illo
1388 649 1676 721 scriptum
1738 647 1956 704 Graecia

289 737 567 792 universa
589 736 941 793 conclamat.
1007 739 1148 804 Quis
1206 738 1421 795 restius
1478 738 1795 793 arbitratus
1853 738 1949 804 sit,

293 840 404 880 nec
462 840 671 893 meum,
715 843 824 881 nec
884 832 1054 882 tuum
1125 828 1413 898 judicium
1458 831 1564 882 est.
1634 827 1951 897 Utriusque

294 912 517 985 scripta
545 915 874 971 censoriam
907 916 1140 972 lectoris
1168 915 1457 990 virgulam
1505 915 1782 971 sentiant.
1814 915 1955 971 Tota

289 1002 384 1057 illa
422 1002 705 1074 Epistola,
739 1020 857 1075 qua
884 1021 989 1075 pro
1019 1022 1112 1060 me
1151 1006 1466 1072 satisfacio,
1527 1008 1727 1060 contra
1768 1005 1946 1060 haere-

276 1092 424 1147 ticos
467 1094 526 1147 et
574 1097 947 1149 accusatores
1006 1111 1166 1150 meos
1214 1095 1489 1166 dirigitur
1523 1111 1535 1148 :
1568 1094 1706 1166 quid
1759 1095 1830 1147 ad
1866 1099 1944 1160 te,

272 1180 376 1251 qui
406 1185 470 1237 et
507 1180 904 1237 orthodoxum
953 1187 1011 1238 et
1062 1182 1428 1239 laudatorem
1481 1200 1680 1239 meum
1732 1188 1787 1237 te
1819 1198 1947 1238 esse

268 1267 443 1333 dicis,
480 1266 532 1325 si
562 1270 829 1341 asperior
860 1287 993 1326 sum
1027 1271 1085 1326 in
1136 1272 1457 1337 haereticos,
1496 1275 1551 1326 et
1590 1270 1827 1326 illorum
1884 1270 1944 1325 in

263 1358 588 1430 publicum
643 1359 921 1431 strophas
1005 1361 1231 1431 profero
1273 1360 1300 1415 ?
1350 1361 1565 1415 Laetare
1617 1360 1944 1415 invectione

265 1461 406 1502 mea
452 1465 467 1514 ;
521 1462 597 1502 ne
655 1448 704 1502 si
768 1446 1047 1511 dolueris,
1109 1448 1417 1504 haereticus
1475 1465 1603 1504 esse
1670 1448 1938 1503 videaris.

264 1534 521 1599 Quando
569 1536 699 1592 sine
749 1538 989 1592 nomine
1041 1543 1243 1593 contra
1283 1538 1425 1593 vitia
1475 1538 1795 1603 scribitur;
1839 1538 1939 1608 qui

262 1626 571 1691 irascitur,
624 1630 931 1680 accusator
982 1628 1073 1683 sui
1143 1632 1252 1683 est.
1305 1627 1624 1682 Prudentis
1682 1626 1937 1681 hominis

2065 472 2364 528 hominem
2424 491 2646 547 rugosas
2706 475 2909 531 frontis
2972 477 3325 549 adductique
3384 480 3708 551 supercilii,

2065 558 2331 615 Plautino
2364 561 2420 615 in
2484 579 2574 616 me
2616 561 2736 617 sale
2792 562 3014 629 ludere,
3068 580 3133 618 eo
3193 566 3347 636 quod
3392 550 3709 624 Barrabam
3768 550 3774 571 ⁸

2061 647 2329 703 Judaeum
2360 650 2603 705 dixerim
2639 656 3051 723 praeceptorem
3085 668 3301 708 meum.
3336 655 3449 710 Nec
3491 656 3709 712 mirum

2066 737 2113 791 si
2166 753 2269 807 pro
2336 737 2685 805 BAR-ANINA,
2747 739 2847 794 ubi
2894 744 2983 795 est
3040 740 3237 813 aliqua
3291 744 3707 801 vocabulorum

2065 825 2409 893 similitudo,
2445 828 2751 899 scripseris
2781 830 3107 896 Barrabam,
3160 847 3293 885 cum
3346 836 3574 888 tantum
3603 833 3706 889 ha-

2064 914 2202 971 beas
2234 914 2527 971 licentiam
2588 918 2894 973 nominum
2955 919 3483 988 immutandorum,
3539 926 3601 975 ut
3638 923 3709 977 de

2062 1005 2309 1061 Eusebio
2332 1004 2811 1077 Pamphilum.de
2839 1007 3107 1063 htPI‘CthO
3135 1014 3451 1080 martyrem
3478 1012 3705 1067 feceris.

2052 1094 2359 1150 'Cavendus
2391 1094 2584 1159 homo,
2619 1101 2674 1151 et
2705 1097 2847 1150 mihi
2881 1096 3130 1151 maxime
3178 1097 3587 1170 declinandus,
3637 1118 3710 1156 ne

2057 1200 2149 1237 me
2182 1189 2439 1255 repente,
2473 1185 2612 1239 dum
2645 1186 2860 1251 nescio,
2911 1187 2979 1240 de
3011 1186 3361 1258 Hieronymo
3411 1189 3706 1244 Sardana-

2054 1272 2253 1344 palum
2279 1274 2565 1329 nomines.
2600 1274 2748 1329 Audi
2780 1291 2935 1347 ergo,
2980 1275 3275 1346 sapientiae
3325 1277 3617 1345 columen,
3649 1282 3705 1333 et

2054 1379 2259 1417 norma
2288 1363 2611 1418 Catonianae
2645 1364 2988 1419 severitatis.
3024 1368 3136 1436 Ego
3196 1382 3310 1419 non
3352 1365 3515 1421 illum
3577 1383 3703 1421 ma-

2052 1451 2299 1522 gistrum
2352 1452 2469 1505 dixi
2506 1469 2517 1518 ;
2554 1452 2653 1506 sed
2702 1468 2897 1507 meum
2959 1453 3016 1507 in
3076 1454 3406 1524 Scripturas
3465 1463 3698 1511 sanctas

2051 1540 2312 1594 studium
2346 1539 2497 1595 volui
2536 1541 2931 1611 comprobare,
2965 1545 3029 1595 ut
3081 1542 3449 1597 ostenderem
3491 1560 3584 1598 me
3615 1544 3700 1599 sic

2049 1629 2261 1699 legisse
2318 1629 2647 1702 Origenem,
2709 1631 3002 1700 quomodo
3049 1634 3105 1684 et
3142 1630 3311 1685 illum
3370 1632 3695 1687 audieram.

262 1713 480 1780 fuerat,
499 1713 680 1768 etiam
713 1714 762 1767 si
796 1713 1051 1779 dolebat,
1076 1715 1455 1771 dissimulare
1476 1714 1893 1772 conscientiam
1921 1732 1934 1782 ;
1969 1751 2013 1815 B
2046 1717 2243 1789 Neque
2274 1718 2429 1773 enim
2466 1719 2731 1773 Hebrmas
2762 1717 2985 1773 litteras
3034 1736 3067 1772 a
3125 1723 3180 1773 te
3222 1720 3443 1775 discere
3499 1721 3699 1776 debui.

256 1808 311 1856 ct
346 1802 550 1857 cordis
582 1801 860 1858 nubilum
895 1804 1103 1859 frontis
1134 1805 1447 1859 serenitate
1477 1805 1788 1859 discutere.

336 1894 429 1946 12.
483 1892 742 1963 Epistolis
786 1892 1070 1963 Theophili
1116 1901 1166 1948 et
1214 1893 1529 1965 Epiphanii,
1593 1898 1649 1948 et
1698 1896 1935 1964 impera-

269 1988 466 2035 torum
500 1982 712 2051 ascripta
761 1980 1031 2036 adversus
1083 1982 1389 2050 Origenem.
1451 2013 1518 2023 —-—
1574 1980 1824 2053 Alioqui,
1886 1983 1935 2036 si

275 2067 574 2139 quidquid
621 2072 817 2124 contra
850 2069 1159 2141 Origenem
1197 2076 1253 2126 et
1284 2076 1601 2127 sectatores
1632 2072 1761 2141 ejus
1790 2070 1935 2126 dici-

273 2161 404 2223 tur,
455 2155 512 2210 in
556 2161 609 2210 te
649 2156 873 2212 dictum
917 2162 1089 2229 putas
1130 2178 1145 2227 ;
1199 2174 1334 2231 ergo
1379 2162 1436 2214 et
1481 2158 1739 2231 epistolae
1771 2177 1932 2232 papa:

274 2244 587 2316 Theophili
634 2250 694 2300 et
729 2246 1066 2319 Epiphanii,
1113 2253 1169 2302 et
1218 2247 1466 2304 aliorum
1499 2249 1930 2321 episcoporum,

260 2350 421 2405 quas
451 2350 648 2406 nuper
672 2334 821 2407 ipsis
844 2336 1194 2406 jubentibus
1224 2336 1501 2392 transtuli
1534 2338 1570 2404 ί,
1605 2341 1659 2392 te
1705 2341 1929 2408 petunt,

263 2428 318 2478 ta
351 2422 669 2478 lacerant?
702 2423 1126 2495 Imperatorum
1159 2440 1393 2496 quoque
1423 2425 1661 2497 scripta,
1704 2442 1829 2496 quae
1862 2425 1933 2479 de

258 2510 623 2567 Alexandria
654 2516 713 2567 et
742 2513 988 2585 .Egypto
1016 2512 1377 2585 Origenistas
1416 2512 1551 2585 pelli
1574 2514 1805 2585 jubent,
1839 2530 1932 2568 me

262 2605 651 2673 suggerente,
695 2602 914 2656 dictata
943 2605 1082 2657 sunt
1104 2602 1131 2655 ?
1164 2602 1237 2657 Ut
1266 2602 1735 2657 Romanaeurbis
1784 2603 1930 2657 Pon—

263 2690 404 2745 tifex
435 2690 594 2744 miro
640 2704 742 2745 eas
789 2689 921 2745 odio
975 2691 1312 2759 detestetur,
1365 2708 1562 2747 meum
1620 2691 1931 2746 consilium

257 2777 418 2833 fuit?
452 2778 529 2832 Ut
566 2782 731 2832 totus
787 2778 945 2833 orbis
990 2783 1121 2849 post
1165 2778 1610 2835 translationem
1650 2785 1814 2835 tuam
1871 2779 1930 2833 in

259 2866 536 2939 Origenis
578 2866 717 2921 odia
779 2867 1082 2934 exarserit,
1132 2884 1305 2939 quem
1359 2874 1528 2924 antea
1589 2868 1933 2940 simpliciter

257 2954 774 3024 tectitabat,meus
803 2959 1077 3026 operatus
1097 2962 1188 3012 est
1209 2956 1396 3029 stylus
1417 2957 1445 3011 ?
1471 2958 1530 3013 Si
1548 2961 1773 3013 tantum
1798 2973 1930 3027 pos-

260 3059 419 3110 sum,
453 3043 646 3099 miror
675 3060 782 3098 cur
810 3059 904 3099 me
938 3061 1054 3100 non
1087 3050 1335 3101 metuas.
1384 3047 1498 3118 Ego
1532 3045 1627 3101 ille
1658 3046 1931 3101 modera-

257 3137 355 3188 tus
386 3135 450 3188 in
483 3132 740 3206 epistola
769 3132 1002 3204 publica
1059 3135 1248 3205 (Epist.
1308 3135 1371 3189 81
1433 3136 1508 3191 ad
1563 3136 1792 3206 Ruﬁ-72.),
1826 3133 1928 3206 qui
1959 3119 2002 3186 C

265 3220 588 3294 diligenter
632 3220 781 3288 cavi,
827 3237 899 3276 ne
966 3223 1105 3293 quid
1152 3223 1212 3277 in
1256 3228 1313 3278 to
1385 3224 1607 3279 dictum
1672 3228 1927 3296 putares,

269 3310 485 3382 scripsi
518 3312 592 3365 ad
621 3315 679 3365 te
713 3310 915 3365 statim
950 3310 1179 3366 brevem
1202 3311 1931 3384 Epistolam,expostulans

273 3414 459 3469 super
484 3398 765 3454 laudibus
794 3398 935 3454 tuis.
968 3400 1177 3469 Quam,
1232 3401 1369 3472 quia
1403 3402 1597 3457 Romae
1630 3418 1746 3457 non
1778 3418 1930 3468 eras,

279 3487 459 3539 amici
486 3486 604 3539 mei
634 3487 736 3541 tibi
766 3487 999 3542 mittere
1032 3487 1367 3555 noluerunt,
1401 3506 1467 3545 eo
1499 3490 1654 3561 quod
1688 3495 1744 3545 te
1776 3491 1929 3546 dice-

288 3578 421 3627 rent
450 3587 589 3626 cum
619 3574 907 3630 sodalibus
937 3576 958 3609 ¹
985 3575 1102 3631 tuis
1127 3575 1370 3648 indigna
1391 3579 1627 3633 nomine
1657 3578 1934 3633 Christia-

286 3676 367 3715 no
396 3661 465 3716 de
496 3676 626 3715 mea
648 3664 1075 3720 conversatione
1088 3665 1380 3735 jactitare.
1399 3667 1580 3736 Cujus
1602 3667 1932 3738 exemplum

278 3750 421 3804 huic
453 3749 730 3805 volumini
762 3752 1023 3823 subdidi,
1059 3758 1125 3809 ut
1155 3756 1307 3810 scias
1337 3760 1624 3826 quantum
1650 3755 1930 3824 dolorem,

269 3844 496 3911 quanta
528 3840 931 3896 moderatione
963 3844 1422 3899 necessitudinis
1452 3845 1789 3915 temperavi.

340 3930 495 3985 ιω
560 3929 653 3983 l3.
730 3931 950 3986 Iudicas
983 3931 1305 4004 Hieronymi
1341 3936 1669 4004 praeceptor.
1730 3934 1928 4001 Grego-

269 4020 389 4072 rius
437 4019 1138 4091 Nazianzenusmagister
1184 4022 1525 4092 Hieronymi.
1579 4022 1797 4076 "uilius
1832 4023 1931 4077 Ja-

265 4108 441 4163 dwus.
505 4108 729 4163 Psalmi
779 4110 900 4163 sine
953 4109 1137 4164 titulo.
1196 4141 1265 4151 —
1323 4110 1512 4165 Audio
1564 4114 1841 4181 praeterea
1882 4115 1938 4167 te

350 4267 539 4342 {Vide
585 4267 697 4322 has
724 4267 1005 4342 epistolas
1056 4286 1090 4323 a
1139 4269 1309 4325 nobis
1358 4270 1614 4342 primum
1660 4271 1847 4327 editas
1879 4272 1937 4327 in

272 4340 454 4412 priori
479 4344 647 4395 torno
668 4356 847 4412 Anum.
880 4341 952 4393 92
981 4346 1037 4394 et
1066 4356 1232 4412 seqq.

344 4413 368 4446 ³
398 4410 582 4466 Vetus
613 4410 782 4480 ediL,
828 4426 891 4465 eo
938 4411 1078 4481 quod
1124 4415 1173 4467 et
1193 4410 1445 4467 dolerent
1474 4428 1597 4467 cum
1635 4413 1936 4482 sodalibus,

261 4509 380 4555 etc.

338 4573 362 4605 ³
395 4570 642 4637 Eadem,
682 4570 789 4623 Aut
840 4570 1053 4640 injuria
1104 4573 1226 4636 tibi,
1280 4576 1387 4626 etc.
1442 4571 1619 4627 Paulo
1668 4577 1800 4639 post
1848 4572 1946 4627 ubi

260 4644 341 4697 de
400 4642 796 4705 Nazianzeno,
842 4648 965 4714 erat
1028 4640 1197 4714 elim,
1260 4644 1365 4711 Qui
1392 4645 1504 4714 sui,
1535 4644 1679 4714 apud
1732 4646 1950 4700 Latinos

264 4717 474 4782 impar
526 4720 625 4786 est,
685 4713 858 4783 quasi
913 4712 1120 4767 Latine
1178 4714 1418 4769 scivisse
1450 4712 1617 4786 illum
1651 4720 1951 4786 utcunque

269 4783 602 4866 putaslerit,
654 4799 793 4838 eum
841 4798 977 4838 eum
999 4799 1364 4866 _s-ermo_net_n
1418 4784 1626 4866 cal-lere
1675 4802 1736 4842 se
1788 4783 1953 4857 neget

268 4853 419 4927 ipse
451 4853 851 4909 Nazianzenus
877 4871 969 4926 ep.
999 4857 1064 4909 71
1103 4856 1172 4911 ad
1212 4856 1718 4911 Posthumianum.
1868 4853 1888 4857 ⁷

355 4928 381 4957 ‘
413 4925 548 4992 Qui:
572 4926 727 4998 apud
756 4925 980 4998 Latinos
1003 4942 1112 4998 par
1140 4929 1231 4982 sui
1254 4937 1331 4983 est
1367 4932 1390 4979 γ
1438 4927 1755 4998 Hucusque
1787 4928 1957 4983 torsit

355 4942 381 4957 ’
413 4942 548 4992 qui:
572 4942 725 4996 apua
756 4942 980 4981 Latinos
999 4942 1112 5051 (φαν-
1140 4944 1229 4982 sui
1254 4942 1331 4983 est
1367 4942 1390 4979 γ
1438 4942 1755 4998 hucusque
1787 4942 1955 4983 torsn

264 4998 662 5053 eruditorum
714 4997 957 5069 ingenia
1023 5014 1163 5053 ocus
1203 5000 1312 5054 iste
1360 4998 1511 5053 male
1567 4999 1761 5053 editus
1801 5000 1955 5069 apud

263 5072 605 5125 Bruanium
638 5071 697 5141 et
726 5068 1084 5141 Marianum,
1118 5070 1215 5141 qui
1249 5086 1380 5125 cum
1442 5069 1745 5141 nonnullis
1790 5068 1954 5141 codri-

260 5142 451 5223 cjbus
484 5155 636 5220 mss.
668 5139 749 5220 ita
780 5138 983 5223 legunt
1017 5156 1029 5193 :
1067 5164 1095 5189 ‹‹
1136 5138 1420 5223 Nunquid
1455 5142 1512 5195 in
1566 5140 1667 5194 illa
1713 5140 1960 5223 epistola

260 5212 644 5283 Gregorium
668 5211 887 5283 _virum
933 5211 1483 5283 eloquentissimum
1516 5229 1627 5267 non
1663 5211 1819 5283 potui
1855 5229 1957 5267 no-

260 5281 541 5345 minare,
578 5281 678 5355 qui
732 5282 822 5355 sui
873 5281 1302 5355 apud‘Latinos
1335 5285 1526 5355 impar
1564 5281 1678 5349 est,
1709 5300 1823 5354 quo
1854 5300 1958 5354 ego

261 5356 582 5426 magistro
617 5352 836 5426 glorior
865 5352 927 5409 et
967 5354 1196 5410 exsulto
1217 5355 1245 5409 ?
1276 5376 1302 5403 ››
1338 5352 1437 5409 Ex'
1461 5352 1799 5426 hocitaque
1835 5352 1960 5410 loco

257 5424 633 5500 depravata
678 5424 841 5500 edito
899 5431 1184 5500 putarunt
1226 5426 1383 5480 haud
1422 5425 1590 5497 pauci
1623 5424 1962 5500 Gregorium

1970 4488 2017 4551 D
2050 4489 2407 4546 Bibliotheca
2456 4487 2947 4559 Sangermanensi
2994 4528 3011 4555 ,

2044 1809 2128 1861 An
2178 1806 2395 1877 injuria
2437 1807 2541 1862 tibi
2590 1808 2611 1839 ³
2650 1808 2801 1861 facta
2830 1811 2937 1876 est,
2974 1808 3128 1879 quod
3163 1826 3266 1880 pro
3303 1813 3355 1864 te
3386 1810 3702 1881 Apollina-

2046 1896 2197 1949 rium
2246 1895 2677 1966 Didymumque
2723 1899 2980 1950 sectatus
3020 1913 3151 1950 sum
3200 1896 3227 1950 ?
3295 1898 3573 1969 Nunquid
3640 1899 3700 1955 in

2047 1983 2145 2038 illa
2202 1983 2448 2055 epistola
2495 1983 2837 2055 Gregorium
2890 1984 3080 2039 virum
3145 1985 3699 2057 eloquentissimum

2045 2089 2160 2127 non
2193 2072 2355 2145 potui
2387 2072 2689 2127 nominare
2719 2071 2746 2125 ?
2774 2073 2915 2134 Quis
2970 2075 3124 2143 apul
3186 2075 3422 2130 Latinos
3453 2093 3557 2147 par
3605 2078 3698 2133 sui

2044 2167 2129 2217 est
2158 2163 2179 2195 ⁴
2206 2162 2233 2215 ?
2264 2178 2378 2233 quo
2410 2176 2514 2233 ego
2546 2161 2826 2231 magistro
2856 2160 3072 2231 glorior
3092 2166 3148 2216 et
3177 2162 3420 2218 exsulto.
3456 2166 3565 2219 Sed
3598 2181 3697 2221 eos

2042 2254 2272 2305 tantum
2329 2248 2532 2321 posui,
2594 2248 2693 2319 qui
2743 2249 2802 2303 in
2854 2249 3304 2321 reprehensione
3388 2258 3573 2319 erant,
3633 2256 3699 2309 ut

2042 2338 2313 2393 similiter
2342 2355 2432 2392 me
2467 2337 2798 2409 Origenem,
2833 2354 2945 2392 non
2980 2338 3052 2392 ob
3075 2339 3206 2394 ﬁdei
3238 2339 3561 2408 veritatem,
3594 2343 3696 2397 sed

2043 2427 2115 2482 ob
2163 2426 2508 2481 eruditionis
2556 2426 2836 2481 meritum
2867 2425 3079 2498 legisse
3105 2432 3372 2483 testarer.
3409 2430 3535 2501 Ipse
3566 2431 3695 2485 Ori-

2041 2531 2237 2588 genes,
2271 2520 2329 2570 et
2359 2514 2648 2582 Clemens,
2680 2518 2736 2569 et
2767 2514 3074 2582 Eusebius,
3102 2520 3276 2587 atque
3306 2517 3403 2572 alii
3435 2518 3696 2591 complu-

2042 2621 2155 2671 res,
2206 2604 2439 2675 quando
2498 2604 2567 2658 de
2624 2602 2940 2675 Scripturis
2999 2603 3196 2685 aliqua
3252 2605 3576 2678 disputant,
3636 2611 3694 2663 et

2040 2692 2245 2748 volunt
2274 2693 2594 2764 approbare
2617 2693 2770 2763 quod
2803 2692 3025 2759 dicunt,
3060 2694 3141 2748 sic
3174 2693 3365 2749 solent
3396 2696 3689 2752 scribere:

2042 2784 2320 2854 Referebat
2374 2782 2517 2836 mihi
2573 2783 2871 2841 Ilebrazus;
2926 2787 3003 2848 et,
3062 2783 3263 2838 Audivi
3311 2785 3384 2839 ab
3440 2786 3685 2851 Hebraeo,

2041 2877 2098 2927 et
2128 2872 2473 2927 Hebrazorum
2504 2873 2611 2925 ista
2662 2872 2930 2925 sententia
2986 2879 3079 2926 est.
3140 2874 3304 2927 Certe
3361 2873 3539 2928 etiam
3567 2874 3690 2928 Ori-

2041 2977 2216 3030 genes
2246 2958 2612 3032 patriarchen
2647 2957 2907 3013 lluillum
2938 2961 2978 3024 ⁵,
3035 2960 3133 3030 qui
3166 2961 3529 3033 temporibus
3561 2962 3690 3031 ejus

2040 3051 2169 3119 fuit,
2204 3048 2467 3104 nominat
2498 3065 2511 3102 :
2545 3052 2600 3102 et
2628 3047 2991 3102 tricesimum
3021 3052 3245 3102 tomum
3274 3048 3334 3103 in
3369 3050 3602 3117 Isaiam,
3627 3049 3689 3104 in

2040 3141 2210 3210 cujus
2242 3139 2355 3193 fine
2399 3136 2712 3192 edisserit:
2757 3138 2835 3190 Vae
2882 3137 3003 3203 tibi,
3058 3138 3248 3192 civitas
3301 3139 3469 3205 Ariel,
3524 3155 3690 3210 quam

2039 3229 2373 3300 expugnavit
2415 3224 2601 3293 David,
2650 3224 2809 3279 illius
2864 3225 3223 3296 expositione
3283 3225 3592 3294 concudit;
3629 3231 3687 3281 et

2041 3333 2172 3372 cum
2195 3314 2362 3370 aliter
2392 3315 2554 3386 prius
2586 3314 2841 3369 sensisse
2872 3330 2934 3368 se
2981 3314 3158 3382 dicat,
3193 3315 3429 3369 doctum
3462 3315 3534 3369 ab
3564 3314 3686 3370 illo.

2042 3406 2099 3460 id
2131 3404 2287 3475 quod
2317 3408 2405 3458 est
2432 3404 2647 3468 verius,
2692 3402 3021 3457 confitetur.
3056 3403 3491 3474 Octogesimum
3540 3419 3691 3474 quo-

2041 3510 2152 3564 que
2185 3509 2425 3547 nomum
2463 3491 2773 3557 psalmum,
2810 3490 2910 3561 qui
2943 3490 3219 3546 scribitur
3257 3508 3269 3544 :
3308 3492 3491 3546 Oratio
3521 3492 3695 3562 Moysi

2042 3582 2276 3637 hominis
2307 3582 2415 3635 Dei.
2457 3584 2512 3634 et
2557 3579 2816 3652 reliquos
2849 3580 3143 3644 undecim,
3195 3580 3295 3649 qui
3326 3596 3440 3635 non
3474 3580 3695 3635 habent

2042 3668 2265 3736 titulos,
2312 3668 2636 3722 secundum
2690 3666 2869 3719 Huilli
2921 3666 3363 3737 expositionem,
3424 3667 3691 3735 ejusdem

2045 3758 2224 3829 Moysi
2258 3760 2441 3827 putat,
2478 3756 2630 3809 470
2678 3770 2782 3809 nec
2831 3755 3177 3827 dedignatur
3226 3754 3523 3810 Hebraeam
3558 3754 3697 3811 scri-

2044 3852 2277 3918 pturam
2300 3844 2692 3914 interpretans
2720 3858 2822 3914 per
2850 3840 3085 3913 singula
3104 3841 3249 3911 loca,
3277 3843 3415 3914 quid
3439 3842 3694 3900 Hebraeis

2042 3935 2327 3999 videatur,
2360 3932 2635 3987 inserere.

2115 4025 2203 4078 -Ι4.
2257 4024 2513 4091 Origenes
2560 4020 2871 4075 damna.us.
2918 4052 2987 4060 -—
3036 4021 3219 4076 Lectis
3296 4038 3479 4093 nuper
3536 4039 3695 4093 papae

2045 4110 2349 4184 Theophili
2379 4109 2665 4181 epistolis,
2699 4111 2757 4163 in
2792 4109 3009 4179 quibus
3040 4109 3307 4180 Origenis
3338 4110 3574 4181 exponit
3604 4127 3694 4165 er-

2046 4276 2354 4332 lectionem
2390 4271 2723 4344 Hieronymi
2770 4271 3153 4344 restituimus_
3185 4272 3266 4344 ad
3307 4271 3481 4325 ﬁdem
3529 4274 3695 4344 vetus

2049 4347 2294 4403 stissimi
2353 4345 2571 4399 codicis
2602 4342 2986 4409 Corbeiensls,
3019 4348 3076 4397 et
3106 4342 3347 4398 alterius
3392 4343 3698 4398 Sorbonici

2052 4436 2167 4474 non
2197 4418 2413 4472 infimae
2441 4422 2607 4470 nota}.
2633 4416 3247 4470 Corbeiensisnotatur
3278 4416 3379 4469 147
3407 4414 3465 4468 in
3500 4420 3700 4471 nostra

3084 4487 3441 4541 Sorbonicus
3503 4491 3700 4542 autem

2057 4563 2230 4617 habet
2261 4558 2711 4631 numerum'642
2740 4560 2798 4613 in
2830 4558 3085 4613 liminari
3124 4560 3354 4631 pagina.
3409 4560 3698 4613 MARTIAN.

2127 4630 2507 4710 5___Sunthqui
2557 4631 2998 4710 emendandum
3079 4636 3291 4710 putant
3361 4631 3553 4710 Hillel‘
3598 4644 3703 4710 pro

2059 4704 2325 4758 "uillam.
2359 4701 2521 4772 Certe
2552 4702 2828 4772 Origenes
2860 4701 3014 4755 hunc
3070 4701 3403 4772 Judaaorum
3464 4701 3706 4772 patriar-

2061 4775 2229 4830 cham
2285 4769 2555 4839 Ἰοὺλλον,
2612 4769 2822 4827 lii/lum
2872 4776 3052 4835 vocat,
3101 4777 3157 4826 et
3199 4773 3269 4827 ab
3324 4771 3433 4824 alio
3467 4769 3704 4825 erudito

2061 4847 2283 4908 Judaeo,
2334 4846 2431 4911 qui
2482 4848 2621 4897 tunc
2668 4860 2802 4897 eum
2846 4843 3055 4907 lluillo,
3085 4859 3189 4896 seu
3220 4841 3412 4896 Huillo
3444 4846 3587 4908 erat,
3643 4857 3706 4896 se

2062 4918 2203 4973 dicit
2232 4916 2529 4970 didicisse.
2564 4915 2757 4968 Potuit
2787 4914 3168 4983 Hieronymus
3200 4912 3391 4967 Huillo
3426 4913 3707 4981 tribuere,

2108 4989 2216 5044 uod
2271 4987 2413 5041 alias
2446 4988 2582 5056 ipso
2604 4990 2885 5055 przesente
2915 4990 2970 5038 et
2996 4985 3356 5056 approbante
3407 4985 3705 5040 docuerat.

2108 5008 2216 5044 U00
2271 5008 2413 5041 allus
2447 5008 2571 5056 IPSU
2606 5008 2885 5055 pI‘lBSCIlLC
2915 5008 2970 5038 BL
2996 5008 3356 5054 UPPFUUHHLU
3407 5008 3705 5040 υυυυυωι.

2065 5008 2227 5125 guod
2259 5075 2389 5113 vero
2442 5055 2768 5129 patriarcha
2801 5056 3126 5126 appellatur
3175 5062 3230 5129 et
3259 5055 3409 5110 inter
3438 5056 3710 5128 'I‘ybcria-

2066 5134 2157 5189 dis
2211 5127 2569 5203 patriarchas
2630 5127 2790 5181 nulla
2833 5129 2965 5203 ejus
3016 5128 3387 5203 mentiocst,
3466 5127 3715 5184 fortasse

2066 5197 2311 5259 minoris
2365 5200 2613 5269 alicujus
2670 5197 2955 5271 synedrii,
2999 5204 3142 5270 puta
3198 5199 3563 5255 Diocacsarezn
3612 5217 3715 5271 pa-

2067 5274 2385 5330 triarchatu
2441 5278 2529 5342 est
2616 5272 2870 5342 functus.
2931 5270 3010 5324 De
3063 5286 3190 5340 ejus
3242 5272 3478 5326 nomine
3558 5270 3719 5342 quod

2069 5357 2245 5406 tanta:
2301 5350 2356 5399 et
2411 5330 2563 5403 E‘m
2595 5341 2887 5407 scribitur,
2926 5342 3054 5397 vide
3082 5330 3139 5396 in
3172 5343 3419 5399 Gemara
3448 5330 3725 5397 Hieroso-

2066 5419 2207 5489 lym.
2242 5412 2777 5489 tituloMegillahL
2819 5416 3036 5489 capri,
3094 5420 3152 5469 et
3212 5415 3381 5470 titulo
3440 5411 3730 5489 liorajoth

262 5484 495 5555 Latine
551 5484 968 5571 scivissetsed
1022 5514 1137 5553 non
1187 5514 1351 5569 reque
1406 5484 1473 5553 aio
1523 5484 1778 5555 Grece”:
1805 5498 1965 5571 unde
2071 5484 2195 5561 (ἕδρα
2232 5486 2485 5571 ‘13:";ide
2515 5484 2691 5571 ϐὶῖιαξῖἶ
2743 5484 3025 5571 Οζίὲζέηίε,
3068 5489 3416 5571 ΟΡυξουᾸιξξη
3460 5484 3733 5571 ρι’,ίξξξυξξλ

261 5554 489 5645 impar
520 5568 616 5624 sui
649 5554 1071 5639 apud'Latinos
1117 5554 1464 5627 habebatur.
1496 5569 1612 5627 Nos
1643 5554 1961 5644 genuinam
2070 5554 2419 5618 an'ecdotum
2450 5561 2604 5634 apud
2636 5554 3158 5627 Montfdilconiutﬁ.
3192 5564 3237 5615 ιο
3281 5561 3300 5613 1
3332 5554 3729 5625 Ηεαεαριοναπι-

627 5694 899 5761 Pareat.
944 5692 1169 5763 XXIII.

3321 5689 3397 5751 i4
