4110 6162
353 305 500 390 ,427

1615 305 1682 367 S.
1728 303 2042 369 EUSEBII
2073 303 2553 368 HIERONYMI.

3664 296 3782 368 428

382 455 564 508 rores,
595 438 809 495 dicitur
855 438 1160 494 obturasse
1215 454 1387 494 aures
1445 454 1606 507 suas,
1646 443 1702 492 et
1732 441 2028 495 auctorem
2059 441 2112 508 Α
2144 437 2310 494 libris
2344 437 2576 510 proprie
2632 441 2883 506 accuset,
2919 438 3142 512 ignoro.
3177 437 3357 494 Fama
3392 434 3546 493 enim
3578 438 3650 492 ad
3686 452 3782 491 me

378 527 527 584 tanti
559 526 700 583 mali
750 527 907 583 clara
935 543 1068 582 cum
1128 527 1234 597 [AL
1267 529 1485 596 coram]
1552 526 1828 582 omnibus
1886 543 2024 582 voce

379 617 696 672 damnasse
756 617 794 684 ί,
853 619 910 670 et
967 614 1207 683 dixisse,
1246 631 1432 686 usque
1491 615 1562 670 ad
1593 613 1735 669 illud
1790 619 2024 686 tempus

378 721 440 760 se
496 704 821 777 ignorasse,
878 703 1034 773 quod
1089 707 1209 758 tam
1243 703 1464 758 nefaria
1519 703 1838 774 scripserit.
1897 703 2023 758 Non

380 809 606 859 recuso,
641 808 746 846 nec
774 789 902 846 dico
935 791 1088 862 quod
1146 790 1296 846 alius
1327 792 1544 846 diceret
1593 791 1858 861 forsitan,
1908 809 2023 847 non

379 881 639 954 potuisse
694 896 830 935 eum
888 879 1175 951 ignorare,
1227 881 1382 952 quod
1443 880 1860 951 interpretatus
1913 885 2020 948 est,

377 970 548 1041 cujus
577 967 919 1041 Apologiam
936 968 1214 1040 scriptam
1246 969 1317 1024 ab
1347 968 1614 1024 haeretico
1646 969 1757 1024 sub
1790 970 2025 1024 nomine

378 1056 653 1130 martyris
674 1057 856 1113 edidit
887 1075 900 1113 :
933 1058 1106 1128 cujus
1135 1057 1532 1113 defensionem
1583 1058 1758 1114 etiam
1790 1059 2023 1130 proprio

377 1145 676 1202 volumine
730 1145 1027 1218 professus
1057 1151 1147 1200 est
1207 1162 1219 1201 :
1282 1147 1592 1202 adversum
1649 1149 1802 1218 quod
1844 1147 1902 1202 in
1935 1163 2024 1202 se-

379 1235 718 1307 quentibus,
767 1233 816 1288 si
859 1233 1119 1290 dictandi
1167 1234 1424 1307 spatium
1457 1237 1651 1302 fuerit,
1687 1237 2023 1308 disputabo.

377 1324 496 1379 Hoc
557 1323 780 1394 loquor,
841 1322 934 1378 cui
991 1323 1386 1380 contradicere
1445 1343 1559 1381 non
1591 1330 1802 1396 potest.
1853 1326 1912 1380 Si
1943 1325 2025 1378 illi

375 1411 512 1468 licet
541 1427 657 1468 non
687 1409 1040 1467 intellexisse
1090 1413 1243 1484 quod
1295 1413 1619 1481 transtulit,
1669 1430 1848 1484 quare
1881 1414 2024 1468 mihi

375 1518 490 1558 non
523 1500 696 1557 liceat
725 1501 1028 1572 ignorasse
1058 1499 1240 1556 libros
1271 1501 1394 1576 περὶ
1439 1503 1675 1576 ’Δρχῶν,
1712 1520 1861 1574 quos
1893 1507 2026 1558 ante

377 1607 494 1646 non
517 1588 762 1661 legi;et
810 1605 907 1644 eas
960 1593 1189 1644 tantum
1248 1589 1533 1646 Homilias
1585 1591 1816 1663 legisse,
1877 1608 2026 1664 quas

376 1677 671 1743 transtuli,
725 1678 781 1733 in
831 1678 1046 1749 quibus
1100 1678 1244 1733 nihil
1294 1696 1423 1735 esse
1455 1679 1615 1746 mali,
1650 1680 1836 1752 ipsius
1861 1681 2022 1736 testi-

379 1767 644 1824 monium
675 1772 764 1823 est
791 1767 818 1821 ?
849 1767 950 1822 Sin
982 1772 1178 1822 autem
1210 1773 1412 1823 contra
1455 1771 1805 1825 sententiam
1856 1787 2024 1825 suam

376 1872 534 1912 nunc
565 1872 658 1912 me
688 1856 748 1910 in
777 1855 861 1911 eis
893 1856 1106 1928 arguit,
1138 1855 1197 1911 in
1240 1857 1454 1928 quibus
1495 1863 1628 1914 ante
1669 1858 2025 1924 laudaverat,

380 1945 644 2018 undique
675 1945 914 2001 strictus
947 1945 1254 2001 tenebitur.
1309 1952 1427 2001 Aut
1473 1947 1630 2002 cnim
1677 1947 1891 2002 idcirco
1937 1965 2030 2002 me

375 2033 689 2090 heriticum
720 2033 1019 2089 hominem
1052 2034 1476 2107 laudavit,quia
1505 2036 1770 2106 ejusdem
1799 2053 2028 2092 mecum

379 2123 675 2195 dogmatis
704 2127 828 2178 erat
853 2141 864 2177 :
891 2128 993 2178 aut
1023 2140 1178 2178 nunc
1211 2125 1428 2179 frustra
1459 2124 1734 2180 inimicus
1771 2129 2027 2191 accusat,

380 2227 558 2284 quem
593 2211 756 2283 prius
787 2216 851 2267 ut
881 2211 1268 2268 orthodoxum
1319 2214 1673 2286 praedicavit.
1700 2214 1809 2268 Sed
1864 2215 2032 2268 forsi-

381 2305 482 2358 tan
517 2305 657 2357 tunc
697 2318 922 2357 errores
971 2317 1130 2358 meos
1178 2303 1346 2374 quasi
1406 2304 1634 2358 amicus
1692 2303 1923 2369 tacuit;
1979 2307 2034 2358 et

385 2406 540 2447 nunc
573 2390 758 2446 iratus
789 2390 1010 2463 profert
1039 2391 1192 2463 quod
1225 2391 1389 2463 prius
1419 2391 1720 2447 celaverat.

460 2481 546 2535 15.
580 2480 878 2536 Comment.
915 2481 973 2532 in
1003 2481 1156 2550 epist.
1190 2480 1260 2534 ad
1290 2481 1482 2551 Ephes.
1509 2485 1712 2536 tuetur.
1744 2511 1812 2520 —-
1843 2480 2036 2543 Quan—

387 2583 568 2639 quam
599 2584 715 2622 non
748 2571 1041 2622 mereatur
1090 2568 1263 2623 fidem
1294 2569 1704 2628 inconstantia.
1738 2576 1791 2622 nt
1827 2569 2040 2640 profes-

387 2673 464 2710 sae
488 2655 752 2710 inimitiaa
775 2654 1169 2725 suspicionem
1189 2655 1444 2711 habeant
1480 2658 1765 2712 mendacii
1802 2676 1814 2712 :
1843 2664 2037 2712 tamen

390 2747 664 2800 aucacter
717 2742 1010 2798 conferam
1067 2745 1338 2816 gradum,
1414 2745 1616 2801 volens
1679 2746 1827 2801 scire
1897 2746 2036 2817 quid

387 2831 728 2886 haereticum
759 2830 1116 2902 scripserim,
1151 2835 1214 2885 ut
1242 2835 1504 2887 autcum
1531 2832 1630 2887 illo
1663 2850 1832 2905 agam
1865 2833 2040 2906 poeni-

387 2919 658 2990 tentiam,
690 2923 747 2975 et
777 2919 1042 2992 Origenis
1075 2919 1232 2976 mala
1274 2921 1575 2994 ignorasse
1607 2939 1699 2978 me
1721 2924 1940 2994 jurem,
1975 2941 2040 2980 ac

385 3026 542 3065 nunc
568 3008 826 3082 primum
858 3027 892 3064 a
921 3026 1072 3082 papa
1102 3009 1424 3082 Theophilo
1457 3011 1733 3067 didicisse
1775 3012 2042 3085 impieta-

384 3103 471 3154 tes
501 3099 629 3170 ejus
658 3116 670 3152 :
703 3103 805 3153 aut
833 3102 986 3154 certe
1037 3100 1278 3154 doceam
1330 3117 1420 3154 me
1461 3099 1698 3171 quidem
1731 3101 1876 3156 bene
1909 3119 2039 3156 sen-

2135 526 2448 582 criminum
2483 527 2631 597 ejus,
2667 543 2780 581 non
2810 527 3028 599 scripta
3084 531 3372 583 venerunt
3401 543 3416 581 :
3449 530 3505 581 et
3549 525 3779 581 stulum

2133 621 2221 671 est
2269 617 2441 686 juxta
2499 615 2864 687 Apostolum,
2925 617 3138 689 pugnis
3205 633 3397 672 aerem
3456 616 3784 672 verberare.

2131 710 2349 760 Tamen
2408 704 2466 758 in
2526 704 2815 759 incertum
2863 706 3248 777 respondebo,
3299 706 3483 760 donec
3528 704 3600 758 ad
3631 705 3792 758 certa

2132 793 2463 863 perveniam
2499 809 2511 846 ε
2549 789 2834 861 ἀντίζηλον
2876 811 3074 848 meum
3106 794 3324 850 docebo
3354 795 3376 828 ²
3406 808 3604 858 senex,
3629 791 3790 862 quod

2135 897 2278 953 puer
2324 880 2518 948 didici,
2572 881 2755 936 multa
2796 898 2924 937 esse
2954 899 3165 955 genera
3193 881 3517 937 dictionum
3553 899 3565 948 ;
3599 886 3656 935 et
3687 895 3790 952 pro

2134 970 2420 1042 qualitate
2452 970 2728 1042 materiae,
2763 988 2876 1026 non
2939 970 3129 1027 solum
3184 971 3527 1038 sententias,
3582 970 3684 1026 sed
3736 971 3794 1024 et

2134 1059 2566 1130 Scripturarum
2597 1061 2618 1092 ³
2648 1060 2822 1114 verba
2853 1060 3085 1114 variari.

2207 1149 2291 1202 l6.
2357 1148 2751 1204 Commentarii
2802 1149 2931 1220 quid
2985 1151 3162 1220 operis
3220 1149 3474 1204 habeant.
3540 1151 3789 1204 Donatus

2130 1241 2430 1308 prazceptor
2459 1239 2797 1309 Hieronymi.
2861 1269 2924 1278 —
2984 1237 3342 1310 Chrysippus
3374 1241 3431 1292 et
3486 1236 3790 1306 Antipater

2135 1326 2285 1380 inter
2313 1325 2544 1396 spineta
2573 1331 2898 1382 versantur.
2933 1326 3351 1382 Demosthenes
3401 1329 3460 1380 et
3488 1324 3793 1380 lEscbines

2135 1418 2336 1468 contra
2366 1431 2427 1470 se
2478 1414 2725 1470 invicem
2762 1415 3096 1470 l'ulminant.
3132 1414 3336 1486 Lysias
3389 1418 3446 1468 et
3505 1413 3794 1468 Isocrates

2135 1503 2385 1558 dulciter
2413 1504 2620 1560 ﬂuunt.
2650 1504 2871 1558 Mirain
2904 1503 3156 1576 singulis
3188 1502 3626 1566 diversitas,sed
3660 1517 3796 1556 om-

2137 1608 2239 1646 nes
2273 1591 2330 1645 in
2363 1609 2468 1646 suo
2499 1592 2736 1662 perfecti
2769 1596 2928 1659 sunt,
2963 1593 3115 1664 Lege
3147 1592 3216 1646 ad
3271 1591 3605 1646 Herennium
3634 1588 3796 1644 Tulli

2140 1680 2345 1745 libros,
2377 1679 2503 1752 lege
2529 1682 2835 1737 Rhetoricos
2864 1682 3028 1752 ejus:
3063 1685 3183 1747 aut,
3219 1680 3358 1752 quia
3375 1679 3476 1734 illa
3501 1679 3612 1734 sibi
3651 1678 3803 1733 dicit

2136 1768 2410 1824 inchoata
2441 1774 2496 1824 et
2527 1769 2697 1825 rudia
2717 1771 3000 1826 excidisse
3022 1771 3092 1826 de
3120 1767 3647 1834 manibus,revolve
3677 1767 3796 1824 tria

2136 1856 2436 1912 volumina
2492 1858 2561 1913 de
2600 1859 2845 1924 Oratore,
2905 1858 2964 1912 in
3019 1858 3236 1930 quibus
3295 1855 3612 1912 introducit
3667 1855 3800 1911 elo-

2139 1946 2560 2018 quentissimos
2591 1946 2749 2002 illius
2779 1946 3060 2018 temporis
3092 1951 3370 2011 oratores,
3414 1946 3681 2001 Crassum
3730 1948 3794 2000 et

2140 2035 2457 2090 Antonium
2481 2035 2868 2108 disputantes,
2891 2041 2947 2091 et
2975 2039 3250 2106 quartum
3283 2035 3579 2098 Oratorem,
3610 2047 3790 2104 quem

2133 2125 2260 2195 jam
2294 2139 2468 2179 senex
2496 2124 2700 2179 scribit
2729 2125 2800 2178 ad
2835 2125 3079 2179 Brutum
3114 2141 3126 2179 :
3159 2127 3297 2178 tunc
3344 2121 3631 2193 intelliges
3690 2120 3802 2176 ali-

2143 2218 2232 2268 ter
2290 2213 2561 2284 componi
2620 2213 2957 2283 Historiam,
3021 2212 3190 2268 aliter
3245 2211 3566 2276 Orationes,
3628 2208 3806 2265 aliter

2143 2301 2434 2374 Dialogos,
2493 2301 2662 2356 aliter
2720 2301 3025 2373 Epistolas,
3087 2301 3257 2356 aliter
3311 2299 3801 2355 Commentarios.

2145 2393 2262 2463 Ego
2296 2390 2452 2446 enim
2487 2390 2541 2444 in
2595 2390 3043 2446 Commentariis
3074 2390 3144 2444 ad
3177 2387 3460 2461 Ephesios
3491 2388 3571 2444 sic
3599 2386 3802 2458 Orige-

2148 2496 2282 2535 nem
2317 2486 2372 2536 et
2413 2479 2725 2551 Didymum
2757 2482 2815 2534 et
2872 2477 3299 2550 Apollinarium
3367 2481 3601 2533 secutus
3659 2492 3800 2532 sum

2147 2568 2269 2640 (qui
2301 2572 2454 2623 certe
2477 2568 2768 2624 contraria
2801 2568 2953 2622 inter
2979 2583 3040 2622 se
3077 2566 3295 2622 habent
3349 2565 3672 2637 dogmata),
3737 2567 3808 2619 ut

2149 2657 2280 2712 fidei
2316 2673 2454 2712 meae
2488 2675 2602 2712 non
2661 2657 2986 2712 amitterem
3018 2656 3341 2711 veritatem.
3384 2652 3807 2711 Commentarii

2149 2746 2288 2818 quid
2319 2747 2509 2817 operis
2552 2747 2765 2801 habent
2786 2745 2814 2799 ‘?
2839 2745 3091 2800 Alterius
3121 2745 3278 2800 dicta
3307 2743 3803 2811 edisserunt,quaa

2149 2835 2394 2890 obscure
2425 2835 2641 2906 scripta
2670 2840 2828 2901 sunt,
2862 2833 3036 2906 plano
3067 2850 3332 2889 sermone
3363 2831 3747 2887 manifestant
3785 2848 3800 2885 :

2149 2922 2471 2978 multorum
2495 2922 2812 2978 sententias
2835 2921 3136 2994 replicant,
3161 2926 3217 2976 et
3245 2921 3446 2975 dicunt
3478 2937 3492 2974 :
3527 2920 3692 2975 Hunc
3713 2918 3799 2974 lo-

2150 3028 2284 3066 cum
2316 3011 2555 3082 quidam
2578 3012 2660 3066 sic
2691 3012 3040 3077 edisserunt,
3068 3009 3167 3066 alii
3192 3010 3275 3065 sic
3297 3010 3760 3080 interpretantur
3787 3025 3800 3064 :

2152 3099 2237 3154 illi
2269 3117 2508 3155 sensum
2541 3117 2712 3155 suum
2739 3104 2794 3155 et
2823 3099 3267 3171 intelligentiam
3292 3098 3384 3154 his
3416 3097 3800 3165 testimoniis,

391 3187 561 3256 sisse,
595 3187 697 3243 sed
728 3186 894 3242 illum
944 3203 1104 3243 more
1152 3205 1258 3242 suo
1291 3205 1406 3244 non
1455 3188 1797 3261 intelligere.
1841 3189 2039 3261 Neque
2070 3179 2112 3245 C
2152 3193 2209 3244 et
2233 3189 2342 3244 hac
2373 3190 2643 3244 nituntur
2671 3191 2892 3244 ratione
2915 3188 3148 3244 ﬁrmare
3175 3205 3188 3244 :
3221 3192 3285 3242 ut
3316 3187 3573 3260 prudens
3599 3186 3803 3253 lector,

401 3277 558 3333 enim
590 3276 714 3332 fieri
746 3280 938 3348 potest
984 3281 1049 3331 ut
1079 3277 1136 3331 in
1168 3277 1388 3332 eisdem
1420 3278 1491 3332 ad
1542 3278 1823 3350 Ephesios
1853 3278 2042 3348 libris,

401 3370 547 3440 quot
576 3369 640 3421 ut
669 3364 1297 3435 audio,criminatur,et
1327 3367 1472 3421 bene
1495 3372 1552 3422 et
1575 3365 1724 3422 male
1755 3367 2000 3424 dixerim
2022 3387 2043 3431 ,-

398 3463 456 3512 et
486 3456 558 3512 de
579 3455 782 3511 eodem
814 3456 1001 3510 fronte
1031 3453 1199 3510 dulce
1229 3472 1614 3527 amarumque
1645 3459 1994 3528 processerit
2026 3475 2039 3514 :

398 3549 465 3600 ut
494 3545 594 3616 qui
624 3548 746 3600 toto
771 3559 942 3616 opere
1001 3544 1403 3599 damnaverim
1457 3561 1576 3612 eos,
1638 3547 1735 3616 qui
1797 3547 2042 3602 credunt

391 3632 622 3689 animas
680 3649 747 3688 ex
775 3633 998 3705 angelis
1055 3633 1340 3700 conditas,
1399 3634 1594 3689 subito
1653 3634 1766 3689 moi
1823 3635 2042 3692 oblitus

392 3725 537 3778 471
575 3722 633 3778 id
665 3723 1031 3778 defenderem
1085 3722 1240 3793 quod
1299 3727 1433 3778 ante
1473 3723 1765 3778 damnavi.
1828 3724 2040 3780 Stulti-

392 3811 534 3867 tiam
566 3811 711 3866 mihi
733 3810 984 3882 objicere
1007 3828 1122 3866 non
1146 3814 1356 3883 potest,
1381 3828 1554 3882 quem
1581 3812 2039 3868 disertissimum

393 3903 452 3955 et
479 3897 1030 3970 eloquentissimum
1084 3899 1142 3953 in
1199 3900 1322 3954 suis
1370 3900 1671 3972 opusculis
1701 3901 2034 3973 predicavit.

390 3985 625 4057 Alioqui
675 3990 836 4042 stuta
882 3987 1222 4056 verbositas,
1257 3989 1472 4044 rabulas
1498 3990 1694 4062 potius
1725 3995 1780 4045 ct
1819 3991 2038 4062 garruli

389 4073 667 4143 hominis,
710 4091 886 4147 quam
917 4073 1244 4147 eloquentis
1311 4080 1570 4150 putanda
1627 4083 1732 4134 cst.
1791 4079 1938 4142 Quid
1979 4079 2037 4134 in

465 4275 481 4308 ¹
515 4273 609 4330 Sic
639 4273 888 4329 habetur
914 4274 970 4328 in
1004 4275 1446 4346 synodicanum.
1497 4277 1530 4328 2
1591 4291 1602 4328 :
1668 4297 1694 4323 ‹‹
1737 4273 2038 4346 Obturavi-

390 4362 532 4402 mus
562 4362 733 4401 aures
764 4350 1019 4413 nostras,
1039 4344 1106 4401 et
1137 4351 1256 4402 tam
1287 4346 1615 4417 Origenem,
1651 4361 1830 4416 quam
1861 4344 2036 4399 disci-

388 4417 562 4490 pulos
587 4417 753 4490 ej_us,_
768 4433 1022 4471 consona
1051 4433 1188 4490 voce
1218 4415 1648 4490 damnavimus,
1678 4415 1715 4490 53
1748 4420 1857 4469 etc.

465 4483 832 4554 ²Ἀν¹ξῖζηλον
887 4503 1070 4541 meum
1123 4487 1339 4542 docebo.
1402 4487 1479 4539 Ex
1533 4485 1639 4539 hoc
1697 4485 1819 4540 loco
1879 4484 2033 4541 haud

2153 3294 2287 3332 cum
2319 3277 2580 3333 diversas
2610 3277 3050 3349 explanationes
3091 3276 3314 3348 legerit,
3365 3281 3424 3330 et
3480 3273 3805 3330 multorum

2152 3367 2238 3422 vel
2268 3367 2586 3438 probanda,
2642 3365 2732 3421 vel
2792 3366 3180 3437 improbanda
3229 3363 3522 3431 didicerit,
3571 3364 3803 3435 judicet

2153 3455 2291 3526 quid
2324 3455 2515 3510 verius
2541 3454 2617 3510 sit
2649 3473 2660 3509 :
2696 3459 2752 3509 et
2781 3454 2951 3526 quasi
2990 3455 3180 3509 bonus
3219 3452 3520 3525 trapezita,
3578 3451 3804 3508 adulte-

2153 3544 2290 3598 rina:
2322 3547 2565 3600 monetae
2599 3543 2903 3616 pecuniam
2937 3543 3222 3614 reprobet.
3256 3541 3408 3596 Num
3440 3542 3679 3597 diversae
3713 3541 3809 3596 in-

2149 3632 2579 3704 terpretationis
2634 3634 2674 3699 ‘,
2727 3638 2783 3687 et
2841 3631 3264 3688 contrariorum
3318 3631 3471 3686 472
3530 3630 3683 3686 inter
3743 3646 3806 3686 se

2151 3739 2431 3779 sensuum
2460 3721 2730 3778 tenebiur
2781 3738 2934 3786 reus,
2996 3719 3096 3792 qui
3153 3720 3211 3774 in
3271 3737 3388 3776 uno
3420 3735 3591 3792 Opere
3640 3719 3801 3791 quod

2149 3811 2831 3884 edisserit,expositiones
2863 3809 3124 3882 posuerit
3171 3808 3558 3880 plurimorum
3588 3807 3615 3862 ?
3657 3808 3809 3864 Puto

2150 3901 2305 3972 quod
2322 3918 2466 3972 puer
2495 3899 2703 3972 legeris
2733 3900 2898 3970 Aspri
2930 3900 2987 3954 in
3022 3897 3333 3971 Virgilium
3364 3903 3420 3953 et
3449 3895 3799 3954 Sallustium

2149 3989 2631 4044 Commentarios.
2683 3988 2930 4043 Vulcatii
2990 3987 3048 4042 in
3120 3988 3424 4042 Orationes
3479 3984 3801 4052 Ciceronis,

2148 4076 2427 4133 Victorini
2451 4077 2510 4131 in
2542 4075 2810 4146 Dialogos
2841 4076 2968 4145 ejus
2999 4079 3056 4130 et
3086 4076 3146 4130 in
3169 4075 3420 4132 Terentii
3441 4072 3802 4140 Comcedias,

2147 4279 2334 4346 ptum,
2364 4273 2516 4344 quod
2551 4271 2798 4326 retineat
2825 4271 2910 4326 vel
2943 4273 3251 4346 antipaton,
3285 4271 3802 4346 velantimachon;

2149 4343 2246 4400 sed
2281 4343 2484 4398 omnes
2518 4359 2657 4397 mss.
2720 4347 2951 4416 nostros
3009 4343 3262 4416 cOdices.
3295 4345 3542 4399 retinere
3585 4359 3809 4416 purum

2146 4417 2387 4471 verbum
2418 4416 2692 4469 antiz‘elon
2719 4432 2732 4481 ;
2764 4413 2851 4468 vel
2885 4414 3027 4486 illud
3061 4413 3429 4486 apertissime
3469 4413 3809 4486 renuntiare

2149 4490 2203 4541 in
2223 4486 2483 4556 vestigiis
2506 4486 2838 4540 Graecorum
2862 4483 3528 4554 elementorum.‘Avri:-r,
3541 4483 3639 4546 λος
3673 4502 3809 4542 vero

390 4556 643 4612 multum
674 4548 897 4630 difﬁcili
930 4557 1098 4612 velim
1119 4562 1180 4611 ut
1211 4555 1497 4630 intelligat
1528 4556 1707 4610 lector
1735 4556 2038 4630 studiosus
2069 4548 2114 4612 Ι)
2147 4548 2500 4630 Hieronymi,
2532 4557 2722 4630 idest,
2750 4559 2978 4612 temqus
3036 4563 3093 4630 et
3131 4560 3410 4630 zelotypus
3468 4548 3579 4614 fuit
3636 4557 3802 4630 Ruti-

390 4631 612 4700 quanta
666 4626 744 4700 sit
790 4628 934 4700 ﬁdes
993 4645 1058 4700 ac
1105 4626 1683 4700 _eruditio_'veterum
1741 4628 2031 4683 editorum

388 4694 746 4770 Hieronymi,
777 4694 1199 4770 quidv-ciznlov
1242 4697 1503 4752 omnium
1562 4715 1705 4754 mss.
1741 4700 2029 4756 codictum

386 4768 678 4830 consensu
709 4786 742 4824 a
773 4768 941 4823 nobis
985 4769 1344 4840 restitutum,
1379 4787 1481 4825 nec
1511 4771 1845 4840 conjectura
1874 4789 2030 4827 asse—

387 4844 846 4921 quipotuerunt.
899 4840 994 4921 Sic
1025 4839 1803 4921 igitur_locu_m_praasentem.
1856 4844 2033 4921 regii-

388 4910 528 4984 fuit,
556 4919 613 4970 et
641 4911 876 4984 scholiis
907 4912 1030 4968 suis
1053 4910 1375 4984 illustravit
1413 4910 1708 4969 Marianus
1739 4914 2032 4970 Victorius

389 4987 480 5051 20,
498 4980 790 5038 ἆντὶπαλον
823 5000 1003 5040 meum
1031 4983 1244 5040 docebo.
1278 4985 1473 5052 Senex,
1506 4987 1647 5056 quod
1673 5003 1813 5056 puer
1839 4986 2030 5056 didici.

384 5056 948 5128 Adversariumhaec
978 5073 1084 5111 vox
1126 5056 1438 5128 signiﬁcat,
1479 5053 1592 5128 h‘pc
1649 5053 1735 5111 est
1795 5053 2028 5128 évavtiov

381 5125 472 5177 καὶ
505 5124 696 5199 ἐχθρόν
733 5144 746 5180 :
796 5127 1070 5199 idemque
1105 5124 1359 5199 prorsus
1397 5133 1485 5183 est
1522 5124 1757 5192 sensus,
1791 5127 1849 5199 si
1875 5132 2031 5199 lea—(a-

384 5199 481 5250 tur
510 5195 836 5271 ἆὺτῖμαχον.
897 5195 1059 5271 Quod
1105 5195 1303 5255 autem
1349 5198 1460 5270 legi
1502 5199 1687 5271 possit
1716 5198 1801 5251 vel
1831 5197 2033 5271 ῥμογὲο

388 5284 550 5340 ροντα
589 5266 674 5320 vel
706 5266 1122 5342 ἆθηνογὲροντα,
1167 5266 1461 5325 somnium
1501 5266 1585 5326 est
1629 5266 2031 5342 Erasmianum

384 5339 522 5394 nam
541 5339 949 5420 .praaterquam'
967 5341 1121 5420 quod
1147 5357 1319 5396 sensu
1345 5347 1501 5420 caret
1530 5342 1649 5396 haec
1682 5339 2031 5420 lectio,apud

384 5413 614 5484 cuncta,
648 5424 774 5484 qua:
806 5425 913 5463 nos
941 5411 1197 5484 vidimus
1229 5429 1361 5484 cum
1394 5413 1701 5484 impressa,
1729 5417 1853 5466 tum
1888 5428 2030 5484 mss.

387 5477 773 5552 exemplaria,
815 5484 917 5534 aut
971 5477 1264 5552 agitem
1321 5477 1695 5552 invenimus,
1729 5489 1830 5538 aut
1889 5481 2031 5535 ἀντῖ-

395 5549 592 5626 me»:
655 5549 968 5626 Hucusque
1024 5551 1360 5622 Marianus;
1394 5555 1485 5609 cui
1520 5572 1624 5626 ego
1664 5549 2030 5626 respondeo,

395 5572 488 5624 μω
514 5572 592 5607 ον.
655 5572 968 5622 mucusque
1025 5572 1360 5622 marianus;
1394 5572 1485 5609 CUI
1520 5572 1548 5610 e
1593 5572 1624 5610 0
1686 5572 2030 5626 respondeo,

388 5572 622 5712 pullum
652 5621 808 5701 apud
857 5639 963 5692 nos
1000 5637 1308 5700 superesse
1357 5572 1656 5702 exemp‘iar
1703 5627 2030 5686 manuscri-

2140 4647 2273 4692 nus,
2305 4635 2368 4683 ut
2398 4628 2689 4682 invectiva:
2721 4630 2849 4700 ejus
2879 4633 2935 4683 et
2974 4628 3285 4684 calumnia!
3307 4628 3316 4629 ί
3337 4630 3581 4700 probare
3614 4628 3799 4684 etiam

2141 4700 2339 4757 stultis
2370 4704 2634 4771 possunt.
2665 4700 2746 4754 Ex
2804 4699 2980 4754 Levit.
3040 4719 3200 4764 xvm,
3238 4702 3303 4771 18
3337 4699 3618 4771 {Uxorem
3663 4716 3806 4771 non

2139 4768 2383 4841 accipiet
2445 4787 2608 4842 super
2683 4787 2921 4843 sororem
3004 4773 3122 4843 ejus
3171 4815 3217 4843 ,_
3269 4768 3614 4843 any-citabit,
3657 4770 3808 4826 Vide

2142 4839 2297 4900 LXX.
2335 4839 2621 4897 MARTlAN.
2665 4875 2732 4882 —
2762 4839 3052 4896 Victorius
3104 4839 3420 4908 ἀντίπαλον,
3455 4843 3576 4898 suis
3604 4842 3666 4896 in
3698 4859 3804 4899 co-

2142 4914 2370 4988 dicibus
2399 4914 2539 4969 dicit
2567 4913 2880 4988 invenisse,
2906 4919 3011 4988 aut
3041 4912 3363 4988 antpqu,
3389 4915 3545 4986 quod
3578 4919 3810 4988 utrum-

2143 5003 2254 5058 que
2296 4986 2693 5058 adversarium
2725 4989 2933 5049 sonat;
2967 4985 3589 5058 simulque'EraSmum
3621 4985 3804 5058 casti-

2143 5055 2262 5129 gat,
2294 5057 2396 5129 qui
2429 5057 2540 5126 legi
2574 5072 2744 5128 posse
2777 5058 3018 5129 putabat
3047 5055 3502 5129 ogtoytpoyta,vel
3532 5055 3802 5129 ἀβηνογέ-

2146 5124 2327 5203 ρογέεᾳῖ
2361 5124 2734 5203 Martianqu
2780 5124 3041 5203 restituit
3075 5124 3446 5203 ςάνῇζηλυνθ
3495 5127 3625 5203 suis
3650 5124 3804 5183 mss.

2215 5202 2235 5234 ³
2269 5200 2370 5254 Sed
2399 5204 2450 5254 et
2481 5200 2908 5270 Scripturarum.
2945 5201 3002 5252 In
3037 5199 3304 5269 pluribus
3338 5215 3482 5254 mss.
3516 5198 3802 5270 legimus,

2143 5272 2237 5326 sed
2276 5277 2327 5326 et.
2356 5276 2732 5325 sturturarum
2788 5269 2949 5324 verba
3004 5272 3221 5325 vitiari.
3265 5271 3554 5324 ΜΑΒΤΙΑΝ.
3582 5269 3670 5312 ί-
3738 5271 3806 5325 In

2145 5341 2413 5413 pluribus
2457 5357 2600 5394 mss.
2657 5337 2768 5413 legi
2826 5344 3078 5413 testatur
3144 5342 3533 5413 Martianaeus,
3593 5342 3693 5398 sed
3749 5349 3807 5398 et

2142 5410 2544 5466 structurarum
2595 5410 2775 5484 verba.
2834 5411 2970 5466 Mihi
3019 5412 3205 5484 magis
3264 5412 3561 5482 arrideret,
3595 5413 3688 5469 sed
3717 5417 3806 5472 est

2142 5485 2547 5540 sententiarum
2576 5482 2756 5541 verba,
2790 5487 2897 5536 etc.

2214 5556 2235 5590 δ
2267 5554 2443 5610 Vetus
2474 5551 2637 5620 edit.,
2671 5553 2783 5609 Non
2815 5553 3044 5612 diversae
3073 5554 3565 5629 interpretationis.
