4110 6162
309 273 447 336 429-

1526 265 1840 334 CONTRA
1883 266 2245 334 RUFINUM
2291 269 2438 332 LIB.
2484 271 2532 331 Ι.

3570 267 3578 274 ’
3603 267 3735 336 ’ᾸΒΟ

312 405 698 481 praceptoris
725 405 843 462 mei
871 403 1079 462 Denati
1106 417 1268 478 atque
1299 403 1359 460 in
1392 403 1724 476 Virgilium,
1749 409 1805 460 et
1835 404 1974 460 alio-
2004 411 2058 472 Α
2089 422 2263 476 quam
2328 421 2430 477 pro
2483 403 2764 459 tribunali
2815 399 3020 460 Festus
3094 405 3310 462 diceret
3343 425 3354 461 :
3411 429 3438 455 ‹‹
3498 409 3730 464 Insanis

315 515 444 553 rum
479 497 541 551 in
577 495 726 551 alios
759 511 772 549 :
810 494 1082 551 Plautum
1120 493 1413 560 videlicet,
1447 493 1799 560 Lucretium,
1827 493 1980 548 Flac-

317 603 477 651 cum,
511 585 780 640 Persium
813 589 989 656 atque
1017 584 1342 640 Lucanum.
1377 587 1571 656 Argue
1627 583 1980 654 interpretes

318 691 551 738 eorum,
603 690 788 744 quare
848 691 961 728 non
1030 690 1210 728 unam
1263 671 1737 745 explanationem
1798 671 1980 726 secuti

325 764 452 820 sint
483 780 499 816 ι
534 763 673 818 etin
707 762 915 818 eadem
950 779 1010 819 re
1032 763 1172 835 quid
1197 762 1286 818 vel
1319 761 1456 829 sibi,
1490 761 1577 816 vel
1624 760 1753 816 aliis
1785 759 1980 816 videa-

337 858 455 919 tur,
487 855 848 907 enumerent.

410 942 495 994 17.
528 941 690 996 Vilia
720 941 990 996 sermonis
1023 939 1233 1011 Ruﬁni.
1261 971 1328 978 ——
1383 938 1768 995 Praetermitto
1827 938 1981 992 Grav-

334 1047 449 1095 cos,
485 1046 741 1100 quorum
771 1033 837 1084 tu
861 1029 1055 1099 jactas
1086 1029 1414 1097 scientiam,
1446 1031 1502 1082 et
1533 1028 1675 1081 dum
1725 1025 1982 1098 peregri-

326 1137 400 1174 na
431 1118 702 1185 sectaris,
736 1134 886 1190 pene
915 1118 1000 1172 tui
1034 1117 1323 1173 sermonis
1353 1115 1570 1172 oblitus
1593 1132 1654 1171 es
1689 1132 1702 1171 :
1729 1131 1800 1170 ne
1832 1119 1983 1170 vete-

317 1209 363 1263 ri
390 1207 728 1280 proverbio,
761 1208 872 1262 Sus
903 1207 1242 1273 Minervam,
1277 1207 1484 1260 docere
1528 1204 1742 1268 videar,
1806 1210 1863 1257 et
1922 1204 1981 1257 in

319 1297 531 1353 silvam
566 1296 732 1368 ligna
773 1299 1024 1367 portare.
1051 1295 1198 1350 Illud
1261 1295 1461 1361 miror,
1525 1294 1680 1365 quod
1740 1292 1985 1347 Aristar-

318 1386 469 1442 chus
494 1387 508 1419 ¹
538 1384 731 1440 nostri
762 1384 1044 1456 temporis
1067 1383 1312 1456 puerilia
1336 1384 1449 1439 ista
1471 1381 1766 1438 nescieris.
1791 1382 1984 1444 Quan-

319 1492 504 1547 quam
537 1479 606 1529 tu
641 1478 960 1546 occupatus
988 1473 1047 1528 in
1079 1472 1372 1540 sensibus,
1415 1476 1474 1527 et
1507 1472 1575 1526 ad
1640 1471 1982 1526 struendam

321 1563 469 1619 mihi
526 1562 892 1618 calumniam
953 1562 1228 1618 cernulus
1253 1563 1296 1628 ³,
1355 1561 1877 1633 grammaticorum
1927 1563 1986 1614 et

317 1657 634 1708 oratorum
704 1656 991 1723 praecepta
1047 1650 1510 1723 contempseris,
1598 1649 1984 1722 parvipendes

2089 496 2287 559 Paule,
2320 493 2544 548 insanis
2579 512 2591 560 ;
2626 492 2821 548 multae
2851 497 2908 548 te
2938 493 3139 548 litterae
3172 495 3242 549 ad
3277 495 3566 553 insaniam
3592 513 3732 554 con-

2088 587 2322 638 vertunt
2351 585 2485 653 (Act.
2519 600 2669 648 xxv1,
2700 583 2810 654 2t).
2847 605 2867 630 υ
2905 584 2990 637 Tu
3023 584 3120 654 qui
3155 584 3213 638 in
3252 585 3470 640 Latinis
3510 587 3722 643 mussi-

2090 676 2201 737 tas,
2235 678 2289 726 et
2321 671 2647 727 testudineo
2679 672 2861 744 gradu
2888 673 3136 727 moveris
3185 673 3397 744 potius,
3430 690 3606 744 quam
3637 675 3730 730 in-

2091 760 2284 815 cedis:
2319 760 2409 814 vel
2440 761 2636 815 Grzece
2665 762 2840 816 debes
2873 761 3147 827 scribere,
3182 766 3246 816 ut
3277 763 3431 833 apud
3464 762 3736 820 homines

2091 850 2272 904 Graeci
2303 850 2591 904 sermonis
2618 850 2860 921 ignarus
2891 850 3079 906 aliena
3109 851 3257 907 scire
3302 851 3553 908 videaris
3581 870 3594 908 :
3645 852 3734 908 vel

2092 940 2141 995 si
2173 938 2376 994 Latina
2405 938 2742 1006 tentaveris,
2795 943 2929 994 ante
2995 940 3200 995 audire
3259 941 3735 1013 grammaticum,

2093 1028 2288 1083 ferulae
2320 1044 2560 1083 manum
2594 1028 2956 1094 subtrahere,
2983 1033 3039 1082 et
3070 1029 3221 1084 inter
3243 1029 3519 1100 parvulos
3550 1029 3740 1097 ἀθηνο-

2092 1118 2266 1191 γὲρων
2289 1119 2310 1151 3
2340 1121 2524 1172 artem
2553 1116 2828 1187 loquendi
2860 1115 3099 1172 discere.
3159 1119 3438 1184 Quamvis
3503 1122 3732 1175 Crassos

2094 1207 2227 1273 quis
2259 1207 2442 1278 spiret
2473 1210 2528 1261 et
2562 1205 2783 1272 Darios,
2817 1206 3019 1261 litterae
3053 1207 3420 1278 marsupium
3473 1225 3587 1263 non
3647 1225 3738 1263 se-

2093 1300 2372 1366 quuntur.
2408 1295 2650 1350 Sudoris
2690 1295 2934 1350 comites
2965 1299 3104 1350 sunt
3133 1301 3189 1350 et
3219 1295 3636 1363 laboris;sociae
3653 1297 3738 1368 je-

2084 1385 2414 1456 juniorum,
2449 1401 2564 1439 non
2616 1383 2988 1450 saturitatis;
3049 1385 3438 1452 continentiae,
3471 1402 3587 1440 non
3645 1384 3738 1439 lu-

2092 1474 2291 1530 xuriae.
2328 1473 2746 1529 Demosthenes
2774 1472 2906 1544 plus
2940 1473 3046 1528 olei
3083 1491 3260 1545 quam
3286 1475 3405 1529 vini
3430 1475 3738 1546 expendis-

2094 1582 2155 1620 se
2185 1563 2420 1626 dicitur,
2454 1567 2512 1617 et
2541 1579 2744 1617 omnes
2775 1563 3012 1633 Opiﬁces
3035 1563 3334 1618 nocturnis
3366 1580 3597 1635 semper
3654 1563 3739 1618 vi-

2093 1652 2250 1725 giliis
2283 1650 2650 1723 praevenisse.
2686 1650 2847 1715 Quod
2878 1649 2974 1704 ille
3006 1651 3064 1704 in
3097 1667 3215 1705 una
3249 1650 3441 1706 littera
3473 1650 3612 1705 fecit
3641 1667 3747 1705 ex-

323 1734 610 1814 ὑπέρϐατα
630 1748 762 1812 post
793 1741 1091 1796 anfractus
1134 1741 1392 1804 reddere.
1445 1738 1818 1811 asperitatem
1869 1736 1984 1792 evi-
2012 1775 2060 1838 Β
2093 1740 2420 1814 primenda,
2447 1743 2513 1794 ut
2557 1757 2590 1794 a
2621 1755 2762 1794 cane
2792 1739 2896 1793 rho
2928 1739 3197 1804 disceret,
3230 1743 3294 1794 tu
3326 1739 3386 1793 in
3420 1756 3511 1794 me
3541 1738 3747 1794 crimi-

320 1835 448 1887 tare
487 1828 969 1895 consonantium,
1003 1829 1259 1884 hiulcam
1292 1829 1492 1900 fugere
1524 1827 1860 1882 dictionem.
1886 1827 1988 1882 Ri-

328 1919 605 1976 diculum
637 1923 730 1973 est
758 1917 1044 1973 debilitati
1077 1923 1134 1973 et
1153 1917 1318 1973 fracti
1348 1917 1529 1972 totius
1579 1916 1837 1987 corporis
1866 1915 1990 1971 vul-

335 2024 486 2063 nera
513 2024 699 2078 pauca
728 2010 1075 2063 monstrare.
1101 2007 1225 2061 Non
1260 2005 1408 2078 eligo
1466 2006 1622 2077 quod
1684 2004 1990 2076 reprehen-

344 2096 508 2161 dam,
533 2094 702 2164 eligat
730 2095 858 2167 ipse
879 2095 1035 2166 quod
1059 2094 1200 2149 vitio
1229 2098 1442 2149 careat.
1465 2094 1548 2148 Ne
1585 2093 1728 2148 illud
1752 2093 1991 2164 quidem

344 2183 709 2240 Socraticum
741 2200 916 2240 nosse
947 2184 1228 2239 debuerat
1258 2201 1270 2237 :
1315 2184 1443 2239 Scio
1475 2183 1616 2254 quid
1650 2182 1846 2238 nescio
1882 2200 1894 2236 :

401 2291 604 2340 Navem
637 2303 797 2352 agere
827 2290 1048 2353 ignarus
1071 2289 1230 2353 navis
1259 2290 1408 2353 timet
1435 2305 1448 2350 ;
1483 2289 1801 2353 abrotauum
1849 2300 1991 2351 aegro

393 2355 512 2402 Non
543 2351 970 2416 audet,nisifqui
996 2351 1346 2416 didicit,dare.
1366 2351 1518 2416 Quod
1533 2352 1870 2416 medicorum
1893 2354 1992 2408 est,

397 2417 728 2464 Promittant
754 2414 946 2464 medici
979 2429 991 2461 :
1025 2418 1254 2463 tractant
1284 2414 1494 2463 fabrilia
1524 2415 1677 2462 fabri.

392 2479 696 2529 Scribimus
717 2477 916 2527 indocti
946 2478 1194 2540 doctique
1226 2480 1469 2538 poemata
1500 2477 1718 2540 passim.

1005 2536 1243 2602 (tioium,
1269 2540 1432 2601 Epist.
1471 2536 1516 2596 l,
1549 2539 1621 2586 ad
1649 2536 1896 2600 August.)

321 2649 449 2704 Nisi
486 2648 642 2702 forte
673 2662 738 2702 se
771 2646 995 2700 litteras
1021 2661 1136 2700 non
1180 2645 1458 2700 didicisse
1505 2643 1733 2715 jurabit
1769 2669 1782 2710 ;
1843 2659 1990 2715 quos

327 2754 434 2792 nos
465 2735 552 2791 illi
590 2740 650 2790 et
681 2735 906 2814 absque
929 2735 1267 2805 juramento
1317 2732 1589 2805 perfacile
1641 2731 1938 2787 credimus
1974 2747 1988 2785 :

323 2826 412 2881 vel
445 2826 518 2880 ad
553 2821 909 2895 Apostolum
941 2822 1238 2894 confugiet
1297 2822 1706 2893 profitentem:
1764 2844 1790 2869 «
1824 2821 1890 2875 Et
1942 2819 1991 2875 si

325 2914 652 2987 imperitue
676 2928 969 2977 sermone,
1003 2929 1118 2966 non
1147 2916 1345 2966 tamen
1377 2911 1623 2966 scientia
1681 2911 1726 2980 (I
1755 2912 1876 2966 Cor.
1909 2926 1987 2975 x1,

323 3006 403 3075 6).
440 3027 469 3051 ››
503 3004 619 3058 Ille
675 3001 935 3056 Hebraeis
994 3000 1204 3056 litteris
1260 2999 1544 3066 eruditus,
1605 3003 1662 3054 et
1717 3000 1752 3053 d
1812 2999 1990 3069 pedes

325 3093 541 3148 doctus
573 3088 941 3155 Gamalielis,
966 3105 1138 3160 quem
1173 3105 1287 3144 non
1320 3088 1630 3151 erubescit,
1670 3088 1796 3157 jam
1857 3102 1990 3157 apo-

326 3182 555 3236 stolicae
587 3178 922 3252 dignitatis,
958 3177 1309 3249 magistrum
1353 3177 1565 3241 dicere,
1600 3176 1858 3231 Graecam
1906 3175 1988 3229 fa-

333 3269 621 3325 cundiam
655 3267 1089 3332 contemnebat,
1118 3265 1206 3321 vel
1238 3270 1410 3333 certe,
1445 3265 1600 3336 quod
1633 3269 1756 3320 erat
1792 3263 1994 3318 humi-

342 3356 551 3423 litatis,
587 3354 1008 3411 dissimulabat
1040 3373 1053 3423 ;
1090 3359 1154 3410 ut
1190 3354 1523 3426 praedicatio
1575 3354 1724 3424 ejus,
1761 3370 1875 3408 non
1933 3352 1994 3406 in

343 3445 732 3518 persuasione
762 3445 916 3500 478
950 3445 1283 3508 verborum,
1313 3444 1414 3500 sed
1449 3444 1506 3498 in
1557 3443 1860 3515 signorum
1882 3441 1996 3495 vir-

353 3537 482 3586 tute
511 3533 878 3601 consisteret;
938 3548 1220 3604 spernens
1279 3531 1499 3588 alienas
1556 3547 1716 3603 opes,
1777 3531 1877 3602 qui
1936 3531 1996 3584 in

361 3619 491 3675 suis
524 3619 682 3674 dives
711 3628 822 3676 erat
854 3640 867 3689 ;
904 3637 1243 3694 quanquam
1276 3622 1346 3676 ad
1391 3621 1752 3693 imperitum,
1787 3625 1843 3674 et
1895 3636 1998 3691 per

353 3705 630 3778 singulas
659 3706 836 3763 instar
863 3708 946 3762 tui
1009 3708 1333 3765 sententias
1392 3712 1784 3773 corruentem,
1849 3723 1997 3762 nun-

423 3832 441 3906 '_
470 3830 744 3906 Gamium
778 3837 939 3904 puta,
973 3832 1424 3906 grammaticum
1459 3837 1514 3887 et
1545 3832 1811 3906 criticum
1873 3848 1997 3906 ma-

333 3904 442 3975 gni
475 3902 738 3987 nominis
773 3902 1108 3987 fcujusihaa
1139 3910 1335 3987 tamen
1363 3908 1558 3976 partes
1620 3903 1830 3985 Rufino
1870 3903 1996 3987 .mi-

333 3974 454 4030 nus
481 3980 641 4030 certe
671 3974 1024 4031 conveniunt
1094 3993 1231 4032 uam
1273 3974 1620 4047 Hieronymo
1649 3974 1907 4046 ipsimet.

413 4049 435 4081 ³
466 4051 531 4102 Et
563 4046 636 4101 ad
664 4048 1008 4102 struendam.
1043 3994 1204 4103 ﬁnus
1236 4048 1414 4102 codex
1443 4052 1608 4103 vetus
1638 4062 1772 4101 cum
1803 4045 1907 4100 edit

413 4049 435 4081 ³
466 4051 531 4102 Et
563 4046 636 4101 ad
664 4048 1008 4102 struendam.
1043 4045 1204 4103 Unus
1236 4048 1414 4102 codex
1443 4045 1608 4103 vetus
1638 4045 1772 4101 cum
1803 4045 1996 4114 editis,

334 4118 412 4172 ad
458 4118 787 4173 struendam
816 4121 962 4173 mihe
1017 4121 1357 4174 calumniam
1414 4134 1671 4174 cernuus.
1737 4117 2000 4172 Cernuus

330 4195 540 4245 autem
592 4187 682 4243 vel
741 4189 1016 4244 cernulus
1073 4189 1463 4246 calumniator
1521 4187 2002 4261 intelligiturtet

333 4276 669 4315 conversus
702 4261 775 4313 ad
808 4261 1164 4317 calumniam
1198 4261 1558 4316 struendam.
1595 4260 1877 4315 Mm‘rmn.
1904 4260 1999 4314 Sic

337 4331 465 4386 ille.
494 4330 605 4386 Alii
635 4331 805 4403 editi.
840 4333 1056 4403 quibus
1087 4350 1230 4388 mss.
1260 4331 1527 4388 nonnulli
1579 4333 1760 4386 sulfra
1777 4338 1996 4403 gantur,

331 4419 604 4475 cernuus.
640 4401 787 4475 Vide
819 4401 1247 4475 numcervulus
1279 4403 1391 4475 legi
1425 4403 1629 4475 possit,
1652 4407 1723 4475 et
1778 4401 1999 4475 animal

328 4471 641 4546 ὀξυδερκὸκ(
673 4473 795 4546 sive
831 4474 1159 4530 acutissimi
1204 4471 1365 4530 visus
1397 4471 1578 4541 n-otet,
1613 4473 1782 4546 eique
1840 4474 1998 4528 Rufi-

326 4543 844 4616 num'assimilet,
900 4547 1055 4616 quod
1112 4547 1183 4601 ad
1241 4547 1577 4601 struendam
1637 4543 1995 4601 calumniam

325 4623 514 4672 acute
560 4615 1119 4688 videret.Pacianus
1179 4615 1621 4673 Barcinonensis
1683 4618 1998 4688 quemdam

331 4689 575 4760 librum
609 4687 1184 4760 suuminscripsisse
1215 4689 1612 4760 dicitur.cerus
1642 4687 1728 4743 vel
1758 4689 1998 4754 cerulus,

331 4758 513 4830 quod
543 4774 755 4812 nomen
789 4759 946 4814 idem
979 4758 1043 4814 ac
1092 4759 1479 4815 calumniator
1533 4775 1740 4815 sonare
1807 4760 2000 4815 visum

330 4835 442 4885 est
481 4846 496 4892 ;
529 4833 582 4901 et
605 4831 855 4901 cerui-um
909 4833 1110 4901 facere,
1153 4830 1522 4886 calumniari.
1574 4830 1715 4885 Vide
1763 4847 1889 4901 qua:
1943 4831 2000 4884 in

328 4899 778 4972 cumpcatalogi
821 4899 1015 4972 locum
1047 4904 1421 4958 adnotamus.

407 4971 752 5047 #Parivutos
836 4971 1199 5047 ᾇθῃνογὲρων.
1259 4971 1633 5047 Ἀβηνογρρων
1705 4977 1791 5025 est
1841 4987 2006 5047 senes:

320 5045 735 5107 scholasticus,
768 5044 864 5113 qui
895 5045 952 5099 in
1006 5043 1303 5100 senectute
1333 5043 1542 5100 litteris
1603 5059 1812 5097 navare
1866 5043 2006 5097 inci-

321 5115 1092 5191 piat_.__Composita__dic'to
1153 5133 1221 5172 ex
1276 5117 1502 5191 Ἀθήνη,
1560 5114 1826 5191 Minerua,
1878 5130 2005 5185 quae

321 5185 574 5267 'stu’r‘iiis
607 5185 860 5267 praeesse
881 5187 1204 5267 icebatur,
1219 5192 1274 5243 et
1296 5186 1492 5267 γεξξων,
1514 5201 1701 5266 δεῖν-ϐω.
1716 5185 2002 5267 Mummii.

321 5293 394 5301 ——
434 5258 572 5312 Sub
608 5257 848 5313 initium
880 5257 1013 5313 libri
1044 5259 1220 5330 tertii,
1287 5257 1565 5330 «'rNeque,
1597 5257 2008 5330 inquitsathe-

314 5333 680 5403 nogeronta
716 5345 912 5403 meum
947 5331 1170 5386 scutica
1200 5328 1256 5386 et
1287 5328 1477 5403 plagis
1525 5328 1754 5403 litteras
1806 5328 2010 5384 docere

317 5400 672 5462 contendo.
712 5424 741 5448 ››
781 5400 1003 5456 Nomen
1036 5418 1104 5456 ex
1134 5400 1329 5458 Graeco
1392 5400 1748 5473 discipulum
1809 5417 2008 5456 senem

319 5477 538 5533 notat.

402 5551 429 5580 δ
469 5544 663 5599 Vetus
698 5544 876 5609 Edit.,
909 5545 1133 5614 quidam
1164 5545 1432 5602 incruditi
1481 5543 1778 5616 prudenter
1833 5560 2011 5598 rema-

319 5621 510 5682 nent,
543 5621 658 5672 etc.

407 5694 437 5770 ξ
475 5686 594 5746 Cur
621 5688 837 5770 nescire
853 5687 1089 5770 pudens.
1113 5687 1410 5752 Marianas
1440 5701 1575 5750 cum
1605 5702 1750 5750 mss.
1797 5685 2016 5768 codici-

2102 1831 2284 1895 naris,
2316 1845 2498 1901 quare
2531 1829 2705 1883 homo
2737 1829 2807 1884 ab
2839 1828 3074 1884 homine
3099 1828 3368 1884 Hebraeas
3406 1829 3630 1884 litteras
3661 1829 3748 1884 di-

2102 1920 2366 1975 dicerim.
2400 1918 2537 1973 Inde
2569 1923 2657 1973 est
2682 1919 2835 1989 quod
2869 1918 3107 1988 quidam
3164 1917 3458 1973 inerudite
3516 1917 3744 1989 sapien-

2101 2014 2188 2064 tes
2221 2011 2523 2063 remanent
2543 2009 2584 2073 ⁵,
2619 2008 2758 2061 dum
2793 2006 2999 2061 nolunt
3024 2007 3247 2062 discere
3270 2007 3424 2078 quod
3447 2006 3743 2079 ignorant.

2101 2099 2214 2154 Nec
2247 2097 2552 2152 Horatium
2584 2095 2834 2150 audiunt
2861 2101 3330 2151 commonentem
3367 2113 3380 2150 :

2192 2223 2294 2270 Cur
2321 2221 2525 2270 nescire
2559 2219 2764 2282 pudens
2792 2221 2811 2252 ³
2833 2232 3012 2281 prave,
3037 2233 3197 2282 quam
3225 2219 3430 2268 discere
3461 2219 3602 2268 malo
3629 2222 3653 2266 ?

2102 2335 2388 2406 Loquitur
2417 2340 2474 2389 et
2505 2333 2821 2405 Sapientia,
2855 2351 3033 2405 quam
3064 2335 3172 2388 sub
3207 2333 3444 2389 nomine
3466 2333 3743 2390 Salomo-

2100 2425 2192 2480 nis
2223 2423 2476 2496 legimus
2509 2442 2520 2478 :
2561 2443 2583 2470 ι
2618 2424 2681 2477 In
2717 2421 3059 2477 malevolam
3118 2421 3376 2478 animam
3435 2437 3744 2494 nunquam

2101 2513 2341 2568 intrabit
2371 2512 2675 2584 sapientia,
2711 2528 2816 2567 nec
2847 2511 3134 2566 habitabit
3163 2511 3222 2566 in
3253 2528 3492 2584 corpore
3537 2512 3742 2567 subdi-

2098 2607 2156 2659 to
2191 2602 2461 2674 peccatis.
2497 2601 2750 2673 Spiritus
2789 2601 2945 2656 enim
2979 2605 3218 2655 sanctus
3276 2601 3619 2656 eruditionis
3651 2602 3742 2656 fu-

2100 2693 2218 2764 giet
2248 2691 2468 2756 dolum,
2491 2695 2548 2745 et
2571 2691 2798 2746 recedet
2826 2708 2858 2745 a
2889 2689 3342 2762 cogitationibus
3371 2690 3568 2748 stultis
3591 2690 3742 2762 (Sap.

2102 2801 2139 2851 ι,
2171 2783 2224 2848 4,
2254 2784 2332 2848 5).
2363 2805 2388 2829 ››
2414 2779 2586 2834 Aliud
2618 2785 2726 2845 est,
2758 2780 2806 2834 si
2837 2778 2994 2851 vulgi
3024 2778 3269 2834 lectione
3301 2779 3580 2845 contenti,
3629 2779 3736 2833 do-

2099 2876 2325 2926 ctorum
2359 2885 2528 2924 aures
2561 2868 2927 2940 despiciunt;
2961 2873 3017 2922 et
3047 2872 3430 2922 contemnunt
3457 2867 3597 2922 illud
3624 2866 3740 2921 elo-

2099 2961 2282 3034 gium.
2315 2975 2430 3030 quo
2462 2974 2671 3030 procax
2702 2956 2992 3028 imperitia
3021 2957 3336 3011 denotatur
3371 2975 3382 3011 :

2195 3121 2206 3132 .
2242 3120 2254 3132 .
2291 3121 2301 3130 .
2336 3119 2347 3130 .
2385 3121 2396 3131 .
2431 3120 2443 3130 .
2474 3082 2590 3130 Non
2621 3084 2677 3129 tu
2708 3081 2761 3128 in
2800 3080 2985 3141 triviis,
3030 3079 3260 3128 indocte.
3295 3079 3524 3136 solebas,

2194 3146 2447 3196 Stridenti
2477 3146 2728 3193 miserum
2760 3142 2960 3204 stipula
2989 3142 3297 3205 disperdere
3323 3155 3538 3191 carmen
3565 3142 3591 3188 ?

2107 3270 2282 3334 Quasi
2316 3286 2430 3324 non
2462 3268 2806 3323 cirratorum
2836 3266 3010 3322 turba
3039 3269 3060 3300 ⁸
3091 3266 3454 3322 Milesiarum
3487 3267 3543 3321 in
3576 3264 3748 3322 scho-

2108 3360 2180 3416 lis
2211 3360 2492 3432 ﬁgmenta
2521 3358 2786 3413 decantet
2817 3373 2830 3412 :
2865 3363 2922 3411 et
2953 3360 3373 3411 testamentum
3405 3355 3556 3423 Suis,
3608 3355 3751 3410 Bes-

2112 3466 2309 3506 sorum
2366 3447 2648 3503 cachinno
2679 3447 2944 3502 membra
2999 3445 3309 3511 concutiat,
3373 3450 3545 3516 atque
3602 3445 3755 3500 inter

2109 3554 2445 3594 scurrarum
2477 3535 2701 3607 epulas,
2734 3552 2900 3606 nugae
2930 3534 3267 3589 istiusmodi
3292 3534 3754 3604 frequententur,

2109 3627 2374 3694 Quotidie
2404 3627 2461 3680 in
2487 3625 2694 3697 plateis
2726 3625 2892 3679 fictus
2925 3623 3143 3678 ariolus
3189 3621 3504 3677 stultorum
3543 3625 3705 3676 nates
3726 3621 3746 3656 ⁷

2107 3717 2387 3784 verberat,
2421 3720 2477 3769 et
2506 3714 2732 3769 obtorto
2780 3715 2934 3767 474
2995 3727 3277 3783 scorpone
3336 3711 3541 3765 dentes
3600 3725 3762 3765 mor-

2108 3842 2239 3907 bus,
2276 3839 2386 3893 Cur
2410 3839 2628 3892 nescire
2649 3837 2891 3908 prudens
2915 3853 3106 3907 prave,
3137 3839 3244 3891 etc.
3306 3837 3608 3904 Erasmus,
3644 3835 3755 3890 Cnr

2106 3928 2316 3968 nescire
2339 3910 2610 3982 prudens,
2646 3915 2756 3963 etc.
2791 3910 2958 3980 Apud
2992 3908 3322 3979 Horatium,
3345 3908 3410 3963 de
3439 3909 3568 3962 Arte
3622 3923 3750 3978 poe-

2109 3987 2218 4036 tica
2246 3983 2315 4036 ad
2345 3984 2568 4036 Pisones
2597 3997 2615 4033 :

2109 3989 2218 4039 lica
2246 3989 2315 4038 ad
2345 3989 2568 4036 Pisones
2597 3997 2615 4033 :

2201 4100 2307 4148 Cur
2336 4096 2526 4160 ego,_si
2556 4107 2782 4160 nequeo,
2816 4094 3131 4156 ignoroque,
3157 4097 3312 4160 poeta
3342 4094 3546 4160 salutor
3575 4095 3597 4138 ?

2202 4162 2303 4210 Cur
2331 4154 2538 4209 néscire
2567 4154 2774 4220 pudens
2802 4154 2982 4219 prave,
3016 4154 3174 4219 quam
3206 4156 3409 4264 disce?
3443 4154 3581 4202 malo
3612 4155 3635 4200 ?

3349 4251 3363 4264 .
3404 4229 3601 4265 unum

2181 4341 2201 4374 ⁶
2234 4341 2401 4414 Quasi
2433 4353 2558 4414 ηρηΔ
2579 4339 2911 4414 cirratorum
2943 4336 3106 4390 turba
3132 4335 3240 4414 _De
3271 4332 3501 4414 cirratis
3548 4330 3760 4414 .pueris

2113 4404 2294 4483 supra
2355 4413 2414 4464 in
2461 4408 2735 4480 Epistolis
2792 4407 3066 4462 diximus.
3130 4407 3366 4462 Persius
3416 4405 3488 4460 de
3546 4404 3760 4459 iisdem

2028 4483 2289 4568 DSatI:

2235 4590 2340 4637 Nec
2369 4587 2616 4636 matutini
2637 4587 2835 4635 cirrata
2865 4589 3079 4635 caterva
3115 4584 3371 4646 magistri.
3407 4583 3653 4632 ΜΑιιτιΑΝ.

2111 4727 2175 4777 —.
2207 4694 2500 4750 Comtalos
2528 4709 2737 4763 pueros
2769 4693 3060 4765 significat
3082 4692 3252 4762 juxta
3283 4690 3425 4744 illud
3476 4687 3761 4759 vulgatis-

2111 4782 2350 4822 almum.

2203 4871 2329 4922 Ten’
2362 4871 2674 4920 cirratorum
2705 4870 2923 4917 centum
2953 4870 3150 4919 dictata
3183 4869 3370 4917 fuisse.

2210 4937 2304 4984 Pro
2333 4932 2500 4982 nihilo
2525 4931 2733 4994 pendas
2761 4933 2785 4977 ‘I

2114 5042 2334 5098 Vitiose
2375 5043 2568 5095 autem
2597 5037 2905 5106 hucusque
2963 5035 3218 5090 obtinuit
3271 5036 3607 5090 Milesiorum
3654 5051 3759 5107 pro

2116 5115 2474 5175 Milesiarum,
2510 5115 2727 5179 Nempe
2759 5107 3015 5161 Milesias
3047 5107 3240 5161 dixere
3270 5107 3496 5179 antiqui
3554 5122 3765 5178 genere

2117 5185 2422 5248 feminino,
2455 5198 2566 5236 non
2601 5178 2805 5234 neutro
2842 5197 2854 5243 ;
2891 5178 3092 5250 sicque
3123 5178 3500 5250 appellabant
3531 5194 3767 5250 poema-

2118 5265 2178 5312 ta
2207 5263 2263 5312 et
2285 5255 2511 5311 fabulas
2541 5251 2926 5315 lascivientes,
2961 5251 3083 5305 sive
3115 5252 3297 5306 aniles
3346 5251 3521 5305 etiam
3554 5255 3612 5305 et
3668 5267 3765 5304 va-

2121 5329 2366 5392 nidicus,
2400 5331 2456 5380 et
2511 5323 2848 5386 amatorias,
2903 5326 3011 5377 etc.
3075 5322 3218 5377 Vide
3270 5322 3648 5392 Plutarchum
3708 5320 3768 5374 in

2120 5401 2329 5455 Crasso
2354 5389 2433 5452 'de
2463 5396 2706 5459 Surena,
2755 5393 3074 5448 Lucianum
3139 5395 3194 5448 in
3255 5393 3494 5464 Dialogo
3546 5389 3763 5465 Epic-:25,

2122 5476 2230 5526 etc.
2266 5469 2400 5524 Suis
2438 5470 2856 5522 testamentum
2886 5466 3016 5520 vide
3077 5467 3232 5536 apud
3295 5460 3650 5519 Brissonium
3695 5460 3770 5514 de

2124 5540 2412 5598 Formulis
2445 5537 2544 5592 lib.
2579 5555 2675 5591 v11.
3660 5596 3696 5606 Π

2193 5615 2212 5648 ⁷
2245 5611 2617 5669 Martianzeus
2647 5624 2826 5666 nares.
2864 5609 3008 5665 Vide
3030 5625 3158 5682 quae
3182 5607 3438 5663 diximus
3460 5617 3638 5674 supra
3659 5595 3765 5650 lib.

2126 5703 2165 5745 ιι
2195 5685 2256 5746 in
2283 5685 2393 5750 Jov
2439 5701 2496 5747 η.
2529 5682 2599 5742 36
2627 5684 2754 5743 not.
