4094 6166
377 335 490 400 ιθι

1617 335 1681 397 S.
1727 331 2046 397 EUSEBIT
2070 329 2553 395 ’HIERONYMI.

3653 323 3776 390 432

375 467 641 524 dentium
670 465 861 538 quatit
891 483 904 524 :
945 471 1004 523 et
1034 467 1319 526 miramur
1350 468 1400 525 si
1442 469 1848 542 imperitorum
1884 465 2018 522 libri
2047 467 2102 532 Α
2131 468 2187 521 et
2215 465 2437 537 absque
2467 463 2586 520 ulla
2614 463 2961 520 verecundia
2989 461 3278 535 quidquid
3307 460 3368 517 in
3390 456 3635 516 buccam
3679 475 3774 516 vce

375 557 649 614 lectorem
685 555 988 613 inveniant
1013 558 1041 612 ?

449 647 537 701 18.
571 645 961 718 Indignantur
989 663 1170 719 quare
1201 646 1560 720 Origenistas
1583 645 1918 718 scripserim
1940 645 2025 700 in-

375 739 464 792 ter
493 750 556 791 se
588 733 768 808 orgiis
799 735 1237 792 mendaciorum
1268 735 1556 792 foederari.
1610 735 1916 791 Nominavi
1955 733 2024 789 li-

377 824 574 890 brum,
605 823 665 879 in
697 840 814 896 quo
844 824 954 880 hoc
984 826 1273 898 scriptum
1307 825 1546 898 legerim
1583 843 1595 881 :
1667 823 1723 878 id
1751 828 1841 879 est
1899 841 2023 880 sex-

377 917 503 969 tum
534 917 878 970 Stromateon
901 913 1188 987 Origenis,
1220 915 1279 969 in
1314 932 1428 987 quo
1487 913 1744 970 Platonis
1801 917 2023 969 senten-

377 1003 470 1058 tia;
543 1007 810 1059 nostrum
859 1003 1075 1075 dogma
1131 1020 1511 1075 componens,
1579 1002 1661 1057 ita
1715 1001 2020 1074 loquitur:

379 1115 407 1145 «
437 1091 598 1149 Plato
622 1091 687 1147 in
715 1092 886 1148 tertio
917 1092 982 1148 de
1012 1093 1309 1165 Republica
1338 1093 1487 1149 libro
1519 1110 1531 1147 :
1593 1092 1820 1148 Veritas
1879 1108 2024 1162 quo-

377 1197 492 1253 que
522 1181 800 1236 sectanda
840 1197 1192 1253 magnopere
1249 1185 1358 1237 est.
1402 1181 1458 1237 Si
1520 1180 1698 1245 enim,
1733 1184 1796 1234 ut
1850 1179 2024 1252 paulo

374 1273 509 1325 ante
533 1268 857 1326 rectissime
885 1269 1254 1339 dicebamus,
1284 1275 1397 1326 Deo
1430 1269 1706 1325 indecens
1736 1274 1792 1324 et
1821 1268 2024 1323 inutile

373 1357 745 1414 mendacium
775 1362 886 1426 est,
916 1358 1260 1414 hominibus
1321 1359 1674 1430 quandoque
1735 1356 1876 1413 utile
1937 1358 2024 1427 (ut

372 1450 614 1504 utantur
641 1462 707 1510 eo
741 1447 911 1518 quasi
946 1448 1325 1503 condimento
1360 1451 1537 1519 atque
1570 1445 2017 1517 medicamine);

371 1535 520 1592 nulli
547 1535 795 1591 dubium
825 1540 935 1603 est,
969 1536 1111 1607 quin
1145 1536 1488 1607 hujusmodi
1511 1535 1748 1591 licentia
1778 1534 2022 1590 medicis

371 1624 565 1680 danda
585 1624 681 1691 sit,
715 1624 870 1679 etab
901 1623 1381 1695 imprudentibus
1423 1625 1792 1679 removenda.
1850 1623 2018 1688 Vera,

370 1711 588 1783 inquit,
621 1711 836 1767 asseris
868 1731 881 1767 :
919 1728 1054 1785 ergo
1086 1713 1378 1784 principes
1410 1713 1670 1778 urbium,
1721 1713 1769 1769 si
1803 1714 2019 1785 quibus

2134 553 2644 626 neritconfingitin
2658 552 3242 626 fratres,magistrum
3255 568 3317 607 se
3332 549 3622 623 optimum
3637 565 3778 622 pro-

2133 644 2255 698 bat.

2206 732 2292 787 19.
2319 733 2533 788 Psalmi
2585 750 2624 786 ιι
2674 733 3174 804 interpretationem
3231 728 3498 800 defendit.
3551 729 3779 783 Deoscu-

2134 823 2266 876 latio
2286 837 2384 893 pro
2413 824 2761 878 veneratione
2806 820 2951 892 apud
2983 820 3253 875 Hebraeos.
3310 849 3378 860 -—
3429 815 3577 872 Illud
3636 832 3778 888 quo-

2134 927 2247 982 que
2279 927 2514 982 carpere
2544 911 2776 977 dicitur,
2813 910 2966 981 quod
2999 908 3323 964 secundum
3359 905 3652 963 Psalmum
3688 905 3779 960 in-

2131 1003 2479 1070 terpretans,
2515 1017 2618 1072 pro
2649 1016 2714 1055 eo
2746 1000 2902 1070 quod
2937 997 3184 1070 legimus
3215 997 3275 1051 in
3306 996 3529 1060 Latino,
3573 995 3778 1067 Appre-

2134 1089 2354 1144 hendite
2380 1089 2732 1160 disciplinam
2765 1109 2782 1150 ς
2810 1092 2866 1142 et
2895 1087 2951 1141 in
2987 1086 3267 1142 Hebraico
3297 1084 3596 1140 volumine
3634 1084 3771 1139 scri-

2136 1183 2298 1249 ptum
2330 1181 2419 1233 est
2466 1195 2639 1233 NESCU
2700 1195 2830 1242 ΒΑΗ,
2861 1175 3105 1232 dixerim
3156 1175 3214 1229 in
3273 1173 3779 1230 Commentariolis

2135 1266 2280 1321 meis
2301 1268 2341 1334 ²,
2375 1266 2606 1322 Adorale
2633 1267 2836 1336 ﬁlium.
2871 1266 2938 1320 Et
2967 1280 3202 1319 rursum
3232 1279 3406 1318 omne
3426 1262 3775 1318 Psalterium

2133 1355 2191 1410 in
2225 1355 2556 1410 Romanum
2596 1359 2828 1410 vertens
2858 1369 3093 1421 sonum,
3125 1352 3297 1424 quasi
3339 1351 3651 1407 immemor
3678 1365 3775 1406 ex-

2132 1443 2440 1516 positionis
2471 1445 2720 1516 antiquae
2766 1443 3084 1515 posuerim,
3119 1442 3362 1497 Adoraie
3380 1455 3520 1512 pure
3551 1461 3570 1507 ;
3623 1441 3778 1512 quod

2132 1533 2334 1604 utique
2366 1533 2475 1588 sibi
2506 1549 2634 1588 esse
2665 1533 3024 1588 contrarium
3055 1531 3334 1586 omnibus
3365 1533 3543 1602 patet.
3575 1530 3642 1584 Et
3688 1545 3777 1587 rc-

2129 1639 2264 1678 vera
2293 1622 2717 1694 ignoscendum
2749 1626 2835 1677 est
2857 1622 2933 1690 ei,
2956 1620 3005 1675 si
3037 1620 3266 1692 ignoret
3291 1619 3506 1692 linguai
3538 1617 3778 1674 Hebrai-

2129 1729 2206 1766 σω
2227 1712 2553 1782 veritatem,
2589 1712 2687 1784 qui
2712 1711 3007 1767 interdum
3039 1716 3095 1766 et
3144 1711 3200 1765 in
3235 1710 3458 1766 Latinis
3513 1709 3764 1766 haesitat.

370 1805 429 1856 et
457 1798 590 1856 aliis
620 1799 730 1856 hoc
761 1801 1120 1868 conceditur,
1154 1804 1382 1872 oportet
1412 1800 1730 1873 aliquando
1760 1803 2018 1870 mentiri,
2049 1835 2095 1900 Β
2129 1801 2317 1856 Nsscu
2342 1803 2383 1867 ³,
2416 1808 2482 1856 ut
2509 1802 2744 1857 verbum
2808 1801 2879 1855 de
2919 1800 3094 1855 verbo
3151 1800 3515 1871 interpreter,
3547 1817 3773 1874 καταφι-

369 1889 459 1945 vel
490 1893 691 1944 contra
718 1888 938 1956 hostes,
969 1888 1055 1945 vel
1089 1905 1191 1961 pro
1226 1890 1412 1962 patria
1432 1893 1488 1945 et
1517 1890 1758 1946 civibus.
1779 1892 1861 1946 Ab
1885 1891 2017 1947 allls

370 1994 504 2034 vero
534 1978 636 2050 qui
662 1977 746 2032 uti
788 1977 1091 2033 mendacio
1149 1978 1440 2046 nesciunt,
1492 1979 1873 2035 auferendum
1927 1985 2016 2036 est

374 2083 548 2124 omne
579 2067 974 2123 mendacium.
1013 2090 1040 2115 ››
1067 2066 1344 2139 Origenes
1380 2086 1392 2123 :
1427 2091 1453 2117 ‹‹
1489 2068 1556 2122 Et
1586 2085 1692 2123 nos
1723 2069 1902 2140 igitur
1947 2069 2013 2124 il-

370 2155 486 2212 lius
508 2156 1137 2229 preceptimemoresw
1167 2156 1500 2228 Loquimini
1521 2156 1822 2212 veritatem
1838 2175 2015 2214 unus-

367 2245 618 2318 quisque
648 2261 782 2300 cum
823 2245 1088 2317 proximo
1120 2262 1226 2300 suo
1284 2245 1498 2317 (Ephes.
1559 2263 1633 2316 ιν,
1661 2247 1772 2313 25),
1810 2270 1835 2296 ››
1896 2265 2009 2303 non

365 2335 648 2390 debemus
677 2333 890 2403 dicere,
932 2334 1067 2406 quis
1128 2339 1217 2389 est
1268 2335 1570 2406 proximus
1628 2336 1851 2390 meus?
1908 2338 2009 2392 sed

363 2424 732 2480 considerare
763 2424 1057 2495 quomodo
1113 2423 1502 2496 philosophus
1532 2428 1699 2480 caute
1751 2425 1961 2481 dixerit
1993 2443 2005 2481 :

365 2514 476 2569 Deo
505 2512 782 2568 indecens
809 2517 868 2567 et
896 2511 1103 2567 inutile
1133 2529 1262 2568 esse
1304 2513 1699 2580 mendacium,
1757 2514 2009 2571 homini-

359 2603 472 2657 bus
500 2601 797 2657 interdum
826 2601 968 2656 utile
995 2619 1008 2669 ;
1058 2605 1116 2656 et
1145 2603 1298 2673 quod
1333 2618 1404 2658 ne
1437 2620 1539 2675 pro
1571 2604 2009 2674 dispensatione

361 2691 600 2762 quidem
631 2691 933 2762 putandus
963 2690 1039 2745 sit
1069 2690 1224 2746 Deus
1256 2690 1571 2762 aliquando
1612 2694 1865 2748 mentiri.
1901 2694 2000 2749 Sin

359 2784 558 2835 autem
589 2779 963 2834 commodum
986 2778 1278 2834 audientis
1305 2780 1577 2851 exegerit,
1599 2782 1788 2836 verbis
1814 2781 2002 2854 loqui-

357 2872 456 2924 tur
481 2867 776 2940 ambiguis
806 2872 862 2922 et
892 2884 994 2939 per
1023 2867 1336 2939 aenigmata
1365 2885 1492 2940 quae
1523 2868 1642 2923 vult
1681 2871 1919 2940 profert,
1942 2877 2007 2927 ut

355 2961 413 3014 et
433 2958 692 3014 veritatis
722 2958 876 3030 apud
901 2974 1038 3014 eum
1053 2957 1308 3030 dignitas
1331 2962 1706 3014 conservetur
1731 2977 1743 3026 ;
1769 2964 1826 3014 et
1848 2961 2002 3031 quod

357 3047 596 3103 noxium
627 3063 757 3103 esse
788 3051 1035 3118 poterat,
1071 3046 1117 3102 si
1145 3047 1372 3102 nudum
1408 3047 1764 3118 proferretur
1792 3048 1849 3103 in
1873 3049 2002 3104 vul-

2129 1889 2353 1958 λὴσατε,
2381 1891 2435 1946 id
2468 1895 2575 1957 est,
2609 1891 3006 1946 deosculamini
3033 1889 3248 1945 dicitur
3275 1907 3288 1944 :
3324 1889 3474 1961 quod
3506 1904 3612 1959 ego
3661 1903 3772 1943 no-

2127 1978 2252 2034 lens
2282 1979 2598 2034 transferre
2627 1979 2851 2050 putide,
2873 1994 3114 2034 sensum
3148 1978 3336 2049 magis
3354 1981 3587 2034 secutus
3609 1993 3766 2044 sum,

2131 2072 2196 2122 ut
2223 2068 2499 2133 dicerem,
2532 2069 2775 2124 adorate.
2809 2069 2955 2133 Quia
2985 2067 3140 2123 enim
3165 2066 3264 2138 qui
3295 2067 3540 2122 adorant
3578 2068 3771 2122 solent

2121 2155 2447 2213 deosculari
2479 2173 2743 2224 manum,
2778 2160 2834 2211 et
2864 2156 3055 2228 capita
3093 2156 3436 2212 submittere
3469 2155 3647 2226 (quod
3703 2167 3771 2212 se

2124 2247 2332 2302 beatus
2359 2247 2469 2302 Job
2502 2245 2810 2302 elementis
2841 2249 2897 2300 et
2915 2245 3092 2301 idolis
3123 2247 3329 2302 fecisse
3351 2249 3546 2317 negat,
3571 2245 3772 2300 dicens

2121 2336 2260 2407 (cap.
2287 2353 2442 2404 xxxi,
2472 2338 2562 2400 27,
2593 2335 2684 2405 28)
2720 2351 2732 2389 :
2776 2355 2802 2387 α
2831 2335 2889 2389 Si
2914 2333 3031 2389 vidi
3051 2333 3232 2390 solem
3258 2350 3391 2389 cum
3416 2332 3686 2406 fulgeret,
3710 2338 3770 2390 et

2116 2423 2319 2479 lunam
2343 2424 2706 2479 incedentem
2737 2422 2890 2478 clare
2919 2439 2930 2476 :
2967 2428 3023 2478 et
3043 2421 3299 2478 laetatum
3323 2421 3490 2478 estin
3516 2421 3767 2479 abscon-

2118 2513 2239 2568 dito
2263 2529 2360 2569 cor
2381 2529 2600 2581 meum,
2627 2511 2997 2568 etosculatus
3019 2527 3152 2568 sum
3185 2527 3427 2566 manum
3451 2527 3645 2567 meam
3667 2527 3766 2569 ore

2119 2619 2269 2668 meo,
2295 2619 2422 2674 quae
2445 2601 2727 2673 iniquitas
2751 2601 3008 2656 maxima
3054 2605 3162 2670 est,
3187 2605 3245 2656 et
3282 2600 3513 2672 negatio
3563 2605 3766 2656 contra

2117 2691 2300 2746 Deum
2326 2691 2685 2746 altissimum
2723 2691 2875 2762 »),et
2896 2690 3117 2746 Hebraei
3161 2691 3330 2760 juxta
3379 2689 3593 2762 linguae
3646 2705 3764 2744 sum

2117 2779 2550 2851 proprietatem,
2575 2777 3078 2834 deosculationem
3111 2795 3214 2851 pro
3253 2777 3628 2834 veneratione
3657 2795 3766 2850 po-

2113 2873 2282 2934 nunt,
2307 2868 2364 2922 id
2412 2866 2709 2937 transtuli,
2733 2867 2888 2938 quod
2943 2867 3053 2939 ipsi
3115 2865 3476 2939 intelligunt,
3503 2883 3757 2939 quorum

2111 2956 2354 3012 verbum
2369 2961 2477 3013 est.
2504 2957 2625 3012 Bas
2646 2960 2840 3012 autem
2863 2956 3018 3028 apud
3042 2955 3172 3012 illos
3196 2956 3425 3011 diversa
3446 2955 3762 3028 significat.

2115 3045 2343 3100 Dicitur
2362 3045 2519 3101 enim
2562 3050 2620 3101 et
2639 3046 2896 3116 ﬁlius,ul
2923 3049 3012 3100 est
3061 3044 3246 3100 illud:
3299 3045 3568 3116 Barjona,
3612 3045 3764 3116 ﬁlius

355 3151 490 3207 gus,
523 3136 779 3207 quodam
826 3139 1044 3191 tectum
1074 3135 1362 3191 velamine
1421 3136 1766 3207 proferatur.
1821 3137 2003 3194 Homo
2052 3205 2061 3207 _
2112 3135 2398 3201 columbae,
2426 3139 2483 3190 et
2505 3135 2986 3201 Bartholomzeus,
3013 3136 3166 3205 ﬁlius
3198 3135 3514 3192 Tholomaei.
3540 3138 3599 3190 et
3654 3134 3760 3190 Ba-

357 3205 575 3292 autem‘,
609 3223 702 3278 cui
726 3223 1015 3278 incumbit
1037 3224 1357 3279 necessitas
1389 3205 1734 3291 mentiendi,
1757 3225 2003 3299 diligen-
2036 3205 2076 3272 (ἶ
2115 3223 2316 3278 chiesu
2339 3225 2379 3287 ‘,
2407 3229 2465 3278 et
2486 3223 2788 3278 Barrabas.
2814 3224 3075 3278 Triticum
3103 3239 3360 3295 quoque,
3378 3228 3435 3278 et
3484 3226 3764 3295 spicarum

358 3315 450 3368 ter
479 3310 760 3375 attendat,
784 3310 952 3366 utsic
969 3315 1170 3366 utatur
1193 3312 1486 3367 interdum
1520 3314 1842 3382 mendacio,
1867 3333 2008 3387 quo-

359 3400 533 3456 modo
566 3399 945 3456 condimento
971 3403 1146 3472 atque
1179 3399 1569 3457 medicamine
1596 3405 1608 3436 ι
1652 3421 1664 3470 ;
1698 3411 1761 3457 ut
1819 3409 2006 3461 servet

357 3504 698 3545 mensuram
721 3489 871 3560 ejus,
897 3505 968 3544 ne
1007 3490 1245 3544 excedat
1265 3490 1572 3556 terminos,
1631 3493 1848 3562 quibus
1899 3511 2005 3549 usa

355 3581 446 3634 est
470 3577 675 3635 Judith
709 3583 914 3634 contra
943 3577 1336 3644 Holofernem,
1369 3583 1426 3634 et
1481 3579 1617 3635 vicit
1674 3598 1806 3636 cum
1865 3600 2001 3654 pru-

353 3667 512 3722 denti
541 3665 920 3722 simulatione
952 3667 1285 3723 verborum.
1318 3667 1585 3724 Imitetur
1614 3669 1838 3739 Esther,
1875 3689 2000 3744 quae

349 3755 678 3812 Artaxerxis
708 3757 1059 3812 sententiam
1085 3756 1373 3812 diutaeita
1404 3758 1596 3830 gentis
1616 3759 1856 3815 veritate
1875 3777 2000 3816 cor-

351 3843 515 3900 rexit.
551 3843 618 3899 Et
648 3843 707 3898 in
740 3845 947 3916 primis
978 3844 1373 3916 patriarcham
1408 3847 1559 3901 415
1591 3847 1790 3914 Jacob,
1824 3865 2000 3920 quem

347 3930 602 4004 legimus
645 3932 1087 3989 benedictiones
1147 3934 1328 4005 patris
1381 3934 1591 3990 artifici
1651 3936 2001 4008 impetrasse

349 4020 673 4076 mendacio.
711 4021 790 4075 Ex
820 4037 935 4092 quo
967 4023 1342 4094 perspicuum
1376 4028 1484 4093 est,
1517 4027 1670 4096 quod
1741 4027 1854 4082 nisi
1918 4028 2000 4082 ita

349 4108 585 4164 mentiti
617 4109 995 4178 fuerimus,ut
1024 4127 1306 4182 magnum
1330 4112 1499 4168 nobis
1529 4129 1596 4168 ex
1618 4114 1726 4169 hoc
1759 4115 1995 4187 aliquod

349 4201 648 4269 quaeratur
687 4198 1244 4271 bonum,judicandi
1291 4201 1502 4267 simus,
1552 4203 1720 4274 quasi
1771 4204 1992 4258 inimici

345 4287 497 4358 ejus,
517 4287 620 4359 qui
640 4288 761 4344 ait:
795 4312 815 4337 ε
842 4289 960 4361 Ego
978 4305 1110 4344 sum
1146 4290 1360 4344 veritas
1416 4293 1598 4358 (Joan.
1624 4292 1834 4361 x1v,6).
1865 4314 1891 4341 »
1928 4324 1995 4332 —

342 4374 473 4431 Hac
499 4376 767 4450 Origines
791 4378 1043 4449 scripsit,
1071 4394 1281 4449 negare
1303 4395 1416 4434 non
1443 4395 1759 4451 possumus
1783 4397 1795 4434 :
1816 4381 1995 4453 scrip-

343 4464 493 4519 sitin
517 4465 860 4536 libris,quos
881 4466 952 4520 ad
972 4467 1258 4537 perfectos
1279 4470 1335 4521 et
1353 4467 1422 4521 ad
1448 4467 1770 4538 discipulos
1790 4467 1992 4539 loque-

2111 3313 2428 3381 fasciculus,
2462 3317 2519 3368 et
2534 3313 2752 3377 electus,
2777 3315 2870 3368 47
2885 3313 2933 3368 6
2950 3329 3016 3368 ac
3041 3329 3235 3384 purus.
3259 3313 3409 3379 Quid
3431 3311 3611 3385 igitur
3626 3328 3759 3385 pec-

2112 3401 2256 3467 cavi,
2278 3402 2326 3457 si
2348 3401 2592 3457 verbum
2629 3401 2975 3473 ambiguum
2998 3401 3226 3457 diversa
3283 3401 3760 3474 interpretatione

2112 3490 2412 3546 converti?
2432 3495 2489 3546 et
2513 3491 2612 3562 qui
2635 3490 2692 3546 in
2721 3491 3248 3560 Commentariolis,
3269 3491 3368 3546 ubi
3393 3491 3629 3547 libertas
3667 3495 3757 3546 est

2113 3580 2464 3646 disserendi,
2491 3581 3000 3648 dixeram,adorale
3019 3581 3236 3651 ﬁlium;
3264 3582 3321 3635 in
3347 3581 3476 3652 ipso
3498 3596 3759 3653 corpore,

2117 3685 2188 3722 ne
2218 3667 2513 3725 violentus
2543 3671 2773 3726 viderer
2795 3670 3178 3741 interpres,et
3235 3669 3492 3726 Judaicaa
3547 3668 3768 3726 calum-

2113 3758 2221 3813 niae
2251 3757 2442 3814 locum
2469 3759 2692 3824 darem,
2725 3758 2998 3827 dixerim,
3032 3759 3255 3814 adorate
3279 3777 3437 3831 pure,
3470 3760 3590 3814 sive
3647 3759 3760 3815 ele-

2111 3849 2189 3900 cte
2223 3864 2234 3901 :
2272 3847 2427 3919 quod
2458 3847 2668 3918 Aquila
2697 3863 2930 3919 quoque
2960 3851 3017 3902 et
3060 3847 3445 3920 Symmachus
3499 3852 3760 3903 transtu-

2109 3934 2323 3991 lerunt.
2359 3936 2504 4000 Quid
2544 3953 2680 4008 ergo
2731 3935 3136 3992 ecclesiastica:
3169 3937 3304 3992 fidei
3352 3940 3536 4002 nocet,
3567 3935 3618 3992 si
3649 3937 3760 3992 do-

2108 4028 2309 4079 ceatur
2334 4023 2532 4092 lector,
2566 4030 2710 4096 quot
2733 4025 2924 4080 modis
2954 4026 3109 4096 apud
3140 4024 3409 4081 Hebraeos
3441 4041 3596 4080 unus
3627 4040 3758 4080 ver-

2106 4113 2328 4168 siculus
2353 4112 2697 4185 explanetur
2727 4115 2755 4169 Ῡ

2176 4203 2264 4256 20.
2290 4201 2542 4271 Originis
2571 4217 2801 4257 errores.
2839 4233 2903 4243 —
2935 4201 3168 4276 Origeni
3199 4208 3300 4260 tuo
3333 4203 3754 4280 licettractare

2104 4290 2174 4344 de
2211 4290 3135 4364 μετεμψυχώσει,ἱηιιιιηιονειὶιίιθε
3177 4293 3431 4350 mundos
3480 4293 3752 4349 introdu-

2105 4395 2256 4443 cere,
2279 4387 2337 4435 et
2367 4379 2746 4436 rationabiles
2768 4385 3066 4437 creaturas
3091 4381 3222 4437 aliis
3265 4387 3440 4454 atque
3487 4382 3621 4438 aliis
3650 4398 3753 4438 ve-

2107 4469 2245 4524 stire
2270 4469 2633 4541 corporibus,
2657 4469 3072 4543 Christumque
3104 4471 3294 4527 dicere
3317 4489 3466 4544 szepe
3487 4487 3752 4544 passum,

342 4551 858 4624 betur:docetque
892 4554 1190 4626 magistris
1224 4554 1648 4625 mentiendum,
1673 4557 1992 4630 discipulos
2023 4571 2069 4636 ι)
2101 4563 2158 4614 et
2185 4560 2396 4630 saepius
2418 4574 2755 4630 passurum,
2780 4564 2844 4614 ut
2887 4561 3042 4632 quod
3089 4560 3270 4616 semel
3323 4561 3564 4633 profuit,
3595 4575 3751 4616 sem-

341 4643 537 4697 autem
563 4655 677 4696 non
703 4641 911 4698 debere
927 4643 1186 4700 mentiri.
1213 4644 1472 4718 Quiergo
1503 4645 1649 4702 bene
1680 4647 1983 4719 mentitur,

405 4969 422 5006 ί
453 4970 664 5044 Confer
693 4987 828 5026 cum
858 4968 952 5026 his
985 4984 1112 5043 qua;
1145 4966 1320 5027 habet
1344 4970 1402 5028 in
1435 4969 1745 5044 epistolam
1778 4974 1849 5032 ad
1873 4981 1981 5034 Ga-

333 5039 505 5110 latas,
539 5043 641 5097 lib.
688 5060 728 5114 ι,
771 5059 900 5114 cap.
960 5039 1066 5114 2'7:
1133 5044 1327 5099 Utilem
1373 5039 1810 5114 szniulationem,
1872 5055 1980 5106 etc.

333 5113 476 5168 Item
507 5129 642 5168 cum
671 5113 966 5170 Clemente
994 5113 1384 5170 Alexandrino
1414 5115 1515 5171 lib.
1551 5135 1651 5181 vn,
1686 5117 1809 5174 730.
1845 5122 1980 5176 Cas-

333 5184 536 5238 sianus
563 5200 690 5254 cap.
722 5185 788 5239 l7
821 5201 834 5239 :
871 5209 897 5236 ‹‹
927 5185 1088 5248 Quod
1121 5187 1424 5241 venialiter
1455 5189 1763 5244 mendacio
1791 5196 1979 5250 sancti

333 5259 619 5313 tanquam
640 5253 900 5312 elleboro
943 5257 1032 5313 usi
1064 5262 1222 5312 sunt.
1259 5280 1285 5307 ››

401 5326 422 5359 ³
451 5325 765 5404 Vi_de_t_om.
792 5332 823 5404 ξ
855 5328 912 5382 in
947 5328 1283 5404 Praefatione
1332 5330 1612 5402 generali,
1649 5349 1777 5404 quae
1832 5333 1975 5389 dixi-

331 5413 466 5453 mus
496 5397 568 5452 de
599 5397 755 5453 hisce
785 5399 1315 5455 Commentariolis.

397 5470 419 5503 ³
451 5469 810 5541 Praepostere
829 5468 969 5541 legit
1026 5469 1398 5528 Martianaeus
1459 5472 1543 5528 sic
1603 5475 1836 5530 Ilwsitat
1869 5491 1881 5528 :
1917 5481 1974 5530 ut

321 5542 497 5598 Nescu
525 5540 750 5596 verbum
778 5540 843 5595 de
870 5540 1034 5596 uerbo
1062 5541 1408 5667 inwifreter,
1443 5550 1552 5600 etc.
1588 5545 1766 5601 Paulo
1821 5546 1974 5602 infra
2083 5565 2182 5603 cor
2231 5564 2296 5601 us
2352 5546 2613 5601 circnma
2653 5546 2834 5616 imus,
2869 5571 2894 5595 ››

321 5629 492 5667 voces
521 5621 572 5667 et
600 5613 762 5667 idolis
789 5613 940 5667 anud
977 5611 1121 5667 alios
1217 5614 1588 5667 esiderantur
1615 5635 1628 5667 ε
1688 5621 1968 5667 caeterum
2152 5565 2492 5667 ‘R’iclnrius
2517 5562 2728 5667 mlﬁlii.
2759 5620 2894 5667 Rari.

1217 5631 1628 5669 CSIGOPRHLUPI
1688 5631 1970 5669 cmterum
2152 5631 2172 5652 ⁵
2209 5631 2239 5669 ν

320 5629 492 5694 voces
521 5621 572 5669 et
600 5613 768 5694 idolis
789 5613 940 5694 apud
977 5611 1133 5694 alios.
1176 5611 1628 5694 desiderantur;
1688 5621 1970 5694 caeterum

2101 4664 2201 4720 per
2249 4647 2434 4720 prosit
2462 4654 2838 4721 assumptum
2873 4667 2885 4705 :
2927 4649 3033 4705 tibi
3065 4666 3299 4722 quoque
3352 4651 3477 4724 ipse
3525 4654 3753 4707 tantam

2095 4973 2582 5050 signiaexempla
2612 4981 2752 5050 sunt
2795 4972 2867 5050 IIl
2900 4975 3124 5050 [legum
3182 4991 3308 5050 cap.
3364 4992 3487 5050 xix,
3548 4976 3744 5035 Eccle-

2094 5049 2312 5104 siastici
2346 5048 2660 5120 caprxix.
2694 5048 2856 5112 Quod
2891 5048 3278 5120 Hieronymus
3307 5049 3492 5114 addit,
3533 5051 3744 5120 adora-

2093 5125 2255 5192 turos
2287 5119 2480 5192 capita
2510 5119 2876 5192 submittere,
2911 5119 3161 5192 explicat
3195 5121 3513 5192 Lampridii
3572 5119 3739 5192 locus

2091 5191 2162 5246 de
2191 5189 2532 5246 Alexandro.
2570 5191 2949 5245 Salutabalur
2980 5189 3214 5247 nomine
3248 5189 3356 5246 hoc
3401 5212 3421 5240 α
3455 5198 3592 5259 Ave,
3615 5189 3748 5247 Ale-

2090 5263 2421 5343 xander_..S_i
2455 5262 2586 5343 quis
2615 5266 2808 5343 caput.
2832 5261 3243 5343 flexisset,__aut
3295 5263 3573 5343 blandius
3599 5333 3609 5343 .
3631 5261 3742 5319 ali-

2089 5334 2231 5407 quid
2289 5334 2550 5407 dixisset,
2584 5333 2988 5407 abjiciebatur.
3018 5357 3071 5407 _»A
3102 5334 3322 5407 Nempe
3379 5333 3613 5390 adorari
3669 5350 3734 5407 se

2087 5403 2409 5479 Alexander
2428 5409 2716 5479 vetuerat.
2740 5403 2981 5479 Plinius,
3003 5405 3115 5479 _lib.
3141 5403 3348 5479 xxviii,
3368 5423 3494 5479 cap.
3518 5410 3554 5461 2
3587 5423 3651 5461 :u
3675 5405 3740 5461 In

2086 5476 2380 5531 adorando
2413 5475 2707 5530 dexteram
2753 5477 2822 5531 ad
2855 5476 3124 5532 osculum
3185 5475 3516 5545 referimus,
3547 5481 3740 5532 totum

2936 5554 3047 5603 etc.

2152 5621 2172 5652 ⁸
2190 5617 2492 5690 Victorius
2517 5617 2728 5674 maluit
2756 5619 3016 5690 Barjehu,
3042 5623 3099 5674 et
3125 5619 3274 5676 falso
3296 5620 3354 5675 in
3377 5619 3512 5675 aliis
3536 5636 3739 5678 exem-

319 5684 514 5744 locum
545 5683 878 5758 parenthesi
917 5683 1298 5750 includimus,
1329 5696 1383 5742 et
1432 5693 1796 5814 punctorum
1829 5690 1969 5746 vitio
2080 5689 2343 5762 plaribus
2417 5691 2674 5756 Bariesus
2727 5691 2839 5762 legi
2861 5683 2876 5690 ⁷
2900 5683 3217 5747 contendit.
3278 5692 3385 5746 Pro
3459 5694 3741 5749 Barraba:

319 5757 682 5814 laborantem
712 5756 1120 5814 emendamus.
1154 5756 1235 5814 De
1265 5755 1366 5814 illo
1395 5773 1430 5814 a
1475 5758 1678 5814 orandi
1708 5759 1825 5814 ritu
1876 5759 1968 5814 in-
2080 5761 2664 5814 auoaueJecendum
2684 5765 2850 5814 nutat
2875 5762 2965 5814 vel
2984 5762 3392 5814 Barnabasmel
3417 5762 3738 5814 Barnabas.

317 5755 682 5840 laborantem
712 5756 1120 5816 emendamus.
1154 5756 1235 5816 De
1265 5755 1366 5815 illo
1395 5755 1678 5816 adorandi
1708 5759 1825 5819 ritu
1876 5759 1968 5818 in-

2080 5761 2332 5840 quoque,
2349 5761 2664 5838 legendum
2682 5761 2850 5842 putat
2875 5762 2965 5822 vel
2983 5762 3392 5832 Barnabaswel
3417 5762 3601 5825 Barza
3613 5762 3738 5844 bas,
