4110 6162
256 236 379 310 188

1474 234 1815 309 CONTRA‘
1832 236 2199 306 RUFINUM‘
2238 238 2386 306 LIB.
2416 230 2481 306 el.

3560 241 3683 309 su

255 374 521 437 assumis
548 375 986 448 auctoritatem,
1017 382 1082 436 ut
1137 378 1209 436 de
1252 378 1520 435 haeretico
1577 382 1914 450 martyrem,
1947 376 2004 442 Α
2032 378 2402 435 referremus.
2435 376 3020 450 Deniquediximus:
3061 395 3083 429 ι
3116 377 3287 447 Quod
3327 382 3522 438 autem
3559 378 3683 438 elec

256 466 802 539 deOrigenislibris
820 468 1222 525 haereticorum
1264 468 1553 524 adulteria
1591 467 1914 525 mentiaris:

254 556 399 613 mihi
432 574 556 612 non
587 556 787 613 licebit
844 559 1144 629 disputare
1174 559 1244 613 de
1293 558 1507 621 verbis,
1543 562 1600 613 et
1628 558 1688 611 in
1748 556 1915 613 Com-

254 646 688 702 mentariorum
724 663 898 718 opere
930 647 1168 702 Latinos
1201 648 1429 715 docere,
1463 647 1619 718 quod
1679 647 1749 702 ab
1809 647 1916 701 He-

254 734 436 789 braeis
469 733 691 789 didici?
724 734 847 789 Nisi
878 735 1036 789 enim
1080 740 1138 790 et
1185 735 1475 807 prolixum
1526 740 1700 801 esset,
1732 740 1790 791 et
1830 753 1916 792 re-

261 822 493 878 doleret
515 821 843 895 gloriolam,
860 825 986 895 jam
1020 841 1176 879 nunc
1200 824 1306 880 tibi
1347 826 1738 893 ostenderem,
1774 825 1916 896 quid

267 910 534 968 utilitatis
550 912 767 967 habeat
789 913 1209 984 magistrorum
1236 913 1457 983 ,limina
1486 920 1691 981 terere,
1737 919 1792 969 et
1830 931 1916 969 ar-

264 1004 372 1056 tem
404 1000 479 1055 ab
510 1001 845 1056 artiﬁcibus
878 1003 1138 1058 discere:
1176 1008 1234 1058 et
1264 1002 1491 1058 videres
1514 1007 1736 1075 quanta
1770 1004 1916 1058 silva

257 1090 329 1145 sit
370 1090 534 1161 apud
589 1090 862 1145 Hebraeos
910 1091 1324 1164 ambiguorum
1374 1093 1681 1148 nominum
1739 1099 1915 1163 atque

247 1179 589 1234 verborum.
616 1181 753 1245 Quae
799 1196 891 1234 res
940 1180 1179 1236 diversae
1212 1182 1675 1254 interpretationi
1728 1188 1913 1237 mate-

247 1268 392 1323 riam
413 1268 711 1340 prabuit:
741 1268 883 1323 dum
920 1270 1328 1342 unusquisque
1356 1271 1509 1325 inter
1532 1271 1731 1337 dubia,
1757 1272 1911 1343 quod

243 1357 355 1413 sibi
377 1358 988 1428 consequentius[Al.
1031 1360 1495 1431 convenientius]
1532 1359 1778 1425 videtur,
1804 1360 1912 1415 hoc

240 1446 553 1502 transfert.
582 1446 735 1510 Quid
784 1448 857 1501 ad
919 1447 1229 1521 peregrina
1281 1454 1339 1503 te
1393 1449 1611 1504 mitto?
1668 1450 1911 1505 Revolve

239 1534 651 1603 Aristotelem,
700 1540 755 1590 et
796 1536 1195 1592 Alexandrum
1228 1538 1559 1595 Aristotelis
1610 1538 1909 1595 volumina

242 1624 690 1691 disserentem;
738 1629 795 1680 et
839 1630 1062 1696 quanta
1110 1627 1524 1699 ambiguorum
1585 1628 1663 1683 sit
1718 1629 1904 1700 copia,

2030 471 2152 523 ctos
2184 485 2310 534 nos,
2344 472 2409 523 ut
2438 485 2703 525 essemus
2733 469 2919 525 sancti
2947 473 3004 524 et
3052 469 3414 527 immaculati
3474 488 3673 529 coram

2029 557 2180 628 ipso,
2212 557 2322 613 hoc
2351 561 2458 623 est,
2493 558 2629 626 Deo,
2664 562 2796 613 ante
2828 557 3106 614 fabricam
3142 560 3367 624 mundi,
3424 563 3675 617 testatus

2028 650 2135 712 est,
2161 646 2231 701 ad
2258 646 2686 717 praescientiam
2718 647 2821 703 Dei
2845 648 3115 718 pertinet,
3139 649 3232 703 cui
3259 648 3457 705 omnia
3476 650 3677 709 futura

2018 737 2146 806 jam
2179 736 2329 790 facta
2359 740 2515 803 sunt,
2549 740 2606 791 et
2632 741 2946 808 antequam
3010 737 3152 793 ﬁant
3206 736 3479 794 universa
3532 743 3677 795 sunt

2028 828 2185 880 nota.
2219 825 2383 880 Sicut
2407 830 2464 880 et
2494 825 2711 881 Paulus
2742 826 2867 897 ipse
2915 825 3365 897 praedestinatur
3399 826 3459 882 in
3502 832 3665 885 utero

2028 915 2416 982 matrissuae;
2453 918 2509 970 et
2564 915 2849 971 Jeremias
2905 914 2965 970 in
3025 914 3196 971 vulva
3254 916 3676 984 sanctiﬁcatur,

2025 1002 2277 1074 eligitur,
2312 1004 2639 1069 roboratur,
2686 1007 2743 1057 et
2802 1003 2860 1057 in
2921 1007 3055 1075 typo
3116 1002 3332 1059 Christi
3390 1002 3675 1077 propheta

2024 1090 2298 1161 gentibus
2330 1090 2600 1144 mittitur.
2638 1112 2663 1139 ››
2699 1093 2860 1146 Certe
2890 1091 2948 1145 in
2980 1089 3336 1162 expositione
3368 1091 3482 1147 ista
3539 1091 3669 1148 nul-

2023 1178 2146 1234 lum
2178 1180 2398 1235 crimen
2427 1184 2547 1235 est:
2582 1184 2640 1234 et
2671 1179 2915 1252 Origene
2944 1179 3170 1235 dicente
3219 1180 3534 1247 contraria,
3566 1197 3675 1237 nos

2022 1268 2487 1325 ecclesiasticum
2518 1285 2760 1324 sensum
2793 1270 2977 1324 secuti
3009 1285 3237 1324 sumus.
3273 1269 3340 1323 Et
3358 1269 3672 1341 quiacom-

2024 1359 2371 1414 mentatoris
2401 1364 2489 1414 est
2518 1358 2800 1429 ofﬁcium,
2832 1356 3150 1413 multorum
3182 1357 3499 1414 sententias
3569 1374 3673 1429 po-

2023 1464 2178 1515 nere,
2212 1451 2268 1503 et
2297 1448 2405 1503 hoc
2438 1464 2530 1503 me
2562 1448 2855 1502 facturum
2888 1447 2946 1501 in
2995 1446 3337 1502 Praefatione
3380 1445 3674 1518 promise-

2022 1553 2171 1603 ram,
2203 1537 2376 1592 etiam
2408 1536 2699 1609 Origenis,
2734 1537 2956 1608 absque
2984 1535 3205 1591 invidia
3230 1535 3487 1591 nominis
3518 1536 3668 1606 ejus,

2019 1625 2485 1697 explanationem
2521 1626 2714 1697 posui,
2748 1625 2991 1682 dicens:
3025 1624 3180 1681 478
3212 1648 3240 1674 ‹‹
3288 1623 3455 1680 Alius
3513 1640 3672 1694 vero,

239 1729 448 1768 eorum
499 1713 753 1769 lectione
835 1729 1195 1785 cognosces:
1244 1721 1310 1771 ut
1382 1717 1620 1772 tandem
1670 1716 1907 1773 desinas
1940 1750 1988 1814 B
2022 1714 2122 1785 qui
2156 1715 2340 1770 Deum
2363 1717 2600 1785 justum
2634 1719 2881 1771 conatur
2909 1715 3235 1781 ostendere,
3268 1713 3423 1786 quod
3455 1729 3572 1770 non
3603 1730 3673 1769 ex

243 1802 510 1859 amicum
545 1809 719 1858 tuum
751 1803 811 1858 in
857 1820 924 1858 eo
973 1804 1417 1875 reprehendere,
1468 1806 1623 1876 quod
1684 1822 1754 1860 ne
1805 1822 1909 1877 per

242 1892 557 1947 somnium
590 1891 831 1963 quidem
864 1891 1182 1963 aliquando
1213 1892 1489 1949 didicisti.

319 1982 423 2034 21.
452 1980 815 2047 (lamentor,
849 1981 919 2036 ad
946 1982 1225 2054 Ephesios.
1275 2016 1341 2023 —
1374 1984 1486 2038 Sed
1539 1983 1678 2055 quia
1723 1983 1912 2038 Pauli-

254 2068 485 2123 nianus
516 2068 685 2124 frater
714 2085 886 2125 meus
934 2069 1003 2125 de
1034 2070 1486 2127 Commentariis
1523 2073 1593 2128 ad
1631 2071 1912 2143 Ephesios

252 2157 529 2229 quasdam
563 2158 630 2212 ab
680 2174 745 2212 eo
799 2158 1156 2230 reprehensa
1188 2162 1461 2228 narravit,
1505 2165 1562 2217 et
1604 2178 1792 2233 pauca
1843 2177 1913 2216 ex

242 2246 342 2302 his
373 2245 676 2302 memoriae
707 2248 971 2314 tradidit,
1019 2249 1285 2321 mihique
1328 2250 1455 2321 ipsa
1490 2250 1912 2307 demonstravit

237 2335 371 2399 loca
389 2351 512 2392 non
535 2336 723 2391 debeo
763 2336 1206 2409 subterfugere:
1250 2355 1563 2410 quaesoque
1606 2339 1905 2407 lectorem,

236 2425 379 2481 utsi
409 2423 660 2496 paululo
687 2425 742 2478 in
774 2426 1172 2497 proponendis
1211 2431 1267 2482 et
1303 2426 1600 2484 diluendis
1647 2428 1907 2484 crimini-

234 2515 351 2571 bus
397 2512 641 2586 longior
690 2513 875 2580 fuero,
929 2516 1265 2571 necessitati
1297 2517 1394 2571 det
1452 2519 1599 2573 477
1650 2518 1903 2576 veniam.

232 2604 361 2660 Non
396 2603 563 2658 enim
598 2602 851 2658 alterum
874 2620 1117 2671 accuso;
1167 2606 1269 2660 sed
1317 2622 1410 2661 me
1440 2606 1597 2661 nitor
1633 2606 1904 2661 defende-

231 2709 315 2759 re,
348 2696 406 2748 et
437 2692 741 2763 objectam
774 2691 1063 2748 haereseos
1107 2693 1464 2750 calumniam
1514 2695 1787 2751 refutare.
1842 2697 1904 2750 In

236 2780 576 2854 Epistulam
612 2780 774 2836 Pauli
805 2781 877 2835 ad
922 2781 1229 2853 Ephesios,
1278 2784 1389 2839 tria
1437 2783 1714 2856 Origenes
1754 2784 1903 2839 scri-

235 2871 354 2943 psit
381 2869 722 2926 volumina.
756 2869 1041 2942 Didymus
1100 2888 1331 2944 quoque
1389 2877 1447 2928 et
1504 2873 1902 2944 Apollinarius

235 2959 479 3033 propria
507 2956 805 3030 opuscula
833 2959 1162 3015 condidere.
1193 2962 1347 3025 Quos
1374 2977 1478 3034 ego
1508 2961 1596 3017 vel
1646 2964 1900 3019 transfe-

235 3065 394 3113 rens,
424 3048 521 3105 vel
556 3047 824 3112 imitans,
859 3048 1000 3118 quid
1031 3048 1090 3102 in
1122 3049 1365 3122 Prologo
1397 3051 1661 3121 ejusdem
1705 3051 1897 3122 operis

2023 1804 2361 1875 praeiudicio
2395 1804 2650 1859 scientiae
2682 1821 2822 1873 suae,
2855 1804 2957 1859 sed
2986 1819 3055 1858 ex
3087 1803 3295 1859 merito
3351 1802 3671 1859 electorum

2023 1908 2509 1965 unumquemque
2529 1892 2725 1965 eligat,
2744 1892 2886 1947 dicit
2906 1896 3038 1947 ante
3067 1892 3329 1948 visibiles
3350 1895 3669 1960 creaturas,

2023 1980 2254 2048 coelum,
2282 1985 2519 2048 terram,
2553 1981 2757 2049 maria,
2791 1986 2849 2037 et
2878 1981 3078 2037 omnia
3108 1998 3235 2053 quae
3266 1981 3326 2036 in
3366 1980 3450 2036 eis
3509 1985 3669 2046 sunt,

2021 2070 2204 2125 fuisse
2235 2070 2380 2126 alias
2411 2070 2732 2126 invisibiles
2763 2075 3082 2136 creaturas,
3109 2070 3169 2126 in
3203 2070 3419 2142 quibus
3458 2074 3514 2126 et
3543 2071 3670 2127 ani-

2021 2176 2169 2227 mas,
2204 2177 2331 2231 quae
2362 2161 2433 2216 ob
2466 2160 2753 2231 quasdam
2788 2176 2999 2215 causas
3036 2160 3145 2215 soli
3172 2161 3289 2216 Deo
3342 2164 3510 2215 notas
3568 2161 3668 2217 de-

2008 2248 2178 2318 jectae
2211 2249 2329 2303 sint
2360 2250 2657 2315 deorsum,
2687 2248 2746 2303 in
2776 2248 2985 2305 vallem
3022 2249 3196 2304 istam
3249 2247 3663 2319 lacrymarum,

2016 2337 2078 2391 in
2108 2337 2299 2392 locum
2332 2336 2668 2393 afflictionis
2699 2342 2755 2392 et
2784 2337 3268 2411 peregrinationis
3314 2339 3546 2402 nostra),
3604 2335 3665 2391 in

1969 2444 1975 2451 '
2017 2442 2131 2497 quo
2164 2430 2404 2481 sanctus
2436 2426 2791 2482 constitutus
2824 2426 3049 2494 orabat,
3082 2431 3145 2481 ut
3174 2426 3246 2481 ad
3287 2425 3485 2481 sedem
3543 2424 3663 2497 pri-

2016 2513 2231 2568 stinam
2266 2518 2667 2583 reverteretur,
2729 2513 2967 2570 dicens:
3028 2538 3056 2565 «
3115 2515 3239 2571 Heu
3297 2512 3463 2581 mihi,
3522 2513 3667 2585 quia

2013 2602 2302 2659 incolatus
2372 2619 2539 2659 meus
2588 2603 2968 2675 prolongatus
3026 2608 3150 2659 est:
3210 2602 3466 2659 habitavi
3525 2618 3661 2658 cum

2013 2691 2417 2759 habitantibus
2446 2692 2463 2728 ⁸
2496 2693 2698 2760 Cedar,
2732 2693 2985 2748 multum
3015 2693 3380 2765 peregrinata
3412 2694 3503 2747 est
3532 2691 3659 2747 ani-

2012 2796 2108 2835 ma
2139 2797 2270 2835 mea
2300 2781 2472 2852 (Psat.
2507 2798 2656 2852 cxix,
2686 2783 2762 2851 5).
2792 2803 2820 2831 »
2857 2782 2924 2836 Et
2978 2780 3333 2853 Apostolus:
3397 2803 3426 2831 «
3484 2778 3661 2836 Miser

2011 2884 2115 2940 ego
2148 2869 2343 2938 homo,
2377 2870 2509 2941 quis
2550 2886 2643 2925 me
2698 2870 2969 2926 liberabit
3022 2870 3092 2925 de
3148 2884 3390 2941 corpore
3444 2868 3657 2925 mortis

2009 2957 2189 3028 hujus
2216 2959 2393 3029 (Rom.
2428 2975 2528 3025 vu,
2559 2960 2650 3025 24)
2672 2959 2698 3012 ‘?
2733 2981 2759 3007 ››
2792 2963 2881 3026 Et,
2913 2981 2939 3008 «
2982 2956 3186 3015 Melius
3216 2961 3306 3014 est
3335 2956 3566 3023 reverti,
3598 2959 3657 3012 et

2009 3063 2137 3103 esse
2194 3064 2326 3102 cum
2388 3047 2616 3103 Christo
2673 3047 2938 3119 (Philipp.
3000 3065 3039 3117 1,
3092 3048 3204 3118 23).
3265 3070 3286 3098 ι
3358 3046 3427 3102 Et
3471 3044 3651 3101 alibi:

234 3136 607 3209 scripserim,
638 3135 994 3205 subjiciam:
1031 3158 1057 3189 α
1080 3136 1227 3192 Illud
1274 3119 1508 3211 quoque
1566 3141 1623 3195 in
1680 3119 1896 3195 Praefa-
1926 3119 1967 3185 (ἶ
2008 3157 2037 3185 ‹‹
2069 3138 2399 3207 Antequam
2456 3134 2817 3205 humiliarer,
2843 3152 2948 3207 ego
2979 3134 3209 3208 peccavi
3247 3135 3421 3207 (Psal.
3454 3149 3648 3199 cxvm,

234 3226 393 3283 tione
425 3240 799 3291 commoneo,
851 3228 915 3278 ut
944 3225 1143 3281 sciatis
1202 3226 1508 3299 Origenem
1568 3227 1680 3284 tria
1729 3229 1897 3285 volu-
2003 3224 2116 3296 67),
2153 3246 2180 3273 »

2213 3230 2271 3280 et
2300 3228 2504 3279 caetera
2532 3224 2626 3280 his
2657 3224 2894 3293 similia,
2929 3241 3056 3296 quae
3088 3224 3329 3297 longum
3362 3227 3451 3280 est
3505 3222 3650 3278 scri-

238 3316 406 3371 mina
426 3314 490 3368 in
519 3313 675 3369 hanc
697 3312 1023 3383 Epistolam
1042 3316 1482 3387 conscripsisse,
1508 3334 1682 3389 quem
1704 3322 1761 3373 et
1791 3336 1898 3374 nos
2006 3313 2162 3369 bere.
2191 3336 2219 3363 »
2252 3314 2660 3369 Animadverte
2721 3314 2863 3385 quid
2922 3314 3167 3369 dixerim
3192 3330 3205 3368 :
3267 3312 3436 3370 Alius
3490 3327 3648 3379 vero,

240 3418 315 3458 ex
367 3406 539 3474 parte
594 3402 777 3457 secuti
840 3418 1089 3457 sumus:
1152 3403 1579 3467 Apollinarium
1637 3406 1901 3463 etiamet

251 3492 573 3561 Didymum
601 3490 881 3559 quosdam
912 3490 1432 3548 Commentariolos
1482 3493 1757 3551 edidisse.
1822 3496 1902 3550 Ex

257 3578 485 3650 quibus
509 3576 644 3632 licet
672 3594 864 3649 pauca,
900 3578 1303 3651 decerpsimus
1323 3598 1343 3641 ;
1374 3587 1431 3636 et
1460 3581 1742 3638 nonnulla
1772 3599 1902 3654 quae

258 3666 432 3724 nobis
482 3665 838 3733 videbantur,
900 3668 1225 3737 adjecimus
1285 3669 1405 3725 sive
1463 3671 1900 3727 subtraximus:

249 3762 315 3813 ut
345 3754 653 3813 studiosus
684 3758 884 3812 statim
914 3757 974 3811 in
1016 3756 1302 3829 principio
1362 3757 1543 3813 lector
1600 3765 1903 3831 agnoscat,

252 3847 359 3903 hoc
390 3862 548 3918 opus
577 3844 667 3899 vel
702 3846 960 3901 alienum
992 3861 1141 3913 esse,
1174 3846 1259 3902 vel
1310 3851 1577 3902 nostrum
1609 3848 1905 3917 (Prologus

253 3935 557 3990 Cemnwnt.
593 3936 655 3987 in
685 3934 855 4004 Epist.
882 3933 957 3989 ad
988 3935 1182 4005 Ephes.
1221 3936 1236 4005 )
1266 3956 1293 3983 »
1326 3935 1620 4007 Quidquid
1656 3952 1791 4009 ergo
1844 3937 1904 3992 in

250 4023 669 4095 explanatione
697 4022 878 4093 hujus
909 4023 1179 4095 Epistolas
1205 4022 1327 4078 vitii
1359 4025 1613 4096 potuerit
1665 4026 1905 4082 demon-

250 4112 447 4177 strari,
475 4112 527 4167 si
583 4127 694 4183 ego
737 4110 880 4167 illud
913 4111 971 4167 in
1003 4112 1221 4167 Graecis
1275 4112 1695 4185 voluminibus,
1754 4116 1909 4171 unde

250 4200 320 4259 in
345 4201 629 4257 Latinum
662 4200 907 4255 vertisse
948 4216 1040 4256 me
1080 4200 1221 4266 dixi,
1280 4202 1583 4257 ostendere
1636 4219 1752 4259 non
1807 4220 1905 4275 po-

253 4293 443 4354 tuere,
501 4288 732 4344 crimen
790 4304 1127 4359 agnoscam,
1187 4294 1243 4343 et
1300 4306 1497 4345 meum
1559 4291 1689 4358 erit,
1753 4293 1908 4363 quod

252 4377 517 4435 alienum
544 4394 663 4433 non
688 4377 882 4432 fuerit.
914 4381 1134 4433 Tamen
1178 4394 1250 4433 ne
1298 4395 1505 4435 rursus
1561 4380 1758 4436 videar
1816 4398 1909 4437 oa-

2009 3402 2111 3473 qui
2143 3402 2328 3457 Deum
2351 3402 2581 3472 justum
2614 3407 2860 3457 conatur
2889 3402 3228 3459 ostendere:
3263 3405 3507 3457 conatur
3559 3416 3653 3455 os-

2008 3491 2264 3557 tendere,
2306 3490 2572 3562 inquam,
2608 3508 2723 3545 non
2757 3491 3035 3547 ostendit.
3100 3490 3161 3545 Si
3215 3493 3410 3545 autem
3469 3488 3529 3543 in
3589 3503 3657 3543 eo

2011 3577 2356 3633 scandalum
2389 3579 2626 3650 pateris,
2660 3596 2842 3650 quare
2872 3578 3223 3633 latissimam
3254 3575 3520 3648 Origenis
3541 3576 3658 3631 dis-

2012 3665 2372 3738 putationem
2428 3667 2584 3722 brevi
2644 3682 2913 3721 sermone
2972 3664 3540 3737 comprehenderim,
3601 3666 3665 3718 et

2012 3753 2211 3810 lectori
2242 3771 2483 3809 sensum
2514 3755 2641 3825 ejus
2672 3754 3038 3826 aperuerim;
3074 3758 3249 3825 atque
3305 3770 3373 3810 ex
3424 3770 3490 3809 eo
3549 3751 3658 3808 tibi

2014 3841 2278 3899 occultus
2308 3841 2467 3897 illius
2505 3842 2704 3898 videor
2744 3858 2871 3898 esse
2901 3846 3169 3908 sectator,
3202 3842 3341 3915 quia
3388 3841 3547 3898 nihil.
3586 3841 3659 3897 ab

2015 3950 2080 3989 eo
2112 3934 2335 3988 dictum
2369 3933 2860 4004 praetermiserim,
2892 3933 3020 3989 vide
3050 3950 3122 3989 ne
3151 3933 3261 3989 hoc
3304 3933 3520 3990 idcirco
3577 3931 3661 3987 fe-

2016 4022 2216 4087 cerim,
2249 4024 2314 4075 ut
2342 4024 2591 4076 vestram
2624 4019 2978 4076 calumniam
3011 4019 3387 4086 declinarem,
3442 4034 3513 4074 ne
3565 4033 3662 4074 me

2018 4110 2287 4166 diceretis
2317 4126 2442 4180 quae
2475 4110 2547 4164 ab
2578 4125 2643 4165 eo
2684 4109 2907 4165 fortiter
2951 4113 3091 4164 sunt
3147 4109 3324 4175 dicta,
3382 4106 3660 4171 tacuisse,

2019 4205 2075 4255 et
2105 4198 2271 4255 illum
2301 4199 2359 4253 in
2392 4199 2585 4255 Graeco
2619 4197 2917 4253 robustius
2947 4198 3265 4270 disputare.
3297 4196 3468 4253 Posui
3525 4209 3663 4267 ergo

2020 4288 2237 4354 omnia,
2269 4287 2401 4343 licet
2449 4287 2701 4353 brevius,
2762 4304 2889 4359 quae
2946 4287 3006 4341 in
3065 4286 3283 4353 Graeco,
3339 4283 3549 4357 reperi,
3599 4286 3666 4337 ut

2021 4376 2168 4432 nihil
2198 4377 2478 4433 haberent
2510 4374 2783 4448 discipuli
2822 4378 2952 4446 ejus
3011 4375 3163 4442 novi,
3224 4374 3380 4447 quod
3438 4371 3667 4430 Latino-

248 4466 468 4533 villari,
497 4470 564 4522 et
592 4464 705 4522 hac
735 4465 1127 4522 excusationis
1168 4466 1429 4539 stropha,
1488 4469 1737 4540 gradum
1796 4486 1910 4526 non
1949 4489 2007 4553 Dp,
2024 4482 2156 4520 rum
2187 4467 2430 4521 auribus
2461 4465 2810 4537 ingererent.
2847 4463 3096 4521 Facilius
3121 4463 3279 4519 enim
3311 4468 3467 4531 nota,
3487 4478 3667 4535 quam

252 4555 474 4612 audere
501 4554 789 4621 conferre,
826 4571 1039 4626 ponam
1066 4555 1196 4626 ipsa
1227 4555 1581 4623 testimonia,
1634 4574 1761 4629 quae
1818 4575 1913 4614 vo-

253 4649 471 4700 cantur
500 4644 563 4699 in
591 4644 838 4699 crimen.

338 4733 431 4785 22.
492 4732 937 4789 Commentatoris
992 4732 1260 4805 ofﬁcium.
1326 4735 1547 4804 Tempus
1603 4737 1919 4807 scriptionis

262 4820 799 4877 Commentariorum
876 4823 935 4875 in
988 4821 1294 4891 Epistolam
1350 4822 1424 4877 ad
1470 4824 1671 4892 Ephes.
1733 4854 1799 4863 —
1851 4825 1913 4879 In

256 4907 460 4981 primo
488 4909 692 4964 statim
712 4908 1011 4964 volumine
1039 4909 1448 4965 testimonium
1481 4910 1666 4979 Pauli,
1699 4912 1759 4965 in
1803 4930 1918 4984 quo

254 4997 559 5069 loquitur:
594 5021 622 5046 α
657 4998 824 5053 Sicut
852 4997 1025 5070 elegit
1064 5014 1170 5053 nos
1202 4999 1259 5053 in
1295 4998 1422 5071 ipso
1456 5003 1589 5054 ante
1642 5003 1921 5056 constitu-

256 5086 488 5143 tionem
520 5088 769 5144 mundi:
805 5090 872 5141 ut
899 5101 1167 5143 essemus
1206 5087 1392 5143 sancti
1452 5091 1509 5142 et
1560 5088 1919 5145 immaculati

257 5191 465 5233 coram
497 5175 627 5248 ipso
660 5176 871 5247 (Ephes.
904 5192 944 5241 ι,
974 5176 1051 5245 ἁ),
1090 5198 1109 5222 ιο
1151 5174 1237 5230 sic
1270 5175 1634 5248 interpretati
1692 5194 1920 5245 sumus,

258 5268 329 5320 ut
357 5262 711 5320 electionem
745 5278 858 5318 non
886 5264 1057 5335 juxta
1104 5261 1412 5335 Origenem
1443 5281 1644 5320 eorum
1704 5266 1923 5323 dicere-

259 5369 427 5419 mus,
460 5353 561 5425 qui
595 5352 761 5425 prius
792 5352 1059 5421 fuerant;
1096 5353 1196 5408 sed
1230 5353 1301 5409 ad
1337 5353 1435 5408 Dei
1496 5355 1923 5425 praescientiam

340 5566 359 5602 ²
393 5565 536 5623 Cod.
567 5582 728 5624 unus
757 5565 1145 5637 Cisterciens.,
1173 5580 1305 5625 cum
1334 5567 1781 5628 habitationibus.

2026 4554 2332 4626 repentina
2361 4553 2817 4609 contemnimus.
2846 4554 3123 4626 Exposita
3154 4556 3348 4608 autem
3385 4552 3667 4623 interpre-

2027 4643 2246 4698 tatione
2278 4644 2428 4712 ejus,
2462 4642 2600 4714 quid
2633 4644 2692 4698 in
2722 4644 2837 4698 fine
2869 4642 3106 4715 capituli
3166 4641 3509 4705 dixerimus,
3566 4654 3670 4692 au-

2028 4729 2259 4787 sculta:
2294 4752 2321 4780 ‹‹
2356 4732 2481 4786 Non
2509 4732 2665 4786 enim
2698 4732 2777 4786 ait
2804 4731 3136 4803 Apostolus,
3169 4729 3343 4801 elegit
3383 4743 3489 4783 nos
3538 4728 3672 4781 ante

2029 4818 2504 4877 constitutionem
2534 4820 2759 4887 mundi,
2795 4837 2929 4875 cum
2961 4834 3227 4874 essemus
3268 4815 3453 4872 sancti
3484 4818 3542 4870 et
3560 4813 3672 4869 im-

2032 4907 2308 4964 maculati
2335 4925 2346 4961 :
2381 4930 2409 4957 »
2445 4909 2572 4975 sed,
2610 4930 2636 4957 ‹‹
2669 4907 2845 4979 elegit
2874 4924 2981 4963 nos
3011 4911 3077 4961 ut
3104 4920 3370 4961 essemus
3402 4903 3591 4960 sancti
3617 4906 3675 4959 et

2029 4996 2413 5063 immaculati,
2469 5020 2497 5045 ››
2555 4997 2663 5052 hoc
2720 5001 2826 5061 est,
2888 4995 2987 5066 qui
3046 4993 3232 5049 sancti
3289 4996 3348 5048 et
3387 4994 3673 5049 immacu-

2031 5087 2131 5143 lati
2165 5091 2299 5143 ante
2329 5102 2445 5141 non
2488 5084 2728 5149 fuimus,
2785 5088 2848 5139 ut
2904 5086 3106 5155 postea
3162 5098 3451 5139 essemus.
3512 5083 3675 5149 Quod

2031 5182 2088 5234 et
2117 5177 2187 5232 de
2209 5176 2614 5247 peccatoribus
2645 5174 2715 5230 ad
2752 5172 2994 5228 meliora
3051 5171 3346 5227 conversis
3402 5170 3517 5229 dici
3575 5188 3678 5245 po-

2033 5270 2185 5332 test;
2220 5270 2275 5321 et
2304 5265 2484 5320 stabit
2506 5263 2606 5318 illa
2637 5263 2965 5319 sententia:
3000 5287 3024 5309 α
3071 5266 3197 5319 Non
3249 5260 3680 5333 justiﬁcabitur

2034 5354 2091 5408 in
2116 5357 2428 5425 conspectu
2460 5356 2559 5407 tuo
2619 5351 2811 5408 omnis
2862 5351 3061 5409 vivens
3110 5351 3283 5421 (Psat.
3318 5366 3488 5420 cxm,
3517 5351 3612 5421 2);
3653 5371 3682 5397 ››
