4110 6162
392 320 531 392 λεδ·

1635 333 1701 396 S.
1730 320 2055 396 EUSEBII
2098 329 2566 398 HIERONYMI.
2631 361 2634 364 ~

3634 325 3749 399 436‘
3763 363 3766 368 -

394 457 457 521 id
488 472 594 534 est,
630 467 688 524 in
715 471 837 525 tota
859 467 978 525 vita
1008 481 1138 536 sua,
1170 467 1228 523 in
1260 468 1420 525 omni
1457 485 1570 541 quo
1601 468 1662 524 in
1684 467 2034 524 mundoisto
2064 469 2119 534 Α
2149 473 2206 524 et
2233 469 2500 525 homines
2524 468 2670 539 ﬁeri,
2702 467 2856 541 quod
2888 467 3143 526 afﬁrmat
3171 468 3468 543 Origenes:
3500 473 3550 525 et
3599 467 3742 542 ipsos

395 562 661 613 versatus
694 560 709 592 ¹
743 564 849 626 est,
880 564 1161 630 tempore.
1195 559 1357 622 Quod
1401 558 1639 631 quidem
1671 559 1754 612 ita
1812 556 2038 612 intelle-

397 649 578 711 ctum,
611 653 668 702 et
696 648 1005 702 adversum
1039 664 1169 702 eum
1206 648 1363 713 facit,
1396 648 1494 719 qui
1526 653 1841 718 antequam
1875 663 2042 700 mun-

397 736 509 791 dus
539 737 720 802 ﬁeret,
754 737 982 791 animas
1014 736 1152 791 dicit
1182 754 1309 792 esse
1343 736 1557 792 electas
1615 740 1850 808 propter
1906 751 2041 790 san-

395 825 679 892 ctitatem,
727 831 782 879 et
826 825 1054 880 nullum
1103 826 1309 880 vitium
1369 828 1521 881 479
1583 829 1972 897 peccatorum.
2012 847 2038 872 »

396 913 525 968 Non
557 913 710 969 enim
743 914 826 984 (ut
859 919 992 970 ante
1014 917 1139 986 jam
1172 914 1768 987 diximus)eliguntur
1797 913 2036 976 Paulus,

396 1006 454 1059 et
474 1005 572 1074 qui
601 1003 651 1058 ei
682 1003 903 1059 similes
925 1008 1078 1070 sunt,
1114 1004 1251 1076 quia
1280 1008 1443 1059 erant
1472 1004 1658 1059 sancti
1718 1007 1774 1057 et
1829 1003 2039 1056 imma-

401 1092 616 1148 culati:
680 1093 779 1147 sed
839 1092 1134 1165 eliguntur
1187 1097 1244 1148 et
1302 1094 1819 1165 praedestinantur,
1881 1090 2037 1145 utin

398 1182 778 1252 consequenti
812 1182 926 1236 vita
959 1199 1059 1253 per
1095 1198 1269 1253 Opera
1317 1187 1491 1253 atque
1548 1181 1795 1236 virtutes
1848 1179 2036 1235 sancti

396 1275 456 1326 et
510 1270 870 1326 immaculati
925 1273 1085 1326 fiant.
1167 1272 1233 1326 Et
1300 1273 1474 1326 audet
1531 1270 1847 1341 quisquam
1909 1272 2041 1340 post

395 1359 739 1431 hujusmodi
806 1361 1179 1427 sententiam,
1271 1377 1374 1415 nos
1443 1358 1710 1432 Origenis
1753 1359 2039 1413 haereseos

395 1451 713 1505 accusare?
742 1455 948 1505 Decem
980 1455 1037 1505 et
1061 1456 1189 1505 octo
1214 1451 1394 1505 ferme
1427 1450 1562 1505 anni
1587 1453 1726 1503 sunt
1753 1449 1794 1513 ³,
1825 1465 1892 1502 ex
1922 1463 2038 1518 quo

394 1537 540 1595 istos
624 1539 831 1593 dictavi
900 1539 1100 1607 libros,
1157 1555 1224 1594 eo
1283 1544 1543 1611 tempore
1604 1555 1718 1609 quo
1775 1536 2038 1608 Origenis

394 1643 609 1682 nomen
642 1628 886 1682 ﬂorebat
915 1627 975 1681 in
1010 1629 1265 1696 mundo;
1301 1645 1414 1700 quo
1449 1626 1571 1700 περὶ
1603 1626 1844 1699 ’Δρχών,
1878 1625 2038 1680 illius

393 1731 566 1787 opus,
597 1715 808 1770 Latinae
841 1733 1010 1770 aures
1051 1716 1434 1787 ignorabant:
1482 1721 1538 1770 et
1568 1719 1762 1770 tamen
1816 1715 2038 1786 profes-

393 1821 498 1860 sus
529 1821 662 1859 sum
696 1805 869 1858 fidem
903 1821 1095 1859 meam
1123 1823 1135 1872 ;
1188 1810 1243 1860 et
1282 1805 1419 1875 quid
1480 1803 1624 1858 mihi
1681 1803 2036 1876 displiceret,
2069 1841 2118 1906 B

395 1894 644 1950 ostendi.
674 1895 752 1948 Ex
783 1910 897 1964 quo
929 1893 1104 1948 etiam
1129 1894 1176 1949 si
1207 1894 1266 1948 in
1301 1893 1521 1949 caeteris
1552 1893 1769 1964 aliquid
1821 1892 2042 1948 haereti-

395 1997 531 2036 cum
565 1986 893 2036 monstrare
925 1981 1212 2052 potuisset
1239 1981 1538 2046 inimicus,
1573 1998 1686 2036 non
1718 1985 1838 2035 tam
1897 1981 2037 2052 dog-

397 2073 624 2124 matum
685 2085 1110 2139 perversorum,
1166 2086 1292 2141 qua:
1351 2069 1445 2124 hic
1501 2074 1557 2124 et
1612 2070 1670 2123 in
1716 2068 1848 2124 aliis
1878 2067 2042 2124 libris

394 2175 546 2230 saepe
579 2157 872 2223 damnavi,
907 2175 1082 2229 quam
1113 2157 1421 2230 improvidi
1454 2162 1680 2213 tenerer
1700 2158 1931 2213 erroris.

453 2247 558 2301 ‘23.
589 2249 838 2302 Ecclesiae
895 2247 1043 2316 ﬁdes.
1103 2279 1170 2286 —
1227 2248 1560 2302 Secundum
1617 2247 1810 2302 locum
1864 2263 2039 2318 quem

397 2336 542 2390 mihi
603 2337 674 2390 ab
727 2352 794 2391 eo
861 2336 1278 2407 reprehensum
1337 2337 1515 2391 frater
1569 2336 1841 2400 ostendit,
1903 2337 2041 2408 quia

391 2424 825 2480 valdevl’rivolus
856 2433 962 2491 est,
993 2429 1049 2480 et
1081 2430 1337 2495 apertam
1393 2425 1484 2480 sui
1542 2426 1772 2497 praefert
1827 2425 2042 2480 calum-

393 2513 577 2579 niam,
603 2531 815 2584 ponam
848 2513 1115 2568 breviter.
1153 2515 1214 2568 In
1245 2531 1311 2568 eo
1335 2513 1668 2568 testimonio
1703 2513 1799 2568 ubi
1827 2513 2041 2568 Paulus

392 2601 686 2672 loquitur:
723 2625 748 2650 ‹‹
784 2603 995 2657 Sedere
1026 2618 1158 2656 eum
1191 2602 1414 2656 faciens
1445 2603 1516 2656 ad
1547 2602 1841 2656 dexteram
1871 2618 2039 2656 suam

395 2690 456 2744 in
525 2689 879 2758 cmlestibus,
936 2706 1114 2761 super
1197 2707 1428 2744 omnem
1511 2689 1902 2760 principatum
1986 2695 2040 2745 et

393 2782 742 2850 potestatem
779 2786 836 2834 et
864 2779 1138 2833 virtutem
1175 2784 1230 2833 et
1261 2777 1744 2844 dominationem,
1771 2783 1828 2832 et
1869 2795 2043 2834 omne

395 2883 612 2922 nomen
645 2868 798 2939 quod
832 2868 1192 2934 nominatur,
1225 2883 1338 2920 non
1373 2865 1564 2921 solum
1592 2867 1647 2921 in
1680 2866 1788 2921 hoc
1809 2867 2040 2934 saeculo,

397 2956 500 3010 sed
556 2955 732 3010 etiam
797 2955 852 3009 in
911 2955 1107 3011 futuro
1163 2953 1374 3025 (Ephes.
1440 2972 1478 3020 1,
1530 2956 1615 3017 L0,
1675 2956 1800 3025 21);
1836 2980 1856 3006 υ
1913 2961 2044 3026 post

397 3042 784 3114 multiplicem
817 3044 1260 3114 expositionem,
1323 3060 1457 3097 cum
1515 3044 1585 3097 ad
1637 3043 2040 3098 ministrorum

397 3132 499 3187 Dei
554 3133 745 3186 ofﬁcia
803 3133 1218 3203 pervenissem,
1277 3137 1333 3186 et
1389 3133 1460 3186 de
1520 3131 1943 3204 principatibus
1976 3149 2042 3188 ac

2151 558 2302 614 inter
2333 576 2396 614 se
2436 558 2673 631 angelos
2729 559 2961 614 diversa
3013 559 3331 615 officiorum
3389 575 3586 631 genera
3634 571 3772 614 esse

2150 649 2407 714 sortitos,
2436 647 2591 718 quod
2642 646 2907 702 Ecclesiae
2965 664 3080 702 non
3133 652 3427 720 repugnat.
3478 646 3745 710 Quomodo

2148 741 2206 791 et
2235 737 2387 792 inter
2415 736 2684 792 homines
2713 737 2854 792 ordo
2885 736 3232 809 dignitatum
3283 753 3349 792 ex
3404 735 3606 790 laboris
3655 752 3738 789 va-

2149 826 2351 881 rietate
2377 825 2640 881 diversus
2671 830 2781 894 est,
2816 842 2949 880 cum
2981 825 3286 898 episcopus
3315 829 3369 881 et
3397 824 3691 896 presbyter,
3704 827 3752 877 et

2149 915 2342 970 omnis
2419 914 2848 971 ecclesiasticus
2936 916 3153 987 gradus
3235 915 3439 970 habeat
3517 911 3750 966 ordinem

2149 1020 2320 1058 suum
2351 1021 2364 1071 ;
2398 1008 2450 1058 et
2485 1008 2678 1059 tamen
2711 1020 2913 1059 omnes
2944 1004 3211 1059 homines
3232 1008 3396 1058 sunt:
3431 1000 3510 1056 sic
3528 1005 3581 1055 et
3624 1000 3755 1054 inter

2149 1092 2387 1164 angelos
2416 1092 2624 1147 merita
2653 1109 2780 1148 esse
2812 1092 3058 1158 diversa,
3090 1097 3146 1148 et
3173 1096 3366 1146 tamen
3408 1090 3464 1144 in
3522 1087 3755 1160 angelica

2149 1197 2352 1236 omnes
2371 1179 2681 1252 persistere
2704 1181 2990 1253 dignitate
3016 1198 3028 1236 ε
3063 1197 3166 1236 nec
3197 1182 3266 1235 de
3285 1178 3500 1251 angelis
3516 1177 3757 1232 homines

2149 1269 2293 1340 ﬁeri,
2326 1287 2429 1325 nec
2460 1286 2698 1324 rursum
2730 1270 3002 1325 homines
3058 1270 3116 1325 in
3177 1268 3410 1341 angelos
3466 1262 3754 1322 reformari.

2217 1363 2306 1412 24.
2346 1358 2650 1414 Verecunde
2677 1374 2787 1413 non
2814 1361 2996 1430 posuit
3021 1359 3255 1413 nomina
3283 1357 3656 1428 expositorum.
3700 1382 3758 1392 —-

2147 1448 2375 1504 Tertius
2403 1452 2493 1502 est
2523 1446 2992 1519 reprehensionis
3025 1446 3185 1502 locus
3204 1446 3357 1518 quod
3392 1445 3607 1500 dicente
3627 1449 3760 1513 Apo-

2148 1536 2335 1592 stolo:
2369 1559 2395 1585 ‹‹
2433 1536 2502 1591 Ut
2532 1536 2864 1591 ostenderet
2892 1535 2950 1589 in
2983 1534 3212 1591 saeculis
3247 1531 3758 1606 supervenientibus

2148 1625 2513 1680 abundantes
2535 1623 2769 1679 divitias
2790 1624 2991 1696 gratiae
3013 1641 3132 1679 suae
3153 1625 3214 1679 in
3230 1622 3484 1679 bonitate
3501 1634 3762 1692 supernos

2148 1714 2208 1768 in
2230 1713 2457 1768 Christo
2487 1713 2628 1768 Jesu
2651 1713 2859 1784 (Ephes.
2895 1731 2958 1779 11,
2977 1715 3056 1783 7),
3085 1735 3106 1762 η
3131 1729 3239 1768 nos
3263 1710 3545 1784 triplicem
3567 1706 3764 1779 exposi-

2147 1802 2366 1857 tionem
2387 1802 2796 1873 posuimus-In
2820 1802 3007 1873 prima
3030 1801 3170 1873 quid
3195 1802 3367 1858 nobis
3390 1799 3688 1855 videretur:
3711 1796 3762 1850 in

2150 1892 2407 1946 secunda
2420 1890 2843 1963 quidOrigenes
2857 1894 3205 1962 opponeret:
3223 1890 3287 1945 in
3302 1889 3470 1945 tertia
3481 1886 3606 1959 quid
3617 1882 3766 1956 Apol-

2148 1980 2396 2035 linarius
2429 1979 2776 2051 simpliciter
2802 1979 3156 2050 explanaret.
3185 1982 3450 2045 Quorum
3479 1977 3521 2032 si
3550 1973 3762 2030 nomina

2153 2085 2266 2123 non
2288 2067 2476 2140 posui,
2507 2068 2742 2140 ignosce
2767 2068 3125 2123 verecundia:
3150 2084 3296 2122 mea:
3325 2085 3337 2122 :
3363 2083 3474 2122 non
3505 2061 3660 2118 debui
3678 2076 3767 2116 eos

2150 2173 2406 2228 carpere,
2471 2174 2618 2228 quos
2667 2157 2943 2212 imitabar
2999 2173 3067 2211 ex
3125 2161 3318 2228 parte,
3376 2148 3769 2226 etquorumin

2151 2246 2416 2300 Latinam
2447 2244 2710 2316 linguam
2742 2245 3064 2300 sententias
3086 2244 3532 2301 transferebam.
3578 2263 3604 2289 ‹‹
3651 2237 3768 2303 Sed.

2150 2334 2288 2401 dixi,
2323 2334 2422 2405 qui
2455 2333 2703 2406 diligens
2755 2334 2934 2389 lector
2989 2338 3097 2399 est,
3152 2334 3356 2389 statim
3417 2331 3678 2403 requiret,
3725 2330 3774 2380 et

2150 2424 2320 2479 dicet.
2355 2427 2422 2478 Et
2454 2440 2659 2478 rursus
2694 2424 2751 2477 in
2785 2424 2918 2479 ﬁne.
2953 2422 3121 2478 Alius
3149 2439 3288 2478 vero
3321 2423 3428 2478 hoc
3485 2419 3628 2492 quod
3686 2416 3773 2481 ait,

2151 2534 2179 2561 ‹‹
2215 2513 2284 2566 Ut
2315 2512 2648 2566 ostenderet
2681 2512 2738 2566 in
2772 2511 3001 2567 saeculis
3033 2510 3578 2582 supervenientibus
3607 2507 3777 2562 abun-

2150 2602 2356 2656 dantes
2387 2600 2618 2655 divitias
2641 2600 2839 2672 gratize
2863 2617 3004 2667 suae,
3023 2623 3048 2650 ››
3067 2601 3136 2655 ad
3162 2599 3328 2655 illam
3352 2595 3776 2671 intelligentiam

2151 2688 2432 2744 transfert
2461 2690 2499 2742 ‘.
2539 2712 2558 2736 η
2595 2689 2756 2754 Ecce,
2785 2689 3041 2760 inquies,
3074 2689 3184 2744 sub
3216 2687 3521 2762 diligentis
3568 2681 3780 2742 lectoris

2152 2793 2419 2848 persona,
2456 2775 2723 2848 Origenis
2754 2778 3076 2832 sententias
3117 2777 3449 2848 explicasti.
3481 2779 3675 2830 Fateor
3701 2787 3782 2826 er-

2153 2882 2364 2932 rorem,
2397 2882 2511 2920 non
2545 2865 2721 2920 debui
2753 2865 3095 2937 diligentem
3128 2866 3352 2933 dicere,
3383 2866 3486 2922 sed
3535 2860 3785 2933 blasphe-

2153 2971 2317 3009 mum
2344 2973 2356 3010 :
2392 2955 2548 3026 quod
2580 2955 2630 3009 si
2663 2955 2952 3024 fecissem,
2983 2959 3041 3010 et
3070 2953 3264 3026 aliquo
3311 2955 3568 3010 scissem
3604 2948 3786 3006 vatici-

2153 3044 2247 3097 nio
2278 3049 2333 3098 te
2364 3043 2698 3098 istiusmodi
2734 3043 2946 3099 naevias
2977 3047 3369 3110 sectaturum,
3392 3043 3566 3098 etiam
3593 3038 3785 3096 calum-

2153 3132 2259 3186 nia:
2290 3133 2464 3187 verba
2492 3132 2792 3187 vitassem.
2850 3132 3079 3187 Grande
3134 3132 3364 3187 crimen
3397 3133 3446 3188 si
3501 3131 3784 3202 Origenem

404 3222 790 3293 potestatibus
813 3227 869 3276 et
888 3222 1201 3276 virtutibus
1219 3238 1283 3276 ac
1306 3221 1878 3277 denominationibus
1898 3222 2049 3277 dice-
2077 3207 2120 3273 C
2159 3220 2496 3291 diligentem
2527 3222 2548 3255 ⁵
2577 3221 2693 3275 dixi
2724 3237 2853 3275 esse
2884 3219 3180 3287 lectorem,
3214 3222 3391 3291 cujus
3443 3216 3789 3293 septuaginta

404 3324 552 3376 rem,
583 3310 756 3364 etiam
789 3308 896 3363 hoc
928 3309 1162 3364 addidi:
1200 3332 1226 3358 ‹‹
1286 3310 1533 3364 Necesse
1563 3313 1668 3378 est,
1731 3316 1793 3364 ut
1849 3311 2041 3382 subje-

403 3402 528 3453 ctos
559 3398 833 3463 habeant,
867 3402 922 3452 et
949 3397 1224 3453 timentes
1255 3415 1336 3464 se,
1371 3403 1426 3453 et
1457 3398 1771 3454 servientes
1819 3399 1952 3467 sibi,
1987 3404 2044 3454 et

402 3503 500 3542 eos
533 3487 633 3557 qui
667 3505 698 3542 a
730 3504 838 3541 sua
868 3487 1204 3542 fortitudine
1235 3488 1596 3542 roborentur.
1657 3489 1788 3551 Qum
1843 3487 2043 3542 distri-

404 3576 676 3630 butiones
707 3575 1054 3642 officiorum,
1106 3592 1218 3630 non
1253 3577 1439 3631 solum
1466 3575 1523 3630 in
1574 3576 2041 3647 praesentiarum,

403 3665 503 3721 sed
532 3664 705 3720 etiam
737 3665 795 3719 in
829 3666 1022 3720 futuro
1056 3665 1266 3720 smculo
1297 3670 1503 3720 erunt:
1538 3671 1602 3719 ut
1631 3681 1733 3736 per
1778 3665 2041 3737 singulos

401 3754 698 3825 profectus
727 3759 782 3809 et
813 3754 1082 3820 honores,
1118 3755 1488 3809 ascensiones
1513 3759 1568 3808 et
1607 3754 2037 3821 descensiones,

400 3834 490 3895 vel
524 3849 748 3896 crescat
786 3842 1000 3912 aliquis
1030 3845 1071 3908 ³,
1130 3842 1219 3897 vel
1278 3843 1591 3912 decrescat,
1653 3847 1709 3897 et
1760 3843 1868 3898 sub
1927 3840 2041 3898 alia

401 3932 574 3998 atque
605 3929 718 3983 alia
750 3934 1057 4000 potestate,
1087 3931 1318 3998 virtute,
1353 3931 1704 4004 principatu,
1746 3937 1803 3986 et
1858 3932 2040 3986 domi-

402 4015 634 4071 natione
667 4018 784 4072 fiat.
824 4040 849 4066 »
899 4019 966 4072 Et
1020 4024 1150 4089 post
1205 4021 1536 4092 exemplum
1595 4021 1806 4076 terreni
1867 4021 2037 4092 regis,

399 4110 701 4177 totamque
733 4106 930 4178 palatii
955 4107 1429 4179 descriptionem,
1463 4127 1562 4181 per
1593 4127 1769 4180 quam
1814 4108 2041 4164 diversa

402 4193 862 4251 ministeriorum
898 4196 997 4252 Dei
1026 4198 1215 4252 ofﬁcia
1253 4199 1748 4265 demonstrabam,
1805 4197 2035 4252 addidi:

398 4307 426 4332 «
489 4285 558 4340 Et
618 4279 895 4356 putamus
953 4291 1156 4352 Deum,
1243 4287 1554 4361 Dominum
1641 4286 2034 4351 dominorum,

398 4369 712 4445 regemque
743 4376 1135 4447 regnantium.
1161 4375 1417 4446 simplici
1456 4379 1685 4429 tantum
1710 4373 2036 4429 ministerio

396 4477 524 4516 esse
581 4468 967 4518 contentum?
1023 4485 1051 4513 »
1113 4464 1412 4528 Quomodo
1484 4461 1870 4533 archangelus
1920 4480 2033 4518 non

397 4549 629 4615 dicitur,
663 4550 774 4604 nisi
807 4551 907 4620 qui
939 4551 1096 4621 prior
1124 4555 1213 4607 est
1240 4551 1617 4622 angelorum;
1671 4551 1754 4604 sic
1813 4550 2035 4605 Princi-

395 4640 566 4710 patus
597 4641 653 4693 et
679 4641 998 4694 Potestates
1029 4644 1085 4694 et
1113 4639 1550 4695 Dominationes
1582 4656 1697 4694 non
1740 4639 2038 4712 appellan-

389 4732 507 4794 tur,
536 4726 648 4783 nisi
679 4727 974 4797 subjectos
1032 4726 1261 4798 aliquos
1317 4727 1572 4784 habeant
1633 4735 1690 4784 et
1747 4729 2037 4786 inferioris

395 4817 633 4886 gradus.
667 4817 822 4872 480
854 4815 955 4871 Sin
995 4819 1189 4871 autem
1214 4821 1380 4887 putat
1409 4817 1625 4872 idcirco
1687 4834 1779 4872 me
1838 4817 2035 4890 Orige-

392 4921 524 4960 nem
557 4905 742 4978 sequi,
773 4905 910 4978 quia
942 4906 1232 4978 profectus
1262 4911 1320 4962 et
1358 4907 1628 4971 honores,
1661 4906 2034 4962 ascensiones

390 4997 444 5046 et
475 4995 904 5063 descensiones,
935 4996 1294 5051 incrementa
1337 5000 1392 5051 et
1449 4995 1913 5060 immunitiones,
1973 4995 2032 5050 in

389 5083 746 5149 expositione
778 5101 907 5138 mea
939 5085 1102 5155 posui
1131 5104 1143 5150 ;
1179 5085 1324 5141 sciat
1357 5083 1611 5138 multum
1656 5084 1935 5139 interesse
1961 5084 2033 5137 de

390 5167 614 5236 angelis
642 5175 698 5223 et
728 5170 1032 5241 Seraphim
1068 5178 1124 5228 et
1145 5173 1459 5229 Cherubim
1493 5174 1704 5241 dicere,
1739 5173 2032 5227 daemones

462 5290 474 5362 ἶ
509 5291 570 5343 In
603 5289 1072 5362 Commentariis,
1097 5306 1460 5353 conversatus.

390 5431 398 5440 .
455 5361 980 5441 ’_Q11‘odhis.stare
1015 5361 1295 5441 numerus
1353 5369 1592 5441 omnino
1652 5385 1767 5424 non
1820 5369 2027 5441 possit,

388 5431 444 5486 in
474 5432 531 5486 S.
568 5431 752 5486 Patris
777 5431 907 5486 Vita
937 5450 1042 5487 suo
1076 5435 1199 5491 loco
1232 5440 1618 5494 ostendimus.

457 5502 635 5557 3Vid.
698 5520 824 5574 qua)
887 5504 942 5556 in
994 5503 1149 5559 hunc
1207 5524 1235 5560 e
1304 5509 1750 5565 Commentariis
1836 5511 2029 5567 locum

386 5575 756 5631 adnotamus.
1505 5595 1560 5626 ςρρ

454 5648 474 5682 ⁸
503 5647 657 5704 Alibi
683 5650 738 5705 et
766 5645 826 5702 in
857 5645 1616 5721 Commentarvfranaferet.

2153 3308 2335 3365 libros
2367 3310 2779 3381 interpretatus
2810 3326 2963 3377 sum,
2999 3326 3173 3381 quem
3197 3309 3256 3364 in
3285 3310 3505 3367 caelum
3538 3305 3788 3364 laudibus

2153 3397 2298 3465 tuli;
2334 3415 2435 3469 pro
2467 3414 2582 3469 quo
2613 3397 2954 3469 compulsus
2985 3415 3119 3453 sum
3143 3404 3276 3454 ante
3305 3399 3619 3456 biennium
3649 3390 3788 3450 brevi

2152 3485 2348 3541 libello
2380 3487 2498 3540 tuis
2529 3491 2732 3542 contra
2762 3503 2856 3541 me
2886 3486 3189 3558 praeconiis
3247 3489 3607 3560 respondere
3652 3482 3788 3554 (Ερίέ

2151 3575 2299 3631 stola
2324 3576 2393 3629 ad
2415 3575 2730 3642 Pammach,
2765 3579 2892 3630 ante
2914 3575 3197 3631 biennium
3226 3577 3494 3649 scripta).
3529 3571 3791 3630 Ecclesia-

2153 3681 2282 3718 rum
2304 3665 2651 3736 magistrum
2675 3681 2708 3719 a
2729 3681 2823 3720 me
2849 3663 3068 3719 dictum
3097 3681 3225 3719 esse
3245 3664 3584 3738 Origenem,
3609 3663 3665 3717 in
3687 3657 3794 3715 tuis

2154 3752 2428 3809 laudibus
2459 3753 2701 3824 objicis:
2735 3757 2791 3808 et
2820 3758 2994 3824 putas
3026 3754 3180 3825 quod
3234 3756 3648 3824 pertimescere
3703 3749 3792 3803 de-

2153 3841 2418 3909 beam,si
2479 3841 2822 3913 diligentem
2880 3841 3156 3897 lectorem
3205 3858 3300 3898 me
3360 3843 3532 3898 illum
3589 3837 3796 3894 dixisse

2149 3929 2424 3986 inimicus
2455 3947 2711 3986 accuses.
2747 3929 3013 3985 Solemus
3042 3935 3099 3985 et
3129 3930 3524 4001 negotiatores
3580 3925 3795 4000 parcis-

2150 4019 2353 4086 simos,
2387 4023 2444 4074 et
2477 4020 2626 4090 frugi
2655 4036 2874 4086 servos,
2909 4023 2966 4074 et
2996 4018 3275 4075 molestos
3322 4022 3691 4092 padagogos,
3749 4016 3804 4067 et

2148 4107 2560 4178 argutissimos
2592 4108 2769 4174 fures,
2807 4107 3118 4179 diligentes
3147 4124 3372 4164 vocare.
3423 4109 3574 4165 481
3638 4105 3706 4160 Et
3747 4102 3800 4156 in

2151 4196 2456 4268 Evangelio
2501 4196 2728 4252 villicus
2762 4197 3093 4268 iniquitatis
3151 4197 3480 4269 prudenter
3539 4194 3795 4269 quaedam

2149 4287 2354 4342 fecisse
2371 4286 2586 4341 dicitur
2615 4287 2767 4357 (Luc.
2797 4288 2986 4354 xv1,8)
3013 4304 3024 4340 :
3059 4291 3135 4342 et.
3173 4307 3199 4335 «
3233 4287 3654 4342 Prudentiores
3673 4282 3806 4340 sunt

2147 4374 2250 4429 ﬁlii
2298 4375 2476 4446 hujus
2503 4374 2699 4431 saeculi
2758 4376 2894 4429 filiis
2948 4374 3096 4430 lucis
3137 4375 3195 4429 in
3247 4376 3629 4448 generatione
3701 4385 3800 4426 sua

2147 4464 2349 4533 (Ibz'd.).
2387 4487 2413 4512 ››
2432 4465 2519 4528 Et,
2556 4465 2852 4534 «Serpens
2877 4464 3199 4536 sapientior
3219 4467 3344 4519 erat
3371 4464 3660 4520 omnibus
3683 4460 3805 4515 bes-

2071 4575 2117 4639 Β
2146 4552 2266 4617 tiis,
2299 4568 2447 4624 quas
2478 4551 2613 4606 fecit
2643 4551 2931 4607 Dominus
2963 4567 3143 4624 super
3160 4556 3377 4607 terram
3400 4551 3559 4623 (Gen.
3589 4568 3672 4614 ‘11,
3693 4549 3797 4618 1).»

2216 4643 2306 4696 25.
2342 4641 2545 4711 Corpus
2574 4645 2770 4696 mortis
2819 4640 2959 4711 quod
3014 4643 3109 4696 sit.
3169 4673 3238 4680 —
3295 4643 3554 4706 Quartus
3613 4641 3821 4709 repre?

2145 4729 2447 4786 hensionis
2481 4728 2665 4793 locus,
2699 4729 3002 4784 exordium
3036 4729 3277 4784 secundi
3319 4729 3453 4784 libri
3514 4727 3822 4801 possidet,

2144 4819 2203 4873 in
2227 4835 2343 4890 quo
2364 4817 2473 4873 hoc
2497 4817 2658 4874 Pauli
2681 4817 3084 4874 testimonium
3108 4817 3490 4890 exposuimus
3515 4835 3528 4872 :
3556 4841 3585 4867 ‹‹
3614 4815 3798 4886 Hujus

2145 4907 2225 4962 rei
2257 4907 2444 4979 gratia
2475 4924 2580 4979 ego
2611 4906 2824 4962 Paulus
2848 4907 3075 4962 vinctus
3099 4906 3237 4963 Jesu
3263 4906 3472 4961 Christi
3511 4923 3621 4978 pro
3639 4902 3798 4959 vobis

2143 4996 2414 5067 gentibus
2446 4995 2657 5067 (Ephes.
2697 5013 2779 5061 111,
2810 4995 2864 5066 2)
2892 5013 2905 5063 ;
2932 5017 2958 5044 »
2991 4999 3048 5050 et
3077 4994 3216 5066 quia
3247 5011 3348 5066 per
3381 5012 3442 5051 se
3471 4993 3644 5049 locus
3675 4992 3799 5064 ipse

2144 5086 2492 5142 manifestus
2523 5090 2629 5150 est,
2665 5101 2793 5140 eam
2824 5088 3051 5139 tantum
3089 5088 3310 5155 partem
3345 5100 3565 5156 ponam
3601 5081 3800 5153 expla-

2143 5174 2416 5240 nationis,
2451 5191 2576 5245 qum
2609 5175 2766 5243 patet
2797 5171 3143 5228 calumniae:
3180 5196 3208 5224 ‹‹
3240 5172 3521 5228 Vinctum
3577 5167 3797 5226 Christi

2213 5299 2233 5370 ξ
2254 5298 2494 5352 Minime
2519 5312 2645 5370 vero
2667 5297 3169 5370 accusat_Rufi_nus
3189 5297 3615 5370 Hieronymum
3638 5293 3798 5370 quod

2141 5368 2448 5440 Qrigenem
2497 5368 2813 5440 diligentem
2872 5367 3102 5440 dixerit,
3137 5370 3236 5423 sed
3299 5367 3452 5440 quod
3494 5368 3573 5440 in
3628 5367 3797 5440 hunc

2142 5437 2301 5493 Pauli
2337 5439 2526 5494 locum
2561 5439 2828 5503 senserit,
2863 5438 2981 5493 fore
3011 5443 3073 5493 ut
3105 5437 3398 5495 daemones
3453 5439 3526 5495 ab
3584 5437 3799 5493 ultimo

2131 5509 2356 5584 judicio
2388 5509 2455 5584 in,
2477 5507 2685 5584 ecelum
2719 5514 3100 5577 revertantur,
3135 5512 3456 5584 eademque
3487 5513 3672 5580 atque
3702 5508 3796 5563 Je-

2140 5578 2240 5638 Sus
2271 5580 2537 5636 Christus
2568 5578 2862 5636 voluntate
2893 5584 3150 5636 utantur.
