4110 6162
300 312 425 386 ‘31

1517 311 1831 385 CONTRA
1871 305 2235 385 RUFINUM
2281 312 2428 385 LIB.
2473 303 2529 385 t.‘

3607 322 3735 395 438

303 458 446 518 Jesu
472 457 727 517 Paulum
748 473 877 517 esse
918 474 1021 533 pro
1050 456 1346 533 gentibus,
1399 459 1591 529 potest
1620 460 1673 512 et
1706 458 1777 511 de
1808 473 1963 512 mar-
1994 460 2048 526 Α
2079 475 2195 511 una
2215 461 2381 513 aetate
2432 458 2552 513 sint
2610 454 2782 530 positi
2811 451 2853 523 ¹,
2910 444 2969 514 id
3020 453 3127 527 est,
3160 473 3364 519 omnes
3394 459 3454 518 in
3487 457 3734 537 angelos

303 551 454 624 tyrio
504 548 781 621 intelligi,
863 550 1018 621 quod
1108 548 1302 603 Romm
1366 546 1422 601 in
1494 546 1726 600 vincula
1775 547 1965 615 conje-

307 647 460 707 ctus,
495 639 651 695 hanc
675 639 995 710 Epistolam
1059 637 1305 704 miserit,
1339 652 1405 691 eo
1451 640 1711 706 tempore
1745 652 1860 706 quo
1893 635 1963 689 ad

306 729 737 793 Philemonem,
799 733 857 783 et
905 727 975 781 ad
1034 726 1431 792 Colossenses,
1493 729 1550 779 et
1626 723 1965 795 Philippen-

313 835 433 883 ses,
490 817 548 872 in
613 815 724 871 alio
775 816 902 871 loco
962 817 1209 887 scriptas
1283 829 1432 881 esse,
1481 813 1963 867 monstravimus.

315 907 423 962 Vel
456 910 625 967 certe,
654 904 795 976 quia
846 906 905 959 in
956 903 1227 976 plurimis
1268 902 1409 957 locis
1473 900 1690 956 lectum
1721 904 1809 956 est
1838 901 1963 955 vin-

325 994 516 1053 culum
548 993 755 1049 animae
814 1010 1028 1066 corpus
1085 992 1195 1047 hoc
1226 991 1360 1059 dici,
1416 1007 1531 1063 quo
1566 991 1735 1062 quasi
1768 989 1966 1045 clauso

321 1088 582 1139 teneatur
633 1083 694 1136 in
754 1097 1001 1147 carcere,
1062 1079 1313 1135 dicimus
1368 1084 1673 1151 pronterea
1719 1077 1966 1133 Paulum

311 1172 572 1244 corporis
595 1170 842 1225 nexibus
868 1170 1139 1237 coerceri,
1176 1185 1279 1223 nec
1310 1168 1539 1235 reverti,
1575 1173 1629 1222 et
1681 1184 1809 1222 esse
1832 1183 1966 1221 cum

307 1262 560 1326 Christo,
595 1265 665 1315 ut
694 1260 949 1332 perfecta
980 1259 1038 1313 in
1088 1262 1292 1331 gentes
1342 1274 1444 1328 per
1474 1272 1612 1313 eum
1634 1256 1966 1327 prazdicatio

305 1349 717 1423 compleatur:
752 1348 885 1403 licet
940 1347 1181 1417 quidam
1243 1346 1423 1401 alium
1484 1362 1724 1401 sensum
1765 1345 1824 1399 in
1858 1345 1967 1399 hoc

301 1438 427 1494 loco
459 1438 866 1502 introducant,
930 1437 1083 1507 quod
1118 1434 1373 1491 1Paulus
1426 1433 1878 1506 praedestinatus
1912 1436 1969 1488 et

303 1527 718 1584 sanctiﬁcatus
737 1543 805 1580 ex
828 1530 993 1580 utero
1014 1525 1222 1579 matris
1253 1541 1369 1578 suae
1392 1524 1463 1578 ad
1496 1522 1965 1594 praedicationem

303 1616 577 1689 gentium
643 1618 961 1686 antequam
1024 1616 1379 1677 nasceretur,
1455 1616 1659 1684 postea
1737 1611 1968 1666 vincula

302 1705 501 1761 carnis
534 1703 850 1775 acceperit.
888 1726 917 1751 »
978 1702 1043 1757 Et
1071 1702 1130 1755 in
1192 1701 1301 1755 hoc
1332 1699 1641 1771 triplicem,
1671 1704 1733 1754 ut
1762 1717 1962 1772 supra,

300 1794 737 1867 expositionem
766 1792 955 1864 posui.
990 1792 1052 1845 In
1086 1789 1443 1862 prima,quid
1469 1789 1611 1843 mihi
1633 1788 1964 1844 videretur:
2000 1833 2046 1897 B

304 1884 359 1938 in
390 1882 684 1948 secunda,
728 1880 867 1952 quid
898 1880 1173 1952 Origenes
1195 1882 1515 1945 assereret;
1546 1878 1603 1931 in
1627 1877 1963 1948 tertia,quid

303 1972 717 2045 Apollinarius
749 1974 951 2024 contra
1008 1968 1165 2023 illius
1225 1968 1443 2023 vadens
1476 1968 1751 2039 dogmata
1783 1966 1967 2022 senti-

313 2068 425 2117 ret.
458 2062 616 2132 Lege
661 2060 889 2115 Graecos
948 2057 1446 2125 Commentarios;
1481 2062 1539 2111 et
1559 2056 1671 2111 nisi
1702 2055 1783 2109 ita
1811 2072 1968 2127 repe-

317 2150 495 2214 reris,
529 2150 738 2204 crimen
770 2148 1014 2202 fatebor.
1044 2146 1207 2212 Quod
1240 2150 1327 2200 est
1358 2146 1415 2199 in
1459 2146 1569 2200 isto
1601 2144 1724 2199 loco
1766 2160 1964 2216 pecca-

317 2245 448 2295 tum
484 2238 722 2293 mcum‘?
754 2235 903 2291 Illud
928 2235 1232 2301 nimirum,
1266 2250 1369 2306 pro
1400 2250 1515 2305 quo
1534 2251 1714 2305 supra
1735 2250 1967 2305 respon-

308 2329 365 2384 di
394 2347 410 2383 :
446 2342 634 2399 quare
694 2342 809 2380 non
859 2342 957 2380 eos
989 2341 1021 2379 a
1075 2323 1291 2395 quibus
1324 2324 1478 2378 dicta
1510 2329 1667 2389 sunt,
1701 2321 1965 2377 nomina-

302 2417 417 2473 rim
441 2416 472 2471 ?
505 2415 885 2487 Superﬂuum
947 2416 1071 2468 erat
1125 2430 1228 2484 per
1257 2410 1490 2484 singula
1519 2409 1782 2483 Apostoli
1813 2409 1969 2463 testi-

305 2506 532 2570 monia,
569 2519 778 2559 eorum
812 2502 1052 2556 nomina
1108 2516 1343 2572 ponere,
1377 2517 1628 2572 quorum
1664 2515 1755 2554 me
1788 2498 1968 2570 Opus~

302 2595 435 2650 cula
484 2591 926 2648 translaturum
986 2591 1042 2643 in
1094 2589 1434 2645 Przefatione
1482 2590 1869 2661 signaveram.
1904 2588 1969 2641 Et

303 2689 505 2740 tamen
540 2681 804 2737 vinctam
865 2679 976 2734 dici
1031 2678 1288 2733 animam
1348 2694 1627 2750 corpore,
1663 2678 1845 2732 donec
1894 2677 1965 2730 ad

300 2772 611 2829 Christum
643 2769 862 2829 redeat,
902 2773 957 2822 et
1002 2768 1058 2821 in
1115 2767 1561 2822 resurrectionis
1603 2765 1807 2838 gloria,
1841 2781 1965 2819 cor-

303 2862 615 2934 ruptivum
648 2863 708 2913 et
734 2856 981 2913 mortale
1037 2873 1269 2928 corpus,
1311 2856 1748 2927 incorruptione
1778 2858 1833 2909 et
1864 2854 1969 2907 im-

301 2949 673 3007 mortalitate
705 2950 1047 3011 commutet,
1108 2962 1223 3000 non
1274 2945 1541 3000 absurdae
1570 2942 1966 3015 intelligentiae

300 3043 404 3095 est.
442 3037 614 3093 Unde
635 3040 693 3091 et
722 3033 1067 3105 Apostolus:
1095 3054 1121 3081 ‹‹
1155 3032 1333 3088 Miser
1351 3048 1480 3103 ego,
1511 3031 1726 3102 inquit,
1770 3030 1963 3096 homo;

301 3129 433 3199 quis
467 3142 566 3181 me
626 3122 904 3178 liberabit
935 3122 1005 3177 de
1050 3137 1290 3193 corpore
1345 3120 1553 3175 mortis
1582 3120 1759 3189 hujus
1788 3120 1961 3187 (Rom.

2076 548 2503 603 reformentur:
2539 548 2638 603 sed
2691 549 3154 620 unumquodque
3196 550 3529 609 membrum
3555 554 3731 625 juxta

2076 652 2413 690 mensuram
2445 640 2501 691 et
2531 636 2787 691 officium
2843 654 3018 692 suum
3066 638 3386 709 perfectum
3416 641 3513 697 sit.
3549 643 3728 699 Verbi

2075 724 2281 796 gratia,
2342 730 2406 779 ut
2455 725 2698 797 angelus
2754 726 2957 798 refuga
3012 727 3071 781 id
3102 744 3231 783 esse
3275 728 3534 800 incipiat,
3568 733 3724 803 quod

2076 817 2305 869 creatus
2338 819 2460 869 est:
2523 818 2587 869 ut
2615 815 2788 869 homo
2842 815 2941 886 qui
2976 816 3044 870 de
3075 816 3345 887 paradiso
3378 818 3569 875 fuerat
3598 822 3723 891 eje-

2077 906 2227 970 ctus,
2263 905 2333 958 ad
2366 904 2658 959 culturam
2681 905 2891 959 iterum
2926 904 3184 976 paradisi
3215 905 3576 977 restituatur,
3615 931 3635 957 ι
3671 911 3731 965 et

2076 991 2317 1064 reliqua.

2146 1085 2234 1135 27.
2266 1086 2401 1137 Duaz
2432 1082 2676 1137 haereses.
2710 1112 2779 1124 -—
2812 1082 2990 1137 Miror
3034 1087 3091 1137 te
3142 1082 3441 1141 hominem
3473 1086 3727 1158 pruden-

2078 1170 2380 1225 tissimum
2419 1188 2531 1225 non
2567 1170 2920 1227 intellexisse
2952 1176 3133 1226 artem
3165 1173 3544 1244 expositionis
3565 1192 3724 1231 meae.

2077 1260 2375 1323 «Quando
2434 1260 2590 1315 enim
2650 1262 2798 1328 dico,
2850 1262 2931 1315 ita
3000 1264 3193 1315 tamen
3246 1266 3309 1315 ut
3392 1279 3508 1317 non
3553 1263 3729 1334 juxta

2077 1350 2250 1404 aliam
2305 1350 2571 1405 haeresim
2629 1366 2833 1404 omnes
2891 1350 2948 1404 in
3009 1366 3125 1404 uno
3157 1353 3322 1405 aetate
3373 1350 3495 1406 sint
3525 1352 3727 1423 positi,

2076 1439 2132 1493 id
2166 1443 2272 1504 est,
2327 1454 2531 1493 omnes
2588 1438 2645 1492 in
2708 1438 2946 1511 angelos
3006 1439 3417 1507 reformentur,
3473 1441 3719 1497 ostendo

2076 1531 2133 1582 et
2155 1542 2221 1581 ea
2242 1527 2312 1581 de
2345 1527 2559 1597 quibus
2617 1527 2854 1598 disputo
2909 1542 3035 1583 esse
3094 1527 3386 1596 haeretica,
3420 1533 3476 1584 et
3505 1529 3578 1585 ab
3610 1527 3725 1584 alia

2075 1615 2278 1670 haeresi
2311 1615 2660 1687 discrepare.
2697 1639 2724 1665 »
2758 1618 2891 1680 Quae
2923 1619 3062 1671 sunt
3091 1632 3225 1688 ergo
3256 1617 3383 1671 duae
3426 1616 3727 1674 haereses?

2076 1704 2219 1770 Una,
2276 1721 2403 1775 quae
2466 1704 2606 1759 dicit
2655 1722 2859 1761 omnes
2909 1705 3282 1761 rationabiles
3329 1708 3630 1760 creaturas
3661 1704 3723 1761 in

2076 1794 2313 1865 angelos
2344 1794 2668 1848 reformari.
2704 1793 2901 1849 Altera
2930 1811 3056 1865 quae
3097 1793 3307 1849 asserit
3344 1793 3724 1865 unumquod-

2077 1899 2188 1954 que
2220 1882 2277 1936 in
2341 1882 2710 1937 restitutione
2764 1882 2969 1937 mundi
3002 1883 3059 1937 id
3087 1883 3206 1938 fore
3236 1884 3391 1954 quod
3424 1881 3726 1939 conditum

2075 1979 2176 2027 est.
2210 1970 2383 2026 Verbi
2412 1972 2636 2043 gratia:
2695 1972 2834 2043 quia
2853 1990 2921 2027 ex
2979 1971 3201 2045 angelis
3235 1973 3529 2028 dmmones
3560 1976 3720 2039 sunt,

2076 2076 2283 2115 rursus
2331 2060 2623 2115 daemones
2685 2059 2921 2132 angelos
2980 2060 3140 2128 fieri;
3175 2064 3230 2115 et
3273 2062 3501 2117 animas
3534 2060 3728 2117 homi«

2076 2166 2242 2213 num,
2278 2148 2358 2203 ita
2416 2153 2480 2203 ut
2510 2153 2649 2203 sunt
2697 2149 2961 2217 conditae,
2998 2166 3112 2204 non
3146 2148 3203 2202 in
3239 2148 3499 2221 angelos,
3533 2149 3634 2205 sed
3665 2148 3727 2204 in

2075 2238 2133 2293 id
2168 2237 2323 2309 quod
2355 2254 2389 2291 a
2419 2237 2534 2293 Deo
2558 2241 2697 2291 sunt
2726 2236 2989 2302 conditae,
3036 2237 3360 2303 refOrmari,
3407 2240 3471 2292 ut
3500 2240 3557 2291 et
3578 2238 3729 2307 justi

2075 2331 2132 2383 et
2184 2330 2513 2397 peccatores
2552 2324 2805 2397 aequales
2837 2326 2996 2380 ﬁant.
3057 2326 3316 2396 Denique
3344 2330 3409 2379 ut
3453 2323 3606 2380 scias
3631 2334 3727 2379 m8

2078 2432 2191 2471 non
2227 2431 2415 2469 meam
2447 2414 2767 2486 explicasse
2799 2414 3170 2476 sententiam,
3201 2414 3304 2469 sed
3335 2413 3485 2468 inter
3515 2429 3578 2468 se
3607 2413 3723 2468 hae-

2076 2521 2234 2559 reses
2257 2519 2650 2574 comparasse,
2702 2518 2951 2573 quarum
3001 2506 3312 2573 utramque
3337 2502 3395 2556 in
3426 2502 3622 2557 Graeco
3652 2500 3729 2556 le-

2076 2609 2299 2665 geram,
2353 2592 2807 2663 disputationem
2865 2608 3055 2646 meam
3108 2591 3261 2647 483
3291 2591 3400 2646 hoc
3431 2590 3545 2646 fine
3574 2605 3728 2646 com-

2077 2681 2258 2754 plevi:
2295 2703 2321 2729 ‹‹
2360 2680 2597 2748 Idcirco,
2660 2684 2723 2735 ut
2752 2696 2933 2752 supra
2982 2679 3259 2746 diximus,
3293 2678 3415 2734 haec
3436 2679 3591 2750 apud
3616 2694 3723 2735 nos

2075 2769 2414 2825 obscuriora
2472 2773 2631 2839 sunt,
2682 2768 2822 2840 quia
2880 2771 3255 2842 μεταφορικῶς
3330 2768 3607 2823 dicuntur
3660 2767 3725 2822 in

2076 2860 2269 2914 Grazco
2290 2876 2302 2925 ;
2324 2862 2380 2913 et
2410 2858 2601 2913 omnis
2634 2858 3051 2929 metaphora,si
3082 2859 3154 2912 de
3184 2856 3299 2912 alia
3326 2856 3387 2911 in
3420 2855 3596 2912 aliam
3616 2854 3725 2911 lin-

2076 2964 2250 3019 guam
2312 2947 2704 3002 transferatur
2760 2948 2829 3001 ad
2865 2946 3132 3013 verbum,
3164 2945 3519 3017 quibusdam
3549 2943 3721 3016 quasi

2075 3036 2361 3102 sentibus,
2395 3035 2676 3090 orationis
2701 3051 2910 3090 sensus
2930 3040 2988 3091 et
3014 3034 3281 3107 germina
3301 3034 3723 3089 suffocantur.»

2075 3124 2197 3180 Nisi
2228 3124 2349 3179 haec
2379 3124 2581 3179 eadem
2615 3124 2669 3178 io
2715 3124 2911 3178 Greece
2961 3122 3262 3195 repereris,
3287 3121 3574 3194 quidquid
3608 3121 3725 3177 dic-

297 3197 399 3283 vn,
457 3217 555 3285 24)
584 3214 663 3267 ‘2»
693 3216 916 3282 Corpus
962 3210 1167 3265 mortis
1224 3208 1548 3281 appellans,
1601 3209 1755 3279 quod
1806 3207 1963 3261 vitiis
1994 3197 2036 3262 C
2073 3216 2200 3268 tum
2223 3218 2332 3278 est,
2365 3230 2561 3267 meum
2594 3216 2811 3283 putato.

303 3312 361 3361 et
378 3303 611 3360 morbis
640 3307 698 3357 et
756 3299 1294 3373 perturbationibus
1326 3315 1391 3353 ac
1418 3297 1591 3353 morti
1622 3298 1959 3365 subjaceat:

308 3395 493 3449 donec
515 3409 655 3448 cum
684 3389 912 3446 Christo
936 3391 1204 3459 resurgat
1234 3387 1291 3441 in
1334 3386 1540 3459 gloria,
1576 3386 1731 3441 482
1756 3389 1813 3439 et
1845 3386 1962 3437 tra-

309 3482 428 3554 gile
457 3481 629 3553 prius
683 3480 896 3543 lutum,
982 3480 1343 3547 excoquatur
1417 3474 1640 3529 fervore
1711 3471 1963 3544 Spiritus

319 3568 513 3623 sancti
536 3569 600 3621 in
626 3572 828 3622 testam
861 3564 1314 3621 solidissimam:
1349 3564 1662 3618 demutans
1692 3562 1959 3633 gloriam,

326 3673 449 3711 non
473 3662 755 3710 naturam.

395 3746 487 3799 26.
523 3742 760 3809 Quintus
788 3744 951 3799 locus
980 3741 1382 3798 validissimus
1413 3744 1519 3806 est,
1554 3741 1612 3793 in
1645 3755 1759 3810 quo
1790 3753 1962 3809 expo-

313 3838 525 3891 nentes
566 3832 706 3887 illud
737 3830 998 3904 Apostoli
1029 3828 1438 3886 testimonium
1470 3828 1682 3899 (Ephes.
1730 3845 1803 3893 1v,
1846 3826 1963 3897 to):

308 3946 336 3973 ‹‹
368 3925 450 3979 Ex
482 3938 604 3994 quo
632 3926 820 3976 totum
851 3936 1065 3992 corpus
1118 3922 1488 3990 compactum
1520 3921 1575 3972 et
1602 3914 1963 3987 conglutina-

310 4018 441 4069 tum
473 4028 583 4085 per
613 4025 845 4065 omnem
870 4011 1213 4079 juncturam
1252 4004 1834 4068 subministrationis,
1870 4020 1965 4057 se-

305 4102 571 4158 cundum
602 4097 1002 4170 operationem
1034 4096 1092 4151 in
1125 4111 1465 4151 mensuram
1496 4092 1964 4163 uniuscujusque

301 4190 582 4255 membri,
619 4190 1003 4259 augmentum
1062 4184 1321 4257 corporis
1381 4183 1519 4238 facit
1547 4182 1607 4236 in
1632 4180 1962 4235 aedificatio-

304 4296 440 4334 nem
465 4278 561 4333 sui
586 4278 647 4331 in
682 4276 967 4331 charitate
996 4275 1145 4343 (Lib.
1183 4291 1240 4327 ιι.
1276 4288 1403 4344 cap.
1440 4272 1517 4341 4),
1555 4293 1581 4319 ››
1613 4270 1963 4325 latissimam

302 4368 573 4439 Origenis
608 4364 1059 4436 expositionem,
1118 4366 1175 4416 et
1235 4361 1472 4416 eosdem
1508 4375 1721 4414 sensus
1744 4374 1847 4430 per
1878 4357 1963 4410 di-

296 4472 469 4512 versa
497 4454 681 4511 verba
710 4452 1059 4516 volventem,
1122 4450 1278 4505 brevi
1324 4464 1593 4503 sermone
1621 4444 1967 4501 constrinxi-

2142 3305 2230 3356 28.
2265 3303 2522 3367 Sextum,
2586 3301 2740 3372 quod
2768 3305 2825 3356 et
2853 3304 3201 3367 extremum,
3263 3299 3407 3354 mihi
3465 3297 3718 3369 objicere

2073 3391 2287 3446 dicitur
2317 3390 2388 3460 (si
2410 3394 2607 3445 tamen
2632 3390 2775 3444 nihil
2808 3389 2865 3443 in
2919 3388 3110 3445 medio
3131 3389 3307 3445 frater
3336 3387 3552 3444 oblitus
3584 3386 3718 3457 est),

2075 3498 2176 3539 cur
2231 3478 2399 3534 illum
2450 3478 2644 3533 locum
2698 3478 2957 3549 Apostoli
3033 3479 3425 3550 interpretans
3476 3475 3576 3531 ubi
3636 3476 3719 3531 ait

2075 3570 2373 3639 (Ephes.v,
2432 3567 2682 3636 28,29):
2751 3566 2911 3629 «Qui
2971 3582 3210 3621 uxorem
3270 3581 3439 3621 suam
3503 3562 3719 3635 diligit,

2075 3657 2336 3728 seipsum
2370 3653 2770 3727 diligit.Nemo
2798 3655 2955 3709 enim
2987 3670 3249 3724 unquam
3281 3668 3449 3707 suam
3482 3666 3721 3706 carnem

2074 3743 2323 3811 odit,sed
2357 3744 2542 3797 nutrit
2564 3745 2620 3795 et
2650 3742 2800 3796 fovet
2829 3740 3139 3807 eam,sicut
3158 3744 3215 3795 et
3235 3738 3501 3795 Christus
3531 3737 3723 3793 Eccle-

2074 3834 2301 3897 siam,»
2362 3836 2494 3903 post
2552 3830 2879 3903 simplicem
2956 3829 3401 3901 expositionem,
3454 3826 3727 3901 Origenis

2074 3921 2367 3995 posuerim
2422 3920 2823 3984 quaestionem,
2882 3936 2951 3974 ex
3012 3920 3180 3989 cujus
3245 3934 3496 3990 persona
3546 3916 3726 3974 tacito

2075 4009 2310 4065 nomine
2331 4008 2572 4063 dixerim
2601 4026 2613 4062 :
2648 4032 2673 4057 ‹‹
2710 4008 2935 4080 Opponi
2970 4007 3139 4063 nobis
3170 4010 3381 4079 potest,
3415 4008 3571 4079 quod
3604 4022 3727 4061 non

2075 4100 2151 4155 sit
2201 4114 2335 4153 vera
2365 4096 2657 4152 sententia
2707 4096 2959 4152 dicentis
3008 4096 3300 4168 Apostoli:
3342 4115 3364 4144 ι
3396 4096 3577 4151 Nemo
3617 4112 3732 4150 un-

2075 4205 2251 4259 quam
2282 4202 2515 4241 carnem
2549 4202 2717 4240 suam
2750 4185 2891 4251 odit,
2929 4208 2955 4233 ››
2977 4201 3109 4240 cum
3141 4186 3344 4239 morbo
3377 4183 3535 4255 regio
3564 4182 3729 4238 labo-

2074 4282 2295 4343 rantes,
2328 4274 2574 4347 phthisi,
2605 4278 2663 4329 et
2690 4290 2929 4329 cancere
2958 4278 3013 4329 et
3042 4272 3552 4342 distillationibus,
3572 4286 3731 4327 mor-

2075 4371 2191 4421 tem
2223 4364 2351 4419 vitae
2413 4364 2743 4437 praeterant,
2796 4370 2851 4418 et
2880 4379 2989 4418 sua
3031 4362 3261 4417 oderint
3291 4377 3579 4432 corpora;
3614 4380 3643 4409 »
3674 4364 3733 4415 et

2076 4453 2277 4508 statim
2312 4453 2450 4524 quid
2474 4452 2600 4524 ipse
2630 4452 2907 4507 sentirem
2940 4450 3181 4522 adjunxi
3207 4468 3219 4505 :
3257 4472 3286 4499 ‹‹
3310 4448 3497 4522 Magis
3528 4448 3728 4520 itaque

293 4561 458 4611 mus,
491 4543 647 4600 nihil
678 4540 963 4613 exemplis
994 4545 1050 4595 et
1070 4538 1498 4595 assertionibus
1524 4536 1681 4591 illius
1700 4535 1965 4590 auferen-
2000 4562 2044 4625 D
2076 4543 2148 4596 ad
2180 4542 2463 4613 tropicam
2488 4540 2934 4611 intelligentiam
2952 4555 3142 4595 sermo
3158 4539 3461 4595 referatur.
3486 4560 3514 4589 »
3535 4538 3730 4603 Quan-

290 4639 406 4690 tes.
440 4638 715 4703 Cumque
744 4629 1217 4701 pervenissemus
1275 4626 1347 4681 ad
1382 4625 1583 4689 finem,
1621 4624 1741 4680 haec
1765 4624 1965 4693 subje-

293 4723 539 4778 cimus:
576 4742 606 4771 «
642 4718 825 4792 Igitur
840 4722 898 4773 et
925 4718 985 4772 in
1020 4716 1388 4772 restitutione
1421 4713 1709 4779 omnium,
1732 4712 1967 4784 quando

298 4826 529 4881 corpus
560 4810 741 4865 totius
773 4806 1044 4863 Ecclesiae
1068 4821 1224 4861 nunc
1255 4805 1587 4876 dispersum
1621 4806 1796 4871 atque
1826 4800 1970 4855 lace-

304 4902 536 4965 ratum,
574 4914 744 4954 verus
805 4895 1070 4951 medicus
1128 4894 1394 4949 Christus
1444 4892 1621 4946 Jesus
1652 4894 1969 4945 sanaturus

301 4988 637 5047 advenerit.
673 4984 1087 5057 unusquisque
1118 4982 1441 5039 secundum
1468 4995 1806 5036 mensuram
1838 4978 1969 5033 fidei

294 5083 355 5133 et
391 5075 720 5149 agnitionis
749 5073 878 5129 Filii
905 5073 1210 5144 Dei(quem
1238 5071 1366 5125 ideo
1389 5084 1705 5141 agnoscere
1736 5066 1970 5135 dicitur,

294 5167 451 5239 quia
482 5164 650 5237 prius
710 5168 968 5228 noverat,
1013 5167 1069 5216 et
1101 5166 1301 5233 postea
1332 5176 1504 5215 nosse
1535 5158 1765 5227 desivit)
1796 5172 1970 5211 suum

294 5255 553 5326 recipiet
582 5253 802 5317 locum,
863 5255 920 5307 ct
952 5250 1193 5323 incipiet
1249 5249 1305 5303 id
1366 5264 1492 5303 esse
1552 5246 1705 5318 quod
1744 5246 1968 5300 fuerat:

290 5346 382 5399 ita
416 5348 649 5407 tamen,
685 5346 751 5395 ut
777 5356 894 5395 non
935 5342 1106 5411 juxta
1162 5335 1429 5392 haeresim
1463 5335 1638 5390 aliam
1679 5351 1881 5390 omnes
1916 5334 1971 5388 in

372 5507 389 5538 ¹
434 5501 504 5557 In
528 5501 951 5564 Commentar.,
984 5502 1044 5553 in
1072 5500 1168 5553 hoc
1200 5496 1571 5562 introducunt,
1605 5497 1765 5568 quod,
1799 5501 1900 5568 etc.

368 5575 393 5608 ²
433 5571 861 5653 Supplevimus
894 5570 987 5653 hic
1018 5585 1219 5653 vocem.
1246 5569 1448 5639 positi,
1481 5567 1782 5653 qum’etﬂin
1805 5567 1972 5653 com:

290 5638 625 5704 mentariis
653 5642 890 5715 legitur,
922 5646 979 5698 et
1035 5642 1093 5696 in
1135 5641 1399 5697 subnexa
1444 5639 1836 5711 recognitione
1866 5638 1975 5694 loci

2077 4632 2148 4685 do
2179 4629 2644 4700 dico,tropicam,
2669 4630 2847 4684 doceo
2869 4644 3073 4683 verum
3104 4645 3220 4684 non
3250 4627 3565 4700 esse,quod
3598 4625 3737 4681 dici-

2079 4718 2299 4781 tur,sed
2334 4717 2619 4789 allegoria:
2640 4717 2841 4772 nubila
2874 4717 3730 4789 figuratum.Ponamustamen

2078 4807 2206 4877 ipsa
2236 4806 2410 4859 verba
2460 4822 2586 4876 quae
2621 4806 2679 4859 in
2738 4805 3005 4877 Origenis
3058 4805 3208 4860 libro
3238 4806 3407 4860 tertio
3430 4802 3733 4857 continen-

2080 4900 2211 4950 tur:
2280 4918 2306 4943 ‹‹
2339 4894 2613 4949 Dicamus
2672 4895 2827 4965 quod
2867 4894 3029 4948 illam
3062 4909 3317 4959 carnem,
3380 4908 3505 4962 quae
3536 4890 3737 4945 visura

2081 4984 2156 5039 sit
2216 4982 2469 5039 salutare
2520 4983 2643 5050 Dei,
2697 4984 2897 5036 anima
2949 4982 3174 5052 diligat,
3206 4984 3264 5035 et
3294 4979 3537 5046 nutriat,
3572 4982 3629 5034 et
3653 4978 3739 5033 fo-

2080 5077 2208 5129 veat
2237 5089 2387 5141 eam,
2419 5070 2746 5142 disciplinis
2778 5070 3075 5133 erudiens,
3100 5072 3155 5123 et
3183 5067 3404 5125 cmlesti
3450 5066 3738 5141 saginans

2082 5180 2254 5234 pane,
2288 5166 2344 5216 et
2373 5160 2587 5216 Christi
2648 5159 2936 5231 sanguine
2986 5157 3277 5229 irrigans:
3322 5161 3388 5212 ut
3426 5157 3645 5213 refecta
3683 5159 3742 5212 et

2086 5252 2289 5318 nitida,
2324 5248 2509 5320 possit
2540 5248 2719 5303 libero
2752 5264 2927 5302 cursu
2985 5246 3175 5301 virum
3236 5247 3425 5319 sequi,
3485 5249 3543 5301 et
3572 5245 3736 5301 nullo

2085 5338 2403 5395 debilitatis
2461 5338 2715 5409 pondere
2782 5336 3182 5408 praegravarii‘.
3246 5334 3492 5392 Pulchre
3556 5334 3737 5389 etiam

2087 5499 2486 5553 conﬁrmatur.

2157 5571 2177 5601 ³
2212 5570 2273 5623 In
2301 5570 2719 5638 Commentar.,
2781 5573 2866 5625 σε’
2892 5568 3055 5623 nulla
3114 5568 3397 5626 debilitate
3424 5570 3479 5621 et
3505 5561 3742 5637 pondere

2089 5643 2451 5714 praegravari.
