4094 6166
331 277 459 355 ιθα

1568 281 1636 345 S.
1671 278 1996 346 EUSEBH
2041 274 2503 350 HIBRGNYML
2531 297 2538 308 ‘

3613 277 3778 354 ua.
3827 219 3846 296 ε’

331 412 399 475 in
458 415 910 474 similitudinem
967 415 1183 473 Christi
1241 415 1559 473 nutrientis
1615 421 1672 472 et
1727 415 1972 470 foventis
2003 415 2058 481 Α
2089 414 2177 472 los
2199 433 2315 473 non
2347 421 2438 473 est
2465 417 2570 484 vir,
2604 433 2792 491 neque
2821 417 3054 488 mulier,
3086 419 3172 476 ita
3200 421 3402 488 etnoe,
3433 414 3534 490 qui
3569 413 3750 480 simi:

334 507 674 572 Ecclesiam,
736 510 794 562 et
849 505 1095 562 dicentis
1149 508 1218 562 ad
1277 505 1654 563 Jerusalem:
1689 503 1978 570 «Quoties

331 596 489 653 volui
513 611 867 670 congregare
897 596 1047 652 ﬁlios
1104 601 1256 664 tuos,
1321 601 1386 651 ut
1414 595 1633 668 gallina
1664 595 1978 664 congregat

330 685 525 760 pullos
567 703 708 741 suos
767 686 876 740 sub
928 685 1052 741 alas
1109 702 1268 752 suas,
1333 689 1390 739 et
1462 683 1704 739 noluisti
1760 681 1969 752 (Matth.

329 794 495 844 xxm,
517 777 632 844 37),
671 794 693 823 α
728 775 936 830 animae
994 791 1228 846 quoque
1259 774 1453 828 fovent
1479 789 1720 843 corpora
1750 789 1878 838 sua,
1912 773 1977 825 ut

331 865 732 937 corruptivum
786 863 895 918 hoc
947 864 1154 918 induat
1210 861 1706 934 incorruptionem
1759 863 1804 931 (l
1851 861 1972 915 Cor.

331 973 422 1022 xv,
456 957 567 1025 52),
602 959 658 1009 et
687 953 912 1008 alarum
966 952 1198 1008 levitate
1253 968 1630 1023 suspensum,
1684 951 1742 1004 in
1782 965 1972 1005 aerem

329 1044 559 1101 facilius
591 1042 940 1099 sublevetur.
969 1042 1284 1097 Foveamus
1337 1040 1515 1112 igitur
1543 1045 1600 1095 et
1626 1039 1732 1094 viri
1765 1055 1973 1094 uxores

329 1137 582 1202 nostras,
612 1136 668 1186 et
697 1130 903 1185 anima:
952 1135 1160 1185 nostrze
1213 1131 1531 1200 corpora‘:
1567 1133 1631 1183 ut
1677 1132 1732 1183 et
1764 1143 1971 1183 uxores

327 1223 388 1278 in
418 1223 592 1289 viros,
648 1225 704 1276 et
760 1236 1001 1292 corpora
1042 1219 1383 1292 redigantur
1425 1219 1486 1272 in
1517 1218 1765 1282 animas,
1798 1221 1854 1272 et
1883 1233 1974 1271 ne-

328 1327 624 1385 quaquam
653 1310 730 1364 sit
761 1325 1007 1364 sexuum
1038 1307 1159 1364 ulla
1189 1308 1514 1374 diversitas;
1548 1307 1648 1362 sed
1681 1306 1972 1378 quomodo

327 1400 482 1471 apud
513 1397 772 1471 angelos,
798 1415 912 1453 non
946 1401 1035 1453 est
1064 1397 1152 1452 vir
1181 1402 1237 1452 et
1267 1396 1479 1452 mulier
1502 1413 1514 1462 ;
1541 1395 1623 1450 ita
1644 1399 1702 1450 et
1734 1394 1971 1466 nos,qui

326 1487 551 1544 similes
581 1487 806 1558 angelis
839 1487 1018 1541 futuri
1043 1486 1400 1557 sumns,jam
1434 1501 1588 1540 nunc
1621 1483 1974 1556 ineipiamur

326 1593 455 1633 esse
478 1577 634 1648 quod
667 1575 836 1630 nobis
868 1575 924 1628 in
962 1574 1294 1629 coelestibus
1327 1573 1754 1645 repromissum
1788 1576 1897 1628 est.
1945 1594 1970 1619 ››

394 1669 697 1736 29.Supra
773 1662 1098 1734 simplicem
1157 1663 1576 1734 expositionem
1637 1662 1792 1717 484
1844 1677 1969 1732 quae

325 1753 496 1812 nobis
524 1753 582 1808 in
635 1751 966 1808 testimonio
1017 1752 1127 1806 isto
1161 1768 1289 1807 esse
1319 1752 1644 1819 videbatur,
1678 1749 1970 1821 expressi-

323 1843 772 1910 mus,dicentes:
808 1864 835 1890 «
864 1841 1158 1904 Quantum
1191 1841 1261 1896 ad
1290 1839 1616 1910 simplicem
1649 1838 1972 1911 intelligen-

321 1933 467 1987 tiam
527 1931 795 2002 pertinet,
858 1934 1064 1986 sancta
1112 1931 1217 2000 [Αἱ.
1279 1933 1541 1984 sanctam
1603 1927 1969 1998 charitatem]

321 2021 474 2078 inter
529 2021 718 2074 virum
775 2025 833 2076 et
886 2035 1123 2074 uxorem
1181 2019 1464 2074 charitate
1519 2021 1806 2090 praecepta
1861 2018 1968 2088 [Αἱ.

320 2112 605 2182 przecepto
646 2108 798 2178 hoc],
860 2125 1015 2162 nunc
1054 2107 1357 2178 jubemur,
1414 2111 1479 2162 ut
1526 2105 1859 2161 nutriamus
1916 2108 1973 2159 et

319 2198 620 2254 foveamus
679 2197 990 2268 conjuges:
1051 2199 1116 2251 ut
1162 2195 1386 2251 scilicet
1417 2194 1501 2251 eis
1529 2195 1748 2249 victum
1790 2198 1847 2249 et
1875 2209 1968 2248 ve-

321 2286 550 2354 stitum,
577 2289 634 2340 et
663 2301 731 2340 ea
789 2302 916 2355 qua:
970 2288 1110 2339 sunt
1158 2282 1489 2339 necessaria
1517 2283 1904 2354 praebeamus.
1941 2304 1968 2330 »

319 2375 452 2432 Haac
482 2379 682 2430 nostra
710 2374 1000 2429 sententia
1029 2379 1134 2428 est.
1171 2373 1356 2445 Igitur
1392 2389 1566 2428 omne
1583 2373 1738 2443 quod
1783 2371 1972 2442 sequi-

317 2467 418 2520 tur
445 2463 740 2534 deinceps,
775 2468 833 2518 et
890 2461 1101 2534 opponi
1163 2461 1330 2518 nobis
1361 2466 1570 2533 potest,
1605 2459 1972 2516 ostendimus

321 2568 440 2608 non
471 2568 540 2606 ex
577 2556 796 2616 nostra,
857 2551 958 2607 sed
1017 2567 1085 2606 ex
1133 2549 1663 2606 contradicentium
1724 2547 1968 2621 intelligi

321 2640 531 2702 debere
563 2640 972 2712 persona.Quze
1005 2656 1138 2694 cum
1171 2640 1248 2694 sit
1277 2639 1464 2694 brevis
1496 2643 1553 2693 et
1583 2637 1854 2693 absoluta
1881 2653 1968 2692 re-

321 2727 580 2800 sponsio,
641 2733 699 2782 et
744 2729 915 2798 juxta
971 2727 1029 2782 id
1088 2728 1242 2798 quod
1277 2744 1457 2798 supra
1485 2726 1760 2793 diximus,
1795 2725 1969 2781 etiam

323 2816 611 2888 allegoria:
651 2816 900 2882 umbris,
959 2816 1030 2871 de
1060 2832 1125 2871 eo
1159 2817 1314 2888 quod
1345 2820 1453 2882 est,
1485 2815 1555 2870 ad
1580 2815 1636 2869 id
1669 2815 1823 2886 quod
1857 2830 1970 2869 non

323 2910 466 2974 erat,
510 2905 856 2978 depravata:
918 2910 1116 2961 tamen
1174 2905 1445 2960 accedam
1482 2903 1749 2975 propius,
1780 2907 1837 2957 et
1866 2902 1979 2958 sci~

323 2995 579 3051 scitabor
607 2994 747 3067 quid
797 2994 904 3050 tibi
961 2994 1019 3048 in
1081 2993 1189 3049 hac
1219 2992 1617 3065 disputatione
1645 2991 1968 3063 displiceat.

324 3083 545 3154 Nempe
573 3085 710 3154 quia
741 3083 1008 3148 dixerim,
1040 3083 1271 3138 animas
1303 3087 1366 3137 ut
1403 3083 1558 3136 viros
1591 3080 1780 3135 fovere
1802 3078 1972 3150 quasi

337 3187 548 3226 uxores
605 3188 846 3242 corpora
883 3189 1010 3236 sua,
1066 3175 1130 3224 ut
1183 3171 1578 3242 corruptivum
1632 3169 1741 3223 hoc
1771 3167 1977 3222 induat

342 3259 858 3331 incorruptionem,
899 3264 953 3313 et
1001 3259 1224 3314 alarum
1253 3259 1480 3314 levitate
1509 3274 1885 3330 suspensum,
1919 3256 1978 3311 in

347 3365 540 3406 aerem
567 3347 796 3403 facilius
809 3348 1408 3410 sublevetur.Quando
1433 3347 1560 3402 dico
1581 3347 1976 3418 corruptivum

334 3439 444 3494 hoc
477 3437 682 3495 induat
737 3436 1256 3507 incorruptionem,
1317 3453 1429 3490 non
1484 3439 1646 3490 muto
1705 3439 1974 3490 naturam

322 3542 654 3598 corporum,
716 3525 817 3580 sed
851 3539 1036 3596 augeo
1083 3522 1348 3594 gloriam.
1402 3523 1516 3579 Nec
1548 3540 1661 3578 non
1691 3524 1844 3595 quod
1879 3540 1974 3579 se-

325 3616 545 3689 quitur,
586 3613 813 3670 alarum
844 3613 1078 3668 levitate
1144 3627 1501 3684 suspensum
1535 3612 1592 3666 in
1613 3628 1804 3667 aerem
1840 3612 1972 3667 faci~

320 3703 434 3760 lius
492 3703 832 3760 sublevetur
854 3703 952 3777 qui
1013 3701 1138 3758 alas
1189 3701 1463 3766 assumit,
1499 3701 1554 3756 id
1587 3705 1696 3767 est,
1729 3701 1966 3757 immor-

319 3792 628 3859 talitatem,
690 3797 753 3847 ut
805 3791 988 3847 levius
1043 3793 1113 3846 ad
1173 3789 1383 3846 coelum
1424 3789 1596 3858 volet,
1630 3805 1744 3844 non
1781 3791 1971 3862 perdit

317 3898 446 3938 esse
476 3881 632 3952 quod
694 3882 900 3935 fuerat.
960 3880 1069 3935 Sed
1131 3879 1310 3943 dices,
1337 3883 1572 3933 movent
1597 3895 1688 3934 me
1719 3894 1850 3949 quae
1880 3895 1966 3933 se-

320 3973 613 4042 quuntur:
645 3992 672 4017 «
717 3969 1036 4024 Foveamus
1065 3967 1246 4039 igitur
1275 3972 1331 4023 et
1359 3967 1464 4022 viri
1498 3983 1728 4034 uxores,
1761 3971 1818 4023 et
1848 3966 1970 4022 ani-

321 4075 430 4113 ma:
461 4062 671 4114 1108th
715 4074 974 4129 corpora,
1034 4062 1099 4112 ut
1127 4061 1184 4112 et
1239 4073 1446 4112 uxores
1490 4057 1548 4111 in
1583 4057 1821 4124 viros,et
1848 4073 1970 4112 cor-

321 4163 464 4220 pora
532 4146 872 4219 redigantur
943 4146 1001 4201 in
1052 4145 1300 4212 animas,
1353 4149 1409 4200 et
1463 4161 1834 4217 nequaquam
1892 4145 1970 4201 sit

319 4251 565 4292 sexuum
599 4235 1084 4308 ulla‘diversitas;
1139 4235 1240 4290 sed
1275 4235 1566 4306 quomodo
1601 4234 1755 4306 apud
1788 4249 1964 4308 ange-

393 4463 409 4495 ί
435 4457 654 4528 Supple
682 4460 994 4527 foveantJn
1025 4455 1374 4522 Comment.,
1405 4463 1459 4509 et
1513 4456 1722 4512 animo“?
1757 4461 1963 4514 nostra?

382 4543 546 4581 rnora
553 4569 564 4581 .

317 4543 412 4582 cor
447 4543 564 4582 ora.

335 4669 345 4670 ί
387 4543 631 4653 ’pMallet
661 4597 950 4670 Victorius
983 4599 1445 4670 infringere,tum
1479 4611 1546 4651 ex
1573 4596 1969 4670 genuinprum

315 4669 580 4725 dentium
613 4669 711 4740 qui
745 4669 941 4724 cibum
978 4669 1272 4737 frangunt,
1299 4673 1695 4740 natura,itum
1744 4669 1812 4725 ex
1843 4671 1971 4726 Per-

314 4740 384 4796 sii
419 4737 805 4812 versu,quem
839 4740 1226 4810 Hieronymus
1258 4737 1487 4793 videtur
1511 4739 1787 4809 alludere,

937 4854 1116 4903 Secuit
1137 4853 1368 4902 Lucilius
1393 4854 1582 4903 Urbem
1609 4869 1619 4901 :

421 4920 511 4977 Te,
542 4921 684 4982 Lupe
711 4935 721 4979 ;
755 4921 824 4979 te,
857 4917 1014 4976 ltluti;
1045 4921 1097 4966 et
1124 4917 1418 4979 genuinum
1452 4915 1607 4980 fregit
1637 4917 1690 4965 in
1723 4917 1849 4967 illis.

380 5024 402 5056 ⁸
433 5024 500 5078 Et
530 5027 813 5093 Luscium,
838 5031 946 5081 etc.
1008 5024 1279 5079 Luscium
1337 5022 1638 5077 Lavinium
1686 5025 1963 5082 aemulum

313 5094 494 5165 fuisse
524 5097 798 5161 Terentii,
861 5103 916 5152 et
971 5096 1259 5150 Ciceronis
1313 5093 1580 5149 Asinium
1619 5094 1959 5165 Pollionem,

310 5164 478 5218 docet
509 5167 722 5222 Seneca
755 5169 811 5222 in
879 5165 1404 5231 Dectamatiom'bus;
1456 5167 1702 5220 Rufinus
1725 5171 1781 5221 et
1811 5164 1962 5223 alius

310 5237 659 5309 monachus,
695 5239 792 5309 qui
827 5239 1173 5308 sojactabat
1203 5239 1272 5293 de
1303 5251 1512 5308 genere
1538 5239 1958 5307 Corneliorum,

311 5305 692 5362 imitabantur
714 5305 727 5309 “
753 5308 882 5363 illos
917 5305 1194 5364 'zemulos.
1250 5305 1459 5364 confer
1490 5309 1602 5364 ista
1631 5326 1763 5364 cum
1797 5305 1960 5366 Com-

311 5378 611 5432 menlariis
645 5381 699 5431 in
733 5380 964 5446 Jonam,
1029 5381 1122 5433 ubi
1182 5381 1252 5433 dc
1293 5380 1596 5434 cucurbita
1625 5397 1814 5436 sermo
1847 5387 1954 5438 est.

309 5451 890 5525 agamus—Saepius
911 5452 1227 5525 Lanuvinus
1257 5450 1586 5525 appellatur
1606 5453 1779 5507 etiam
1801 5456 1954 5525 apud

308 5519 1033 5590 Hieronymumftametsi
1081 5524 1233 5590 apud
1298 5519 1609 5577 Donatum
1669 5519 1952 5589 Lavinius,

305 5592 460 5660 quod
495 5591 648 5648 idem
706 5596 813 5649 est.
849 5592 912 5647 In
971 5591 1230 5665 Epistola
1279 5592 1351 5647 ad
1380 5594 1776 5664 Augustinum
1810 5597 1950 5654 H2:

2086 505 2170 561 les
2202 506 2426 578 angelis
2447 507 3010 580 futurisumus,jam
3039 526 3196 565 nunc
3216 506 3572 580 incipiamus
3605 520 3736 562 esse

2085 594 2144 650 in
2177 595 2367 663 terris,
2402 596 2554 668 quod
2589 597 2759 653 nobis
2790 597 2848 652 in
2909 597 3247 666 omlestibus
3305 594 3746 669 repromissum.

2085 688 2191 740 est.
2222 706 2243 735 ι
2278 685 2448 741 Recte
2481 691 2795 751 moverent,
2855 686 2970 743 nisi
3039 690 3174 759 post
3201 686 3398 758 priora
3427 683 3735 750 dixissem,

2077 774 2201 844 jam
2237 790 2391 829 nunc
2444 773 2795 846 incipiamus
2827 792 2974 841 esse,
3007 777 3162 847 quod
3197 774 3366 834 nobis
3393 773 3453 828 in
3479 771 3739 829 caelesti-

2085 862 2195 916 bus
2252 863 2672 934 repromissum
2755 869 2862 920 est.
2939 864 3178 930 Quando
3228 862 3378 930 dico,
3456 861 3552 918 hic
3607 877 3740 922 esse

2084 949 2436 1021 incipiamus
2466 951 2525 1007 in
2557 951 2750 1018 terris,
2785 957 3052 1008 naturam
3100 969 3216 1008 non
3278 951 3416 1008 tollo
3439 968 3690 1010 sexuum
3718 973 3732 1021 ;

2082 1040 2182 1095 sed
2214 1039 2519 1096 libidinem
2575 1045 2632 1096 et
2689 1041 2906 1096 coitum
2939 1040 3041 1096 viri
3067 1045 3124 1096 et
3153 1039 3350 1096 uxoris
3381 1041 3604 1112 aufero,
3640 1045 3736 1100 di-

2082 1133 2246 1186 cente
2310 1128 2614 1201 Apostolo:
2671 1130 2986 1201 «Tempus
3056 1130 3226 1186 breve
3302 1133 3392 1186 est
3438 1131 3730 1204 reliquum

2081 1222 2192 1287 est,
2224 1222 2288 1272 ut
2316 1223 2374 1274 et
2398 1218 2497 1290 qui
2521 1218 2741 1276 habent
2771 1235 3001 1287 uxores,
3029 1219 3113 1274 sic
3145 1219 3263 1274 sint
3282 1219 3454 1291 quasi
3482 1237 3595 1277 non
3631 1222 3730 1280 ha-

2081 1308 2256 1364 beant
2287 1308 2333 1378 (I
2363 1307 2481 1363 Cor.
2515 1325 2636 1374 VIII,
2695 1309 2807 1380 29).
2843 1331 2868 1358 ››
2904 1309 2974 1363 Et
3025 1308 3310 1364 Dominus
3340 1309 3748 1384 interrogatus.

2081 1395 2139 1450 in
2171 1395 2501 1468 Evangelio,
2535 1397 2706 1467 cujus
2753 1397 2825 1452 de
2883 1400 3107 1468 septem
3140 1397 3422 1455 fratribus
3455 1399 3514 1454 in
3546 1416 3744 1458 resur-.

2082 1484 2337 1542 rectione
2365 1501 2493 1540 esse
2513 1485 2750 1541 deberet
2806 1501 2968 1551 uxor,
3004 1486 3116 1542 ait:
3158 1508 3187 1537 «
3209 1486 3452 1554 Erratis,
3478 1488 3738 1546 nesc-ieno

2077 1577 2168 1629 tes
2223 1573 2570 1645 Scripturas,
2647 1589 2838 1645 neque
2883 1573 3166 1629 virtutem
3225 1575 3362 1631 Dei:
3425 1575 3487 1632 in
3540 1594 3736 1640 resur-

2078 1661 2332 1717 rectione
2388 1662 2545 1717 enim
2602 1678 2789 1733 neque
2849 1664 3089 1731 nubent,
3143 1679 3333 1735 neque
3392 1665 3728 1735 nubentur;

2082 1752 2182 1807 sed
2232 1755 2404 1807 erunt
2459 1751 2610 1807 sicut
2669 1750 2860 1823 angeli
2917 1752 3016 1808 Dei
3069 1752 3131 1818 in
3188 1752 3330 1809 coelo
3355 1753 3563 1825 (Matth.
3589 1773 3748 1822 xxu,
3811 1805 3818 1810 .

2078 1840 2169 1908 29,
2201 1841 2311 1911 30).
2345 1862 2374 1890 »
2399 1841 2466 1895 Et
2488 1856 2686 1896 revera
2742 1840 2841 1896 ubi
2898 1841 3050 1896 inter
3100 1841 3292 1897 virum
3337 1847 3395 1899 et
3423 1843 3726 1902 mulierem

2081 1927 2316 1984 castitas
2345 1928 2608 1996 est,485
2642 1945 2747 1984 nec
2807 1929 2893 1984 vir
2921 1929 3131 2002 incipit
3168 1946 3323 1998 esse,
3352 1947 3456 1988 nec
3485 1932 3720 2000 femina,

2081 2017 2182 2073 sed
2213 2017 2405 2073 adhuc
2443 2017 2503 2072 in
2559 2034 2799 2090 corpore
2837 2018 3010 2090 positi
3045 2023 3348 2076 mutantur
3378 2020 3434 2075 in
3467 2023 3739 2093 angelos,

2081 2106 2139 2161 in
2165 2106 2381 2178 quibus
2415 2123 2530 2162 non
2559 2111 2650 2162 est
2678 2106 2765 2162 vir
2793 2123 2980 2179 neque
3009 2107 3407 2172 mulier.Quod
3438 2113 3496 2166 et
3522 2109 3590 2174 in,
3615 2109 3730 2166 alio

2079 2193 2204 2250 loco
2235 2195 2307 2250 ab
2356 2195 2560 2250 eodem
2608 2195 2884 2266 Apostolo
2933 2196 3181 2252 dicitur:
3216 2221 3244 2247 «
3279 2197 3628 2269 Quicunque
3666 2199 3728 2256 in

2078 2282 2305 2338 Christo
2337 2282 2613 2355 baptizati
2667 2283 2832 2351 estis,
2891 2283 3189 2342 Christum
3248 2286 3548 2342 induistis.
3604 2287 3726 2343 Non

2079 2376 2168 2427 est
2197 2371 2437 2428 Judzeus
2469 2387 2659 2443 neque
2717 2373 2972 2440 Graecus,
3024 2390 3138 2430 non
3186 2379 3276 2430 est
3305 2391 3510 2432 servus
3543 2391 3729 2446 neque

2077 2459 2246 2528 liber,
2289 2477 2404 2516 non
2435 2466 2524 2517 est
2553 2461 2848 2517 masculus
2871 2477 3060 2532 neque
3091 2462 3558 2520 femiua.0mnes
3572 2464 3728 2522 enim

2080 2567 2264 2604 unum
2294 2567 2395 2606 vos
2424 2550 2566 2606 estis
2595 2549 2654 2605 in
2713 2550 2942 2608 Christo
2965 2551 3107 2606 Jesu
3126 2551 3423 2622 (autumn,
3455 2553 3664 2623 27,28).
3702 2577 3729 2604 ι)

2149 2640 2237 2694 30.
2297 2641 2678 2696 Accusationes
2743 2641 2926 2710 Ruﬁni
2979 2641 3162 2710 falsae.
3231 2641 3460 2710 Ruﬁnus
3506 2643 3728 2699 Graecas

2083 2728 2291 2783 litteras
2319 2726 2584 2784 didicerat
2613 2730 2734 2785 sine
2781 2730 3066 2799 magistro.
3100 2729 3446 2800 ergorium
3474 2731 3726 2786 Nasum-

2080 2833 2276 2871 senum
2315 2817 2688 2874 transtulerat.
2733 2848 2797 2858 ——
2823 2817 2934 2874 Sed
2994 2817 3274 2888 quoniam
3338 2817 3729 2891 deconfrago-

2081 2904 2163 2960 sis
2192 2907 2248 2960 et
2275 2904 2498 2976 asperis
2549 2903 2692 2961 locis
2751 2905 3080 2978 enavigavit
3121 2904 3325 2973 oratio,
3353 2909 3410 2960 et
3441 2905 3727 2974 hereseos

2080 2992 2301 3048 crimen
2333 2992 2653 3064 impactum
2712 2997 2833 3048 tota
2872 2993 3081 3050 frontis
3103 2993 3369 3049 libertate
3400 2993 3753 3066 repulimus.

2083 3081 2232 3150 [mss.
2291 3080 2670 3153 respuimus],
2724 3082 2796 3137 ad
2828 3080 2974 3137 alias
3003 3083 3132 3152 ejus
3170 3081 3563 3147 accusationis
3592 3100 3751 3155 par-.

2005 3152 2048 3218 C
2085 3173 2171 3225 tes
2223 3152 2440 3240 quibus
2479 3186 2586 3224 nos
2642 3170 2906 3225 mordere
2963 3169 3188 3236 nititur,
3245 3152 3637 3228 transeamus.
3682 3173 3730 3230 Ε

2089 3258 2304 3330 quibus
2335 3257 2523 3330 prima
2550 3264 2657 3325 est,
2689 3275 2782 3314 me
2837 3259 3135 3315 hominem
3193 3259 3568 3328 maledicum,
3599 3277 3723 3316 om-

2087 3347 2250 3402 nium
2283 3347 2749 3415 detractorem,in
2783 3363 3165 3420 praecessores
3197 3364 3358 3404 meos
3390 3348 3716 3418 genuinum

2086 3452 2317 3508 semper
2357 3436 2649 3508 infigere’.
2713 3435 2815 3491 Det
2865 3453 3071 3503 unum,
3106 3437 3279 3508 cujus
3309 3437 3368 3494 in
3429 3436 3726 3509 opusculis

2085 3525 2232 3580 meis
2288 3540 2499 3580 nomen
2558 3524 2895 3590 taxaverim,
2952 3524 3038 3580 vel
3097 3541 3274 3596 quem
3327 3526 3501 3595 juxta
3537 3529 3722 3594 artem

2083 3613 2243 3669 illius
2297 3614 2548 3686 figurata
2605 3613 2777 3669 laude
2833 3612 3293 3686 perstrinxerim.
3375 3614 3476 3670 Sin
3527 3618 3723 3674 autem

2080 3705 2282 3757 contra
2309 3701 2535 3758 invidos
2594 3702 2808 3773 liquor,
2831 3705 2888 3757 et
2917 3701 3188 3758 Luscium
3208 3702 3230 3735 ³
3275 3701 3603 3770 Lavinium,
3636 3702 3724 3758 vel

2080 3790 2350 3846 Asinium
2429 3789 2743 3845 Pollionem
2848 3791 2918 3846 de
2998 3806 3210 3863 genere
3293 3789 3722 3854 Corneliorum.
3791 3830 3794 3832 η

2078 3878 2211 3950 styli
2272 3879 2385 3934 mei
2443 3895 2644 3933 mucro
2697 3877 3092 3946 convulnerat,
3151 3878 3202 3934 si
3250 3877 3614 3938 histriculaa‘
3665 3883 3752 3936 et,

2075 3965 2260 4021 lividae
2303 3967 2514 4023 mentis
2571 3966 2872 4023 hominem
2923 3984 2957 4023 a
3009 3983 3104 4023 me
3161 3967 3499 4032 submoveo,
3551 3970 3610 4022 et
3648 3967 3720 4022 ad

2078 4071 2261 4110 unum
2289 4054 2546 4126 stipitem
2579 4060 2789 4111 cuneta
2827 4055 3027 4126 jacula
3068 4056 3278 4128 dirigo,
3313 4054 3728 4128 quidvulnera

2077 4160 2186 4199 sua
2221 4142 2476 4215 partitur
2531 4143 2590 4198 in
2620 4144 2877 4200 multos?
2934 4143 3074 4216 quid
3133 4161 3200 4201 ex
3231 4143 3596 4216 impatientia
3635 4161 3726 4207 re-

2075 4231 2450 4304 spondendi,“
2478 4233 2736 4298 ostendit
2794 4249 2856 4288 se
2909 4248 3038 4297 esse
3088 4232 3190 4304 qui
3222 4231 3482 4304 petitur?
3508 4231 3724 4304 thieit

2077 4453 2275 4525 «Ante
2332 4470 2517 4509 annos
2576 4453 2863 4525 plurimos
2919 4454 3227 4510 cucurbita
3282 4452 3441 4525 venit
3496 4451 3556 4523 in
3610 4468 3730 4525 me-

2000 4515 2046 4579 D
2077 4523 2264 4598 dium,
2320 4515 2618 4598 asserente
2671 4524 2833 4598 illius
2882 4525 3164 4598 temporis
3196 4523 3482 4598 Cornelio,
3513 4519 3573 4579 et
3600 4524 3728 4580 Asi-

2080 4596 2176 4669 nio
2235 4595 2513 4669 Pollione,
2546 4613 2642 4652 me
2672 4597 2958 4669 Hederam
3006 4595 3112 4669 pro
3131 4595 3446 4669 cucurbita
3465 4599 3729 4669 trahetu-

2077 4666 2235 4741 lisse.
2272 4690 2300 4717 ››
2344 4668 2510 4741 Vide,
2543 4685 2616 4723 ne
2642 4667 2827 4741 longi
2857 4666 3066 4741 simus,
3124 4668 3184 4723 in
3251 4667 3726 4741 Jonam_cap._1i.

2079 4739 2358 4813 Memorat
2388 4739 2607 4813 Seneca
2638 4739 2694 4793 in
2747 4737 3095 4806 Declamatt,
3136 4737 3432 4813 ramulum
3447 4737 3744 4813 Terentii,

2077 4810 2350 4864 Luscium
2403 4811 2729 4875 Lavinium,
2798 4816 2863 4866 ut
2945 4817 3002 4866 et
3073 4807 3344 4876 Asinium
3405 4808 3723 4865 Pollionem

2075 4881 2785 4954 CiceronistNumitaque
2818 4888 3015 4954 noster
3046 4882 3322 4938 Ruﬁnum
3350 4880 3445 4936 his
3465 4880 3725 4954 nomini-

2077 4953 2208 5017 bus,
2241 4958 2341 5026 aut
2391 4951 2732 5009 Ruﬁniands
2778 4953 3020 5026 sodales
3051 4954 3240 5026 carpit
3262 4959 3318 5008 et
3347 4968 3480 5010 cum
3515 4951 3722 5023 primis

2074 5023 2450 5150 metuatque,
2510 5026 2608 5097 qui
2642 5042 2702 5081 se
2759 5025 2829 5080 de
2885 5023 3285 5082 Corneliorum
3347 5039 3478 5094 esse
3509 5038 3721 5098 genere

2074 5112 2160 5150 Iac
2191 5113 2222 5150 a
2269 5113 2301 5150 8.
2351 5137 2362 5150 .

2064 5096 2326 5165 jactabat
2345 5097 2362 5150 ‘l

2142 5169 2163 5200 ⁴
2189 5167 2257 5240 _Si
2294 5169 2610 5240 histriculaz.
2649 5167 2945 5240 Marianus
2969 5171 3099 5240 post
3132 5169 3440 5240 Erasmum
3474 5165 3728 5222 mutavit

2071 5236 2376 5292 lectionem
2419 5239 2682 5310 omnium
2743 5236 3008 5295 codicum
3080 5255 3221 5295 mss.
3252 5239 3351 5310 qui
3385 5241 3724 5310 constanter

2069 5309 2321 5363 retinent
2350 5309 2587 5364 verbum
2617 5310 2916 5366 histricutaz
2941 5330 2959 5365 .·
2995 5310 3235 5366 histriea
3255 5307 3415 5366 enim
3457 5315 3516 5365 et
3543 5307 3726 5366 livida

2067 5385 2190 5452 erat
2223 5379 2388 5434 mens
2421 5380 2636 5440 Ruﬁni.
2695 5398 2871 5452 quem
2907 5399 2940 5436 a
2989 5399 3100 5436 sua
3129 5381 3390 5436 amicitia
3421 5380 3720 5452 submovit

2069 5451 2478 5524 Hieronymus.
2539 5452 2684 5524 Editi
2713 5450 2948 5524 degunt
2985 5455 3308 5524 histricosaz,
3342 5468 3520 5524 sensu
3552 5450 3710 5508 haud

2068 5521 2213 5596 satis
2243 5521 2606 5596 congruenti.
2649 5521 2928 5581 ΜΑιιτῖΑΝ.
2963 5555 3030 5566 -—
3060 5523 3358 5594 Victorius
3415 5523 3718 5596 histrieosa

2066 5591 2379 5666 legendum
2405 5591 2633 5651 maluit.
