4094 6166
266 306 379 378 Μελ

1463 309 1776 377 CONTRA
1816 309 2182 378 RUFINUM
2225 307 2377 377 LIB.
2404 306 2468 376 'l.

3552 312 3677 380 “9

261 445 406 503 mihi
468 443 820 518 perjurium,
855 449 914 502 et
967 445 1209 504 mistum
1266 447 1593 521 sacrilegio,
1646 449 1800 519 quod
1842 447 1902 503 in
1936 448 1991 515 Α
2021 447 2349 504 Bibendum
2381 447 2566 521 igitur
2592 446 2736 505 mihi
2766 447 2878 504 erit
2910 448 2982 504 de
2998 446 3228 507 Lethmo
3258 450 3491 524 gurgite
3502 451 3674 523 juxta

257 535 408 592 libro
438 533 646 607 (Epist.
683 538 772 601 22,
803 536 877 590 ad
914 535 1293 607 Eustochium)
1326 554 1440 608 quo
1471 537 1541 591 ad
1593 536 1911 593 instituen-

257 625 391 681 dam
422 624 643 679 Christi
672 624 957 696 virginem
988 624 1215 697 loquor,
1250 630 1386 681 ante
1444 625 1702 682 tribunal
1750 626 1910 698 judi-

258 714 343 771 cis
371 713 671 769 dormiens
706 712 1001 784 pollicitus
1048 713 1181 780 sim,
1208 732 1511 786 nunquam
1555 731 1647 770 Ire
1703 715 1911 771 litteris

258 801 647 860 saeuiat-ibus
676 802 956 857 daturum
988 808 1319 874 operam,et
1348 803 1732 859 nihilominus
1754 805 1916 859 dam-

261 896 424 947 nata:
454 890 792 946 eruditionis
840 890 1139 947 interdum
1197 891 1587 947 meminerim.
1620 893 1910 948 Nimirum

266 980 387 1035 iste
443 983 530 1034 est
581 977 973 1035 Sallustianus
1003 980 1017 1013 ¹
1051 979 1421 1051 Calpurnius,
1451 982 1551 1052 qui
1611 982 1779 1037 nobis
1812 998 1914 1053 per

272 1069 545 1141 Magnum
577 1072 886 1133 oratorem,
905 1085 1019 1124 non
1051 1085 1326 1141 magnam
1360 1074 1618 1125 moverat
1647 1071 1913 1142 quaestio-

268 1173 423 1224 nem,
470 1157 562 1211 cui
612 1156 810 1212 libello
856 1157 1013 1212 brevi
1068 1157 1483 1214 satisfecimus.
1534 1160 1698 1214 Nunc
1757 1160 1911 1231 quod

260 1246 467 1311 instat,
516 1261 621 1316 pro
680 1244 984 1317 sacrilegio
1037 1250 1211 1317 atque
1268 1247 1523 1318 perjuria
1568 1248 1778 1303 somnii
1824 1265 1911 1304 re-

259 1333 677 1405 spondendum
709 1338 816 1389 est.
849 1334 975 1389 Dixi
1008 1352 1099 1390 me
1131 1336 1444 1391 saeculares
1474 1336 1696 1391 litteras
1755 1335 1914 1391 dein-

256 1439 397 1495 ceps
444 1439 567 1477 non
618 1421 908 1478 lecturum
943 1441 956 1478 :
989 1424 1060 1479 de
1110 1425 1306 1479 futuro
1354 1426 1593 1497 sponsio
1646 1429 1754 1491 est,
1798 1442 1913 1481 non

258 1510 569 1584 μεθίει-ἥξω
619 1511 913 1566 memoriae
972 1511 1210 1567 abolitio
1252 1514 1295 1566 ’.
1346 1514 1419 1568 Et
1464 1514 1777 1585 quomodo,
1824 1514 1912 1569 in-

260 1600 448 1672 quies,
500 1604 688 1666 tenes,
735 1600 892 1671 quod
947 1604 1110 1655 tanto
1175 1606 1435 1673 tempore
1503 1619 1618 1657 non
1659 1602 1914 1674 relegis?

259 1689 523 1764 Rursum
554 1689 605 1742 si
636 1687 862 1759 aliquid
894 1688 965 1742 de
992 1689 1288 1745 veteribus
1320 1690 1485 1745 libris
1540 1692 1913 1762 respondero,

258 1778 414 1835 48.
444 1782 505 1832 et
542 1777 765 1843 dixero,
799 1778 937 1833 adeo
968 1780 1029 1833 in
1061 1780 1257 1833 teneris
1284 1794 1634 1835 consuescere
1678 1781 1916 1835 multum

261 1874 339 1922 est
368 1868 624 1935 (VIBGIL.
659 1865 843 1936 Georg.
875 1866 942 1936 11)
976 1882 989 1921 :
1024 1866 1164 1921 dum
1206 1883 1408 1936 renuo,
1451 1868 1671 1925 crimen
1721 1869 1917 1924 incur-

260 1970 349 2022 ro,
380 1958 443 2019 et.
492 1970 595 2025 pro
646 1970 741 2008 me
807 1953 1214 2009 testimonium
1259 1956 1579 2027 proferens,
1629 1956 1737 2013 hoc
1788 1957 1915 2028 ipso

262 2058 509 2114 arguor,
540 2058 650 2113 quo
673 2042 969 2097 defendor.
1001 2042 1231 2099 Scilicet
1261 2062 1417 2100 nunc
1448 2045 1620 2118 longo
1652 2062 1918 2101 sermone

263 2130 592 2187 texendum
620 2134 719 2198 est,
752 2131 907 2202 quod
939 2132 1191 2203 probant
1236 2133 1605 2189 conscientia)
1663 2133 1918 2207 singulo-

268 2235 432 2275 rum.
467 2218 603 2283 Quis
646 2224 912 2275 nostrum
962 2237 1077 2275 non
1130 2222 1400 2277 meminit
1447 2223 1703 2278 infantia:
1755 2224 1918 2279 suae?

261 2308 387 2381 Ego
419 2311 593 2373 certe,
621 2313 686 2364 ut
716 2309 822 2363 tibi
878 2308 1104 2364 homini
1159 2312 1527 2368 severissima
1576 2313 1762 2369 risum
1794 2330 1916 2368 mo-

259 2413 452 2464 veam,
484 2401 540 2453 et
572 2396 819 2453 imiteris
851 2396 1168 2469 aliquando
1200 2400 1508 2469 Crassum,
1530 2419 1705 2473 quem
1738 2401 1915 2457 semel

262 2486 320 2541 in
351 2486 473 2541 vita
502 2484 646 2541 dicit
674 2485 874 2542 risisse
907 2487 1166 2544 Lucilius
1193 2490 1234 2555 ³,
1264 2490 1503 2545 memini
1539 2507 1633 2545 me
1671 2507 1915 2561 puerum

261 2575 587 2631 cursitasse
619 2591 723 2645 per
750 2574 993 2632 cellulas
1040 2577 1425 2647 servulorum,
1459 2580 1613 2634 diem
1645 2579 1915 2634 feriatum

260 2664 504 2719 duxisse
560 2662 816 2730 lusibus,
849 2668 907 2719 et
962 2665 1035 2719 ad
1086 2666 1374 2722 Orbilium
1408 2668 1429 2701 δ
1458 2668 1789 2724 szevicntem
1848 2668 1920 2721 de

262 2754 396 2810 asia
428 2753 571 2807 sinu
606 2756 862 2807 tractum
896 2770 1025 2810 esse
1060 2755 1351 2826 captivum
1384 2758 1423 2810 ⁵.
1458 2758 1527 2811 Et
1554 2773 1670 2828 quo
1730 2757 1919 2828 magis

261 2847 523 2914 stupeas,
580 2858 741 2896 nunc
771 2858 915 2897 cano
947 2848 1003 2899 et
1046 2844 1269 2900 recalvo
1318 2846 1527 2917 capite,
1560 2862 1712 2918 saepe
1768 2844 1913 2899 mihi

259 2933 459 2987 videor
481 2932 540 2986 in
574 2931 803 2987 somnis
833 2933 1182 3001 comatulus,
1218 2938 1275 2990 et
1330 2942 1567 3007 sumpta
1594 2940 1750 3008 toga,
1785 2939 1915 2990 ante

262 3020 560 3075 rhetorem
593 3020 1113 3077 controversiolam
1137 3023 1485 3079 declamare.
1516 3030 1776 3095 Cumque
1818 3040 1912 3078 ex-

260 3114 567 3182 perrectus
597 3109 784 3176 fuero,
817 3111 1077 3181 gratulor
1099 3128 1193 3167 me
1222 3113 1454 3169 dicendi
1481 3112 1737 3185 periculo
1771 3111 1914 3167 libe-

2018 536 2246 592 fabulas
2307 542 2636 608 poetarum,
2668 552 2739 593 ne
2808 554 3022 609 arguar
3069 538 3219 593 scire
3260 542 3414 611 quod
3458 541 3661 597 didici.

2019 627 2101 681 En
2132 631 2193 680 tu
2242 627 2343 697 qui
2394 626 2453 681 in
2487 643 2579 682 me
2610 644 2849 699 parvam
2883 626 3215 682 criminaris
3261 628 3589 697 scientiam,
3617 635 3674 686 et

2025 716 2241 772 videris
2300 716 2404 771 tibi
2468 717 2823 773 litteratulus
2875 722 3049 789 atque
3102 717 3309 781 Rabbi,
3364 722 3669 790 responde,

2022 822 2126 860 cur
2163 805 2419 861 scribere
2441 805 2639 877 aliqua
2668 823 2847 862 ausus
2879 806 2981 873 sis,
3015 810 3073 861 et
3100 805 3292 861 virum
3352 806 3672 863 disertissi-

2021 910 2185 949 mum
2202 894 2544 967 Gregorium
2572 895 2695 967 pari
2717 894 2977 966 eloquuii
3000 895 3309 967 splendore
3328 895 3665 951 transferre.

2022 982 2184 1038 Unde
2239 982 2344 1037 tibi
2402 987 2567 1038 tanta
2631 984 2939 1039 verborum
3001 984 3186 1056 copia,
3245 983 3671 1039 sententiarum

2024 1072 2171 1128 487
2210 1072 2431 1140 lumen,
2463 1071 2912 1128 translationum
2956 1073 3228 1141 varietas,
3281 1073 3525 1139 homini,
3571 1074 3673 1146 qui

2022 1160 2335 1217 oratoriam
2364 1163 2457 1216 vix
2489 1162 2695 1233 primis
2744 1161 2923 1217 labris
2968 1162 3026 1217 in
3070 1161 3462 1217 adolescentia
3494 1162 3675 1233 degu-

2022 1249 2381 1305 stasti?Aut
2422 1266 2527 1321 ego
2578 1250 2765 1315 fallor,
2807 1254 2908 1305 aut
2957 1255 3018 1305 tu
3067 1249 3401 1305 Ciceronem
3453 1250 3677 1306 occulte

2023 1338 2267 1394 lectitas.
2301 1340 2366 1394 Et
2398 1340 2523 1394 ideo
2552 1344 2673 1394 tam
2705 1340 2960 1395 disertus
2992 1356 3076 1408 es,
3110 1338 3375 1406 mihique
3405 1339 3673 1396 lectionis

2023 1428 2149 1498 ejus
2179 1428 2397 1484 crimen
2431 1428 2712 1495 intendis,
2744 1431 2810 1483 ut
2840 1428 3001 1484 solus
3059 1429 3211 1484 inter
3251 1427 3676 1484 ecclesiasticos

2022 1520 2365 1572 tractatores
2395 1516 2740 1589 eloquentiae
2772 1518 3015 1572 flumine
3046 1516 3331 1588 glorieris.
3368 1516 3521 1572 Licet
3546 1534 3674 1573 ma-

2023 1606 2115 1678 gis
2148 1605 2529 1677 philosophos
2560 1607 2727 1678 sequi
2759 1606 3032 1671 videaris,
3058 1605 3260 1677 spinas
3286 1604 3679 1672 Cleanthis,et

2024 1699 2290 1750 contorta
2319 1694 2647 1767 Chrysippi,
2683 1712 2797 1750 non
2831 1712 2899 1750 ex
2930 1699 3052 1750 arte
3095 1711 3271 1766 quam
3332 1694 3542 1761 nescis,
3576 1694 3675 1749 sed

2024 1783 2095 1839 de
2125 1784 2343 1855 ingenii
2376 1784 2796 1855 magnitudine.
2818 1785 2888 1839 Et
2917 1783 3197 1856 quoniam
3231 1783 3408 1839 Stoici
3429 1782 3676 1855 logicam

2026 1872 2138 1929 sibi
2184 1872 2502 1940 vindicant,
2553 1878 2610 1928 et
2655 1878 2719 1929 tu
2769 1874 2949 1943 hujus
2998 1872 3250 1928 scientiae
3296 1871 3681 1928 deliramenta

2026 1962 2372 2030 contemnis,
2406 1962 2466 2017 in
2498 1961 2607 2017 hac
2636 1967 2799 2035 parte
2829 1962 3151 2034 Epicureus
3182 1978 3243 2017 es
3278 1978 3290 2016 :
3329 1977 3432 2016 nec
3465 1960 3679 2032 quieris

2027 2052 2336 2122 quomodo,
2393 2052 2492 2106 sed
2543 2050 2683 2123 quid
2746 2050 3026 2121 loquaris.
3080 2049 3227 2116 Quid
3294 2049 3450 2105 enim
3502 2050 3574 2104 ad
3622 2053 3679 2105 te

2026 2139 2293 2211 pertinet,
2329 2141 2377 2195 si
2412 2139 2563 2195 alius
2595 2156 2709 2195 non
2742 2138 3033 2211 intelligat
3071 2139 3212 2210 quid
3261 2138 3407 2195 velis
3466 2137 3674 2207 dicere,

2027 2228 2166 2300 quia
2193 2246 2305 2284 non
2337 2230 2410 2284 ad
2442 2244 2666 2296 omnes,
2694 2229 2794 2284 sed
2829 2228 2900 2283 ad
2932 2232 3065 2283 tuos
3099 2226 3395 2299 loqueris?
3420 2226 3679 2298 Denique

2026 2322 2082 2373 et
2111 2334 2216 2389 ego
2249 2317 2466 2389 scripta
2516 2322 2617 2372 tua
2663 2316 2945 2389 relegens,
2980 2332 3321 2388 quanquam
3379 2316 3676 2370 interdum

2027 2422 2143 2461 non
2176 2405 2521 2478 intelligam,
2555 2405 2693 2477 quid
2745 2404 3029 2477 loquaris,
3056 2409 3113 2459 et
3145 2403 3503 2459 Heraclitum
3534 2406 3553 2439 “¹
3584 2420 3677 2459 me

2028 2494 2217 2566 legere
2248 2499 2444 2565 putem
2463 2498 2684 2549 :tamen
2717 2510 2833 2549 non
2853 2492 3040 2563 doleo,
3057 2509 3162 2548 nec
3189 2508 3281 2547 me
3305 2491 3544 2564 poenitet
3560 2494 3678 2547 tar-

2028 2583 2228 2639 ditatis
2262 2602 2275 2639 :
2310 2584 2365 2638 id
2390 2583 2547 2639 enim
2579 2582 2637 2637 in
2668 2582 2912 2654 legendo
2939 2583 3147 2655 patior,
3177 2582 3334 2654 quod
3364 2586 3426 2636 tu
3457 2581 3677 2653 pateris

2031 2672 2091 2727 in
2118 2672 2443 2728 scribendo.

2095 2762 2183 2816 31.
2217 2760 2507 2817 Somnium
2556 2762 2815 2833 defendit.
2878 2761 3201 2816 Sanctorum
3258 2760 3499 2815 locorum
3546 2760 3676 2815 cele-

2031 2851 2204 2907 britas
2232 2857 2286 2906 et
2333 2851 2399 2906 de
2430 2859 2536 2906 toto
2593 2851 2719 2905 orbe
2766 2852 3077 2906 conventus.
3113 2880 3181 2889 ——
3214 2849 3324 2903 Cur
3350 2851 3679 2920 Hieronymo

2027 2939 2329 2994 detraxerit
2358 2940 2610 3008 Ruﬁnus.
2648 2968 2717 2978 —
2747 2943 2877 2993 Haec
2907 2936 3245 3006 dicerem,si
3278 2936 3580 3008 quippiam
3601 2938 3679 2992 vi-

2028 3027 2216 3101 gilans
2258 3028 2681 3099 promisissem.
2733 3027 2898 3082 Nunc
2952 3030 3166 3093 autem,
3220 3042 3432 3081 novum
3485 3026 3677 3097 impu-

2029 3116 2235 3171 dentiae.
2284 3133 2490 3189 genus.
2528 3117 2727 3187 objicit
2759 3116 2902 3172 mihi
2953 3115 3250 3171 somnium
3310 3131 3528 3169 meum.
3558 3115 3680 3171 Uti.

258 3204 478 3254 ratum.
512 3198 703 3253 Crede
759 3198 925 3265 mihi,
960 3200 1148 3256 multa
1188 3202 1259 3256 ad
1310 3218 1528 3273 purum
1578 3192 1989 3258 recordaturC
2027 3223 2163 3261 nam
2217 3205 2522 3261 celebritas
2566 3205 2696 3272 loci,
2749 3209 2805 3260 et
2851 3208 3189 3261 sanctorum
3242 3203 3312 3258 de
3360 3206 3480 3258 toto
3533 3202 3671 3257 orbe

256 3288 533 3342 infantia.
550 3286 611 3342 Si
637 3286 867 3343 litteras
885 3287 1213 3360 didicisses,
1242 3290 1422 3347 oleret
1454 3296 1605 3347 testa
1634 3290 1915 3364 ingenioli

257 3375 369 3441 tui,
401 3392 524 3446 quo
574 3375 753 3431 semel
804 3376 1013 3433 fuisset
1058 3379 1304 3435 imbuta.
1342 3386 1629 3436 Lanarum
1659 3380 1914 3452 conchy-

259 3464 341 3520 lia
368 3464 552 3519 nulla
582 3481 743 3536 aquae
774 3465 1027 3521 diluunt.
1062 3468 1249 3523 Etiam
1278 3468 1425 3524 asini
1467 3475 1522 3524 et
1572 3469 1744 3524 bruta
1790 3469 1914 3524 ani-

261 3551 478 3618 malia,
507 3554 767 3621 quamvis
797 3554 856 3609 in
888 3554 1062 3628 longo
1094 3557 1321 3625 itinere,
1344 3562 1629 3613 noverunt
1658 3558 1915 3613 secundo

268 3638 646 3694 diverticula.
695 3641 915 3698 Miraris
974 3645 1023 3700 si
1070 3661 1176 3717 ego
1236 3646 1458 3719 litteras
1505 3647 1740 3702 Latinas
1800 3663 1914 3701 non

268 3744 410 3784 sum
446 3726 683 3795 oblitus,
710 3745 844 3789 cum
898 3736 964 3787 tu
990 3733 1219 3790 Graecas
1260 3736 1386 3790 sine
1435 3736 1714 3807 magistro
1767 3734 1915 3789 didi-

261 3817 421 3875 ceris
441 3816 719 3889 ?Soptem
751 3821 959 3877 modos
990 3822 1432 3880 conclusionum
1478 3824 1780 3880 dialectica
1825 3840 1919 3878 me

259 3906 561 3963 elementa
590 3907 950 3979 docuerunt;
985 3911 1125 3983 quid
1169 3912 1458 3984 significet
1488 3912 1722 3984 ἀξίωμα,
1762 3914 1916 3984 quod

261 4012 371 4052 nos
443 3999 878 4066 pronuntiatum
940 4016 1261 4071 possumus
1316 4002 1506 4058 dicere
1554 4021 1565 4057 :
1625 4002 1916 4073 quomodo

256 4085 485 4156 absque
542 4086 721 4141 verbo
768 4092 829 4142 et
852 4089 1089 4144 nomine
1145 4089 1306 4146 nulla
1336 4091 1624 4147 sententia
1654 4092 1737 4157 ﬁt,
1770 4092 1916 4146 sori-

254 4178 453 4229 tarum
506 4173 749 4244 gradus,
789 4178 1171 4247 pseudomeni
1226 4180 1487 4252 argutias
1517 4182 1558 4249 θ,
1585 4180 1914 4252 sophisma-

253 4266 381 4317 tum
403 4262 892 4320 fraudes.Jurare
918 4282 1159 4338 possum
1187 4285 1279 4323 me
1301 4274 1613 4341 postquam
1644 4285 1916 4341 egressus

255 4351 327 4406 de
376 4350 588 4407 schola
644 4352 949 4419 sum,ha:c
1009 4372 1316 4428 nunquam
1374 4358 1615 4413 omnino
1677 4357 1911 4431 legisse.

2025 3298 2363 3360 conventus,
2397 3295 2613 3350 sineret
2643 3311 2736 3349 me
2783 3294 3010 3349 divinas
3066 3292 3397 3363 Scripturas
3445 3291 3667 3363 legere!

2025 3386 2089 3439 In
2119 3388 2350 3439 tantum
2378 3384 2635 3455 spatium
2667 3400 2780 3439 non
2821 3383 3007 3439 habeo
3038 3387 3275 3438 externa
3324 3380 3666 3436 meditandi.

2026 3472 2135 3527 Sed
2186 3478 2380 3527 tamen
2430 3471 2530 3544 qui
2577 3471 2872 3527 somnium
2903 3470 3267 3536 criminatur,
3301 3468 3502 3525 audiat
3532 3485 3665 3540 pro-

2026 3561 2334 3631 phetarum
2392 3576 2580 3625 voces,
2621 3558 2867 3615 somniis
2926 3576 3042 3614 non
3101 3574 3228 3613 esse
3285 3558 3667 3624 credendum,

2026 3649 2166 3719 quia
2186 3665 2290 3704 nec
2321 3648 2673 3703 adulterium
2698 3648 2910 3703 somnii
2945 3646 3105 3702 ducit
3136 3662 3227 3702 me
3257 3647 3327 3701 ad
3359 3650 3668 3712 tartarum,

2026 3754 2132 3793 nec
2176 3754 2390 3793 corona
2435 3736 2697 3808 martyrii
2744 3736 2803 3790 in
2844 3735 3055 3791 ccelum
3085 3735 3253 3790 levat.
3288 3733 3523 3799 Quoties
3553 3733 3671 3789 vidi

2027 3842 2120 3882 me
2144 3842 2273 3881 esse
2304 3830 2694 3891 mortuum,et
2717 3824 2775 3879 in
2808 3823 3075 3896 sepulcro
3105 3822 3365 3895 positum
3391 3822 3403 3876 l
3435 3821 3673 3888 Quoties

2024 3915 2217 3972 volare
2264 3931 2439 3985 super
2489 3918 2698 3979 terras,
2731 3917 2788 3968 et
2835 3916 3065 3968 montes
3114 3928 3179 3968 ac
3230 3912 3420 3967 maria
3468 3916 3673 3967 natatu

2027 4004 2177 4060 aeris
2222 4003 2634 4059 transfretare!
2669 4006 2846 4074 Coget
2887 4018 3023 4074 ergo
3069 4018 3163 4057 me
3192 4018 3308 4056 non
3339 4001 3549 4069 vivere,
3580 4001 3668 4057 vel

2027 4110 2250 4166 pennas
2297 4092 2509 4148 habere
2564 4107 2667 4163 per
2705 4090 2904 4157 latera,
2930 4090 3069 4162 quia
3117 4090 3277 4162 vagis
3307 4089 3672 4161 imaginibus

2027 4199 2193 4240 mens
2240 4198 2392 4253 saepe
2440 4179 2643 4235 delusa
2687 4182 2792 4235 est.
2827 4179 3039 4243 Quanti
3089 4178 3149 4233 in
3188 4178 3412 4233 somnis
3441 4176 3667 4242 divites,

2025 4270 2240 4343 apertis
2305 4270 2490 4325 oculis
2539 4271 2776 4340 repente
2842 4266 3095 4323 mendici
3166 4266 3340 4322 suntl
3398 4264 3670 4321 Sitientes

2024 4358 2272 4414 ﬂumina
2330 4358 2588 4425 bibunt;
2649 4360 2706 4412 et
2763 4355 3101 4428 experrecti,
3163 4354 3335 4411 siccis
3403 4352 3672 4417 faucibus

327 4565 477 4619 ¹Ῑειε
535 4569 619 4643 es}
667 4566 1085 4643 :Sallustianus._
1120 4570 1291 4643 Infra,
1326 4571 1384 4625 in
1412 4641 1420 4643 _
1447 4571 1741 4643 epistsad
1790 4577 1907 4628 Ma-
1944 4555 1990 4621 D
2092 4575 2112 4607 ⁵
2142 4573 2288 4628 Vide
2327 4573 2662 4628 Ciceronem
2694 4571 2801 4626 lib.
2843 4589 2907 4627 III
2940 4570 3183 4643 Ofﬁcior.
3216 4573 3273 4626 et
3327 4572 3517 4625 contra
3576 4570 3671 4624 Pi-

252 4652 425 4717 ντζιιπι
459 4652 478 4687 .'
511 4657 539 4684 (ι
734 4654 841 4717 per
880 4643 936 4696 te
986 4640 1132 4717 mihi
1181 4635 1425 4713 proponi
1478 4635 1902 4717 abalinquee-

252 4711 532 4785 stionem,
559 4711 669 4785 _qu_i
729 4711 875 4785 forte
917 4716 1155 4783 propter
1183 4711 1467 4768 'amorem
1526 4711 1906 4769 historia—rum

251 4776 520 4856 _S_allust_ii
553 4776 936 4856 Calpurnius-
964 4776 1351 4856 cognomento
1412 4785 1701 4842 Lanarius
1736 4791 1843 4841 est.
1878 4809 1904 4836 ››

445 4847 841 4927 Cicer.
876 4870 961 4927 I_II,
1001 4847 1146 4927 etin
1193 4855 1482 4910 Pisonem.
1528 4856 1807 4912 MARTIAN.
1841 4888 1909 4896 —

249 4918 401 4999 Vide
435 4934 566 4999 quae
600 4921 662 4999 in
692 4918 1005 4999 Epistolam
1036 4926 1106 4978 70
1134 4926 1211 4999 ad
1242 4927 1520 4999 Magnum
1551 4928 1610 4981 in
1645 4930 1759 4983 ﬁne
1806 4928 1905 4983 ad-

250 4993 599 5069 notavimus
631 4993 702 5069 de
731 4993 1086 5069 Sallustiano
1118 4993 1432 5069 Calpurnio
1463 4998 1593 5053 isto.

320 5060 561 5142 '_Vetus
592 5064 752 5129 edit.,
787 5065 853 5120 de
877 5069 1071 5136 futuro
1124 5060 1356 5140 sponsio,
1392 5086 1499 5125 non
1530 5070 1595 5124 de
1631 5072 1908 5142 praeterito

248 5136 400 5200 [acu
431 5136 531 5188 est.
1147 5136 1159 5140 '
1344 5136 1348 5137 ⁷

323 5196 347 5290 ξ
375 5200 526 5290 Yide
553 5204 978 5290 inAEpistolam
997 5213 1144 5290 7,An.
1261 5217 1379 5268 not.

324 5273 442 5355 δἐι
615 5273 905 5355 ρζόἱιὶιιζη.
940 5273 1267 5337 ΒθὈι-ὺὶὶίο
1323 5283 1705 5355 grammatico
1750 5284 1907 5355 Sue-

253 5345 480 5427 tonius,
507 5347 601 5427 de
624 5350 937 5427 Iltustrg'lgus
972 5345 1638 5427 Δρξ’-ιυηῖτιφῑιηἯοιέιῐίυει,
1670 5354 1843 5427 epist.
1881 5355 1903 5407 1

249 5416 321 5497 ρει
388 5421 647 5487 August,
682 5426 754 5497 et
794 5416 1099 5497 Martialis
1162 5424 1268 5497 lib.
1299 5416 1358 5479 ἰι
1404 5416 1743 5497 Epigramm.
1819 5427 1906 5480 12.

246 5486 537 5544 lamus.
574 5522 651 5569 —_
664 5491 916 5569 Celebris
973 5486 1286 5569 pgedagOgi
1314 5486 1556 5569 nomine
1599 5502 1909 5569 praecepto-

247 5512 537 5544 nuunum.
574 5512 916 5549 —ueienris
973 5512 1212 5568 pmcago
1323 5514 1556 5554 nomine
1599 5512 1909 5569 praecepto-

247 5573 371 5640 rem
402 5577 585 5640 suum
616 5563 868 5640 ﬁgurate
894 5566 1189 5640 intelligit.
1218 5512 1365 5623 €ide
1394 5570 1465 5625 de
1485 5570 1704 5627 Orbilio
1737 5570 1910 5626 Hora-

246 5630 423 5704 tium,
456 5630 696 5694 Sueton'.
733 5634 1019 5709 aliosque.

2020 4661 2225 4700 δοηθτη.

2089 4718 2109 4750 θ
2138 4715 2496 4770 Pseudomeni
2570 4717 2838 4785 argutias.
2895 4714 3090 4769 Cicero
3129 4713 3413 4785 iAcadem.
3461 4712 3667 4779 Quaest.

2018 4787 2118 4842 lib.
2154 4805 2227 4852 ιν,
2262 4793 2319 4840 et
2343 4786 2445 4840 lib.
2482 4802 2520 4839 II
2551 4782 2651 4839 de'
2676 4787 3040 4851 Divinatione,
3086 4784 3185 4838 ubi
3236 4782 3670 4837 Pseudomenum

2023 4857 2219 4912 Latino
2251 4857 2423 4911 verbo
2445 4856 2701 4927 appellat
2732 4858 3054 4911 acervalem.
3099 4855 3381 4927 MARTIAN.
3403 4882 3471 4891 ——-
3506 4854 3673 4927 Errat

2018 4930 2411 4995 Martianaaus,
2464 4922 2562 4997 qui
2631 4928 3065 4983 Pseudomenum
3112 4926 3306 4997 Latine
3370 4922 3672 4997 aceruatem

2018 4999 2297 5073 appellari
2346 4992 2692 5054 a'Cicerone
2739 5000 3011 5073 adnotat;
3047 5014 3182 5073 nam
3233 4995 3447 5059 Cicero,
3493 4992 3603 5073 lib.._
3628 5010 3669 5073 1i

2018 5062 2506 5137 ἀὲύἰυὶηαιίοηθ,
2584 5085 2747 5123 num.
2807 5070 2869 5135 4,
2930 5062 3334 5139 pseudomenon
3417 5062 3673 5139 appellat

2017 5146 2404 5207 mentientem;
2437 5141 2677 5195 Soritam
2705 5156 2838 5195 vero
2880 5136 3211 5199 acervalem;
3234 5137 3411 5208 idque
3469 5136 3668 5193 rectis-

2019 5216 2187 5275 sime.
2222 5219 2286 5268 ut
2316 5213 2517 5285 liquet.

2087 5288 2107 5320 ’⁷
2141 5287 2305 5341 Hunc
2356 5279 2566 5355 nempe
2607 5281 2873 5336 omnium
2918 5279 3400 5355 philosophorum
3461 5279 3669 5355 obscu-

2019 5357 2323 5413 rissimum
2353 5350 2573 5410 veteres
2625 5357 2846 5408 notant.
2901 5350 3169 5408 liucretio'
3217 5350 3431 5406 dicitur
3486 5350 3671 5405 clarus

2018 5430 2085 5484 ob
2146 5431 2436 5484 obscuram
2491 5428 2765 5494 linguam.
2810 5424 2952 5480 Hinc
3010 5430 3067 5480 et
3123 5421 3395 5494 σκοτεινὸς
3454 5438 3670 5494 cogno-

2018 5506 2212 5555 mento
2253 5500 2445 5553 dictus
2478 5492 2715 5553 est.'Vid
2772 5503 2973 5552 contra
3010 5496 3299 5552 Jovinian.
3341 5492 3445 5548 lib.
3483 5511 3499 5548 ι
3532 5492 3662 5564 quae

2017 5571 2448 5637 adnotavimus.
