4094 6166
403 275 523 344 ua

1648 278 1714 346 Β.
1761 279 2076 348 EUSEBII
2111 275 2586 350 HIERONYMI.

3683 273 3822 345 αι.

406 417 678 472 aestuant.
711 413 797 470 Tu
828 431 862 471 a
891 430 984 472 me
1014 414 1226 472 somnii
1259 414 1442 490 exigis
1484 417 1860 490 sponsionem
1887 436 1899 473 :
1941 434 2044 490 ego
2074 425 2131 492 Α
2161 417 2316 474 ultor
2346 419 2450 474 tibi
2482 418 2766 475 Dominus
2796 415 3193 491 respondebit,
3227 415 3330 490 qui
3359 413 3502 474 dicit
3530 429 3636 490 per
3679 431 3812 489 pro-

404 509 462 562 te
481 505 676 560 verius
696 504 1078 576 strictiusque
1093 507 1450 562 conveniam.
1472 506 1677 562 Fecisti
1700 507 1897 561 omnia
1921 523 2046 577 qua:

402 594 462 651 in
495 595 851 666 baptismate
882 596 1552 667 promisisti?Quidquid
1579 595 1847 651 monachi
1879 613 2042 651 voca-

401 684 610 741 bulum
643 684 888 756 ﬂagitat,
918 688 1184 740 nostrum
1219 690 1462 757 uterque
1493 684 1852 756 complevit?
1882 687 2045 752 Cave,

405 791 625 846 quaeso,
677 791 748 828 ne
816 789 918 844 per
977 775 1204 829 trabem
1273 779 1456 840 tuam,
1500 774 1784 829 festucam
1857 790 2046 828 meam

402 864 623 919 videas.
678 863 899 918 Invitus
948 861 1176 934 loquor,
1223 867 1278 918 et
1327 866 1734 918 retrectantem
1782 860 2046 934 linguam

406 951 571 1008 dolor
596 951 657 1007 in
688 951 864 1006 verba
907 951 1220 1022 compellit.
1253 952 1378 1006 Non
1423 950 1525 1005 tibi
1573 949 1874 1006 sufﬁciunt
1920 967 2046 1022 quae

402 1042 474 1097 de
504 1039 781 1113 vigilante
812 1039 1119 1111 confingis,
1153 1039 1306 1095 488
1337 1039 1449 1094 nisi
1483 1045 1539 1094 et
1586 1039 1817 1094 somnia
1847 1039 2044 1094 crimi-

401 1130 579 1186 neris.
596 1130 841 1184 Tantam
860 1128 1042 1184 habes
1064 1127 1463 1184 curiositatem
1485 1145 1750 1183 meorum
1785 1133 2044 1193 actuum,

401 1224 466 1274 ut
522 1217 662 1290 quid
721 1216 1019 1272 dormiens
1077 1216 1312 1272 fecerim
1372 1216 2042 1283 dixerimve,discutias.

397 1294 800 1374 Praetermitto,
825 1323 951 1377 quae
980 1309 1181 1360 contra
1231 1323 1322 1361 me
1379 1305 1648 1376 loquens,
1681 1305 2043 1377 propositum

398 1401 568 1452 tuum
600 1394 952 1467 deturpasti:
980 1411 1108 1466 quae
1143 1395 1202 1448 in
1235 1394 1744 1466 depompationem
1778 1393 2042 1448 omnium

395 1485 885 1551 Christianorum,
945 1488 1002 1538 et
1057 1483 1252 1538 verbis
1312 1488 1368 1538 et
1414 1499 1584 1555 opere
1643 1483 1866 1538 feceris.
1927 1483 2044 1538 Hoc

400 1590 585 1630 unum
643 1572 944 1638 denuntio,
1004 1577 1060 1627 et
1107 1576 1374 1642 repetens
1422 1572 1630 1626 iterum
1713 1571 2044 1642 iterumque

399 1662 670 1717 monebo.
705 1661 1022 1716 Cornutam
1084 1661 1332 1716 bestiam
1393 1659 1540 1732 petis
1574 1678 1586 1715 :
1621 1664 1675 1716 et
1733 1660 1842 1716 nisi
1878 1676 2043 1715 cave-

397 1765 520 1804 rem
588 1748 734 1803 illud
792 1747 1070 1820 Apostoli,
1108 1771 1137 1798 «
1168 1747 1432 1804 Maledici
1479 1765 1725 1821 regnum
1771 1749 1868 1804 Dei
1929 1766 2040 1804 non

397 1837 839 1910 possidebunt(l
854 1837 1048 1892 Cor.v1
1069 1837 1156 1908 40)
1181 1855 1194 1904 ;
1217 1859 1242 1887 »
1276 1842 1395 1905 et,u
1432 1838 1761 1894 Mordentes
1793 1837 2041 1893 invicem

396 1925 730 1997 consumpti
778 1926 920 1981 estis
969 1927 1040 1982 ab
1099 1925 1347 1981 invicem
1395 1926 1594 1996 (Galat.
1627 1945 1681 1993 v,
1724 1927 1824 1998 l5),
1865 1949 1884 1975 ι
1913 1928 2040 1997 jam

397 2032 553 2072 nunc
593 2015 836 2070 sentires
885 2015 954 2070 de
1004 2014 1246 2086 parvula
1293 2015 1657 2087 subdolaque
1709 2015 2037 2083 concordia,

396 2120 672 2178 magnam
704 2102 764 2158 in
794 2103 1014 2158 mundo
1047 2104 1061 2136 ¹
1095 2108 1278 2159 ortam
1309 2121 1438 2159 esse
1484 2104 1857 2160 discordiam.
1891 2105 2036 2169 Quid

394 2195 500 2250 tibi
531 2192 788 2264 prodest,
821 2193 977 2264 apud
1010 2196 1178 2248 notos
1209 2193 1424 2264 pariter
1451 2197 1507 2248 et
1555 2192 1784 2264 ignotos
1825 2193 1882 2248 in
1933 2209 2039 2248 nos

395 2281 708 2339 maledicta
774 2281 1127 2352 congerere?
1175 2283 1261 2336 An
1326 2282 1462 2353 quia
1522 2281 1859 2353 Origenistte
1921 2298 2036 2336 non

393 2386 623 2436 sumus,
653 2372 710 2424 et
740 2369 800 2424 in
833 2369 974 2425 coelo
1017 2386 1123 2426 nos
1154 2386 1428 2441 peccasse
1474 2371 1793 2438 nescimus,
1826 2370 1886 2424 in
1919 2375 2034 2426 ter-

393 2458 472 2514 ris
503 2458 810 2531 arguimur
872 2461 1203 2530 peccatores
1222 2459 1250 2514 ?
1279 2459 1348 2514 Et
1376 2459 1504 2514 ideo
1554 2458 1613 2513 in
1665 2459 2034 2514 concordiam

393 2547 735 2614 redivimus,
773 2551 836 2601 ut
884 2546 1029 2601 mihi
1096 2546 1255 2618 loqui
1313 2551 1513 2603 contra
1571 2547 1871 2603 haereticos
1919 2565 2034 2602 non

389 2634 607 2702 liceret,
643 2652 734 2702 ne,
786 2634 834 2690 si
897 2634 1028 2690 illos
1077 2635 1458 2707 descripsero,
1493 2640 1555 2691 tu
1605 2641 1661 2691 te
1711 2637 2033 2708 appetitum

390 2722 599 2793 putes?
621 2721 888 2787 Quandiu
923 2738 1038 2777 non
1069 2722 1385 2776 renuebam
1415 2722 1810 2778 laudationem
1845 2726 2032 2787 tuam,

387 2811 729 2883 sequebaris
759 2826 851 2866 me
882 2814 947 2865 ut
976 2809 1344 2882 magistrum,
1378 2810 1707 2865 fratrem-et
1750 2809 2032 2883 collegam

385 2900 655 2966 vocabas,
689 2905 747 2956 et
777 2898 1129 2955 catholicum
1161 2898 1220 2954 in
1247 2899 1521 2955 omnibus
1556 2899 1854 2954 fatebaris.
1878 2900 2036 2955 Post-

387 3007 564 3062 quam
622 3007 738 3046 non
788 2988 994 3062 agnovi
1045 2987 1249 3044 laudes
1284 2992 1434 3055 tuas,
1476 2992 1532 3043 et
1583 3005 1676 3044 me
1725 2988 2031 3060 indignum

384 3079 532 3134 tanti
562 3079 669 3133 viri
720 3076 1009 3150 praeconio
1057 3077 1338 3147 judicavi,
1372 3075 1528 3132 illico
1558 3077 1736 3132 vertis
1789 3076 2030 3149 stylum,

2158 507 2419 578 phetam,
2451 532 2478 558 «
2513 507 2653 563 Mihi
2708 507 2983 574 vindicta,
3018 512 3075 564 et
3121 523 3228 580 ego
3276 506 3622 574 retribuam,
3665 505 3810 562 dicit

2159 595 2446 651 Dominus
2504 597 2682 667 (Rom.
2713 615 2814 664 xu,
2853 599 2957 666 19).
2994 619 3021 645 »
3051 598 3121 652 Et
3150 595 3211 651 in
3269 595 3383 651 alio
3431 595 3558 650 loco
3593 612 3605 650 :
3641 618 3669 644 «
3703 595 3808 650 Se-

2158 684 2302 740 dens
2325 686 2604 741 adversus
2630 687 2868 741 fratrem
2893 689 3061 741 tuum
3084 684 3511 757 loquebaris,et
3526 684 3810 741 adversus

2158 773 2347 829 filium
2381 774 2586 831 matris
2614 779 2728 829 tua:
2769 774 3028 845 ponebas
3058 773 3424 829 scandalum.
3457 771 3587 828 Haec
3618 773 3809 829 fecisti

2157 866 2213 916 et
2237 863 2393 916 tacui
2421 881 2433 930 ;
2466 862 2832 933 existimasti,
2869 863 3090 934 inique,
3122 863 3277 934 quod
3311 877 3408 917 ero
3439 861 3526 916 tui
3555 861 3802 928 similis;

2158 966 2399 1022 arguam
2433 956 2508 1020 te,
2540 955 2598 1007 et
2629 955 2886 1007 statuam
2916 957 3116 1007 contra
3172 951 3379 1007 faciem
3429 954 3597 1006 tuam
3627 952 3802 1022 (Psal.

2155 1056 2304 1108 κως,
2336 1042 2424 1110 20,
2457 1041 2571 1111 2-1),
2606 1063 2635 1090 ››
2669 1045 2734 1095 ut
2762 1040 2822 1094 in
2864 1045 2919 1096 te
2969 1039 3167 1096 videas
3210 1040 3618 1109 condemnata,
3673 1057 3805 1112 quas

2157 1128 2302 1185 falso
2337 1131 2396 1185 in
2428 1128 2560 1184 aliis
2592 1128 2945 1185 criminaris.

2223 1218 2311 1272 32.
2374 1218 2749 1290 Chrysogonus
2789 1222 3021 1274 sectator
3052 1219 3260 1289 Ruﬁni.
3317 1248 3380 1258 -
3420 1216 3607 1274 Audio
3663 1234 3808 1289 prae-

2154 1310 2309 1362 terea
2365 1307 2537 1378 objici
2595 1306 2740 1362 mihi
2796 1324 2830 1362 a
2882 1306 3256 1379 Chrysogono
3314 1310 3600 1362 sectatore
3651 1307 3805 1377 ejus,

2154 1412 2260 1450 cur
2287 1396 2348 1450 in
2381 1395 2730 1467 baptismate
2761 1395 3007 1451 dixerim
3040 1394 3312 1452 universa
3343 1399 3581 1466 peccata
3611 1395 3808 1450 dimit-

2153 1485 2218 1551 ti,
2252 1489 2309 1540 et
2361 1489 2590 1540 mortuo
2638 1484 2932 1550 bimarito,
2983 1501 3200 1540 novum
3240 1484 3433 1539 virum
3484 1484 3545 1539 in
3574 1483 3805 1540 Christo

2153 1588 2456 1645 resurgere
2489 1591 2501 1628 :
2535 1576 2710 1644 atque
2741 1572 3077 1629 istiusmodi
3128 1571 3460 1628 sacerdotes
3513 1570 3572 1625 in
3604 1570 3802 1627 Eccle-

2154 1659 2257 1715 siis
2320 1678 2448 1717 esse
2508 1659 2843 1716 nonnullos.
2908 1660 3011 1716 Cui
3075 1661 3229 1717 489
3286 1659 3446 1716 brevi
3533 1675 3808 1724 sermone

2152 1749 2513 1820 respondebo
2549 1766 2561 1804 :
2597 1751 2823 1806 Habent
2851 1748 3120 1804 libellum
3153 1748 3356 1821 (Epist.
3383 1749 3453 1804 ad
3484 1748 3802 1819 Oceanum),

2151 1854 2325 1908 quem
2375 1837 2434 1892 in
2493 1838 2713 1893 crimen
2770 1836 3146 1893 vocantzille
3203 1838 3570 1910 respondeat,
3641 1837 3805 1892 hunc

2151 1942 2259 1981 sua
2313 1926 2709 1998 disputatione
2779 1927 3098 1994 subvertet,
3169 1930 3226 1981 et
3283 1927 3496 1999 scripta
3559 1926 3823 1997 scriptis,

2150 2020 2375 2087 arguat.
2423 2015 2570 2081 Quid
2629 2014 2970 2070 austeritate
3057 2015 3289 2086 frontis,
3357 2018 3414 2070 et
3481 2013 3802 2070 contractis

2150 2103 2487 2175 rugatisque
2531 2102 2796 2174 naribus,
2847 2120 3100 2159 concava
3144 2104 3319 2159 verba
3366 2103 3707 2170 trutinatur,
3741 2107 3804 2159 et

2148 2193 2515 2248 sanctitatem
2567 2192 2721 2264 apud
2753 2191 2965 2265 vulgus
2990 2192 3247 2265 ignobile
3278 2191 3556 2248 simulato
3610 2191 3802 2263 rigore

2146 2281 2464 2336 mentitur?
2479 2281 2692 2336 Audiat
2715 2297 2820 2336 nos
2841 2280 3056 2337 iterum
3078 2279 3798 2354 proclamantes,veterem

2144 2370 2328 2425 Adam
2356 2370 2414 2424 in
2445 2369 2672 2426 lavacro
2701 2373 2888 2426 totum
2921 2370 3090 2439 mori,
3119 2375 3175 2426 et
3204 2386 3421 2426 novum
3462 2386 3598 2425 cum
3637 2368 3800 2425 Chri-

2145 2463 2236 2514 sto
2293 2460 2350 2514 in
2410 2459 2760 2532 baptismate
2821 2459 3093 2516 suscitari
3128 2477 3140 2514 :
3175 2458 3368 2532 perire
3415 2458 3707 2524 choicum,
3740 2462 3802 2514 et

2146 2548 2304 2604 nasci
2338 2547 2829 2620 supercmlestem.
2864 2549 2995 2603 Hau:
3025 2548 3303 2616 dicimus,
3327 2564 3443 2602 non
3473 2547 3630 2618 quod
3653 2546 3798 2618 ipsi,

2144 2637 2394 2709 propitio
2451 2637 2700 2704 Christo,
2762 2637 2870 2693 hac
2930 2637 3248 2709 quaestione
3301 2640 3630 2703 teneamur,
3691 2636 3795 2690 sed

2143 2725 2481 2797 interrogati
2547 2743 2581 2780 a
2643 2725 2941 2794 fratribus,
2998 2724 3144 2798 quid
3219 2724 3390 2780 nobis
3473 2724 3794 2792 videretur,

2142 2814 2578 2885 respondimus,
2615 2814 2757 2869 nulli
2789 2815 3236 2886 praajudicantes
3279 2813 3446 2885 sequi
3491 2815 3646 2886 quod
3697 2830 3795 2869 ve-

2140 2901 2228 2968 lit,
2254 2903 2410 2958 490
2443 2919 2548 2958 nec
2578 2901 2818 2958 alterius
2863 2903 3161 2958 decretum
3191 2904 3213 2936 ²
3243 2908 3445 2957 nostra
3503 2901 3798 2957 sententia

2142 2991 2566 3047 subvertentes.
2601 2992 2796 3063 Neque
2823 2991 2981 3047 enim
3024 2990 3322 3046 ambimus
3372 2990 3793 3059 sacerdotium,

2145 3080 2246 3152 qui
2284 3080 2537 3136 latemus
2569 3080 2626 3134 in
2660 3079 2927 3148 cellulis;
2957 3096 3062 3136 nec
3106 3078 3443 3135 humilitate
3485 3079 3792 3145 damnata,

385 3170 442 3221 et
473 3166 673 3222 omnia
700 3166 939 3221 laudata
967 3165 1130 3236 prius
1157 3165 1471 3236 vituperas,
1503 3165 1572 3221 de
1597 3166 1800 3222 eodem
1849 3183 1946 3221 ore
1975 3170 2032 3221 et
2061 3153 2104 3220 C
2142 3169 2543 3240 episcopatum
2562 3185 2704 3224 auro
2717 3168 3395 3235 redimeretestinamus;
3415 3183 3520 3223 nec
3539 3166 3792 3223 electum

385 3252 553 3320 dulce
583 3254 880 3325 proferens
911 3256 969 3307 et
995 3269 1285 3309 amarum.
1317 3254 1580 3310 Sentisne
1611 3255 1752 3327 quid
1781 3259 2024 3321 taceam,

385 3343 541 3415 quod
571 3341 840 3397 aestuanti
898 3341 1116 3413 pectori
1161 3343 1338 3398 verba
1380 3360 1495 3398 non
1525 3344 1892 3399 commodem
1912 3343 1940 3398 ?
1970 3348 2028 3399 et

385 3448 520 3488 cum
551 3430 864 3487 Psalmista
891 3429 1125 3502 loquar:
1147 3451 1169 3480 α
1194 3431 1369 3498 Pone,
1403 3432 1664 3500 Domine,
1699 3433 2027 3489 custodiam

383 3520 470 3576 ori
501 3536 652 3588 meo,
683 3523 741 3575 et
770 3518 987 3574 ostium
1018 3519 1310 3575 munitum
1343 3521 1514 3576 labiis
1549 3521 1716 3578 meis.
1748 3523 1873 3577 Non
1932 3523 2028 3577 de-

382 3608 564 3665 clines
596 3625 696 3664 cor
750 3625 946 3664 meum
1005 3609 1064 3663 in
1125 3609 1300 3664 verba
1358 3609 1787 3683 malitiaa(P.sal.
1815 3627 1939 3678 exc,
1968 3612 2024 3679 3,

381 3699 456 3767 4).
494 3720 516 3748 ι
554 3698 622 3752 Et
669 3696 808 3753 alibi
861 3713 874 3751 :
927 3720 956 3746 «
998 3696 1142 3752 Cum
1190 3698 1534 3754 consisteret
1575 3699 1884 3755 adversum
1933 3716 2026 3755 me

380 3791 666 3859 peccator,
726 3785 1015 3852 obmutui,
1049 3792 1105 3842 et
1136 3786 1485 3842 humiliatus
1535 3804 1691 3856 sum,
1722 3793 1779 3844 et
1825 3788 1961 3844 silui
1993 3807 2027 3844 a

379 3875 550 3931 bonis
599 3875 771 3945 (Ρδαι.
804 3892 1038 3943 xxxvm,
1073 3880 1115 3940 t,
1147 3876 1222 3947 3).
1261 3899 1288 3925 »
1337 3877 1405 3931 Et
1462 3894 1670 3934 rursus
1707 3895 1718 3932 :
1754 3901 1780 3928 ‹‹
1815 3879 2024 3935 Factus

379 3979 513 4020 sum
545 3964 715 4035 quasi
764 3963 938 4019 homo
980 3980 1096 4019 non
1149 3965 1414 4033 audiens,
1451 3983 1555 4022 nec
1586 3967 1808 4023 habens
1837 3967 1896 4021 in
1928 3984 2024 4024 ore

380 4069 488 4109 suo
529 4051 950 4124 increpationes
981 4053 1146 4124 (Psal.
1172 4070 1384 4120 xxxvn,
1417 4056 1526 4128 15).
1563 4078 1590 4104 »
1622 4056 1733 4110 Sed
1777 4072 1880 4128 pro
1932 4072 2024 4111 me

453 4232 467 4264 ¹
500 4231 681 4286 Vetus
711 4231 876 4300 edit.,
907 4248 1168 4300 magnam
1193 4233 1298 4287 tibi
1327 4235 1388 4288 in
1417 4235 1640 4300 mundo,
1673 4237 1783 4288 etc.

453 4303 769 4375 ’_Fortasse
808 4273 952 4357 iliud
980 4273 1168 4358 giricii
1201 4321 1380 4375 papae,
1424 4310 1488 4360 ut
1513 4305 1576 4360 in
1622 4277 1861 4360 laudata
1910 4305 2028 4375 epi-

383 4373 533 4430 stola
581 4375 652 4428 ad
684 4373 979 4429 Oceanum
1036 4373 1406 4430 adnotamus.
1442 4381 1560 4430 Aut
1607 4377 1801 4447 potius
1853 4373 2024 4431 Inno-

2137 3257 2474 3329 pontificem
2525 3274 2559 3312 a
2587 3257 2726 3325 Deo,
2760 3257 2960 3314 rebelli
3011 3257 3284 3329 cupimus
3333 3260 3526 3312 mente
3555 3255 3793 3329 iugula-

2136 3363 2354 3402 re:nec
2387 3346 2632 3402 favendo
2662 3345 2975 3416 haereticis,
3005 3346 3312 3402 haereticos
3343 3362 3451 3401 nos
3482 3345 3789 3401 docemus.

2134 3435 2418 3491 Pecunias
2475 3451 2579 3491 nec
2654 3435 2963 3502 habemus,
3012 3449 3117 3490 nec
3166 3434 3382 3490 habere
3449 3433 3720 3490 volumus
3773 3451 3788 3489 :

2135 3546 2164 3574 «
2196 3525 2488 3580 Habentes
2544 3524 2763 3580 victum
2796 3528 2854 3580 et
2905 3523 3206 3592 vestitum,
3232 3522 3326 3578 his
3383 3521 3641 3579 contenti
3694 3539 3796 3577 su-

2136 3630 2268 3668 mus
2317 3613 2358 3686 (1
2403 3614 2535 3667 Tim.
2585 3630 2665 3679 v1,
2714 3613 2790 3683 8),
2822 3634 2851 3661 ››
2894 3610 3038 3668 illud
3091 3612 3163 3666 de
3209 3627 3520 3668 ascensore
3568 3611 3792 3667 montis

2134 3700 2420 3757 Dominici
2464 3701 2686 3773 jugiter
2736 3701 3114 3756 decantantes
3178 3717 3191 3754 :
3237 3721 3266 3749 «
3309 3700 3414 3765 Qui
3475 3698 3790 3772 pecuniam

2134 3806 2302 3846 suam
2333 3807 2448 3846 non
2502 3790 2662 3845 dedit
2711 3789 2782 3845 ad
2816 3804 3081 3852 usuram,
3113 3791 3172 3842 et
3201 3803 3448 3843 munera
3493 3803 3674 3860 super
3697 3787 3791 3843 in-

2133 3883 2438 3934 nocentem
2514 3895 2628 3934 nor.
2709 3878 2932 3949 accepit
2971 3878 2994 3911 ⁸
3053 3895 3066 3931 :
3115 3875 3215 3947 qui
3285 3876 3423 3932 facit
3469 3876 3613 3944 haec,
3668 3892 3791 3931 non

2135 3967 2460 4023 movebitur
2514 3966 2574 4021 in
2632 3971 2914 4022 aaternum
2945 3965 3116 4037 (Psal.
3148 3981 3262 4020 xxv.
3296 3965 3374 4037 5).
3412 3987 3440 4014 »
3472 3965 3620 4037 Ergo
3678 3964 3786 4036 qui

2134 4073 2249 4112 non
2282 4055 2439 4122 iacit,
2469 4055 2592 4126 jam
2625 4053 2847 4111 corruit
2877 4054 2936 4108 in
2968 4056 3272 4109 aeternum.

2247 4233 2334 4287 tii.
3430 4282 3432 4284 τ

2205 4251 2334 4288 nm.
3430 4282 3432 4284 ,

2137 4251 2228 4338 06³
2254 4303 2510 4375 Respicit
2565 4302 2798 4358 initium
2856 4301 3092 4358 Psalmi.
3129 4324 3157 4352 «
3208 4302 3352 4366 Quis
3403 4299 3677 4358 ascendet
3736 4301 3800 4357 in

2139 4382 2395 4432 montem
2428 4375 2716 4431 Domini?

1571 4769 1818 4854 LIBE
1837 4771 1897 4854 R
1964 4768 2608 4858 SECUNDUS.

432 5131 603 5185 -491
641 5132 692 5183 1.
739 5133 859 5186 Vult
917 5148 977 5186 se
1030 5132 1339 5203 defendere,
1396 5150 1507 5188 non
1561 5135 1698 5189 alios
1743 5147 2019 5189 accusare.
2057 5137 2103 5201 D
2137 5141 2201 5190 ut
2250 5133 2446 5202 debui,
2481 5134 2580 5190 sed
2615 5137 2681 5188 ut
2730 5132 2912 5204 potui,
2962 5131 3261 5186 moderato
3320 5127 3519 5184 dolore
3561 5127 3668 5198 [AL
3705 5126 3800 5183 la-

383 5245 448 5257 -—
483 5217 796 5290 Hucusque
839 5220 909 5275 de
965 5221 1332 5287 criminibus,
1369 5222 1486 5276 imo
1529 5239 1632 5293 pro
1677 5221 2024 5277 criminibus
2135 5225 2293 5295 bore]
2326 5221 2620 5296 respondi.
2647 5220 3020 5292 Propositum
3069 5219 3287 5292 quippe
3335 5216 3483 5273 mihi
3528 5220 3635 5284 est,
3673 5231 3801 5272 non

385 5303 552 5371 meis,
587 5322 711 5376 qua:
747 5307 805 5360 in
834 5322 926 5361 me
955 5309 1250 5379 quondam
1283 5309 1566 5365 subdolus
1624 5309 1894 5366 laudator
1943 5310 2028 5366 in-

2134 5317 2255 5368 tam
2287 5311 2432 5368 alios
2481 5326 2774 5375 accusare,
2807 5325 2987 5380 quam
3038 5323 3132 5363 me
3168 5306 3499 5362 defendere.
3531 5303 3785 5360 Veniam

386 5392 592 5464 gessit,
613 5398 670 5449 et
700 5394 971 5466 discipuli
1001 5396 1128 5466 ejus
1186 5399 1554 5454 constantius
1602 5403 1877 5472 arguunt,
1911 5415 2025 5455 non
2135 5401 2205 5455 ad
2257 5400 2600 5473 Apologiam
2649 5399 2776 5470 ejus
2808 5399 2847 5465 ί,
2881 5413 3000 5468 qua
3047 5399 3247 5453 sancto
3291 5394 3625 5463 Anastasio,
3683 5392 3806 5449 Ro-

468 5599 483 5635 ¹
523 5599 683 5658 Hanc
719 5599 873 5658 infra
897 5600 1263 5660 annectimus
1293 5607 1426 5676 post
1462 5605 1701 5662 tertium
1731 5605 1969 5662 librum.
