4094 6166
255 308 373 385 με

1444 313 1755 383 CONTRA
1799 314 2158 381 RUFINUM
2204 315 2351 382 LIB.
2399 314 2475 382 Il.

3542 308 3665 383 M6

252 472 434 513 manas
467 453 637 511 urbis
667 453 962 529 episcopo,
997 454 1329 511 satisfacere
1361 454 1588 521 nititur,
1623 458 1679 509 et
1709 454 1766 507 in
1802 454 1899 508 de-
1930 454 1985 519 Α
2085 454 2137 507 3.
2170 455 2358 523 Ruﬁni
2402 454 2583 510 verba.
2644 483 2713 494 -‹
2745 476 2771 503 ‹‹
2806 454 3125 526 Carpamus
3155 451 3399 527 reliqua,
3445 458 3502 511 et
3528 454 3660 528 ipsa

247 545 577 602 fensionem
603 545 697 599 sui
731 544 874 599 mihi
898 561 1134 599 rursum
1165 543 1519 598 calumniam
1546 543 1755 609 struit;
1781 547 1908 597 tan-

243 639 495 705 tumque
521 650 616 689 me
648 632 859 705 diligit,
884 637 949 688 ut
966 638 1168 704 raptus
1189 633 1442 699 turbine,
1460 637 1515 686 et
1536 631 1593 685 in
1618 632 1908 703 profunda

243 725 582 791 demersus,
610 738 807 777 meum
840 721 1213 794 potissimum
1256 721 1491 777 invadat
1550 721 1752 793 pedem
1776 722 1813 789 ¹,
1842 724 1905 774 ut

252 829 499 869 mecum
530 816 630 866 aut
654 811 963 877 liberetur,
989 816 1087 865 aut
1120 816 1334 882 pereat.

324 905 385 955 2.
451 902 706 971 Apologia
778 901 983 969 Ruﬁni.
1058 902 1323 955 Parentes
1390 902 1607 970 vulgari
1662 915 1908 955 sermone

258 990 582 1045 dicebantur
606 991 825 1056 cognati
872 993 920 1043 et
952 992 1163 1059 afﬁnes.
1216 1021 1272 1028 —
1325 989 1475 1043 Dicit
1529 1007 1590 1044 se
1649 990 1905 1061 primum

264 1078 611 1149 respondere
643 1078 999 1145 rumoribus,
1036 1078 1251 1149 quibus
1284 1076 1444 1131 illius
1471 1079 1665 1133 Romae
1697 1094 1904 1149 carpa-

258 1174 354 1223 tur
382 1167 552 1233 ﬁdes,
585 1166 841 1222 hominis
873 1167 1291 1239 probatissimi,
1325 1172 1444 1222 tam
1476 1167 1534 1222 in
1571 1169 1703 1233 fide,
1728 1185 1905 1238 quam

246 1255 305 1309 in
338 1255 632 1310 charitate
662 1254 785 1309 Dei.
818 1256 888 1309 Et
918 1256 1027 1310 nisi
1059 1260 1189 1327 post
1222 1256 1463 1328 triginta
1489 1274 1672 1311 annos
1705 1274 1907 1329 paren-

250 1342 415 1398 tibus
446 1342 743 1410 redditus,
777 1343 957 1398 nollet
987 1361 1084 1399 eos
1115 1344 1399 1411 deserere,
1428 1362 1574 1416 quos
1602 1349 1717 1399 tam
1744 1346 1906 1400 tarde

2016 541 2273 613 epistolae
2306 544 2433 613 ejus
2454 543 2623 597 verba
2657 559 2981 615 ponamus:
3008 543 3283 607 Quamvis
3316 544 3493 615 igitur
3514 545 3660 601 ﬁdes

2016 635 2235 696 nostra,
2270 632 2691 702 persecutionis
2730 631 3132 687 haereticorum
3188 636 3471 704 tempore,
3522 649 3658 688 cum

2016 719 2073 774 in
2107 725 2309 775 sancta
2337 720 2725 776 Alexandrina
2754 721 3015 776 Ecclesia
3045 721 3410 792 degeremus,
3444 720 3504 776 in
3535 738 3661 776 car-

2015 809 2247 864 ceribus
2275 814 2328 864 et
2362 809 2608 881 exsiliis,
2643 828 2769 881 qua:
2798 828 2902 881 pro
2924 811 3035 865 fide
3056 812 3075 843 δ
3101 810 3516 875 inferebantur,
3537 827 3666 881 pro-

2016 898 2152 952 bata
2182 898 2274 953 sit.
2314 921 2341 947 »
2376 899 2563 953 Minor
2584 900 2735 969 quod
2772 917 2883 954 non
2918 898 3227 968 adjecerit:
3256 898 3504 953 Vinctus
3525 898 3661 954 Jesu

2015 987 2250 1052 Christi,
2302 991 2359 1042 et
2384 987 2664 1042 liberatus
2696 1005 2827 1043 sum
2860 988 2931 1042 de
2962 1004 3058 1042 ore
3096 986 3304 1054 leonis,
3332 992 3389 1042 et
3418 993 3664 1043 Alexan-

2016 1076 2153 1130 dria:
2186 1077 2255 1131 ad
2287 1075 2505 1132 bestias
2537 1077 2813 1149 pugnavi,
2864 1081 2919 1131 et
2950 1093 3189 1131 cursum
3234 1076 3663 1143 consummavi,

2016 1166 2189 1220 fidem
2226 1166 2468 1236 servavi,
2502 1170 2770 1238 superest
2816 1165 2960 1220 mihi
2994 1182 3205 1221 corona
3228 1165 3496 1234 justitizn.
3531 1168 3667 1231 Quae

2016 1254 2239 1321 exsilia,
2273 1273 2421 1326 quos
2450 1254 2558 1310 iste
2581 1271 2843 1310 carceres
2864 1254 3171 1309 nominat?
3193 1254 3377 1308 Pudet
3395 1271 3486 1309 me
3508 1271 3672 1327 aper-

2017 1344 2229 1399 tissimi
2261 1345 2614 1411 mendacii“;
2651 1345 2817 1415 quasi
2837 1360 3097 1399 carceres
3129 1347 3185 1397 et
3205 1341 3410 1398 exsilia
3442 1344 3666 1414 absque

242 1432 498 1497 viderat,
555 1448 628 1486 ne
687 1431 1049 1487 inhumanus
1103 1437 1407 1504 putaretur
1464 1438 1564 1488 aut
1614 1434 1819 1499 durus,
1852 1438 1908 1489 et
2009 1433 2276 1503 judicum
2310 1434 2615 1489 sententiis
2664 1433 3011 1505 irrogentur.
3073 1431 3213 1487 Volo
3270 1436 3466 1486 tamen
3500 1432 3669 1503 ipsos

242 1524 370 1575 tam
401 1519 568 1592 longi
610 1519 839 1575 itineris
864 1520 1059 1576 labore
1088 1520 1366 1593 fragilior,
1401 1522 1470 1576 ad
1504 1522 1800 1578 iterandos
1830 1522 1908 1577 la-

244 1610 422 1664 bores
443 1613 603 1664 esset
634 1607 929 1677 intirmus,
960 1608 1157 1681 ipsum
1189 1609 1384 1665 venire
1424 1610 1697 1667 voluisse.
1743 1612 1905 1677 Quod

243 1698 389 1769 quia
429 1715 550 1752 non
580 1697 800 1765 fecerit,
835 1701 1037 1753 contra
1066 1698 1373 1755 latratores
1396 1718 1532 1755 suos
1559 1701 1794 1756 misisse
1812 1701 1909 1756 ba-

244 1786 452 1885 culum
486 1785 837 1856 litterarum,
870 1803 1045 1857 quem
1078 1787 1175 1843 illo
1210 1794 1431 1845 teneret
1470 1790 1527 1845 in
1563 1790 1818 1857 dextera,
1851 1794 1908 1845 et
1936 1825 1983 1889 B

247 1877 563 1931 saevientes
621 1880 826 1930 contra
876 1893 936 1931 se
968 1876 1225 1949 abigeret
1270 1895 1463 1933 canes.
1515 1878 1573 1934 Si
1625 1880 1905 1950 probatus

248 1971 345 2021 est
374 1965 630 2032 cunctis,
665 1970 720 2020 et
752 1965 1006 2020 maxime
1055 1966 1167 2038 ipsi
1219 1968 1309 2021 cui
1367 1968 1569 2023 scribit
1612 1969 1904 2040 episcopo,

248 2055 318 2109 in
352 2055 473 2108 ﬁde
503 2059 558 2108 et
605 2054 883 2109 charitate
929 2054 1101 2110 Dei’:
1162 2057 1451 2126 quomodo
1503 2058 1695 2112 Romae
1748 2075 1906 2113 mor-

253 2144 464 2209 detur,
498 2147 554 2196 et
583 2144 855 2214 carpitur,
904 2147 960 2199 et
1008 2146 1280 2217 appetitae
1329 2146 1735 2202 aestimationis
1781 2149 1907 2219 ejus

253 2232 429 2287 fama
464 2232 807 2287 crebrescit?
830 2233 1048 2287 Deinde
1070 2235 1241 2305 cujus
1262 2239 1349 2290 est
1380 2235 1756 2303 humilitatis,
1781 2253 1910 2308 pro-

248 2322 468 2377 batum
534 2337 596 2375 se
652 2321 841 2377 dicere
902 2322 959 2375 in
1012 2322 1126 2377 fide
1186 2328 1243 2378 et
1292 2323 1570 2379 cbaritate
1620 2326 1738 2391 Dei,
1774 2338 1907 2380 cum

254 2408 526 2481 Apostoli
549 2414 819 2481 petantzu
846 2409 1107 2479 Domine,
1124 2412 1346 2484 adauge
1369 2413 1535 2467 nobis
1560 2414 1733 2468 fidem
1757 2415 1908 2485 (Luc.

254 2516 423 2561 xvm,
447 2500 530 2566 5},
566 2522 593 2547 n
627 2503 683 2553 et
709 2498 971 2569 audiant,
1005 2522 1031 2549 ‹‹
1052 2500 1106 2553 Si
1140 2500 1463 2556 habueritis
1497 2502 1668 2557 fidem
1694 2508 1757 2557 ut
1778 2521 1909 2575 gra-

255 2606 401 2644 num
428 2587 899 2659 sinapis(lbid.6)
920 2607 930 2654 ;
954 2611 977 2635 η
998 2594 1054 2643 et
1076 2589 1146 2644 ad
1176 2590 1369 2661 ipsum
1386 2591 1614 2645 dicatur
1636 2592 1867 2648 Petrum
1897 2609 1908 2645 :

254 2702 279 2727 «ς
314 2676 561 2732 Modica
596 2677 754 2745 fidei,
797 2692 975 2747 quare
1007 2678 1287 2733 dubitasti
1316 2680 1522 2749 (Matth.
1565 2699 1681 2750 xw,
1711 2682 1851 2753 31)?
1887 2705 1911 2729 ι)

252 2765 399 2829 Quid
435 2764 655 2835 loquar
684 2764 755 2818 de
783 2763 1084 2829 charitate,
1109 2782 1233 2835 quae
1257 2770 1314 2819 et
1366 2767 1478 2821 fide
1509 2771 1565 2822 et
1601 2785 1703 2840 spe
1727 2769 1915 2839 major

254 2859 360 2920 est,
396 2858 455 2908 et
482 2869 667 2924 quam
696 2851 912 2907 Paulus
944 2857 1103 2924 optat
1144 2854 1336 2925 potius
1369 2872 1544 2927 quam
1578 2858 1913 2928 praesumit:

259 2944 385 2998 sine
415 2959 540 3014 qua
571 2946 630 2995 et
688 2940 962 3013 martyrio
1015 2942 1256 3014 sanguis
1297 2945 1541 3009 effusus,
1589 2962 1916 3018 corpusque

258 3031 517 3086 ﬂammis
540 3029 853 3095 traditum,
880 3046 1149 3085 coronam
1170 3049 1282 3087 non
1306 3032 1481 3088 habet
1504 3036 1918 3105 praemiorum?

258 3119 481 3175 Harum
514 3122 832 3189 utramque
879 3118 986 3173 iste
1040 3120 1123 3174 sic
1154 3121 1265 3175 sibi
1315 3122 1590 3191 vindicat,
1626 3129 1690 3178 ut
1720 3129 1915 3179 tamen

2017 1523 2165 1579 scire
2198 1538 2479 1589 carceres,
2532 1527 2589 1577 et
2622 1539 2873 1594 quarum
2924 1520 3353 1594 provinciarum
3400 1537 3462 1575 se
3513 1520 3671 1575 dicat

2016 1611 2219 1668 exsilia
2247 1612 2620 1667 sustinuisse.
2646 1612 2714 1665 Et
2736 1612 2937 1681 utique
2962 1609 3137 1665 habet
3158 1609 3384 1681 copiam
3418 1610 3487 1664 de
3509 1609 3668 1664 mul-

2016 1701 2091 1756 tis
2123 1701 2456 1756 carceribus
2486 1704 2542 1755 et
2574 1700 2819 1754 inﬁnitis
2851 1699 3071 1755 exsiliis
3102 1715 3285 1753 unum
3312 1697 3547 1769 aliquod
3573 1715 3678 1751 nn-

2017 1790 2304 1845 minandi.
2348 1791 2561 1844 Prodat
2582 1789 2747 1844 nobis
2779 1788 3165 1844 confessionis
3197 1804 3314 1842 suae
3347 1791 3494 1853 acta,
3531 1803 3662 1858 quae

2016 1879 2321 1950 hucusque
2376 1878 2772 1945 nescivimus;
2823 1883 2885 1932 ut
2916 1876 3070 1932 inter
3110 1876 3254 1931 alios
3309 1874 3670 1931 Alexandriaa

2016 1973 2302 2040 martyres
2334 1968 2511 2038 hujus
2546 1983 2775 2039 quoque
2807 1972 2969 2039 gesta
3002 1966 3336 2031 recitemus,
3381 1969 3437 2020 et
3468 1970 3672 2019 contra

2016 2057 2321 2112 latratores
2372 2073 2507 2112 suos
2540 2056 2727 2127 possit
2776 2057 3003 2111 dicere:
3040 2078 3067 2103 ‹‹
3104 2054 3183 2110 De
3233 2058 3440 2109 caetero
3490 2070 3663 2110 nemo

2018 2146 2162 2201 mihi
2196 2145 2478 2201 molestus
2513 2145 2607 2210 sit,
2633 2160 2737 2217 ego
2763 2145 2919 2199 enim
2942 2143 3218 2215 stigmata
3249 2142 3481 2198 Domini
3504 2142 3659 2197 nosti

2016 2236 2155 2291 Jesu
2187 2234 2399 2289 Christi
2420 2235 2476 2288 in
2513 2250 2751 2304 corpore
2803 2249 2930 2287 meo
2958 2236 3123 2303 porto
3148 2232 3359 2301 (Gatat.
3393 2248 3472 2299 v1,
3502 2232 3612 2301 17).
3644 2252 3670 2278 ››

2088 2326 2138 2379 ἆ.
2177 2324 2412 2390 Quaestio
2457 2322 2521 2377 de
2574 2324 2769 2377 anima
2800 2322 3025 2376 Christi.
3078 2352 3145 2361 ——
3178 2344 3205 2367 «
3251 2320 3491 2386 Tamen,
3526 2322 3582 2373 et
3613 2318 3661 2373 si

2020 2413 2151 2483 quis
2184 2428 2338 2465 nunc
2362 2416 2449 2465 est
2469 2413 2508 2475 ⁷,
2531 2410 2629 2481 qui
2653 2409 2739 2465 vel
2760 2414 2984 2465 tentare
3007 2409 3181 2463 {idem
3205 2411 3467 2463 nostram
3489 2406 3671 2477 cupit,

2018 2501 2104 2555 vel
2164 2500 2383 2566 audire,
2434 2498 2521 2554 vel
2575 2499 2820 2565 discere,
2856 2498 3001 2553 sciat
3053 2498 3207 2569 quod
3257 2496 3327 2551 de
3387 2495 3674 2551 Trinitate

2022 2592 2174 2646 493
2209 2589 2292 2644 ita
2321 2588 2637 2654 credimus,
2678 2610 2702 2635 ››
2748 2592 2806 2642 et
2837 2586 3081 2659 reliqua.
3117 2587 3304 2657 Supra
3349 2588 3553 2641 contra
3581 2602 3674 2639 ca-

2023 2696 2126 2735 nes
2153 2684 2284 2734 tuos
2332 2677 2605 2733 baculum
2654 2677 2925 2748 episcopo
2976 2675 3249 2747 porrigis,
3295 2690 3411 2746 quo
3460 2690 3564 2746 pro
3611 2690 3672 2729 se

2025 2768 2286 2823 munitus
2329 2767 2580 2822 incedat.
2634 2766 2798 2820 Nunc
2830 2765 2996 2837 quasi
3050 2764 3355 2836 ambigens
3388 2763 3572 2818 dicis:
3609 2762 3669 2818 Si

2025 2857 2158 2929 quis
2190 2860 2280 2911 est
2320 2855 2419 2927 qui
2451 2859 2677 2910 tentare
2724 2854 2898 2909 ﬁdem
2934 2857 3195 2909 nostram
3248 2854 3450 2924 cupit;
3484 2853 3677 2907 denuo

2025 2946 2282 3009 dubitas,
2318 2961 2450 2998 cum
2485 2944 2805 2999 multorum
2851 2942 3101 2998 latratus
3133 2943 3202 2997 ad
3238 2945 3293 2996 te
3325 2958 3511 3012 usque
3542 2958 3678 3013 per-

2023 3033 2305 3088 venerint.
2340 3032 2463 3086 Non
2496 3030 2746 3086 discutio
2780 3046 3094 3102 parumper
3121 3026 3476 3083 elocutiones
3521 3036 3671 3094 tuas,

2029 3138 2175 3193 quas
2208 3125 2265 3176 et
2292 3125 2354 3175 tu
2388 3120 2714 3175 contemnis
2741 3123 2798 3174 et
2824 3118 3106 3189 despicis;
3144 3120 3375 3171 tantum
3400 3116 3675 3171 sensibus

258 3213 461 3264 contra
492 3225 557 3263 se
592 3208 809 3263 habeat
844 3206 1148 3263 latratores
1174 3228 1187 3277 ;
1217 3210 1317 3280 qui
1352 3212 1465 3265 nisi
1498 3212 1697 3284 inclyti
1727 3215 1917 3285 ponti-
1946 3196 1989 3261 C
2029 3210 2412 3282 respondebo.
2436 3208 2606 3263 Aliud
2648 3226 2681 3263 a
2712 3213 2767 3263 te
2798 3207 3101 3279 quaeritur,
3134 3210 3191 3261 et
3219 3222 3323 3277 pro
3356 3204 3469 3259 alio
3503 3204 3674 3259 satis-

255 3297 424 3353 ficis3
458 3296 673 3351 baculo
735 3295 1110 3367 repellantur,
1146 3300 1299 3355 492
1354 3299 1566 3356 latrare
1619 3319 1734 3357 non
1787 3320 1912 3359 ces-

260 3390 414 3441 sant.
454 3385 605 3439 [llud
636 3401 771 3440 vero
803 3385 1139 3453 ridiculum,
1177 3388 1330 3459 quod
1383 3395 1513 3460 post
1542 3390 1784 3463 triginta
1811 3410 1916 3447 an-

262 3492 365 3530 nos
402 3474 480 3527 ad
510 3479 781 3544 parentes
805 3490 867 3529 se
898 3491 1195 3530 reversum
1227 3494 1353 3532 esse
1376 3480 1581 3549 jactat,
1604 3479 1780 3536 homo
1814 3482 1915 3553 qui

266 3578 379 3616 nec
412 3566 645 3631 patrem
668 3562 858 3629 habet,
892 3580 995 3619 nec
1048 3570 1291 3620 matrem
1319 3584 1332 3633 ;
1380 3571 1436 3621 et
1466 3584 1613 3638 quos
1662 3570 1917 3625 viventes

263 3648 515 3721 juvenis
546 3648 859 3721 dereliquit,
911 3656 1175 3707 mortuos
1207 3670 1383 3709 senex
1431 3657 1727 3711 desiderat
1756 3676 1767 3712 :
1803 3658 1915 3713 nisi

268 3738 426 3793 forte
456 3742 724 3809 parentes
753 3742 774 3773 ⁴
821 3739 1061 3795 militari
1110 3742 1453 3815 vulgarique
1498 3762 1789 3813 sermone,
1824 3764 1918 3803 co-

262 3832 482 3900 gnatos
514 3832 573 3881 et
603 3828 805 3883 afﬁnes
828 3828 1117 3899 nominat,
1155 3848 1304 3902 quos
1335 3833 1473 3904 quia
1523 3851 1636 3889 non
1668 3836 1790 3890 vult
1821 3836 1919 3891 de-

263 3933 483 3983 serere,
525 3933 602 3971 ne
630 3916 992 3973 inhumanus
1024 3923 1261 3990 putetur
1307 3926 1407 3976 aut
1450 3924 1656 3988 durus,
1704 3924 1920 3980 idcirco

265 4006 459 4077 patria
488 4005 792 4071 derelicta,
824 4006 1098 4077 Aquileia:
1132 4007 1376 4064 habitat.
1411 4011 1778 4067 Periclitatur
1809 4014 1919 4069 Ro-

262 4110 373 4149 mae
404 4093 503 4148 illa
534 4094 963 4165 probatissima
994 4096 1138 4151 ﬁdes
1189 4100 1338 4168 ejus,
1372 4104 1427 4154 et
1457 4100 1551 4154 hic
1583 4102 1834 4172 supinus
1866 4107 1921 4157 et

260 4182 551 4248 lassulus,
582 4191 716 4255 post
737 4182 975 4255 triginta
996 4201 1201 4252 annos,
1227 4203 1330 4258 per
1359 4187 1774 4244 mollissimum
1792 4190 1920 4245 Fla-

264 4271 457 4326 minia:
490 4272 628 4338 iter,
659 4273 868 4328 essedo
896 4273 1090 4329 venire
1130 4290 1243 4330 non
1288 4282 1505 4347 potest;
1540 4278 1740 4350 sicque
1773 4297 1921 4350 pra:-

262 4360 447 4415 tendit
479 4360 645 4433 longi
700 4361 938 4417 iteneris
987 4362 1419 4432 lassitudinem,
1474 4367 1644 4437 quasi
1678 4367 1923 4440 triginta

266 4449 440 4505 annis
492 4465 731 4521 semper
798 4451 1137 4519 cucurrerit,
1191 4458 1293 4508 aut
1349 4454 1583 4510 biennio
1640 4456 1919 4529 Aquileiae

264 4538 501 4605 sedens,
537 4539 813 4609 praeteriti
840 4538 1064 4595 itineris
1094 4540 1291 4597 labore
1321 4543 1620 4599 contectus
1654 4546 1750 4600 sit.

341 4717 355 4748 '
390 4716 604 4790 Id_est,
631 4722 869 4773 notante
896 4717 1169 4787 Victorio,
1204 4720 1409 4790 pedem
1454 4719 1630 4776 simul
1663 4724 1919 4780 natantis

268 4786 695 4891 apprehendat,
724 4806 796 4845 ne
826 4786 1261 4873 submergatu'r.

343 4930 357 4932 _
389 4858 573 4932 Vetus
602 4862 766 4929 ed1t.,
795 4862 1198 4932 probatisszmo.

278 5002 287 5010 η
339 4930 363 4962 ³
382 4930 615 5012 .Eadem
644 4902 997 5000 vetus’editq
1020 4935 1133 4988 nisi
1154 4935 1354 5003 inﬂicti
1374 4935 1673 5003 Pontiﬁcis.
1704 4935 1917 4992 Victor.

542 5072 681 5129 alibi
740 5075 1008 5149 Rufinus,
1068 5075 1266 5149 Histor.
1324 5076 1512 5149 eccels.
1546 5092 1601 5141 v,
1646 5078 1739 5141 24,
1774 5076 1922 5149 frag-

267 5148 537 5198 mentum
568 5161 638 5199 ex
662 5147 831 5217 epist.
870 5145 1188 5220 Polycratis
1212 5148 1412 5202 Latine
1435 5151 1774 5220 convertens
1798 5145 1922 5220 air}-

265 5220 442 5295 γξνεῖς
461 5287 471 5295 _
493 5232 706 5295 nomen
724 5222 975 5295 parentes
997 5218 1188 5272 reddit
1210 5235 1335 5295 pro
1368 5219 1632 5295 cognatis
1656 5220 1775 5295 sive
1798 5218 1921 5291 prc-

266 5287 529 5357 pinquis.
572 5287 887 5360 Eutrbpius
946 5304 1178 5359 quoque
1210 5287 1310 5343 lib.
1364 5287 1537 5360 Icap.
1569 5293 1626 5353 7,
1676 5287 1920 5346 Brutum

263 5361 549 5427 parentem
608 5361 909 5430 Tarquinii
951 5366 1119 5415 vocat
1156 5377 1168 5413 :
1216 5364 1273 5416 et
1316 5362 1647 5417 Jornandes
1698 5379 1746 5417 c.
1802 5364 1867 5416 17
1905 5380 1917 5416 :

270 5428 428 5484 Getas
460 5428 792 5501 Gepidosque
813 5438 1092 5501 parentes.

278 5449 428 5484 uetas
460 5449 792 5503 uepzaosque
813 5449 1092 5501 parentes.

278 5572 286 5581 _
338 5502 467 5640 vix;
488 5518 602 5556 ms.
634 5502 970 5558 Corbeiensi
1014 5518 1192 5573 penes
1250 5504 1310 5557 P.
1335 5503 1764 5575 Constantium,
1798 5520 1924 5576 qua?

278 5588 325 5624 in
472 5616 484 5627 .

266 5587 325 5624 ιη
357 5587 484 5627 καθ.

339 5644 360 5678 ⁶
390 5643 674 5703 Ruﬁnum
703 5649 825 5704 tam
864 5646 1238 5720 impudenter
1267 5662 1371 5720 pro
1403 5662 1467 5703 se
1494 5645 1678 5705 fuisse
1710 5648 1920 5706 menti-

2026 3300 2190 3356 facis.
2226 3299 2442 3354 Contra
2497 3298 2619 3352 Arii
2678 3298 2973 3369 dogmata,
3036 3297 3159 3367 jam
3222 3292 3583 3349 Alexandriaa
3616 3293 3674 3348 in

2026 3388 2355 3444 carceribus
2393 3391 2449 3442 et
2480 3386 2702 3442 exsiliis
2752 3385 3158 3451 dimicaveras,
3208 3400 3320 3438 non
3352 3399 3510 3448 voce,
3574 3383 3676 3439 sed

2028 3477 2332 3549 sanguine.
2367 3477 2533 3531 Nunc
2565 3492 2741 3547 super
2780 3474 3047 3545 Origenis
3081 3472 3285 3529 haeresi
3318 3472 3419 3527 tibi
3452 3471 3673 3526 calum-

2031 3567 2125 3620 nia
2200 3569 2616 3621 commovetur.
2678 3563 2822 3618 Nolo
2878 3580 3070 3629 cures,
3131 3579 3259 3635 qua:
3318 3577 3461 3615 sana
3514 3563 3675 3627 sunt,

2027 3652 2267 3707 vulnera
2299 3652 2605 3706 medicare.
2639 3650 2988 3705 Trinitatem
3012 3648 3158 3703 dicis
3189 3646 3365 3705 unius
3396 3662 3523 3700 esse
3554 3645 3681 3699 Dei-

2027 3741 2184 3796 tatis.
2218 3741 2335 3795 Hoc
2367 3744 2484 3795 toto
2519 3740 2789 3794 credente
2814 3739 2941 3808 jam
2974 3736 3217 3801 mundo,
3261 3738 3401 3806 puto
3436 3735 3589 3805 quod
3620 3737 3678 3788 et

2031 3830 2323 3883 daemones
2355 3828 2741 3882 confiteantur
2776 3825 2983 3880 Filium
3015 3825 3117 3880 Dei
3151 3828 3354 3878 natum
3384 3823 3454 3878 de
3499 3822 3679 3877 Maria

2028 3918 2286 3989 Virgine,
2312 3920 2369 3971 et
2394 3932 2628 3971 carnem
2652 3919 2874 3970 naturae
2896 3914 3193 3978 humanae,
3222 3918 3397 3984 atque
3419 3910 3675 3967 animam

2030 4006 2379 4078 suscepisse.
2415 4004 2474 4060 Si
2506 4005 2725 4059 arctius
2753 4003 2893 4074 quid
2928 4018 3222 4073 rogavero,
3246 4000 3677 4057 contentiosum

2029 4095 2282 4152 vocabis.
2316 4094 2375 4149 Si
2411 4093 2558 4148 dicis
2593 4091 2805 4147 Filium
2838 4092 2935 4146 Dei
2986 4092 3260 4146 humanas
3304 4094 3527 4145 natura
3560 4104 3683 4144 car-

2030 4201 2164 4240 nem
2196 4188 2370 4255 atque
2420 4182 2679 4237 animam
2710 4181 3068 4251 suscepisse,
3122 4196 3222 4234 oro
3254 4184 3329 4244 te,
3364 4182 3429 4231 ut
3458 4178 3682 4247 absque

2031 4273 2332 4329 stomacho
2384 4271 2777 4343 respondeas;
2804 4268 3003 4323 anima
3048 4269 3182 4333 ista,
3217 4282 3391 4338 quam
3422 4264 3683 4335 suscepit

2028 4364 2224 4431 Jesus,
2249 4366 2446 4418 eratne
2498 4364 2812 4431 antequam
2865 4359 3203 4412 nasceretur
3232 4372 3301 4411 ex
3349 4353 3573 4409 Maria?
3607 4369 3681 4407 an

2030 4452 2089 4507 in
2121 4451 2343 4525 origine
2372 4447 2669 4522 virginali,
2703 4464 2830 4519 quae
2882 4446 2952 4501 de
2983 4444 3200 4517 Spiritu
3251 4448 3451 4500 sancto
3479 4457 3681 4497 nasce-

1952 4565 1998 4629 D
2030 4542 2222 4609 batur,
2269 4557 2403 4596 cum
2462 4554 2702 4609 corpore
2733 4535 2910 4591 simul
2972 4538 3169 4590 creata
3201 4538 3308 4601 est,
3330 4532 3418 4589 vel
3458 4533 3587 4603 jam
3620 4530 3681 4585 in

2028 4724 2177 4785 tum,
2210 4718 2303 4773 vix
2332 4717 2588 4783 credam,
2639 4719 2742 4771 aut
2772 4731 2846 4769 ne
2892 4714 2986 4768 vix
3013 4713 3271 4785 quidem.
3314 4712 3398 4766 Ex
3426 4707 3681 4785 Socratis

2030 4780 2226 4846 autem
2258 4790 2361 4843 lib.
2398 4805 2472 4842 1v.
2505 4780 2632 4859 cap.
2664 4787 2757 4854 22,
2791 4785 2851 4840 in
2882 4780 3232 4859 Arianorum
3281 4780 3683 4859 persecutione

2030 4864 2159 4917 dira
2189 4860 2355 4915 illum
2386 4851 2895 4931 perpessum’esse
2925 4873 3041 4911 non
3090 4851 3334 4931 obscure
3364 4851 3677 4931 colligitur.

2026 4934 2245 4989 Verum
2277 4921 2421 4985 Acta
2476 4921 2533 4983 et
2579 4929 2866 5000 judicum,
2904 4927 3245 5000 sententias,
3297 4921 3522 5000 quibus
3561 4921 3675 4975 sibi

2030 5021 2211 5077 penna}
2244 4994 2990 5077 irrogatze_sunt,_proferre
3014 4998 3161 5068 ipse,
3192 4994 3530 5077 ut‘opinior,
3564 5008 3679 5047 non

2073 5077 2341 5142 otuisset,
2366 5065 2529 5144 quod
2563 5065 2761 5144 omnia
2802 5071 2860 5124 in
2894 5068 2993 5144 illa
3023 5065 3680 5144 persecutioneabsque

2073 5094 2341 5142 OLUISset,
2375 5094 2529 5144 quon
2563 5094 2761 5126 omnia
2804 5094 2860 5124 tu
2894 5094 2993 5123 tua.
3026 5094 3427 5139 pci'sucuuuuc
3456 5094 3680 5133 uuaquu

2031 5094 2227 5219 Fegum
2260 5145 2497 5219 ordine,
2527 5143 2903 5219 factiosorum
2947 5139 3270 5219 hominum
3298 5137 3538 5219 arbitrio
3567 5137 3681 5219 ltig-

2032 5207 2180 5274 rent.
2213 5218 2321 5272 Alii
2356 5217 2435 5270 ita
2469 5215 2743 5269 Ruﬁnum
2798 5230 2830 5267 a
2880 5210 3183 5265 mendacio
3214 5209 3485 5273 liberant,
3519 5211 3586 5261 ut
3620 5207 3681 5260 ti-

2034 5292 2167 5345 dem
2201 5305 2379 5361 quam
2410 5288 2536 5359 ipse
2581 5284 2837 5356 exponit,
2871 5282 3176 5361 probatam
3232 5280 3681 5361 carceribus_at-

2032 5379 2146 5433 que
2178 5350 2537 5433 eisiliisftot
2569 5350 2777 5433 nempe
2812 5350 3158 5433 martyrum,
3196 5353 3305 5433 qui
3329 5369 3432 5433 pro
3478 5350 3681 5406 eadem

2032 5425 2191 5488 recta
2224 5433 2338 5485 ﬁde
2369 5425 2793 5497 occubuerunt,
2828 5442 2942 5481 non
2995 5425 3185 5498 ipsam
3219 5425 3436 5480 suimet
3484 5438 3683 5496 perso-

2032 5521 2167 5559 nam
2193 5502 2500 5573 intelligat.

2103 5578 2122 5610 ⁷
2152 5574 2330 5645 Alibi,
2354 5568 2548 5629 Tamen
2576 5579 2626 5627 et
2653 5585 2801 5625 nunc
2830 5570 2879 5624 si
2906 5568 3027 5640 quis
3056 5576 3153 5636 est,
3178 5572 3286 5625 etc.
