4110 6162
1719 292 1784 358 S.
1816 289 2134 362 EUSEBH
2175 291 2647 366 MERONYML

442 437 610 498 utero
641 447 882 506 corpore
912 431 1182 505 figurato,
1237 427 1436 488 statim
1469 429 1622 486 facta
1666 432 1726 486 et
1779 428 1963 485 missa
1998 432 2088 484 est
2114 431 2174 502 Α,
2190 431 2486 502 judicium
2512 451 2524 500 ;
2555 432 2616 490 in
2648 449 2764 506 quo
2805 430 3051 504 judicio,
3085 453 3114 484 »
3157 433 3217 488 et
3242 432 3467 488 cetera.
3497 430 3685 503 Super
3711 443 3840 486 ver-

444 523 516 588 de
545 521 726 579 casio?
767 522 837 576 Et
868 520 1060 577 tribus
1087 537 1272 575 unum
1305 519 1447 592 quid
1478 517 1696 574 sentias
1747 517 1894 573 scire
1940 518 2087 574 desi-

2199 521 2406 576 borum
2429 521 2584 578 vitiis
2614 526 2804 578 tacere
2825 522 3194 579 decreveram
3221 539 3234 590 ;
3269 521 3371 578 sed
3402 519 3540 592 quia
3569 517 3842 592 discipuli

443 613 603 669 dero.
639 612 698 668 Si
732 611 842 666 fuit
873 611 985 681 (At.
1021 626 1137 664 non
1159 609 1289 679 fuit)
1321 612 1636 680 antequam
1661 610 1999 662 nasceretur
2021 622 2090 661 ex
2197 611 2325 681 ejus
2356 611 2644 667 mirantur
2661 610 3054 683 eloquentiam
3086 609 3482 683 praeceptoris,
3505 624 3694 681 pauca
3724 624 3842 680 per-

442 701 647 771 Maria,
680 699 932 756 necdum
980 715 1117 770 ergo
1165 703 1288 754 erat
1344 697 1542 752 anima
1569 697 1731 761 Jesu,
1773 701 1833 751 et
1881 695 2091 766 agebat
2198 699 2502 771 stringam.
2538 701 2771 757 Dixerat
2819 700 3114 770 judicium
3182 697 3622 765 futurum;sed
3668 696 3842 754 homo

442 789 684 864 aliquid,
719 805 784 844 ac
817 792 1053 860 propter
1101 786 1309 842 merita
1363 785 1645 840 virtutum
1703 788 1906 856 postea
1933 783 2088 838 facta
2197 795 2404 846 cautus
2432 790 2631 845 timuit
2652 790 2844 846 solum
2875 789 3066 845 dicere
3093 790 3155 844 in
3177 804 3301 860 quo,
3326 791 3382 843 et
3412 786 3627 859 posuit,
3661 787 3722 841 in
3744 803 3842 858 quo

440 883 531 934 est
558 878 756 938 anima
785 877 935 948 ejus.
977 875 1032 930 Si
1086 874 1238 947 cepit
1267 891 1335 930 ex
1377 874 1638 940 traduce,
1689 873 2085 928 humanarum

441 966 620 1038 igitur
652 966 1006 1031 animarum,
1057 981 1203 1035 quas
1251 968 1497 1020 aeternas
1550 963 1820 1027 fatemur,
1861 967 1920 1017 et
1949 962 2084 1018 bru-

438 1061 632 1111 torum
651 1054 1063 1121 animantium,
1084 1070 1211 1126 qua:
1238 1069 1371 1107 cum
1393 1068 1634 1124 corpore
1662 1049 2084 1113 dissolvuntur.

442 1161 562 1201 una
593 1143 846 1199 conditio
869 1147 972 1198 cst.
1001 1143 1097 1196 Sin
1125 1147 1320 1197 autem
1353 1141 1601 1213 ﬁgurato
1623 1156 1860 1212 corpore
1889 1139 2084 1195 statim

437 1238 666 1294 creatur
693 1236 750 1287 et
779 1232 1054 1299 mittitur,
1091 1231 1269 1286 fatere
1323 1229 1687 1302 simpliciter,
1721 1234 1778 1284 et
1801 1245 1907 1286 nos
1929 1245 2090 1284 scru-

440 1321 579 1393 pulo
611 1321 814 1376 libera.

511 1411 566 1465 5.
599 1410 757 1466 Nihil
788 1410 998 1466 horum
1032 1408 1323 1481 loqueris:
1358 1408 1457 1464 sed
1490 1411 1810 1479 occupatus
1843 1407 1900 1460 in
1932 1403 2086 1470 aliis,

435 1497 813 1572 simplicitate
830 1503 1030 1554 nostra
1049 1497 1329 1564 abuteris,
1347 1503 1403 1552 et
1425 1496 1736 1569 praestigiis
1757 1509 2086 1567 pompaque

432 1587 745 1643 verborum
777 1587 994 1643 haerere
1024 1603 1131 1642 nos
1161 1602 1275 1641 non
1337 1585 1485 1641 sinis
1533 1583 1866 1656 quaestioni.
1915 1581 2085 1648 Quid,

435 1673 688 1746 inquies,
721 1691 914 1730 nonne
946 1673 1190 1746 quaestio
1243 1678 1367 1730 erat
1399 1674 1469 1728 de
1501 1673 1925 1728 resurrectione
1957 1686 2086 1726 car-

2188 879 2434 952 judicio;
2459 896 2531 934 ne
2562 879 2610 936 si
2643 895 2754 934 non
2781 879 3038 935 secundo
3061 876 3370 950 repetisset
3386 875 3688 948 judicium,
3715 893 3841 946 nos,

2196 969 2362 1024 obliti
2396 969 2786 1042 superiorum,
2821 985 2923 1041 pro
2968 967 3192 1037 judicio
3221 968 3447 1021 asinum
3475 969 3842 1036 putaremus.

2198 1057 2347 1113 Illud
2379 1075 2611 1130 quoque
2641 1058 2798 1130 quod
2821 1059 3022 1130 postea
3044 1056 3241 1123 infert,
3267 1078 3295 1105 «
3321 1053 3420 1127 qui
3451 1053 3846 1110 criminantur

2197 1146 2423 1212 fratres,
2455 1163 2590 1202 cum
2630 1145 2756 1218 ipso
2797 1144 3012 1217 pariter
3057 1143 3256 1198 aeterni
3307 1142 3462 1216 ignis
3509 1142 3844 1200 haereditate

2197 1233 2514 1308 potientur,
2557 1258 2586 1285 ››
2635 1234 2899 1304 ejusdem
2950 1238 3039 1289 est
3084 1232 3431 1288 venustatis.
3487 1230 3629 1297 Quis
3683 1231 3839 1288 enim

2197 1340 2457 1395 unquam
2488 1322 2709 1379 audivit
2755 1325 2929 1394 potiri
2957 1321 3200 1390 ignibus,
3235 1322 3293 1376 et
3321 1319 3436 1374 frui
3480 1318 3792 1390 suppliciis
3818 1320 3846 1373 σέ

2196 1413 2308 1470 Sed
2337 1413 2513 1469 homo
2543 1413 2777 1469 Graecus
2817 1412 3046 1467 videtur
3077 1408 3222 1466 mihi
3271 1408 3424 1466 405
3458 1408 3722 1480 seipsum
3753 1408 3845 1465 in-

2194 1502 2499 1575 terpretari
2529 1500 2805 1569 voluisse,
2828 1504 2887 1557 et
2917 1516 3018 1572 pro
3035 1516 3102 1556 eo
3133 1499 3286 1570 quod
3319 1498 3475 1570 apud
3499 1513 3598 1554 eos
3628 1498 3847 1554 dicitur

2195 1587 2734 1664 κληρονομήσουσιν,
2773 1593 2830 1644 et
2881 1589 3037 1660 apud
3070 1604 3176 1644 nos
3224 1603 3342 1643 uno
3390 1586 3564 1642 verbo
3594 1586 3710 1642 dici
3741 1603 3844 1658 po-

2196 1684 2311 1736 test
2340 1678 2756 1743 hazreditabunt,
2791 1675 3180 1750 compositius
3209 1679 3269 1732 et
3295 1675 3564 1732 ornatius
3601 1675 3844 1740 dixisse,

436 1763 551 1868 ξιίεν
577 1767 661 1868 ξι
690 1765 875 1835 Panis
918 1761 1181 1818 diam“?
1241 1763 1444 1868 atii?“
1491 1761 1596 1832 (Αίο
1654 1761 1897 1868 Fatere);
1941 1761 2086 1858 ΕΓξο
2118 1804 2168 1868 Β
2195 1769 2505 1824 haereditate
2544 1769 2843 1840 potientur.
2891 1764 3228 1822 Istiusmodi
3261 1764 3438 1836 nugis
3493 1766 3552 1819 et
3580 1762 3842 1835 acyrolo-

433 1851 685 1907 breviter
716 1867 976 1924 pureque
1019 1851 1326 1923 responde.
1360 1851 1481 1906 Non
1517 1866 1714 1922 quero
1746 1849 1902 1921 quod
1935 1847 2083 1904 scri-

434 1939 551 2006 bis,
591 1940 855 1996 eamdem
887 1956 1120 1995 carnem
1163 1955 1486 2011 resurgere,
1543 1940 1602 1993 in
1658 1955 1776 2011 qua
1805 1937 2080 2004 vivimus,

436 2027 599 2084 nullo
625 2028 889 2086 membro
917 2032 1244 2102 amputato,
1278 2045 1380 2084 nec
1411 2027 1609 2100 aliqua
1639 2031 1804 2101 parte
1825 2025 2084 2098 corporis

437 2118 692 2185 desecta,
726 2117 848 2172 haec
869 2117 1026 2173 enim
1058 2122 1160 2172 tua
1178 2118 1353 2173 verba
1377 2118 1661 2173 suntzsed
1686 2132 1900 2190 quaero,
1927 2115 2082 2188 quod

438 2205 720 2280 Origenes
750 2209 944 2279 negat,
973 2207 1130 2263 494
1180 2211 1380 2262 utrum
1429 2205 1488 2261 in
1521 2206 1723 2262 eodem
1765 2221 1927 2271 sexu,
1969 2220 2083 2276 quo

436 2300 670 2353 mortua
699 2299 840 2351 sunt
877 2311 1139 2367 corpora,
1179 2294 1568 2352 suscitentur:
1589 2298 1645 2350 et
1675 2293 1856 2349 Maria
1878 2293 2080 2362 Maria,

435 2382 692 2440 Joannes
723 2383 1037 2456 resurgat.)
1047 2399 1291 2439 oannes:
1317 2400 1390 2439 an
1413 2383 1724 2439 commisto
1743 2399 1882 2438 sexu
1909 2386 2084 2454 atque

435 2473 692 2537 turbato,
724 2488 828 2527 nec
859 2471 964 2539 vir,
1025 2489 1130 2529 nec
1182 2473 1398 2528 femina
1445 2473 1552 2539 sit;
1588 2472 1688 2527 sed
1742 2476 2082 2542 utrumque,

434 2561 524 2617 vel
575 2561 894 2617 neutrum?
943 2565 1009 2617 Et
1040 2579 1113 2616 an
1162 2561 1290 2633 ipsa
1338 2577 1580 2633 corpora
1638 2561 1996 2632 incorrupta,
2028 2564 2085 2616 et

436 2648 814 2720 immortalia,
845 2653 904 2705 et
933 2654 998 2704 ut
1027 2655 1229 2722 argute
1270 2665 1616 2723 praemones,
1643 2650 1813 2720 juxta
1844 2651 2084 2720 Aposto-

435 2737 559 2794 lum
590 2737 919 2812 spiritualia
959 2744 1341 2810 permaneant
1382 2738 1442 2793 in
1495 2742 1817 2794 internum:
1871 2742 1927 2792 et
1965 2753 2080 2792 non

437 2825 629 2883 solum
677 2843 938 2899 corpora,
973 2827 1073 2882 sed
1107 2843 1240 2882 caro
1274 2831 1332 2882 et
1361 2826 1601 2900 sanguis
1631 2825 1885 2891 infusus,
1918 2826 2082 2881 venis

437 2920 496 2980 et
523 2916 758 2976 ossibus
791 2916 1085 2988 irrigatus,
1119 2933 1245 2988 qua:
1277 2916 1532 2972 Thomas
1561 2914 1789 2987 tetigit:
1824 2931 1898 2969 an
1930 2920 2083 2971 certe

436 3004 722 3078 paulatim
776 3004 1143 3062 resolvantur
1195 3006 1253 3061 in
1288 3004 1560 3070 nihilum,
1612 3009 1669 3060 et
1715 3005 1786 3059 ad
1831 3008 2084 3075 quatuor

437 3095 594 3150 unde
624 3100 928 3167 compacta
956 3099 1096 3150 sunt
1143 3094 1451 3160 elementa,
1505 3091 1922 3149 retrahuntur?
1953 3091 2080 3148 Huic

2194 1857 2308 1928 giis
2338 1857 2530 1912 omnis
2581 1857 2708 1928 ejus
2758 1859 2944 1912 scatet
2985 1852 3191 1910 oratio.
3239 1852 3350 1910 Sed
3383 1855 3741 1908 revertamur
3769 1853 3847 1909 ad

2193 1961 2461 2001 sensum.

2260 2037 2315 2088 7.
2373 2033 2524 2088 Ridet
2581 2033 2765 2103 Ruﬁni
2825 2031 3004 2088 verba.
3056 2031 3205 2100 Ignis
3231 2036 3474 2086 aeternus
3504 2030 3671 2098 juxta
3720 2029 3852 2084 Ori-

2189 2139 2403 2194 genem.
2437 2153 2504 2162 -—
2537 2121 2759 2177 Grandi
2794 2117 3064 2174 diabolus
3114 2117 3319 2173 lancea
3366 2117 3705 2189 percutitur,
3740 2118 3848 2188 qui

2192 2210 2465 2269 omnibus
2495 2209 2692 2266 existit
2712 2225 2890 2264 causa
2911 2206 3152 2280 peccati,
3186 2205 3236 2262 si
3266 2221 3368 2277 pro
3406 2203 3684 2276 operibus
3713 2206 3847 2262 suis

2193 2298 2363 2373 quasi
2409 2299 2606 2364 homo,
2641 2298 2978 2354 redditurus
3008 2300 3098 2352 est
3144 2294 3450 2360 rationem,
3485 2297 3543 2349 et
3571 2310 3706 2350 cum
3737 2311 3850 2350 an-

2191 2385 2339 2459 gelis
2368 2387 2492 2443 suis
2549 2386 2747 2442 aeterni
2797 2385 2952 2459 ignis
2997 2383 3337 2439 haereditate
3385 2382 3662 2453 potietur.
3719 2382 3846 2439 Hoc

2191 2474 2349 2530 enim
2379 2474 2597 2541 deerat,
2629 2479 2695 2530 ut
2723 2472 3066 2530 hominibus
3094 2475 3386 2530 tormento
3438 2470 3714 2537 subditis,
3745 2469 3852 2526 ille

2194 2562 2480 2634 potiretur
2508 2562 2528 2595 ⁸
2583 2561 2820 2634 ignibus
2866 2560 3120 2628 aeternis,
3169 2574 3317 2630 quos
3363 2561 3527 2614 tanto
3585 2563 3856 2630 tempore

2191 2650 2638 2707 desideraverat.
2671 2650 2743 2706 Et
2780 2648 2997 2704 videris
3024 2646 3170 2704 mihi
3199 2648 3220 2681 ⁵
3251 2645 3612 2702 calumniam
3642 2645 3704 2702 in
3737 2645 3856 2702 hoc

2191 2737 2318 2794 loco
2350 2739 2538 2794 facere
2569 2737 2820 2804 diabolo,
2856 2741 2914 2793 et
2964 2735 3402 2793 criminatorem
3432 2733 3701 2792 omnium
3733 2733 3852 2791 fal-

2191 2827 2274 2882 sis
2296 2825 2642 2882 criminibus
2665 2843 2959 2883 accusare.
2994 2825 3152 2881 Dicis
3181 2823 3363 2892 enim,
3387 2846 3417 2872 «
3440 2823 3540 2895 qui
3562 2822 3849 2880 omnibus

2189 2916 2420 2972 exsistit
2445 2931 2626 2972 causa
2657 2915 2873 2988 peccati
2900 2933 2946 2983 ;-
2984 2918 3042 2970 et
3071 2914 3212 2969 dum
3240 2913 3297 2968 in
3328 2910 3496 2968 illum
3529 2911 3710 2968 refers
3733 2912 3850 2967 cri-

2191 3004 2372 3071 mina,
2419 3004 2688 3062 homines
2719 3004 2890 3077 culpa
2916 3003 3155 3070 liberas,
3208 3000 3482 3073 tollisque
3513 2999 3741 3056 arbitrii
3777 3001 3848 3056 li-

2189 3093 2495 3162 bertatem,
2531 3093 2827 3150 Salvatore
2859 3092 3106 3160 dicente,
3139 3091 3293 3164 quod
3327 3113 3356 3142 ‹‹
3392 3091 3464 3145 de
3496 3089 3671 3146 corde
3701 3107 3850 3147 nos-

437 3186 538 3242 aut
565 3183 756 3238 dicere
777 3183 1083 3246 debueras,
1114 3187 1216 3238 aut
1263 3199 1492 3254 negare,
1527 3188 1584 3237 et
1629 3198 1744 3236 non
1793 3197 1860 3236 ea
1889 3179 2074 3253 loqui,
2109 3172 2151 3239 C
2187 3185 2276 3244 tro
2307 3186 2519 3238 exeunt
2549 3181 2928 3256 cogitationes
2959 3177 3498 3250 malae,homicidia,
3525 3177 3844 3248 adulteria,

438 3287 566 3343 quae
598 3269 844 3325 subdole
892 3270 1168 3343 Origenes
1198 3270 1446 3335 fatetur;
1503 3274 1566 3326 ut
1613 3269 1784 3341 quasi
1813 3268 1990 3325 fatuis
2020 3273 2079 3324 et

435 3357 634 3430 pueris
677 3357 953 3426 illudens,
986 3363 1044 3414 et
1093 3357 1254 3414 nullo
1286 3359 1548 3414 membro
1596 3361 1921 3430 amputato,
1971 3373 2076 3412 nec

436 3445 635 3519 aliqua
690 3445 948 3518 corporis
1006 3451 1170 3519 parte
1209 3447 1525 3504 desecta.»
1580 3446 1806 3502 Scilicet
1862 3445 1972 3502 hoc
2003 3445 2074 3501 ti-

435 3535 720 3601 muimus,
753 3552 826 3592 ne
856 3536 983 3592 sine
1033 3553 1175 3593 naso
1221 3541 1278 3592 et
1317 3536 1558 3594 auribus
1588 3551 1986 3608 surgeremus,
2019 3539 2078 3590 et

434 3623 755 3696 amputatis
793 3623 1086 3697 sectisque
1131 3623 1512 3698 genitalibus,
1559 3623 1964 3680 cunuchorum
2016 3623 2076 3678 in

434 3712 653 3770 scelesti
681 3713 1005 3770 Jerusalem
1037 3713 1241 3770 civitas
1270 3714 1635 3770 conderetur.

502 3803 556 3858 6.
591 3803 765 3858 Porro
804 3803 874 3858 de
925 3801 1156 3859 diabolo
1213 3803 1299 3858 sic
1354 3803 1704 3858 sententiam
1749 3807 2071 3874 temperat:

434 3911 464 3939 ‹‹
496 3889 758 3946 Dicimus
785 3907 1014 3962 quoque
1043 3896 1100 3946 et
1121 3891 1412 3962 judicium
1444 3892 1730 3960 futurum,
1763 3891 1823 3947 in
1856 3892 2079 3963 quoju-

433 3978 578 4035 cicio
609 3979 1022 4053 unusquisque
1059 3979 1298 4052 recipiet
1323 3981 1558 4054 propria
1588 3982 1868 4054 corporis,
1905 3984 2077 4054 prout

432 4068 635 4140 gessit,
680 4068 800 4125 sive
830 4069 1001 4136 bona,
1035 4069 1155 4124 sive
1202 4068 1378 4126 mala.
1411 4069 1572 4134 Quod
1605 4069 1654 4125 si
1681 4069 1952 4126 homines
1985 4085 2070 4124 re-

431 4157 655 4228 cepturi
687 4161 828 4214 sunt
878 4174 980 4230 pro
1025 4157 1302 4230 operibus
1347 4159 1492 4227 suis,
1526 4164 1748 4231 quanto
1781 4159 1969 4232 magis
2020 4164 2077 4214 et

432 4244 840 4318 diabolus,qui
875 4247 1152 4302 omnibus
1182 4248 1410 4304 exsistit
1440 4249 1455 4281 ¹
1501 4264 1680 4305 causa
1711 4247 1961 4320 peccati!
1999 4248 2076 4302 De

431 4351 546 4407 quo
578 4334 720 4392 illud
755 4336 1044 4392 sentimus
1071 4337 1226 4408 quod
1249 4337 1533 4409 scriptum
1565 4342 1654 4393 est
1684 4336 1743 4391 in
1765 4335 2073 4408 Evangelio

430 4421 642 4490 (Matth.
673 4425 838 4495 xxv):
874 4424 1012 4496 quia
1041 4428 1100 4481 et
1145 4424 1273 4496 ipse
1318 4424 1608 4492 diabolus,
1641 4432 1696 4481 et
1726 4440 1930 4482 omnes
1969 4441 2072 4480 an-

430 4509 544 4606 geli
575 4511 724 4606 ejus,
780 4529 914 4606 cum
945 4511 1038 4606 his
1085 4513 1184 4583 qui
1215 4529 1390 4606 opera
1418 4515 1546 4584 ejus
1577 4512 1819 4580 faciunt,
1851 4513 1908 4568 id
1962 4518 2073 4582 est,
2105 4541 2151 4606 Β

431 4597 533 4670 qui
557 4599 948 4654 criminantur
979 4601 1186 4656 fratres
1217 4602 1257 4667 ²,
1290 4618 1427 4656 cum
1473 4602 1600 4674 ipso
1631 4603 1848 4674 pariter
1875 4601 2073 4657 aeterni

431 4686 588 4762 ignis
616 4687 949 4752 hareditate
980 4689 1293 4762 potientur.
1327 4691 1387 4747 Si
1421 4691 1556 4764 quis
1586 4708 1722 4766 ergo
1755 4697 1932 4766 negat
1957 4691 2076 4749 dia-

431 4776 631 4835 bolum
675 4777 904 4834 aeternis
949 4778 1186 4851 ignibus
1235 4781 1617 4854 mancipari",
1667 4787 1888 4855 partem
1939 4799 2076 4840 cum

431 4867 559 4939 ipso
591 4866 787 4922 aeterni
819 4867 974 4940 ignis
998 4867 1263 4940 accipiat,
1297 4875 1364 4926 ut
1395 4870 1608 4927 sentiat
1634 4873 1788 4942 quod
1825 4873 2074 4944 negavit.

435 4956 788 5029 Repetamus
819 4958 1072 5032 singula.
1120 4984 1146 5010 α
1199 4958 1482 5028 Dicimus,
1544 4960 1754 5032 inquit,
1815 4962 2076 5015 futurum

507 5196 523 5264 ξ
555 5193 619 5247 In
649 5191 899 5264 vulgatis
920 5196 1258 5249 constanter
1277 5191 1501 5264 obtinet
1529 5193 1740 5249 exstitit
1770 5191 1864 5246 hic
1906 5193 2080 5262 atque

432 5262 625 5384 infiniti
672 5262 842 5318 sec‘us
900 5278 1068 5329 mss.,
1130 5269 1276 5319 teste
1335 5263 1394 5316 P.
1447 5263 1811 5330 Constantio,
1873 5277 2082 5333 nempe

434 5347 554 5384 exis
583 5348 600 5383 ι
634 5371 646 5383 .

434 5347 646 5386 existit.

436 5472 450 5486 ε
504 5399 945 5486 ’“Coislin‘ianus
995 5401 1458 5486 quidemnmss‘q
1502 5411 1684 5486 patres
1737 5420 1840 5476 pro
1882 5405 2083 5486 fratres

436 5471 604 5545 legit;
641 5469 784 5524 illud
819 5469 1184 5528 retinendum
1240 5472 1421 5542 liquet
1451 5469 1517 5529 ex
1566 5469 1900 5548 Hieronymi
1950 5491 2080 5530 cen-

438 5559 709 5669 suifﬁitlibi
740 5611 1170 5683 mancipandam
1200 5611 1434 5685 legitur.

2188 3270 2624 3337 fornicationes,
2658 3271 2814 3325 furta
2869 3269 3020 3326 falsa
3067 3268 3423 3334 testimonia,
3457 3265 3847 3338 blasphemia

2187 3360 2392 3432 (Matth.
2427 3377 2521 3426 xv,
2554 3359 2664 3429 49).
2727 3381 2754 3408 ››
2787 3359 2856 3414 Et
2912 3374 3148 3416 rursum
3198 3357 3270 3412 de
3324 3355 3480 3414 Juda
3535 3354 3595 3412 in
3647 3343 3866 3413 Evam.

2186 3447 2336 3522 gelio
2368 3447 2660 3520 legimus:
2706 3471 2732 3497 ‹‹
2768 3447 2905 3504 Post
2948 3445 3270 3503 buccellam
3324 3444 3564 3500 intravit
3593 3442 3653 3500 in
3694 3460 3842 3500 eum

2185 3538 2426 3594 Satanas
2457 3536 2634 3608 (Joan.
2665 3551 2787 3602 XIII,
2810 3536 2902 3607 27)
2929 3553 2941 3590 :
2968 3557 2996 3585 ››
3016 3533 3116 3606 qui
3147 3537 3282 3608 ante
3306 3530 3630 3588 buccellam
3661 3547 3848 3603 spon-

2184 3630 2242 3682 te
2286 3605 2640 3698 peccaverat,
2699 3629 2757 3679 et
2810 3605 2917 3681 nec
2970 3605 3326 3686 humilitate,
3380 3637 3486 3677 nec
3515 3621 3846 3678 clementia

2183 3713 2499 3771 Salvatoris
2530 3713 2713 3770 ﬂexus
2743 3717 2834 3770 eet
2863 3713 2934 3770 ad
2958 3710 3381 3785 paenitentiam.
3408 3709 3566 3768 Unde
3591 3711 3847 3782 Aposto-

2184 3800 2306 3858 lus:
2354 3825 2381 3851 «
2435 3803 2588 3870 Quos
2632 3801 2866 3868 tradidi,
2923 3800 3135 3874 inquit,
3168 3800 3418 3866 Satanae,
3476 3802 3542 3853 ut
3598 3797 3850 3856 discant

2184 3909 2300 3948 non
2330 3889 2704 3963 blapbemare
2735 3891 2785 3958 (Ι
2822 3891 2954 3946 Tim.
2986 3907 3025 3958 ι,
3071 3890 3183 3961 20).
3219 3910 3249 3939 ››
3280 3889 3358 3944 Et.
3391 3889 3448 3942 in
3497 3884 3608 3943 alio
3655 3885 3796 3943 loco
3825 3906 3840 3942 :

2184 4004 2210 4030 ‹‹
2247 3979 2484 4036 Tradidi
2514 3978 2858 4048 hujusmodi
2890 3979 3116 4036 Satanae
3167 3976 3226 4034 in
3278 3975 3572 4032 interitum
3601 3974 3844 4044 carnis,

2184 4074 2251 4125 ut
2279 4068 2524 4141 spiritus
2553 4065 2749 4122 salvus
2796 4068 2895 4123 fiat
2923 4067 2975 4139 (ι
3005 4067 3128 4122 Cor.
3163 4083 3219 4138 v,
3250 4067 3328 4136 5).
3365 4086 3394 4115 ››
3421 4061 3695 4122 Tradidit
3725 4079 3844 4123 eos

2185 4159 2431 4224 Satanae,
2457 4153 2624 4228 quasi
2654 4155 2856 4211 tortori
2873 4155 2944 4212 ad
2976 4154 3362 4228 puniendum,
3385 4153 3486 4225 qui
3507 4155 3840 4224 antequam

2183 4245 2578 4313 traderentur,
2622 4244 2922 4302 voluntate
2970 4243 3207 4316 propria
3249 4241 3842 4314 hlaspbemaverant.

2183 4333 2252 4388 Et
2282 4332 2496 4389 David:
2539 4355 2568 4384 «
2600 4333 2685 4389 Ab
2727 4331 2997 4401 occultis,
3029 4330 3243 4404 inquit,
3278 4329 3425 4387 meis
3456 4327 3682 4388 munda
3711 4344 3846 4396 me,

2183 4422 2448 4490 Domine,
2481 4427 2537 4478 et
2567 4422 2638 4479 ab
2670 4420 2878 4478 alienis
2928 4435 3100 4493 parce
3127 4434 3294 4476 servo
3326 4423 3425 4474 tuo
3457 4417 3633 4490 (Psal.
3663 4432 3843 4487 xvm,

2182 4511 2273 4580 43)
2292 4529 2304 4579 ;
2324 4533 2350 4560 ››
2368 4511 2616 4568 breviter
2635 4516 2691 4568 et
2709 4527 2828 4568 suae
2847 4509 3166 4570 voluntatis
3187 4523 3464 4579 errorem,
3481 4511 3538 4563 et
3553 4505 3856 4565 vitiorum.

2183 4599 2472 4657 incentiva
2484 4599 2843 4672 signiﬁcans.
2861 4599 2923 4654 In
2945 4595 3292 4654 Ecclesiaste
3307 4611 3538 4667 quoque
3549 4592 3726 4666 legim
3737 4609 3838 4651 us:

2185 4714 2213 4740 «
2238 4690 2298 4748 Si
2326 4689 2573 4763 spiritus
2603 4692 2951 4764 potestatem
2988 4685 3260 4744 habentis
3288 4681 3619 4746 ascenderit
3647 4698 3843 4756 super

2185 4796 2283 4836 cor
2336 4783 2526 4846 tuum,
2558 4778 2751 4834 locum
2798 4781 2970 4833 tuum
3016 4790 3089 4832 ne
3157 4771 3462 4832 dimiseris.
3515 4770 3712 4840 (Bede.
3778 4788 3844 4838 χ,

2188 4871 2261 4941 li).
2295 4891 2323 4920 ››
2359 4870 2437 4924 Ex
2469 4885 2582 4941 quo
2613 4867 2834 4940 liquido
2873 4868 3133 4940 apparet,
3169 4863 3218 4918 si
3253 4860 3593 4918 dederimus
3619 4873 3843 4915 ascen-

2187 4957 2346 5012 denti
2376 4955 2590 5022 locum,
2626 4973 2734 5012 nos
2760 4969 3029 5028 peccasse
3053 4949 3532 5023 qui‘dederimus,
3558 4950 3616 5004 et
3633 4963 3848 5004 ascen-

2226 5188 2487 5273 ".Vetus
2534 5185 2674 5241 edit.
2707 5199 2842 5241 cum
2889 5185 3141 5259 negandi
3197 5182 3427 5258 partim,
3472 5179 3846 5250 itte.non.pa-

2190 5263 2461 5387 urftS‘t’ibt
2481 5324 2643 5400 docti
2663 5325 2800 5400 yiri,
2832 5329 2928 5398 qui
2963 5329 3039 5400 ab,
3069 5325 3411 5400 hujusmodj
3466 5320 3712 5380 sinistra
3741 5319 3847 5376 in-

2190 5399 2627 5472 terpretatione
2663 5395 2940 5454 Rufinum
2993 5395 3323 5472 vindicant,
3371 5397 3590 5472 Revera
3643 5406 3852 5461 neque

2190 5466 2382 5534 illum,
2415 5469 2507 5524 cui
2556 5466 2702 5523 alter
2750 5485 2926 5526 causa
2973 5471 3044 5526 ad
3077 5470 3436 5541 peccandum
3476 5466 3589 5541 fuit
3615 5477 3847 5592 sugge-

2195 5542 2394 5592 rendo.
2428 5537 2599 5592 culna
2628 5537 2970 5592 liberamus-
3020 5541 3159 5592 auia
3187 5557 3376 5592 neque
3402 5535 3629 5592 arbitrii
3664 5534 3706 5592 Ιι
3749 5549 3847 5592 αι·-

2195 5542 2394 5610 rendo,
2428 5537 2599 5614 culpa
2628 5537 2970 5614 liberamus,
3020 5534 3159 5611 quia
3187 5557 3376 5614 neque
3402 5535 3629 5597 arbitrii
3664 5534 3852 5596 libar—

2190 5615 2374 5676 tatem
2403 5611 2748 5686 obsequenti
2777 5611 3114 5678 adimimus.
