4094 6166
267 272 381 337 419

1453 266 1771 336 CONTRA
1816 264 2177 338 RUFINUM
2223 272 2371 338 LIB.
2410 272 2496 338 Ῑῐ.

3562 264 3688 343 ao

260 409 503 463 dentem
534 422 742 463 muros
770 406 1000 463 hostem
1031 420 1146 461 non
1177 406 1532 479 praecipitem
1578 407 1922 463 deturbave-
1954 428 2007 490 Α
2038 425 2134 463 ma
2164 411 2515 482 quaestiones
2554 410 2703 465 491
2754 424 2881 465 esse
2929 414 3289 467 commotas:
3344 411 3415 469 de
3458 428 3577 482 qua
3622 422 3688 469 re

254 497 470 552 rimus.
504 495 671 560 Quod
705 499 902 550 autem
936 495 1280 566 imprecaris
1312 494 1610 562 fratribus,
1634 497 1788 551 496
1814 497 1925 552 hoc

253 590 365 653 est,
400 584 887 641 criminatoribus
940 583 1076 649 tuis,
1127 588 1373 639 aeternos
1421 584 1588 656 ignes
1628 601 1763 640 cum
1797 586 1925 640 dia-

254 674 419 741 bolo,
450 690 569 730 non
597 678 721 728 tam
753 673 966 728 fratres
996 672 1142 728 mihi
1182 673 1399 729 videris
1429 690 1713 745 premere,
1747 690 1924 745 quam

257 763 571 819 diabolum
600 761 922 831 sublevare,
950 777 1085 817 cum
1109 762 1126 796 ί
1156 761 1366 816 iisdem
1400 762 1617 833 quibus
1656 762 1925 818 homines

258 850 589 907 Christiani
636 850 872 923 ignibus
945 850 1283 922 puniendus
1342 851 1438 907 sit.
1498 851 1669 923 Ignes
1727 855 1923 907 autem

266 945 538 1005 aeternos,
570 955 709 1010 quos
739 938 1069 1012 intelligere
1098 938 1247 995 solet
1275 938 1575 1012 Origenes,
1603 945 1743 1011 puto
1767 941 1921 1011 quod

265 1033 328 1085 te
359 1046 471 1084 non
516 1028 718 1100 fugiat,
769 1026 1186 1083 conscientiam
1229 1027 1497 1083 videlicet
1527 1033 1921 1099 peccatorum,

262 1123 317 1172 et
338 1117 764 1188 pmnitudinem
798 1117 1032 1172 interna
1056 1116 1249 1171 cordis
1292 1121 1581 1172 urentem.
1612 1116 1691 1172 De
1723 1133 1840 1187 qua
1864 1121 1923 1171 et

252 1205 439 1261 Isaias
470 1205 773 1277 loquitur:
810 1228 838 1255 ‹‹
876 1205 1098 1261 Vermis
1128 1222 1331 1261 eorum
1372 1222 1488 1261 non
1531 1205 1834 1271 morietur,
1861 1211 1919 1260 et

248 1296 411 1369 ignis
443 1311 649 1350 eorum
681 1312 798 1350 non
831 1295 1237 1367 exstinguetur
1270 1295 1402 1366 (Isa.
1441 1312 1591 1362 LXVI,
1621 1295 1733 1365 24).
1770 1317 1798 1343 ››
1854 1295 1923 1349 Et

249 1384 324 1439 ad
377 1383 739 1456 Babylonem
785 1383 1070 1456 scriptum
1119 1386 1285 1439 est’:
1340 1384 1592 1439 «Habes
1639 1384 1921 1439 carbones

249 1473 431 1546 ignis,
479 1473 720 1528 sedebis
768 1489 945 1545 super
987 1488 1122 1527 eos:
1180 1472 1238 1527 hi
1292 1476 1463 1527 erunt
1510 1471 1612 1526 tibi
1657 1472 1716 1527 in
1748 1473 1920 1543 adju-

248 1562 399 1618 torio
450 1562 581 1631 (Isa.
635 1579 812 1629 xnvu,
868 1563 953 1628 14,
1003 1577 1106 1628 sec,
1154 1562 1318 1631 LXX).
1367 1584 1394 1611 n
1448 1564 1516 1616 Et
1574 1562 1631 1615 in
1692 1560 1920 1616 Psalmo

248 1652 552 1723 paenitens
585 1650 787 1704 audit:
838 1673 864 1698 ‹‹
899 1650 1047 1714 Quid
1098 1650 1269 1704 detur
1314 1650 1445 1716 tibi,
1496 1654 1597 1705 aut
1645 1650 1785 1722 quid
1819 1667 1919 1722 ap-

253 1744 515 1812 ponatur
540 1737 649 1793 tibi
680 1738 751 1793 ad
783 1738 1047 1810 linguam
1088 1738 1351 1795 dolosam
1372 1738 1400 1793 ‘P
1431 1740 1667 1811 Sagitta:
1717 1745 1919 1811 poten-

254 1789 333 1882 tris
392 1830 602 1893 acutae,
677 1843 813 1882 eum
872 1789 1250 1881 0carbonibus
1306 1789 1677 1882 desolatoriis
1717 1789 1922 1897 Γ(Ρδτιι.
1957 1789 2001 1854 Β

736 1919 801 1969 ut
830 1914 1093 1987 linguam
1126 1914 1415 1981 dolosam,
1448 1916 1672 1987 sagitta
1705 1932 1925 1987 praece-
1978 1980 1989 1987 .

254 1933 407 1982 cm,
442 1916 501 1980 3,
535 1916 587 1985 4)
616 1933 630 1981 ;
666 1938 694 1963 η

252 2008 507 2076 ptorum
535 2004 633 2060 Dei
660 2005 753 2071 (de
784 2005 1004 2076 quibus
1032 2004 1090 2059 in
1134 2004 1246 2059 alio
1295 2004 1420 2060 loco
1471 2004 1754 2076 Propheta
1786 2004 1928 2059 dicit

260 2092 451 2163 (Paul.
483 2109 634 2161 xxxi,
665 2094 750 2163 li):
787 2116 816 2143 ‹‹
845 2092 1130 2149 Versatus
1178 2110 1311 2148 sum
1358 2093 1419 2147 in
1468 2093 1726 2161 miseria,
1782 2094 1923 2147 dum

259 2181 586 2253 conﬁgitur
626 2181 767 2237 mihi
820 2182 993 2254 spina
1025 2204 1044 2231 ι
1083 2183 1100 2252 )
1150 2181 1458 2237 vulnerent
1506 2187 1679 2254 atque
1728 2182 1927 2238 confo-

256 2270 451 2335 diant,
506 2274 561 2324 et
616 2274 990 2341 peccatorum
1049 2271 1112 2326 in
1172 2287 1240 2326 ea
1271 2270 1651 2326 solitudinem
1688 2270 1921 2326 faciant.

268 2358 421 2414 Illud
458 2375 697 2430 quoque
727 2359 1129 2415 testimonium
1162 2359 1221 2413 in
1252 2376 1367 2431 quo
1412 2359 1697 2415 Dominus
1736 2358 1928 2430 loqui-

269 2454 404 2503 tur:
461 2469 492 2498 ‹‹
552 2448 755 2520 Ignem
811 2447 943 2504 veni
1016 2448 1250 2503 mittere
1326 2464 1505 2521 super
1573 2453 1812 2515 terram,
1873 2452 1931 2503 et

267 2553 448 2609 quam
493 2535 625 2592 volo
676 2543 742 2592 ut
790 2537 1029 2593 ardeat3
1070 2538 1224 2605 (Luc.
1271 2554 1371 2607 xn,
1422 2538 1533 2607 49),
1570 2560 1597 2587 ››
1630 2536 1713 2592 sic
1746 2538 1927 2592 inter-

268 2630 575 2698 pretatur:
635 2649 655 2674 ι
691 2626 907 2681 Omnes
955 2627 1125 2699 cupio
1184 2642 1355 2698 agere
1403 2625 1827 2697 paenitentiam,
1873 2630 1929 2681 et

268 2731 597 2787 excoquere
627 2715 849 2787 Spiritu
883 2720 1083 2771 sancto
1123 2715 1264 2771 vitia
1306 2719 1480 2787 atque
1510 2720 1762 2788 peccata.
1802 2716 1929 2787 Ipse

268 2805 425 2859 enim
457 2819 597 2858 sum
630 2804 702 2858 de
732 2820 847 2874 quo
879 2802 1193 2858 scribitur:
1245 2825 1273 2852 ‹‹
1328 2807 1478 2859 Deus
1528 2803 1680 2876 ignis
1712 2820 1927 2859 consu-

269 2909 432 2948 mens
486 2896 577 2948 est
628 2893 803 2963 (Deut.
856 2909 929 2959 IV,
977 2892 1090 2965 24).
1145 2914 1173 2941 ››
1224 2892 1349 2947 Non
1399 2909 1534 2965 ergo
1584 2894 1804 2966 grande
1841 2898 1929 2949 est

264 2982 371 3037 hoc
398 2984 477 3037 de
511 2980 751 3037 diabolo
785 2982 995 3049 dicere,
1027 2982 1182 3053 quod
1228 2987 1284 3037 et
1333 2982 1674 3038 hominibus
1706 2999 1925 3055 praepa-

262 3078 459 3127 ratum
494 3075 609 3126 est.
642 3070 830 3142 Magis
861 3070 1147 3126 debueras
1181 3071 1267 3143 (ut
1296 3072 1690 3143 suspicionem
1718 3072 1927 3127 salutis

261 3160 573 3217 diabolicae
632 3158 979 3226 declinares)
1046 3159 1285 3215 dicere:

259 3267 356 3318 es;
404 3254 468 3306 et
512 3265 629 3304 non
680 3249 799 3303 eris
856 3249 913 3302 in
973 3252 1255 3304 aeternum
1302 3250 1512 3320 (Ezech.
1570 3267 1767 3318 xxvm,
1817 3267 1922 3306 sec.

265 3339 455 3407 LXX):
497 3362 517 3385 ι
555 3342 613 3392 et
642 3354 710 3392 ex
738 3354 990 3409 persona
1022 3338 1250 3392 Domini
1289 3337 1583 3410 loquentis
1616 3340 1685 3393 ad
1717 3340 1827 3395 Job
1856 3340 1925 3395 de

261 3427 543 3483 diabolo:
580 3450 610 3475 «ι
641 3426 777 3481 Ecce
810 3442 944 3499 spes
975 3428 1104 3497 ejus
1137 3428 1519 3483 frustrabitur
1562 3444 1721 3496 eum,
1752 3434 1809 3484 et
1836 3430 1923 3482 vi-

268 3516 557 3570 dentibus
594 3516 809 3570 cunctis
840 3516 1303 3588 praacipitabitur
1326 3517 1440 3587 (Job
1464 3534 1552 3584 XL,
1574 3518 1687 3589 28).
1711 3549 1777 3557 —-
1799 3518 1925 3573 Non

270 3602 455 3674 quasi
489 3602 735 3659 crudelis
760 3606 1059 3660 suscitabo
1094 3620 1248 3661 eum.
1280 3606 1420 3669 Quis
1451 3607 1606 3661 enim
1659 3607 1927 3662 resistere

266 3696 471 3765 potest
501 3690 682 3746 vultui
708 3694 875 3749 meo?
926 3694 1068 3759 Quis
1118 3699 1253 3749 ante
1302 3695 1463 3751 dedit
1510 3694 1657 3750 mihi
1701 3701 1766 3749 ut
1796 3696 1924 3749 red-

260 3784 400 3838 dam
435 3781 491 3837 ei
514 3780 543 3836 .9
572 3780 779 3838 Omnia
809 3799 936 3854 quae
969 3784 1079 3838 sub
1106 3783 1249 3839 ccelo
1282 3789 1439 3850 sunt,
1466 3800 1595 3839 mea
1615 3790 1772 3839 sunt.
1799 3784 1924 3839 Non

258 3888 501 3944 parcam
553 3872 631 3937 ei,
678 3876 736 3927 et
772 3871 966 3927 verbis
996 3872 1357 3943 potentibus,
1402 3877 1458 3928 et
1488 3874 1557 3927 ad
1609 3873 1924 3944 deprecan-

257 3962 397 4016 dum
433 3961 789 4032 compositis
821 3961 933 4033 (Job
980 3979 1097 4033 XLI,
1156 3962 1178 4017 l
1246 3963 1414 4034 seqq).
1468 3984 1495 4012 »
1555 3966 1770 4017 Verum
1802 3961 1924 4017 haec

256 4056 511 4123 possunt
542 4051 718 4121 quasi
751 4050 1041 4122 simplicis
1075 4050 1333 4106 hominis
1364 4051 1627 4106 excusari
1653 4068 1665 4117 ;
1699 4054 1757 4105 et
1788 4064 1922 4104 cum

258 4140 523 4195 eruditos
556 4156 677 4195 non
710 4138 1161 4211 subterfugiant,
1186 4139 1339 4211 apud
1362 4139 1628 4195 indoctos
1654 4139 1923 4211 praeferre

260 4228 615 4284 innocentia
648 4227 1120 4284 similitudinem.

324 4319 378 4371 8.
411 4318 583 4381 Quod
612 4317 887 4388 sequitur
920 4317 991 4371 de
1044 4317 1377 4372 animarum
1428 4320 1608 4381 statu,
1656 4317 1922 4373 excusari

258 4408 503 4463 omnino
535 4423 656 4461 non
688 4410 900 4478 potest.
928 4405 1077 4461 Dicit
1105 4406 1261 4462 enim
1289 4424 1301 4461 :
1338 4428 1366 4455 ‹‹
1396 4406 1583 4461 Audio
1609 4410 1667 4460 et
1696 4406 1765 4460 de
1797 4406 1919 4460 ani-

2038 502 2235 552 utrum
2293 499 2471 569 recipi
2528 498 2737 554 debeat
2795 496 3163 568 querimonia
3220 515 3290 553 an
3347 500 3542 572 abjici,
3582 516 3687 558 vos

2037 587 2297 658 probate.
2331 587 2389 641 Si
2423 591 2619 642 autem
2652 592 2707 641 et
2755 586 2825 641 de
2876 602 2969 640 me
3010 586 3149 657 quid
3201 588 3450 643 sentiam
3484 589 3689 662 quaeri-

2036 681 2152 739 tur,
2185 675 2370 730 fateor
2398 691 2491 730 me
2522 675 2591 730 de
2621 674 2729 729 hac
2764 674 3086 746 quaestione
3116 674 3272 746 apud
3323 678 3687 750 quampluri-

2034 778 2163 817 mos
2214 767 2593 817 tractatorum
2647 763 2875 818 diversa
2920 762 3155 835 legisse.
3206 764 3340 837 Legi
3399 767 3687 836 quosdam

2034 851 2315 914 dicentes,
2359 852 2512 921 quod
2564 852 2781 923 pariter
2829 869 2963 907 cum
3012 869 3251 924 corpore
3300 868 3404 924 per
3443 853 3687 910 humani

2034 940 2279 995 seminis
2302 942 2322 974 ‘
2353 942 2651 996 traducem
2688 940 2865 995 etiam
2899 942 3107 996 anima:
3155 943 3598 998 diffundantur:
3632 947 3690 999 et

2036 1030 2153 1083 haec
2185 1029 2401 1100 quibus
2448 1034 2711 1101 poterant
2764 1030 3189 1085 assertionibus
3238 1032 3687 1087 confirmabant.

2033 1118 2194 1180 Quod
2250 1124 2389 1188 puto
2439 1119 2590 1173 inter
2638 1118 2874 1173 Latinos
2927 1118 3353 1174 Tertullianum
3407 1122 3688 1184 sensisse,

2028 1206 2114 1261 vel
2152 1208 2537 1273 Lactantium,
2590 1207 2855 1262 fortassis
2906 1213 2964 1262 et
3006 1208 3321 1263 nonnullos
3370 1210 3534 1265 alios.
3576 1210 3689 1264 Alii

2032 1301 2329 1363 asserunt,
2365 1296 2545 1367 quod,
2569 1296 2835 1351 formatis
2866 1297 2924 1350 in
2958 1301 3121 1351 utero
3144 1298 3511 1367 corporibus,
3537 1303 3688 1354 Deus

2032 1384 2289 1455 quotidie
2321 1384 2493 1439 faciat
2524 1383 2751 1439 animas
2796 1388 2851 1440 et
2901 1384 3194 1440 infundat.
3226 1383 3336 1440 Alii
3369 1386 3523 1457 quod
3548 1386 3569 1420 δ
3603 1386 3688 1441 fa-

2032 1473 2301 1542 ctasjam
2333 1471 2499 1537 olim,
2532 1473 2589 1527 id
2622 1478 2728 1539 est,
2755 1478 2894 1528 tunc
2921 1490 3052 1527 cum
3078 1472 3276 1527 omnia
3298 1474 3509 1529 creavit
3532 1472 3688 1530 Deus

2032 1577 2100 1616 ex
2130 1560 2336 1627 nihilo,
2372 1577 2527 1615 nunc
2557 1578 2656 1615 cas
2692 1562 2911 1630 judicio
2965 1578 3071 1616 suo
3103 1562 3263 1616 nasci
3296 1561 3595 1632 dispenset
3626 1562 3687 1617 in

2030 1666 2289 1721 corpore.
2337 1651 2455 1706 Hoc
2510 1649 2685 1704 sentit
2740 1654 2797 1704 et
2853 1649 3129 1719 Origenes
3182 1654 3239 1704 et
3290 1648 3557 1704 nonnulli
3591 1648 3688 1704 alii

2032 1738 2385 1793 Graecorum.
2411 1739 2527 1810 Ego
2560 1755 2693 1793 vero
2728 1755 2862 1793 cum
2890 1738 3009 1793 hac
3031 1736 3265 1809 singula
3286 1737 3524 1809 legerim
3549 1738 3688 1808 (Deo

2035 1830 2182 1882 teste
2213 1826 2364 1895 dico)
2395 1828 2533 1898 quia
2567 1843 2753 1898 usque
2806 1827 2872 1881 ad
2918 1843 3171 1898 prmsens
3203 1828 3341 1881 certi
3374 1831 3433 1881 et
3461 1825 3688 1881 definiti

2036 1914 2259 1987 aliquid
2291 1916 2361 1970 de
2386 1916 2495 1972 hac
2527 1916 2847 1987 quaestione
2878 1932 2993 1971 non
3023 1920 3190 1970 teneo
3218 1934 3229 1981 ;
3258 1916 3357 1971 sed
3383 1915 3498 1970 Deo
3521 1915 3693 1970 relin-

2036 2019 2150 2074 quo
2182 2004 2331 2059 scire
2363 2005 2503 2075 quid
2540 2006 2617 2059 sit
2640 2004 2699 2058 in
2725 2021 2858 2059 vero
2880 2006 2920 2073 δ,
2956 2008 3011 2059 et
3041 2005 3089 2059 si
3134 2004 3228 2059 cui
3284 2004 3407 2076 ipse
3438 2004 3690 2059 revelare

2035 2091 2392 2165 dignabitur.
2427 2094 2544 2165 Ego
2578 2097 2772 2148 tamen
2818 2093 2937 2147 haec
2985 2092 3219 2166 singula
3248 2098 3304 2148 et
3354 2092 3566 2165 legisse
3596 2109 3691 2149 me

2035 2198 2154 2236 non
2187 2197 2355 2252 nego,
2415 2188 2471 2237 et
2525 2181 2715 2237 adhuc
2773 2182 3039 2252 ignorare
3097 2182 3421 2237 confiteor:
3481 2186 3691 2253 printer

2036 2270 2143 2324 hoc
2176 2271 2330 2341 quod
2364 2271 2670 2325 manifeste
2698 2270 2917 2324 tradit"
2949 2269 3227 2339 Ecclesia,
3260 2270 3443 2324 Deum
3474 2285 3603 2324 esse
3633 2273 3691 2324 et

2035 2359 2366 2414 animarum
2398 2364 2454 2414 et
2483 2375 2792 2430 corporum
2848 2358 3228 2413 conditorem.
3266 2380 3293 2406 »

2107 2540 2157 2590 9.
2194 2540 2520 2608 Antequam
2552 2538 2622 2591 de
2652 2535 2925 2592 sensibus
2956 2535 3271 2607 disputem,
3298 2534 3688 2608 Theophrasti

2033 2625 2209 2680 verba
2242 2626 2531 2681 mirabor:
2572 2648 2599 2677 ι(
2640 2625 2850 2692 Audio,
2900 2625 3115 2695 inquit,
3166 2625 3235 2680 de
3285 2626 3483 2680 anima
3531 2641 3687 2696 qure-

2036 2714 2257 2769 stiones
2286 2726 2610 2769 commotas
2660 2730 2821 2769 esse:
2874 2714 2945 2768 de
2993 2729 3111 2784 qua
3154 2729 3215 2768 re
3261 2718 3462 2768 utrum
3506 2712 3686 2784 recipi

2036 2804 2243 2858 debeat
2290 2802 2674 2874 querimonia,
2728 2806 2831 2857 aut
2878 2801 3071 2872 abjici,
3120 2818 3222 2856 vos
3271 2801 3530 2873 probate.
3568 2822 3595 2849 »
3626 2800 3689 2856 Si

2037 2893 2387 2964 quaastiones
2418 2893 2490 2947 de
2521 2892 2730 2947 animae
2762 2895 2919 2947 statu
2941 2891 3000 2945 in
3024 2890 3173 2946 Urbe
3194 2895 3495 2947 commota:
3524 2894 3684 2955 sunt,

2036 2998 2161 3052 qua
2194 2986 2284 3037 est
2314 2981 2429 3035 ista
2459 2980 2826 3052 querimonia
2872 2981 2960 3035 vel
3012 2979 3267 3051 querela,
3318 2996 3447 3050 qua:
3486 2982 3687 3035 utrum

2037 3071 2213 3142 recipi
2236 3070 2465 3134 debeat,
2490 3069 2897 3142 episcoporum
2914 3068 3136 3139 judicio
3160 3067 3551 3140 relinquitur?
3574 3067 3689 3123 nisi

1340 3182 1366 3208 ‹‹
1418 3160 1668 3216 Perditio
1734 3162 1923 3216 factus
1953 3158 1995 3224 C
2036 3159 2180 3214 forte
2215 3159 2596 3230 quaestionem
2630 3163 2686 3213 et
2715 3156 3147 3227 querimoniam
3172 3156 3433 3229 idipsum
3466 3156 3685 3227 signifi-

2035 3256 2165 3303 dare
2196 3252 2365 3319 putat
2389 3264 2401 3301 :
2436 3248 2574 3318 quia
2595 3248 2653 3301 in
2681 3246 2852 3318 Capri
2874 3246 3321 3301 Commentariis
3343 3244 3689 3316 hujusmodi

2036 3337 2284 3408 figuram
2345 3335 2575 3407 reperit.
2640 3335 2859 3390 Deinde
2919 3336 3101 3406 ponit.
3153 3334 3347 3405 «Legi
3396 3334 3690 3405 quosdam

2036 3426 2312 3494 dicentes,
2371 3425 2526 3496 quod
2576 3425 2794 3496 pariter
2850 3440 2985 3479 cum
3036 3440 3273 3495 corpore
3314 3439 3415 3494 per
3445 3422 3690 3477 humani

2035 3514 2279 3569 seminis
2328 3514 2629 3568 traducem
2684 3512 2858 3568 etiam
2912 3514 3120 3568 animae
3172 3512 3598 3579 diffundantur,
3631 3515 3688 3565 et

2036 3604 2155 3657 haec
2189 3602 2402 3673 quibus
2432 3608 2698 3673 poterant
2729 3602 3153 3657 assertionibus
3182 3599 3632 3655 confirmabant.
3660 3621 3687 3647 n

2038 3692 2194 3763 Rogo
2217 3708 2345 3763 qua:
2368 3696 2458 3746 cst
2480 3692 2592 3745 ista
2614 3691 2850 3746 licentia
2871 3688 3355 3761 figurarum?quee
3380 3687 3687 3742 modorum

2034 3785 2091 3835 et
2120 3786 2449 3852 temporum
2484 3778 2890 3851 perturbatio?
2922 3802 2948 3828 ‹‹
2990 3776 3122 3849 Legi
3154 3777 3433 3843 dicentes,
3469 3774 3687 3847 quibus

2037 3874 2302 3939 poterant
2332 3868 2753 3924 assertionibus
2803 3867 3247 3922 confirmabant.
3284 3886 3312 3913 υ
3361 3866 3430 3920 Et
3460 3865 3519 3920 in
3550 3881 3689 3920 con-

2034 3958 2450 4030 sequentibus:
2480 3982 2507 4007 «
2536 3957 2643 4011 Alii
2668 3956 3144 4027 asserunt,quod,
3169 3954 3434 4011 formatis
3451 3952 3604 4011 498
3626 3955 3685 4010 in

2034 4052 2199 4102 utero
2218 4045 2743 4118 corporibus,Deus
2767 4045 3024 4117 quotidie
3049 4044 3219 4099 faciat
3236 4061 3415 4099 novas
3435 4044 3686 4115 animas,

2034 4140 2091 4191 et
2115 4137 2404 4191 infundat.
2438 4135 2571 4201 Alii,
2607 4135 2787 4189 factas
2810 4136 2936 4205 jam
2964 4132 3124 4199 olim,
3151 4133 3208 4186 id
3242 4138 3349 4198 est,
3383 4137 3523 4187 tunc
3547 4147 3684 4187 cum

2033 4242 2139 4281 suo
2171 4225 2334 4281 nasci
2365 4224 2666 4296 dispenset
2697 4222 2752 4276 in
2787 4238 3045 4294 corpore.
3084 4244 3109 4267 ››
3161 4221 3227 4275 Et
3255 4220 3350 4275 hic
3383 4220 3524 4274 ordo
3551 4219 3687 4290 pul-

2032 4314 2380 4371 cherrimus.
2433 4313 2563 4380 Alii,
2618 4312 2827 4384 inquit,
2882 4315 3158 4366 asserunt
3206 4310 3315 4365 hoc
3361 4307 3449 4364 vel
3500 4307 3683 4362 illud:

2033 4404 2131 4459 alii
2166 4404 2347 4459 factas
2371 4404 2497 4473 jam
2531 4401 2692 4467 olim,
2726 4401 2783 4455 id
2817 4405 2927 4466 est,
2960 4404 3099 4455 tunc
3130 4416 3266 4455 cum
3297 4396 3495 4453 omnia
3529 4397 3686 4454 Deus

328 4537 618 4592 'Nodum
651 4536 709 4591 in
740 4537 930 4609 scirpo
980 4541 1275 4608 quaerunt,
1326 4537 1426 4609 qui
1479 4536 1598 4592 haec
1638 4538 1718 4593 ita
1748 4536 1917 4593 intel-
1948 4521 1996 4587 D
2098 4540 2119 4571 3
2156 4538 2337 4592 Vetus
2376 4537 2546 4609 edit.,
2598 4540 2647 4591 et
2706 4551 2865 4606 quem
2921 4535 3039 4590 volo
3095 4549 3304 4605 semper
3358 4539 3418 4587 ut
3476 4530 3688 4599 ardeat,

256 4609 473 4735 Ιὶῗηιῑ,
507 4613 575 4662 ut
605 4609 855 4664 senserit
888 4608 1303 4681 Hieronymus,
1354 4608 1699 4664 Christianis
1731 4608 1918 4664 homi-

256 4697 315 4734 ω
364 4697 459 4735 us.
493 4679 596 4735 oui
653 4679 751 4734 Dei
812 4681 1091 4735 mandata
1146 4680 1512 4735 violaverint.
1566 4696 1763 4735 omnes
1804 4696 1918 4735 non

255 4679 459 4745 nibus,
493 4679 596 4751 qui
653 4679 751 4734 Dei
812 4679 1512 4747 mandata'violaverint,
1565 4696 1763 4751 poenas
1804 4696 1918 4735 non

260 4753 497 4832 futuras
543 4751 956 4832 sempiternas,
1008 4768 1177 4807 secus
1251 4755 1425 4832 atque
1482 4751 1921 4832 infidelium‘et

255 4822 517 4889 diaboli;
551 4822 729 4894 atque
761 4822 903 4878 adeo
951 4839 1017 4878 eo
1067 4839 1245 4879 sensu
1292 4822 1501 4889 dicere,
1554 4822 1840 4877 sublevari
1888 4839 1921 4876 a

257 4894 475 4949 Ruﬁno
507 4894 831 4959 diabolum,
865 4899 920 4949 et
949 4894 1316 4949 Christianos
1338 4894 1545 4965 premi,
1573 4911 1706 4949 cum
1734 4910 1918 4965 unum

255 4966 538 5048 idemque
556 4966 922 5048 supplicium
937 4967 1203 5048 utrisque
1218 4963 1752 5048 imp'recatur.l\iam
1774 4963 1919 5048 nihil

255 5038 327 5092 de
362 5035 1027 5108 pénarum'eternitate
1076 5035 1168 5091 hic
1218 5035 1605 5108 Hieronymus
1633 5035 1917 5108 loquitur,

256 5107 543 5176 sed’quas
572 5109 869 5164 damnatis
900 5108 1176 5164 omnibus
1206 5107 1451 5163 aeternas
1476 5123 1591 5161 non
1613 5107 1916 5173 diffitetur,

256 5179 496 5236 diabolo
525 5186 722 5235 tamen
756 5180 1084 5236 acerbiores
1116 5196 1245 5235 esse
1277 5180 1473 5243 sentit,
1504 5193 1758 5248 eumque
1788 5178 1921 5233 sub—

255 5251 464 5317 levari,
497 5253 545 5307 si
579 5252 649 5307 iis
681 5252 1008 5324 addicatur,
1059 5252 1278 5324 quibus
1328 5249 1557 5305 scelesti
1606 5249 1918 5305 Christiani

258 5324 539 5379 homines
563 5323 994 5379 excruciantur.

328 5396 354 5429 ²
380 5394 567 5451 Aliter
595 5411 772 5467 penes
819 5393 1139 5467 vulgatum
1187 5393 1599 5467 interpretem:
1634 5392 1749 5467 Non
1791 5395 1921 5467 sunt

254 5482 473 5541 prima;
515 5462 716 5541 quibus
764 5462 1039 5541 caleﬁa'at,
1090 5480 1194 5541 nec
1248 5465 1419 5541 focus,
1478 5468 1539 5518 ut
1595 5464 1819 5541 sedeant
1851 5462 1921 5519 ad

257 5534 405 5594 eum.
441 5534 535 5595 Sic
558 5541 705 5609 facta
757 5534 889 5595 sunt
930 5537 1035 5595 tibi
1076 5538 1136 5593 in
1182 5534 1596 5610 quibuscuon
1642 5536 1919 5594 laborave-

259 5626 371 5668 ναις.
1838 5646 1841 5647 ν

2032 4614 2141 4665 etc.
2175 4608 2423 4664 Consule
2453 4611 2717 4662 Grzncum
2751 4610 2994 4661 textum.

2103 4683 2123 4713 ‘
2152 4679 2371 4733 Vitiosa
2413 4684 2536 4733 erat
2579 4683 2751 4733 antea
2800 4679 3039 4749 corporis
3086 4693 3188 4747 pro
3236 4676 3482 4749 seminis,
3526 4674 3683 4745 quod

2031 4750 2190 4833 ex.S‘.
2242 4750 2506 4833 Doctoris
2548 4747 2902 4833 repetitione
2944 4749 3256 4833 legendum
3301 4747 3523 4818 liquet;
3558 4749 3686 4800 tum

2031 4822 2270 4895 quidam
2311 4837 2457 4875 mss.
2490 4819 2708 4876 habent
2736 4822 2927 4875 anima
2958 4819 3308 4891 iri/undamn

2102 4894 2121 4926 ⁵
2154 4890 2370 4946 Vocula
2402 4893 2549 4962 quod
2582 4893 2638 4947 in
2686 4908 2828 4946 mss.
2864 4908 2979 4945 non
3031 4890 3231 4962 haberi
3264 4886 3514 4962 dicitur;
3550 4900 3685 4940 cen-

2032 4981 2170 5019 sura
2216 4964 2363 5034 ipsa,
2412 4959 2533 5034 qua
2584 4962 2847 5034 phrasim
2898 4962 3077 5034 hujus
3126 4960 3235 5014 loci
3257 4959 3682 5034 _Hieronxmus

2031 5024 2330 5107 suggillet,
2352 5024 2547 5088 innuit
2575 5024 2831 5107 additam
2858 5024 3233 5107 non'fuissea
3257 5024 3684 5107 Rufino.‘Paulo

2032 5102 2164 5180 post
2181 5107 2431 5180 verbum
2466 5107 2617 5180 nasci
2647 5105 2704 5157 iu
2736 5103 3025 5180 Apologia:
3067 5102 3683 5180 editi_onibus__etdnss.

2030 5173 2433 5243 desideratur;
2468 5176 2568 5231 sed
2610 5192 2745 5229 cum
2779 5173 2942 5229 infra'
2970 5174 3028 5228 S.
3079 5173 3291 5228 Doctor
3320 5173 3488 5228 tertio
3519 5183 3683 5241 repe-

2032 5250 2125 5305 tit.
2162 5250 2385 5305 probat.

2202 5267 2385 5303 ronar.

2101 5267 2543 5401 titIvJIartianae’us,
2575 5318 2705 5389 quid
2735 5320 2807 5372 sit
2839 5318 2894 5371 in
2930 5320 3101 5383 utero,
3149 5316 3394 5370 fortasse
3426 5314 3680 5384 impres-

2031 5408 2230 5447 eorum
2264 5406 2506 5445 lIlClll‘la.

2101 5465 2119 5498 π
2150 5462 2301 5520 Alibi
2361 5461 2613 5530 tradidit,
2662 5459 2876 5516 deinde
2928 5463 3228 5517 creatorem
3284 5474 3385 5532 pro
3438 5454 3681 5533 condito:

2028 5548 2165 5591 rem.
