4094 6166
404 255 528 347 4751

1653 256 1720 318 S.
1765 252 2079 319 EUSEBII
2122 250 2595 318 HIERONYMI.

3701 249 3837 315 15$

411 389 633 444 creavit
661 403 730 442 ex
761 383 955 440 nihilo
996 401 1151 441 nunc
1201 401 1299 442 eas
1340 387 1568 457 judicio
1609 405 1714 444 suo
1758 389 1922 445 nasci
1955 389 2072 446 dis-
2101 392 2157 456 Α
2184 392 2301 462 ejus
2331 393 2452 461 quis
2480 387 2763 445 enarrabit
2793 386 2918 458 (Isa.
2954 402 3071 452 LIII,
3099 383 3198 454 8)?
3247 383 3524 439 audacter
3550 382 3838 453 loquitur.

410 480 617 553 penset
645 476 705 530 in
737 491 996 546 corpore.
1044 476 1187 530 Tam
1233 476 1437 547 putide
1491 481 1548 532 et
1591 479 1830 533 confuse
1883 477 2069 549 loqui-

414 571 532 633 tur,
566 569 631 621 ut
659 564 794 638 plus
817 581 922 637 ego
956 564 1014 618 in
1046 565 1525 636 reprehendendo
1575 566 1858 636 laborem,
1893 584 2069 639 quam

408 655 506 710 ille
560 655 617 709 in
683 653 1012 710 scribendo.
1078 654 1159 707 Ad
1219 659 1549 710 extremum
1598 657 1835 727 posuit:
1889 678 1919 706 «
1952 657 2070 728 Ego

405 759 539 800 vero
589 760 722 799 cum
775 742 897 797 haec
943 740 1176 813 singula
1217 742 1483 814 legerim,
1524 767 1543 791 η
1595 748 1652 798 et
1700 743 1890 799 adhuc
1924 761 2068 816 pen-

405 833 580 888 dente
611 829 921 898 sententia,
959 830 1127 902 quasi
1173 847 1388 886 novum
1432 831 1654 903 aliquid
1702 834 2066 904 protulisset,

405 920 657 992 adjecit:
694 943 721 969 «
756 919 873 992 Ego
928 923 1125 973 tamen
1171 919 1294 974 hac
1338 919 1573 992 singula
1616 926 1673 976 et
1729 921 1942 994 legisse
1974 939 2065 978 me

410 1025 526 1065 non
559 1025 728 1082 nego,
761 1013 817 1063 et
846 1008 1036 1062 adhuc
1071 1007 1340 1080 ignorare
1382 1010 1681 1066 confiteor.
1718 1034 1746 1058 »

475 1099 560 1154 10.
641 1097 926 1152 Trinitatis
996 1098 1321 1167 mysterium
1405 1099 1723 1168 ignoratum
1793 1102 2060 1172 antiquis.

401 1217 469 1228 —-
500 1186 544 1241 Ο
595 1185 860 1241 infelices
908 1185 1160 1250 animas,
1211 1203 1335 1257 quae
1385 1187 1567 1242 tantis
1613 1188 1886 1244 vitiorum
1937 1190 2064 1245 lan-

403 1274 522 1330 ceis
581 1275 997 1330 vulnerantur!
1066 1292 1179 1330 non
1238 1291 1336 1330 eas
1387 1282 1525 1347 puto
1569 1278 1742 1347 juxta
1795 1278 2062 1351 Origcnis

401 1380 661 1420 errorem
692 1369 924 1420 tantum
954 1363 1278 1432 laborasse,
1312 1381 1445 1419 cum
1501 1364 1571 1420 de
1612 1365 1755 1421 coelo
1787 1367 1845 1421 in
1877 1371 2062 1423 terras

400 1457 668 1518 ruerent,
693 1458 750 1508 et
779 1453 994 1508 crassis
1026 1453 1370 1524 corporibus
1398 1455 1778 1525 vestirentur,
1812 1459 1875 1510 ut
1908 1473 2063 1511 nunc

401 1546 459 1596 et
489 1542 683 1597 verbis
715 1546 771 1596 et
802 1540 1106 1596 sententiis
1149 1540 1286 1596 hinc
1338 1540 1473 1596 inde
1513 1541 1784 1611 collisas;
1821 1549 1884 1598 ut
1913 1561 2060 1615 prae-

400 1631 722 1684 termittam
769 1629 1176 1705 κακέμφατον¹,
1227 1646 1342 1701 quo
1400 1631 1473 1686 de
1516 1630 1761 1686 humani
1819 1632 2061 1690 seminis

400 1718 641 1773 traduce
674 1718 922 1773 diffundi
953 1718 1161 1773 animae
1194 1718 1490 1773 dicuntur.
1527 1719 1658 1774 Scio
1709 1720 1862 1776 inter
1900 1721 2060 1775 Chri-

404 1805 630 1862 stianos
663 1808 972 1862 verborum
1006 1807 1146 1862 vitia
1179 1823 1290 1863 non
1338 1806 1523 1863 solere
1554 1808 1932 1880 reprehendi;
1964 1812 2064 1866 sed

416 1910 483 1950 ex
510 1895 712 1966 paucis
746 1897 1051 1952 ostendere
1081 1894 1261 1962 volui,
1293 1897 1468 1966 cujus
1498 1897 1844 1953 temeritatis
1877 1899 1952 1954 sit
1981 1900 2078 1954 do-

409 1999 537 2038 cere
567 1984 722 2056 quod
770 1984 1018 2054 nescias,
1072 1984 1326 2039 scribere
1377 1985 1532 2056 quod
1583 1985 1856 2057 ignores:
1893 1993 1958 2042 ut
1993 1973 2117 2043 si-'

410 2071 612 2128 milem
671 2073 1046 2145 prudentiam
1107 2077 1164 2128 et
1226 2073 1286 2127 in
1348 2073 1622 2129 sensibus
1682 2076 2072 2147 requiramus.

410 2159 587 2216 Mittit
616 2160 948 2234 epistolam,
982 2161 1039 2216 id
1089 2166 1197 2228 est,
1246 2162 1724 2218 robustissimum
1774 2164 2072 2233 baculum,

415 2265 533 2320 quo
561 2253 836 2306 Romana
871 2249 1037 2304 urbis
1078 2255 1343 2306 armetur
1381 2250 1693 2324 episcopus
1721 2269 1734 2307 :
1769 2257 1827 2308 et
1856 2253 1915 2308 in
1947 2254 2077 2325 ipsa

413 2339 757 2408 quaestione,
791 2356 896 2411 pro
941 2356 1059 2411 qua
1106 2355 1279 2396 canes
1311 2338 1549 2408 latrant,
1585 2341 1728 2396 dicit
1757 2359 1818 2397 se
1851 2342 2074 2399 nescire

413 2428 568 2497 quod
600 2429 901 2500 quaeritur.
929 2429 988 2482 Si
1022 2427 1273 2500 ignorat,
1305 2446 1408 2501 pro
1456 2446 1572 2501 quo
1631 2430 1743 2486 sibi
1777 2431 2074 2488 calumnia

414 2521 831 2585 commovetur,
866 2517 1006 2589 quid
1051 2534 1290 2575 necesse
1319 2522 1410 2574 est
1440 2517 1780 2592 Apologiam
1817 2521 2071 2592 mittere,

415 2621 541 2676 quae
575 2623 689 2660 non
724 2606 900 2662 habet
947 2606 1348 2662 defensionem
1403 2608 1518 2675 sui,
1577 2609 1678 2663 sed
1731 2609 2071 2682 ignorantiae

415 2693 839 2750 confessionem
863 2695 890 2748 ?
921 2695 1036 2750 Hoc
1077 2700 1166 2750 est
1205 2696 1573 2767 suspiciones
1619 2697 1924 2754 hominum
1956 2717 2071 2756 non

417 2781 630 2854 sopire,
665 2784 764 2838 sed
799 2800 1009 2839 serere.
1044 2784 1186 2839 Tres
1219 2800 1398 2855 super
1427 2785 1758 2840 animarum
1787 2791 1944 2843 statu
1978 2806 2072 2860 po-

415 2872 504 2926 nit
551 2872 893 2941 sententias,
945 2877 1002 2928 et
1048 2872 1104 2926 in
1155 2874 1268 2927 fine
1313 2872 1709 2929 concludens:
1751 2895 1772 2922 α
1808 2877 2068 2949 Singula,

412 2959 628 3032 inquit,
679 2978 771 3018 me
814 2962 1026 3034 legisse
1075 2978 1190 3016 non
1240 2977 1409 3033 nego,
1462 2966 1518 3017 et
1560 2962 1752 3017 adhuc
1803 2964 2070 3036 ignorare

402 3051 704 3106 conﬁteor.
743 3073 770 3099 »
803 3051 1126 3106 Arcesilam
1182 3055 1284 3106 aut
1335 3050 1689 3106 Carneadem
1742 3058 1933 3122 putes,
1967 3054 2068 3126 qui

2177 485 2234 534 et
2276 478 2620 550 mysterium
2679 475 2953 533 omnibus
3010 478 3162 529 retro
3220 472 3448 528 saeculis
3494 471 3837 544 ignoratum

2184 568 2437 623 scientiae
2468 585 2587 624 suae
2615 566 2906 622 vindicat:
2940 569 2996 620 et
3025 564 3133 619 hoc
3164 562 3356 619 solum
3389 563 3644 635 ignorat,
3677 562 3835 633 quod

2183 657 2518 729 ignoratum
2551 655 2780 710 cunctis
2809 652 3153 709 scandalum
3199 651 3354 707 facit.
3387 651 3508 706 Scit
3538 650 3840 722 quomodo

2183 749 2364 800 Deum
2395 744 2569 816 Virgo
2599 744 2927 816 generarit;
2960 746 3016 798 et
3046 741 3233 797 nescit
3262 740 3558 812 quomodo
3605 739 3732 810 ipse
3763 739 3844 793 sit

2176 837 2373 889 natus.
2408 833 2755 887 Animarum
2789 837 2843 888 et
2876 847 3183 902 corporum
3217 829 3580 884 conditorem
3621 827 3844 884 fatetur

2173 921 2510 988 Dominum,
2547 921 2668 976 sive
2699 920 2904 976 animae
2961 923 3093 974 ante
3143 935 3387 990 corpora
3436 917 3673 984 fuerint,
3716 917 3842 973 sive

2173 1026 2306 1064 cum
2338 1027 2651 1082 corporum
2701 1013 3022 1064 nascantur
3080 1008 3356 1075 exordiis,
3401 1005 3520 1064 sive
3570 1007 3688 1077 iam
3721 1006 3842 1062 for-

2171 1096 2347 1152 matis
2371 1097 2428 1151 in
2451 1102 2616 1152 utero
2639 1097 3024 1169 iiguratisque
3049 1095 3395 1167 corporibus
3417 1095 3840 1150 immittuntur.

2175 1187 2234 1239 In
2275 1186 2550 1241 omnibus
2583 1186 2853 1241 novimus
2883 1189 3188 1240 auctorem
3243 1184 3575 1240 Dominum.
3615 1183 3730 1238 Nec
3761 1183 3841 1239 de

2172 1273 2279 1329 hoc
2311 1291 2467 1330 nunc
2499 1275 2742 1346 quaestio
2774 1278 2884 1339 est,
2923 1279 3121 1328 utrum
3154 1273 3308 1328 Deus
3341 1289 3416 1328 an
3450 1271 3602 1327 alius
3633 1288 3732 1327 eas
3755 1272 3840 1327 fe-

2171 1363 2352 1430 cerit;
2387 1365 2488 1418 sed
2535 1380 2565 1418 e
2615 1362 2805 1418 tribus
2859 1379 3010 1434 quas
3059 1361 3277 1434 posuit,
3327 1378 3456 1432 quae
3488 1361 3569 1416 sit
3598 1361 3838 1417 illarum

2171 1452 2455 1506 sententia
2489 1469 2642 1519 vera,
2697 1452 2928 1506 nescire
2987 1467 3048 1506 se
3100 1451 3266 1506 dicit.
3326 1450 3472 1505 Vide
3531 1466 3603 1505 ne
3635 1450 3837 1506 statim

2167 1540 2272 1595 tibi
2304 1540 2632 1612 objiciatur,
2666 1541 2881 1596 idcirco
2919 1545 2978 1594 te
3010 1539 3190 1594 trium
3224 1539 3619 1611 ignorantiam
3652 1539 3838 1594 confi-

2165 1629 2296 1693 teri,
2329 1646 2400 1684 ne
2431 1647 2614 1684 unum
2647 1631 2933 1684 damnare
2977 1627 3242 1700 cogaris;
3285 1632 3341 1684 et
3389 1627 3750 1684 'l‘ertulliano
3778 1631 3838 1683 et

2169 1717 2463 1772 Lactantio
2493 1717 2621 1772 ideo
2653 1733 2920 1789 parcere,
2958 1733 3028 1771 ne
3076 1715 3385 1787 ()rigenem
3419 1733 3552 1771 cum
3587 1714 3702 1771 illis
3728 1716 3840 1786 ju—

2187 1805 2372 1876 gules.
2424 1809 2719 1873 Quantum
2768 1806 3052 1861 memoria
3109 1805 3392 1878 suggerit,
3459 1804 3572 1860 nisi
3637 1809 3841 1860 tamen

2189 1894 2374 1964 fallor,
2407 1895 2601 1950 nescio
2651 1911 2744 1949 me
2794 1894 3005 1966 legisse
3055 1894 3423 1950 Lactantium
3473 1894 3841 1968 συθ-πειρομὲ-

2185 2004 2281 2050 νην
2307 1984 2328 2017 ³
2357 1983 2615 2039 animam
2647 1984 2856 2038 dicere.
2891 1985 3173 2040 Caeterum
3207 1984 3308 2054 qui
3356 1983 3564 2055 legisse
3601 1987 3658 2038 te
3687 1984 3844 2038 scri-

2186 2071 2298 2137 bis,
2332 2072 2424 2126 dic
2455 2072 2513 2127 in
2548 2089 2663 2143 quo
2696 2073 2840 2127 libro
2886 2071 3118 2144 legeris,
3166 2089 3238 2128 ne
3287 2076 3352 2128 ut
3399 2089 3490 2127 me
3540 2072 3840 2128 dormien-

2185 2166 2323 2229 tem,
2353 2161 2437 2216 sic
2466 2160 2634 2216 illum
2666 2165 2966 2216 mortuum
2990 2159 3384 2216 calumniatus
3405 2177 3534 2216 esse
3562 2160 3838 2216 videaris.

2184 2249 2294 2304 Sed
2327 2254 2384 2304 et
2413 2250 2470 2304 in
2503 2249 2611 2305 hoc
2642 2250 3084 2304 cunctabandus
3136 2249 3358 2304 incedis
3389 2253 3446 2305 et
3476 2253 3703 2305 cautus.
3737 2249 3838 2305 Di-

2185 2337 2268 2392 cis
2299 2338 2496 2393 enim:
2533 2361 2560 2388 «
2594 2342 2739 2392 Puto
2771 2337 2921 2392 inter
2970 2338 3203 2393 Latinos
3235 2337 3662 2393 Tertullianum
3700 2355 3836 2395 sen-

2184 2426 2355 2494 sisse,
2377 2427 2464 2482 vel
2487 2427 2873 2494 Lactantium,
2900 2428 3165 2483 fortassis
3187 2432 3245 2482 et
3265 2427 3410 2483 alios
3437 2426 3773 2484 nonnullos.
3800 2450 3825 2480 ι

2184 2515 2330 2570 Nom
2363 2515 2554 2571 solum
2590 2519 2662 2572 de
2694 2515 3024 2570 animarum
3057 2520 3212 2572 statu
3253 2517 3509 2579 dubitas,
3540 2517 3640 2573 sed
3673 2521 3729 2572 et
3760 2516 3834 2572 de

2182 2610 2484 2666 auctorum
2532 2607 2839 2662 sententiis
2883 2611 3092 2678 putas:
3143 2610 3200 2660 et
3245 2610 3442 2662 tamen
3487 2605 3712 2678 aliquid
3744 2607 3833 2660 in-

2181 2698 2376 2748 terest.
2412 2694 2489 2748 De
2544 2695 2853 2750 animabus
2901 2700 3098 2749 autem
3147 2699 3347 2766 aperte
3394 2695 3606 2764 nescis,
3651 2699 3709 2749 et
3745 2693 3836 2748 in-

2181 2782 2407 2837 scitiam
2439 2781 2733 2838 confiteris
2762 2801 2774 2838 :
2800 2785 2872 2838 de
2894 2783 3232 2838 auctoribus
3256 2783 3340 2838 sic
3371 2799 3546 2838 nosse
3580 2787 3635 2838 te
3663 2782 3832 2850 dicis,

2180 2875 2246 2926 ut
2273 2877 2441 2943 putes
2475 2871 2667 2943 potius
2697 2889 2875 2943 quam
2927 2888 3268 2943 praesumas.
3314 2873 3374 2926 In
3428 2872 3553 2926 solo
3584 2870 3835 2943 Origene

2180 2978 2293 3016 non
2325 2961 2597 3033 ambigis.
2631 2961 2785 3017 Dicis
2811 2962 3052 3034 quippe,
3076 2985 3103 3011 ‹‹
3128 2966 3246 3017 Hoc
3273 2961 3451 3017 sentit
3472 2961 3778 3032 Origenes.
3800 2984 3829 3011 »

2178 3049 2549 3122 Interrogabo
2597 3053 2682 3104 te:
2737 3051 2882 3106 bene
2932 3051 3084 3106 500
3133 3051 3329 3118 sentit,
3376 3068 3449 3106 an
3490 3050 3689 3106 male?
3716 3049 3832 3105 Ne-

417 3138 614 3193 omnia
647 3138 869 3194 incerta
925 3138 1326 3211 pronuntiant,
1359 3139 1495 3194 licet
1544 3144 1600 3194 et
1647 3139 1778 3196 illos
1837 3148 2069 3214 superet
2100 3130 2142 3196 C
2180 3138 2320 3203 scio,
2356 3137 2573 3208 inquis.
2609 3138 2756 3203 Qﬂid
2805 3155 2898 3193 me
2943 3138 3125 3210 igitur
3173 3139 3371 3195 miSSiS
3422 3139 3740 3195 tabellariis
3771 3145 3833 3196 et

417 3225 705 3282 cautione.
740 3226 828 3282 llli
879 3227 1034 3282 enim
1079 3229 1343 3282 omnium
1389 3227 1871 3300 philosophorum
1918 3231 2068 3286 invi~

416 3311 574 3367 diam
609 3329 722 3368 non
753 3314 1028 3372 ferentes.
1051 3316 1206 3386 quod
1229 3315 1532 3371 veritatem
1549 3318 1569 3350 ²
1591 3332 1621 3370 c
1641 3318 1758 3373 vita
1781 3319 2069 3389 tollerent,

408 3398 748 3456 verisimilia
802 3407 1162 3474 repererunt,
1195 3405 1347 3459 499
1398 3410 1463 3459 ut
1513 3405 1914 3477 ignorantiam
1979 3427 2068 3466 re-

412 3505 542 3542 rum
603 3488 890 3560 probabili
948 3491 1270 3547 assertione
1326 3496 1777 3565 temperarent:
1839 3496 1950 3553 iste
2007 3516 2070 3554 se

406 3575 550 3631 dicit
600 3578 912 3648 incertum,
963 3584 1019 3634 et
1066 3596 1096 3634 e
1139 3580 1327 3636 tribus
1373 3582 1612 3637 omnino
1663 3584 1886 3640 nescire
1928 3587 2066 3658 quid

401 3682 605 3722 verum
641 3667 736 3722 sit.
771 3667 831 3722 Si
863 3667 972 3724 hoc
1003 3673 1127 3725 erat
1157 3686 1570 3740 responsurus,
1603 3688 1728 3743 quin
1751 3689 1885 3728 eum
1919 3675 2065 3732 ratio

401 3753 664 3826 impulit,
700 3760 766 3810 ut
799 3760 1028 3812 tantum
1063 3758 1399 3813 Pontificem
1431 3759 1675 3815 inscitia:
1709 3779 1826 3816 sua:
1856 3767 2064 3820 testem

406 3841 622 3897 faceret
642 3842 668 3895 ?
693 3842 983 3898 Nimirum
1019 3845 1138 3899 haec
1169 3844 1269 3900 illa
1299 3849 1386 3900 est
1435 3846 1744 3915 lassitudo,
1778 3851 1932 3920 quod
1966 3852 2063 3908 tri-

403 3927 566 3999 ginta
611 3946 900 3986 annorum
953 3932 1160 3988 itinere
1195 3934 1516 4002 confectus,
1570 3936 1816 3992 Romam
1866 3940 2064 3996 venire

406 4033 522 4070 non
554 4018 762 4088 potuit.
799 4020 1028 4084 Quanta
1055 4024 1112 4075 et
1140 4020 1254 4076 alia
1285 4022 1603 4092 nescimus,
1637 4027 1694 4079 et
1724 4029 1920 4081 tamen
1952 4027 2061 4082 im-

403 4103 622 4176 peritiae
682 4110 889 4161 nostra:
941 4111 1118 4163 testes
1177 4126 1292 4165 non
1351 4112 1708 4181 quazrimus!
1754 4112 1834 4169 De
1865 4119 2060 4182 Patre,

406 4185 565 4260 Filio,
599 4197 656 4249 et
685 4194 905 4266 Spiritu
938 4201 1138 4252 sancto
1165 4216 1176 4267 ;
1209 4199 1281 4253 de
1334 4200 1636 4255 nativitate
1678 4201 1911 4257 Domini
1943 4203 2063 4259 Sal-

403 4282 640 4348 vatoris,
698 4301 878 4356 super
921 4301 1039 4356 qua
1083 4286 1266 4342 Isaias
1315 4285 1611 4342 clamitat:
1647 4287 2060 4348 Generatione-m

473 4427 491 4502 ξ
523 4424 873 4502 Qbscoenam
906 4426 1211 4483 lectionem
1243 4432 1343 4482 aut
1375 4429 1779 4502 incongruam.

2183 3225 2551 3280 creberrimis
2581 3227 2805 3282 nuntiis
2835 3228 3038 3283 docere
3062 3227 3313 3296 conaris,
3337 3232 3402 3283 ut
3433 3228 3638 3295 sciam,
3669 3229 3830 3300 quod

2181 3313 2407 3368 nescias
2428 3313 2455 3367 ?
2486 3314 2556 3369 Et
2590 3331 2659 3369 ne
2689 3315 2834 3370 forte
2865 3333 2979 3371 non
3011 3316 3244 3371 credam
3289 3316 3572 3388 imperita:
3605 3321 3739 3384 tuae,
3770 3322 3832 3372 et

2179 3402 2426 3458 arbitrer
2453 3406 2507 3457 te
2537 3401 2742 3459 callide
2793 3404 3030 3460 reticere
3077 3405 3231 3476 quod
3283 3406 3457 3472 nosti,
3499 3406 3665 3476 juras
3712 3407 3830 3462 Deo

2177 3495 2342 3556 teste,
2376 3492 2531 3562 quod
2565 3508 2751 3563 usque
2782 3494 2850 3548 ad
2896 3509 3150 3564 praesens
3200 3493 3340 3548 certi
3380 3499 3438 3550 et
3467 3493 3690 3549 deﬁniti
3720 3493 3829 3550 ali-

2177 3580 2317 3648 quid
2340 3580 2411 3635 de
2435 3580 2542 3635 hac
2565 3581 2887 3651 quastione
2910 3598 3026 3636 non
3048 3586 3244 3638 teneas
3268 3601 3280 3651 ;
3306 3587 3363 3638 et
3383 3583 3502 3638 Deo
3526 3583 3827 3654 relinquas

2176 3668 2324 3722 scire
2355 3668 2494 3739 quid
2529 3669 2603 3724 sit
2626 3669 2682 3724 in
2718 3686 2872 3738 vero,
2904 3675 2959 3725 et
2991 3671 3039 3726 si
3068 3670 3162 3726 cui
3191 3670 3315 3743 ipse
3346 3671 3601 3728 revelare
3621 3671 3826 3745 digna-

2175 3755 2350 3810 bitur.
2384 3757 2490 3812 Per
2520 3762 2681 3813 tanta
2711 3758 2924 3814 saecula
2953 3758 3061 3813 tibi
3106 3757 3309 3815 nultus
3347 3760 3578 3816 videtur
3607 3760 3827 3833 dignus

2176 3843 2374 3912 fuisse,
2409 3845 2500 3900 cui
2547 3847 2616 3902 de
2666 3846 2774 3902 hac
2824 3847 3145 3918 quaestione
3191 3847 3476 3904 Dominus
3516 3849 3834 3904 revelarit‘!

2173 3934 2295 3988 Non
2329 3934 2681 4005 patriarcha,
2717 3952 2833 3991 non
2867 3936 3169 4008 propheta,
3202 3954 3317 3992 non
3349 3937 3674 4010 apostolus,
3705 3954 3825 3994 non

2173 4023 2438 4094 martyr?
2468 4023 2551 4078 Ne
2582 4023 2687 4078 tibi
2720 4025 2982 4095 quidem,
3032 4027 3265 4097 quando
3298 4026 3357 4082 in
3399 4027 3734 4083 carceribus
3764 4031 3826 4083 et

2171 4110 2390 4166 exsiliis
2439 4112 2784 4180 morabaris,
2837 4113 3245 4184 hujuscemodi
3295 4119 3660 4172 sacramenta
3716 4133 3826 4188 pa-

2170 4199 2458 4255 tuerunt?
2488 4201 2770 4256 Dominus
2817 4201 2876 4255 in
2926 4202 3257 4275 Evangelio,
3311 4224 3332 4252 α
3367 4204 3556 4272 Pater,
3605 4204 3826 4276 inquit,

2173 4287 2416 4344 revelavi
2448 4305 2657 4346 nomen
2710 4294 2878 4345 tuum
2929 4291 3268 4350 hominibus
3298 4295 3476 4363 (Joan.
3516 4311 3652 4365 xvu,
3686 4295 3765 4365 6).
3792 4317 3822 4344 ››

2172 4434 2300 4506 rita.
2324 4431 2663 4506 _Lectionem
2696 4433 2904 4504 probat
2932 4433 3171 4506 insuper
3192 4435 3457 4492 Arcesilae
3487 4441 3539 4492 et
3572 4437 3822 4492 Carnea-

471 4496 670 4575 ‘Quod
701 4499 1274 4575 iveijitatggn._Pr&ter
1303 4496 1582 4556 codicem'
1607 4507 1905 4575 vetustum
1940 4521 2058 4560 mo-
2090 4497 2136 4561 D
2167 4505 2259 4558 dis
2320 4503 2642 4575 ingenium,
2696 4496 2952 4575 quorum
3024 4496 3171 4561 alter
3247 4507 3447 4563 media:
3505 4508 3822 4564 academiae

397 4566 636 4644 nasterii
671 4569 853 4644 nostri
887 4569 1294 4644 Floriacensis,
1329 4587 1532 4644 omnes
1571 4571 1667 4625 alii
1719 4589 1866 4644 quos
1910 4576 2056 4630 vidi-

400 4653 534 4713 mus
551 4638 725 4713 juxta
755 4639 1064 4713 Erasmum
1096 4641 1316 4713 legunt,
1351 4643 1490 4711 quod
1546 4644 1713 4698 vitam
1733 4638 1774 4699 ἐ
1800 4648 1912 4700 vita
1952 4649 2055 4703 tol-

398 4709 593 4781 lerent.
623 4712 695 4763 At
727 4709 882 4781 cogit
907 4728 1013 4766 nos
1042 4709 1309 4768 Arcesilae
1350 4709 1406 4767 et
1447 4714 1763 4770 Carneadis
1811 4717 2056 4775 historia

399 4780 650 4856 retinere
679 4780 982 4856 ueritatem,
1012 4800 1190 4855 quam
1240 4784 1298 4839 hi
1340 4783 1676 4856 phiIOSOphi
1725 4803 1754 4840 e
1798 4787 1916 4844 vita
1945 4789 2055 4845 tol-

397 4850 616 4922 lebant,
676 4850 1490 4930 incertabmniadicentcs,
1548 4850 1603 4910 et
1663 4858 2054 4930 ignorantiam

399 4937 592 5004 rerum
643 4924 929 5004 probabili
979 4927 1466 5004 assertionesive
1515 4924 1806 5004 sententia
1837 4935 2055 5004 tempe-

399 4997 823 5074 rantes.._l’orro
857 4999 1141 5074 Arcesilas
1165 5003 1405 5054 vocatus
1431 5005 1521 5055 est
1551 5000 1866 5074 cavillator,
1897 4997 2052 5074 quod

398 5081 530 5143 cum
584 5065 842 5143 nih_il_se
890 5070 1038 5124 scire
1087 5071 1474 5143 diceret,gnec
1529 5070 1675 5125 alios
1729 5065 2052 5143 quidquam

398 5135 933 5213 scire'patiebatur,
987 5158 1189 5198 omnes
1247 5135 2050 5213 turbaretsophismatibus.

401 5153 548 5192 seire
575 5153 933 5262 gaueoatur,
987 5158 1189 5198 omnes
1247 5153 1510 5197 turbaret
1559 5153 2050 5213 soptnsmatibus.

401 5206 546 5288 Yide
594 5206 754 5288 _icer.
788 5207 890 5288 lib:
949 5229 988 5288 ῃ
1045 5214 1142 5288 (16Δ
1169 5215 1413 5269 Finibus.
1446 5217 1490 5268 A
1522 5212 1817 5288 Carneade
1847 5232 2051 5272 caven-

401 5280 542 5358 dum
576 5279 807 5358 dicebat
839 5280 912 5334 M.
948 5283 1096 5358 Cato
1128 5284 1184 5339 in
1212 5285 1639 5358 senatutquia
1669 5286 1741 5340 ob
1773 5286 2052 5358 eloquen-

403 5351 568 5431 tiam,
602 5354 659 5431 e_t
698 5350 1023 5431 disserendi
1072 5350 1642 5431 facultatemk’facile
1689 5350 2052 5431 quaecunque

400 5420 940 5494 vellet,_impetrare
975 5431 1183 5494 posset.
1236 5427 1375 5482 Vide
1417 5420 1672 5483 Gellium
1706 5420 1819 5484 'lib.
1872 5420 1974 5486 xvi
1997 5437 2054 5486 et

401 5491 873 5559 Quintillianum.
910 5491 1198 5573 Maurus.
1235 5528 1302 5536 —-
1338 5501 1419 5553 ita
1449 5498 1741 5555 Victorius
1789 5504 2053 5573 reposuit

399 5581 508 5656 ope
558 5579 701 5626 mss.
755 5566 1199 5644 exemplarium,
1242 5585 1375 5628 cum
1407 5576 1579 5630 antea
1620 5577 1791 5644 esset,
1823 5566 1996 5631 vitam
2023 5591 2052 5634 ε

2168 4579 2374 4648 auctor
2397 4574 2511 4648 est,
2543 4574 2689 4629 alter
2719 4574 2900 4648 tertia:
2935 4577 3226 4648 princeps.

2234 4647 2258 4680 ⁸
2291 4647 2348 4699 In
2381 4646 2550 4722 tertio
2582 4652 2778 4722 autem
2808 4646 2954 4703 libro
2988 4646 3185 4722 aperte
3232 4654 3424 4722 negat,
3468 4649 3748 4722 scriptum
3785 4669 3823 4707 a

2169 4717 2467 4773 Lactantio
2499 4717 3242 4792 δηίωᾶῐηλσυσπειρόμένην,
3294 4717 3352 4776 id
3401 4717 3492 4778 est
3527 4717 3697 4778 simul
3726 4738 3820 4778 sa-

2166 4799 2297 4854 tam,
2359 4792 2461 4844 aut
2518 4805 2622 4860 per
2662 4789 2963 4845 traducem
2984 4789 3002 4846 ἐ
3051 4789 3079 4841 ἐ(
3127 4792 3348 4848 Scribis
3398 4797 3516 4849 tres
3565 4793 3636 4848 de
3686 4794 3818 4848 ani-

2167 4861 2377 4936 mabus
2433 4877 2561 4936 esse
2619 4861 2976 4917 sententias:
3040 4879 3476 4936 u_nam,mquam
3545 4865 3821 4936 sequitur

2164 4933 2479 5015 Origenes,-
2513 4931 2777 5015 alteram,
2830 4949 3004 5015 quam
3055 4931 3449 5015 Tertullianus
3474 4940 3536 5015 et
3570 4931 3822 5015 Lactan-

2164 5003 2305 5076 tius’,
2341 5003 2475 5076 licet
2505 5004 2575 5057 de
2608 5003 2904 5058 Lactantio
2935 5006 3307 5076 apertissime
3330 5007 3655 5063 mentiaris.
3681 5030 3708 5056 ››
3734 5007 3820 5064 Re

2165 5075 2591 5150 ipsa_lib._vn,
2643 5091 2699 5128 n.
2738 5077 2839 5150 _12,
2893 5075 3232 5150 Laetantius
3281 5079 3389 5132 sibi
3441 5079 3818 5150 probandum

2163 5145 2348 5222 sumit
2377 5145 2634 5222 animam
2658 5147 2931 5222 originem
2953 5149 3167 5204 trahere
3186 5150 3254 5222 de
3269 5150 3398 5204 caelo
3425 5145 3638 5222 {atque
3669 5151 3817 5207 adeo

2165 5217 2341 5272 mirer
2366 5216 2572 5292 magis,
2599 5216 2750 5292 inter
2771 5218 3144 5292 ejus_errores
3167 5238 3199 5275 a
3220 5221 3407 5276 doctis
3428 5216 3652 5292 aliquot
3674 5221 3822 5279 viris

2163 5289 2460 5343 numerari
2493 5288 2792 5364 traducem
2829 5289 3055 5364 animae.
3092 5292 3370 5364 Butinum
3417 5288 3586 5364 porro
3635 5309 3822 5349 excu-

2163 5364 2591 5436 sare,_no_n_est
2639 5359 3161 5436 in_stitut_i__nostri;
3215 5359 3542 5436 maximam,
3584 5371 3821 5436 partem

2162 5428 2654 5508 Occidentalium,
2694 5430 2822 5502 ipso
2869 5432 3216 5508 Hieronymo
3266 5439 3412 5490 teste
3457 5428 3629 5508 epist.
3684 5437 3816 5507 126,

2162 5507 2368 5582 praeter
2402 5501 2841 5582 Tertullianum
2889 5507 2945 5582 et
2991 5501 3383 5582 Apollinarem
3437 5501 3539 5579 pro
3586 5525 3647 5566 se
3679 5501 3818 5582 pre;

2160 5575 2356 5649 sbyter
2386 5573 2774 5647 Aquileiensis
2801 5573 3059 5632 laudare
3071 5578 3377 5651 potuisset.
