4094 6166
233 306 345 372 £53

1420 302 1733 367 CONTRA
1774 299 2131 366 RUFINUM
2176 300 2326 362 LIB.
2372 298 2451 362 Il.

3520 300 3640 370 454

233 441 332 515 qui
366 439 601 496 Patrem
632 436 931 509 revelavit,
963 437 1034 492 de
1086 436 1416 493 animarum
1469 442 1620 493 statu
1666 437 1882 493 tacuit:
1916 437 1967 503 Α
1999 435 2179 491 taris:
2214 444 2271 490 et
2301 438 2432 506 post
2452 434 2572 489 haec
2622 434 2802 489 audes
2848 434 3060 503 dicere,
3093 437 3246 508 quod
3297 442 3353 493 et
3400 439 3551 496 bona
3582 447 3640 496 et

225 536 283 587 et
312 528 557 584 miraris
592 528 643 582 si
679 530 881 582 contra
904 530 963 581 te
993 527 1241 581 fratrum
1273 526 1551 582 scandala
1595 526 1888 582 conciten-

225 624 348 686 tur,
382 633 519 672 cum
550 616 611 670 id
664 615 889 671 nescire
920 618 978 670 te
1014 616 1201 685 jures,
1241 615 1391 687 quod
1440 614 1654 669 Christi
1698 613 1891 669 Eccle-

228 709 333 763 siae
361 722 426 762 se
455 721 631 760 nosse
664 703 1007 758 fateantur?

306 794 401 850 ll.
432 792 707 864 Exposita
738 792 853 847 ﬁde
888 809 1013 861 sua,
1048 793 1166 847 imo
1210 790 1455 847 inscitia:
1504 791 1889 857 confessione,

236 882 466 940 transit
494 883 564 936 ad
592 880 741 936 aliud
770 899 784 949 ;
817 884 875 936 et
903 896 1181 936 excusare
1227 898 1288 936 se
1320 880 1545 947 nititur,
1580 898 1684 936 cur
1712 880 1893 934 libros

239 971 617 1046 περὶἈρχῶν
666 969 725 1023 in
779 969 1049 1025 Latinum
1102 969 1359 1025 verterit.
1412 970 1479 1025 Et
1525 970 1643 1025 hac
1689 968 1896 1025 scribit

255 1062 331 1118 ad
363 1059 638 1115 verbum:
671 1080 699 1106 ‹‹
749 1059 900 1113 Sane
948 1058 1087 1129 quia
1133 1058 1307 1114 audio
1359 1059 1533 1114 etiam
1591 1059 1727 1113 inde
1769 1074 1897 1112 esse

254 1150 623 1221 disputatum
657 1147 811 1218 quod
848 1147 1114 1219 quaedam
1156 1146 1422 1220 Origenis
1453 1152 1693 1217 rogatus
1726 1164 1759 1201 a
1782 1146 1894 1200 fra-

239 1238 430 1292 tribus
462 1236 534 1291 de
565 1235 765 1291 Graeco
798 1236 854 1289 in
905 1236 1174 1291 Latinum
1224 1235 1520 1304 transtuli,
1568 1240 1708 1306 puto
1739 1234 1895 1306 quod

235 1342 445 1382 omnes
468 1325 822 1396 intelligant,
864 1325 985 1379 hac
1016 1342 1121 1397 pro
1170 1324 1293 1381 solo
1341 1323 1519 1380 livore
1566 1323 1811 1395 culpari.
1838 1321 1897 1377 Si

233 1416 397 1471 enim
429 1413 662 1485 aliquid
694 1418 783 1469 est
814 1413 969 1485 quod
1001 1412 1309 1485 displiceat
1335 1414 1393 1467 in
1428 1418 1686 1481 auctore,
1721 1429 1900 1483 quare

234 1506 294 1559 id
325 1506 398 1559 ad
444 1504 829 1574 interpretem
880 1501 1303 1574 detorquetur?
1356 1502 1519 1556 Sicut
1568 1502 1627 1555 in
1688 1500 1899 1555 Graecis

236 1594 511 1658 habetur,
544 1597 788 1663 rogatus
821 1607 951 1646 sum
981 1595 1044 1645 ut
1074 1589 1297 1646 Latinis
1327 1591 1716 1646 ostenderem.
1744 1590 1900 1644 Gras-

240 1682 346 1746 cis,
378 1680 661 1736 sensibus
691 1681 867 1735 verba
895 1678 1027 1734 dedi
1058 1679 1263 1733 Latina
1316 1678 1749 1733 tantummodo.
1774 1677 1903 1732 Sive

240 1786 378 1842 ergo
420 1770 483 1823 in
533 1767 655 1823 illis
704 1766 977 1823 sensibus
1034 1767 1163 1822 laus
1213 1767 1368 1822 inest
1415 1766 1632 1839 aliqua,
1667 1784 1780 1821 non
1813 1770 1902 1820 est

244 1875 413 1924 mea;
448 1857 571 1913 sive
603 1856 794 1928 culpa,
830 1856 1103 1911 similiter
1132 1873 1245 1911 non
1277 1860 1367 1911 est
1397 1872 1592 1911 mea.»
1629 1879 1654 1905 ‹‹
1689 1855 1896 1920 Audio,

248 1948 467 2019 inquit,
488 1945 666 2001 etiam
697 1945 833 2000 inde
864 1960 995 2000 esse
1045 1944 1403 2016 disputatum.
1449 1965 1475 1996 η
1531 1947 1711 2009 Quam
1763 1960 1899 2015 pru-

247 2038 465 2092 denter
516 2034 949 2090 accusationem
990 2050 1181 2101 suam,
1232 2034 1658 2101 disputationem
1696 2031 1897 2087 vocat!

254 2149 283 2173 ‹‹
321 2124 493 2188 Quod
523 2124 766 2193 quaedam
814 2121 1083 2194 Origenis
1133 2125 1373 2194 rogatus
1421 2139 1455 2177 a
1502 2122 1784 2176 fratribus
1833 2122 1903 2175 de

254 2213 464 2269 Graeco
494 2212 548 2266 in
580 2212 845 2266 Latinum
876 2210 1171 2265 transtuli.
1209 2233 1235 2259 ››
1267 2212 1401 2274 Quae
1446 2214 1587 2266 sunt
1618 2210 1718 2264 illa
1747 2226 1903 2281 quaa-

256 2304 395 2358 dam
423 2301 452 2355 ?
478 2301 695 2355 Nomen
726 2306 843 2355 non
891 2298 1155 2354 habent?
1202 2299 1431 2355 Taces?
1488 2298 1691 2354 Libelli
1736 2315 1904 2353 accu-

250 2396 524 2447 satorum
555 2388 899 2461 loquuntur.
935 2412 961 2437 ‹‹
996 2388 1277 2456 Puto,ait,
1314 2388 1468 2459 quod
1501 2402 1706 2443 omnes
1736 2386 1905 2441 intel-

250 2479 443 2551 ligant
502 2478 622 2533 haec
685 2494 789 2549 pro
846 2478 959 2532 solo
1007 2478 1179 2532 livore
1236 2476 1482 2547 culpari.
1540 2501 1559 2523 ιι
1624 2476 1733 2530 Pro
1794 2492 1907 2547 quo

250 2567 479 2623 livore?
503 2567 655 2621 Num
686 2565 953 2621 invident
1000 2564 1342 2637 eloquentiae
1393 2565 1547 2620 tuae?
1578 2568 1693 2619 Aut
1725 2563 1908 2619 fecisti

252 2658 410 2728 quod
463 2654 667 2711 nullus
724 2654 1036 2709 huminum
1096 2671 1360 2725 unquam
1433 2654 1618 2710 facere
1675 2652 1911 2724 potuit?

254 2751 395 2801 Ecce
446 2749 508 2799 et
556 2760 664 2816 ego
719 2743 987 2815 Origenis
1029 2743 1172 2799 501
1238 2742 1427 2797 multa
1488 2741 1799 2798 transtuli:
1855 2745 1913 2797 et

256 2838 468 2907 prater
497 2838 554 2888 te
578 2848 750 2887 nemo
782 2849 887 2887 nec
923 2832 1160 2897 invidet,
1191 2848 1296 2886 nec
1341 2831 1754 2886 calumniatur.
1790 2853 1818 2879 «
1851 2830 1909 2884 Si

257 2926 435 2989 enim,
475 2921 688 2993 inquit,
714 2920 937 2992 aliquid
969 2924 1057 2975 est
1072 2921 1226 2992 quod
1250 2920 1556 2992 displiceat
1573 2920 1629 2974 in
1654 2923 1908 2987 auctore,

255 3030 438 3085 quare
499 3012 559 3066 id
618 3012 690 3065 ad
754 3012 1128 3081 interpretem
1189 3009 1614 3081 detorquetur?
1664 3008 1815 3064 sicut
1851 3008 1911 3062 in

255 3101 473 3158 Graacis
501 3100 775 3167 habetur,
810 3103 1048 3171 rogatus
1093 3114 1225 3153 sum
1258 3103 1324 3152 ut
1374 3098 1594 3153 Latinis
1643 3098 1910 3153 ostende-

2000 523 2156 579 mala
2186 541 2301 579 non
2334 523 2462 590 tibi,
2495 523 2595 578 sed
2646 523 2868 578 auctori
2927 524 3176 579 debeant
3215 527 3538 599 imputari?
3570 534 3639 585 Et

2000 628 2318 685 oppressus
2374 611 2592 667 invidia
2650 612 2839 666 adhuc
2910 614 3087 667 verba
3153 616 3520 685 moderaris;
3585 624 3642 674 et

2002 701 2171 772 quasi
2205 717 2383 772 super
2436 701 2647 756 aristas
2694 701 2966 772 pendenti
3027 701 3305 759 incedens
3336 706 3645 776 gradu,lo~

2002 789 2258 861 queris.«
2290 788 2418 843 Sive
2451 790 2506 842 in
2541 788 2656 844 illis
2688 791 3105 845 sensibusnos
3138 796 3244 859 est,
3266 791 3385 848 sive
3416 794 3644 866 culpa.»

2003 879 2318 933 Defendere
2351 897 2463 933 non
2505 880 2707 945 audes,
2740 884 2795 933 et
2842 883 3034 934 tamen
3092 881 3369 936 damnare
3398 899 3514 937 non
3537 883 3644 939 vis.

2004 967 2161 1039 Elige
2189 984 2219 1022 e
2250 967 2481 1022 duobus
2510 968 2665 1038 quod
2698 968 2805 1035 vis,
2841 969 2995 1039 optio
3030 968 3133 1023 tibi
3163 970 3373 1027 datur:
3409 971 3457 1027 si
3493 972 3647 1028 bona

2004 1056 2508 1127 estinterpretatio
2556 1061 2679 1119 tua,
2730 1056 2943 1111 lauda:
2997 1056 3045 1111 si
3090 1057 3266 1125 mala,
3298 1061 3650 1117 condemns.

2003 1145 2222 1200 Verum
2255 1148 2495 1199 excusat
2537 1161 2619 1207 se,
2659 1149 2715 1199 et
2765 1144 3058 1200 subnectit
3095 1145 3271 1201 aliam
3320 1149 3646 1221 stropham.

2007 1234 2157 1289 Dicit
2185 1234 2379 1289 enim:
2415 1256 2440 1282 ‹‹
2477 1234 2624 1297 Quin
2675 1234 2791 1287 imo
2835 1234 3010 1288 etiam
3057 1233 3214 1289 aliud
3259 1237 3467 1307 adjeci,
3495 1238 3652 1295 sicut

2009 1324 2067 1377 in
2114 1321 2558 1376 Prazfatiuncula
2602 1336 2732 1375 mea
2778 1322 3115 1395 designavi;
3152 1333 3215 1379 ul
3263 1325 3319 1379 in
3362 1331 3651 1397 quantum

2010 1427 2263 1483 possem,
2314 1408 2616 1481 aliquanta
2680 1410 3047 1466 deciderem:
3093 1412 3194 1468 illa
3258 1417 3455 1469 tamen
3523 1433 3654 1487 quas

2011 1500 2153 1554 mihi
2189 1500 2258 1553 ad
2296 1498 2691 1569 suspicionem
2724 1499 2739 1532 ¹
2774 1499 3261 1572 veniebant,quod
3288 1519 3403 1557 non
3431 1505 3503 1559 ab
3526 1505 3653 1576 ipso

2011 1587 2256 1659 Origene
2283 1588 2361 1641 ita
2393 1588 2571 1652 dicta,
2597 1588 2697 1641 sed
2749 1589 2819 1642 ab
2870 1587 3000 1643 aliis
3041 1589 3377 1645 viderentur
3408 1608 3536 1648 esse
3565 1594 3655 1647 in-

2012 1683 2190 1743 serta,
2218 1680 2455 1748 propter
2502 1676 2609 1731 hoc
2642 1677 2793 1746 quod
2839 1678 2907 1731 de
2955 1676 3174 1732 eisdem
3226 1678 3402 1734 rebus
3436 1680 3491 1734 in
3525 1680 3657 1736 aliis

2013 1765 2271 1820 auctoris
2297 1764 2564 1835 ejusdem
2595 1763 2740 1819 locis
2770 1764 3053 1820 catholica
3073 1765 3295 1821 dictum
3326 1766 3601 1840 legeram.
3628 1791 3656 1817 »

2012 1855 2157 1909 Mira
2208 1853 2564 1925 eloquentia,
2610 1858 2666 1908 et
2712 1853 2899 1909 Attico
2943 1855 3081 1909 ﬂore
3131 1856 3390 1912 variata:
3444 1881 3472 1907 «
3506 1858 3659 1921 Quin

2013 1944 2130 1998 imo
2162 1942 2374 2011 etiam;
2414 1966 2440 1989 ››
2473 1948 2530 1997 et
2567 1966 2586 1991 α
2624 1944 2759 2007 Quae
2780 1943 2926 1997 mihi
2957 1944 3026 1997 ad
3053 1944 3448 2015 suspicionem
3472 1947 3662 2002 venie-

2012 2032 2172 2087 bant.
2210 2054 2237 2079 ››
2270 2032 2543 2086 Admiror
2576 2030 2727 2089 502
2759 2049 2969 2087 ausum
3015 2032 3181 2087 illum
3232 2050 3361 2089 esse
3400 2034 3519 2090 haec
3548 2036 3659 2091 Ro-

2014 2137 2171 2175 mam
2217 2120 2528 2175 verborum
2580 2124 2849 2190 portenta
2896 2121 3310 2176 transmittere.
3354 2123 3661 2195 Compedi-

2015 2213 2135 2263 tam
2168 2212 2337 2279 putes
2369 2208 2635 2281 linguam
2679 2209 2829 2278 ejus,
2865 2215 2919 2263 et
2960 2209 3458 2267 inextricabilibus
3491 2213 3662 2269 nodis

2014 2297 2273 2369 ligatam,
2306 2297 2399 2352 via
2424 2298 2483 2351 in
2516 2296 2841 2352 humanum
2869 2314 3079 2353 sonum
3111 2302 3562 2371 erumpere.Sed
3586 2303 3658 2356 ad

2017 2402 2253 2441 causam
2282 2387 2538 2441 redeam.

2090 2476 2149 2529 11
2190 2517 2200 2527 .
2232 2475 2480 2545 Origem's
2512 2475 2866 2545 blasphemia.
2898 2507 2965 2514 —
3000 2475 3140 2541 Quis
3184 2476 3289 2531 tibi
3322 2477 3482 2532 dedit
3510 2477 3661 2532 hanc

2017 2563 2335 2630 licentiam,
2370 2568 2437 2618 ut
2470 2563 2658 2618 multa
2689 2565 2757 2619 de
2799 2564 3273 2636 interpretatione
3320 2566 3663 2622 decideres?

2020 2653 2278 2724 Rogatus
2306 2669 2433 2707 eras
2483 2657 2549 2707 ut
2592 2657 2787 2707 Grmca
2817 2653 2874 2707 in
2936 2654 3207 2709 Latinum
3246 2659 3521 2720 vorteres,
3545 2672 3662 2710 non

2020 2746 2083 2795 ut
2112 2741 2493 2796 emendares:
2530 2746 2595 2796 ut
2625 2740 2864 2796 alterius
2905 2741 3060 2797 dicta
3108 2743 3416 2814 proferres,
3452 2761 3569 2799 non
3601 2748 3666 2798 ut

2022 2843 2121 2893 tua
2150 2840 2451 2894 conderes.
2493 2839 2617 2893 Non
2651 2839 2857 2893 fecisse
2888 2844 2943 2894 te
2982 2841 3136 2910 quod
3190 2844 3426 2911 rogatus
3459 2856 3543 2908 es,
3575 2858 3664 2896 re-

2022 2927 2265 2981 cidendo
2296 2926 2570 2998 plurima,
2605 2927 2921 2982 conﬁteris.
2949 2930 3138 2998 Atque
3187 2929 3412 2983 utinam
3462 2930 3665 3001 praeci-

2023 3016 2212 3071 disses
2244 3015 2420 3083 mala,
2455 3021 2512 3071 et
2538 3034 2652 3071 non
2686 3016 2743 3069 in
2795 3016 3177 3071 assertionem
3220 3017 3532 3083 malorum,
3567 3023 3668 3073 tua

2024 3102 2209 3159 multa
2240 3104 2577 3176 posuisses!
2611 3105 2651 3158 Ε
2685 3104 2899 3175 quibus
2932 3122 3117 3159 unum
3151 3107 3464 3176 proferam,
3496 3112 3561 3161 ut
3599 3124 3668 3160 ex

254 3209 400 3247 rem.
433 3188 653 3245 Grecis
696 3187 969 3245 sensibus
1018 3187 1192 3242 verba
1238 3186 1371 3242 dedi
1419 3186 1622 3242 Latina
1651 3191 1909 3241 tantum-
1942 3174 1984 3240 C
2022 3192 2130 3248 hoc
2162 3174 2587 3265 cognoscantur
2634 3174 2953 3248 eticmtera,
2992 3195 3051 3247 [η
3106 3174 3292 3266 ρί-ίωο
3352 3195 3500 3250 libro
3543 3192 3666 3268 περὶ

254 3281 456 3336 modo.
491 3278 624 3334 Sive
675 3293 813 3347 ergo
863 3276 921 3330 in
978 3276 1096 3331 illis
1140 3275 1412 3332 sensibus
1464 3276 1593 3331 laus
1627 3276 1780 3332 inest
1810 3275 1911 3331 ali-

254 3386 398 3441 qua,
432 3384 552 3422 non
602 3370 691 3422 est
730 3381 899 3420 mea:
955 3364 1076 3420 sive
1128 3363 1319 3436 culpa,
1370 3364 1641 3419 similiter
1678 3381 1792 3419 non
1826 3368 1915 3419 est

254 3475 411 3513 mea.
454 3478 481 3505 ››
507 3456 581 3509 Et
631 3452 886 3521 miraris,
917 3454 963 3508 si
1021 3454 1091 3508 de
1140 3457 1197 3507 te
1252 3452 1523 3508 homines
1572 3452 1726 3507 mala
1783 3469 1912 3507 sen-

258 3546 446 3610 tiant,
472 3559 608 3598 cum
638 3543 705 3598 de
747 3542 966 3615 apertis
1016 3540 1402 3614 blasphemiis
1444 3542 1633 3597 dicas:
1670 3565 1697 3590 ‹‹
1739 3542 1797 3596 Si
1828 3546 1916 3596 est

267 3630 531 3702 aliquid,
564 3631 710 3700 quod
738 3630 1043 3703 displiceat
1094 3631 1152 3684 in
1206 3630 1494 3686 auctore?
1549 3652 1577 3679 »
1628 3630 1915 3685 Omnibus

273 3737 410 3793 qua
461 3719 522 3773 in
574 3717 688 3774 illis
724 3718 888 3775 libris
942 3719 1098 3775 dicta
1154 3724 1312 3785 sunt,
1366 3718 1715 3790 displicent:
1760 3722 1817 3773 et
1851 3723 1913 3773 tu

260 3810 438 3867 solus
460 3807 712 3874 dubitas,
744 3813 801 3863 et
826 3809 1109 3880 quereris,
1142 3825 1246 3863 cur
1292 3809 1362 3862 ad
1407 3807 1784 3879 interpretem
1817 3807 1914 3861 de-

260 3902 634 3972 torqueatur,
688 3899 842 3968 quod
872 3898 931 3952 in
982 3896 1379 3952 translationis
1428 3901 1538 3951 tuae
1579 3895 1918 3951 Praefatione

256 3988 544 4044 laudasti.
584 3986 843 4058 Rogatus
872 4002 1020 4051 eras,
1053 3990 1120 4040 ut
1166 3986 1459 4056 quomodo
1504 3985 1830 4040 habebatur
1858 3984 1916 4037 in

261 4077 481 4143 Graec,
547 4076 607 4130 in
678 4075 952 4130 Latinum
1016 4079 1290 4129 verteres.
1369 4073 1605 4127 Utinam
1682 4073 1920 4128 fecisses

258 4165 412 4235 quod
448 4170 724 4227 rogatum
756 4168 812 4217 te
841 4179 971 4218 esse
1009 4161 1257 4217 simulas
1284 4162 1294 4215 !
1326 4160 1470 4216 nulli
1500 4178 1659 4217 nunc
1690 4162 1917 4216 invidias

255 4255 624 4325 subjaceres.
674 4252 735 4307 Si
785 4256 851 4306 tu
898 4250 1301 4306 translationis
1366 4266 1659 4307 servasses
1718 4250 1917 4316 ﬁdem,

255 4343 399 4397 mihi
433 4340 765 4397 necessitas
813 4356 930 4394 non
982 4339 1190 4395 fuisset
1237 4340 1777 4411 interpretationem
1812 4339 1919 4394 fal-

257 4448 382 4485 sam
434 4447 577 4485 vera
627 4428 1102 4501 interpretatione
1159 4429 1511 4483 subvertere.
1566 4429 1736 4483 Novit
1784 4445 1918 4483 con-

2022 3285 2260 3355 ’Apxaw,
2296 3282 2393 3337 ubi
2427 3282 2703 3355 Origenes
2733 3282 2935 3353 lingua
2982 3283 3266 3355 sacrilega
3294 3282 3669 3354 blasphema-
3722 3354 3727 3359 μ

2022 3370 2123 3435 vit,
2158 3371 2309 3441 quod
2380 3370 2560 3426 Filius
2627 3372 2853 3426 Patrem
2913 3388 3028 3426 non
3096 3372 3306 3440 videat,
3367 3378 3432 3427 tu
3489 3373 3668 3428 etiam

2025 3476 2231 3514 causas
2264 3460 2481 3527 reddis,
2513 3460 2678 3530 quasi
2715 3476 2780 3513 ex
2812 3477 3058 3529 persona
3079 3462 3228 3531 ejus,
3264 3461 3363 3533 qui
3411 3462 3667 3533 scripsit,

2026 3552 2083 3603 et
2113 3548 2342 3619 Didymi
2378 3548 2778 3620 interpretaris
2810 3542 3035 3621 σχόλιον
3060 3552 3101 3615 ⁸,
3134 3549 3191 3603 in
3224 3566 3339 3620 quo
3370 3548 3467 3605 ille
3506 3567 3672 3605 casso

2026 3635 2223 3691 labore
2254 3641 2498 3691 conatur
2527 3636 2783 3691 alienum
2827 3653 3079 3692 errorem
3143 3637 3474 3704 defendere,
3518 3638 3674 3708 quod

2027 3725 2303 3797 Origenes
2336 3726 2573 3795 quidem
2607 3726 2751 3780 bene
2783 3726 3031 3780 dixerit:
3061 3726 3161 3781 sed
3223 3742 3329 3780 nos
3376 3725 3674 3796 simplices

2028 3813 2382 3880 bomines,et
2411 3814 2633 3868 cicures
2660 3813 2907 3868 Enniani
2937 3814 3092 3879 3,nec
3115 3812 3274 3868 illius
3298 3813 3671 3885 sapientiam,

2030 3917 2134 3956 nec
2160 3907 2344 3967 tuam,
2378 3902 2475 3973 qui
2522 3894 2936 3973 interpietatus
2986 3920 3067 3969 es,
3100 3901 3424 3974 intelligere
3470 3919 3676 3974 possu-

2029 4007 2182 4045 mus.
2219 3990 2482 4044 Praefatio
2526 3994 2652 4056 tua,
2693 4007 2868 4061 quam
2911 3992 3204 4057 nominas,
3236 3997 3293 4047 et
3341 3992 3398 4046 in
3433 4008 3550 4063 qua
3580 4009 3673 4048 me

2030 4078 2196 4134 miris
2228 4095 2402 4133 ornas
2451 4078 2745 4145 laudibus,
2780 4084 2835 4134 te
2884 4096 3047 4135 reum
3101 4080 3368 4152 pessima:
3418 4080 3670 4137 transla-

2030 4168 2205 4223 tionis
2238 4167 2394 4223 facit.
2430 4167 2585 4221 Dicis
2617 4167 2773 4221 enim
2823 4169 2979 4239 quod
3024 4171 3095 4223 de
3139 4170 3334 4225 Grznco
3366 4169 3553 4223 multa
3582 4170 3679 4225 de~

2030 4256 2262 4325 cideris,
2292 4255 2427 4311 licet
2456 4259 2648 4311 taceas
2679 4256 2833 4327 quod
2869 4257 3182 4313 addideris.
3209 4260 3344 4323 Quae
3385 4256 3673 4324 decidisti,

2031 4344 2185 4399 mala
2214 4348 2398 4413 erant,
2443 4362 2514 4399 an
2576 4345 2768 4399 bona?
2813 4346 3026 4417 Utique
3075 4346 3249 4401 mala.
3300 4346 3435 4408 Qua:
3489 4360 3674 4400 reser-

2028 4434 2196 4499 vasti,
2231 4433 2383 4489 bona
2429 4450 2501 4487 an
2552 4433 2751 4489 mala?
2782 4434 2990 4506 Utique
3047 4435 3219 4490 bona.
3270 4435 3469 4505 Neque
3516 4433 3674 4488 enim

258 4520 507 4575 scientia
536 4525 659 4583 tua,
693 4535 820 4590 quae
845 4516 1158 4580 addideris,
1200 4534 1328 4589 quae
1378 4516 1756 4587 subtraxeris,
1790 4534 1915 4589 quae
1951 4541 1995 4605 Ι)
2028 4522 2183 4577 mala
2209 4522 2524 4578 transferre
2551 4527 2799 4593 poteras.
2850 4524 2998 4595 Ergo
3048 4523 3203 4579 mala
3246 4523 3588 4595 amputasti,
3620 4526 3678 4578 et

260 4608 313 4663 in
349 4614 669 4678 utramque
700 4612 947 4679 partem,
982 4610 1045 4661 ut
1092 4606 1197 4661 tibi
1242 4606 1432 4661 visum
1486 4606 1677 4672 fuerit,
1706 4606 1917 4661 immu-

336 4770 349 4801 ¹
383 4767 495 4822 Alii
532 4767 672 4823 editi
704 4770 764 4821 in
817 4769 1205 4838 suspicionem,
1249 4767 1635 4823 renitentibus
1682 4784 1826 4823 mss.
1863 4773 1919 4823 et

264 4838 643 4912 Hieronymo,
681 4839 777 4910 qui
808 4839 1071 4912 phrasim
1102 4839 1277 4893 istam
1319 4838 1561 4912 deridet.

334 4912 357 4943 ’
388 4908 985 4983 Didymusbrevibus
1016 4908 1919 4983 Commentariolis,quzegold/41

266 4981 595 5055 inscripsit,
626 4982 684 5035 in
728 4982 891 5055 hunc
918 4980 1042 5055 περὶ
1070 4986 1287 5055 Ἀρχῶγ
1333 4980 1589 5055 Ιὶὺᾷῐιυωξ
1610 4980 1917 5052 Οῐιίεόηῡῐη

266 5052 558 5108 catholice
591 5052 829 5117 sentire,
860 5070 924 5108 ac
964 5052 1298 5108 diverse'ab
1328 5052 1560 5107 Arianis
1591 5068 1919 5123 propugna-

269 5125 387 5178 bat.
423 5123 569 5179 Vide
602 5124 751 5178 infra
782 5141 914 5196 pag.
949 5124 1074 5179 508.

340 5196 453 5249 'Et
483 5197 696 5250 cicures
738 5193 1005 5250 Enniani.
1059 5194 1226 5249 Haud
1284 5194 1459 5249 dubie
1518 5193 1817 5260 animalia,
1865 5197 1921 5247 et

266 5268 527 5336 pecudes
559 5272 898 5321 mansuetas
929 5266 1136 5321 habuit
1178 5266 1504 5329 Ennianus,
1538 5266 1659 5321 sive
1698 5264 1920 5318 Ennius

267 5344 442 5407 poeta
500 5336 939 5404 celeberrimus,
997 5338 1097 5408 qui
1191 5337 1250 5390 in
1315 5337 1601 5392 Aventino
1646 5337 1919 5408 habitans

268 5406 513 5491 sumptu
550 5414 901 5491 _con.te_ntus
944 5406 1033 5490 est
1090 5408 1458 5489 parcissime,
1519 5414 1577 5462 et
1632 5406 1920 5491 apejllulae

269 5479 623 5537 ministerio.
656 5480 757 5536 Vel
789 5484 942 5535 certe
991 5479 1116 5537 ipse
1164 5479 1427 5533 cicurare
1458 5484 1694 5535 noverat
1726 5479 1918 5534 feras:

270 5553 427 5607 unde
460 5552 708 5607 Enniani
737 5550 964 5607 cicures
1006 5549 1101 5606 hic
1149 5550 1445 5605 dicuntur.
1484 5552 1543 5604 In
1577 5551 1775 5606 codice
1804 5549 1921 5606 col-

268 5622 405 5700 legii
437 5623 741 5684 Navarrici
772 5622 1119 5682 Parisiensis
1149 5620 1480 5700 legimus,et
1503 5625 1764 5681 cinctura:
1793 5622 1923 5681 Sen-

2028 4610 2313 4682 reliquisti
2346 4612 2499 4665 bona
2519 4610 2705 4665 ‘?Nulli
2740 4611 2984 4667 dubium
3010 4617 3117 4668 est.
3136 4613 3463 4669 Probantur
3479 4615 3675 4667 autem

2026 4772 2202 4825 niani.
2239 4770 2523 4825 MARTIAN.
2560 4801 2625 4809 —
2657 4771 2901 4834 Quidam
2959 4773 3043 4827 vir
3102 4773 3308 4827 doctus
3359 4770 3675 4841 legendum

2032 4846 2195 4913 putat
2226 4841 2463 4914 Cinctuli
2495 4844 2759 4906 Enniani,
2795 4848 2859 4914 ut
2889 4850 3090 4914 gentes
3145 4844 3254 4897 illae
3286 4842 3547 4898 barbaras
3579 4855 3680 4894 no-

2028 4911 2246 4978 tentur,
2279 4911 2478 4982 quales
2513 4914 2685 4983 primi
2724 4911 2916 4968 Italiai'
2948 4914 3149 4969 incolm
3182 4918 3368 4979 erant,
3402 4928 3549 4983 quos
3578 4927 3675 4966 v0-

2027 4989 2119 5040 cat
2150 4987 2415 5039 cinctutos
2449 4988 2647 5038 Horat.
2684 4986 2802 5038 Art.
2833 4988 3033 5040 Poetic.
3068 5003 3219 5040 vers.
3244 4986 3341 5038 50:

2122 5091 2342 5152 Fingere
2373 5089 2621 5138 cinctutis
2651 5103 2760 5138 non
2792 5090 3043 5139 exaudita
3072 5090 3334 5152 Cethegis.

2029 5196 2165 5250 Mihi
2198 5194 2343 5249 nihil
2395 5195 2713 5267 immutari
2758 5194 2977 5267 placet;
3012 5195 3265 5267 tametsi,
3318 5196 3473 5267 quod
3519 5194 3677 5267 apud

2029 5268 2280 5321 Ennium
2317 5268 2372 5321 in
2408 5265 3033 5338 fragmentisbistoria
3065 5265 3263 5319 isthmc
3316 5265 3427 5322 non
3470 5265 3677 5338 super-

2030 5340 2127 5403 sit,
2162 5338 2391 5393 ariolari
2424 5335 2578 5391 haud
2631 5335 2821 5390 velim.
2856 5336 3072 5392 Verum
3137 5340 3372 5392 Cz’curia
3418 5335 3677 5394 Enniana

2031 5409 2678 5481 insigniori;magistri,
2712 5407 2858 5481 dixit
2906 5409 3080 5462 etiam
3122 5408 3519 5464 Tcrtullianus
3568 5409 3673 5465 lib.

2030 5485 2223 5553 contra
2276 5480 2717 5553 Valentinianos,
2776 5480 2885 5553 sub
2943 5480 3142 5553 finem,
3205 5480 3513 5553 siveicap.
3579 5482 3674 5538 37.

2030 5556 2170 5635 itera
2200 5552 2457 5635 ingenia,
2509 5554 2611 5605 aut
2660 5551 2862 5635 barda,
2916 5549 3086 5635 malis
3137 5549 3673 5635 auspiciis,:_atque

2031 5623 2195 5681 irrito
2228 5626 2437 5679 conatu
2467 5623 2982 5682 mansuetudinem
3014 5623 3217 5682 edocta
3245 5623 3527 5703 innuerit,
