4110 6162
1743 288 1810 353 S.
1854 279 2187 353 EUSEIII‘
2215 278 2687 348 HIEMNYMI.

3741 277 3881 348 me

475 440 606 496 qum
635 422 922 480 translata
960 433 1073 478 sun
1106 462 1120 488 ,
1175 437 1321 494 pene
1370 423 1573 480 omnia
1612 422 1788 479 mala.
1839 419 2135 490 Quidquid
2167 417 2222 483 Α
2253 431 2543 472 mensura:
2610 416 2748 473 fore.
2781 415 3044 488 Cumque
3100 413 3184 473 ad.
3239 416 3505 473 formam.
3561 419 3622 472 et
3678 415 3883 473 libram

468 511 654 584 igitur
684 509 906 567 malum
937 511 997 565 in
1029 510 1410 568 translatione
1442 509 1977 575 monstravero,tibi
2011 509 2121 563 im-

472 599 801 671 putabitur,
834 599 934 670 qui
983 597 1126 654 illud
1180 616 1284 671 pro
1335 600 1486 656 bono
1534 598 1909 656 transtulisti.
1950 597 2122 652 Aliud

473 692 582 754 est,
635 687 683 743 si
730 687 968 759 iniquus
1024 703 1234 743 censor
1290 689 1556 760 ejusdem
1617 687 1884 743 criminis
1915 703 2050 742 reus
2083 687 2120 751 ι,

473 775 622 831 alios
653 776 724 830 de
756 780 967 831 senatu
1017 792 1085 846 pr;
1141 794 1208 842 IS,
1243 776 1388 833 alios
1421 777 1477 833 in
1529 778 1691 832 curia
1737 776 1975 832 retines.
2009 775 2121 831 Sed

469 862 642 918 dicis.
676 885 702 912 (ι
739 863 950 918 Omnia
991 881 1042 916 ιν
1063 868 1222 919 utare
1267 881 1383 920 non
1433 869 1732 937 poteram;
1761 865 1862 920 sed
1897 879 1967 919 ea
1995 868 2120 919 tan-

467 956 617 1019 tum,
671 967 796 1023 quas
856 951 1056 1006 addita
1111 953 1186 1007 ab
1243 952 1542 1010 haereticis
1587 953 1932 1016 arbitrabar,
1975 952 2120 1007 mihi

463 1041 831 1114 amputanda
879 1040 1119 1096 credidi.
1171 1064 1190 1089 υ
1230 1041 1504 1098 Pulchre.
1537 1042 1595 1097 Si
1645 1041 1961 1114 amputasti
1990 1058 2116 1113 quae

465 1127 661 1183 addita
707 1127 779 1183 ab
829 1127 1117 1184 haereticis
1173 1129 1572 1198 existimabas,
1641 1147 1778 1203 ergo
1835 1148 1963 1202 qua:
1997 1128 2122 1186 reli-

463 1215 669 1288 quisti,
704 1216 834 1286 ejus
868 1219 1008 1270 sunt
1033 1233 1208 1288 quem
1239 1217 1666 1290 interpretatus
1713 1235 1776 1274 es
1807 1218 1912 1292 [AL
1943 1219 2116 1274 inter-

459 1303 807 1376 pretabaris]
837 1323 850 1372 ;
887 1305 1041 1361 508
1067 1307 1372 1378 responde,
1406 1311 1604 1363 utrum
1642 1309 1816 1373 bona,
1860 1325 1932 1364 an
1965 1307 2121 1362 mala

461 1393 628 1448 sint?
657 1391 809 1449 Mala
848 1395 1168 1451 transferre
1215 1412 1332 1452 non
1384 1400 1632 1468 poteras.
1703 1395 1893 1452 Semel
1935 1395 2114 1465 enim,

461 1499 588 1554 qua
621 1483 692 1538 ab
726 1482 1015 1538 haereticis
1064 1485 1268 1540 addita
1315 1485 1568 1552 fuerant,
1613 1484 1960 1556 amputasti.
1992 1485 2115 1542 Nisi

460 1570 609 1626 forte
660 1569 1066 1627 haereticorum
1126 1572 1282 1628 mala
1337 1577 1642 1645 amputare
1701 1573 1996 1644 debueris,
2060 1579 2118 1630 et

461 1659 729 1730 Origenis
754 1675 980 1715 errores
1012 1661 1070 1716 in
1123 1661 1396 1716 Latinum
1447 1662 1708 1733 integros
1737 1669 1977 1718 vertere.
2011 1662 2111 1717 Dic

2245 505 2539 575 aequitatis
2591 505 2974 577 pervenerint,
3043 510 3103 561 et
3158 504 3534 562 rationabiles
3592 509 3883 562 creaturas

2245 594 2400 650 ὅθι
2446 596 2606 650 omni
2673 610 2980 666 corporum
3047 595 3186 651 faece
3249 594 3532 668 deposita,
3573 610 3760 650 novus
3819 595 3885 650 de

2244 683 2450 738 mundi
2521 683 2723 739 exsilio
2790 682 2989 754 pepuli
3075 683 3416 739 revertentis
3480 683 3888 740 monstraverit

2243 772 2558 838 exercitus,
2590 777 2730 827 tunc
2760 788 2967 828 rursus
3007 788 3077 828 ex
3107 772 3221 828 alio
3252 773 3534 846 principio
3565 773 3690 828 fieri
3710 787 3888 828 mun-

2229 860 2371 914 dum
2404 859 2622 928 alium,
2655 864 2711 916 et
2766 859 2883 915 alia
2937 877 3201 933 corpora,
3242 862 3458 934 quibus
3511 860 3786 917 labantes.
3824 861 3890 918 de

2228 949 2371 1004 coelo
2400 949 2609 1006 anime
2639 951 3007 1017 vestiantur,
3042 954 3108 1004 ut
3133 951 3455 1006 verendum
3489 949 3660 1006 nobis
3689 950 3790 1018 sit,
3821 967 3888 1006 ne

2227 1037 2327 1108 qui
2359 1054 2516 1094 nunc
2543 1038 2650 1094 viri
2683 1055 2916 1106 sumus,
2945 1044 3156 1109 postea
3185 1055 3501 1096 nascamur
3527 1039 3588 1094 in
3608 1038 3884 1108 feminas;

2227 1130 2429 1198 etquae
2460 1127 2630 1182 hodie
2659 1127 2842 1198 virgo,
2893 1132 3035 1183 tunc
3089 1128 3202 1197 [Αι.
3251 1129 3473 1200 postea]
3505 1128 3648 1184 forte
3680 1130 3886 1200 prosti-

2225 1214 2434 1270 bulum
2481 1216 2576 1271 sit.
2625 1217 2750 1272 Haec
2799 1217 2856 1270 in
2901 1215 2996 1271 Ori
3015 1216 3183 1288 genis
3238 1217 3406 1273 libris
3459 1233 3566 1289 ego
3612 1216 3885 1274 haeretica

2225 1304 2438 1360 doceo:
2468 1308 2529 1360 tu
2581 1305 2844 1372 ostende,
2880 1305 2939 1360 in
2974 1322 3088 1378 quo
3142 1308 3272 1378 ejus
3328 1321 3500 1379 opere
3531 1306 3626 1362 his
3655 1311 3882 1362 contra-

2227 1391 2312 1448 ria
2340 1391 2576 1465 legeris.

2298 1481 2386 1536 43.
2419 1481 2526 1538 Sea:
2556 1483 2743 1538 millia
2765 1484 3043 1539 librorum
3091 1486 3362 1554 Origenis.
3400 1517 3469 1525 —
3515 1484 3658 1540 Nolo
3699 1484 3882 1551 dicas,

2231 1572 2368 1634 Quae
2393 1571 2465 1627 de
2493 1571 2716 1627 eisdem
2747 1572 2926 1628 rebus
2957 1573 3017 1627 in
3049 1571 3182 1628 aliis
3207 1571 3351 1630 locis
3381 1573 3647 1645 ejusdem
3681 1577 3883 1630 aucto-

2231 1661 2312 1716 ris
2343 1659 2626 1716 catholice
2657 1660 2817 1716 dicta
2861 1661 3156 1734 legeram;
3184 1679 3258 1717 ne
3306 1678 3399 1718 me
3447 1663 3648 1718 mittas
3677 1664 3882 1719 adsex

459 1761 617 1819 ergo,
654 1763 832 1820 quare
881 1748 1148 1821 Origenis
1198 1750 1353 1808 mala
1400 1751 1459 1806 in
1511 1751 1783 1808 Latinum
1834 1752 2105 1808 verteris:
2145 1783 2192 1848 Β
2225 1748 2418 1848 millia
2447 1749 2893 1848 librorumejus
2921 1752 3134 1848 3,quos
3157 1751 3368 1848 legisse
3399 1751 3631 1848 beatum
3666 1766 3884 1848 papam

465 1839 530 1890 ut
555 1840 852 1892 auctorem
911 1837 1051 1893 mali
1110 1839 1406 1910 proderes,
1439 1857 1512 1896 an
1573 1845 1637 1896 ut
1690 1840 2010 1898 laudares?
2052 1841 2111 1896 Si

460 1924 687 1996 prodis,
723 1925 780 1980 in
822 1927 1160 1999 praefatione
1203 1945 1308 1984 cur
1354 1929 1608 1984 laudas?
1638 1930 1697 1986 Si
1745 1930 1972 1995 laudas,
2006 1931 2117 1985 hae-

473 2014 693 2070 reticus
725 2016 1087 2088 approbaris.
1125 2017 1344 2084 Restat,
1377 2023 1441 2074 ut
1490 2019 1660 2091 quasi
1692 2019 1846 2074 bona
1867 2020 2118 2091 protule-

473 2103 576 2160 ris.
609 2105 668 2160 Si
701 2105 824 2160 haec
855 2107 1054 2161 omnia
1085 2107 1407 2178 probantur
1437 2107 1614 2174 mala,
1647 2108 1828 2180 igitur
1855 2109 2035 2165 unius
2064 2115 2120 2166 et

471 2197 674 2248 auctor
704 2198 761 2249 et
789 2194 1078 2266 interpres
1109 2195 1190 2250 rei
1222 2195 1488 2251 criminis
1535 2202 1727 2265 erunt,
1760 2202 1816 2253 et
1846 2197 2116 2270 implebi-

468 2285 567 2336 tur
631 2280 731 2337 illa
797 2282 1120 2338 sententia:
1197 2285 1421 2340 Videbas
1485 2288 1688 2357 furem,
1749 2297 1800 2342 et
1861 2288 2118 2344 currebas

466 2385 591 2424 cum
610 2386 713 2426 eo:
744 2380 949 2426 etcum
1005 2373 1282 2428 adulteris
1327 2376 1632 2445 portionem
1685 2383 1839 2431 luam
1880 2376 2117 2447 ponebas

468 2459 641 2529 (Psal.
676 2477 828 2525 κως,
896 2462 1000 2531 t8).
1070 2462 1195 2517 Non
1264 2468 1354 2518 est
1391 2477 1628 2520 necesse
1695 2481 1817 2519 rem
1858 2463 2114 2536 planam,

468 2549 978 2619 argumentatione
1035 2550 1277 2606 dubiam
1336 2551 1541 2608 facere.
1597 2552 1758 2615 Quod
1827 2553 2112 2625 sequitur,

470 2637 1002 2708 respondeat,unde
1034 2637 1118 2693 illi
1151 2639 1228 2694 sit
1248 2644 1376 2694 orta
1407 2640 1811 2712 suspicio,hazc
1832 2642 1905 2696 ab
1942 2641 2116 2697 hazre-

468 2724 598 2780 ticis
619 2725 817 2780 addita
839 2725 866 2779 7
892 2751 918 2776 υ
939 2727 1105 2794 Quia,
1123 2728 1414 2799 inquit,de
1435 2729 1654 2784 eisdem
1691 2731 1866 2786 rebus
1897 2731 1954 2785 in
1983 2730 2115 2786 aliis

466 2811 608 2868 locis
630 2813 895 2883 ejusdem
927 2815 1184 2872 auctoris
1224 2815 1504 2872 catholicc
1529 2818 1749 2872 dictum
1773 2817 2048 2891 legeram.
2085 2841 2112 2868 ››

541 2903 626 2958 12.
657 2902 910 2973 Origenis
957 2903 1235 2962 ha’retica.
1269 2938 1336 2946 —
1387 2905 1725 2973 Videamus,
1777 2909 1931 2978 quod
1989 2908 2113 2980 pri-

467 3007 628 3047 mum
663 2997 774 3062 est,
805 2998 871 3049 ut
900 2993 1102 3049 ordine
1148 2994 1371 3050 venerit
1421 2995 1492 3050 ad
1543 2996 1892 3051 secundum.
1926 2997 2110 3053 Probo

463 3081 743 3153 egointer
791 3083 975 3138 multa
1027 3083 1293 3155 Origenis
1343 3083 1516 3151 mala,
1551 3084 1672 3140 haec
1711 3084 1962 3140 maxime
1993 3085 2108 3140 hae-

2230 1837 2622 1910 Epiphanium
2672 1839 3046 1907 criminaris;
3080 1841 3181 1896 sed
3239 1839 3370 1912 ipsa
3421 1838 3541 1896 loca
3594 1841 3880 1896 nomina:

2231 1943 2334 1981 nec
2367 1927 2476 1982 hoc
2508 1927 2654 1982 mihi
2687 1927 3092 1996 sufficiet,nisi
3125 1931 3330 1985 eadem
3362 1929 3513 1984 dicta
3533 1929 3606 1984 ad
3627 1930 3882 1985 verbum

2229 2014 2560 2087 protuleris.
2593 2015 2716 2072 Non
2767 2020 2856 2072 est
2895 2018 3091 2072 fatuus
3135 2018 3433 2090 Origenes,
3477 2021 3530 2073 et
3557 2031 3662 2090 ego
3694 2016 3879 2072 novi:

2227 2103 2519 2159 contraria
2549 2104 2661 2161 sibi
2679 2105 2838 2177 loqui
2859 2122 2975 2160 non
3000 2106 3402 2178 potest.Igitur
3422 2122 3490 2161 ex
3509 2105 3616 2161 hac
3648 2121 3877 2178 suppu-

2227 2192 2443 2248 tatione
2473 2192 2573 2250 illa
2622 2210 2857 2250 summa
2915 2195 3022 2265 [Αι.
3081 2195 3391 2266 sententia]
3438 2195 3722 2265 nascitur,
3756 2209 3875 2251 non

2227 2281 2628 2338 haereticorum
2674 2297 2975 2354 esse,quaa
3035 2284 3374 2356 amputasti,
3426 2285 3525 2340 sed
3579 2281 3873 2357 Origenis,

2225 2371 2396 2442 cujus
2444 2371 2572 2428 ideo
2630 2371 2788 2427 mala
2835 2372 3253 2444 interpretatus
3311 2389 3396 2439 es,
3453 2373 3592 2445 quia
3650 2373 3874 2445 putasti

2224 2461 2413 2527 bona;
2443 2464 2499 2515 et
2528 2461 2632 2516 tibi
2685 2466 2805 2517 tam
2836 2461 3008 2528 bona,
3053 2479 3228 2534 quam
3279 2460 3435 2518 mala
3480 2461 3643 2517 illius
3676 2463 3871 2534 impu-

2224 2549 2420 2614 tanda,
2454 2550 2624 2620 cujus
2645 2549 2862 2622 scripta
2893 2550 2951 2605 in
2985 2550 3226 2623 Prologo
3257 2551 3673 2622 comprobasti.
3731 2591 3742 2598 .

2294 2639 2381 2693 44.
2441 2639 2686 2694 Hilarius
2739 2647 2791 2694 et
2842 2639 3160 2695 Ambrosius
3215 2638 3468 2710 Origenis
3533 2641 3875 2710 interpretes.

2223 2728 2504 2782 Anastasii
2531 2728 2762 2798 epistola
2795 2727 2865 2782 ad
2892 2730 3157 2784 Joannem
3186 2729 3774 2800 Hierosolymitanum.
3807 2760 3877 2770 —

2219 2815 2502 2886 Sequitur
2533 2815 2592 2869 in
2626 2817 2827 2872 eadem
2853 2817 3134 2890 Apologia
3158 2836 3214 2873 :«
3243 2817 3510 2889 Origenis
3539 2833 3648 2889 ego
3679 2833 3871 2889 neque

2221 2904 2492 2960 defensor
2521 2921 2678 2971 sum,
2712 2922 2817 2961 nec
2849 2910 3130 2974 assertor,
3161 2923 3265 2962 nec
3299 2906 3528 2980 primus
3557 2906 3872 2980 interpres.

2219 2991 2330 3048 Alii
2361 2997 2495 3048 ante
2545 3010 2638 3048 me
2691 2993 2802 3049 hoc
2859 2994 3018 3051 idem
3067 3013 3214 3068 opus
3272 2997 3534 3051 fecerunt
3580 2996 3880 3067 [ALfece-

2223 3082 2410 3152 rant]:
2447 3081 2553 3136 feci
2585 3085 2642 3138 et
2671 3099 2775 3154 ego
2824 3087 3156 3156 postremus
3200 3089 3439 3157 rogatus
3489 3101 3522 3139 a
3568 3084 3874 3140 fratribus.

465 3146 646 3224 rstica
673 3171 730 3225 ²;
766 3169 868 3226 Dei
900 3146 1459 3227 Filiumcreaturam
1487 3146 1802 3244 ;'Spiritum
1835 3180 2106 3230 sanctum
2139 3146 2182 3213 θ
2221 3170 2279 3226 Si
2303 3146 2568 3241 jubetur,
2603 3188 2674 3227 ne
2705 3146 2843 3237 tviat:
2867 3174 3060 3244 jussio
3104 3146 3401 3230 observari
3450 3173 3599 3231 solet
3627 3176 3650 3208 ‘
3679 3175 3738 3229 in
3773 3191 3868 3247 po-

466 3256 838 3324 ministrum;
878 3259 1130 3314 mundos
1188 3259 1670 3324 innumerabiles,
1718 3261 1947 3317 aeternis
1998 3263 2110 3319 sibi

462 3343 692 3399 saeculis
759 3346 1447 3419 succedentes;angelos
1494 3365 1692 3405 versos
1751 3351 1807 3404 in
1878 3352 2109 3408 animas

463 3432 805 3502 hominum;
856 3434 1116 3490 animam
1166 3435 1483 3492 Salvatoris
1544 3437 1727 3494 fuisse
1787 3445 2105 3513 antequam

459 3528 798 3580 nasceretur
825 3541 894 3580 ex
941 3524 1157 3580 Maria:
1192 3530 1248 3580 et
1294 3525 1444 3581 hanc
1491 3543 1640 3594 esse,
1696 3543 1822 3598 quae
1863 3545 1997 3584 cum
2047 3531 2106 3586 in

459 3612 648 3668 forma
679 3612 778 3668 Dei
808 3619 981 3680 esset,
1017 3631 1133 3669 non
1167 3620 1250 3670 est
1284 3614 1550 3687 rapinam
1599 3615 1881 3672 arbitrata
1919 3635 2108 3691 isqua-

460 3699 574 3758 lem
607 3717 668 3756 se
699 3717 828 3758 esse
860 3702 1011 3758 Deo:
1049 3704 1152 3758 sed
1201 3720 1262 3759 se
1305 3702 1644 3772 exinanivit,
1679 3707 1926 3762 formam
1957 3708 2105 3764 servi

451 3789 750 3866 accipiens
817 3791 1086 3863 (Philipp.
1149 3793 1257 3862 n);
1319 3793 1807 3850 resurrectionem
1876 3801 2106 3853 nostro-

454 3895 590 3934 rum
653 3895 962 3951 corporum
1020 3881 1105 3936 sic
1171 3881 1451 3948 futuram,
1495 3888 1559 3937 ut
1598 3884 1802 3940 eadem
1843 3887 2108 3941 membra

459 3983 574 4023 non
605 3967 881 4034 habeant,
910 3969 1050 4042 quia
1098 3970 1468 4027 cessantibus
1527 3972 1924 4028 membrorum
1983 3974 2106 4030 ofﬁ-

458 4055 584 4124 ciis,
618 4057 913 4130 superflua
965 4059 1230 4114 membra
1281 4060 1641 4128 reddantur;
1696 4061 1938 4134 ipsaque
1987 4079 2106 4118 cor-

457 4161 600 4217 pora
628 4145 827 4202 tenuia
870 4151 926 4202 et
983 4147 1273 4218 spiritalia
1330 4148 1614 4220 paulatim
1646 4166 2008 4216 evanescere,
2049 4157 2106 4207 et

458 4234 515 4289 in
549 4251 754 4290 auram
787 4239 1045 4302 tenuem,
1075 4241 1249 4309 atque
1280 4237 1338 4292 in
1388 4237 1640 4292 nihilum
1693 4237 1967 4310 dissipari
1996 4258 2008 4306 ;
2044 4241 2101 4296 in

457 4324 833 4381 restitutione
865 4325 1154 4394 omnium,
1195 4327 1430 4397 quando
1472 4325 1838 4396 indulgentia
1887 4327 2100 4398 princi-

455 4413 602 4486 palis
659 4415 900 4482 venerit,
961 4415 1277 4470 Cherubim
1321 4419 1377 4469 et
1430 4413 1762 4484 Seraphim,
1811 4415 2098 4485 Thronos,

2218 3259 2521 3314 sterum.Si
2554 3259 2886 3331 culpantur,
2920 3262 3020 3333 qui
3043 3267 3176 3318 ante
3197 3263 3528 3333 jussionem
3583 3262 3869 3332 fecerunt,

2219 3348 2390 3419 culpa
2415 3366 2448 3402 a
2480 3349 2686 3420 primis
2712 3348 2974 3422 incipiat.
3010 3375 3036 3400 ››
3087 3353 3348 3408 Tandem
3399 3352 3676 3419 evomuit,
3711 3353 3869 3424 quod

2216 3435 2525 3505 volebat,et
2553 3438 2748 3493 omnis
2777 3439 2958 3494 animi
2991 3445 3186 3496 tumor
3217 3441 3273 3496 in
3297 3445 3506 3496 nostra:
3539 3443 3871 3497 accusatio-

2218 3525 2310 3579 nis
2340 3525 2533 3598 erupit
2564 3527 2863 3583 invidiam.
2916 3528 3023 3584 Ubi
3075 3530 3491 3601 interpretatur
3531 3529 3714 3586 libros
3744 3530 3872 3604 περὶ

2215 3619 2454 3688 Ἄρχων,
2488 3631 2582 3670 me
2627 3617 2793 3688 sequi
2844 3633 2905 3673 se
2935 3618 3103 3674 dicit:
3137 3619 3236 3674 ubi
3269 3625 3581 3674 accusatur
3629 3636 3735 3675 cur
3762 3620 3871 3676 hoc

2217 3704 2644 3772 fecerit,meum
2668 3707 2834 3778 ponit
2861 3707 3190 3780 exemplum
3219 3726 3231 3775 ;
3266 3715 3323 3764 et
3349 3713 3692 3774 securus,~et
3722 3710 3873 3781 peri-

2216 3793 2426 3850 clitans
2458 3795 2583 3850 sine
2616 3809 2708 3850 me
2745 3796 2934 3851 vivere
2974 3813 3090 3852 non
3142 3802 3350 3868 potest.
3411 3797 3624 3853 Audiat
3683 3797 3872 3871 igitur

2215 3883 2370 3953 quod
2406 3883 2630 3939 nescire
2661 3901 2721 3939 se
2753 3883 3014 3940 simulat.
3048 3885 3228 3941 Nemo
3277 3885 3380 3941 tibi
3429 3886 3644 3956 objicit,
3680 3901 3877 3957 quare

2213 3971 2522 4042 Origenem
2555 3971 2970 4044 interpretatus
2999 3991 3082 4040 es,
3109 3973 3326 4046 alioqui
3353 3973 3605 4030 Hilarius
3635 3977 3694 4028 et
3730 3977 3877 4031 Am-

2215 4059 2452 4116 brosius
2483 4061 2591 4116 hoc
2622 4059 2866 4116 crimine
2926 4063 3314 4132 tenebuntur;
3350 4063 3450 4119 sed
3490 4062 3628 4136 quia
3685 4062 3871 4119 inter-

2214 4152 2476 4220 pretatus
2507 4147 2799 4216 haeretica,
2834 4150 3194 4208 Praafationis
3225 4157 3340 4208 tuas
3387 4152 3558 4208 laude
3586 4151 3865 4208 ﬁrmasti.

2213 4237 2329 4307 Ego
2363 4237 2506 4308 ipse,
2570 4252 2747 4308 quem
2794 4239 2851 4292 in
2921 4239 3143 4296 crimen
3189 4257 3381 4308 vocas,
3444 4241 3526 4297 sie
3557 4242 3665 4312 [AL
3710 4241 3867 4312 ideo]

2212 4323 2585 4396 septuaginta
2615 4324 2897 4382 Homilies
2957 4329 3084 4399 ejus
3130 4328 3426 4396 transtuli,
3459 4334 3518 4385 et
3573 4329 3868 4386 nonnulla

2214 4414 2283 4468 de
2311 4412 2531 4481 Tomis,
2566 4419 2629 4468 ut
2658 4419 2715 4470 et
2742 4415 2895 4471 mala
2925 4418 2984 4472 in
3043 4419 3330 4474 bonorum
3378 4419 3866 4492 interpretatione

453 4502 844 4574 Principatus,
904 4502 1362 4568 Dominationes,
1422 4503 1701 4570 Virtutes,
1754 4503 2099 4575 Potestatcs,
2134 4515 2180 4579 1)
2216 4501 2365 4557 505
2400 4502 2828 4572 subtraherem,
2870 4509 2928 4560 et
2993 4511 3191 4578 aperte
3242 4507 3299 4562 in
3361 4507 3528 4563 libris
3569 4507 3696 4582 περὶ
3735 4513 3863 4582 ’Δρ-

450 4588 867 4661 Archangelos,
899 4590 1174 4662 Angelos,
1229 4589 1552 4655 diabolum,
1613 4591 1927 4660 daemones,
1978 4597 2100 4651 ani-

454 4693 580 4733 mas
611 4675 876 4732 omnium
904 4678 1232 4745 hominum,
1268 4684 1384 4734 tam
1417 4679 1898 4752 Christianorum,
1922 4701 2101 4756 quam

455 4766 790 4824 Judaaorum
857 4770 915 4821 et
969 4765 1315 4833 Gentilium,
1394 4767 1570 4824 unius
1645 4771 1997 4828 conditionis
2047 4780 2102 4831 et

523 4947 539 4980 ¹
571 4945 708 5000 Mihi
742 4943 1054 5029 legendum
1082 4944 1390 5029 videtur‘in
1424 4946 1739 5029 accusandi
1760 4965 1932 5029 casu,
1958 4968 2097 5008 reos.

451 5032 704 5088 quorum
737 5015 882 5072 alios
915 5017 1239 5084 damnaret,
1275 5016 1419 5072 alios
1450 5017 1794 5074 absolveret.
1920 5015 1927 5018 ⁷

468 5087 716 5161 “’_Vide
747 5089 974 5161 quaeﬁde
1006 5088 1258 5161 singulis
1307 5088 1467 5161 hisce
1508 5089 1777 5161 Origenis
1805 5091 2103 5149 erroribus

451 5157 710 5240 diximus
735 5157 805 5240 ad
839 5157 1145 5232 TheOpbili
1178 5160 1547 5233 Synodicam,
1581 5157 1639 5217 et
1678 5161 1992 5234 Epistolam
2028 5166 2099 5220 ad

449 5231 707 5296 Avitum,
735 5234 846 5284 etc.
1006 5231 1018 5232 ί
1223 5231 1236 5233 “
1724 5231 1739 5234 ⁷

522 5299 543 5334 ³
577 5301 1138 5374 imposuitfortasse
1171 5303 1378 5358 Ruﬁno
1428 5319 1601 5374 prave
1630 5301 1984 5374 intellectus
2017 5305 2101 5362 lo-

451 5387 558 5428 cus
586 5371 698 5427 iste
731 5372 1034 5497 Epiphenii
1065 5373 1269 5429 haeres.
1320 5371 1573 5445 (BL—qua:
1614 5373 2100 5447 Origenianorum

451 5449 561 5497 est.
594 5457 759 5497 num.
791 5445 826 5497 6
867 5485 882 5497 .
917 5443 1016 5497 ubi
1046 5444 1353 5497 Origenem
1399 5447 1596 5497 insum
1648 5443 1994 5497 alloauens:
2039 5449 2099 5497 Εἰ

451 5449 561 5518 est,
594 5443 882 5518 num.’6§,
917 5443 1016 5518 ubi
1046 5444 1353 5518 Qrigenem
1399 5443 1596 5518 ipsum
1648 5443 1994 5518 alloquens:
2039 5449 2099 5502 Εἰ

456 5511 558 5591 γάρ
610 5515 748 5569 ἐστιν
818 5511 1017 5583 ἀληθὲς
1050 5514 1078 5566 ὃ
1137 5511 1260 5590 napi
1296 5519 1390 5568 σοῦ
1422 5511 1652 5584 ’ᾅδει-ηιμ
1687 5511 1801 5570 δυ’
1828 5516 2097 5605 ἑξακισχι-

456 5585 475 5605 K
499 5587 510 5605 Ι
643 5580 759 5605 ΛῙρἿ
789 5604 792 5605 ,
1101 5603 1109 5605 -
1138 5585 1149 5605 Ι
1171 5588 1181 5605 Ι
1339 5585 1363 5604 ν
1685 5586 1696 5605 Ι
1847 5589 1901 5605 n-

445 5580 609 5656 λιὸυς
643 5580 870 5672 βίϐλους
915 5580 1266 5664 ’συνεγράψὼ,
1325 5585 1370 5644 ὦ
1431 5580 1779 5663 ματαιοπόνε.
1838 5580 1901 5648 Si
1951 5580 2100 5652 enim

2213 4593 2328 4664 χῶν
2363 4591 2433 4646 ad
2495 4594 2923 4664 coarguendam
2984 4595 3430 4652 translationem
3486 4601 3676 4664 tuam,
3723 4597 3864 4669 quid

2213 4679 2393 4735 lector
2421 4680 2651 4748 vitaret,
2683 4683 3070 4738 ostenderem.
3105 4684 3208 4740 Vis
3254 4685 3560 4758 Origenem
3612 4685 3672 4740 in
3717 4686 3865 4742 Lati-

2215 4785 2356 4824 num
2386 4773 2643 4826 vertere?
2672 4769 2859 4827 Habes
2915 4771 3130 4828 multas
3188 4772 3462 4830 homilias
3509 4775 3640 4845 ejus
3685 4779 3747 4830 et
3775 4779 3864 4830 to-

2211 4966 2402 5005 verum
2457 4953 2555 5019 est,
2613 4949 2753 5022 quod
2820 4950 2884 5005 de
2959 4959 3013 5006 te
3082 4953 3410 5022 percrebuit,
3459 4969 3554 5008 seu
3595 4952 3864 5009 librorum

2212 5022 2397 5096 millia
2433 5039 2469 5096 α
2507 5031 2556 5077 te
2584 5025 3049 5096 esseconscripta,
3093 5040 3122 5078 0
3156 5025 3383 5094 infelix,
3414 5025 3510 5096 qui
3538 5026 3869 5096 inanissima

2212 5093 2518 5160 desudaris,
2545 5099 2652 5147 etc.
2688 5091 2990 5163 Nusquam
3043 5091 3239 5149 autem
3295 5091 3522 5152 aut'de
3572 5095 3862 5152 librorum

2213 5181 2485 5236 numero,
2531 5163 2845 5236 afﬁrmavit
2902 5164 3282 5236 Epiphanius,
3317 5172 3420 5224 aut
3447 5168 3693 5223 totidem
3729 5185 3763 5223 a
3803 5182 3862 5222 se

2210 5234 2596 5308 lectosgdixit.
2655 5234 3106 5308 lterumﬁi’nf‘ra,
3155 5242 3330 5308 atque
3389 5237 3529 5293 alibi
3588 5240 3861 5294 eamdem

2212 5305 2726 5378 hallucinationem
2760 5306 2832 5360 ab
2882 5307 3208 5378 Epiphanio
3236 5305 3419 5364 'cavet
3451 5310 3630 5378 Hier.,
3663 5316 3725 5366 et
3753 5315 3862 5366 Ru-

2212 5378 2326 5433 ﬁno
2359 5376 2685 5448 exprobrat.

2280 5450 2301 5481 ⁴
2329 5446 2659 5520 Alias__editi
2691 5463 2823 5503 cum
2869 5446 3227 5507 Coisliniano
3277 5469 3412 5520 ms.,
3445 5452 3732 5512 observari
3765 5453 3857 5509 do-

2210 5520 2309 5575 bet.
2357 5520 2416 5573 In
2453 5517 2868 5593 Hieronymum
2900 5524 3020 5576 tota
3048 5521 3248 5579 isthaec
3287 5517 3471 5580 oratio
3502 5529 3610 5581 est.
