4094 6166
288 311 402 377 48⁸1

1473 310 1785 379 CONTRA
1828 310 2189 377 RUFINUM
2228 311 2381 376 LIB.
2426 312 2506 377 Il.

3574 311 3696 377 438

289 463 390 503 nos
416 445 478 501 in
510 445 731 518 quibus
762 444 1004 502 moralis
1034 450 1317 502 tractatur
1345 446 1530 512 locus,
1580 451 1637 502 et
1667 447 1932 519 Scriptu-
1963 448 2013 513 Α
2046 446 2160 501 ritu
2208 450 2408 501 sancto
2460 446 2625 501 nisus
2674 446 2751 500 sit
2807 449 3167 501 commutare
3194 440 3221 514 ;’
3258 452 3455 502 tamen
3506 446 3692 503 multa

283 550 476 592 rarum
510 535 857 607 panduntur
888 535 1159 591 obscura.
1194 535 1325 590 Hec
1354 534 1779 607 interpretare:
1814 535 1935 590 hate

284 622 624 695 rogantibus
654 623 867 679 tribue.
904 624 1051 687 Quid
1084 623 1313 694 primus
1342 622 1508 678 labor
1549 627 1688 678 tuus
1732 622 1937 693 incipit

283 713 350 767 ab
380 710 673 767 infamia?
702 711 819 766 Cur
866 711 1261 768 translaturus
1309 711 1596 779 haeretica,
1639 712 1697 766 in
1732 711 1933 766 defen-

289 800 518 857 sionem
545 816 742 856 eorum
768 800 1078 872 praemittis
1109 799 1275 871 quasi
1310 801 1585 871 martyris
1614 800 1854 867 librum,
1878 804 1935 855 et

294 890 351 944 id
383 888 652 945 Romanis
680 888 922 944 auribus
944 888 1344 961 ingeris,quod
1379 889 1731 944 translatum
1764 893 1923 944 totus

296 977 454 1033 orbis
482 977 742 1048 expavit?
772 982 890 1033 Aut
939 982 1094 1034 certe
1143 978 1191 1033 si
1227 978 1361 1033 ideo
1409 977 1836 1049 interpretaris,
1870 980 1935 1033 ut

294 1081 420 1120 eum
450 1064 783 1120 haereticum
816 1078 1053 1136 arguas,
1092 1063 1237 1119 nihil
1283 1064 1355 1119 de
1402 1064 1598 1119 Graaco
1630 1068 1845 1130 mutes,
1879 1069 1936 1117 et

288 1154 391 1209 hoc
420 1153 613 1224 ipsum
647 1153 983 1224 praefatione
1014 1157 1249 1220 testare,
1282 1152 1439 1223 quod
1472 1152 1933 1223 prudentissime

278 1256 426 1314 papa
457 1242 811 1298 Anastasius
842 1242 901 1297 in
934 1240 1201 1313 epistola,
1228 1257 1408 1313 quam
1431 1244 1633 1296 contra
1654 1245 1710 1295 te
1731 1240 1935 1295 scribit

277 1332 346 1387 ad
397 1331 744 1403 episcopum
792 1331 1107 1398 Joannem,
1149 1346 1256 1386 suo
1296 1346 1567 1385 sermone
1594 1328 1934 1401 complexus

276 1424 381 1487 est,
412 1436 510 1475 me
568 1418 851 1487 liberans,
884 1420 986 1492 qui
1016 1419 1075 1474 id
1106 1418 1237 1487 feci,
1258 1423 1314 1474 et
1334 1423 1390 1474 te
1410 1434 1684 1490 arguens,
1717 1419 1817 1489 qui
1852 1418 1932 1472 fa-

278 1524 405 1565 cere
432 1507 700 1565 noluisti.
752 1514 832 1564 Ac
880 1525 952 1563 ne
1000 1508 1241 1564 forsitan
1292 1508 1403 1563 hoc
1449 1523 1682 1579 quoque
1733 1522 1931 1581 neges,

278 1598 501 1668 subjeoi
533 1597 870 1669 exemplum
902 1600 1032 1668 ejus
1068 1600 1078 1629 '
1107 1615 1119 1651 :
1157 1601 1220 1652 ut
1249 1596 1299 1651 si
1332 1613 1446 1651 non
1482 1596 1570 1650 vis
1601 1595 1803 1650 audire
1824 1595 1935 1650 fra-

280 1692 425 1744 trem
475 1690 838 1752 monentem,
887 1686 1093 1742 audias
1141 1686 1484 1758 episcopum
1533 1685 1934 1740 condemnan-

280 1782 395 1833 tem
426 1776 553 1847 [Αἰ.
587 1774 1090 1845 calumniantem].

340 1865 432 1921 45.
470 1864 704 1933 Ruﬁnus
735 1864 987 1934 Origenis
1015 1863 1272 1933 defensor
1316 1862 1604 1934 probatur.
1659 1862 1933 1918 Eusebius

276 1954 609 2009 Arianorum
635 1954 912 2024 princeps.
951 1953 1135 2022 Ruﬁni
1191 1954 1452 2023 praefatio
1500 1952 1564 2006 in
1619 1952 1937 2022 Apologiam

285 2041 568 2113 Pamphili
595 2056 688 2113 pro
719 2040 1060 2112 0rigene.—
1089 2040 1244 2095 Dicis
1291 2046 1347 2095 te
1396 2057 1511 2096 non
1560 2056 1689 2097 esse
1738 2041 1935 2097 delen-

292 2146 491 2186 sorem
523 2146 701 2201 neque
749 2134 1100 2186 assertorem
1156 2128 1457 2201 Origenis:
1501 2131 1628 2200 jam
1655 2134 1797 2185 tunc
1828 2130 1934 2185 tibi

285 2218 581 2291 proferam
610 2218 821 2274 librum
847 2223 1016 2274 tuum
1049 2219 1120 2273 de
1146 2235 1262 2290 quo
1295 2218 1353 2273 in
1395 2218 1620 2273 famosa
1658 2217 1760 2273 illa
1790 2235 1937 2289 pra:-

276 2308 610 2365 tatiuncula
640 2308 901 2380 praeclari
932 2307 1125 2379 operis
1155 2307 1239 2362 tui
1280 2306 1374 2362 his
1416 2307 1609 2362 verbis
1642 2307 1935 2379 loqueris:

290 2420 315 2447 α
345 2397 532 2465 Cujus
558 2397 908 2453 diversitatis
939 2412 1178 2451 causam
1211 2395 1440 2468 plenius
1489 2396 1594 2450 tibi
1647 2396 1703 2451 in
1748 2397 1938 2466 Apolo-

287 2488 479 2557 gdic’o,
515 2501 697 2557 quam
756 2485 1099 2558 Pamphilus
1156 2485 1215 2540 in
1271 2484 1439 2539 libris
1501 2484 1625 2539 suis
1683 2484 1939 2556 scripsit,

289 2575 589 2632 edidimus
636 2574 985 2631 brevissimo
1032 2573 1229 2629 libello
1277 2574 1676 2645 superaddito,
1726 2572 1785 2627 in
1827 2590 1941 2645 quo

290 2662 681 2729 evidentibus,
728 2667 793 2718 ut
840 2662 1108 2727 arbitror,
1158 2661 1577 2734 probamentis,
1638 2667 1941 2733 corruptos

291 2768 418 2810 esse
448 2751 509 2806 in
566 2750 1028 2823 quamplurimis
1079 2752 1150 2806 ab
1206 2749 1494 2806 haereticis
1542 2754 1598 2805 et
1644 2749 1942 2806 malevolis

292 2840 477 2895 libros
565 2840 695 2909 ejus
781 2839 1189 2905 ostendimus,
1275 2842 1333 2894 et
1416 2838 1699 2910 praecipue
1765 2839 1940 2907 istos,

293 2944 440 3001 quos
498 2945 658 2985 nunc
707 2928 892 3000 exigis
950 2932 1015 2983 ut
1076 2928 1452 2999 interpreter,
1524 2927 1581 2982 id
1650 2932 1757 2994 est,
1818 2928 1941 3003 περὶ

292 3020 511 3092 Δρχῶν.
543 3040 573 3068 ››
624 3017 751 3072 Non
801 3015 908 3071 tibi
968 3018 1282 3072 suffecerat
1325 3016 1583 3084 Eusebii,
1636 3016 1723 3071 vel
1794 3021 1944 3072 certe

293 3112 357 3163 ut
387 3112 451 3163 tu
482 3107 595 3173 vis,
629 3104 922 3176 Pamphili
954 3121 1057 3176 pro
1086 3104 1333 3177 Origene
1364 3105 1766 3172 defonsio,nisi
1787 3107 1942 3177 quod

2047 534 2104 587 in
2137 532 2236 587 illo
2268 532 2546 587 scandala
2572 534 2964 603 reperiuntur,
2999 538 3055 588 et
3092 535 3475 605 apertissima:
3524 536 3695 592 blas~

2044 620 2311 691 phemiaa,
2346 638 2472 691 quae
2506 622 2611 677 isle
2642 639 2749 677 sua
2796 620 3008 692 negare
3057 639 3171 676 non
3221 624 3452 693 poterit,
3485 624 3685 679 catho-

2042 708 2155 764 lica
2184 726 2311 765 esse
2341 711 2750 780 pronuntians.
2801 712 2944 766 Dicit
2991 710 3296 779 Eusebius,
3352 712 3468 767 imo
3512 714 3599 783 (ut
3626 717 3687 768 tu

2043 798 2150 868 vis)
2206 798 2543 869 Pamphilus
2599 799 2658 853 in
2706 799 2819 854 isto
2865 797 3182 864 volumine,
3235 799 3445 853 Filium
3502 800 3689 855 Patris

2042 886 2379 941 ministrum
2406 888 2455 940 ίε
2490 887 2771 959 Spiritum
2804 892 3071 943 sanctum
3103 904 3218 943 non
3251 889 3322 943 de
3353 889 3556 943 eadem
3589 893 3691 943 Pa-

2042 975 2147 1029 tris
2180 974 2424 1046 Filiique
2474 976 2843 1032 substantia:
2898 979 3127 1032 animas
3185 976 3494 1033 hominum
3563 976 3693 1048 lap-

2043 1080 2140 1119 sas
2172 1081 2299 1120 esse
2328 1065 2399 1119 de
2448 1064 2618 1120 coelo:
2672 1065 2814 1119 etin
2871 1065 2979 1121 hoc
3029 1067 3181 1137 quod
3233 1082 3439 1121 sumus
3487 1066 3557 1121 de
3587 1083 3691 1121 an-

2042 1152 2188 1223 gelis
2214 1154 2580 1221 commutati,
2618 1154 2676 1208 in
2721 1154 3086 1210 restitutione
3141 1154 3406 1209 omnium
3438 1154 3693 1227 aequales

2042 1246 2099 1295 et
2129 1241 2387 1314 angelos,
2420 1246 2476 1297 et
2506 1243 2818 1310 daemones,
2852 1247 2911 1299 et
2939 1244 3208 1298 homines
3244 1244 3359 1298 fore
3385 1248 3476 1309 ;et
3505 1244 3693 1301 multa

2042 1329 2157 1385 alia
2186 1335 2305 1385 tam
2338 1332 2521 1403 impia
2551 1335 2607 1386 et
2644 1332 2886 1397 nefaria,
2938 1348 3065 1403 quae
3096 1333 3269 1387 etiam
3304 1332 3586 1403 replicare
3616 1334 3694 1388 sit

2041 1418 2323 1475 criminis.
2360 1419 2505 1485 Quid
2542 1420 2712 1475 faciet
2752 1426 3007 1476 assertor
3055 1421 3342 1492 Origenis,
3398 1426 3453 1477 et
3509 1422 3689 1477 inter-

2040 1525 2173 1579 pres
2204 1507 2541 1579 Pamphili?
2591 1510 2649 1564 Si
2700 1510 2758 1563 in
2808 1510 2921 1579 his,
2973 1526 3100 1581 quae
3144 1510 3495 1575 emendavit,
3530 1513 3693 1566 tanta

2041 1596 2409 1668 blasphemia
2438 1601 2543 1663 est,
2581 1597 2800 1663 inillis,
2855 1615 2981 1669 quas
3032 1599 3105 1653 ab
3156 1598 3446 1654 haereticis
3477 1598 3689 1654 falsata

2038 1685 2336 1757 conﬁngit,
2373 1690 2595 1756 quanta
2644 1686 2951 1758 sacrilegia
3007 1687 3385 1741 continentur
3414 1687 3442 1741 ?
3513 1688 3693 1757 Cujus

2039 1775 2334 1847 opinionis
2365 1791 2603 1830 causam
2636 1775 2785 1830 hanc
2816 1775 3172 1847 suspicatur,
3198 1768 3350 1846 quod
3382 1776 3469 1829 vir
3500 1789 3690 1847 neque

2045 1863 2302 1929 stultus,
2351 1880 2539 1935 neque
2590 1864 2838 1919 insanus
2887 1865 3077 1919 dicere
3144 1865 3257 1920 sibi
3302 1864 3693 1937 repugnantia

2046 1969 2160 2008 non
2212 1952 2485 2023 potuerit.
2537 1954 2605 2007 Et
2655 1968 2727 2008 ne
2774 1953 3018 2008 forsitan
3069 1958 3415 2026 putaremus
3445 1954 3692 2008 diversis

2047 2058 2179 2096 eum
2214 2042 2374 2095 varia
2405 2041 2711 2113 scripsisse
2760 2042 3145 2113 temporibus,
3196 2047 3252 2097 et
3282 2060 3384 2114 pro
3425 2043 3698 2098 (statibus

2048 2129 2303 2186 edidisse
2331 2130 2645 2195 contraria,
2678 2130 2939 2185 addidit:
2985 2154 3013 2179 ‹‹
3047 2131 3195 2196 Quid
3228 2132 3499 2198 facimus,
3536 2132 3693 2203 quod

2046 2218 2343 2274 interdum
2373 2218 2434 2273 in
2466 2219 2686 2273 eisdem
2718 2218 2880 2285 locis,
2914 2224 3191 2290 atque,ut
3219 2219 3299 2274 ita
3328 2220 3599 2286 dixerim,
3633 2219 3693 2274 in

2050 2308 2429 2379 consequenti
2462 2324 2607 2379 pene
2638 2308 2825 2379 capite
2853 2309 3142 2363 sententia
3177 2309 3451 2363 contrarii
3483 2324 3695 2363 sensus

2050 2398 2340 2451 invenitur
2370 2396 2590 2451 inserta
2610 2396 2637 2449 ‘I
2666 2396 2942 2467 Nunquid
2970 2396 3029 2450 in
3075 2397 3277 2451 eodem
3313 2412 3485 2467 opere
3532 2397 3695 2466 ejus-

2049 2485 2181 2539 dem
2212 2482 2367 2548 libri,
2422 2487 2478 2537 et
2520 2483 2837 2547 interdum,
2891 2487 2956 2537 ut
3004 2484 3280 2550 diximus,
3342 2484 3540 2538 statim
3630 2483 3691 2537 in

2052 2570 2431 2642 consequenti
2490 2571 2763 2642 capitulo,
2826 2571 3045 2627 oblitus
3112 2572 3200 2627 sui
3274 2588 3402 2627 esse
3459 2571 3696 2642 potuit?

2051 2660 2227 2715 Verbi
2274 2659 2483 2732 gratia,
2517 2666 2581 2714 ut
2637 2660 2736 2731 qui
2785 2661 3058 2733 superius
3106 2661 3347 2727 dixerat,
3400 2674 3696 2732 nusquam

2052 2749 2300 2804 inveniri
2348 2750 2406 2802 in
2452 2748 2611 2803 omni
2655 2749 2979 2821 Scriptura,
3024 2750 3121 2804 ubi
3154 2750 3410 2821 Spiritus
3457 2753 3697 2805 auctus

2054 2841 2241 2895 factus
2273 2836 2360 2893 vel
2391 2842 2619 2892 creatus
2676 2853 2803 2893 esse
2851 2838 3157 2902 diceretur,
3228 2839 3505 2893 continuo
3556 2839 3696 2893 sub-

2045 2930 2271 3000 jiceret,
2302 2927 2452 2981 inter
2483 2930 2719 2981 caeteras
2753 2930 3050 2982 creaturas
3078 2928 3293 2982 factum
3350 2944 3477 2983 esse
3509 2928 3692 2999 Spiri-

2052 3023 2176 3073 tum
2211 3019 2479 3070 sanctum
2502 3015 2530 3068 ?
2564 3019 2678 3069 Aut
2708 3015 2940 3081 iterum,
2976 3015 3077 3087 qui
3108 3017 3335 3071 Patrem
3377 3020 3433 3072 et
3484 3016 3695 3072 Filium

2053 3106 2230 3162 unius
2263 3105 2623 3169 substantiae,
2659 3106 2811 3176 quod
2864 3105 3056 3160 Graece
3106 3103 3397 3175 ὁμοούσιον
3456 3105 3693 3175 dicitur,

293 3196 362 3253 ab
393 3195 514 3251 illis
544 3195 742 3250 minus
766 3194 989 3249 dictum
1020 3194 1291 3265 putabas,
1324 3198 1388 3249 tu
1421 3194 1589 3265 quasi
1623 3194 1944 3265 sapientior
1973 3177 2015 3243 Ο
2055 3194 2412 3267 designavit:
2448 3194 2505 3248 in
2537 3194 3033 3265 consequentibus
3065 3195 3266 3249 statim
3307 3194 3581 3266 capitulis
3612 3194 3697 3249 al-

292 3289 349 3341 et
376 3284 607 3339 doctior
644 3283 939 3341 adderes?
987 3282 1251 3355 Longum
1297 3286 1408 3349 est,
1467 3283 1516 3337 si
1550 3282 1723 3338 velim
1754 3287 1941 3338 totum

296 3373 520 3429 librum
554 3377 723 3427 tuum
756 3371 892 3426 huic
921 3371 1080 3443 operi
1111 3371 1384 3439 inserere,
1418 3375 1475 3426 et
1515 3371 1829 3443 propositis
1854 3388 1946 3427 ca-

296 3460 502 3534 pitulis
536 3461 607 3517 ad
638 3459 876 3532 singula
927 3460 1301 3532 respondere,
1359 3460 1499 3531 quid
1548 3460 1608 3515 in
1658 3460 1751 3516 his
1782 3461 1947 3516 vitio-

300 3564 439 3609 rum
481 3563 674 3603 sermo
717 3548 951 3615 habeat,
998 3548 1140 3619 quid
1194 3548 1631 3604 mendaciorum
1682 3549 1948 3615 assertio,

304 3636 454 3707 quid
506 3635 923 3708 inconsequens
970 3640 1163 3692 textus
1219 3638 1343 3707 ipse
1392 3637 1727 3692 verborum.
1789 3637 1952 3692 Unde

278 3724 605 3780 laciniosa
650 3724 1061 3797 disputationis
1108 3726 1344 3781 fastidia
1376 3725 1628 3797 fugiens,
1680 3730 1736 3781 et
1766 3725 1824 3780 in
1858 3741 1951 3780 ac-

298 3819 431 3870 tum
466 3813 640 3869 verba
668 3814 1069 3886 eompingens,
1098 3818 1331 3870 tantum
1385 3814 1661 3870 sensibus
1714 3830 1954 3886 respon-

294 3904 467 3961 debo.
503 3902 715 3959 Statim
776 3903 847 3957 de
894 3907 1064 3974 portu
1117 3902 1443 3975 egrediens,
1506 3919 1711 3957 navem
1772 3903 1955 3975 impe-

295 3992 401 4063 git.
445 3990 728 4047 Referens
773 3991 929 4046 enim
977 3991 1049 4046 de
1108 3990 1393 4062 Apologia
1449 3990 1741 4063 Pamphili
1796 4008 1956 4047 mar-

296 4081 443 4153 tyris
501 4080 709 4151 (quam
767 4094 876 4135 nos
932 4079 1189 4146 Eusebii,
1248 4080 1598 4134 Arianorum
1649 4079 1957 4151 principis,

298 4168 707 4241 probavimus)
736 4167 808 4222 de
836 4183 955 4238 qua
982 4166 1222 4234 dixerat,
1258 4168 1437 4223 Prout
1467 4167 1791 4239 potuimus,
1811 4168 1962 4224 506

303 4256 393 4313 vel
423 4273 523 4312 res
557 4256 847 4328 poposcit,
899 4256 1103 4311 Latino
1154 4244 1423 4312 sermone
1466 4257 1841 4328 digessimus,
1874 4258 1964 4312 in-

302 4345 481 4402 tulit:
520 4344 732 4401 «Illud
764 4350 872 4411 est,
907 4346 1085 4416 quod,
1123 4345 1546 4402 desideriorum
1599 4346 1686 4400 vir
1730 4346 1964 4414 Macari,

312 4440 370 4491 te
403 4432 779 4489 admonitum
807 4432 954 4500 volo,
1008 4438 1074 4488 ut
1118 4433 1275 4489 scias
1321 4433 1472 4489 hanc
1531 4434 1771 4505 quidem
1832 4434 1967 4489 ﬁdei

303 4520 599 4594 regulam,
632 4537 812 4593 quam
846 4522 915 4577 de
950 4520 1119 4578 libris
1167 4523 1296 4593 ejus
1346 4538 1527 4593 supra
1566 4524 1965 4594 exposuimus,

308 4626 438 4669 esse
471 4609 807 4681 talem,quze
837 4614 895 4665 et
923 4609 1334 4681 amplectanda
1383 4614 1441 4665 et
1473 4612 1725 4666 tenenda
1769 4612 1865 4667 sit.
1902 4612 1965 4667 In

310 4699 592 4754 omnibus
620 4700 778 4754 enim
812 4698 905 4753 his
935 4698 1289 4753 catholicum
1322 4699 1513 4754 inesse
1568 4716 1808 4755 sensum
1852 4699 1965 4755 evi-

312 4787 518 4842 denter
540 4788 843 4859 probatur.
869 4810 897 4837 »
931 4788 1208 4851 Quamvis
1240 4787 1311 4842 de
1341 4788 1575 4842 Eusebii
1605 4788 1750 4844 libro
1782 4787 1968 4843 multa

312 4875 693 4943 subtraxerit,
727 4879 785 4930 et
824 4875 883 4931 in
929 4875 1146 4931 bouam
1191 4879 1413 4947 partem
1445 4877 1517 4931 de
1562 4876 1705 4932 Filio
1758 4881 1814 4932 et
1842 4877 1967 4949 Spi-

387 5129 403 5162 ¹
434 5126 597 5184 Hanc
628 5125 935 5202 epistolam
986 5128 1137 5185 infra
1161 5147 1290 5202 suo
1321 5126 1447 5186 loco
1496 5129 1866 5185 adnectimus
1897 5130 1971 5185 ad

317 5199 974 5274 Hieronymi'mentem,
1006 5202 1107 5273 qui
1139 5201 1302 5257 illam
1332 5220 1365 5258 a
1395 5219 1457 5257 se
1487 5202 1838 5273 descriptam
1858 5202 1970 5257 Ru-

320 5272 440 5356 ﬁn_o
453 5272 709 5356 “in—gerit;

387 5345 411 5377 ²
445 5344 653 5399 Filium
680 5346 863 5399 Patris
890 5346 1235 5400 ministrum.
1264 5350 1351 5399 Ita
1390 5344 1701 5417 legendum
1762 5346 1975 5400 docent

316 5431 528 5470 omnes
571 5416 753 5471 nostri
814 5433 958 5471 mss.
1018 5418 1282 5472 codices:
1338 5416 1684 5471 nec’veram
1721 5417 1975 5471 retinent

318 5485 996 5569 libri_lectionem
1056 5486 1416 5569 Hieronymi,
1472 5488 1587 5569 qui
1632 5504 1748 5542 non

316 5557 453 5629 Filii
481 5563 531 5614 et
565 5559 752 5613 Patris
782 5557 1705 5629 ministrumSpiritumsaiwtum,
1751 5560 1851 5613 sed
1885 5558 1975 5611 Fi-

319 5627 473 5688 lium
502 5629 695 5687 Patris
726 5627 1068 5685 ministrum
1100 5627 1321 5686 dictum
1354 5627 1534 5685 fuisse
1582 5630 1655 5687 ab
1702 5629 1972 5689 Eusebio.

646 5756 916 5823 Parant.
962 5753 1187 5823 XXIII.

2056 3282 2237 3339 terius
2268 3298 2394 3338 esse
2444 3283 2783 3337 substantiae
2835 3287 2891 3336 et
2934 3287 3195 3338 creatum
3238 3287 3463 3354 poterat
3511 3282 3703 3339 dicere

2057 3389 2214 3439 eum,
2249 3387 2423 3443 quem
2457 3371 2631 3443 paulo
2658 3375 2789 3426 ante
2836 3372 2906 3426 de
2949 3372 3078 3443 ipsa
3109 3376 3318 3427 natura
3369 3372 3467 3427 Dei
3513 3372 3703 3428 Patris

2059 3460 2538 3534 pronuntiaverat
2572 3464 2775 3515 natum
2799 3461 2826 3515 ?
2859 3482 2886 3509 ››

2136 3552 2218 3605 16.
2256 3550 2518 3605 Eusebius
2554 3553 2605 3604 et
2650 3549 2915 3621 Didymus
2962 3551 3019 3603 in
3054 3550 3303 3619 Origenis
3351 3552 3487 3604 scita
3516 3565 3709 3605 conce-

2060 3640 2221 3695 dunt.
2256 3669 2324 3679 —
2356 3638 2484 3692 Hinc
2517 3637 2703 3709 ipsius
2735 3638 2910 3691 verba
2942 3642 3097 3704 sunt,
3131 3653 3338 3707 negare
3388 3638 3533 3692 507
3594 3653 3710 3692 non

2063 3731 2273 3800 potest.
2316 3726 2457 3781 Nolo
2511 3727 2709 3781 dicas:
2769 3725 2943 3779 Verbi
3004 3742 3201 3793 causa,
3256 3730 3321 3779 ut
3377 3726 3477 3795 qui
3539 3741 3711 3796 supe-

2064 3816 2187 3872 rius
2217 3815 2463 3882 dixerat,
2498 3815 2596 3869 sed
2628 3814 2825 3885 ipsum
2855 3815 3071 3868 librum
3105 3815 3363 3877 nomina,
3418 3814 3517 3869 ubi
3550 3813 3716 3886 prius

2066 3906 2213 3961 bene
2246 3903 2473 3970 dixerit,
2508 3907 2564 3957 et
2596 3907 2797 3974 postea
2844 3902 3018 3971 male,
3075 3902 3175 3957 ubi
3225 3903 3508 3975 Spiritum
3551 3919 3720 3959 sane-

2068 3998 2194 4047 tum
2226 3996 2281 4047 et
2314 3991 2524 4047 Filium
2562 3992 2633 4047 de
2677 3992 2776 4047 Dei
2826 3992 3011 4047 Patris
3061 3993 3325 4048 scribens
3370 4009 3496 4049 esse
3548 3993 3720 4048 subs-

2071 4082 2284 4147 tantia,
2318 4080 2516 4136 statim
2536 4082 2594 4134 in
2621 4081 3114 4151 consequentibus
3135 4083 3456 4137 asscruerit
3488 4086 3722 4137 creatu-

2073 4189 2187 4226 ras.
2225 4170 2471 4226 Necisne
2503 4186 2595 4224 me
2638 4170 2903 4242 Origenis
2947 4170 3163 4225 habere
3210 4170 3455 4225 omnia?
3512 4169 3723 4240 legisse

2074 4258 2513 4331 quamplurima
2536 4259 2562 4313 ?

2143 4365 2222 4415 Ad
2252 4365 2512 4429 populum
2560 4365 2821 4430 phaleras,
2860 4379 2959 4427 ego
2990 4369 3041 4415 te
3070 4365 3231 4430 intus,
3264 4370 3315 4415 et
3344 4366 3399 4413 in
3431 4368 3550 4414 cute
3581 4364 3725 4413 novi.

2885 4430 3127 4489 (Paasws,
3160 4428 3269 4477 Sat.
3303 4430 3372 4490 3).

1998 4546 2045 4610 D
2079 4524 2180 4580 Vir
2212 4525 2591 4581 doctissimus
2641 4527 2932 4583 Eusebius
2972 4525 3403 4595 (doctissimum
3435 4526 3574 4590 dixi,
3610 4540 3725 4580 non

2077 4613 2456 4682 catholicum,
2490 4632 2583 4687 ne,
2617 4632 2777 4671 more
2810 4616 3159 4682 solito,mihi
3191 4621 3247 4671 et
3276 4617 3332 4671 in
3365 4616 3474 4671 hoc
3506 4615 3730 4670 calum-

2078 4703 2235 4757 niam
2269 4705 2486 4774 struas)
2520 4721 2621 4773 per
2651 4722 2750 4760 sex
2774 4706 3072 4760 volumina
3103 4705 3248 4760 nihil
3272 4705 3427 4760 aliud
3462 4705 3601 4775 agit,
3636 4702 3726 4756 ni-

2077 4790 2127 4846 si
2161 4795 2222 4845 ut
2252 4791 2559 4863 Origenem
2594 4810 2711 4848 suae
2744 4794 3014 4849 ostendat
3063 4795 3216 4860 ﬁdei,
3250 4793 3307 4847 id
3355 4797 3461 4859 est,
3497 4791 3724 4845 Arianae

2078 4880 2353 4952 perﬁdiae.
2388 4881 2455 4935 Et
2477 4881 2664 4936 multa
2696 4882 2860 4952 ponit
2889 4882 3173 4952 exempla,
3204 4886 3259 4936 et
3302 4881 3410 4935 hoc
3451 4883 3727 4936 constan-

2081 5131 2512 5204 Spiritumﬁvero
2545 5134 2819 5186 sanctum
2850 5146 3124 5204 non‘esse
3156 5130 3226 5184 de
3256 5129 3446 5204 Patris
3478 5130 3728 5204 Filyiique

2081 5201 2430 5259 substantia.
2490 5206 2773 5256 MARTIAN.
2836 5232 2903 5241 —
2974 5201 3211 5257 Veteres
3267 5201 3426 5269 editi,
3485 5203 3619 5257 Filii
3674 5206 3730 5258 et

2082 5278 2264 5330 Patris
2293 5276 2610 5329 ministrum
2639 5274 2907 5344 Spiritum
2938 5276 3205 5327 sanctum.
3240 5274 3407 5328 Forte
3441 5274 3730 5345 scriptum

2084 5348 2320 5417 quidem
2356 5346 2481 5408 fuit,
2514 5346 2723 5400 Filium
2757 5346 2935 5398 Patris
2966 5346 3441 5417 ministrumfilii
3460 5347 3733 5417 Spiritum

2083 5415 2352 5481 sanctum,
2389 5433 2491 5470 non
2525 5417 2591 5470 de
2618 5417 2811 5488 eadem
2864 5422 2971 5471 etc.
3008 5416 3392 5488 Hieronymus
3432 5415 3606 5487 paulo
3637 5433 3734 5488 su-

2126 5505 2234 5543 ra:
2269 5511 2295 5536 ‹‹
2348 5488 2615 5558 Origenis
2672 5487 2793 5558 haec
2852 5488 3102 5542 maxime
3151 5488 3454 5543 haeretica:
3507 5488 3605 5542 Dei
3640 5487 3730 5541 Fi-

2126 5506 2234 5543 ra:
2269 5511 2295 5536 ‹‹
2348 5506 2615 5558 urigenis
2672 5506 2793 5541 nate
2852 5506 3102 5542 maxime
3151 5506 3454 5543 ncereuca:
3507 5506 3605 5542 U81
3640 5506 3726 5541 ri-

2083 5506 2227 5614 Fium
2279 5564 2628 5629 creaturam,
2687 5557 2908 5634 Spiritu
2977 5564 3245 5615 sanctum
3304 5559 3666 5630 ministrum,
3702 5580 3726 5612 ι

2084 5634 2193 5688 etc.

3340 5754 3419 5835 15
