4094 6166
366 324 485 387 439

1599 324 1660 386 S.
1709 321 2022 386 EUSEBII
2065 321 2537 387 HIERONYMI.

3650 320 3770 383 460

367 460 457 509 ter
485 454 712 525 probat.
743 452 872 509 Tibi
905 468 1040 527 ergo
1071 454 1129 509 in
1179 471 1294 527 quo
1353 455 1580 511 somnio
1641 454 2016 511 Alexandrini
2044 455 2100 520 Α
2133 472 2246 528 quo
2278 455 2571 526 similiter,
2604 458 2670 511 ut
2697 455 2757 511 in
2788 455 2880 512 his
2912 471 3060 528 quos
3091 471 3271 528 supra
3301 451 3580 524 diximus,
3613 469 3773 524 que-

368 541 619 599 carceris
651 541 972 598 revelatum
1004 547 1113 612 est,
1145 548 1211 598 ut
1243 560 1369 614 quae
1402 543 1498 599 ille
1525 559 1663 599 vera
1694 544 2013 615 proﬁtetur,

369 631 580 687 falsata
609 631 954 703 contingas?
1002 631 1113 687 Sed
1169 632 1409 687 forsitan
1458 633 1574 701 hic,
1628 636 1694 686 ut
1743 631 2016 700 Arianus,

371 720 445 775 ab
475 719 762 775 haereticis
794 719 1012 786 addita,
1045 721 1105 774 in
1136 721 1498 776 occasionem
1535 721 1625 776 sui
1657 721 1832 775 traxit
1863 736 2018 776 erro-

375 809 477 877 ris,
511 825 583 865 ne
613 807 776 864 solus
805 807 958 864 male
989 808 1244 865 sensisse
1297 814 1498 865 contra
1548 809 1862 864 Ecclesiam
1911 827 2018 881 pu-

374 903 617 955 taretur.
689 897 839 963 Quid
907 898 1334 970 respondemus
1402 915 1504 970 pro
1571 898 1849 969 Didymo,
1919 897 2019 968 qui

375 991 532 1044 certe
563 987 624 1042 in
691 985 972 1042 Trinitate
1039 986 1361 1042 catholicus
1399 987 1536 1042 est?
1597 986 1778 1057 Cujus
1843 985 2018 1041 etiam

376 1094 483 1134 nos
532 1077 602 1132 de
655 1075 874 1147 Spiritu
921 1080 1125 1131 sancto
1174 1075 1391 1131 librum
1458 1076 1519 1130 in
1583 1075 1849 1130 Latinam
1915 1073 2022 1129 lin-

375 1181 553 1238 guam
591 1163 874 1220 vertimus
941 1164 1061 1235 (Vid
1121 1165 1333 1236 supra).
1397 1163 1559 1219 Certe
1623 1163 1720 1218 hic
1777 1163 1836 1218 in
1905 1163 2019 1227 his,

376 1271 504 1326 quae
552 1254 624 1310 ab
674 1253 961 1308 haereticis
1011 1252 1070 1307 in
1157 1252 1426 1325 Origenis
1493 1252 1768 1325 operibus
1826 1251 2028 1306 addita‘

377 1348 536 1411 sunt,
603 1342 932 1399 consentire
997 1358 1112 1397 non
1182 1341 1408 1414 potuit;
1477 1346 1534 1396 et
1596 1341 1654 1396 in
1718 1341 1864 1413 ipsis
1897 1340 2020 1410 περὶ

378 1433 618 1508 ’Δρχῶν,
669 1448 816 1503 quos
871 1435 934 1486 tu
993 1431 1409 1501 interpretatus
1475 1447 1537 1485 es
1600 1428 1790 1498 libris,
1822 1430 2023 1485 breves

378 1522 617 1579 dictavit
661 1518 1204 1586 Commentariolos,
1259 1518 1473 1590 quibus
1519 1535 1632 1574 non
1685 1522 1919 1590 negaret
1951 1517 2022 1572 ab

379 1611 626 1682 Origene
657 1608 894 1680 scripta,
928 1624 1055 1679 quae
1087 1607 1307 1679 scripta
1355 1611 1490 1662 sunt
1519 1623 1531 1660 :
1587 1607 1686 1662 sed
1737 1623 1844 1661 nos
1876 1605 2020 1662 sim-

379 1699 561 1772 plices
589 1696 858 1752 homines
880 1712 996 1751 non
1043 1713 1216 1768 posse
1263 1694 1605 1766 intelligere,
1651 1711 1778 1766 quae
1818 1695 2020 1750 dicun-

2129 545 2264 600 dam
2301 544 2607 600 diversitas
2638 545 2952 613 invenitur,
3003 546 3160 601 istud
3211 561 3325 599 non
3366 541 3620 599 sufﬁciat
3649 557 3774 597 sen-

2128 633 2258 700 tire,
2289 635 2441 705 quod
2474 635 2543 688 de
2573 635 2966 704 praejudicatis
3003 636 3128 706 jam
3176 631 3476 688 catholicis
3524 629 3778 686 sentitur

2129 721 2216 776 vel
2267 721 2617 794 intelligitur
2679 722 2840 789 viris,
2912 740 2982 778 ne
3047 721 3224 777 simili
3288 737 3498 786 causai,
3565 717 3777 774 similis

2131 810 2388 866 sufﬁciat
2435 811 2750 866 excusatio.
2805 833 2832 861 »
2889 811 2948 867 Si
2999 810 3359 878 conceditur,
3395 812 3462 864 ut
3491 807 3777 880 quidquid

2130 899 2189 953 in
2224 899 2387 954 libris
2446 899 2682 954 noxium
2737 900 3084 971 reperitur‘,
3131 899 3202 954 ab
3253 897 3383 954 aliis
3431 900 3775 968 corruptum

2132 988 2208 1042 sit
2238 989 2343 1058 [AL
2377 987 2434 1042 id
2463 988 2512 1043 si
2542 987 2621 1042 ita
2652 992 2741 1043 est
2772 986 2940 1054 nihil,
2999 987 3146 1059 sic],
3193 986 3339 1042 nihil
3398 1001 3603 1042 eorum
3650 984 3780 1052 erit,

2132 1093 2384 1148 quorum
2420 1077 2602 1132 fertur
2633 1077 3007 1145 nominibus;
3042 1078 3143 1132 sed
3177 1076 3269 1132 his
3319 1073 3716 1148 deputabitur,
3747 1090 3780 1129 a

2133 1165 2346 1236 quibus
2375 1164 2590 1220 dicitur
2620 1181 2748 1221 esse
2765 1165 3431 1236 vitiatum.Quamquam
3457 1168 3514 1220 et
3541 1163 3777 1218 illorum

2133 1271 2243 1309 non
2280 1253 2406 1318 erit,
2435 1270 2684 1324 quorum
2736 1253 2959 1310 incerta
3010 1258 3150 1309 sunt
3177 1253 3454 1310 nomina:
3491 1256 3669 1324 atque
3701 1251 3784 1307 ita

2133 1343 2253 1408 ﬁet,
2305 1347 2370 1396 ut
2417 1343 2559 1397 dum
2600 1342 2864 1398 omnium
2911 1343 3112 1398 omnia
3159 1347 3318 1410 sunt,
3355 1341 3500 1397 nihil
3532 1340 3782 1412 alicujus

2133 1430 2228 1485 sit.
2281 1430 2396 1485 Hac
2445 1430 2803 1486 defensionis
2850 1430 3289 1503 perturbatione
3347 1447 3453 1486 nec
3502 1429 3777 1496 Marcion,

2133 1534 2240 1574 nec
2270 1517 2755 1587 Manichaausmec
2787 1519 3106 1588 Arius,nec
3157 1518 3477 1574 Eunomius
3522 1516 3783 1574 accusari

2134 1609 2443 1678 poterunt:
2479 1606 2616 1677 quia
2647 1605 2934 1678 quidquid
2969 1623 3075 1662 nos
3107 1607 3179 1662 ab
3211 1607 3304 1662 bis
3351 1606 3530 1678 impie
3559 1605 3784 1662 dictum

2134 1695 2542 1765 objecerimus,
2575 1693 2848 1766 discipuli
2898 1695 3356 1768 respondebunt,
3408 1711 3524 1750 non
3573 1711 3608 1750 a
3655 1711 3784 1750 ma-

377 1793 509 1843 tur:
545 1789 746 1857 etquo
778 1784 1260 1840 sensuinbonam
1289 1789 1512 1856 partem
1540 1783 1721 1855 accipi
1753 1784 2020 1850 debeant,
2053 1819 2101 1883 B
2135 1783 2336 1856 gistris
2397 1784 2520 1838 suis
2577 1784 2800 1839 editum
2860 1782 2970 1856 [Αι.
3031 1784 3300 1849 dictum],
3361 1784 3463 1839 sed
3527 1783 3599 1838 ab
3668 1782 3782 1838 ini-

377 1874 727 1948 persuadere
781 1876 1040 1928 conatur.
1109 1871 1226 1927 Hoc
1277 1872 1563 1927 duntaxat
1618 1872 1688 1926 de
1757 1871 1899 1926 Filio
1965 1875 2022 1926 et

378 1963 600 2036 Spiritu
647 1965 870 2018 sancto.
917 1959 1200 2016 Czeterum
1248 1960 1308 2015 in
1367 1959 1498 2015 aliis
1545 1960 1919 2031 dogmatibus
1969 1963 2025 2014 et

377 2052 667 2109 Eusebius
732 2054 788 2106 et
853 2049 1136 2122 Didymus
1193 2049 1560 2121 apertissime
1633 2049 1692 2103 in
1760 2048 2025 2120 Origenis

378 2141 526 2198 scita.
590 2139 936 2206 concedunt,
997 2143 1053 2194 et
1109 2138 1265 2209 quod
1333 2153 1538 2193 omnes
1604 2136 1868 2192 Ecclesia:
1936 2153 2024 2192 re-

378 2229 648 2303 probant,
715 2225 997 2283 catholico
1063 2229 1121 2281 et
1185 2225 1276 2298 pie
1345 2225 1565 2280 dictum
1635 2241 1762 2281 esse
1829 2225 2026 2280 defen-

381 2321 548 2375 dunt

452 2409 540 2462 17.
594 2406 826 2477 Ruﬁnus
866 2405 934 2460 de
976 2404 1378 2460 adulteratione
1437 2404 1707 2460 librorum
1755 2403 2025 2473 Origenis.

378 2528 446 2540 -—
477 2495 791 2554 Videamus
842 2497 1060 2561 tamen,
1113 2493 1328 2564 quibus
1373 2491 1736 2565 argumentis
1783 2492 2030 2563 probare

382 2586 605 2642 nitatur
667 2581 932 2654 Origenis
1001 2582 1072 2637 ab
1139 2581 1431 2636 haereticis
1503 2581 1723 2652 scripta
1791 2580 2027 2635 vitiata.

382 2673 728 2742 «Clemens,
777 2670 992 2741 inquit,
1049 2669 1448 2741 apostolorum
1519 2669 1864 2739 discipulus,
1930 2668 2030 2740 qui

382 2762 654 2816 Romanis
721 2757 986 2814 Ecclesize
1053 2763 1186 2830 post
1255 2756 1550 2829 apostolos
1599 2757 1910 2828 episcopus
1977 2762 2033 2812 et

381 2853 605 2921 martyr
634 2847 763 2916 fuit,
817 2845 998 2902 libros
1051 2846 1286 2915 edidit‘,
1337 2845 1436 2918 qui
1485 2844 1859 2917 appellantur
1905 2845 2028 2897 ἀνα-

381 2933 719 3014 γνωρισμός,
772 2937 829 2992 id
879 2940 986 3004 est,
1043 2935 1363 3006 recognitio,
1411 2934 1470 2988 in
1521 2931 1737 3005 quibus
1786 2949 1918 2988 cum
1964 2949 2032 2989 ex

383 3043 635 3102 persona
669 3025 822 3081 Petri
868 3023 1114 3097 apostoli
1165 3023 1448 3090 doctrina,
1499 3022 1666 3093 quasi
1715 3038 1847 3077 vere
1892 3039 2029 3093 apo-

384 3116 590 3173 stolica
632 3115 691 3170 in
743 3112 1200 3185 quamplurimis
1247 3115 1605 3184 exponetur:
1641 3109 1701 3164 in
1732 3110 2028 3181 aliquibus

2137 1871 2305 1927 micis
2372 1889 2500 1928 esse
2566 1872 2868 1928 violatum.
2938 1871 3056 1927 Hoc
3121 1888 3331 1944 genere
3383 1876 3440 1927 et
3505 1871 3613 1927 iste
3663 1871 3788 1943 ipse

2137 1966 2272 2016 tuus
2307 1959 2475 2029 liber,
2507 1965 2646 2016 tuus
2705 1977 2818 2016 non
2875 1961 3006 2026 erit,
3057 1961 3157 2017 sed
3199 1960 3440 2016 forsitan
3495 1976 3679 2016 meus.
3717 1959 3789 2014 Et

2136 2065 2304 2104 meus
2335 2047 2502 2115 liber,
2537 2065 2651 2120 quo
2683 2049 2788 2104 tibi
2819 2053 3132 2104 accusatus
3165 2049 3560 2120 respondeo,si
3591 2048 3652 2104 in
3682 2047 3785 2106 illo

2136 2137 2356 2208 aliquid
2389 2137 2852 2209 reprehenderis,
2885 2155 3000 2194 non
3033 2138 3142 2192 erit
3172 2154 3361 2204 meus,
3415 2138 3515 2194 sed
3557 2141 3722 2204 tuus,
3754 2155 3788 2194 a

2136 2243 2251 2297 quo
2301 2225 2768 2298 reprehenditur.
2818 2227 2886 2281 Et
2934 2227 3075 2281 dum
3124 2227 3323 2282 omnia
3366 2227 3438 2282 ad
3488 2226 3789 2282 haereticos

2140 2315 2342 2380 refers,
2375 2315 2517 2386 quid
2550 2313 2966 2371 ecclesiasticis
2986 2316 3456 2388 tribues,quibus
3486 2317 3788 2389 proprium

2144 2403 2291 2458 nihil
2323 2402 2650 2476 relinquis?
2677 2404 2742 2458 Et
2773 2405 3089 2476 quomodo,
3123 2404 3376 2476 inquies,
3410 2405 3469 2460 in
3502 2403 3668 2461 libris
3693 2420 3789 2460 eo-

2143 2511 2274 2549 rum
2305 2492 2512 2548 vitiosa
2537 2492 2823 2548 nonnulla
2875 2493 3062 2548 sunt?
3110 2493 3170 2548 Si
3217 2510 3309 2549 me
3357 2510 3565 2549 causas
3623 2492 3792 2549 vitio-

2140 2599 2270 2637 rum
2304 2581 2529 2636 nescire
2545 2582 2919 2653 respondero,
2953 2598 3067 2636 non
3095 2580 3294 2637 statim
3326 2581 3458 2638 illos
3487 2581 3790 2638 hiereticos

2131 2670 2430 2742 judicabo.
2468 2669 2613 2725 Fieri
2672 2670 2829 2726 enim
2895 2675 3102 2742 potest,
3173 2674 3238 2725 ut
3301 2669 3404 2725 vel'
3447 2669 3795 2742 simpliciter

2141 2759 2484 2824 erraverint,
2539 2758 2688 2815 509
2740 2759 2828 2814 vel
2875 2758 2986 2814 alio
3037 2776 3214 2815 sensu
3248 2758 3608 2830 scripserint,
3633 2757 3726 2814 vel
3757 2776 3796 2814 θ.

2138 2845 2394 2901 librariis
2426 2845 2714 2917 imperitis
2749 2863 2952 2902 eorum
2977 2846 3261 2920 paulatim
3297 2848 3516 2919 scripta
3547 2864 3790 2920 corrup-

2140 2939 2200 2990 ta
2231 2935 2370 2989 sint.
2403 2933 2504 2989 Vel
2554 2939 2706 2990 certe
2762 2939 3075 3006 antequam
3124 2936 3182 2989 in
3225 2935 3573 2992 Alexandria
3618 2935 3794 3008 quasi

2140 3022 2497 3078 daemonium
2533 3023 2923 3078 meridianum
2956 3025 3132 3080 Arius
3154 3025 3796 3091 nasceretur,innocen-

2143 3117 2232 3168 ter
2277 3113 2546 3183 quaedam
2602 3117 2658 3167 et
2707 3113 2906 3168 minus
2953 3118 3086 3169 ante
3135 3113 3310 3169 locuti
3359 3120 3517 3181 sunt,
3568 3119 3626 3170 et
3662 3131 3796 3185 qua:

393 3204 477 3259 ita
504 3202 774 3258 Eunomii
807 3202 1024 3274 dogma
1052 3201 1460 3266 inseritur',ut
1490 3197 1635 3253 nihil
1667 3198 1825 3254 aliud
1857 3215 2034 3270 quam
2068 3205 2109 3270 C
2149 3216 2263 3255 non
2323 3199 2551 3271 possint
2607 3216 3012 3271 perversorum
3070 3201 3377 3257 hominum
3435 3202 3798 3273 calumniam

395 3292 522 3364 ipse
590 3290 910 3346 Eunomius
959 3289 1261 3360 disputare
1327 3289 1616 3354 credatur,
1664 3288 1873 3342 Filium
1941 3287 2040 3343 Dei

394 3382 655 3437 creatum
688 3377 838 3435 508
867 3378 939 3433 de
978 3375 1159 3432 nullis
1206 3376 1568 3433 exstantibus
1614 3393 1976 3433 asseverans.
2011 3399 2039 3425 »

393 3469 462 3524 Et
491 3471 627 3541 post
656 3466 789 3534 alia,
822 3483 949 3538 quae
1002 3464 1291 3538 prolixum
1339 3470 1428 3521 est
1475 3465 1764 3521 scribere:
1801 3489 1827 3514 «
1865 3465 2034 3531 Quid,

391 3572 610 3630 quaso,
643 3556 744 3622 ait,
777 3555 847 3610 de
879 3555 970 3610 his
1019 3553 1392 3610 sentiendum
1436 3559 1544 3618 est,
1598 3555 1751 3625 quod
1805 3557 2035 3625 aposto-

390 3646 541 3703 licus
569 3646 700 3702 vir'
729 3645 1002 3700 haeretica
1051 3643 1396 3716 scripserit?
1444 3646 1530 3698 An
1582 3643 1638 3698 id
1683 3643 1876 3715 potius
1909 3659 2036 3698 cre-

389 3735 671 3802 dendum,
722 3733 876 3806 quod
919 3731 1173 3805 perversi
1217 3731 1484 3788 homines
1536 3732 1607 3786 ad
1653 3732 2034 3786 assertionem

388 3825 733 3897 dogmatum
755 3838 996 3879 suorum
1021 3822 1132 3877 sub
1153 3821 1408 3876 virorum
1427 3819 2031 3887 sanctorumnomine,

387 3915 674 3984 tauquam
705 3910 934 3966 facilius
964 3909 1270 3976 credenda,
1305 3909 1749 3965 interseruerint
1785 3926 1872 3973 ea,
1906 3925 2032 3980 quis

390 3999 478 4056 illi
510 4016 616 4056 nec
654 3999 930 4065 sensisse,
972 4015 1077 4054 nec
1116 3998 1425 4069 scripsisse
1473 3998 1741 4054 credendi
1789 4001 1971 4053 sunt?
2005 4020 2031 4046 »

389 4088 744 4146 Clementem
777 4104 1011 4160 quoque
1040 4086 1440 4143 Alexandrina:
1487 4087 1752 4143 Ecclesiae
1792 4086 2028 4158 presby-

388 4183 602 4246 terum,
651 4177 841 4234 virum
891 4176 1266 4244 catholicum,
1315 4176 1520 4232 scribit
1583 4175 1643 4229 in
1699 4174 1865 4229 libris
1903 4175 2029 4229 suis

385 4267 682 4323 interdum
704 4265 805 4323 Dei
831 4265 1037 4321 Filium
1072 4265 1260 4320 dicere
1289 4270 1573 4334 creatum,
1605 4272 1657 4318 et
1689 4261 2027 4334 Dionysium

379 4357 741 4413 Alexandriae
785 4355 948 4411 urbis
992 4355 1330 4427 episcopum
1359 4394 1372 4420 ,
1437 4355 1628 4408 virum
1696 4351 2024 4406 eruditissi-

376 4463 564 4513 mum,
587 4449 789 4501 contra
819 4443 1135 4499 Sabellium
1177 4447 1429 4514 quatuor
1473 4439 1874 4496 voluminibus
1901 4439 2024 4495 dis-

377 4538 706 4608 putantem,
752 4533 811 4634 in
862 4532 1141 4587 Arianum
1190 4531 1405 4603 dogma
1451 4528 1759 4634 delabi..Et
1790 4527 1900 4584 sub
1931 4527 2023 4583 his
2055 4570 2100 4634 Β

378 4621 661 4695 exemplis
707 4620 849 4676 illud
901 4621 1041 4693 agit,
1088 4625 1152 4674 ut
1201 4635 1316 4674 non
1368 4617 1791 4674 ecclesiasticos
1839 4621 1894 4672 et
1937 4633 2026 4672 ca-

379 4711 628 4769 tholicos
656 4711 813 4766 viros
844 4709 994 4765 male
1026 4707 1301 4771 sensisse,
1335 4707 1434 4762 sed
1467 4707 1540 4760 ab
1596 4706 1882 4760 haereticis
1929 4722 2022 4761 eo-

379 4819 511 4860 rum
543 4800 763 4872 scripta
810 4801 1083 4869 corrupta
1123 4811 1251 4852 esse
1298 4798 1562 4859 testetur,
1613 4801 1669 4848 et
1716 4791 2025 4849 concludat

379 4893 453 4949 ad
482 4893 833 4956 extremum,
882 4887 1127 4943 dicens:
1176 4906 1202 4934 «
1235 4885 1316 4940 De
1367 4883 1611 4955 Origene
1659 4898 1912 4955 quoque,
1963 4882 2022 4937 in

451 5087 466 5120 ¹
500 5087 605 5155 Qui
632 5086 982 5158 appellantur
1016 5077 2024 5158 ‘dvayvmpwpésnNullu_s__est_codex

379 5173 490 5213 ms.
517 5150 868 5228 apud'nos,
930 5154 1030 5228 qui
1084 5150 1408 5228 pure'no‘n
1466 5150 2020 5228 legatANAI‘NuPI-

379 5223 587 5294 ΣΜΟΣζ
614 5227 750 5282 licet
778 5223 1032 5298 imperiti
1078 5223 1324 5298 lectores
1363 5227 1419 5278 et
1460 5223 1772 5298 scriptores
1821 5238 2024 5293 posue-

378 5300 498 5354 rint
528 5292 598 5354 ad
628 5292 952 5370 marginem
979 5296 1371 5370 quorumdam
1402 5292 1846 5370 exemplarium,
1877 5310 2019 5348 ana-

376 5363 941 5439 lheorismos;quem
974 5363 1227 5423 errorem
1253 5365 1502 5422 retinent
1549 5363 1689 5420 editi
1738 5367 1869 5419 ante
1914 5381 2019 5419 nos

381 5441 537 5496 libri.
574 5441 860 5494 MARTIAN.

449 5515 472 5547 ³
501 5511 617 5568 Hac
674 5510 847 5564 etiam
888 5509 959 5563 de
1012 5524 1205 5562 causa.
1259 5508 1545 5563 Clementis
1601 5509 2018 5575 recognitiones,

365 5587 499 5660 jam
547 5581 685 5660 inde
735 5581 837 5660 ab_
855 5578 1104 5660 Eusebio
1147 5578 1570 5660 suppositionis
1625 5578 1697 5635 ab
1745 5578 2020 5636 omnibus

353 5648 770 5770 iostulantur.
801 5651 1050 5712 Rufinus
1079 5648 1281 5711 Latine
1309 5648 1501 5708 vertit.

2148 3288 2457 3345 declinare.
2492 3289 2864 3360 Objiciuntur
2890 3290 3124 3364 Origeni
3158 3291 3426 3356 crimina,
3469 3297 3527 3348 et
3553 3296 3616 3348 tu
3673 3288 3798 3346 non

2147 3377 2313 3432 illum
2373 3377 2658 3443 defendis,
2715 3379 2816 3434 sed
2873 3379 3017 3434 alios
3070 3396 3348 3447 accusas;
3410 3397 3516 3436 nec
3565 3380 3796 3436 crimen

2147 3467 2364 3532 renuis,
2401 3468 2501 3522 sed
2534 3465 2988 3524 criminosorum
3026 3469 3563 3539 turbam‘requiris.
3596 3468 3654 3524 Si
3683 3469 3801 3524 tibi

2146 3555 2457 3623 diceretur,
2505 3573 2657 3628 quos
2698 3555 2875 3612 habet
2918 3557 3196 3629 Origenes
3247 3557 3307 3612 in
3339 3557 3547 3614 haeresi
3578 3557 3800 3625 socios,

2145 3648 2298 3699 recte
2328 3645 2444 3700 ista
2473 3645 2750 3716 proferes.
2784 3645 2952 3700 Nunc
2979 3650 3112 3701 ante
3158 3647 3456 3718 quaeritur,
3504 3646 3625 3702 haec
3664 3663 3802 3718 qua

2145 3732 2203 3787 in
2235 3733 2501 3804 Origenis
2544 3732 2710 3789 libris
2759 3733 2978 3805 scripta
3028 3735 3418 3806 reperiuntur,
3468 3736 3622 3792 bona
3673 3735 3806 3793 sint

2143 3838 2213 3876 an
2249 3821 2448 3876 mala?
2480 3822 2682 3888 Taces,
2716 3827 2773 3877 et
2803 3839 2906 3894 pro
2938 3822 3030 3877 his
3063 3822 3178 3878 alia
3208 3822 3490 3895 loqueris.
3518 3824 3803 3882 Clemens

2140 3910 2249 3965 hoc
2281 3909 2380 3976 ait,
2437 3911 2742 3982 Dionysius
2802 3911 2861 3964 in
2911 3911 3022 3966 isto
3071 3927 3265 3967 errore
3291 3913 3804 3984 deprehenditur:

2140 3997 2500 4054 Athanasius
2532 4000 2652 4069 [Αἰ.
2687 4000 3058 4070 Anastasius]
3088 3999 3436 4073 episcopus‘
3467 4003 3549 4058 sic
3577 4003 3805 4075 Diony-

2139 4087 2210 4144 sii
2240 4087 2497 4144 defendit
2529 4104 2783 4143 errorem
2809 4105 2821 4144 :
2850 4088 3247 4160 apostolorum
3281 4091 3500 4163 scripta
3521 4090 3811 4150 similiter

2138 4177 2454 4248 depravata
2510 4181 2680 4241 sunt;
2737 4179 3030 4256 quomodo
3089 4184 3147 4234 et
3205 4196 3361 4234 nunc
3413 4180 3486 4235 ab
3516 4179 3647 4236 aliis
3681 4180 3802 4237 tibi

2137 4264 2424 4320 haereseos
2479 4264 2701 4320 crimen
2751 4265 3121 4339 impingitur,
3177 4273 3234 4323 et
3262 4273 3325 4322 tu
3374 4285 3479 4340 pro
3517 4273 3573 4324 te
3604 4273 3799 4341 taces,

2136 4358 2191 4408 et
2222 4369 2324 4424 pro
2366 4369 2458 4408 me
2509 4353 2828 4409 conﬁteris.
2881 4355 2997 4427 Ego
3047 4355 3342 4412 neminem
3394 4374 3628 4425 accuso,
3677 4375 3798 4430 pro

2135 4456 2228 4496 me
2260 4446 2489 4496 tantum
2523 4442 2896 4514 respondisse
2923 4447 3250 4500 contentus.
3282 4445 3406 4500 Non
3430 4463 3560 4502 sum
3621 4448 3787 4518 quod

2133 4531 2363 4601 arguis:
2397 4529 2446 4584 si
2478 4535 2537 4584 tu
2566 4546 2628 4586 es
2655 4532 2808 4602 quod
2844 4532 3159 4600 accusaris,
3218 4533 3343 4605 ipse
3371 4534 3606 4590 videris.
3666 4534 3794 4591 Nec

2133 4617 2427 4674 absolutio
2461 4635 2591 4674 mea
2621 4635 2739 4686 me,
2773 4637 2878 4675 nec
2927 4627 3123 4676 reatus
3159 4626 3232 4686 to,
3274 4627 3376 4677 aut
3413 4621 3796 4680 innocentem

2133 4711 2235 4762 aut
2265 4707 2582 4763 obnoxium
2615 4707 2848 4764 crimini
2880 4710 3232 4781 probabunt.

2206 4797 2300 4852 18.
2373 4798 2615 4867 Epistola
2681 4798 2941 4870 Origenis
3007 4801 3077 4853 ad
3140 4801 3346 4855 amicos
3410 4801 3798 4859 Alexandriae.

2135 4883 2490 4954 Origenianw
2545 4887 2792 4958 epistola:
2860 4889 3018 4958 prior
3076 4904 3234 4959 pars.
3338 4920 3406 4930 -—-
3459 4889 3798 4948 ‘Praamissa

2133 5155 2151 5208 I
2201 5084 2222 5116 ³
2251 5083 2500 5138 Additur
2525 5083 2585 5138 in
2612 5083 2806 5138 Ruﬁni
2837 5084 3217 5153 editionibus,
3270 5087 3378 5141 imo
3397 5102 3538 5159 pene
3565 5093 3800 5159 aposto-

2156 5171 2236 5208 us.

2156 5171 2236 5209 us.

2201 5225 2479 5308 lf‘l‘lo‘suita
2504 5241 2572 5280 ex
2602 5223 2836 5308 ingenio
2871 5227 3246 5308 reposuimus
3275 5231 3523 5308 noxium,
3557 5244 3694 5308 cum
3725 5229 3799 5308 i_n

2131 5296 2304 5378 editis
2334 5296 2500 5378 libris
2531 5296 2811 5378 omnibus
2864 5298 3025 5354 nullo
3084 5316 3261 5355 sensu
3314 5300 3600 5357 hactenus
3631 5300 3798 5357 obti-

2132 5369 2358 5422 nuisset
2388 5369 2636 5423 omnium

2203 5439 2223 5471 5
2257 5439 2585 5515 xit/ianasius
2609 5439 2912 5515 episcopus.
2948 5440 3055 5494 Pro
3088 5441 3322 5515 nomine
3345 5441 3639 5498 Athanasii
3658 5442 3800 5515 plu-

2132 5524 2224 5562 res
2258 5510 2487 5588 codices
2537 5510 2807 5588 retinent,
2859 5527 3053 5565 errore
3087 5511 3464 5570 librariorum
3495 5510 3795 5588 veterum,

2131 5595 2348 5638 nomen
2381 5581 2677 5638 Anastasii.
2713 5585 2994 5640 Maurus.
