  <div class='ocr_page' id='page_1' title='image "/cluster/home/n/w/nwhite01/storage/ocr_20150623/23/hvd.32044052772480/238.png"; bbox 0 0 4094 6166; ppageno 0'>
   <div class='ocr_carea' id='block_1_1' title="bbox 348 361 462 421">
    <p class='ocr_par' dir='ltr' id='par_1_1' title="bbox 348 361 462 421">
     <span class='ocr_line' id='line_1_1' title="bbox 348 361 462 421; baseline 0.009 -1"><span class='ocrx_word' id='word_1_1' title='bbox 348 361 462 421; x_wconf 77' lang='grc'>461</span> 
     </span>
    </p>
   </div>
   <div class='ocr_carea' id='block_1_2' title="bbox 349 578 2006 653">
    <p class='ocr_par' dir='ltr' id='par_1_2' title="bbox 349 578 2006 653">
     <span class='ocr_line' id='line_1_2' title="bbox 349 578 2006 653; baseline -0.005 -14"><span class='ocrx_word' id='word_1_2' title='bbox 349 582 689 647; x_wconf 83' lang='lat' dir='ltr'>Clementis,</span> <span class='ocrx_word' id='word_1_3' title='bbox 727 587 902 652; x_wconf 87' lang='lat' dir='ltr'>atque</span> <span class='ocrx_word' id='word_1_4' title='bbox 932 580 1218 653; x_wconf 78' lang='lat' dir='ltr'>Dionysii,</span> <span class='ocrx_word' id='word_1_5' title='bbox 1261 581 1416 635; x_wconf 84' lang='lat' dir='ltr'>venit</span> <span class='ocrx_word' id='word_1_6' title='bbox 1464 581 1533 634; x_wconf 84' lang='lat' dir='ltr'>ad</span> <span class='ocrx_word' id='word_1_7' title='bbox 1590 578 1916 649; x_wconf 88' lang='lat' dir='ltr'>Origenem,</span> <span class='ocrx_word' id='word_1_8' title='bbox 1950 581 2006 631; x_wconf 94' lang='lat' dir='ltr'>et</span> 
     </span>
    </p>
   </div>
   <div class='ocr_carea' id='block_1_3' title="bbox 350 668 2009 742">
    <p class='ocr_par' dir='ltr' id='par_1_3' title="bbox 350 668 2009 742">
     <span class='ocr_line' id='line_1_3' title="bbox 350 668 2009 742; baseline -0.005 -16"><span class='ocrx_word' id='word_1_9' title='bbox 350 672 444 727; x_wconf 89' lang='lat' dir='ltr'>his</span> <span class='ocrx_word' id='word_1_10' title='bbox 477 672 674 726; x_wconf 82' lang='lat' dir='ltr'>verbis</span> <span class='ocrx_word' id='word_1_11' title='bbox 706 670 1006 742; x_wconf 82' lang='lat' dir='ltr'>loquitur.</span> <span class='ocrx_word' id='word_1_12' title='bbox 1045 691 1071 719; x_wconf 90' lang='grc'>‹‹</span> <span class='ocrx_word' id='word_1_13' title='bbox 1104 670 1295 741; x_wconf 87' lang='lat' dir='ltr'>Ipsius</span> <span class='ocrx_word' id='word_1_14' title='bbox 1344 669 1453 724; x_wconf 91' lang='lat' dir='ltr'>hoc</span> <span class='ocrx_word' id='word_1_15' title='bbox 1501 668 1912 738; x_wconf 88' lang='lat' dir='ltr'>conquerentis</span> <span class='ocrx_word' id='word_1_16' title='bbox 1952 668 2009 719; x_wconf 92' lang='lat' dir='ltr'>et</span> 
     </span>
    </p>
   </div>
   <div class='ocr_carea' id='block_1_4' title="bbox 352 754 2005 833">
    <p class='ocr_par' dir='ltr' id='par_1_4' title="bbox 352 754 2005 833">
     <span class='ocr_line' id='line_1_4' title="bbox 352 754 2005 833; baseline -0.005 -18"><span class='ocrx_word' id='word_1_17' title='bbox 352 760 713 833; x_wconf 82' lang='lat' dir='ltr'>deplorantis</span> <span class='ocrx_word' id='word_1_18' title='bbox 746 760 984 830; x_wconf 77' lang='lat' dir='ltr'>scriptis</span> <span class='ocrx_word' id='word_1_19' title='bbox 1033 775 1099 814; x_wconf 89' lang='lat' dir='ltr'>ac</span> <span class='ocrx_word' id='word_1_20' title='bbox 1147 758 1386 813; x_wconf 87' lang='lat' dir='ltr'>vocibus</span> <span class='ocrx_word' id='word_1_21' title='bbox 1432 756 1823 829; x_wconf 86' lang='lat' dir='ltr'>probavimus.</span> <span class='ocrx_word' id='word_1_22' title='bbox 1858 754 2005 817; x_wconf 89' lang='lat' dir='ltr'>Quid</span> 
     </span>
    </p>
   </div>
   <div class='ocr_carea' id='block_1_5' title="bbox 358 843 2006 921">
    <p class='ocr_par' dir='ltr' id='par_1_5' title="bbox 358 843 2006 921">
     <span class='ocr_line' id='line_1_5' title="bbox 358 843 2006 921; baseline -0.006 -16"><span class='ocrx_word' id='word_1_23' title='bbox 358 851 521 905; x_wconf 91' lang='lat' dir='ltr'>enim</span> <span class='ocrx_word' id='word_1_24' title='bbox 552 848 668 921; x_wconf 86' lang='lat' dir='ltr'>ipse</span> <span class='ocrx_word' id='word_1_25' title='bbox 698 864 835 902; x_wconf 92' lang='lat' dir='ltr'>cum</span> <span class='ocrx_word' id='word_1_26' title='bbox 870 847 1063 903; x_wconf 87' lang='lat' dir='ltr'>adhuc</span> <span class='ocrx_word' id='word_1_27' title='bbox 1113 848 1168 901; x_wconf 88' lang='lat' dir='ltr'>in</span> <span class='ocrx_word' id='word_1_28' title='bbox 1220 863 1391 901; x_wconf 88' lang='lat' dir='ltr'>carne</span> <span class='ocrx_word' id='word_1_29' title='bbox 1441 846 1690 912; x_wconf 75' lang='lat' dir='ltr'>vivens‘,</span> <span class='ocrx_word' id='word_1_30' title='bbox 1724 843 2006 907; x_wconf 89' lang='lat' dir='ltr'>sentiens,</span> 
     </span>
    </p>
   </div>
   <div class='ocr_carea' id='block_1_6' title="bbox 363 929 2007 1009">
    <p class='ocr_par' dir='ltr' id='par_1_6' title="bbox 363 929 2007 1009">
     <span class='ocr_line' id='line_1_6' title="bbox 363 929 2007 1009; baseline -0.005 -16"><span class='ocrx_word' id='word_1_31' title='bbox 363 939 676 1009; x_wconf 87' lang='lat' dir='ltr'>vidensque</span> <span class='ocrx_word' id='word_1_32' title='bbox 704 952 1022 1009; x_wconf 85' lang='lat' dir='ltr'>perpessus</span> <span class='ocrx_word' id='word_1_33' title='bbox 1064 936 1140 991; x_wconf 92' lang='lat' dir='ltr'>sit</span> <span class='ocrx_word' id='word_1_34' title='bbox 1186 937 1257 990; x_wconf 88' lang='lat' dir='ltr'>de</span> <span class='ocrx_word' id='word_1_35' title='bbox 1306 936 1588 991; x_wconf 88' lang='lat' dir='ltr'>librorum</span> <span class='ocrx_word' id='word_1_36' title='bbox 1643 948 1883 988; x_wconf 89' lang='lat' dir='ltr'>suorum</span> <span class='ocrx_word' id='word_1_37' title='bbox 1917 929 2007 984; x_wconf 91' lang='lat' dir='ltr'>vel</span> 
     </span>
    </p>
   </div>
   <div class='ocr_carea' id='block_1_7' title="bbox 369 1019 2007 1096">
    <p class='ocr_par' dir='ltr' id='par_1_7' title="bbox 369 1019 2007 1096">
     <span class='ocr_line' id='line_1_7' title="bbox 369 1019 2007 1096; baseline -0.005 -15"><span class='ocrx_word' id='word_1_38' title='bbox 369 1042 701 1082; x_wconf 86' lang='lat' dir='ltr'>sermonum</span> <span class='ocrx_word' id='word_1_39' title='bbox 734 1025 1234 1096; x_wconf 90' lang='lat' dir='ltr'>corruptionibus,</span> <span class='ocrx_word' id='word_1_40' title='bbox 1269 1024 1354 1079; x_wconf 88' lang='lat' dir='ltr'>vel</span> <span class='ocrx_word' id='word_1_41' title='bbox 1404 1023 1751 1078; x_wconf 89' lang='lat' dir='ltr'>adulterinis</span> <span class='ocrx_word' id='word_1_42' title='bbox 1798 1019 2007 1075; x_wconf 69' lang='lat' dir='ltr'>editio«</span> 
     </span>
    </p>
   </div>
   <div class='ocr_carea' id='block_1_8' title="bbox 360 1109 2007 1186">
    <p class='ocr_par' dir='ltr' id='par_1_8' title="bbox 360 1109 2007 1186">
     <span class='ocr_line' id='line_1_8' title="bbox 360 1109 2007 1186; baseline -0.005 -16"><span class='ocrx_word' id='word_1_43' title='bbox 360 1115 553 1181; x_wconf 90' lang='lat' dir='ltr'>nibus,</span> <span class='ocrx_word' id='word_1_44' title='bbox 588 1131 657 1170; x_wconf 82' lang='lat' dir='ltr'>ex</span> <span class='ocrx_word' id='word_1_45' title='bbox 686 1114 875 1186; x_wconf 90' lang='lat' dir='ltr'>ipsius</span> <span class='ocrx_word' id='word_1_46' title='bbox 908 1114 1155 1186; x_wconf 90' lang='lat' dir='ltr'>epistola</span> <span class='ocrx_word' id='word_1_47' title='bbox 1186 1130 1359 1185; x_wconf 85' lang='lat' dir='ltr'>quam</span> <span class='ocrx_word' id='word_1_48' title='bbox 1396 1112 1597 1167; x_wconf 84' lang='lat' dir='ltr'>scribit</span> <span class='ocrx_word' id='word_1_49' title='bbox 1618 1112 1690 1166; x_wconf 92' lang='lat' dir='ltr'>ad</span> <span class='ocrx_word' id='word_1_50' title='bbox 1719 1109 2007 1181; x_wconf 86' lang='lat' dir='ltr'>quosdam</span> 
     </span>
    </p>
   </div>
   <div class='ocr_carea' id='block_1_9' title="bbox 355 1201 2007 1267">
    <p class='ocr_par' dir='ltr' id='par_1_9' title="bbox 355 1201 2007 1267">
     <span class='ocr_line' id='line_1_9' title="bbox 355 1201 2007 1267; baseline -0.005 -8"><span class='ocrx_word' id='word_1_51' title='bbox 355 1204 568 1259; x_wconf 90' lang='lat' dir='ltr'>charos</span> <span class='ocrx_word' id='word_1_52' title='bbox 622 1220 763 1259; x_wconf 92' lang='lat' dir='ltr'>suos</span> <span class='ocrx_word' id='word_1_53' title='bbox 819 1202 1256 1267; x_wconf 81' lang='lat' dir='ltr'>Alexandriam,</span> <span class='ocrx_word' id='word_1_54' title='bbox 1334 1202 1629 1256; x_wconf 82' lang='lat' dir='ltr'>evidenter</span> <span class='ocrx_word' id='word_1_55' title='bbox 1684 1201 1942 1254; x_wconf 80' lang='lat' dir='ltr'>docetur.</span> <span class='ocrx_word' id='word_1_56' title='bbox 1980 1220 2007 1243; x_wconf 89' lang='grc'><strong>››</strong></span> 
     </span>
    </p>
   </div>
   <div class='ocr_carea' id='block_1_10' title="bbox 350 1288 2007 1364">
    <p class='ocr_par' dir='ltr' id='par_1_10' title="bbox 350 1288 2007 1364">
     <span class='ocr_line' id='line_1_10' title="bbox 350 1288 2007 1364; baseline -0.005 -17"><span class='ocrx_word' id='word_1_57' title='bbox 350 1288 686 1364; x_wconf 82' lang='lat' dir='ltr'>Statimque</span> <span class='ocrx_word' id='word_1_58' title='bbox 733 1291 1067 1363; x_wconf 80' lang='lat' dir='ltr'>exemplum</span> <span class='ocrx_word' id='word_1_59' title='bbox 1108 1290 1417 1362; x_wconf 87' lang='lat' dir='ltr'>subjungit</span> <span class='ocrx_word' id='word_1_60' title='bbox 1465 1288 1743 1361; x_wconf 66' lang='lat' dir='ltr'>epistolae,</span> <span class='ocrx_word' id='word_1_61' title='bbox 1784 1292 1841 1342; x_wconf 91' lang='lat' dir='ltr'>et</span> <span class='ocrx_word' id='word_1_62' title='bbox 1880 1303 2007 1356; x_wconf 70' lang='lat' dir='ltr'>quae</span> 
     </span>
    </p>
   </div>
   <div class='ocr_carea' id='block_1_11' title="bbox 348 1377 2005 1453">
    <p class='ocr_par' dir='ltr' id='par_1_11' title="bbox 348 1377 2005 1453">
     <span class='ocr_line' id='line_1_11' title="bbox 348 1377 2005 1453; baseline -0.005 -18"><span class='ocrx_word' id='word_1_63' title='bbox 348 1381 676 1437; x_wconf 82' lang='lat' dir='ltr'>falsitatem</span> <span class='ocrx_word' id='word_1_64' title='bbox 708 1380 1061 1453; x_wconf 86' lang='lat' dir='ltr'>scriptorum</span> <span class='ocrx_word' id='word_1_65' title='bbox 1089 1379 1355 1452; x_wconf 75' lang='lat' dir='ltr'>Origenis</span> <span class='ocrx_word' id='word_1_66' title='bbox 1402 1377 1685 1433; x_wconf 69' lang='lat' dir='ltr'>haereticis</span> <span class='ocrx_word' id='word_1_67' title='bbox 1735 1377 2005 1446; x_wconf 81' lang='lat' dir='ltr'>imputat,</span> 
     </span>
    </p>
   </div>
   <div class='ocr_carea' id='block_1_12' title="bbox 352 1466 2010 1542">
    <p class='ocr_par' dir='ltr' id='par_1_12' title="bbox 352 1466 2010 1542">
     <span class='ocr_line' id='line_1_12' title="bbox 352 1466 2010 1542; baseline -0.005 -18"><span class='ocrx_word' id='word_1_68' title='bbox 352 1471 483 1542; x_wconf 88' lang='lat' dir='ltr'>ipse</span> <span class='ocrx_word' id='word_1_69' title='bbox 530 1469 741 1541; x_wconf 88' lang='lat' dir='ltr'>incipit</span> <span class='ocrx_word' id='word_1_70' title='bbox 780 1487 813 1523; x_wconf 91' lang='lat' dir='ltr'>a</span> <span class='ocrx_word' id='word_1_71' title='bbox 869 1468 1155 1523; x_wconf 84' lang='lat' dir='ltr'>falsitate:</span> <span class='ocrx_word' id='word_1_72' title='bbox 1213 1486 1327 1523; x_wconf 93' lang='lat' dir='ltr'>non</span> <span class='ocrx_word' id='word_1_73' title='bbox 1390 1468 1471 1522; x_wconf 90' lang='lat' dir='ltr'>ita</span> <span class='ocrx_word' id='word_1_74' title='bbox 1524 1466 1914 1536; x_wconf 87' lang='lat' dir='ltr'>interpretans</span> <span class='ocrx_word' id='word_1_75' title='bbox 1945 1467 2010 1516; x_wconf 90' lang='lat' dir='ltr'>ut</span> 
     </span>
    </p>
   </div>
   <div class='ocr_carea' id='block_1_13' title="bbox 354 1550 2007 1622">
    <p class='ocr_par' dir='ltr' id='par_1_13' title="bbox 354 1550 2007 1622">
     <span class='ocr_line' id='line_1_13' title="bbox 354 1550 2007 1622; baseline -0.005 -9"><span class='ocrx_word' id='word_1_76' title='bbox 354 1559 613 1613; x_wconf 89' lang='lat' dir='ltr'>habetur</span> <span class='ocrx_word' id='word_1_77' title='bbox 641 1558 698 1611; x_wconf 91' lang='lat' dir='ltr'>in</span> <span class='ocrx_word' id='word_1_78' title='bbox 732 1557 947 1620; x_wconf 69' lang='lat' dir='ltr'>Graeco,</span> <span class='ocrx_word' id='word_1_79' title='bbox 983 1574 1084 1611; x_wconf 91' lang='lat' dir='ltr'>nec</span> <span class='ocrx_word' id='word_1_80' title='bbox 1126 1557 1182 1611; x_wconf 91' lang='lat' dir='ltr'>id</span> <span class='ocrx_word' id='word_1_81' title='bbox 1220 1556 1440 1611; x_wconf 81' lang='lat' dir='ltr'>Latinis</span> <span class='ocrx_word' id='word_1_82' title='bbox 1486 1554 1817 1618; x_wconf 88' lang='lat' dir='ltr'>insinuans,</span> <span class='ocrx_word' id='word_1_83' title='bbox 1854 1550 2007 1622; x_wconf 92' lang='lat' dir='ltr'>quod</span> 
     </span>
    </p>
   </div>
   <div class='ocr_carea' id='block_1_14' title="bbox 354 1640 2010 1719">
    <p class='ocr_par' dir='ltr' id='par_1_14' title="bbox 354 1640 2010 1719">
     <span class='ocr_line' id='line_1_14' title="bbox 354 1640 2010 1719; baseline -0.005 -17"><span class='ocrx_word' id='word_1_84' title='bbox 354 1648 483 1719; x_wconf 89' lang='lat' dir='ltr'>ipse</span> <span class='ocrx_word' id='word_1_85' title='bbox 516 1646 577 1700; x_wconf 93' lang='lat' dir='ltr'>in</span> <span class='ocrx_word' id='word_1_86' title='bbox 606 1646 733 1701; x_wconf 90' lang='lat' dir='ltr'>suis</span> <span class='ocrx_word' id='word_1_87' title='bbox 765 1645 977 1700; x_wconf 88' lang='lat' dir='ltr'>litteris</span> <span class='ocrx_word' id='word_1_88' title='bbox 1004 1648 1328 1717; x_wconf 73' lang='lat' dir='ltr'>profitetur.</span> <span class='ocrx_word' id='word_1_89' title='bbox 1360 1645 1622 1714; x_wconf 88' lang='lat' dir='ltr'>Cumque</span> <span class='ocrx_word' id='word_1_90' title='bbox 1645 1641 1745 1697; x_wconf 89' lang='lat' dir='ltr'>illa</span> <span class='ocrx_word' id='word_1_91' title='bbox 1766 1640 2010 1711; x_wconf 90' lang='lat' dir='ltr'>epistola</span> 
     </span>
    </p>
   </div>
   <div class='ocr_carea' id='block_1_15' title="bbox 355 1728 2010 1803">
    <p class='ocr_par' dir='ltr' id='par_1_15' title="bbox 355 1728 2010 1803">
     <span class='ocr_line' id='line_1_15' title="bbox 355 1728 2010 1803; baseline -0.005 -13"><span class='ocrx_word' id='word_1_92' title='bbox 355 1742 479 1791; x_wconf 91' lang='lat' dir='ltr'>tota</span> <span class='ocrx_word' id='word_1_93' title='bbox 509 1734 873 1790; x_wconf 88' lang='lat' dir='ltr'>Demetrium</span> <span class='ocrx_word' id='word_1_94' title='bbox 904 1733 1302 1789; x_wconf 60' lang='lat' dir='ltr'>Alexandrinis</span> <span class='ocrx_word' id='word_1_95' title='bbox 1353 1731 1515 1787; x_wconf 90' lang='lat' dir='ltr'>urbis</span> <span class='ocrx_word' id='word_1_96' title='bbox 1564 1730 1897 1803; x_wconf 80' lang='lat' dir='ltr'>pontificem</span> <span class='ocrx_word' id='word_1_97' title='bbox 1933 1728 2010 1783; x_wconf 89' lang='lat' dir='ltr'>la-</span> 
     </span>
    </p>
   </div>
   <div class='ocr_carea' id='block_1_16' title="bbox 356 1817 2011 1894">
    <p class='ocr_par' dir='ltr' id='par_1_16' title="bbox 356 1817 2011 1894">
     <span class='ocr_line' id='line_1_16' title="bbox 356 1817 2011 1894; baseline -0.004 -14"><span class='ocrx_word' id='word_1_98' title='bbox 356 1828 534 1890; x_wconf 81' lang='lat' dir='ltr'>ceret,</span> <span class='ocrx_word' id='word_1_99' title='bbox 584 1827 642 1878; x_wconf 90' lang='lat' dir='ltr'>et</span> <span class='ocrx_word' id='word_1_100' title='bbox 709 1824 768 1877; x_wconf 91' lang='lat' dir='ltr'>in</span> <span class='ocrx_word' id='word_1_101' title='bbox 829 1822 1009 1877; x_wconf 85' lang='lat' dir='ltr'>totius</span> <span class='ocrx_word' id='word_1_102' title='bbox 1070 1823 1229 1877; x_wconf 88' lang='lat' dir='ltr'>orbis</span> <span class='ocrx_word' id='word_1_103' title='bbox 1287 1822 1594 1894; x_wconf 86' lang='lat' dir='ltr'>episcopos</span> <span class='ocrx_word' id='word_1_104' title='bbox 1654 1824 1711 1875; x_wconf 89' lang='lat' dir='ltr'>et</span> <span class='ocrx_word' id='word_1_105' title='bbox 1770 1817 2011 1874; x_wconf 88' lang='lat' dir='ltr'>clericos</span> 
     </span>
    </p>
   </div>
   <div class='ocr_carea' id='block_1_17' title="bbox 354 1908 2009 1977">
    <p class='ocr_par' dir='ltr' id='par_1_17' title="bbox 354 1908 2009 1977">
     <span class='ocr_line' id='line_1_17' title="bbox 354 1908 2009 1977; baseline -0.005 -9"><span class='ocrx_word' id='word_1_106' title='bbox 354 1912 688 1977; x_wconf 85' lang='lat' dir='ltr'>invehatur,</span> <span class='ocrx_word' id='word_1_107' title='bbox 709 1918 766 1966; x_wconf 92' lang='lat' dir='ltr'>et</span> <span class='ocrx_word' id='word_1_108' title='bbox 785 1911 1001 1966; x_wconf 80' lang='lat' dir='ltr'>frustra</span> <span class='ocrx_word' id='word_1_109' title='bbox 1022 1910 1094 1965; x_wconf 90' lang='lat' dir='ltr'>ab</span> <span class='ocrx_word' id='word_1_110' title='bbox 1117 1910 1393 1965; x_wconf 89' lang='lat' dir='ltr'>Ecclesiis</span> <span class='ocrx_word' id='word_1_111' title='bbox 1436 1908 2009 1965; x_wconf 86' lang='lat' dir='ltr'>excommunicatum</span> 
     </span>
    </p>
   </div>
   <div class='ocr_carea' id='block_1_18' title="bbox 358 1995 2010 2065">
    <p class='ocr_par' dir='ltr' id='par_1_18' title="bbox 358 1995 2010 2065">
     <span class='ocr_line' id='line_1_18' title="bbox 358 1995 2010 2065; baseline -0.006 -7"><span class='ocrx_word' id='word_1_112' title='bbox 358 2018 491 2058; x_wconf 87' lang='lat' dir='ltr'>esse</span> <span class='ocrx_word' id='word_1_113' title='bbox 525 2018 587 2056; x_wconf 91' lang='lat' dir='ltr'>se</span> <span class='ocrx_word' id='word_1_114' title='bbox 616 2000 791 2065; x_wconf 90' lang='lat' dir='ltr'>dicat,</span> <span class='ocrx_word' id='word_1_115' title='bbox 825 2015 927 2054; x_wconf 91' lang='lat' dir='ltr'>nec</span> <span class='ocrx_word' id='word_1_116' title='bbox 958 1998 1106 2053; x_wconf 88' lang='lat' dir='ltr'>velle</span> <span class='ocrx_word' id='word_1_117' title='bbox 1138 1998 1197 2053; x_wconf 93' lang='lat' dir='ltr'>in</span> <span class='ocrx_word' id='word_1_118' title='bbox 1221 1997 1547 2053; x_wconf 82' lang='lat' dir='ltr'>maledictis</span> <span class='ocrx_word' id='word_1_119' title='bbox 1572 1999 1782 2053; x_wconf 90' lang='lat' dir='ltr'>referre</span> <span class='ocrx_word' id='word_1_120' title='bbox 1803 1995 2010 2062; x_wconf 87' lang='lat' dir='ltr'>vicem,</span> 
     </span>
    </p>
   </div>
   <div class='ocr_carea' id='block_1_19' title="bbox 364 2082 2009 2155">
    <p class='ocr_par' dir='ltr' id='par_1_19' title="bbox 364 2082 2009 2155">
     <span class='ocr_line' id='line_1_19' title="bbox 364 2082 2009 2155; baseline -0.005 -10"><span class='ocrx_word' id='word_1_121' title='bbox 364 2106 444 2145; x_wconf 90' lang='lat' dir='ltr'>ne</span> <span class='ocrx_word' id='word_1_122' title='bbox 475 2088 686 2144; x_wconf 85' lang='lat' dir='ltr'>scilicet</span> <span class='ocrx_word' id='word_1_123' title='bbox 714 2087 1039 2144; x_wconf 90' lang='lat' dir='ltr'>maledicus</span> <span class='ocrx_word' id='word_1_124' title='bbox 1087 2086 1353 2141; x_wconf 87' lang='lat' dir='ltr'>videatur</span> <span class='ocrx_word' id='word_1_125' title='bbox 1392 2102 1521 2141; x_wconf 92' lang='lat' dir='ltr'>esse</span> <span class='ocrx_word' id='word_1_126' title='bbox 1571 2085 1767 2152; x_wconf 91' lang='lat' dir='ltr'>homo,</span> <span class='ocrx_word' id='word_1_127' title='bbox 1818 2082 1919 2155; x_wconf 89' lang='lat' dir='ltr'>qui</span> <span class='ocrx_word' id='word_1_128' title='bbox 1950 2082 2009 2136; x_wconf 91' lang='lat' dir='ltr'>in</span> 
     </span>
    </p>
   </div>
   <div class='ocr_carea' id='block_1_20' title="bbox 370 2169 2010 2242">
    <p class='ocr_par' dir='ltr' id='par_1_20' title="bbox 370 2169 2010 2242">
     <span class='ocr_line' id='line_1_20' title="bbox 370 2169 2010 2242; baseline -0.004 -9"><span class='ocrx_word' id='word_1_129' title='bbox 370 2182 605 2233; x_wconf 88' lang='lat' dir='ltr'>tantum</span> <span class='ocrx_word' id='word_1_130' title='bbox 633 2180 833 2231; x_wconf 91' lang='lat' dir='ltr'>cautus</span> <span class='ocrx_word' id='word_1_131' title='bbox 860 2176 937 2230; x_wconf 94' lang='lat' dir='ltr'>sit</span> <span class='ocrx_word' id='word_1_132' title='bbox 966 2176 1037 2230; x_wconf 91' lang='lat' dir='ltr'>ad</span> <span class='ocrx_word' id='word_1_133' title='bbox 1068 2174 1559 2242; x_wconf 89' lang='lat' dir='ltr'>maledicendum,</span> <span class='ocrx_word' id='word_1_134' title='bbox 1591 2179 1654 2229; x_wconf 92' lang='lat' dir='ltr'>ut</span> <span class='ocrx_word' id='word_1_135' title='bbox 1678 2190 1750 2229; x_wconf 92' lang='lat' dir='ltr'>ne</span> <span class='ocrx_word' id='word_1_136' title='bbox 1779 2169 2010 2227; x_wconf 90' lang='lat' dir='ltr'>diabolo</span> 
     </span>
    </p>
   </div>
   <div class='ocr_carea' id='block_1_21' title="bbox 367 2261 2007 2339">
    <p class='ocr_par' dir='ltr' id='par_1_21' title="bbox 367 2261 2007 2339">
     <span class='ocr_line' id='line_1_21' title="bbox 367 2261 2007 2339; baseline -0.005 -17"><span class='ocrx_word' id='word_1_137' title='bbox 367 2268 605 2339; x_wconf 88' lang='lat' dir='ltr'>quidem</span> <span class='ocrx_word' id='word_1_138' title='bbox 662 2266 873 2321; x_wconf 87' lang='lat' dir='ltr'>audeat</span> <span class='ocrx_word' id='word_1_139' title='bbox 930 2265 1307 2331; x_wconf 88' lang='lat' dir='ltr'>maledicere;</span> <span class='ocrx_word' id='word_1_140' title='bbox 1390 2264 1545 2319; x_wconf 86' lang='lat' dir='ltr'>unde</span> <span class='ocrx_word' id='word_1_141' title='bbox 1617 2269 1672 2319; x_wconf 92' lang='lat' dir='ltr'>et</span> <span class='ocrx_word' id='word_1_142' title='bbox 1728 2261 2007 2327; x_wconf 87' lang='lat' dir='ltr'>Candide,</span> 
     </span>
    </p>
   </div>
   <div class='ocr_carea' id='block_1_22' title="bbox 358 2350 2012 2425">
    <p class='ocr_par' dir='ltr' id='par_1_22' title="bbox 358 2350 2012 2425">
     <span class='ocr_line' id='line_1_22' title="bbox 358 2350 2012 2425; baseline -0.002 -17"><span class='ocrx_word' id='word_1_143' title='bbox 358 2353 755 2411; x_wconf 80' lang='lat' dir='ltr'>Valentiniani</span> <span class='ocrx_word' id='word_1_144' title='bbox 804 2353 1096 2425; x_wconf 87' lang='lat' dir='ltr'>dogmatis</span> <span class='ocrx_word' id='word_1_145' title='bbox 1149 2352 1439 2419; x_wconf 84' lang='lat' dir='ltr'>sectatori,</span> <span class='ocrx_word' id='word_1_146' title='bbox 1495 2350 1895 2407; x_wconf 89' lang='lat' dir='ltr'>calumniandi</span> <span class='ocrx_word' id='word_1_147' title='bbox 1950 2366 2012 2404; x_wconf 88' lang='lat' dir='ltr'>se</span> 
     </span>
    </p>
   </div>
   <div class='ocr_carea' id='block_1_23' title="bbox 357 2438 2013 2513">
    <p class='ocr_par' dir='ltr' id='par_1_23' title="bbox 357 2438 2013 2513">
     <span class='ocr_line' id='line_1_23' title="bbox 357 2438 2013 2513; baseline -0.005 -12"><span class='ocrx_word' id='word_1_148' title='bbox 357 2445 729 2501; x_wconf 88' lang='lat' dir='ltr'>occasionem</span> <span class='ocrx_word' id='word_1_149' title='bbox 763 2442 913 2497; x_wconf 76' lang='lat'>510</span> <span class='ocrx_word' id='word_1_150' title='bbox 948 2442 1194 2507; x_wconf 89' lang='lat' dir='ltr'>dederit,</span> <span class='ocrx_word' id='word_1_151' title='bbox 1238 2442 1391 2513; x_wconf 85' lang='lat' dir='ltr'>quod</span> <span class='ocrx_word' id='word_1_152' title='bbox 1442 2440 1743 2496; x_wconf 89' lang='lat' dir='ltr'>diabolum</span> <span class='ocrx_word' id='word_1_153' title='bbox 1792 2438 2013 2493; x_wconf 87' lang='lat' dir='ltr'>salvan-</span> 
     </span>
    </p>
   </div>
   <div class='ocr_carea' id='block_1_24' title="bbox 358 2529 2010 2599">
    <p class='ocr_par' dir='ltr' id='par_1_24' title="bbox 358 2529 2010 2599">
     <span class='ocr_line' id='line_1_24' title="bbox 358 2529 2010 2599; baseline -0.004 -10"><span class='ocrx_word' id='word_1_154' title='bbox 358 2535 444 2589; x_wconf 62' lang='grc' dir='ltr'>ϐε</span> <span class='ocrx_word' id='word_1_155' title='bbox 476 2532 687 2587; x_wconf 78' lang='lat' dir='ltr'>dixerit</span> <span class='ocrx_word' id='word_1_156' title='bbox 716 2548 843 2587; x_wconf 89' lang='lat' dir='ltr'>esse</span> <span class='ocrx_word' id='word_1_157' title='bbox 874 2536 1093 2585; x_wconf 85' lang='lat' dir='ltr'>naturae</span> <span class='ocrx_word' id='word_1_158' title='bbox 1120 2548 1132 2583; x_wconf 92' lang='lat'>:</span> <span class='ocrx_word' id='word_1_159' title='bbox 1162 2530 1250 2585; x_wconf 89' lang='lat' dir='ltr'>hic</span> <span class='ocrx_word' id='word_1_160' title='bbox 1274 2529 1643 2585; x_wconf 84' lang='lat' dir='ltr'>dissimulato</span> <span class='ocrx_word' id='word_1_161' title='bbox 1667 2530 2010 2599; x_wconf 89' lang='lat' dir='ltr'>argumento</span> 
     </span>
    </p>
   </div>
   <div class='ocr_carea' id='block_1_25' title="bbox 357 2615 2010 2694">
    <p class='ocr_par' dir='ltr' id='par_1_25' title="bbox 357 2615 2010 2694">
     <span class='ocr_line' id='line_1_25' title="bbox 357 2615 2010 2694; baseline -0.005 -17"><span class='ocrx_word' id='word_1_162' title='bbox 357 2621 643 2694; x_wconf 66' lang='lat' dir='ltr'>epistolae,</span> <span class='ocrx_word' id='word_1_163' title='bbox 677 2620 844 2692; x_wconf 86' lang='lat' dir='ltr'>fingit</span> <span class='ocrx_word' id='word_1_164' title='bbox 874 2637 976 2691; x_wconf 91' lang='lat' dir='ltr'>pro</span> <span class='ocrx_word' id='word_1_165' title='bbox 1009 2619 1275 2691; x_wconf 86' lang='lat' dir='ltr'>Origene,</span> <span class='ocrx_word' id='word_1_166' title='bbox 1326 2620 1479 2691; x_wconf 92' lang='lat' dir='ltr'>quod</span> <span class='ocrx_word' id='word_1_167' title='bbox 1529 2618 1627 2672; x_wconf 91' lang='lat' dir='ltr'>ille</span> <span class='ocrx_word' id='word_1_168' title='bbox 1677 2634 1790 2671; x_wconf 93' lang='lat' dir='ltr'>non</span> <span class='ocrx_word' id='word_1_169' title='bbox 1822 2615 2010 2686; x_wconf 86' lang='lat' dir='ltr'>loqui-</span> 
     </span>
    </p>
   </div>
   <div class='ocr_carea' id='block_1_26' title="bbox 360 2704 2013 2780">
    <p class='ocr_par' dir='ltr' id='par_1_26' title="bbox 360 2704 2013 2780">
     <span class='ocr_line' id='line_1_26' title="bbox 360 2704 2013 2780; baseline -0.006 -14"><span class='ocrx_word' id='word_1_170' title='bbox 360 2717 476 2766; x_wconf 86' lang='lat' dir='ltr'>tur.</span> <span class='ocrx_word' id='word_1_171' title='bbox 541 2710 705 2765; x_wconf 89' lang='lat' dir='ltr'>Unde</span> <span class='ocrx_word' id='word_1_172' title='bbox 752 2708 1009 2780; x_wconf 76' lang='lat' dir='ltr'>epistolze</span> <span class='ocrx_word' id='word_1_173' title='bbox 1065 2708 1251 2780; x_wconf 89' lang='lat' dir='ltr'>ipsius</span> <span class='ocrx_word' id='word_1_174' title='bbox 1300 2713 1525 2778; x_wconf 89' lang='lat' dir='ltr'>partem</span> <span class='ocrx_word' id='word_1_175' title='bbox 1576 2704 1882 2778; x_wconf 87' lang='lat' dir='ltr'>paululum</span> <span class='ocrx_word' id='word_1_176' title='bbox 1945 2719 2013 2757; x_wconf 83' lang='lat' dir='ltr'>ex</span> 
     </span>
    </p>
   </div>
   <div class='ocr_carea' id='block_1_27' title="bbox 361 2792 2011 2873">
    <p class='ocr_par' dir='ltr' id='par_1_27' title="bbox 361 2792 2011 2873">
     <span class='ocr_line' id='line_1_27' title="bbox 361 2792 2011 2873; baseline -0.006 -17"><span class='ocrx_word' id='word_1_177' title='bbox 361 2798 771 2873; x_wconf 89' lang='lat' dir='ltr'>superioribus</span> <span class='ocrx_word' id='word_1_178' title='bbox 818 2798 1115 2867; x_wconf 88' lang='lat' dir='ltr'>transtuli,</span> <span class='ocrx_word' id='word_1_179' title='bbox 1162 2802 1218 2852; x_wconf 91' lang='lat' dir='ltr'>et</span> <span class='ocrx_word' id='word_1_180' title='bbox 1258 2796 1563 2867; x_wconf 81' lang='lat' dir='ltr'>hisjunxi,</span> <span class='ocrx_word' id='word_1_181' title='bbox 1606 2812 1733 2867; x_wconf 61' lang='lat' dir='ltr'>qua:</span> <span class='ocrx_word' id='word_1_182' title='bbox 1783 2794 1853 2848; x_wconf 92' lang='lat' dir='ltr'>ab</span> <span class='ocrx_word' id='word_1_183' title='bbox 1886 2792 2011 2864; x_wconf 88' lang='lat' dir='ltr'>ipso</span> 
     </span>
    </p>
   </div>
   <div class='ocr_carea' id='block_1_28' title="bbox 362 2880 2011 2957">
    <p class='ocr_par' dir='ltr' id='par_1_28' title="bbox 362 2880 2011 2957">
     <span class='ocr_line' id='line_1_28' title="bbox 362 2880 2011 2957; baseline -0.007 -12"><span class='ocrx_word' id='word_1_184' title='bbox 362 2888 714 2945; x_wconf 89' lang='lat' dir='ltr'>commatice</span> <span class='ocrx_word' id='word_1_185' title='bbox 745 2886 1058 2957; x_wconf 88' lang='lat' dir='ltr'>doloseque</span> <span class='ocrx_word' id='word_1_186' title='bbox 1089 2886 1373 2940; x_wconf 84' lang='lat' dir='ltr'>translata</span> <span class='ocrx_word' id='word_1_187' title='bbox 1398 2888 1556 2949; x_wconf 90' lang='lat' dir='ltr'>sunt,</span> <span class='ocrx_word' id='word_1_188' title='bbox 1589 2889 1653 2938; x_wconf 89' lang='lat' dir='ltr'>ut</span> <span class='ocrx_word' id='word_1_189' title='bbox 1675 2900 1790 2954; x_wconf 90' lang='lat' dir='ltr'>quo</span> <span class='ocrx_word' id='word_1_190' title='bbox 1821 2880 2011 2936; x_wconf 94' lang='lat' dir='ltr'>consi-</span> 
     </span>
    </p>
   </div>
   <div class='ocr_carea' id='block_1_29' title="bbox 362 2974 2012 3049">
    <p class='ocr_par' dir='ltr' id='par_1_29' title="bbox 362 2974 2012 3049">
     <span class='ocr_line' id='line_1_29' title="bbox 362 2974 2012 3049; baseline -0.006 -17"><span class='ocrx_word' id='word_1_191' title='bbox 362 2978 437 3033; x_wconf 91' lang='lat' dir='ltr'>lio</span> <span class='ocrx_word' id='word_1_192' title='bbox 468 2976 780 3049; x_wconf 86' lang='lat' dir='ltr'>superiora</span> <span class='ocrx_word' id='word_1_193' title='bbox 818 2975 1089 3041; x_wconf 89' lang='lat' dir='ltr'>tacuerit,</span> <span class='ocrx_word' id='word_1_194' title='bbox 1131 2975 1254 3046; x_wconf 90' lang='lat' dir='ltr'>ipse</span> <span class='ocrx_word' id='word_1_195' title='bbox 1307 2974 1486 3029; x_wconf 89' lang='lat' dir='ltr'>lector</span> <span class='ocrx_word' id='word_1_196' title='bbox 1533 2975 1829 3045; x_wconf 85' lang='lat' dir='ltr'>agnoscat.</span> <span class='ocrx_word' id='word_1_197' title='bbox 1864 2974 2012 3024; x_wconf 86' lang='lat' dir='ltr'>Con-</span> 
     </span>
    </p>
   </div>
   <div class='ocr_carea' id='block_1_30' title="bbox 362 3061 2009 3135">
    <p class='ocr_par' dir='ltr' id='par_1_30' title="bbox 362 3061 2009 3135">
     <span class='ocr_line' id='line_1_30' title="bbox 362 3061 2009 3135; baseline -0.006 -13"><span class='ocrx_word' id='word_1_198' title='bbox 362 3074 453 3122; x_wconf 89' lang='lat' dir='ltr'>tra</span> <span class='ocrx_word' id='word_1_199' title='bbox 483 3065 821 3121; x_wconf 86' lang='lat' dir='ltr'>sacerdotes</span> <span class='ocrx_word' id='word_1_200' title='bbox 852 3079 986 3135; x_wconf 89' lang='lat' dir='ltr'>ergo</span> <span class='ocrx_word' id='word_1_201' title='bbox 1018 3062 1282 3118; x_wconf 76' lang='lat' dir='ltr'>Ecclesiae</span> <span class='ocrx_word' id='word_1_202' title='bbox 1306 3061 1655 3135; x_wconf 88' lang='lat' dir='ltr'>generaliter</span> <span class='ocrx_word' id='word_1_203' title='bbox 1679 3062 2009 3131; x_wconf 88' lang='lat' dir='ltr'>disputans,</span> 
     </span>
    </p>
   </div>
   <div class='ocr_carea' id='block_1_31' title="bbox 364 3147 2013 3227">
    <p class='ocr_par' dir='ltr' id='par_1_31' title="bbox 364 3147 2013 3227">
     <span class='ocr_line' id='line_1_31' title="bbox 364 3147 2013 3227; baseline -0.006 -16"><span class='ocrx_word' id='word_1_204' title='bbox 364 3174 396 3211; x_wconf 88' lang='lat' dir='ltr'>a</span> <span class='ocrx_word' id='word_1_205' title='bbox 426 3155 646 3227; x_wconf 89' lang='lat' dir='ltr'>quibus</span> <span class='ocrx_word' id='word_1_206' title='bbox 678 3153 959 3224; x_wconf 89' lang='lat' dir='ltr'>indignus</span> <span class='ocrx_word' id='word_1_207' title='bbox 1008 3152 1418 3207; x_wconf 89' lang='lat' dir='ltr'>communione</span> <span class='ocrx_word' id='word_1_208' title='bbox 1466 3153 1593 3221; x_wconf 86' lang='lat' dir='ltr'>ejus</span> <span class='ocrx_word' id='word_1_209' title='bbox 1638 3151 1825 3204; x_wconf 79' lang='lat' dir='ltr'>fuerat</span> <span class='ocrx_word' id='word_1_210' title='bbox 1855 3147 2013 3218; x_wconf 87' lang='lat' dir='ltr'>judi-</span> 
     </span>
    </p>
   </div>
   <div class='ocr_carea' id='block_1_32' title="bbox 1566 322 2599 420">
    <p class='ocr_par' dir='ltr' id='par_1_32' title="bbox 1566 322 2599 420">
     <span class='ocr_line' id='line_1_32' title="bbox 1566 322 2599 420; baseline -0.006 -1"><span class='ocrx_word' id='word_1_211' title='bbox 1566 354 1877 420; x_wconf 82' lang='lat' dir='ltr'>CONTRA</span> <span class='ocrx_word' id='word_1_212' title='bbox 1926 347 2283 417; x_wconf 81' lang='lat' dir='ltr'>RUFINUM</span> <span class='ocrx_word' id='word_1_213' title='bbox 2326 322 2483 415; x_wconf 69' lang='lat'>1.113.~</span> <span class='ocrx_word' id='word_1_214' title='bbox 2522 350 2599 415; x_wconf 80' lang='grc' dir='ltr'><strong>η.</strong></span> 
     </span>
    </p>
   </div>
   <div class='ocr_carea' id='block_1_33' title="bbox 351 487 2351 564">
    <p class='ocr_par' dir='ltr' id='par_1_33' title="bbox 351 487 2351 564">
     <span class='ocr_line' id='line_1_33' title="bbox 351 487 2351 564; baseline -0.004 -14"><span class='ocrx_word' id='word_1_215' title='bbox 351 494 665 550; x_wconf 85' lang='lat' dir='ltr'>falsatione</span> <span class='ocrx_word' id='word_1_216' title='bbox 694 492 767 548; x_wconf 91' lang='lat' dir='ltr'>ab</span> <span class='ocrx_word' id='word_1_217' title='bbox 800 490 1111 561; x_wconf 68' lang='lat' dir='ltr'>haereticis,</span> <span class='ocrx_word' id='word_1_218' title='bbox 1142 490 1562 564; x_wconf 89' lang='lat' dir='ltr'>apostolorum,</span> <span class='ocrx_word' id='word_1_219' title='bbox 1612 496 1669 545; x_wconf 91' lang='lat' dir='ltr'>et</span> <span class='ocrx_word' id='word_1_220' title='bbox 1700 490 2005 559; x_wconf 91' lang='lat' dir='ltr'>utriusque</span> <span class='ocrx_word' id='word_1_221' title='bbox 2034 495 2087 560; x_wconf 83' lang='grc' dir='ltr'><strong>Α</strong></span> <span class='ocrx_word' id='word_1_222' title='bbox 2118 487 2313 542; x_wconf 87' lang='lat' dir='ltr'>chaele</span> <span class='ocrx_word' id='word_1_223' title='bbox 2340 506 2351 542; x_wconf 92' lang='lat'>:</span> 
     </span>
    </p>
   </div>
   <div class='ocr_carea' id='block_1_34' title="bbox 3055 367 3759 451">
    <p class='ocr_par' dir='ltr' id='par_1_34' title="bbox 3055 367 3759 451">
     <span class='ocr_line' id='line_1_34' title="bbox 3055 367 3759 451; baseline -0.001 -24"><span class='ocrx_word' id='word_1_224' title='bbox 3055 447 3060 451; x_wconf 18' lang='grc' dir='ltr'>ν</span> <span class='ocrx_word' id='word_1_225' title='bbox 3639 367 3759 426; x_wconf 75' lang='grc'>462</span> 
     </span>
    </p>
   </div>
   <div class='ocr_carea' id='block_1_35' title="bbox 2412 485 3759 565">
    <p class='ocr_par' dir='ltr' id='par_1_35' title="bbox 2412 485 3759 565">
     <span class='ocr_line' id='line_1_35' title="bbox 2412 485 3759 565; baseline 0.011 -27"><span class='ocrx_word' id='word_1_226' title='bbox 2412 507 2431 533; x_wconf 76' lang='grc' dir='ltr'><strong>α</strong></span> <span class='ocrx_word' id='word_1_227' title='bbox 2486 488 2747 557; x_wconf 90' lang='lat' dir='ltr'>Increpet</span> <span class='ocrx_word' id='word_1_228' title='bbox 2787 487 2892 541; x_wconf 92' lang='lat' dir='ltr'>tibi</span> <span class='ocrx_word' id='word_1_229' title='bbox 2936 485 3241 558; x_wconf 89' lang='lat' dir='ltr'>Dominus,</span> <span class='ocrx_word' id='word_1_230' title='bbox 3289 491 3575 565; x_wconf 87' lang='lat' dir='ltr'>diabole;.</span> <span class='ocrx_word' id='word_1_231' title='bbox 3622 522 3648 547; x_wconf 83' lang='lat'>»</span> <span class='ocrx_word' id='word_1_232' title='bbox 3700 503 3759 555; x_wconf 90' lang='lat' dir='ltr'>et</span> 
     </span>
    </p>
   </div>
   <div class='ocr_carea' id='block_1_36' title="bbox 2114 574 3757 651">
    <p class='ocr_par' dir='ltr' id='par_1_36' title="bbox 2114 574 3757 651">
     <span class='ocr_line' id='line_1_36' title="bbox 2114 574 3757 651; baseline 0.009 -22"><span class='ocrx_word' id='word_1_233' title='bbox 2114 576 2390 630; x_wconf 85' lang='lat' dir='ltr'>Zacharia</span> <span class='ocrx_word' id='word_1_234' title='bbox 2422 574 2729 631; x_wconf 85' lang='lat' dir='ltr'>similiter:</span> <span class='ocrx_word' id='word_1_235' title='bbox 2760 598 2785 623; x_wconf 78' lang='grc' dir='ltr'>ι(</span> <span class='ocrx_word' id='word_1_236' title='bbox 2813 577 3014 631; x_wconf 91' lang='lat' dir='ltr'>Utrum</span> <span class='ocrx_word' id='word_1_237' title='bbox 3037 577 3314 651; x_wconf 87' lang='lat' dir='ltr'>increpet,</span> <span class='ocrx_word' id='word_1_238' title='bbox 3339 600 3409 637; x_wconf 91' lang='lat' dir='ltr'>an</span> <span class='ocrx_word' id='word_1_239' title='bbox 3435 602 3547 641; x_wconf 92' lang='lat' dir='ltr'>non</span> <span class='ocrx_word' id='word_1_240' title='bbox 3574 586 3757 644; x_wconf 87' lang='lat' dir='ltr'>incre-</span> 
     </span>
    </p>
   </div>
   <div class='ocr_carea' id='block_1_37' title="bbox 2118 664 3758 748">
    <p class='ocr_par' dir='ltr' id='par_1_37' title="bbox 2118 664 3758 748">
     <span class='ocr_line' id='line_1_37' title="bbox 2118 664 3758 748; baseline 0.009 -29"><span class='ocrx_word' id='word_1_241' title='bbox 2118 668 2213 735; x_wconf 86' lang='lat' dir='ltr'>pet</span> <span class='ocrx_word' id='word_1_242' title='bbox 2245 666 2397 719; x_wconf 86' lang='lat' dir='ltr'>Deus</span> <span class='ocrx_word' id='word_1_243' title='bbox 2449 664 2769 734; x_wconf 89' lang='lat' dir='ltr'>diabolum,</span> <span class='ocrx_word' id='word_1_244' title='bbox 2820 666 2943 736; x_wconf 89' lang='lat' dir='ltr'>ipse</span> <span class='ocrx_word' id='word_1_245' title='bbox 2990 666 3214 722; x_wconf 79' lang='lat' dir='ltr'>viderit.</span> <span class='ocrx_word' id='word_1_246' title='bbox 3267 671 3334 724; x_wconf 87' lang='lat' dir='ltr'>Et</span> <span class='ocrx_word' id='word_1_247' title='bbox 3381 674 3429 727; x_wconf 91' lang='lat' dir='ltr'>si</span> <span class='ocrx_word' id='word_1_248' title='bbox 3479 675 3758 748; x_wconf 89' lang='lat' dir='ltr'>increpat,</span> 
     </span>
    </p>
   </div>
   <div class='ocr_carea' id='block_1_38' title="bbox 2117 753 3762 831">
    <p class='ocr_par' dir='ltr' id='par_1_38' title="bbox 2117 753 3762 831">
     <span class='ocr_line' id='line_1_38' title="bbox 2117 753 3762 831; baseline 0.01 -26"><span class='ocrx_word' id='word_1_249' title='bbox 2117 754 2409 824; x_wconf 89' lang='lat' dir='ltr'>quomodo</span> <span class='ocrx_word' id='word_1_250' title='bbox 2445 753 2719 824; x_wconf 89' lang='lat' dir='ltr'>increpet,</span> <span class='ocrx_word' id='word_1_251' title='bbox 2755 754 2877 824; x_wconf 88' lang='lat' dir='ltr'>ipse</span> <span class='ocrx_word' id='word_1_252' title='bbox 2910 761 3209 825; x_wconf 89' lang='lat' dir='ltr'>agnoscat.</span> <span class='ocrx_word' id='word_1_253' title='bbox 3249 780 3268 807; x_wconf 75' lang='lat' dir='ltr'>n</span> <span class='ocrx_word' id='word_1_254' title='bbox 3316 760 3383 814; x_wconf 87' lang='lat' dir='ltr'>Et</span> <span class='ocrx_word' id='word_1_255' title='bbox 3415 769 3545 831; x_wconf 87' lang='lat' dir='ltr'>post</span> <span class='ocrx_word' id='word_1_256' title='bbox 3576 765 3762 821; x_wconf 89' lang='lat' dir='ltr'>multa</span> 
     </span>
    </p>
   </div>
   <div class='ocr_carea' id='block_1_39' title="bbox 2119 841 3759 912">
    <p class='ocr_par' dir='ltr' id='par_1_39' title="bbox 2119 841 3759 912">
     <span class='ocr_line' id='line_1_39' title="bbox 2119 841 3759 912; baseline 0.01 -19"><span class='ocrx_word' id='word_1_257' title='bbox 2119 858 2243 912; x_wconf 72' lang='lat' dir='ltr'>qua:</span> <span class='ocrx_word' id='word_1_258' title='bbox 2306 841 2592 912; x_wconf 85' lang='lat' dir='ltr'>prolixum</span> <span class='ocrx_word' id='word_1_259' title='bbox 2653 848 2742 895; x_wconf 87' lang='lat' dir='ltr'>cst</span> <span class='ocrx_word' id='word_1_260' title='bbox 2807 843 3082 911; x_wconf 87' lang='lat' dir='ltr'>scribere,</span> <span class='ocrx_word' id='word_1_261' title='bbox 3145 846 3341 903; x_wconf 88' lang='lat' dir='ltr'>addit:</span> <span class='ocrx_word' id='word_1_262' title='bbox 3398 874 3423 897; x_wconf 89' lang='grc'>‹‹</span> <span class='ocrx_word' id='word_1_263' title='bbox 3498 851 3613 907; x_wconf 88' lang='lat' dir='ltr'>Nos</span> <span class='ocrx_word' id='word_1_264' title='bbox 3651 854 3759 909; x_wconf 84' lang='lat' dir='ltr'>hoc</span> 
     </span>
    </p>
   </div>
   <div class='ocr_carea' id='block_1_40' title="bbox 2118 930 3762 1007">
    <p class='ocr_par' dir='ltr' id='par_1_40' title="bbox 2118 930 3762 1007">
     <span class='ocr_line' id='line_1_40' title="bbox 2118 930 3762 1007; baseline 0.007 -23"><span class='ocrx_word' id='word_1_265' title='bbox 2118 931 2410 985; x_wconf 88' lang='lat' dir='ltr'>sentimus</span> <span class='ocrx_word' id='word_1_266' title='bbox 2443 930 2595 1002; x_wconf 90' lang='lat' dir='ltr'>quod</span> <span class='ocrx_word' id='word_1_267' title='bbox 2630 930 2936 999; x_wconf 85' lang='lat' dir='ltr'>ejicientur</span> <span class='ocrx_word' id='word_1_268' title='bbox 2964 933 3033 986; x_wconf 90' lang='lat' dir='ltr'>de</span> <span class='ocrx_word' id='word_1_269' title='bbox 3079 950 3256 1005; x_wconf 88' lang='lat' dir='ltr'>regno</span> <span class='ocrx_word' id='word_1_270' title='bbox 3309 937 3610 1007; x_wconf 74' lang='lat' dir='ltr'>caelorum,</span> <span class='ocrx_word' id='word_1_271' title='bbox 3646 958 3762 996; x_wconf 91' lang='lat' dir='ltr'>non</span> 
     </span>
    </p>
   </div>
   <div class='ocr_carea' id='block_1_41' title="bbox 2119 1019 3759 1100">
    <p class='ocr_par' dir='ltr' id='par_1_41' title="bbox 2119 1019 3759 1100">
     <span class='ocr_line' id='line_1_41' title="bbox 2119 1019 3759 1100; baseline 0.007 -27"><span class='ocrx_word' id='word_1_272' title='bbox 2119 1019 2308 1073; x_wconf 90' lang='lat' dir='ltr'>solum</span> <span class='ocrx_word' id='word_1_273' title='bbox 2389 1020 2487 1089; x_wconf 90' lang='lat' dir='ltr'>qui</span> <span class='ocrx_word' id='word_1_274' title='bbox 2555 1019 2800 1090; x_wconf 84' lang='lat' dir='ltr'>grandia</span> <span class='ocrx_word' id='word_1_275' title='bbox 2860 1028 3265 1090; x_wconf 86' lang='lat' dir='ltr'>peccaverunt,</span> <span class='ocrx_word' id='word_1_276' title='bbox 3322 1027 3479 1080; x_wconf 88' lang='lat' dir='ltr'>verbi</span> <span class='ocrx_word' id='word_1_277' title='bbox 3548 1030 3759 1100; x_wconf 88' lang='lat' dir='ltr'>gratia,</span> 
     </span>
    </p>
   </div>
   <div class='ocr_carea' id='block_1_42' title="bbox 2120 1107 3764 1175">
    <p class='ocr_par' dir='ltr' id='par_1_42' title="bbox 2120 1107 3764 1175">
     <span class='ocr_line' id='line_1_42' title="bbox 2120 1107 3764 1175; baseline 0.008 -14"><span class='ocrx_word' id='word_1_278' title='bbox 2120 1108 2517 1175; x_wconf 86' lang='lat' dir='ltr'>fornicatores,</span> <span class='ocrx_word' id='word_1_279' title='bbox 2552 1112 2608 1162; x_wconf 92' lang='lat' dir='ltr'>et</span> <span class='ocrx_word' id='word_1_280' title='bbox 2638 1107 2907 1173; x_wconf 88' lang='lat' dir='ltr'>adulteri,</span> <span class='ocrx_word' id='word_1_281' title='bbox 2941 1114 2996 1163; x_wconf 90' lang='lat' dir='ltr'>et</span> <span class='ocrx_word' id='word_1_282' title='bbox 3047 1111 3442 1169; x_wconf 87' lang='lat' dir='ltr'>masculorum</span> <span class='ocrx_word' id='word_1_283' title='bbox 3488 1119 3764 1173; x_wconf 89' lang='lat' dir='ltr'>concubi-</span> 
     </span>
    </p>
   </div>
   <div class='ocr_carea' id='block_1_43' title="bbox 2118 1198 3760 1275">
    <p class='ocr_par' dir='ltr' id='par_1_43' title="bbox 2118 1198 3760 1275">
     <span class='ocr_line' id='line_1_43' title="bbox 2118 1198 3760 1275; baseline 0.007 -24"><span class='ocrx_word' id='word_1_284' title='bbox 2118 1202 2295 1261; x_wconf 88' lang='lat' dir='ltr'>tores,</span> <span class='ocrx_word' id='word_1_285' title='bbox 2349 1202 2405 1252; x_wconf 94' lang='lat' dir='ltr'>et</span> <span class='ocrx_word' id='word_1_286' title='bbox 2452 1198 2631 1261; x_wconf 86' lang='lat' dir='ltr'>fures,</span> <span class='ocrx_word' id='word_1_287' title='bbox 2684 1198 2784 1251; x_wconf 91' lang='lat' dir='ltr'>sed</span> <span class='ocrx_word' id='word_1_288' title='bbox 2834 1202 2891 1251; x_wconf 91' lang='lat' dir='ltr'>et</span> <span class='ocrx_word' id='word_1_289' title='bbox 2938 1200 3037 1268; x_wconf 91' lang='lat' dir='ltr'>qui</span> <span class='ocrx_word' id='word_1_290' title='bbox 3089 1200 3317 1256; x_wconf 90' lang='lat' dir='ltr'>minora</span> <span class='ocrx_word' id='word_1_291' title='bbox 3364 1204 3760 1275; x_wconf 89' lang='lat' dir='ltr'>deliquerunt,</span> 
     </span>
    </p>
   </div>
   <div class='ocr_carea' id='block_1_44' title="bbox 2118 1286 3765 1367">
    <p class='ocr_par' dir='ltr' id='par_1_44' title="bbox 2118 1286 3765 1367">
     <span class='ocr_line' id='line_1_44' title="bbox 2118 1286 3765 1367; baseline 0.008 -28"><span class='ocrx_word' id='word_1_292' title='bbox 2118 1302 2185 1339; x_wconf 82' lang='lat' dir='ltr'>ex</span> <span class='ocrx_word' id='word_1_293' title='bbox 2212 1302 2277 1339; x_wconf 91' lang='lat' dir='ltr'>eo</span> <span class='ocrx_word' id='word_1_294' title='bbox 2309 1286 2465 1355; x_wconf 89' lang='lat' dir='ltr'>quod</span> <span class='ocrx_word' id='word_1_295' title='bbox 2498 1286 2779 1357; x_wconf 87' lang='lat' dir='ltr'>scriptum</span> <span class='ocrx_word' id='word_1_296' title='bbox 2820 1291 2943 1340; x_wconf 89' lang='lat' dir='ltr'>est:</span> <span class='ocrx_word' id='word_1_297' title='bbox 2998 1311 3023 1335; x_wconf 89' lang='grc'>‹‹</span> <span class='ocrx_word' id='word_1_298' title='bbox 3059 1288 3257 1360; x_wconf 90' lang='lat' dir='ltr'>Neque</span> <span class='ocrx_word' id='word_1_299' title='bbox 3305 1291 3540 1357; x_wconf 89' lang='lat' dir='ltr'>ebriosi,</span> <span class='ocrx_word' id='word_1_300' title='bbox 3575 1312 3765 1367; x_wconf 88' lang='lat' dir='ltr'>neque</span> 
     </span>
    </p>
   </div>
   <div class='ocr_carea' id='block_1_45' title="bbox 2120 1372 3760 1455">
    <p class='ocr_par' dir='ltr' id='par_1_45' title="bbox 2120 1372 3760 1455">
     <span class='ocr_line' id='line_1_45' title="bbox 2120 1372 3760 1455; baseline 0.009 -29"><span class='ocrx_word' id='word_1_301' title='bbox 2120 1372 2387 1427; x_wconf 84' lang='lat' dir='ltr'>maledici</span> <span class='ocrx_word' id='word_1_302' title='bbox 2421 1390 2689 1445; x_wconf 90' lang='lat' dir='ltr'>regnum,</span> <span class='ocrx_word' id='word_1_303' title='bbox 2724 1374 2823 1429; x_wconf 90' lang='lat' dir='ltr'>Dei</span> <span class='ocrx_word' id='word_1_304' title='bbox 2856 1376 3325 1449; x_wconf 83' lang='lat' dir='ltr'>possidebunt(l.</span> <span class='ocrx_word' id='word_1_305' title='bbox 3352 1381 3472 1437; x_wconf 85' lang='lat' dir='ltr'>Cor.</span> <span class='ocrx_word' id='word_1_306' title='bbox 3497 1401 3574 1450; x_wconf 86' lang='lat' dir='ltr'>v1,</span> <span class='ocrx_word' id='word_1_307' title='bbox 3608 1386 3695 1455; x_wconf 89' lang='grc'>10)</span> <span class='ocrx_word' id='word_1_308' title='bbox 3721 1404 3760 1453; x_wconf 89' lang='lat'>;.</span> 
     </span>
    </p>
   </div>
   <div class='ocr_carea' id='block_1_46' title="bbox 2123 1463 3759 1534">
    <p class='ocr_par' dir='ltr' id='par_1_46' title="bbox 2123 1463 3759 1534">
     <span class='ocr_line' id='line_1_46' title="bbox 2123 1463 3759 1534; baseline 0.01 -19"><span class='ocrx_word' id='word_1_309' title='bbox 2123 1467 2179 1515; x_wconf 93' lang='lat' dir='ltr'>et</span> <span class='ocrx_word' id='word_1_310' title='bbox 2225 1467 2345 1516; x_wconf 89' lang='lat' dir='ltr'>tam</span> <span class='ocrx_word' id='word_1_311' title='bbox 2396 1463 2451 1516; x_wconf 91' lang='lat' dir='ltr'>in</span> <span class='ocrx_word' id='word_1_312' title='bbox 2488 1464 2744 1518; x_wconf 86' lang='lat' dir='ltr'>bonitate</span> <span class='ocrx_word' id='word_1_313' title='bbox 2805 1481 2981 1534; x_wconf 91' lang='lat' dir='ltr'>quam</span> <span class='ocrx_word' id='word_1_314' title='bbox 3044 1465 3101 1519; x_wconf 91' lang='lat' dir='ltr'>in</span> <span class='ocrx_word' id='word_1_315' title='bbox 3136 1468 3439 1525; x_wconf 89' lang='lat' dir='ltr'>severitate</span> <span class='ocrx_word' id='word_1_316' title='bbox 3498 1472 3598 1527; x_wconf 92' lang='lat' dir='ltr'>Dei</span> <span class='ocrx_word' id='word_1_317' title='bbox 3630 1491 3759 1531; x_wconf 90' lang='lat' dir='ltr'>esse</span> 
     </span>
    </p>
   </div>
   <div class='ocr_carea' id='block_1_47' title="bbox 2121 1551 3761 1628">
    <p class='ocr_par' dir='ltr' id='par_1_47' title="bbox 2121 1551 3761 1628">
     <span class='ocr_line' id='line_1_47' title="bbox 2121 1551 3761 1628; baseline 0.007 -23"><span class='ocrx_word' id='word_1_318' title='bbox 2121 1566 2481 1605; x_wconf 87' lang='lat' dir='ltr'>mensuram.</span> <span class='ocrx_word' id='word_1_319' title='bbox 2516 1551 2677 1605; x_wconf 91' lang='lat' dir='ltr'>Unde</span> <span class='ocrx_word' id='word_1_320' title='bbox 2717 1558 2927 1606; x_wconf 89' lang='lat' dir='ltr'>cuncta</span> <span class='ocrx_word' id='word_1_321' title='bbox 2977 1553 3221 1609; x_wconf 90' lang='lat' dir='ltr'>nitimur</span> <span class='ocrx_word' id='word_1_322' title='bbox 3268 1574 3435 1628; x_wconf 87' lang='lat' dir='ltr'>agere</span> <span class='ocrx_word' id='word_1_323' title='bbox 3483 1561 3761 1618; x_wconf 88' lang='lat' dir='ltr'>consilio:</span> 
     </span>
    </p>
   </div>
   <div class='ocr_carea' id='block_1_48' title="bbox 2119 1638 3761 1719">
    <p class='ocr_par' dir='ltr' id='par_1_48' title="bbox 2119 1638 3761 1719">
     <span class='ocr_line' id='line_1_48' title="bbox 2119 1638 3761 1719; baseline 0.008 -27"><span class='ocrx_word' id='word_1_324' title='bbox 2119 1638 2176 1693; x_wconf 88' lang='lat' dir='ltr'>in</span> <span class='ocrx_word' id='word_1_325' title='bbox 2211 1640 2323 1693; x_wconf 92' lang='lat' dir='ltr'>vini</span> <span class='ocrx_word' id='word_1_326' title='bbox 2359 1656 2590 1710; x_wconf 91' lang='lat' dir='ltr'>quoque</span> <span class='ocrx_word' id='word_1_327' title='bbox 2622 1645 2781 1710; x_wconf 91' lang='lat' dir='ltr'>potu,</span> <span class='ocrx_word' id='word_1_328' title='bbox 2816 1645 2873 1695; x_wconf 88' lang='lat' dir='ltr'>et</span> <span class='ocrx_word' id='word_1_329' title='bbox 2902 1641 2960 1695; x_wconf 90' lang='lat' dir='ltr'>in</span> <span class='ocrx_word' id='word_1_330' title='bbox 3012 1643 3406 1701; x_wconf 89' lang='lat' dir='ltr'>moderatione</span> <span class='ocrx_word' id='word_1_331' title='bbox 3450 1650 3761 1719; x_wconf 90' lang='lat' dir='ltr'>sermonis,</span> 
     </span>
    </p>
   </div>
   <div class='ocr_carea' id='block_1_49' title="bbox 2121 1728 3765 1809">
    <p class='ocr_par' dir='ltr' id='par_1_49' title="bbox 2121 1728 3765 1809">
     <span class='ocr_line' id='line_1_49' title="bbox 2121 1728 3765 1809; baseline 0.008 -28"><span class='ocrx_word' id='word_1_332' title='bbox 2121 1733 2185 1782; x_wconf 93' lang='lat' dir='ltr'>ut</span> <span class='ocrx_word' id='word_1_333' title='bbox 2216 1728 2360 1781; x_wconf 90' lang='lat' dir='ltr'>nulli</span> <span class='ocrx_word' id='word_1_334' title='bbox 2393 1729 2717 1784; x_wconf 88' lang='lat' dir='ltr'>audeamus</span> <span class='ocrx_word' id='word_1_335' title='bbox 2749 1730 3114 1786; x_wconf 91' lang='lat' dir='ltr'>maledicere.</span> <span class='ocrx_word' id='word_1_336' title='bbox 3166 1733 3315 1804; x_wconf 87' lang='lat' dir='ltr'>Ergo</span> <span class='ocrx_word' id='word_1_337' title='bbox 3360 1752 3491 1790; x_wconf 91' lang='lat' dir='ltr'>cum</span> <span class='ocrx_word' id='word_1_338' title='bbox 3527 1742 3765 1809; x_wconf 89' lang='lat' dir='ltr'>propter</span> 
     </span>
    </p>
   </div>
   <div class='ocr_carea' id='block_1_50' title="bbox 2123 1817 3763 1895">
    <p class='ocr_par' dir='ltr' id='par_1_50' title="bbox 2123 1817 3763 1895">
     <span class='ocr_line' id='line_1_50' title="bbox 2123 1817 3763 1895; baseline 0.007 -24"><span class='ocrx_word' id='word_1_339' title='bbox 2123 1817 2265 1871; x_wconf 78' lang='lat' dir='ltr'><strong>5H</strong></span> <span class='ocrx_word' id='word_1_340' title='bbox 2315 1817 2414 1872; x_wconf 91' lang='lat' dir='ltr'>Dei</span> <span class='ocrx_word' id='word_1_341' title='bbox 2448 1818 2717 1872; x_wconf 89' lang='lat' dir='ltr'>timorem</span> <span class='ocrx_word' id='word_1_342' title='bbox 2752 1836 3057 1874; x_wconf 72' lang='lat' dir='ltr'>caveamus</span> <span class='ocrx_word' id='word_1_343' title='bbox 3102 1821 3159 1874; x_wconf 93' lang='lat' dir='ltr'>in</span> <span class='ocrx_word' id='word_1_344' title='bbox 3210 1824 3547 1895; x_wconf 87' lang='lat' dir='ltr'>quempiam</span> <span class='ocrx_word' id='word_1_345' title='bbox 3580 1827 3763 1884; x_wconf 88' lang='lat' dir='ltr'>male-</span> 
     </span>
    </p>
   </div>
   <div class='ocr_carea' id='block_1_51' title="bbox 2121 1906 3766 1979">
    <p class='ocr_par' dir='ltr' id='par_1_51' title="bbox 2121 1906 3766 1979">
     <span class='ocr_line' id='line_1_51' title="bbox 2121 1906 3766 1979; baseline 0.008 -20"><span class='ocrx_word' id='word_1_346' title='bbox 2121 1906 2276 1960; x_wconf 88' lang='lat' dir='ltr'>dicta</span> <span class='ocrx_word' id='word_1_347' title='bbox 2308 1907 2591 1973; x_wconf 89' lang='lat' dir='ltr'>conferre,</span> <span class='ocrx_word' id='word_1_348' title='bbox 2624 1909 2993 1963; x_wconf 85' lang='lat' dir='ltr'>recordantes</span> <span class='ocrx_word' id='word_1_349' title='bbox 3025 1908 3187 1964; x_wconf 91' lang='lat' dir='ltr'>illius</span> <span class='ocrx_word' id='word_1_350' title='bbox 3237 1912 3397 1979; x_wconf 90' lang='lat' dir='ltr'>dicti,</span> <span class='ocrx_word' id='word_1_351' title='bbox 3434 1938 3461 1961; x_wconf 82' lang='lat'><strong><em>«</em></strong></span> <span class='ocrx_word' id='word_1_352' title='bbox 3496 1915 3619 1969; x_wconf 90' lang='lat' dir='ltr'>Non</span> <span class='ocrx_word' id='word_1_353' title='bbox 3655 1917 3766 1973; x_wconf 90' lang='lat' dir='ltr'>fuit</span> 
     </span>
    </p>
   </div>
   <div class='ocr_carea' id='block_1_52' title="bbox 2120 1995 3764 2076">
    <p class='ocr_par' dir='ltr' id='par_1_52' title="bbox 2120 1995 3764 2076">
     <span class='ocr_line' id='line_1_52' title="bbox 2120 1995 3764 2076; baseline 0.004 -27"><span class='ocrx_word' id='word_1_354' title='bbox 2120 2012 2299 2049; x_wconf 86' lang='lat' dir='ltr'>ausus</span> <span class='ocrx_word' id='word_1_355' title='bbox 2326 1995 2619 2062; x_wconf 84' lang='lat' dir='ltr'>judicium</span> <span class='ocrx_word' id='word_1_356' title='bbox 2668 1996 2880 2051; x_wconf 87' lang='lat' dir='ltr'>inferre</span> <span class='ocrx_word' id='word_1_357' title='bbox 2940 1997 3320 2069; x_wconf 64' lang='lat' dir='ltr'>blasphemia:</span> <span class='ocrx_word' id='word_1_358' title='bbox 3380 2003 3555 2071; x_wconf 73' lang='lat' dir='ltr'>(Iuda:</span> <span class='ocrx_word' id='word_1_359' title='bbox 3604 2006 3680 2076; x_wconf 87' lang='lat'>9),</span> <span class='ocrx_word' id='word_1_360' title='bbox 3738 2029 3764 2055; x_wconf 77' lang='grc'><strong>››</strong></span> 
     </span>
    </p>
   </div>
   <div class='ocr_carea' id='block_1_53' title="bbox 2121 2084 3763 2160">
    <p class='ocr_par' dir='ltr' id='par_1_53' title="bbox 2121 2084 3763 2160">
     <span class='ocr_line' id='line_1_53' title="bbox 2121 2084 3763 2160; baseline 0.009 -25"><span class='ocrx_word' id='word_1_361' title='bbox 2121 2085 2273 2154; x_wconf 90' lang='lat' dir='ltr'>quod</span> <span class='ocrx_word' id='word_1_362' title='bbox 2305 2084 2519 2138; x_wconf 86' lang='lat' dir='ltr'>dicitur</span> <span class='ocrx_word' id='word_1_363' title='bbox 2549 2086 2619 2139; x_wconf 88' lang='lat' dir='ltr'>de</span> <span class='ocrx_word' id='word_1_364' title='bbox 2668 2085 2947 2141; x_wconf 87' lang='lat' dir='ltr'>Michaele</span> <span class='ocrx_word' id='word_1_365' title='bbox 2994 2092 3195 2141; x_wconf 90' lang='lat' dir='ltr'>contra</span> <span class='ocrx_word' id='word_1_366' title='bbox 3243 2090 3542 2146; x_wconf 78' lang='lat' dir='ltr'>diabolum</span> <span class='ocrx_word' id='word_1_367' title='bbox 3572 2112 3583 2160; x_wconf 92' lang='lat'>;</span> <span class='ocrx_word' id='word_1_368' title='bbox 3619 2100 3676 2148; x_wconf 90' lang='lat' dir='ltr'>et</span> <span class='ocrx_word' id='word_1_369' title='bbox 3706 2095 3763 2152; x_wconf 92' lang='lat' dir='ltr'>in</span> 
     </span>
    </p>
   </div>
   <div class='ocr_carea' id='block_1_54' title="bbox 2122 2172 3767 2255">
    <p class='ocr_par' dir='ltr' id='par_1_54' title="bbox 2122 2172 3767 2255">
     <span class='ocr_line' id='line_1_54' title="bbox 2122 2172 3767 2255; baseline 0.007 -29"><span class='ocrx_word' id='word_1_370' title='bbox 2122 2172 2234 2227; x_wconf 91' lang='lat' dir='ltr'>alio</span> <span class='ocrx_word' id='word_1_371' title='bbox 2266 2172 2391 2227; x_wconf 89' lang='lat' dir='ltr'>loco</span> <span class='ocrx_word' id='word_1_372' title='bbox 2422 2191 2433 2227; x_wconf 88' lang='lat'>:</span> <span class='ocrx_word' id='word_1_373' title='bbox 2472 2198 2495 2221; x_wconf 89' lang='grc'>‹‹</span> <span class='ocrx_word' id='word_1_374' title='bbox 2530 2173 2965 2228; x_wconf 87' lang='lat' dir='ltr'>Dominationes</span> <span class='ocrx_word' id='word_1_375' title='bbox 3000 2176 3237 2246; x_wconf 89' lang='lat' dir='ltr'>quidem</span> <span class='ocrx_word' id='word_1_376' title='bbox 3280 2180 3611 2249; x_wconf 90' lang='lat' dir='ltr'>reprobant,</span> <span class='ocrx_word' id='word_1_377' title='bbox 3640 2183 3767 2255; x_wconf 86' lang='lat' dir='ltr'>glo-</span> 
     </span>
    </p>
   </div>
   <div class='ocr_carea' id='block_1_55' title="bbox 2121 2260 3766 2337">
    <p class='ocr_par' dir='ltr' id='par_1_55' title="bbox 2121 2260 3766 2337">
     <span class='ocr_line' id='line_1_55' title="bbox 2121 2260 3766 2337; baseline 0.009 -24"><span class='ocrx_word' id='word_1_378' title='bbox 2121 2260 2237 2314; x_wconf 87' lang='lat' dir='ltr'>rias</span> <span class='ocrx_word' id='word_1_379' title='bbox 2257 2266 2449 2315; x_wconf 89' lang='lat' dir='ltr'>autem</span> <span class='ocrx_word' id='word_1_380' title='bbox 2478 2261 2889 2332; x_wconf 87' lang='lat' dir='ltr'>blasphemant</span> <span class='ocrx_word' id='word_1_381' title='bbox 2911 2263 3067 2332; x_wconf 67' lang='lat' dir='ltr'>(lbi/1.</span> <span class='ocrx_word' id='word_1_382' title='bbox 3098 2266 3181 2333; x_wconf 84' lang='grc' dir='ltr'>1υ)</span> <span class='ocrx_word' id='word_1_383' title='bbox 3210 2292 3222 2331; x_wconf 85' lang='grc'>;</span> <span class='ocrx_word' id='word_1_384' title='bbox 3251 2290 3270 2316; x_wconf 77' lang='grc' dir='ltr'>ι)</span> <span class='ocrx_word' id='word_1_385' title='bbox 3301 2268 3540 2337; x_wconf 90' lang='lat' dir='ltr'>quidam</span> <span class='ocrx_word' id='word_1_386' title='bbox 3564 2287 3766 2327; x_wconf 90' lang='lat' dir='ltr'>eorum</span> 
     </span>
    </p>
   </div>
   <div class='ocr_carea' id='block_1_56' title="bbox 2121 2347 3765 2422">
    <p class='ocr_par' dir='ltr' id='par_1_56' title="bbox 2121 2347 3765 2422">
     <span class='ocr_line' id='line_1_56' title="bbox 2121 2347 3765 2422; baseline 0.008 -21"><span class='ocrx_word' id='word_1_387' title='bbox 2121 2349 2221 2417; x_wconf 90' lang='lat' dir='ltr'>qui</span> <span class='ocrx_word' id='word_1_388' title='bbox 2253 2347 2501 2403; x_wconf 88' lang='lat' dir='ltr'>libenter</span> <span class='ocrx_word' id='word_1_389' title='bbox 2531 2351 2931 2405; x_wconf 85' lang='lat' dir='ltr'>contentiones</span> <span class='ocrx_word' id='word_1_390' title='bbox 2964 2353 3278 2422; x_wconf 89' lang='lat' dir='ltr'>reperiunt.</span> <span class='ocrx_word' id='word_1_391' title='bbox 3331 2356 3633 2412; x_wconf 89' lang='lat' dir='ltr'>ascribunt</span> <span class='ocrx_word' id='word_1_392' title='bbox 3663 2377 3765 2413; x_wconf 92' lang='lat' dir='ltr'>no-</span> 
     </span>
    </p>
   </div>
   <div class='ocr_carea' id='block_1_57' title="bbox 2121 2437 3769 2517">
    <p class='ocr_par' dir='ltr' id='par_1_57' title="bbox 2121 2437 3769 2517">
     <span class='ocr_line' id='line_1_57' title="bbox 2121 2437 3769 2517; baseline 0.007 -27"><span class='ocrx_word' id='word_1_393' title='bbox 2121 2437 2211 2491; x_wconf 89' lang='lat' dir='ltr'>bis</span> <span class='ocrx_word' id='word_1_394' title='bbox 2242 2442 2298 2491; x_wconf 91' lang='lat' dir='ltr'>et</span> <span class='ocrx_word' id='word_1_395' title='bbox 2347 2443 2559 2491; x_wconf 65' lang='lat' dir='ltr'>nostra:</span> <span class='ocrx_word' id='word_1_396' title='bbox 2614 2438 2889 2492; x_wconf 71' lang='lat' dir='ltr'>doctrina:</span> <span class='ocrx_word' id='word_1_397' title='bbox 2941 2437 3393 2510; x_wconf 83' lang='lat' dir='ltr'>blasphemiam,</span> <span class='ocrx_word' id='word_1_398' title='bbox 3446 2461 3622 2516; x_wconf 89' lang='lat' dir='ltr'>super</span> <span class='ocrx_word' id='word_1_399' title='bbox 3651 2464 3769 2517; x_wconf 89' lang='lat' dir='ltr'>qua</span> 
     </span>
    </p>
   </div>
   <div class='ocr_carea' id='block_1_58' title="bbox 2121 2524 3767 2607">
    <p class='ocr_par' dir='ltr' id='par_1_58' title="bbox 2121 2524 3767 2607">
     <span class='ocr_line' id='line_1_58' title="bbox 2121 2524 3767 2607; baseline 0.008 -29"><span class='ocrx_word' id='word_1_400' title='bbox 2121 2524 2232 2595; x_wconf 90' lang='lat' dir='ltr'>ipsi</span> <span class='ocrx_word' id='word_1_401' title='bbox 2295 2525 2564 2592; x_wconf 88' lang='lat' dir='ltr'>viderint,</span> <span class='ocrx_word' id='word_1_402' title='bbox 2631 2528 2924 2597; x_wconf 90' lang='lat' dir='ltr'>quomodo</span> <span class='ocrx_word' id='word_1_403' title='bbox 2984 2527 3127 2582; x_wconf 89' lang='lat' dir='ltr'>illud</span> <span class='ocrx_word' id='word_1_404' title='bbox 3178 2531 3457 2587; x_wconf 85' lang='lat' dir='ltr'>audiant:</span> <span class='ocrx_word' id='word_1_405' title='bbox 3513 2535 3767 2607; x_wconf 84' lang='lat' dir='ltr'>«Neque</span> 
     </span>
    </p>
   </div>
   <div class='ocr_carea' id='block_1_59' title="bbox 2121 2614 3769 2693">
    <p class='ocr_par' dir='ltr' id='par_1_59' title="bbox 2121 2614 3769 2693">
     <span class='ocr_line' id='line_1_59' title="bbox 2121 2614 3769 2693; baseline 0.007 -26"><span class='ocrx_word' id='word_1_406' title='bbox 2121 2614 2357 2679; x_wconf 88' lang='lat' dir='ltr'>ebriosi,</span> <span class='ocrx_word' id='word_1_407' title='bbox 2392 2631 2579 2685; x_wconf 89' lang='lat' dir='ltr'>neque</span> <span class='ocrx_word' id='word_1_408' title='bbox 2619 2614 2887 2669; x_wconf 88' lang='lat' dir='ltr'>maledici</span> <span class='ocrx_word' id='word_1_409' title='bbox 2939 2633 3182 2688; x_wconf 88' lang='lat' dir='ltr'>regnum</span> <span class='ocrx_word' id='word_1_410' title='bbox 3234 2619 3333 2674; x_wconf 91' lang='lat' dir='ltr'>Dei</span> <span class='ocrx_word' id='word_1_411' title='bbox 3384 2622 3769 2693; x_wconf 89' lang='lat' dir='ltr'>possidebunt</span> 
     </span>
    </p>
   </div>
   <div class='ocr_carea' id='block_1_60' title="bbox 2120 2702 3766 2784">
    <p class='ocr_par' dir='ltr' id='par_1_60' title="bbox 2120 2702 3766 2784">
     <span class='ocr_line' id='line_1_60' title="bbox 2120 2702 3766 2784; baseline 0.007 -27"><span class='ocrx_word' id='word_1_412' title='bbox 2120 2705 2170 2767; x_wconf 89' lang='grc' dir='ltr'>(Ι</span> <span class='ocrx_word' id='word_1_413' title='bbox 2198 2702 2317 2757; x_wconf 84' lang='lat' dir='ltr'>Cor.</span> <span class='ocrx_word' id='word_1_414' title='bbox 2351 2721 2426 2765; x_wconf 85' lang='lat' dir='ltr'>v1,</span> <span class='ocrx_word' id='word_1_415' title='bbox 2460 2705 2591 2771; x_wconf 81' lang='lat'>10);</span> <span class='ocrx_word' id='word_1_416' title='bbox 2632 2728 2656 2751; x_wconf 88' lang='grc'><strong>››</strong></span> <span class='ocrx_word' id='word_1_417' title='bbox 2708 2704 2840 2758; x_wconf 92' lang='lat' dir='ltr'>licet</span> <span class='ocrx_word' id='word_1_418' title='bbox 2890 2711 3115 2775; x_wconf 83' lang='lat' dir='ltr'>patrem</span> <span class='ocrx_word' id='word_1_419' title='bbox 3171 2708 3403 2763; x_wconf 83' lang='lat' dir='ltr'>malitiae</span> <span class='ocrx_word' id='word_1_420' title='bbox 3458 2716 3514 2766; x_wconf 93' lang='lat' dir='ltr'>et</span> <span class='ocrx_word' id='word_1_421' title='bbox 3569 2715 3766 2784; x_wconf 91' lang='lat' dir='ltr'>perdi-</span> 
     </span>
    </p>
   </div>
   <div class='ocr_carea' id='block_1_61' title="bbox 2123 2790 3768 2866">
    <p class='ocr_par' dir='ltr' id='par_1_61' title="bbox 2123 2790 3768 2866">
     <span class='ocr_line' id='line_1_61' title="bbox 2123 2790 3768 2866; baseline 0.009 -21"><span class='ocrx_word' id='word_1_422' title='bbox 2123 2790 2297 2846; x_wconf 89' lang='lat' dir='ltr'>tionis</span> <span class='ocrx_word' id='word_1_423' title='bbox 2330 2808 2554 2861; x_wconf 91' lang='lat' dir='ltr'>eorum,</span> <span class='ocrx_word' id='word_1_424' title='bbox 2588 2792 2685 2863; x_wconf 90' lang='lat' dir='ltr'>qui</span> <span class='ocrx_word' id='word_1_425' title='bbox 2717 2793 2787 2846; x_wconf 91' lang='lat' dir='ltr'>de</span> <span class='ocrx_word' id='word_1_426' title='bbox 2819 2809 2995 2864; x_wconf 92' lang='lat' dir='ltr'>regno</span> <span class='ocrx_word' id='word_1_427' title='bbox 3040 2794 3139 2849; x_wconf 89' lang='lat' dir='ltr'>Dei</span> <span class='ocrx_word' id='word_1_428' title='bbox 3188 2798 3515 2866; x_wconf 81' lang='lat' dir='ltr'>ejicientur,</span> <span class='ocrx_word' id='word_1_429' title='bbox 3570 2803 3768 2859; x_wconf 87' lang='lat' dir='ltr'>dicant</span> 
     </span>
    </p>
   </div>
   <div class='ocr_carea' id='block_1_62' title="bbox 2122 2878 3765 2962">
    <p class='ocr_par' dir='ltr' id='par_1_62' title="bbox 2122 2878 3765 2962">
     <span class='ocr_line' id='line_1_62' title="bbox 2122 2878 3765 2962; baseline 0.009 -28"><span class='ocrx_word' id='word_1_430' title='bbox 2122 2896 2293 2949; x_wconf 89' lang='lat' dir='ltr'>posse</span> <span class='ocrx_word' id='word_1_431' title='bbox 2332 2878 2565 2944; x_wconf 88' lang='lat' dir='ltr'>salvari,</span> <span class='ocrx_word' id='word_1_432' title='bbox 2601 2882 2752 2951; x_wconf 90' lang='lat' dir='ltr'>quod</span> <span class='ocrx_word' id='word_1_433' title='bbox 2786 2898 2857 2936; x_wconf 91' lang='lat' dir='ltr'>ne</span> <span class='ocrx_word' id='word_1_434' title='bbox 2890 2888 3081 2937; x_wconf 90' lang='lat' dir='ltr'>mente</span> <span class='ocrx_word' id='word_1_435' title='bbox 3122 2885 3356 2955; x_wconf 90' lang='lat' dir='ltr'>quidem</span> <span class='ocrx_word' id='word_1_436' title='bbox 3392 2890 3525 2958; x_wconf 86' lang='lat' dir='ltr'>quis</span> <span class='ocrx_word' id='word_1_437' title='bbox 3556 2897 3765 2962; x_wconf 89' lang='lat' dir='ltr'>captus</span> 
     </span>
    </p>
   </div>
   <div class='ocr_carea' id='block_1_63' title="bbox 2124 2968 3767 3050">
    <p class='ocr_par' dir='ltr' id='par_1_63' title="bbox 2124 2968 3767 3050">
     <span class='ocr_line' id='line_1_63' title="bbox 2124 2968 3767 3050; baseline 0.01 -29"><span class='ocrx_word' id='word_1_438' title='bbox 2124 2968 2313 3023; x_wconf 90' lang='lat' dir='ltr'>dicere</span> <span class='ocrx_word' id='word_1_439' title='bbox 2344 2973 2549 3039; x_wconf 89' lang='lat' dir='ltr'>potest.</span> <span class='ocrx_word' id='word_1_440' title='bbox 2590 2993 2615 3015; x_wconf 72' lang='grc' dir='ltr'>›ι</span> <span class='ocrx_word' id='word_1_441' title='bbox 2648 2969 2862 3024; x_wconf 77' lang='lat' dir='ltr'>Caetera</span> <span class='ocrx_word' id='word_1_442' title='bbox 2894 2972 3129 3042; x_wconf 90' lang='lat' dir='ltr'>quidem</span> <span class='ocrx_word' id='word_1_443' title='bbox 3161 2990 3228 3027; x_wconf 80' lang='lat' dir='ltr'>ex</span> <span class='ocrx_word' id='word_1_444' title='bbox 3261 2976 3462 3030; x_wconf 90' lang='lat' dir='ltr'>eadem</span> <span class='ocrx_word' id='word_1_445' title='bbox 3518 2980 3767 3050; x_wconf 89' lang='lat' dir='ltr'>epistola</span> 
     </span>
    </p>
   </div>
   <div class='ocr_carea' id='block_1_64' title="bbox 2122 3057 3768 3141">
    <p class='ocr_par' dir='ltr' id='par_1_64' title="bbox 2122 3057 3768 3141">
     <span class='ocr_line' id='line_1_64' title="bbox 2122 3057 3768 3141; baseline 0.008 -30"><span class='ocrx_word' id='word_1_446' title='bbox 2122 3057 2422 3112; x_wconf 88' lang='lat' dir='ltr'>transtulit</span> <span class='ocrx_word' id='word_1_447' title='bbox 2460 3074 2563 3128; x_wconf 91' lang='lat' dir='ltr'>pro</span> <span class='ocrx_word' id='word_1_448' title='bbox 2594 3058 2724 3125; x_wconf 85' lang='lat' dir='ltr'>hoc,</span> <span class='ocrx_word' id='word_1_449' title='bbox 2758 3061 2909 3129; x_wconf 90' lang='lat' dir='ltr'>quod</span> <span class='ocrx_word' id='word_1_450' title='bbox 2957 3060 3014 3114; x_wconf 91' lang='lat' dir='ltr'>in</span> <span class='ocrx_word' id='word_1_451' title='bbox 3068 3063 3181 3116; x_wconf 80' lang='lat' dir='ltr'>fine</span> <span class='ocrx_word' id='word_1_452' title='bbox 3230 3064 3540 3121; x_wconf 85' lang='lat' dir='ltr'>verborum</span> <span class='ocrx_word' id='word_1_453' title='bbox 3573 3068 3768 3141; x_wconf 85' lang='lat' dir='ltr'>Orige-</span> 
     </span>
    </p>
   </div>
   <div class='ocr_carea' id='block_1_65' title="bbox 2123 3147 3765 3225">
    <p class='ocr_par' dir='ltr' id='par_1_65' title="bbox 2123 3147 3765 3225">
     <span class='ocr_line' id='line_1_65' title="bbox 2123 3147 3765 3225; baseline 0.009 -25"><span class='ocrx_word' id='word_1_454' title='bbox 2123 3147 2215 3201; x_wconf 92' lang='lat' dir='ltr'>nis</span> <span class='ocrx_word' id='word_1_455' title='bbox 2248 3147 2609 3218; x_wconf 88' lang='lat' dir='ltr'>interpretati</span> <span class='ocrx_word' id='word_1_456' title='bbox 2643 3164 2872 3202; x_wconf 74' lang='lat' dir='ltr'>sumus.</span> <span class='ocrx_word' id='word_1_457' title='bbox 2908 3171 2931 3197; x_wconf 70' lang='grc' dir='ltr'>(ς</span> <span class='ocrx_word' id='word_1_458' title='bbox 2977 3150 3125 3221; x_wconf 91' lang='lat' dir='ltr'>Ergo</span> <span class='ocrx_word' id='word_1_459' title='bbox 3156 3167 3291 3207; x_wconf 92' lang='lat' dir='ltr'>cum</span> <span class='ocrx_word' id='word_1_460' title='bbox 3325 3163 3560 3225; x_wconf 87' lang='lat' dir='ltr'>propter</span> <span class='ocrx_word' id='word_1_461' title='bbox 3590 3158 3765 3213; x_wconf 88' lang='lat' dir='ltr'>timo-</span> 
     </span>
    </p>
   </div>
   <div class='ocr_carea' id='block_1_66' title="bbox 363 3232 3767 3314">
    <p class='ocr_par' dir='ltr' id='par_1_66' title="bbox 363 3232 3767 3314">
     <span class='ocr_line' id='line_1_66' title="bbox 363 3232 3767 3314; baseline -0.003 -14"><span class='ocrx_word' id='word_1_462' title='bbox 363 3251 554 3314; x_wconf 85' lang='lat' dir='ltr'>catus,</span> <span class='ocrx_word' id='word_1_463' title='bbox 590 3243 714 3297; x_wconf 67' lang='lat' dir='ltr'>haec</span> <span class='ocrx_word' id='word_1_464' title='bbox 742 3241 980 3296; x_wconf 91' lang='lat' dir='ltr'>intulit:</span> <span class='ocrx_word' id='word_1_465' title='bbox 1015 3264 1042 3291; x_wconf 82' lang='grc'><em>‹‹</em></span> <span class='ocrx_word' id='word_1_466' title='bbox 1077 3241 1223 3304; x_wconf 91' lang='lat' dir='ltr'>Quid</span> <span class='ocrx_word' id='word_1_467' title='bbox 1258 3255 1491 3295; x_wconf 88' lang='lat' dir='ltr'>necesse</span> <span class='ocrx_word' id='word_1_468' title='bbox 1523 3243 1611 3294; x_wconf 89' lang='lat' dir='ltr'>est</span> <span class='ocrx_word' id='word_1_469' title='bbox 1650 3239 1720 3292; x_wconf 87' lang='lat' dir='ltr'>de</span> <span class='ocrx_word' id='word_1_470' title='bbox 1763 3236 2010 3308; x_wconf 89' lang='lat' dir='ltr'>prophe-</span> <span class='ocrx_word' id='word_1_471' title='bbox 2042 3232 2084 3297; x_wconf 89' lang='lat' dir='ltr'>C</span> <span class='ocrx_word' id='word_1_472' title='bbox 2124 3252 2245 3289; x_wconf 88' lang='lat' dir='ltr'>rem</span> <span class='ocrx_word' id='word_1_473' title='bbox 2278 3234 2375 3289; x_wconf 88' lang='lat' dir='ltr'>Dei</span> <span class='ocrx_word' id='word_1_474' title='bbox 2427 3252 2732 3291; x_wconf 88' lang='lat' dir='ltr'>caveamus</span> <span class='ocrx_word' id='word_1_475' title='bbox 2782 3237 2839 3290; x_wconf 92' lang='lat' dir='ltr'>in</span> <span class='ocrx_word' id='word_1_476' title='bbox 2891 3239 3225 3309; x_wconf 90' lang='lat' dir='ltr'>quempiam</span> <span class='ocrx_word' id='word_1_477' title='bbox 3276 3241 3587 3298; x_wconf 89' lang='lat' dir='ltr'>maledicta</span> <span class='ocrx_word' id='word_1_478' title='bbox 3624 3261 3767 3301; x_wconf 81' lang='lat' dir='ltr'>con-</span> 
     </span>
    </p>
   </div>
   <div class='ocr_carea' id='block_1_67' title="bbox 363 3326 2012 3400">
    <p class='ocr_par' dir='ltr' id='par_1_67' title="bbox 363 3326 2012 3400">
     <span class='ocr_line' id='line_1_67' title="bbox 363 3326 2012 3400; baseline -0.006 -12"><span class='ocrx_word' id='word_1_479' title='bbox 363 3340 560 3388; x_wconf 90' lang='lat' dir='ltr'>tarum</span> <span class='ocrx_word' id='word_1_480' title='bbox 608 3330 983 3386; x_wconf 90' lang='lat' dir='ltr'>sermonibus</span> <span class='ocrx_word' id='word_1_481' title='bbox 1030 3329 1239 3395; x_wconf 88' lang='lat' dir='ltr'>dicere,</span> <span class='ocrx_word' id='word_1_482' title='bbox 1290 3328 1504 3400; x_wconf 89' lang='lat' dir='ltr'>quibus</span> <span class='ocrx_word' id='word_1_483' title='bbox 1561 3326 1881 3398; x_wconf 78' lang='lat' dir='ltr'>saepissime</span> <span class='ocrx_word' id='word_1_484' title='bbox 1912 3342 2012 3396; x_wconf 87' lang='lat' dir='ltr'>pa-</span> 
     </span>
    </p>
   </div>
   <div class='ocr_carea' id='block_1_68' title="bbox 364 3415 2015 3488">
    <p class='ocr_par' dir='ltr' id='par_1_68' title="bbox 364 3415 2015 3488">
     <span class='ocr_line' id='line_1_68' title="bbox 364 3415 2015 3488; baseline -0.006 -10"><span class='ocrx_word' id='word_1_485' title='bbox 364 3422 651 3485; x_wconf 90' lang='lat' dir='ltr'>storibus,</span> <span class='ocrx_word' id='word_1_486' title='bbox 706 3425 763 3475; x_wconf 89' lang='lat' dir='ltr'>et</span> <span class='ocrx_word' id='word_1_487' title='bbox 812 3418 1136 3488; x_wconf 86' lang='lat' dir='ltr'>majoribus</span> <span class='ocrx_word' id='word_1_488' title='bbox 1188 3422 1350 3483; x_wconf 88' lang='lat' dir='ltr'>natu,</span> <span class='ocrx_word' id='word_1_489' title='bbox 1399 3421 1455 3471; x_wconf 91' lang='lat' dir='ltr'>et</span> <span class='ocrx_word' id='word_1_490' title='bbox 1492 3415 1915 3480; x_wconf 88' lang='lat' dir='ltr'>sacerdotibus,</span> <span class='ocrx_word' id='word_1_491' title='bbox 1950 3428 2015 3468; x_wconf 89' lang='lat' dir='ltr'>ac</span> 
     </span>
    </p>
   </div>
   <div class='ocr_carea' id='block_1_69' title="bbox 363 3502 2018 3582">
    <p class='ocr_par' dir='ltr' id='par_1_69' title="bbox 363 3502 2018 3582">
     <span class='ocr_line' id='line_1_69' title="bbox 363 3502 2018 3582; baseline -0.005 -17"><span class='ocrx_word' id='word_1_492' title='bbox 363 3508 737 3582; x_wconf 88' lang='lat' dir='ltr'>principibus</span> <span class='ocrx_word' id='word_1_493' title='bbox 768 3506 968 3579; x_wconf 92' lang='lat' dir='ltr'>populi</span> <span class='ocrx_word' id='word_1_494' title='bbox 1000 3506 1435 3562; x_wconf 90' lang='lat' dir='ltr'>comminantur</span> <span class='ocrx_word' id='word_1_495' title='bbox 1484 3510 1540 3559; x_wconf 90' lang='lat' dir='ltr'>et</span> <span class='ocrx_word' id='word_1_496' title='bbox 1587 3509 1841 3576; x_wconf 88' lang='lat' dir='ltr'>arguunt</span> <span class='ocrx_word' id='word_1_497' title='bbox 1872 3520 1969 3558; x_wconf 86' lang='lat' dir='ltr'>eos</span> <span class='ocrx_word' id='word_1_498' title='bbox 1991 3502 2018 3555; x_wconf 83' lang='lat'><strong>?</strong></span> 
     </span>
    </p>
   </div>
   <div class='ocr_carea' id='block_1_70' title="bbox 373 3591 2020 3667">
    <p class='ocr_par' dir='ltr' id='par_1_70' title="bbox 373 3591 2020 3667">
     <span class='ocr_line' id='line_1_70' title="bbox 373 3591 2020 3667; baseline -0.003 -16"><span class='ocrx_word' id='word_1_499' title='bbox 373 3600 514 3662; x_wconf 75' lang='lat' dir='ltr'>Quae</span> <span class='ocrx_word' id='word_1_500' title='bbox 567 3598 777 3667; x_wconf 86' lang='lat' dir='ltr'>absque</span> <span class='ocrx_word' id='word_1_501' title='bbox 822 3596 993 3651; x_wconf 89' lang='lat' dir='ltr'>nobis</span> <span class='ocrx_word' id='word_1_502' title='bbox 1043 3596 1114 3651; x_wconf 93' lang='lat' dir='ltr'>de</span> <span class='ocrx_word' id='word_1_503' title='bbox 1172 3595 1392 3651; x_wconf 87' lang='lat' dir='ltr'>sanctis</span> <span class='ocrx_word' id='word_1_504' title='bbox 1450 3592 1764 3665; x_wconf 90' lang='lat' dir='ltr'>Scripturis</span> <span class='ocrx_word' id='word_1_505' title='bbox 1812 3591 2020 3646; x_wconf 88' lang='lat' dir='ltr'>elicere</span> 
     </span>
    </p>
   </div>
   <div class='ocr_carea' id='block_1_71' title="bbox 376 3680 2022 3758">
    <p class='ocr_par' dir='ltr' id='par_1_71' title="bbox 376 3680 2022 3758">
     <span class='ocr_line' id='line_1_71' title="bbox 376 3680 2022 3758; baseline -0.005 -17"><span class='ocrx_word' id='word_1_506' title='bbox 376 3684 651 3758; x_wconf 84' lang='lat' dir='ltr'>potestis,</span> <span class='ocrx_word' id='word_1_507' title='bbox 701 3690 752 3739; x_wconf 87' lang='lat' dir='ltr'>et</span> <span class='ocrx_word' id='word_1_508' title='bbox 791 3685 1015 3757; x_wconf 88' lang='lat' dir='ltr'>liquido</span> <span class='ocrx_word' id='word_1_509' title='bbox 1059 3684 1375 3756; x_wconf 88' lang='lat' dir='ltr'>pervidere,</span> <span class='ocrx_word' id='word_1_510' title='bbox 1424 3682 1577 3754; x_wconf 91' lang='lat' dir='ltr'>quod</span> <span class='ocrx_word' id='word_1_511' title='bbox 1628 3680 1871 3735; x_wconf 81' lang='lat' dir='ltr'>forsitan</span> <span class='ocrx_word' id='word_1_512' title='bbox 1912 3680 2022 3734; x_wconf 89' lang='lat' dir='ltr'>hoc</span> 
     </span>
    </p>
   </div>
   <div class='ocr_carea' id='block_1_72' title="bbox 371 3768 2022 3847">
    <p class='ocr_par' dir='ltr' id='par_1_72' title="bbox 371 3768 2022 3847">
     <span class='ocr_line' id='line_1_72' title="bbox 371 3768 2022 3847; baseline -0.005 -18"><span class='ocrx_word' id='word_1_513' title='bbox 371 3782 612 3846; x_wconf 87' lang='lat' dir='ltr'>tempus</span> <span class='ocrx_word' id='word_1_514' title='bbox 643 3773 734 3840; x_wconf 90' lang='lat' dir='ltr'>sit,</span> <span class='ocrx_word' id='word_1_515' title='bbox 767 3775 838 3829; x_wconf 89' lang='lat' dir='ltr'>de</span> <span class='ocrx_word' id='word_1_516' title='bbox 869 3789 983 3847; x_wconf 92' lang='lat' dir='ltr'>quo</span> <span class='ocrx_word' id='word_1_517' title='bbox 1015 3773 1267 3827; x_wconf 88' lang='lat' dir='ltr'>dicitur:</span> <span class='ocrx_word' id='word_1_518' title='bbox 1324 3795 1349 3821; x_wconf 76' lang='grc' dir='ltr'><strong>(ι</strong></span> <span class='ocrx_word' id='word_1_519' title='bbox 1382 3770 1567 3826; x_wconf 78' lang='lat' dir='ltr'>Nolite</span> <span class='ocrx_word' id='word_1_520' title='bbox 1612 3769 1845 3824; x_wconf 86' lang='lat' dir='ltr'>credere</span> <span class='ocrx_word' id='word_1_521' title='bbox 1877 3768 2022 3823; x_wconf 87' lang='lat' dir='ltr'>ami-</span> 
     </span>
    </p>
   </div>
   <div class='ocr_carea' id='block_1_73' title="bbox 366 3859 2026 3936">
    <p class='ocr_par' dir='ltr' id='par_1_73' title="bbox 366 3859 2026 3936">
     <span class='ocr_line' id='line_1_73' title="bbox 366 3859 2026 3936; baseline -0.005 -15"><span class='ocrx_word' id='word_1_522' title='bbox 366 3866 477 3933; x_wconf 89' lang='lat' dir='ltr'>cis,</span> <span class='ocrx_word' id='word_1_523' title='bbox 512 3881 621 3919; x_wconf 90' lang='lat' dir='ltr'>nec</span> <span class='ocrx_word' id='word_1_524' title='bbox 652 3864 901 3936; x_wconf 89' lang='lat' dir='ltr'>speretis</span> <span class='ocrx_word' id='word_1_525' title='bbox 933 3863 991 3917; x_wconf 92' lang='lat' dir='ltr'>in</span> <span class='ocrx_word' id='word_1_526' title='bbox 1026 3861 1393 3934; x_wconf 88' lang='lat' dir='ltr'>principibus</span> <span class='ocrx_word' id='word_1_527' title='bbox 1424 3860 1603 3931; x_wconf 81' lang='lat' dir='ltr'>(Mich.</span> <span class='ocrx_word' id='word_1_528' title='bbox 1646 3876 1745 3926; x_wconf 83' lang='lat' dir='ltr'>vn,</span> <span class='ocrx_word' id='word_1_529' title='bbox 1779 3859 1874 3925; x_wconf 84' lang='lat'>5);</span> <span class='ocrx_word' id='word_1_530' title='bbox 1910 3881 1935 3907; x_wconf 84' lang='grc'><strong>››</strong></span> <span class='ocrx_word' id='word_1_531' title='bbox 1970 3861 2026 3912; x_wconf 91' lang='lat' dir='ltr'>et</span> 
     </span>
    </p>
   </div>
   <div class='ocr_carea' id='block_1_74' title="bbox 367 3944 2026 4023">
    <p class='ocr_par' dir='ltr' id='par_1_74' title="bbox 367 3944 2026 4023">
     <span class='ocr_line' id='line_1_74' title="bbox 367 3944 2026 4023; baseline -0.007 -13"><span class='ocrx_word' id='word_1_532' title='bbox 367 3970 527 4010; x_wconf 93' lang='lat' dir='ltr'>nunc</span> <span class='ocrx_word' id='word_1_533' title='bbox 578 3953 898 4023; x_wconf 89' lang='lat' dir='ltr'>impleatur</span> <span class='ocrx_word' id='word_1_534' title='bbox 942 3950 1320 4007; x_wconf 88' lang='lat' dir='ltr'>vaticinium:</span> <span class='ocrx_word' id='word_1_535' title='bbox 1374 3972 1400 3998; x_wconf 82' lang='lat'><strong>«</strong></span> <span class='ocrx_word' id='word_1_536' title='bbox 1439 3953 1621 4004; x_wconf 86' lang='lat' dir='ltr'>Duces</span> <span class='ocrx_word' id='word_1_537' title='bbox 1670 3945 1868 4019; x_wconf 92' lang='lat' dir='ltr'>populi</span> <span class='ocrx_word' id='word_1_538' title='bbox 1912 3944 2026 4000; x_wconf 93' lang='lat' dir='ltr'>mei</span> 
     </span>
    </p>
   </div>
   <div class='ocr_carea' id='block_1_75' title="bbox 368 4034 2025 4106">
    <p class='ocr_par' dir='ltr' id='par_1_75' title="bbox 368 4034 2025 4106">
     <span class='ocr_line' id='line_1_75' title="bbox 368 4034 2025 4106; baseline -0.007 -7"><span class='ocrx_word' id='word_1_539' title='bbox 368 4060 461 4099; x_wconf 91' lang='lat' dir='ltr'>me</span> <span class='ocrx_word' id='word_1_540' title='bbox 492 4042 862 4106; x_wconf 88' lang='lat' dir='ltr'>nescierunt,</span> <span class='ocrx_word' id='word_1_541' title='bbox 898 4039 1001 4094; x_wconf 79' lang='lat' dir='ltr'>filii</span> <span class='ocrx_word' id='word_1_542' title='bbox 1033 4038 1195 4094; x_wconf 92' lang='lat' dir='ltr'>stulti</span> <span class='ocrx_word' id='word_1_543' title='bbox 1221 4042 1380 4104; x_wconf 91' lang='lat' dir='ltr'>sunt,</span> <span class='ocrx_word' id='word_1_544' title='bbox 1412 4042 1467 4092; x_wconf 92' lang='lat' dir='ltr'>et</span> <span class='ocrx_word' id='word_1_545' title='bbox 1498 4054 1613 4092; x_wconf 92' lang='lat' dir='ltr'>non</span> <span class='ocrx_word' id='word_1_546' title='bbox 1638 4040 1776 4091; x_wconf 91' lang='lat' dir='ltr'>sunt</span> <span class='ocrx_word' id='word_1_547' title='bbox 1796 4034 2025 4105; x_wconf 89' lang='lat' dir='ltr'>sapien-</span> 
     </span>
    </p>
   </div>
   <div class='ocr_carea' id='block_1_76' title="bbox 371 4125 2023 4204">
    <p class='ocr_par' dir='ltr' id='par_1_76' title="bbox 371 4125 2023 4204">
     <span class='ocr_line' id='line_1_76' title="bbox 371 4125 2023 4204; baseline -0.006 -17"><span class='ocrx_word' id='word_1_548' title='bbox 371 4138 477 4189; x_wconf 91' lang='lat' dir='ltr'>tes.</span> <span class='ocrx_word' id='word_1_549' title='bbox 512 4132 829 4204; x_wconf 88' lang='lat' dir='ltr'>Sapientes</span> <span class='ocrx_word' id='word_1_550' title='bbox 862 4132 1022 4196; x_wconf 89' lang='lat' dir='ltr'>sunt,</span> <span class='ocrx_word' id='word_1_551' title='bbox 1055 4133 1121 4183; x_wconf 90' lang='lat' dir='ltr'>ut</span> <span class='ocrx_word' id='word_1_552' title='bbox 1153 4127 1369 4183; x_wconf 84' lang='lat' dir='ltr'>faciant</span> <span class='ocrx_word' id='word_1_553' title='bbox 1422 4125 1598 4191; x_wconf 91' lang='lat' dir='ltr'>mala,</span> <span class='ocrx_word' id='word_1_554' title='bbox 1652 4126 1799 4179; x_wconf 90' lang='lat' dir='ltr'>bene</span> <span class='ocrx_word' id='word_1_555' title='bbox 1830 4127 2023 4178; x_wconf 84' lang='lat' dir='ltr'>autem</span> 
     </span>
    </p>
   </div>
   <div class='ocr_carea' id='block_1_77' title="bbox 372 4215 2025 4289">
    <p class='ocr_par' dir='ltr' id='par_1_77' title="bbox 372 4215 2025 4289">
     <span class='ocr_line' id='line_1_77' title="bbox 372 4215 2025 4289; baseline -0.007 -12"><span class='ocrx_word' id='word_1_556' title='bbox 372 4223 559 4277; x_wconf 86' lang='lat' dir='ltr'>facere</span> <span class='ocrx_word' id='word_1_557' title='bbox 614 4218 1162 4289; x_wconf 83' lang='lat' dir='ltr'>nesciunt(Jerem.</span> <span class='ocrx_word' id='word_1_558' title='bbox 1227 4234 1301 4283; x_wconf 79' lang='grc' dir='ltr'>ιν,</span> <span class='ocrx_word' id='word_1_559' title='bbox 1359 4218 1449 4285; x_wconf 89' lang='lat'>2|,</span> <span class='ocrx_word' id='word_1_560' title='bbox 1507 4215 1708 4285; x_wconf 83' lang='lat'>22);»</span> <span class='ocrx_word' id='word_1_561' title='bbox 1774 4227 2025 4284; x_wconf 89' lang='lat' dir='ltr'>quorum</span> 
     </span>
    </p>
   </div>
   <div class='ocr_carea' id='block_1_78' title="bbox 374 4303 2027 4383">
    <p class='ocr_par' dir='ltr' id='par_1_78' title="bbox 374 4303 2027 4383">
     <span class='ocr_line' id='line_1_78' title="bbox 374 4303 2027 4383; baseline -0.008 -17"><span class='ocrx_word' id='word_1_562' title='bbox 374 4310 564 4383; x_wconf 86' lang='lat' dir='ltr'>magis</span> <span class='ocrx_word' id='word_1_563' title='bbox 588 4306 856 4363; x_wconf 90' lang='lat' dir='ltr'>misereri</span> <span class='ocrx_word' id='word_1_564' title='bbox 878 4323 1053 4377; x_wconf 89' lang='lat' dir='ltr'>quam</span> <span class='ocrx_word' id='word_1_565' title='bbox 1086 4322 1184 4361; x_wconf 91' lang='lat' dir='ltr'>eos</span> <span class='ocrx_word' id='word_1_566' title='bbox 1215 4304 1407 4359; x_wconf 88' lang='lat' dir='ltr'>odisse</span> <span class='ocrx_word' id='word_1_567' title='bbox 1440 4303 1742 4366; x_wconf 90' lang='lat' dir='ltr'>debemus,</span> <span class='ocrx_word' id='word_1_568' title='bbox 1778 4306 1833 4355; x_wconf 90' lang='lat' dir='ltr'>et</span> <span class='ocrx_word' id='word_1_569' title='bbox 1863 4315 2027 4355; x_wconf 90' lang='lat' dir='ltr'>orare</span> 
     </span>
    </p>
   </div>
   <div class='ocr_carea' id='block_1_79' title="bbox 371 4389 2025 4470">
    <p class='ocr_par' dir='ltr' id='par_1_79' title="bbox 371 4389 2025 4470">
     <span class='ocr_line' id='line_1_79' title="bbox 371 4389 2025 4470; baseline -0.008 -16"><span class='ocrx_word' id='word_1_570' title='bbox 371 4416 474 4470; x_wconf 87' lang='lat' dir='ltr'>pro</span> <span class='ocrx_word' id='word_1_571' title='bbox 506 4397 653 4464; x_wconf 89' lang='lat' dir='ltr'>illis,</span> <span class='ocrx_word' id='word_1_572' title='bbox 686 4412 863 4467; x_wconf 90' lang='lat' dir='ltr'>quam</span> <span class='ocrx_word' id='word_1_573' title='bbox 896 4395 981 4450; x_wconf 90' lang='lat' dir='ltr'>eis</span> <span class='ocrx_word' id='word_1_574' title='bbox 1014 4393 1379 4449; x_wconf 90' lang='lat' dir='ltr'>maledicere.</span> <span class='ocrx_word' id='word_1_575' title='bbox 1430 4393 1507 4447; x_wconf 83' lang='lat' dir='ltr'>Ad</span> <span class='ocrx_word' id='word_1_576' title='bbox 1562 4389 2025 4445; x_wconf 88' lang='lat' dir='ltr'>benedicendum</span> 
     </span>
    </p>
   </div>
   <div class='ocr_carea' id='block_1_80' title="bbox 370 4479 2022 4551">
    <p class='ocr_par' dir='ltr' id='par_1_80' title="bbox 370 4479 2022 4551">
     <span class='ocr_line' id='line_1_80' title="bbox 370 4479 2022 4551; baseline -0.007 -9"><span class='ocrx_word' id='word_1_577' title='bbox 370 4488 550 4551; x_wconf 89' lang='lat' dir='ltr'>enim,</span> <span class='ocrx_word' id='word_1_578' title='bbox 613 4490 672 4541; x_wconf 89' lang='lat' dir='ltr'>et</span> <span class='ocrx_word' id='word_1_579' title='bbox 728 4502 841 4540; x_wconf 89' lang='lat' dir='ltr'>non</span> <span class='ocrx_word' id='word_1_580' title='bbox 904 4485 974 4539; x_wconf 89' lang='lat' dir='ltr'>ad</span> <span class='ocrx_word' id='word_1_581' title='bbox 1037 4482 1505 4538; x_wconf 88' lang='lat' dir='ltr'>maledicendum</span> <span class='ocrx_word' id='word_1_582' title='bbox 1564 4479 1741 4535; x_wconf 90' lang='lat' dir='ltr'>creati</span> <span class='ocrx_word' id='word_1_583' title='bbox 1793 4494 2022 4533; x_wconf 91' lang='lat' dir='ltr'>sumus.</span> 
     </span>
    </p>
   </div>
   <div class='ocr_carea' id='block_1_81' title="bbox 370 4568 2030 4639">
    <p class='ocr_par' dir='ltr' id='par_1_81' title="bbox 370 4568 2030 4639">
     <span class='ocr_line' id='line_1_81' title="bbox 370 4568 2030 4639; baseline -0.007 -8"><span class='ocrx_word' id='word_1_584' title='bbox 370 4575 536 4631; x_wconf 89' lang='lat' dir='ltr'>Unde</span> <span class='ocrx_word' id='word_1_585' title='bbox 566 4579 626 4629; x_wconf 89' lang='lat' dir='ltr'>et</span> <span class='ocrx_word' id='word_1_586' title='bbox 646 4572 893 4629; x_wconf 86' lang='lat' dir='ltr'>Michael</span> <span class='ocrx_word' id='word_1_587' title='bbox 918 4589 1052 4628; x_wconf 91' lang='lat' dir='ltr'>cum</span> <span class='ocrx_word' id='word_1_588' title='bbox 1078 4572 1361 4627; x_wconf 87' lang='lat' dir='ltr'>adversus</span> <span class='ocrx_word' id='word_1_589' title='bbox 1379 4568 1677 4625; x_wconf 91' lang='lat' dir='ltr'>diabolum</span> <span class='ocrx_word' id='word_1_590' title='bbox 1704 4568 2030 4639; x_wconf 85' lang='lat' dir='ltr'>disputaret</span> 
     </span>
    </p>
   </div>
   <div class='ocr_carea' id='block_1_82' title="bbox 372 4656 2031 4735">
    <p class='ocr_par' dir='ltr' id='par_1_82' title="bbox 372 4656 2031 4735">
     <span class='ocr_line' id='line_1_82' title="bbox 372 4656 2031 4735; baseline -0.005 -18"><span class='ocrx_word' id='word_1_591' title='bbox 372 4665 442 4718; x_wconf 90' lang='lat' dir='ltr'>de</span> <span class='ocrx_word' id='word_1_592' title='bbox 474 4663 660 4735; x_wconf 71' lang='lat' dir='ltr'>Moysi</span> <span class='ocrx_word' id='word_1_593' title='bbox 694 4678 956 4733; x_wconf 84' lang='lat' dir='ltr'>corpore,</span> <span class='ocrx_word' id='word_1_594' title='bbox 991 4678 1063 4715; x_wconf 90' lang='lat' dir='ltr'>ne</span> <span class='ocrx_word' id='word_1_595' title='bbox 1094 4666 1255 4715; x_wconf 88' lang='lat' dir='ltr'>tanto</span> <span class='ocrx_word' id='word_1_596' title='bbox 1288 4659 1525 4731; x_wconf 87' lang='lat' dir='ltr'>quidem</span> <span class='ocrx_word' id='word_1_597' title='bbox 1562 4656 1713 4711; x_wconf 88' lang='lat' dir='ltr'>malo</span> <span class='ocrx_word' id='word_1_598' title='bbox 1738 4672 1917 4711; x_wconf 83' lang='lat' dir='ltr'>ausus</span> <span class='ocrx_word' id='word_1_599' title='bbox 1941 4660 2031 4710; x_wconf 91' lang='lat' dir='ltr'>est</span> 
     </span>
    </p>
   </div>
   <div class='ocr_carea' id='block_1_83' title="bbox 378 4746 2034 4823">
    <p class='ocr_par' dir='ltr' id='par_1_83' title="bbox 378 4746 2034 4823">
     <span class='ocr_line' id='line_1_83' title="bbox 378 4746 2034 4823; baseline -0.005 -17"><span class='ocrx_word' id='word_1_600' title='bbox 378 4751 668 4823; x_wconf 82' lang='lat' dir='ltr'>judicium</span> <span class='ocrx_word' id='word_1_601' title='bbox 705 4752 916 4806; x_wconf 88' lang='lat' dir='ltr'>inferre</span> <span class='ocrx_word' id='word_1_602' title='bbox 948 4749 1347 4821; x_wconf 62' lang='lat' dir='ltr'>blasphemia,</span> <span class='ocrx_word' id='word_1_603' title='bbox 1381 4748 1481 4803; x_wconf 88' lang='lat' dir='ltr'>sed</span> <span class='ocrx_word' id='word_1_604' title='bbox 1516 4746 1687 4800; x_wconf 81' lang='lat' dir='ltr'>dixit:</span> <span class='ocrx_word' id='word_1_605' title='bbox 1710 4770 1736 4793; x_wconf 86' lang='grc'>‹‹</span> <span class='ocrx_word' id='word_1_606' title='bbox 1773 4746 2034 4815; x_wconf 89' lang='lat' dir='ltr'>Increpet</span> 
     </span>
    </p>
   </div>
   <div class='ocr_carea' id='block_1_84' title="bbox 378 4833 2031 4908">
    <p class='ocr_par' dir='ltr' id='par_1_84' title="bbox 378 4833 2031 4908">
     <span class='ocr_line' id='line_1_84' title="bbox 378 4833 2031 4908; baseline -0.005 -14"><span class='ocrx_word' id='word_1_607' title='bbox 378 4840 486 4895; x_wconf 90' lang='lat' dir='ltr'>tibi</span> <span class='ocrx_word' id='word_1_608' title='bbox 536 4840 825 4895; x_wconf 89' lang='lat' dir='ltr'>Dominus</span> <span class='ocrx_word' id='word_1_609' title='bbox 862 4838 1035 4908; x_wconf 62' lang='lat' dir='ltr'>(Judw</span> <span class='ocrx_word' id='word_1_610' title='bbox 1081 4839 1160 4908; x_wconf 88' lang='lat'>9).</span> <span class='ocrx_word' id='word_1_611' title='bbox 1199 4862 1224 4886; x_wconf 87' lang='grc'><strong>››</strong></span> <span class='ocrx_word' id='word_1_612' title='bbox 1276 4838 1378 4892; x_wconf 92' lang='lat' dir='ltr'>Cui</span> <span class='ocrx_word' id='word_1_613' title='bbox 1429 4836 1569 4907; x_wconf 92' lang='lat' dir='ltr'>quid</span> <span class='ocrx_word' id='word_1_614' title='bbox 1618 4833 1809 4889; x_wconf 90' lang='lat' dir='ltr'>simile</span> <span class='ocrx_word' id='word_1_615' title='bbox 1855 4833 2031 4888; x_wconf 89' lang='lat' dir='ltr'>etiam</span> 
     </span>
    </p>
   </div>
   <div class='ocr_carea' id='block_1_85' title="bbox 378 4921 2031 4999">
    <p class='ocr_par' dir='ltr' id='par_1_85' title="bbox 378 4921 2031 4999">
     <span class='ocr_line' id='line_1_85' title="bbox 378 4921 2031 4999; baseline -0.005 -16"><span class='ocrx_word' id='word_1_616' title='bbox 378 4930 436 4982; x_wconf 88' lang='lat' dir='ltr'>in</span> <span class='ocrx_word' id='word_1_617' title='bbox 479 4928 759 4983; x_wconf 88' lang='lat' dir='ltr'>Zacharia</span> <span class='ocrx_word' id='word_1_618' title='bbox 788 4926 1041 4999; x_wconf 91' lang='lat' dir='ltr'>legimus</span> <span class='ocrx_word' id='word_1_619' title='bbox 1069 4944 1081 4980; x_wconf 91' lang='lat'>:</span> <span class='ocrx_word' id='word_1_620' title='bbox 1112 4949 1139 4976; x_wconf 84' lang='lat'><strong>«</strong></span> <span class='ocrx_word' id='word_1_621' title='bbox 1174 4926 1435 4997; x_wconf 76' lang='lat' dir='ltr'>Increpet</span> <span class='ocrx_word' id='word_1_622' title='bbox 1456 4924 1559 4979; x_wconf 85' lang='lat' dir='ltr'>tibi</span> <span class='ocrx_word' id='word_1_623' title='bbox 1587 4921 2031 4986; x_wconf 89' lang='lat' dir='ltr'>Dominus,dia-</span> 
     </span>
    </p>
   </div>
   <div class='ocr_carea' id='block_1_86' title="bbox 368 5010 2034 5088">
    <p class='ocr_par' dir='ltr' id='par_1_86' title="bbox 368 5010 2034 5088">
     <span class='ocr_line' id='line_1_86' title="bbox 368 5010 2034 5088; baseline -0.005 -17"><span class='ocrx_word' id='word_1_624' title='bbox 368 5016 550 5072; x_wconf 73' lang='lat' dir='ltr'>bole:</span> <span class='ocrx_word' id='word_1_625' title='bbox 586 5022 645 5071; x_wconf 90' lang='lat' dir='ltr'>et</span> <span class='ocrx_word' id='word_1_626' title='bbox 679 5017 937 5088; x_wconf 87' lang='lat' dir='ltr'>increpet</span> <span class='ocrx_word' id='word_1_627' title='bbox 966 5015 1251 5071; x_wconf 90' lang='lat' dir='ltr'>Dominus</span> <span class='ocrx_word' id='word_1_628' title='bbox 1294 5016 1352 5069; x_wconf 91' lang='lat' dir='ltr'>in</span> <span class='ocrx_word' id='word_1_629' title='bbox 1406 5018 1480 5080; x_wconf 91' lang='lat' dir='ltr'>te,</span> <span class='ocrx_word' id='word_1_630' title='bbox 1515 5012 1613 5083; x_wconf 91' lang='lat' dir='ltr'>qui</span> <span class='ocrx_word' id='word_1_631' title='bbox 1664 5010 1837 5082; x_wconf 85' lang='lat' dir='ltr'>elegit</span> <span class='ocrx_word' id='word_1_632' title='bbox 1866 5010 2034 5065; x_wconf 85' lang='lat' dir='ltr'>Jeru-</span> 
     </span>
    </p>
   </div>
   <div class='ocr_carea' id='block_1_87' title="bbox 380 5098 2035 5175">
    <p class='ocr_par' dir='ltr' id='par_1_87' title="bbox 380 5098 2035 5175">
     <span class='ocr_line' id='line_1_87' title="bbox 380 5098 2035 5175; baseline -0.005 -13"><span class='ocrx_word' id='word_1_633' title='bbox 380 5106 565 5162; x_wconf 86' lang='lat' dir='ltr'>salem</span> <span class='ocrx_word' id='word_1_634' title='bbox 615 5105 870 5175; x_wconf 82' lang='lat' dir='ltr'>(Zachar.</span> <span class='ocrx_word' id='word_1_635' title='bbox 919 5122 1002 5171; x_wconf 88' lang='lat' dir='ltr'>III,</span> <span class='ocrx_word' id='word_1_636' title='bbox 1050 5105 1127 5174; x_wconf 83' lang='lat'>2).</span> <span class='ocrx_word' id='word_1_637' title='bbox 1166 5126 1193 5153; x_wconf 83' lang='grc'><strong>››</strong></span> <span class='ocrx_word' id='word_1_638' title='bbox 1246 5104 1448 5174; x_wconf 90' lang='lat' dir='ltr'>Itaque</span> <span class='ocrx_word' id='word_1_639' title='bbox 1497 5106 1555 5157; x_wconf 89' lang='lat' dir='ltr'>et</span> <span class='ocrx_word' id='word_1_640' title='bbox 1606 5116 1713 5155; x_wconf 88' lang='lat' dir='ltr'>nos</span> <span class='ocrx_word' id='word_1_641' title='bbox 1762 5098 2035 5170; x_wconf 89' lang='lat' dir='ltr'>cupimus</span> 
     </span>
    </p>
   </div>
   <div class='ocr_carea' id='block_1_88' title="bbox 387 5186 2035 5267">
    <p class='ocr_par' dir='ltr' id='par_1_88' title="bbox 387 5186 2035 5267">
     <span class='ocr_line' id='line_1_88' title="bbox 387 5186 2035 5267; baseline -0.005 -18"><span class='ocrx_word' id='word_1_642' title='bbox 387 5194 673 5267; x_wconf 87' lang='lat' dir='ltr'>increpari</span> <span class='ocrx_word' id='word_1_643' title='bbox 706 5211 739 5249; x_wconf 89' lang='lat' dir='ltr'>a</span> <span class='ocrx_word' id='word_1_644' title='bbox 787 5193 1034 5249; x_wconf 92' lang='lat' dir='ltr'>Domino</span> <span class='ocrx_word' id='word_1_645' title='bbox 1082 5209 1182 5248; x_wconf 90' lang='lat' dir='ltr'>eos</span> <span class='ocrx_word' id='word_1_646' title='bbox 1228 5193 1327 5264; x_wconf 87' lang='lat' dir='ltr'>qui</span> <span class='ocrx_word' id='word_1_647' title='bbox 1381 5191 1589 5247; x_wconf 91' lang='lat' dir='ltr'>nolunt</span> <span class='ocrx_word' id='word_1_648' title='bbox 1635 5206 1768 5245; x_wconf 92' lang='lat' dir='ltr'>cum</span> <span class='ocrx_word' id='word_1_649' title='bbox 1801 5186 2035 5243; x_wconf 89' lang='lat' dir='ltr'>humili-</span> 
     </span>
    </p>
   </div>
   <div class='ocr_carea' id='block_1_89' title="bbox 384 5277 2035 5355">
    <p class='ocr_par' dir='ltr' id='par_1_89' title="bbox 384 5277 2035 5355">
     <span class='ocr_line' id='line_1_89' title="bbox 384 5277 2035 5355; baseline -0.005 -16"><span class='ocrx_word' id='word_1_650' title='bbox 384 5288 502 5339; x_wconf 84' lang='lat' dir='ltr'>tate</span> <span class='ocrx_word' id='word_1_651' title='bbox 558 5300 593 5339; x_wconf 89' lang='lat' dir='ltr'>a</span> <span class='ocrx_word' id='word_1_652' title='bbox 653 5283 937 5355; x_wconf 85' lang='lat' dir='ltr'>proximis</span> <span class='ocrx_word' id='word_1_653' title='bbox 996 5282 1305 5355; x_wconf 83' lang='lat' dir='ltr'>increpari.</span> <span class='ocrx_word' id='word_1_654' title='bbox 1368 5281 1606 5338; x_wconf 91' lang='lat' dir='ltr'>Dicente</span> <span class='ocrx_word' id='word_1_655' title='bbox 1675 5284 1871 5334; x_wconf 90' lang='lat' dir='ltr'>autem</span> <span class='ocrx_word' id='word_1_656' title='bbox 1929 5277 2035 5333; x_wconf 90' lang='lat' dir='ltr'>Mi-</span> 
     </span>
    </p>
   </div>
   <div class='ocr_carea' id='block_1_90' title="bbox 462 5530 2036 5598">
    <p class='ocr_par' dir='ltr' id='par_1_90' title="bbox 462 5530 2036 5598">
     <span class='ocr_line' id='line_1_90' title="bbox 462 5530 2036 5598; baseline -0.003 -8"><span class='ocrx_word' id='word_1_657' title='bbox 462 5539 478 5571; x_wconf 73' lang='grc'>³</span> <span class='ocrx_word' id='word_1_658' title='bbox 516 5536 575 5590; x_wconf 89' lang='lat' dir='ltr'>In</span> <span class='ocrx_word' id='word_1_659' title='bbox 626 5534 799 5589; x_wconf 85' lang='lat' dir='ltr'>rutini</span> <span class='ocrx_word' id='word_1_660' title='bbox 832 5534 1209 5598; x_wconf 88' lang='lat' dir='ltr'>editionibus,</span> <span class='ocrx_word' id='word_1_661' title='bbox 1241 5536 1296 5588; x_wconf 81' lang='lat' dir='ltr'>in</span> <span class='ocrx_word' id='word_1_662' title='bbox 1330 5549 1495 5589; x_wconf 81' lang='lat' dir='ltr'>carne</span> <span class='ocrx_word' id='word_1_663' title='bbox 1537 5536 1673 5587; x_wconf 82' lang='lat' dir='ltr'>esset</span> <span class='ocrx_word' id='word_1_664' title='bbox 1724 5532 1934 5587; x_wconf 78' lang='lat' dir='ltr'>vivens.</span> <span class='ocrx_word' id='word_1_665' title='bbox 1975 5530 2036 5585; x_wconf 93' lang='lat' dir='ltr'>In</span> 
     </span>
    </p>
   </div>
   <div class='ocr_carea' id='block_1_91' title="bbox 386 5604 2039 5677">
    <p class='ocr_par' dir='ltr' id='par_1_91' title="bbox 386 5604 2039 5677">
     <span class='ocr_line' id='line_1_91' title="bbox 386 5604 2039 5677; baseline -0.002 -15"><span class='ocrx_word' id='word_1_666' title='bbox 386 5606 589 5663; x_wconf 80' lang='lat' dir='ltr'>codice</span> <span class='ocrx_word' id='word_1_667' title='bbox 601 5612 802 5662; x_wconf 75' lang='lat' dir='ltr'>autem</span> <span class='ocrx_word' id='word_1_668' title='bbox 820 5606 1047 5677; x_wconf 90' lang='lat' dir='ltr'>collegii</span> <span class='ocrx_word' id='word_1_669' title='bbox 1070 5606 1316 5662; x_wconf 83' lang='lat' dir='ltr'>Romani</span> <span class='ocrx_word' id='word_1_670' title='bbox 1338 5606 1577 5661; x_wconf 89' lang='lat' dir='ltr'>verbum</span> <span class='ocrx_word' id='word_1_671' title='bbox 1596 5605 1857 5670; x_wconf 78' lang='lat' dir='ltr'>sentiens,</span> <span class='ocrx_word' id='word_1_672' title='bbox 1883 5604 2039 5676; x_wconf 90' lang='lat' dir='ltr'>quod</span> 
     </span>
    </p>
   </div>
   <div class='ocr_carea' id='block_1_92' title="bbox 386 5676 1256 5756">
    <p class='ocr_par' dir='ltr' id='par_1_92' title="bbox 386 5676 1256 5756">
     <span class='ocr_line' id='line_1_92' title="bbox 386 5676 1256 5756; baseline 0 -19"><span class='ocrx_word' id='word_1_673' title='bbox 386 5678 801 5756; x_wconf 63' lang='lat' dir='ltr'>subsequitur,</span> <span class='ocrx_word' id='word_1_674' title='bbox 832 5694 949 5736; x_wconf 88' lang='lat' dir='ltr'>non</span> <span class='ocrx_word' id='word_1_675' title='bbox 974 5676 1256 5738; x_wconf 77' lang='lat' dir='ltr'>habetur.</span> 
     </span>
    </p>
   </div>
   <div class='ocr_carea' id='block_1_93' title="bbox 2126 3324 3767 3405">
    <p class='ocr_par' dir='ltr' id='par_1_93' title="bbox 2126 3324 3767 3405">
     <span class='ocr_line' id='line_1_93' title="bbox 2126 3324 3767 3405; baseline 0.009 -28"><span class='ocrx_word' id='word_1_676' title='bbox 2126 3324 2293 3390; x_wconf 88' lang='lat' dir='ltr'>ferre,</span> <span class='ocrx_word' id='word_1_677' title='bbox 2327 3346 2353 3372; x_wconf 86' lang='lat'>»</span> <span class='ocrx_word' id='word_1_678' title='bbox 2398 3329 2454 3378; x_wconf 92' lang='lat' dir='ltr'>et</span> <span class='ocrx_word' id='word_1_679' title='bbox 2528 3324 2784 3395; x_wconf 86' lang='lat' dir='ltr'>reliqua:</span> <span class='ocrx_word' id='word_1_680' title='bbox 2837 3326 2946 3379; x_wconf 90' lang='lat' dir='ltr'>iste</span> <span class='ocrx_word' id='word_1_681' title='bbox 2995 3328 3405 3385; x_wconf 86' lang='lat' dir='ltr'>fraudulenter</span> <span class='ocrx_word' id='word_1_682' title='bbox 3442 3337 3767 3405; x_wconf 86' lang='lat' dir='ltr'>amputatis</span> 
     </span>
    </p>
   </div>
   <div class='ocr_carea' id='block_1_94' title="bbox 2126 3412 3769 3492">
    <p class='ocr_par' dir='ltr' id='par_1_94' title="bbox 2126 3412 3769 3492">
     <span class='ocr_line' id='line_1_94' title="bbox 2126 3412 3769 3492; baseline 0.008 -25"><span class='ocrx_word' id='word_1_683' title='bbox 2126 3412 2549 3483; x_wconf 90' lang='lat' dir='ltr'>superioribus,</span> <span class='ocrx_word' id='word_1_684' title='bbox 2601 3430 2667 3467; x_wconf 82' lang='lat' dir='ltr'>ex</span> <span class='ocrx_word' id='word_1_685' title='bbox 2716 3414 2933 3484; x_wconf 91' lang='lat' dir='ltr'>quibus</span> <span class='ocrx_word' id='word_1_686' title='bbox 2982 3416 3257 3472; x_wconf 87' lang='lat' dir='ltr'>inferiora</span> <span class='ocrx_word' id='word_1_687' title='bbox 3304 3421 3653 3492; x_wconf 88' lang='lat' dir='ltr'>dependent,</span> <span class='ocrx_word' id='word_1_688' title='bbox 3686 3426 3769 3481; x_wconf 90' lang='lat' dir='ltr'>sic</span> 
     </span>
    </p>
   </div>
   <div class='ocr_carea' id='block_1_95' title="bbox 2129 3501 3770 3576">
    <p class='ocr_par' dir='ltr' id='par_1_95' title="bbox 2129 3501 3770 3576">
     <span class='ocr_line' id='line_1_95' title="bbox 2129 3501 3770 3576; baseline 0.01 -22"><span class='ocrx_word' id='word_1_689' title='bbox 2129 3501 2301 3572; x_wconf 81' lang='lat' dir='ltr'>ccepit</span> <span class='ocrx_word' id='word_1_690' title='bbox 2366 3503 2682 3556; x_wconf 85' lang='lat' dir='ltr'>transferre</span> <span class='ocrx_word' id='word_1_691' title='bbox 2740 3503 3071 3574; x_wconf 88' lang='lat' dir='ltr'>epistolam,</span> <span class='ocrx_word' id='word_1_692' title='bbox 3156 3509 3325 3576; x_wconf 90' lang='lat' dir='ltr'>quasi</span> <span class='ocrx_word' id='word_1_693' title='bbox 3402 3510 3509 3565; x_wconf 91' lang='lat' dir='ltr'>hoc</span> <span class='ocrx_word' id='word_1_694' title='bbox 3592 3530 3770 3569; x_wconf 89' lang='lat' dir='ltr'>sensu</span> 
     </span>
    </p>
   </div>
   <div class='ocr_carea' id='block_1_96' title="bbox 2130 3590 3773 3661">
    <p class='ocr_par' dir='ltr' id='par_1_96' title="bbox 2130 3590 3773 3661">
     <span class='ocr_line' id='line_1_96' title="bbox 2130 3590 3773 3661; baseline 0.007 -16"><span class='ocrx_word' id='word_1_695' title='bbox 2130 3590 2399 3661; x_wconf 91' lang='lat' dir='ltr'>superius</span> <span class='ocrx_word' id='word_1_696' title='bbox 2431 3595 2588 3645; x_wconf 90' lang='lat' dir='ltr'>esset</span> <span class='ocrx_word' id='word_1_697' title='bbox 2617 3592 2915 3645; x_wconf 83' lang='lat' dir='ltr'>exordium</span> <span class='ocrx_word' id='word_1_698' title='bbox 2936 3594 2976 3657; x_wconf 71' lang='grc'>³,</span> <span class='ocrx_word' id='word_1_699' title='bbox 3010 3598 3065 3647; x_wconf 92' lang='lat' dir='ltr'>et</span> <span class='ocrx_word' id='word_1_700' title='bbox 3095 3595 3176 3647; x_wconf 91' lang='lat' dir='ltr'>ait</span> <span class='ocrx_word' id='word_1_701' title='bbox 3199 3612 3211 3649; x_wconf 90' lang='lat'>:</span> <span class='ocrx_word' id='word_1_702' title='bbox 3238 3618 3263 3642; x_wconf 94' lang='grc'>‹‹</span> <span class='ocrx_word' id='word_1_703' title='bbox 3293 3598 3538 3661; x_wconf 76' lang='lat' dir='ltr'>Quidam</span> <span class='ocrx_word' id='word_1_704' title='bbox 3569 3618 3773 3657; x_wconf 91' lang='lat' dir='ltr'>eorum</span> 
     </span>
    </p>
   </div>
   <div class='ocr_carea' id='block_1_97' title="bbox 2132 3677 3780 3760">
    <p class='ocr_par' dir='ltr' id='par_1_97' title="bbox 2132 3677 3780 3760">
     <span class='ocr_line' id='line_1_97' title="bbox 2132 3677 3780 3760; baseline 0.008 -29"><span class='ocrx_word' id='word_1_705' title='bbox 2132 3678 2232 3749; x_wconf 89' lang='lat' dir='ltr'>qui</span> <span class='ocrx_word' id='word_1_706' title='bbox 2288 3677 2538 3734; x_wconf 90' lang='lat' dir='ltr'>libenter</span> <span class='ocrx_word' id='word_1_707' title='bbox 2603 3678 2819 3733; x_wconf 88' lang='lat' dir='ltr'>habent</span> <span class='ocrx_word' id='word_1_708' title='bbox 2889 3680 3185 3736; x_wconf 90' lang='lat' dir='ltr'>criminari</span> <span class='ocrx_word' id='word_1_709' title='bbox 3264 3686 3559 3754; x_wconf 74' lang='lat' dir='ltr'>proximos</span> <span class='ocrx_word' id='word_1_710' title='bbox 3615 3706 3780 3760; x_wconf 87' lang='lat' dir='ltr'>suos,</span> 
     </span>
    </p>
   </div>
   <div class='ocr_carea' id='block_1_98' title="bbox 2133 3765 3780 3832">
    <p class='ocr_par' dir='ltr' id='par_1_98' title="bbox 2133 3765 3780 3832">
     <span class='ocr_line' id='line_1_98' title="bbox 2133 3765 3780 3832; baseline 0.008 -13"><span class='ocrx_word' id='word_1_711' title='bbox 2133 3765 2435 3820; x_wconf 87' lang='lat' dir='ltr'>ascribunt</span> <span class='ocrx_word' id='word_1_712' title='bbox 2484 3768 2651 3822; x_wconf 90' lang='lat' dir='ltr'>nobis</span> <span class='ocrx_word' id='word_1_713' title='bbox 2701 3772 2758 3822; x_wconf 92' lang='lat' dir='ltr'>et</span> <span class='ocrx_word' id='word_1_714' title='bbox 2809 3768 3084 3823; x_wconf 67' lang='lat' dir='ltr'>doctrinae</span> <span class='ocrx_word' id='word_1_715' title='bbox 3144 3775 3352 3825; x_wconf 67' lang='lat' dir='ltr'>nostrae</span> <span class='ocrx_word' id='word_1_716' title='bbox 3401 3774 3619 3830; x_wconf 86' lang='lat' dir='ltr'>crimen</span> <span class='ocrx_word' id='word_1_717' title='bbox 3652 3776 3780 3832; x_wconf 91' lang='lat' dir='ltr'>bla-</span> 
     </span>
    </p>
   </div>
   <div class='ocr_carea' id='block_1_99' title="bbox 2135 3852 3781 3937">
    <p class='ocr_par' dir='ltr' id='par_1_99' title="bbox 2135 3852 3781 3937">
     <span class='ocr_line' id='line_1_99' title="bbox 2135 3852 3781 3937; baseline 0.008 -28"><span class='ocrx_word' id='word_1_718' title='bbox 2135 3852 2433 3925; x_wconf 62' lang='lat' dir='ltr'>sphemia),</span> <span class='ocrx_word' id='word_1_719' title='bbox 2459 3857 2612 3926; x_wconf 88' lang='lat' dir='ltr'>quod</span> <span class='ocrx_word' id='word_1_720' title='bbox 2638 3874 2670 3910; x_wconf 93' lang='lat' dir='ltr'>a</span> <span class='ocrx_word' id='word_1_721' title='bbox 2692 3856 2862 3912; x_wconf 90' lang='lat' dir='ltr'>nobis</span> <span class='ocrx_word' id='word_1_722' title='bbox 2884 3874 3177 3929; x_wconf 89' lang='lat' dir='ltr'>nusquam</span> <span class='ocrx_word' id='word_1_723' title='bbox 3199 3861 3543 3918; x_wconf 89' lang='lat' dir='ltr'>audierunt:</span> <span class='ocrx_word' id='word_1_724' title='bbox 3572 3866 3643 3921; x_wconf 91' lang='lat' dir='ltr'>de</span> <span class='ocrx_word' id='word_1_725' title='bbox 3665 3884 3781 3937; x_wconf 93' lang='lat' dir='ltr'>quo</span> 
     </span>
    </p>
   </div>
   <div class='ocr_carea' id='block_1_100' title="bbox 2134 3942 3781 4015">
    <p class='ocr_par' dir='ltr' id='par_1_100' title="bbox 2134 3942 3781 4015">
     <span class='ocr_line' id='line_1_100' title="bbox 2134 3942 3781 4015; baseline 0.009 -19"><span class='ocrx_word' id='word_1_726' title='bbox 2134 3943 2244 4015; x_wconf 91' lang='lat' dir='ltr'>ipsi</span> <span class='ocrx_word' id='word_1_727' title='bbox 2278 3942 2546 4012; x_wconf 91' lang='lat' dir='ltr'>viderint,</span> <span class='ocrx_word' id='word_1_728' title='bbox 2590 3944 2852 4000; x_wconf 87' lang='lat' dir='ltr'>nolentes</span> <span class='ocrx_word' id='word_1_729' title='bbox 2900 3947 3204 4004; x_wconf 88' lang='lat' dir='ltr'>observare</span> <span class='ocrx_word' id='word_1_730' title='bbox 3254 3953 3598 4008; x_wconf 88' lang='lat' dir='ltr'>mandatum</span> <span class='ocrx_word' id='word_1_731' title='bbox 3633 3956 3781 4011; x_wconf 89' lang='lat' dir='ltr'>illud</span> 
     </span>
    </p>
   </div>
   <div class='ocr_carea' id='block_1_101' title="bbox 2136 4032 3781 4111">
    <p class='ocr_par' dir='ltr' id='par_1_101' title="bbox 2136 4032 3781 4111">
     <span class='ocr_line' id='line_1_101' title="bbox 2136 4032 3781 4111; baseline 0.009 -25"><span class='ocrx_word' id='word_1_732' title='bbox 2136 4032 2291 4102; x_wconf 90' lang='lat' dir='ltr'>quod</span> <span class='ocrx_word' id='word_1_733' title='bbox 2350 4032 2525 4088; x_wconf 91' lang='lat' dir='ltr'>dicit:</span> <span class='ocrx_word' id='word_1_734' title='bbox 2598 4056 2624 4082; x_wconf 88' lang='grc'>‹‹</span> <span class='ocrx_word' id='word_1_735' title='bbox 2674 4034 2821 4099; x_wconf 89' lang='lat' dir='ltr'>Quia</span> <span class='ocrx_word' id='word_1_736' title='bbox 2878 4035 3148 4091; x_wconf 90' lang='lat' dir='ltr'>maledici</span> <span class='ocrx_word' id='word_1_737' title='bbox 3210 4056 3454 4111; x_wconf 86' lang='lat' dir='ltr'>regnum</span> <span class='ocrx_word' id='word_1_738' title='bbox 3516 4044 3616 4097; x_wconf 91' lang='lat' dir='ltr'>Dei</span> <span class='ocrx_word' id='word_1_739' title='bbox 3666 4062 3781 4100; x_wconf 91' lang='lat' dir='ltr'>non</span> 
     </span>
    </p>
   </div>
   <div class='ocr_carea' id='block_1_102' title="bbox 2136 4122 3781 4200">
    <p class='ocr_par' dir='ltr' id='par_1_102' title="bbox 2136 4122 3781 4200">
     <span class='ocr_line' id='line_1_102' title="bbox 2136 4122 3781 4200; baseline 0.007 -25"><span class='ocrx_word' id='word_1_740' title='bbox 2136 4122 2557 4192; x_wconf 90' lang='lat' dir='ltr'>possidebunt;</span> <span class='ocrx_word' id='word_1_741' title='bbox 2596 4145 2622 4170; x_wconf 91' lang='grc'><strong>››</strong></span> <span class='ocrx_word' id='word_1_742' title='bbox 2655 4123 2911 4178; x_wconf 90' lang='lat' dir='ltr'>dicentes</span> <span class='ocrx_word' id='word_1_743' title='bbox 2952 4142 3210 4180; x_wconf 89' lang='lat' dir='ltr'>asserere</span> <span class='ocrx_word' id='word_1_744' title='bbox 3259 4144 3352 4183; x_wconf 88' lang='lat' dir='ltr'>me</span> <span class='ocrx_word' id='word_1_745' title='bbox 3401 4135 3623 4200; x_wconf 88' lang='lat' dir='ltr'>patrem</span> <span class='ocrx_word' id='word_1_746' title='bbox 3658 4149 3781 4187; x_wconf 85' lang='lat' dir='ltr'>ma-</span> 
     </span>
    </p>
   </div>
   <div class='ocr_carea' id='block_1_103' title="bbox 2135 4209 3787 4289">
    <p class='ocr_par' dir='ltr' id='par_1_103' title="bbox 2135 4209 3787 4289">
     <span class='ocr_line' id='line_1_103' title="bbox 2135 4209 3787 4289; baseline 0.007 -26"><span class='ocrx_word' id='word_1_747' title='bbox 2135 4209 2271 4264; x_wconf 65' lang='lat' dir='ltr'>litia:</span> <span class='ocrx_word' id='word_1_748' title='bbox 2326 4215 2381 4265; x_wconf 90' lang='lat' dir='ltr'>et</span> <span class='ocrx_word' id='word_1_749' title='bbox 2426 4211 2770 4281; x_wconf 89' lang='lat' dir='ltr'>perditionis</span> <span class='ocrx_word' id='word_1_750' title='bbox 2820 4229 3020 4267; x_wconf 90' lang='lat' dir='ltr'>eorum</span> <span class='ocrx_word' id='word_1_751' title='bbox 3067 4215 3166 4284; x_wconf 90' lang='lat' dir='ltr'>qui</span> <span class='ocrx_word' id='word_1_752' title='bbox 3210 4216 3280 4269; x_wconf 89' lang='lat' dir='ltr'>de</span> <span class='ocrx_word' id='word_1_753' title='bbox 3325 4233 3504 4288; x_wconf 90' lang='lat' dir='ltr'>regno</span> <span class='ocrx_word' id='word_1_754' title='bbox 3554 4218 3654 4273; x_wconf 91' lang='lat' dir='ltr'>Dei</span> <span class='ocrx_word' id='word_1_755' title='bbox 3686 4221 3787 4289; x_wconf 86' lang='lat' dir='ltr'>eji-</span> 
     </span>
    </p>
   </div>
   <div class='ocr_carea' id='block_1_104' title="bbox 2136 4300 3782 4377">
    <p class='ocr_par' dir='ltr' id='par_1_104' title="bbox 2136 4300 3782 4377">
     <span class='ocr_line' id='line_1_104' title="bbox 2136 4300 3782 4377; baseline 0.005 -25"><span class='ocrx_word' id='word_1_756' title='bbox 2136 4300 2392 4363; x_wconf 87' lang='lat' dir='ltr'>ciuntur,</span> <span class='ocrx_word' id='word_1_757' title='bbox 2427 4300 2483 4353; x_wconf 94' lang='lat' dir='ltr'>id</span> <span class='ocrx_word' id='word_1_758' title='bbox 2525 4305 2613 4355; x_wconf 89' lang='lat' dir='ltr'>est</span> <span class='ocrx_word' id='word_1_759' title='bbox 2658 4300 2979 4368; x_wconf 80' lang='lat' dir='ltr'>diabolum,</span> <span class='ocrx_word' id='word_1_760' title='bbox 3034 4317 3165 4357; x_wconf 88' lang='lat' dir='ltr'>esse</span> <span class='ocrx_word' id='word_1_761' title='bbox 3206 4302 3592 4360; x_wconf 90' lang='lat' dir='ltr'>salvandum:</span> <span class='ocrx_word' id='word_1_762' title='bbox 3627 4308 3782 4377; x_wconf 92' lang='lat' dir='ltr'>quod</span> 
     </span>
    </p>
   </div>
   <div class='ocr_carea' id='block_1_105' title="bbox 2138 4389 3789 4460">
    <p class='ocr_par' dir='ltr' id='par_1_105' title="bbox 2138 4389 3789 4460">
     <span class='ocr_line' id='line_1_105' title="bbox 2138 4389 3789 4460; baseline 0.004 -17"><span class='ocrx_word' id='word_1_763' title='bbox 2138 4405 2208 4444; x_wconf 91' lang='lat' dir='ltr'>ne</span> <span class='ocrx_word' id='word_1_764' title='bbox 2240 4389 2453 4460; x_wconf 83' lang='lat' dir='ltr'>aliquis</span> <span class='ocrx_word' id='word_1_765' title='bbox 2485 4390 2720 4460; x_wconf 87' lang='lat' dir='ltr'>quidem</span> <span class='ocrx_word' id='word_1_766' title='bbox 2755 4396 2946 4445; x_wconf 92' lang='lat' dir='ltr'>mente</span> <span class='ocrx_word' id='word_1_767' title='bbox 2981 4395 3172 4446; x_wconf 90' lang='lat' dir='ltr'>motus</span> <span class='ocrx_word' id='word_1_768' title='bbox 3203 4396 3259 4447; x_wconf 92' lang='lat' dir='ltr'>et</span> <span class='ocrx_word' id='word_1_769' title='bbox 3295 4392 3603 4449; x_wconf 84' lang='lat' dir='ltr'>manifeste</span> <span class='ocrx_word' id='word_1_770' title='bbox 3636 4395 3789 4450; x_wconf 83' lang='lat' dir='ltr'>insa-</span> 
     </span>
    </p>
   </div>
   <div class='ocr_carea' id='block_1_106' title="bbox 2138 4477 2815 4549">
    <p class='ocr_par' dir='ltr' id='par_1_106' title="bbox 2138 4477 2815 4549">
     <span class='ocr_line' id='line_1_106' title="bbox 2138 4477 2815 4549; baseline 0.004 -17"><span class='ocrx_word' id='word_1_771' title='bbox 2138 4477 2303 4533; x_wconf 88' lang='lat' dir='ltr'>niens</span> <span class='ocrx_word' id='word_1_772' title='bbox 2331 4478 2518 4533; x_wconf 89' lang='lat' dir='ltr'>dicere</span> <span class='ocrx_word' id='word_1_773' title='bbox 2550 4484 2755 4549; x_wconf 90' lang='lat' dir='ltr'>potest.</span> <span class='ocrx_word' id='word_1_774' title='bbox 2796 4502 2815 4527; x_wconf 74' lang='grc' dir='ltr'><strong><em>ι</em></strong></span> 
     </span>
    </p>
   </div>
   <div class='ocr_carea' id='block_1_107' title="bbox 2218 4568 3783 4638">
    <p class='ocr_par' dir='ltr' id='par_1_107' title="bbox 2218 4568 3783 4638">
     <span class='ocr_line' id='line_1_107' title="bbox 2218 4568 3783 4638; baseline 0.006 -20"><span class='ocrx_word' id='word_1_775' title='bbox 2218 4571 2293 4622; x_wconf 79' lang='grc'>19.</span> <span class='ocrx_word' id='word_1_776' title='bbox 2347 4568 2608 4635; x_wconf 80' lang='lat' dir='ltr'>Dialogus</span> <span class='ocrx_word' id='word_1_777' title='bbox 2658 4569 2892 4622; x_wconf 81' lang='lat' dir='ltr'>Candidi</span> <span class='ocrx_word' id='word_1_778' title='bbox 2938 4570 3208 4638; x_wconf 77' lang='lat' dir='ltr'>Origenis.</span> <span class='ocrx_word' id='word_1_779' title='bbox 3269 4572 3432 4626; x_wconf 83' lang='lat' dir='ltr'>Liber</span> <span class='ocrx_word' id='word_1_780' title='bbox 3482 4574 3783 4628; x_wconf 77' lang='lat' dir='ltr'>Novatiam&#39;</span> 
     </span>
    </p>
   </div>
   <div class='ocr_carea' id='block_1_108' title="bbox 2140 4654 3782 4730">
    <p class='ocr_par' dir='ltr' id='par_1_108' title="bbox 2140 4654 3782 4730">
     <span class='ocr_line' id='line_1_108' title="bbox 2140 4654 3782 4730; baseline 0.004 -24"><span class='ocrx_word' id='word_1_781' title='bbox 2140 4654 2206 4707; x_wconf 81' lang='lat' dir='ltr'>de</span> <span class='ocrx_word' id='word_1_782' title='bbox 2262 4655 2541 4709; x_wconf 80' lang='lat' dir='ltr'>Trz&#39;nilate.</span> <span class='ocrx_word' id='word_1_783' title='bbox 2602 4688 2668 4693; x_wconf 83' lang='lat'><strong>—</strong></span> <span class='ocrx_word' id='word_1_784' title='bbox 2728 4657 2991 4711; x_wconf 89' lang='lat' dir='ltr'>Conferte</span> <span class='ocrx_word' id='word_1_785' title='bbox 3066 4658 3334 4730; x_wconf 87' lang='lat' dir='ltr'>Origenis</span> <span class='ocrx_word' id='word_1_786' title='bbox 3391 4662 3587 4725; x_wconf 84' lang='lat' dir='ltr'>verba,</span> <span class='ocrx_word' id='word_1_787' title='bbox 3657 4676 3782 4730; x_wconf 76' lang='lat' dir='ltr'>quae</span> 
     </span>
    </p>
   </div>
   <div class='ocr_carea' id='block_1_109' title="bbox 2144 4743 3786 4817">
    <p class='ocr_par' dir='ltr' id='par_1_109' title="bbox 2144 4743 3786 4817">
     <span class='ocr_line' id='line_1_109' title="bbox 2144 4743 3786 4817; baseline 0.004 -21"><span class='ocrx_word' id='word_1_788' title='bbox 2144 4758 2321 4812; x_wconf 88' lang='lat' dir='ltr'>supra</span> <span class='ocrx_word' id='word_1_789' title='bbox 2353 4743 2422 4795; x_wconf 91' lang='lat' dir='ltr'>ad</span> <span class='ocrx_word' id='word_1_790' title='bbox 2458 4745 2696 4798; x_wconf 86' lang='lat' dir='ltr'>verbum</span> <span class='ocrx_word' id='word_1_791' title='bbox 2744 4746 3035 4811; x_wconf 87' lang='lat' dir='ltr'>transtuli,</span> <span class='ocrx_word' id='word_1_792' title='bbox 3088 4747 3181 4802; x_wconf 92' lang='lat' dir='ltr'>his</span> <span class='ocrx_word' id='word_1_793' title='bbox 3228 4765 3353 4817; x_wconf 65' lang='lat' dir='ltr'>quae</span> <span class='ocrx_word' id='word_1_794' title='bbox 3411 4750 3482 4801; x_wconf 90' lang='lat' dir='ltr'>ab</span> <span class='ocrx_word' id='word_1_795' title='bbox 3527 4748 3637 4802; x_wconf 88' lang='lat' dir='ltr'>isto</span> <span class='ocrx_word' id='word_1_796' title='bbox 3670 4764 3786 4803; x_wconf 89' lang='lat' dir='ltr'>non</span> 
     </span>
    </p>
   </div>
   <div class='ocr_carea' id='block_1_110' title="bbox 2143 4834 3786 4906">
    <p class='ocr_par' dir='ltr' id='par_1_110' title="bbox 2143 4834 3786 4906">
     <span class='ocr_line' id='line_1_110' title="bbox 2143 4834 3786 4906; baseline 0.005 -23"><span class='ocrx_word' id='word_1_797' title='bbox 2143 4847 2309 4885; x_wconf 86' lang='lat' dir='ltr'>versa</span> <span class='ocrx_word' id='word_1_798' title='bbox 2339 4836 2499 4895; x_wconf 90' lang='lat' dir='ltr'>sunt,</span> <span class='ocrx_word' id='word_1_799' title='bbox 2533 4834 2631 4886; x_wconf 90' lang='lat' dir='ltr'>sed</span> <span class='ocrx_word' id='word_1_800' title='bbox 2667 4850 2885 4899; x_wconf 85' lang='lat' dir='ltr'>eversa,</span> <span class='ocrx_word' id='word_1_801' title='bbox 2938 4840 2993 4890; x_wconf 89' lang='lat' dir='ltr'>et</span> <span class='ocrx_word' id='word_1_802' title='bbox 3044 4841 3325 4906; x_wconf 89' lang='lat' dir='ltr'>quantam</span> <span class='ocrx_word' id='word_1_803' title='bbox 3378 4837 3527 4889; x_wconf 89' lang='lat' dir='ltr'>inter</span> <span class='ocrx_word' id='word_1_804' title='bbox 3578 4854 3638 4891; x_wconf 92' lang='lat' dir='ltr'>se</span> <span class='ocrx_word' id='word_1_805' title='bbox 3670 4854 3786 4891; x_wconf 91' lang='lat' dir='ltr'>non</span> 
     </span>
    </p>
   </div>
   <div class='ocr_carea' id='block_1_111' title="bbox 2144 4918 3789 4987">
    <p class='ocr_par' dir='ltr' id='par_1_111' title="bbox 2144 4918 3789 4987">
     <span class='ocr_line' id='line_1_111' title="bbox 2144 4918 3789 4987; baseline 0.004 -14"><span class='ocrx_word' id='word_1_806' title='bbox 2144 4918 2336 4974; x_wconf 76' lang='lat' dir='ltr'>solum</span> <span class='ocrx_word' id='word_1_807' title='bbox 2366 4921 2699 4987; x_wconf 86' lang='lat' dir='ltr'>verborum,</span> <span class='ocrx_word' id='word_1_808' title='bbox 2732 4923 2833 4976; x_wconf 86' lang='lat' dir='ltr'>sed</span> <span class='ocrx_word' id='word_1_809' title='bbox 2881 4928 2936 4975; x_wconf 93' lang='lat' dir='ltr'>et</span> <span class='ocrx_word' id='word_1_810' title='bbox 2984 4940 3266 4977; x_wconf 89' lang='lat' dir='ltr'>sensuum</span> <span class='ocrx_word' id='word_1_811' title='bbox 3317 4924 3569 4978; x_wconf 84' lang='lat' dir='ltr'>habeant</span> <span class='ocrx_word' id='word_1_812' title='bbox 3598 4925 3789 4979; x_wconf 90' lang='lat' dir='ltr'>disso-</span> 
     </span>
    </p>
   </div>
   <div class='ocr_carea' id='block_1_112' title="bbox 2145 5008 3795 5080">
    <p class='ocr_par' dir='ltr' id='par_1_112' title="bbox 2145 5008 3795 5080">
     <span class='ocr_line' id='line_1_112' title="bbox 2145 5008 3795 5080; baseline 0.002 -17"><span class='ocrx_word' id='word_1_813' title='bbox 2145 5008 2429 5075; x_wconf 89' lang='lat' dir='ltr'>nantiam,</span> <span class='ocrx_word' id='word_1_814' title='bbox 2482 5010 2861 5080; x_wconf 85' lang='lat' dir='ltr'>perspicietis.</span> <span class='ocrx_word' id='word_1_815' title='bbox 2924 5012 3074 5067; x_wconf 70' lang='lat'>512</span> <span class='ocrx_word' id='word_1_816' title='bbox 3124 5012 3374 5066; x_wconf 88' lang='lat' dir='ltr'>Obsecro</span> <span class='ocrx_word' id='word_1_817' title='bbox 3425 5029 3495 5066; x_wconf 90' lang='lat' dir='ltr'>ne</span> <span class='ocrx_word' id='word_1_818' title='bbox 3546 5013 3795 5069; x_wconf 89' lang='lat' dir='ltr'>molesta</span> 
     </span>
    </p>
   </div>
   <div class='ocr_carea' id='block_1_113' title="bbox 2146 5099 3791 5171">
    <p class='ocr_par' dir='ltr' id='par_1_113' title="bbox 2146 5099 3791 5171">
     <span class='ocr_line' id='line_1_113' title="bbox 2146 5099 3791 5171; baseline 0.001 -15"><span class='ocrx_word' id='word_1_819' title='bbox 2146 5102 2222 5157; x_wconf 92' lang='lat' dir='ltr'>sit</span> <span class='ocrx_word' id='word_1_820' title='bbox 2277 5099 2437 5155; x_wconf 88' lang='lat' dir='ltr'>vobis</span> <span class='ocrx_word' id='word_1_821' title='bbox 2504 5099 2780 5171; x_wconf 77' lang='lat' dir='ltr'>prolixior</span> <span class='ocrx_word' id='word_1_822' title='bbox 2850 5100 3272 5171; x_wconf 88' lang='lat' dir='ltr'>interpretatio.</span> <span class='ocrx_word' id='word_1_823' title='bbox 3364 5101 3578 5158; x_wconf 87' lang='lat' dir='ltr'>idcirco</span> <span class='ocrx_word' id='word_1_824' title='bbox 3633 5102 3791 5157; x_wconf 89' lang='lat' dir='ltr'>enim</span> 
     </span>
    </p>
   </div>
   <div class='ocr_carea' id='block_1_114' title="bbox 2146 5187 3791 5261">
    <p class='ocr_par' dir='ltr' id='par_1_114' title="bbox 2146 5187 3791 5261">
     <span class='ocr_line' id='line_1_114' title="bbox 2146 5187 3791 5261; baseline 0.001 -16"><span class='ocrx_word' id='word_1_825' title='bbox 2146 5189 2343 5245; x_wconf 89' lang='lat' dir='ltr'>omnia</span> <span class='ocrx_word' id='word_1_826' title='bbox 2373 5188 2675 5251; x_wconf 86' lang='lat' dir='ltr'>vertimus,</span> <span class='ocrx_word' id='word_1_827' title='bbox 2711 5194 2773 5241; x_wconf 87' lang='lat' dir='ltr'>ut</span> <span class='ocrx_word' id='word_1_828' title='bbox 2796 5205 2909 5259; x_wconf 87' lang='lat' dir='ltr'>quo</span> <span class='ocrx_word' id='word_1_829' title='bbox 2932 5187 3177 5243; x_wconf 89' lang='lat' dir='ltr'>consilio</span> <span class='ocrx_word' id='word_1_830' title='bbox 3202 5190 3503 5261; x_wconf 79' lang='lat' dir='ltr'>snperiora</span> <span class='ocrx_word' id='word_1_831' title='bbox 3528 5192 3791 5259; x_wconf 86' lang='lat' dir='ltr'>tacuerit,</span> 
     </span>
    </p>
   </div>
   <div class='ocr_carea' id='block_1_115' title="bbox 2147 5277 3794 5353">
    <p class='ocr_par' dir='ltr' id='par_1_115' title="bbox 2147 5277 3794 5353">
     <span class='ocr_line' id='line_1_115' title="bbox 2147 5277 3794 5353; baseline 0.001 -18"><span class='ocrx_word' id='word_1_832' title='bbox 2147 5281 2547 5353; x_wconf 87' lang='lat' dir='ltr'>probaremus.</span> <span class='ocrx_word' id='word_1_833' title='bbox 2635 5277 2890 5331; x_wconf 81' lang='lat' dir='ltr'>Habctur</span> <span class='ocrx_word' id='word_1_834' title='bbox 2974 5277 3243 5350; x_wconf 85' lang='lat' dir='ltr'>dialogus</span> <span class='ocrx_word' id='word_1_835' title='bbox 3324 5281 3475 5351; x_wconf 80' lang='lat' dir='ltr'>apud</span> <span class='ocrx_word' id='word_1_836' title='bbox 3567 5281 3794 5337; x_wconf 63' lang='lat' dir='ltr'>Graecos</span> 
     </span>
    </p>
   </div>
   <div class='ocr_carea' id='block_1_116' title="bbox 2219 5528 3798 5598">
    <p class='ocr_par' dir='ltr' id='par_1_116' title="bbox 2219 5528 3798 5598">
     <span class='ocr_line' id='line_1_116' title="bbox 2219 5528 3798 5598; baseline 0.001 -17"><span class='ocrx_word' id='word_1_837' title='bbox 2219 5533 2239 5564; x_wconf 81' lang='grc'>²</span> <span class='ocrx_word' id='word_1_838' title='bbox 2271 5528 2558 5583; x_wconf 75' lang='lat' dir='ltr'>Victorius</span> <span class='ocrx_word' id='word_1_839' title='bbox 2590 5528 2816 5593; x_wconf 87' lang='lat' dir='ltr'>maluit,</span> <span class='ocrx_word' id='word_1_840' title='bbox 2850 5531 3009 5598; x_wconf 77' lang='lat' dir='ltr'>quasi</span> <span class='ocrx_word' id='word_1_841' title='bbox 3028 5530 3125 5583; x_wconf 76' lang='lat' dir='ltr'>hoc</span> <span class='ocrx_word' id='word_1_842' title='bbox 3152 5546 3338 5583; x_wconf 81' lang='lat' dir='ltr'>sensus</span> <span class='ocrx_word' id='word_1_843' title='bbox 3356 5536 3488 5584; x_wconf 75' lang='lat' dir='ltr'>esset</span> <span class='ocrx_word' id='word_1_844' title='bbox 3510 5528 3798 5584; x_wconf 69' lang='lat' dir='ltr'>exordium</span> 
     </span>
    </p>
   </div>
   <div class='ocr_carea' id='block_1_117' title="bbox 2148 5598 3797 5730">
    <p class='ocr_par' dir='ltr' id='par_1_117' title="bbox 2148 5598 3797 5730">
     <span class='ocr_line' id='line_1_117' title="bbox 2148 5598 3797 5730; baseline -0.002 -72"><span class='ocrx_word' id='word_1_845' title='bbox 2148 5604 2206 5688; x_wconf 78' lang='lat' dir='ltr'>id</span> <span class='ocrx_word' id='word_1_846' title='bbox 2232 5607 2341 5685; x_wconf 63' lang='lat' dir='ltr'>est,</span> <span class='ocrx_word' id='word_1_847' title='bbox 2371 5601 2540 5730; x_wconf 59' lang='lat' dir='ltr'>qutasi</span> <span class='ocrx_word' id='word_1_848' title='bbox 2574 5601 2706 5656; x_wconf 88' lang='lat' dir='ltr'>inde</span> <span class='ocrx_word' id='word_1_849' title='bbox 2737 5616 2946 5657; x_wconf 85' lang='lat' dir='ltr'>sensus</span> <span class='ocrx_word' id='word_1_850' title='bbox 2989 5600 3290 5673; x_wconf 88' lang='lat' dir='ltr'>inciperet,</span> <span class='ocrx_word' id='word_1_851' title='bbox 3340 5618 3473 5656; x_wconf 91' lang='lat' dir='ltr'>cum</span> <span class='ocrx_word' id='word_1_852' title='bbox 3525 5598 3797 5673; x_wconf 73' lang='lat' dir='ltr'>superius</span> 
     </span>
     <span class='ocr_line' id='line_1_118' title="bbox 2148 5688 2482 5730; baseline 0 0"><span class='ocrx_word' id='word_1_853' title='bbox 2148 5688 2436 5730; x_wconf 78' lang='lat' dir='ltr'>incepisse</span> <span class='ocrx_word' id='word_1_854' title='bbox 2468 5714 2482 5730; x_wconf 91' lang='lat'>.</span> 
     </span>
    </p>
   </div>
   <div class='ocr_carea' id='block_1_118' title="bbox 2147 5688 2482 5749">
    <p class='ocr_par' dir='ltr' id='par_1_118' title="bbox 2147 5688 2482 5749">
     <span class='ocr_line' id='line_1_119' title="bbox 2147 5688 2482 5749; baseline 0.012 -17"><span class='ocrx_word' id='word_1_855' title='bbox 2147 5688 2482 5749; x_wconf 72' lang='lat' dir='ltr'>incepisset.</span> 
     </span>
    </p>
   </div>
  </div>
