4094 6166
358 308 479 379 ωδ

1543 312 1854 380 CONTRA
1894 313 2255 385 RUFINUM
2299 318 2449 385 LIB.
2495 318 2575 386 ll.

3654 310 3778 398 £68

356 447 599 509 nomine
643 444 953 521 cujusdam
1005 446 1177 507 amici
1229 449 1461 509 Damasi
1518 450 1790 508 Romanae
1837 451 2001 509 urbis
2031 454 2086 520 Α
2116 455 2225 511 Sex
2254 454 2441 512 millia
2471 460 2667 514 autem
2732 453 3016 515 librorum
3051 454 3302 533 legere‘,
3371 474 3487 519 non
3510 461 3638 536 jam
3668 468 3761 523 est

356 537 620 614 episcopi
654 555 757 610 ego
784 543 970 611 petar,
1004 539 1097 595 cui
1129 538 1227 597 ille
1265 540 1687 597 ecclesiasticas
1731 542 2008 613 epistolas

358 630 670 687 dictandus
727 628 988 693 tradidit,
1056 634 1112 685 et
1175 629 1667 702 Apollinariorum
1734 632 2003 687 versutia:

354 720 786 784 describantur,
820 720 977 789 quod
1006 718 1309 774 Athanasii
1330 719 1547 775 librum
1571 720 1669 775 ubi
1693 721 2007 775 Dominicus

360 811 521 865 homo
550 807 801 877 scriptus
852 811 963 875 est,
1019 807 1091 862 ad
1142 807 1295 863 514
1346 807 1659 880 legendum
1701 813 2005 882 acceptum

360 898 446 955 ita
491 896 867 968 corruperint,
916 901 981 951 ut
1036 897 1094 951 in
1152 896 1329 952 litura
1386 898 1445 953 id
1511 898 1663 969 quod
1728 899 2001 967 rase‘i‘int,

369 1003 568 1044 rursus
596 984 936 1051 scriberent,
964 987 1025 1039 ut
1056 984 1280 1041 scilicet
1308 1003 1421 1041 non
1454 987 1526 1043 ab
1558 986 1676 1042 illis
1700 986 2000 1056 falsatum,

363 1076 455 1132 sed
497 1092 531 1129 a
578 1090 673 1128 me
738 1073 1003 1129 additum
1061 1079 1389 1145 putaretur.
1452 1078 1656 1141 Quaaso
1707 1079 1782 1143 te,
1816 1075 2002 1131 amice

354 1162 721 1230 charissime,
756 1165 820 1217 ut
850 1162 909 1216 in
941 1162 1354 1220 ecclesiasticis
1384 1163 1752 1231 tractatibus,
1798 1164 1893 1219 ubi
1929 1165 1999 1220 de

348 1253 593 1309 veritate
625 1252 967 1323 dogmatum
1000 1251 1298 1323 quaeritur,
1334 1256 1392 1307 et
1420 1253 1488 1308 de
1536 1252 1725 1307 salute
1773 1253 1998 1309 anima—

346 1359 481 1397 rum
542 1344 881 1396 nostrarum
942 1340 1233 1411 majorum
1306 1340 1605 1413 ﬂagitatur
1658 1342 1998 1409 auctoritas,

342 1428 763 1502 hujuscemodi
796 1428 1178 1485 deliramenta
1208 1429 1474 1485 dimittas
1521 1435 1575 1485 et
1618 1431 1996 1502 prandiorum

343 1533 771 1590 ccenarumque
800 1518 1029 1574 fabulas
1077 1535 1180 1590 pro
1230 1523 1575 1591 argumento
1634 1536 1750 1574 non
1799 1524 1998 1575 teneas

336 1609 631 1667 veritatis.
666 1607 814 1664 Fieri
840 1608 996 1662 enim
1021 1611 1230 1678 potest,
1258 1611 1321 1662 ut
1346 1608 1525 1663 etiam
1552 1608 1597 1663 si
1624 1625 1658 1663 a
1682 1625 1773 1665 me
1797 1624 1997 1664 verum

337 1697 589 1763 audisti,
622 1695 775 1751 alius
808 1696 909 1766 qui
940 1695 1119 1766 hujus
1149 1696 1231 1750 rei
1263 1696 1506 1768 ignarus
1537 1700 1645 1763 est,
1678 1696 1835 1751 dicat
1882 1714 1913 1751 a
1942 1701 1997 1752 te

338 1804 471 1844 esse
502 1784 936 1857 compositum:
970 1786 1026 1839 et
1074 1784 1243 1856 quasi
1296 1784 1522 1839 minum
1576 1785 1993 1852 Philistionis‘,

336 1876 430 1933 vel
463 1874 717 1941 Lentuli,
752 1889 817 1928 ac
850 1871 1060 1928 Maruli
1089 1872 1391 1945 stropham
1434 1873 1686 1946 eleganti
1729 1890 1999 1931 sermone

339 1965 682 2023 conﬁctam.

416 2054 511 2108 2t.
545 2057 618 2107 De
648 2052 699 2107 S.
733 2050 1042 2121 Epiphanio
1086 2052 1326 2122 querela.
1379 2083 1445 2090 ——
1487 2052 1608 2117 Quo
1640 2068 1754 2107 non
1795 2069 1998 2124 perve-

350 2143 481 2199 niat
510 2139 681 2195 semel
708 2140 988 2195 effrenata
1034 2140 1382 2195 temeritas?
1425 2140 1562 2195 Post
1599 2143 1997 2197 excommuni-

346 2231 639 2286 cationem
702 2227 931 2298 Hilarii,
1017 2231 1150 2299 post
1229 2226 1496 2299 Cypriani
1560 2225 1994 2306 ψευδεπίγραφον

342 2320 637 2375 haereseos
667 2316 907 2383 librum,
941 2320 1073 2388 post
1120 2316 1445 2385 Athanasii,
1498 2334 1589 2373 me
1620 2319 1991 2387 dormitante,

332 2409 607 2476 lituram,
640 2405 815 2461 simul
849 2411 905 2461 et
935 2405 1400 2477 inscriptionem,
1453 2407 1651 2479 erupit
1679 2406 1993 2478 aliquando

333 2502 544 2556 contra
582 2512 797 2568 papam
866 2494 1257 2566 Epiphanium
1322 2499 1379 2549 et
1444 2495 1703 2551 dolorem
1743 2497 1994 2567 pectoris

332 2589 456 2655 sui,
526 2586 683 2658 quod
715 2601 849 2639 eum
882 2584 940 2638 in
1005 2583 1253 2655 epistola
1320 2600 1497 2655 quam
1566 2585 1636 2639 ad
1706 2584 1991 2641 Joannem

331 2678 687 2752 episcopum
792 2673 1125 2744 scripserat,
1202 2673 1540 2728 hmreticum
1627 2674 1838 2745 arguit,
1931 2674 1989 2729 in

332 2766 611 2837 Apologia
640 2778 747 2834 pro
778 2761 1023 2833 Origene
1089 2761 1322 2833 digerit,
1391 2766 1448 2816 et
1517 2761 1604 2817 his
1671 2779 1732 2817 se
1764 2778 1990 2817 sermo—

333 2855 515 2910 nibus
587 2849 945 2907 consolatur:
1018 2870 1045 2901 α
1084 2850 1232 2915 Quin
1300 2851 1495 2922 potius
1563 2850 1875 2921 aperienda
1903 2854 1991 2907 est

334 2944 450 3000 hoc
479 2942 541 2996 in
574 2940 703 2996 loco
737 2939 944 2994 veritas
974 2938 1183 2994 latens.
1218 2939 1344 2994 Non
1377 2939 1533 2994 enim
1568 2938 1844 3010 possibile
1880 2945 1986 3008 est,

336 3038 461 3088 tam
496 3028 703 3101 iniquo
745 3027 969 3098 judicio
1019 3027 1100 3083 uti
1154 3044 1513 3099 quemquam
1561 3028 1893 3092 hominum,
1927 3033 1990 3083 ut

335 3122 408 3177 de
439 3136 625 3177 causa
654 3116 862 3189 aaquali
898 3134 1012 3172 non
1054 3116 1352 3188 aequaliter
1400 3117 1635 3172 sentiat.
1690 3118 1800 3172 Sed
1833 3118 1986 3189 quod

2117 562 2343 602 errores
2374 564 2438 601 ac
2472 546 2627 602 mala
2655 546 2802 603 velle
2842 564 3209 621 cognoscere,
3244 550 3342 607 sed
3390 555 3573 610 totam
3618 560 3769 628 pene

2117 635 2293 690 vitam
2327 635 2656 707 disciplinis
2688 638 2816 707 ejus
2848 653 2913 692 ac
2941 637 3156 693 studiis
3187 639 3416 696 dedere.
3468 643 3768 708 Quomodo

2116 725 2392 799 ergoiste
2459 724 2670 780 merito
2739 725 3068 783 audiendus
3134 730 3243 795 est,
3311 738 3444 784 cum
3514 745 3611 787 eos
3643 730 3767 787 cul-

2116 817 2235 885 pat,
2270 812 2369 884 qui
2437 813 2849 869 instructionis
2894 831 3015 871 suae
3081 832 3258 871 causa
3322 833 3613 889 perpauca
3639 820 3769 891 ejus

2114 901 2299 973 (salva
2328 902 2461 956 fidei
2534 903 2736 974 regula
2801 907 2976 975 atque
3043 905 3274 977 integra
3339 905 3573 980 pietate)
3613 905 3766 981 lege-

2114 995 2254 1045 runt
2288 990 2315 1045 ?

2182 1082 2269 1133 22.
2316 1079 2669 1150 Epiphanius
2716 1082 2958 1153 quinque
3009 1083 3227 1154 linguas
3274 1088 3516 1140 noverat.
3547 1117 3612 1127 —
3652 1087 3759 1153 Qui

2112 1173 2250 1223 sunt
2281 1168 2402 1238 isti,
2436 1169 2534 1240 qui
2568 1169 2627 1223 in
2660 1168 2917 1225 Ecclesia
2956 1171 3255 1243 disputare
3310 1172 3487 1229 latius
3527 1175 3765 1232 solent?

2111 1256 2211 1327 qui
2243 1256 2422 1312 libros
2456 1258 2753 1313 scribere?
2784 1259 2883 1331 qui
2914 1262 3102 1314 totum
3134 1261 3204 1315 de
3229 1260 3476 1333 Origene
3505 1262 3760 1337 loquun-

2110 1349 2203 1400 tur
2232 1349 2289 1400 et
2320 1346 2634 1401 scribunt?
2672 1345 2773 1417 qui
2796 1347 2937 1402 dum
2954 1345 3449 1405 suanoluntfurta
3465 1351 3759 1423 cognosci,

2110 1440 2166 1490 et
2190 1434 2406 1506 ingrati
2438 1439 2577 1490 sunt
2605 1435 2665 1490 in
2698 1435 3070 1507 magistrum,
3103 1436 3319 1493 idcirco
3350 1437 3650 1510 simplices
3688 1439 3761 1496 ab

2110 1522 2268 1578 illius
2297 1522 2542 1579 lectione
2574 1524 2911 1580 deterrent?
2939 1524 3297 1581 Nominatim
3329 1526 3505 1582 debes
3545 1527 3758 1597 dicere,

2108 1617 2164 1667 et
2211 1612 2371 1684 ipsos
2416 1612 2687 1668 homines
2739 1608 3037 1669 denotare.
3088 1614 3237 1687 Ergo
3292 1610 3447 1670 beati
3496 1616 3756 1690 episcopi

2106 1702 2450 1757 Anastasius
2472 1701 2512 1769 ³,
2556 1704 2612 1756 et
2655 1700 3035 1774 Theophilus,
3083 1707 3140 1758 et
3192 1705 3475 1760 Venerius
3516 1703 3758 1777 (Medio-

2106 1788 2269 1859 lani),
2304 1794 2360 1846 et
2425 1789 2799 1846 Chromatius
2865 1791 3212 1865 (Aquileiae),
3281 1796 3339 1849 et
3403 1794 3598 1851 omnis
3634 1802 3756 1851 tam

2111 1878 2367 1935 Orientis
2400 1896 2577 1951 quam
2609 1879 2945 1936 Occidentis
2974 1880 3405 1938 Catholicorum
3436 1883 3755 1956 synodus‘,

2109 1968 2210 2038 qui
2242 1967 2368 2039 pari
2395 1966 2707 2034 sententia,
2738 1968 2875 2038 quia
2905 1968 3031 2039 pari
3067 1971 3124 2023 et
3154 1968 3387 2041 spiritu,
3439 1969 3606 2027 illum
3636 1970 3755 2027 has-

2109 2057 2355 2112 reticum
2388 2054 2737 2111 denuntiant
2774 2055 3029 2127 populis,
3074 2057 3230 2113 fures
3269 2056 3555 2115 librorum
3594 2058 3755 2118 illius

2100 2144 2408 2217 judicandi
2442 2148 2616 2199 sunt:
2651 2148 2705 2199 et
2736 2144 2971 2216 quando
3003 2145 3061 2199 in
3094 2145 3365 2203 Ecclesiis
3412 2146 3752 2220 praedicant.

2108 2249 2224 2288 non
2275 2232 2709 2303 Scripturarum
2760 2232 3059 2304 mysteria,
3109 2235 3210 2290 sed
3264 2235 3529 2308 Origenis
3597 2237 3753 2294 furta

2106 2321 2615 2376 commemorant?
2645 2320 2772 2375 Non
2804 2320 2910 2375 tibi
2934 2320 3152 2377 sufficit
3169 2324 3390 2394 passim
3412 2326 3615 2379 contra
3630 2339 3751 2380 om-

2105 2426 2208 2465 nes
2238 2408 2597 2476 detrectatio,
2633 2408 2746 2465 nisi
2803 2408 3133 2481 specialiter
3181 2415 3383 2467 contra
3426 2411 3661 2468 beatum
3693 2416 3751 2469 et

2104 2498 2393 2570 insignem
2441 2495 2705 2552 Ecclesia
2751 2498 3110 2553 sacerdotem
3162 2499 3295 2571 styli
3345 2498 3434 2554 tui
3484 2498 3745 2556 lanceam

2102 2587 2322 2658 dirigas
2341 2585 2369 2640 ?
2395 2583 2535 2651 Quis
2567 2588 2655 2640 est
2684 2583 2802 2651 ille,
2836 2584 2935 2657 qui
2966 2585 3125 2641 velut
3154 2587 3558 2643 necessitatem
3581 2605 3751 2644 evanv

2101 2673 2386 2747 gelizandi
2416 2689 2521 2745 per
2549 2686 2755 2728 omnes
2779 2676 2982 2745 gentes
3031 2677 3087 2728 et
3128 2691 3227 2744 per
3274 2690 3477 2732 omnes
3513 2674 3748 2750 linguas

2100 2764 2316 2819 habere
2345 2778 2408 2817 se
2460 2764 2647 2833 putat,
2679 2762 2749 2816 de
2789 2761 3034 2833 Origene
3092 2762 3243 2819 male
3293 2763 3617 2835 loquendi?
3647 2766 3747 2837 qui

2100 2869 2198 2909 sex
2231 2850 2415 2905 millia
2444 2849 2729 2905 librorum
2759 2849 2887 2920 ejus
2914 2866 2976 2905 se
3007 2849 3239 2923 legisse,
3273 2868 3452 2923 quam
3492 2851 3751 2925 plurima

2099 2941 2347 2996 fratrum
2417 2937 2792 2993 multitudine
2822 2939 3115 3005 audiente,
3148 2940 3451 2997 confessus
3511 2939 3647 2996 est?
3676 2940 3741 2996 In

2099 3047 2215 3101 qua
2245 3027 2620 3084 multitudine
2652 3031 2708 3082 et
2736 3032 2965 3083 caterva
2995 3028 3241 3084 fratrum
3270 3032 3334 3084 tu
3358 3044 3592 3102 quoque
3622 3045 3746 3086 me-

2099 3118 2232 3173 dius
2264 3134 2413 3183 eras,
2474 3115 2707 3188 quando
2767 3114 2865 3172 ille
2894 3117 2952 3171 in
2985 3133 3090 3171 sua
3155 3116 3412 3188 Epistola
3454 3117 3741 3189 queritur,

335 3215 610 3266 auctores
664 3206 1096 3261 obrectatorum
1147 3207 1274 3276 ejus
1318 3205 1377 3259 hi
1408 3209 1565 3270 sunt,
1634 3205 1733 3277 qui
1790 3205 1879 3261 vel
1930 3205 1989 3259 in
2022 3189 2063 3254 (ἶ
2103 3223 2205 3278 pro
2236 3204 2504 3276 Origenis
2568 3203 2771 3259 haeresi
2840 3204 3060 3259 nefaria
3090 3222 3124 3260 a
3186 3209 3242 3261 te
3306 3204 3583 3278 dogmata
3612 3212 3751 3262 esse‘

336 3294 597 3354 Ecclesia
627 3293 929 3365 disputare
969 3293 1145 3348 latius
1192 3293 1402 3364 solent,
1468 3293 1557 3348 vel
1606 3294 1759 3349 etian
1806 3292 1986 3349 libros

340 3386 615 3452 scribere,
654 3382 754 3455 qui
784 3385 972 3437 totum
1005 3382 1076 3436 de
1107 3382 1351 3454 Origene
1380 3381 1469 3437 vel
1518 3382 1862 3454 loquuntur,
1899 3388 1988 3442 vel

340 3474 632 3531 scribunt.
666 3472 749 3526 Ne
777 3487 914 3543 ergo
942 3469 1140 3543 plures
1159 3469 1419 3542 ipsorum
1442 3471 1596 3526 furta
1612 3475 1983 3543 cognoscant,

349 3579 476 3633 quae
508 3561 707 3632 utique
753 3560 802 3615 si
852 3559 1067 3631 ingrati
1110 3559 1169 3613 in
1220 3559 1569 3631 magistrum
1621 3576 1736 3614 non
1770 3564 1985 3629 essent,

354 3647 722 3722 nequaquam
802 3648 1120 3703 criminosa
1179 3648 1534 3717 viderentur,
1603 3648 1988 3719 simpliciores

350 3753 618 3811 quosque
648 3738 715 3792 ab
743 3738 871 3809 ejus
902 3736 1150 3792 lectione
1192 3737 1506 3792 deterrent.
1555 3736 1815 3808 Denique
1855 3736 1986 3808 qui-

342 3828 476 3885 dam
505 3844 576 3883 ex
606 3826 770 3899 ipsis,
804 3826 905 3897 qui
939 3842 1001 3881 se
1030 3824 1188 3881 velut
1217 3824 1650 3897 evangelizandi
1684 3825 1991 3881 necessita-

335 3922 579 3989 temper
610 3918 1029 3987 omnesgentes
1061 3918 1119 3970 et
1145 3929 1247 3985 per
1277 3930 1481 3969 omnes
1508 3914 1743 3987 linguas
1776 3914 1989 3969 habere

337 4004 615 4078 putat,de
629 4001 875 4075 Origene
897 4002 1043 4057 male
1066 4002 1363 4074 loquendi,
1382 4020 1479 4057 sex
1504 4002 1988 4059 millialibrorum

340 4095 466 4165 ejus
496 4109 563 4150 se
586 4092 827 4164 legisse,
859 4108 1036 4163 quam
1070 4091 1323 4163 plurima
1355 4091 1504 4147 5l5
1556 4091 1804 4147 fratrum
1837 4092 1988 4147 mul-

332 4182 593 4239 titudine
637 4179 930 4248 audiente,
962 4181 1261 4236 confessus
1293 4184 1402 4235 est.
1438 4180 1544 4244 Qui
1578 4181 1624 4235 si
1674 4182 1874 4253 utique
1904 4182 1991 4251 (ut

328 4272 460 4345 ipse
491 4271 692 4326 dicere
722 4269 890 4340 solet)
922 4286 1025 4341 pro
1048 4269 1469 4343 cognoscendis
1492 4271 1621 4340 ejus
1645 4270 1816 4326 malis
1838 4270 1993 4342 lege-

327 4361 454 4428 bat,
491 4359 767 4415 sufﬁcere
800 4363 1067 4430 poterant
1097 4359 1297 4413 decem
1330 4357 1464 4412 libri
1514 4358 1587 4413 ad
1634 4374 1988 4431 cognoscen-

330 4438 501 4514 dum,
536 4451 640 4503 aut
669 4446 873 4519 viginti
906 4451 1078 4515 certe,
1114 4450 1214 4501 aut
1245 4450 1308 4501 ut
1360 4445 1682 4518 plurimum
1728 4446 1986 4519 triginta.

2096 3292 2319 3366 prolata
2341 3292 2368 3346 ‘2
2433 3291 2676 3347 Crimini
2709 3292 2759 3346 ei
2792 3292 3075 3347 damdum
3106 3296 3196 3349 est
3242 3309 3423 3365 quare
3452 3294 3735 3361 Graecam,

2095 3384 2321 3456 Syram,
2354 3384 2411 3437 et
2449 3380 2751 3435 chraeam
2804 3384 2860 3435 et
2911 3381 3307 3453 ZEgyptiacam
3357 3381 3643 3455 linguam,
3676 3390 3745 3440 ex

2096 3476 2259 3546 parte
2291 3474 2347 3527 et
2378 3469 2642 3525 Latinam
2668 3468 2938 3524 noverit?
2969 3471 3117 3541 Ergo
3147 3473 3204 3526 et
3232 3470 3481 3542 apostoli
3512 3475 3570 3527 et
3605 3486 3745 3545 apo-

2098 3561 2283 3618 stolici
2338 3560 2464 3626 viri,
2510 3558 2608 3629 qui
2642 3556 2862 3630 linguis
2903 3556 3315 3629 loquebantur,
3382 3559 3443 3614 in
3499 3559 3746 3616 crimine

2098 3654 2272 3716 sunt;
2307 3652 2363 3703 et
2394 3662 2487 3701 me
2519 3644 2881 3716 trilinguem,
2950 3644 3231 3717 bilinguis
3275 3645 3402 3717 ipse
3431 3646 3742 3702 ridebis"?

2098 3741 2175 3792 De
2197 3754 2296 3792 sex
2328 3734 2594 3790 millibus
2626 3737 2821 3787 autem
2853 3732 3160 3801 librorum,
3193 3750 3340 3805 quos
3373 3733 3526 3789 518
3578 3734 3650 3789 ab
3679 3750 3748 3790 eo

2096 3825 2276 3881 lectos
2309 3840 2436 3879 esse
2468 3820 2777 3893 contingis,
2811 3820 2945 3893 quis
2975 3822 3170 3877 credet
3200 3825 3303 3877 aut
3331 3827 3387 3877 te
3417 3836 3617 3879 verum
3653 3821 3748 3877 di-

2098 3930 2246 3983 cere,
2280 3917 2380 3967 aut
2410 3909 2578 3965 illum
2602 3909 2866 3981 potuisse
2899 3910 3180 3966 mentiri?
3212 3910 3271 3966 Si
3294 3910 3451 3966 enim
3469 3910 3751 3984 Origenes

2099 4021 2199 4060 sex
2230 4000 2413 4057 millia
2465 3999 2800 4071 scripsisset
2816 3998 3123 4066 librorum,
3149 4003 3417 4072 potuerat
3434 4000 3555 4056 fieri
3570 4003 3636 4056 ut
3662 3998 3750 4055 vir

2098 4089 2539 4149 eruditissimus
2572 4088 2692 4159 [Αἱ.
2728 4088 3039 4159 eruditus],
3081 4093 3137 4144 et
3187 4089 3259 4144 ab
3281 4089 3533 4145 infantia
3562 4087 3748 4145 sacris

2100 4180 2335 4237 Litteris
2359 4178 2691 4243 institutus,
2726 4193 2830 4248 pro
2898 4177 3239 4233 curiositate
3306 4181 3363 4233 et
3391 4176 3635 4232 scientia
3663 4176 3747 4231 le-

2098 4269 2279 4343 gisset
2309 4268 2519 4324 aliena.
2556 4266 2715 4330 Quod
2749 4264 2999 4321 veroille
3020 4282 3135 4321 non
3168 4264 3424 4338 scripsit,
3456 4264 3749 4334 quomodo

2098 4360 2208 4415 iste
2237 4358 2429 4431 legere
2458 4354 2695 4428 potuit?
2727 4353 2984 4409 Numera
3030 4354 3251 4410 indices
3296 4352 3579 4408 librorum
3619 4352 3750 4424 ejus

2101 4449 2198 4520 qui
2231 4448 2289 4501 in
2320 4444 2494 4501 tertio
2524 4442 2828 4499 volumine
2858 4442 3113 4510 Eusebii,
3148 4443 3207 4498 in
3237 4458 3352 4515 quo
3402 4439 3639 4513 scripsit
3663 4439 3752 4496 vi-

331 4574 498 4639 t'alsi,
547 4572 651 4628 sed
699 4575 931 4628 tantum
988 4572 1140 4626 inter
1186 4586 1254 4625 ea
1300 4572 1597 4643 amandat,
1661 4589 1787 4643 quae
1829 4572 1992 4627 seris:
2025 4560 2070 4622 D
2103 4590 2231 4636 mai,
2265 4567 3049 4643 Theophilus_.Al_exandria,
3097 4566 3381 4643 Venerius
3414 4564 3750 4636 Mediolani,

328 4644 733 4718 disputationi
766 4660 918 4718 ⁸-ιιοιι
987 4642 1226 4718 faciunt,
1287 4642 1377 4718 _De
1454 4642 1732 4718 Doniiniei
1796 4648 1993 4718 autem

331 4713 1001 4799 hmininis‘appellatione
1046 4714 1117 4769 ad
1169 4713 1465 4799 Christum
1516 4714 1990 4799 signiﬁcandum,

334 4805 527 4863 quam
567 4784 729 4863 alii};
758 4786 1054 4863 veteribus
1094 4785 1488 4863 reproharent,
1540 4784 1636 4839 alii
1664 4790 1991 4863 tuerentur,

332 4856 537 4918 multa
567 4860 640 4915 ad
671 4858 891 4913 librum
921 4856 1246 4930 Didymi'de
1274 4856 1488 4930 Spiritu
1508 4861 1703 4930 sancto
1753 4874 1993 4930 conges-

333 4935 538 4989 simus
569 4948 627 4985 n.
660 4932 752 4997 51,
783 4930 845 4984 in
878 4928 1077 5009 notis,
1109 4945 1254 5009 quas
1284 4928 1436 5052 vige,
1472 4928 1521 4984 si
1550 4928 1734 4983 lubet.

414 5007 460 5052 ι.
498 5001 861 5052 Philistionis
904 5004 1172 5052 meminit
1220 5000 1278 5052 S.
1379 4998 1616 5052 mnhan.
1668 4999 1734 5052 ha

1067 4998 1172 5054 init
1220 5000 1285 5069 S.
1330 4998 1616 5069 Epiphan.
1668 4999 1872 5055 heres.
1902 5000 1991 5055 36.

332 5075 605 5132 Gnostic.
642 5091 697 5128 n.
732 5074 755 5129 4
789 5091 802 5138 ;
837 5070 1067 5143 Lentuli
1096 5068 1490 5143 Tertullianus
1540 5070 1605 5125 de
1646 5071 1826 5143 Pallio
1864 5088 1992 5143 cap.

332 5146 390 5202 4.
433 5144 667 5200 Marulli
733 5144 957 5199 dictum
998 5142 1143 5197 illud
1183 5146 1370 5197 exstat
1408 5158 1548 5197 sane
1589 5141 1856 5199 festivum
1923 5141 1996 5199 ad

330 5217 677 5291 parasitum
732 5215 1029 5291 gulosum.
1082 5214 1155 5267 Tu
1196 5214 1470 5291 Hectorem
1500 5215 1758 5281 imitaris,
1791 5216 1865 5268 ab
1896 5215 1997 5271 Ilio

332 5287 910 5369 ituriquam_recedis.
952 5287 1098 5369 :I‘res
1147 5289 1364 5369 autem“
1400 5302 1542 5369 una"
1579 5290 1999 5369 commemorat

330 5355 567 5417 Marius
622 5358 909 5414 Mercator
949 5358 1006 5411 in
1041 5355 1431 5411 Commonit.:
1499 5358 1644 5412 Unus
1677 5356 1996 5426 Philistion,

328 5449 486 5489 unus
518 5432 845 5486 Latinorum
883 5429 1164 5494 Lentulus,
1207 5443 1352 5481 unus
1394 5427 1495 5481 tibi
1542 5428 1805 5482 Marullus
1853 5444 1997 5484 com-

325 5502 650 5579 ραῖρῑξιέαδ-
1058 5571 1111 5579 ,λ
1168 5570 1179 5579 .
1336 5568 1368 5579 ..

405 5578 431 5611 ²
453 5574 585 5630 Vid.
632 5590 814 5645 supra
843 5588 1010 5628 num.
1054 5571 1135 5636 13,
1165 5570 1225 5645 in
1252 5570 1425 5645 notis.

410 5646 617 5704 aBeati
660 5641 899 5719 episcopi
958 5644 1303 5709 Anastasius,
1366 5643 1475 5696 etc.
1522 5641 1838 5699 Anatasius
1888 5641 1998 5706 Ro,

414 5007 460 5058 ί.
497 5001 861 5057 Philistionis
904 5000 1172 5056 meminit
1220 5000 1278 5054 S.

2104 4638 2481 4699 Chromatius
2510 4638 2783 4710 Aquileia:
2815 4638 3125 4711 episcopus
3155 4643 3297 4695 erat.
3328 4642 3612 4694 MARTIAN.

2174 4716 2201 4789 ‘_
2228 4714 2494 4789 Refertur
2539 4708 2867 4789 albabb‘aao‘
2910 4715 2951 4765 t.
2984 4708 3032 4763 V
3094 4711 3387 4789 Concilior.
3457 4725 3590 4781 pag.

2107 4786 2381 4841 universa
2432 4779 2893 4855 Occidentalium
2948 4784 3226 4855 synodus,
3282 4798 3425 4855 quae
3459 4779 3753 4855 Caeeepil’et

2098 4857 2349 4928 probavit
2382 4853 2884 4928 Alexandrinorum
2916 4849 3170 4928 Ecclesiae
3192 4849 3518 4928 scutarium?!
3644 4849 3752 4928 in}.-

2102 4918 2258 5001 pium
2290 4925 2644 5045 (Origenemf
2674 4925 2866 5004 latam,
2900 4928 2963 4978 ut
2993 4925 3254 5004 loquitur
3299 4918 3674 5045 Theoghilus.
3692 4919 3751 4985 in

2106 5014 2374 5045 aermnne
2407 5011 2581 5045 ouem
2652 5000 2985 5045 ustmianus
3014 4997 3331 5045 imperator
3358 4991 3455 5045 lau
3500 4995 3579 5045 at.
3608 4990 3751 5045 Vlde

2106 4990 2374 5055 sermone
2407 4990 2581 5067 quem
2610 4990 2985 5067 ustinianus
3014 4990 3331 5067 imperator
3358 4990 3579 5067 laudat.
3608 4990 3755 5067 Vide

2106 5061 3048 5141 TheOphili'synodicam,tresque
3076 5061 3373 5141 alias,qquae
3392 5061 3585 5141 ‘illam_
3610 5064 3754 5141 sub_-

2107 5134 2438 5215 sequuntur
2467 5134 2767 5210 epistolas,
2790 5155 2871 5215 Ma
2901 5134 3070 5191 nobis
3136 5135 3323 5191 editas
3385 5137 3530 5190 tom.
3565 5135 3609 5203 I,
3642 5134 3761 5190 sub’

2108 5207 2338 5273 numer.
2367 5215 2439 5265 72
2469 5207 2525 5265 et
2559 5207 2960 5279 sequentibus.

2179 5287 2199 5321 δ
2232 5284 2474 5337 Videtur
2503 5276 2759 5335 Victorio
2782 5279 3168 5351 Hieronymus
3186 5277 3388 5333 ludere
3409 5278 3467 5331 in
3492 5276 3756 5403 bilinguis

2179 5355 2362 5403 ,mino.
2400 5358 2463 5403 ut
2492 5352 2949 5403 obtrectarorem
2979 5352 3173 5403 notius
3198 5354 3380 5403 notet.
3407 5364 3585 5403 quam
3660 5364 3756 5403 ua-

2107 5355 2362 5420 nomine,
2400 5358 2463 5407 ut
2492 5352 2949 5407 obtrectarorem
2979 5352 3173 5422 potius
3198 5354 3380 5416 notet,
3407 5352 3737 5422 quam‘dua

2106 5444 2235 5483 rum
2268 5418 2603 5495 linguarum
2628 5422 2878 5494 peritum
2904 5418 3164 5495 sci—entia.
3195 5423 3346 5478 Hier.
3371 5418 3524 5495 intra
3548 5418 3649 5474 lib.
3668 5435 3752 5473 ιιι.

2110 5500 2180 5555 Tu
2214 5493 2502 5564 bilinguis,
2535 5493 2641 5565 qui
2656 5497 2870 5548 tantum
2901 5494 3061 5550 habes
3088 5493 3265 5552 Graeci
3310 5493 3603 5565 Latinique
3640 5505 3755 5565 serf

2106 5569 2283 5625 monis
2312 5555 2619 5631 scvienlia'm,
2650 5570 2711 5620 ut
2743 5569 2795 5621 et
2840 5565 3015 5624 Grazci
3064 5570 3113 5623 te
3160 5568 3443 5634 Latinum,
3494 5555 3546 5620 ἐι
3574 5555 3758 5617 Latini

2106 5646 2158 5699 te
2191 5640 2441 5697 Graecum
2463 5645 2679 5711 putent.
