4094 6166
328 272 448 346 46⁸7

1567 283 1631 352 S.
1678 287 1994 354 EUSEBII
2039 289 2514 358 HIERONYMI.

3620 289 3741 357 468

330 419 454 475 tam
486 419 798 493 Pamphili,
830 421 1236 477 continentur:
1273 425 1330 478 et
1361 439 1474 479 non
1521 423 1648 481 dico
1716 442 1814 481 sex
1843 425 1972 480 mi1~
2001 431 2056 493 Α
2087 426 2171 482 sic
2202 433 2265 485 tu
2322 431 2462 486 doce
2494 447 2526 485 a
2558 445 2673 501 quo
2705 425 3004 501 exemplar
3032 423 3349 502 acceperis,
3380 429 3446 486 ut
3503 426 3606 502 qui
3643 432 3743 485 an"

332 508 412 574 lia
443 513 543 567 sed
616 512 847 568 tertiam
917 516 1140 584 partem
1204 529 1320 567 non
1393 515 1663 584 reperies.
1698 515 1995 569 Habemus
2100 522 2314 575 etorem
2346 519 2479 574 libri
2512 519 2648 574 dare
2679 518 2859 574 alium
2885 535 2995 574 non
3015 519 3287 591 potuerit,
3311 519 3436 590 ipse
3467 516 3741 574 falsitatis

331 600 644 672 epistolam
678 601 997 672 supradicti
1033 601 1346 672 pontificis,
1382 602 1438 656 in
1472 619 1588 673 qua
1607 603 1744 658 huic
1768 602 1992 657 calum-

335 692 448 746 niae
481 696 612 756 tua),
646 692 788 745 dum
820 690 1012 744 adhuc
1043 706 1204 746 esses
1256 692 1316 744 in
1367 692 1619 758 Oriente,
1656 692 1986 763 respondet,

335 783 392 836 et
421 779 856 850 apertissimum
893 779 1263 835 mendacium
1293 779 1478 836 libera
1507 779 1766 836 veritatis
1797 780 1988 835 fronte

337 870 618 925 confutat.

409 958 500 1010 23.
559 957 795 1011 Habebat
851 959 906 1010 in
968 959 1154 1012 animo
1209 957 1445 1013 scribere
1490 965 1676 1013 contra
1706 958 1989 1028 Pamphili

339 1048 680 1117 Apologiam.
718 1047 831 1101 Lib.
857 1046 923 1100 de
959 1048 1097 1102 Viris
1128 1047 1330 1100 illustr.
1355 1047 1423 1100 ad
1453 1049 1733 1102 Dextrum.
1780 1049 1826 1100 Τ
1825 1064 1985 1102 rans-

341 1137 469 1192 tulit
499 1137 756 1192 homilias
787 1137 1036 1205 Origenis
1067 1138 1125 1190 in
1153 1136 1535 1191 adolescentia.
1580 1169 1648 1176 —
1698 1137 1834 1192 Post
1865 1136 1985 1191 haec

338 1229 396 1280 et
426 1230 590 1280 tanta
620 1225 801 1280 audes
832 1224 890 1278 in
924 1227 1185 1296 Apologia
1217 1226 1316 1281 fua
1347 1226 1557 1293 dicere,
1621 1230 1676 1281 te
1708 1243 1823 1281 non
1855 1242 1983 1281 esse

335 1314 704 1369 defensorem
733 1313 1020 1386 Origenis,
1055 1331 1244 1386 neque
1275 1320 1624 1370 assertorem
1665 1314 1843 1383 illius,
1879 1331 1980 1386 pro

338 1405 510 1474 cujus
540 1403 876 1459 defensione
907 1403 1251 1474 Pamphilus
1272 1409 1326 1458 et
1348 1405 1634 1460 Eusebius
1653 1405 1758 1460 tibi
1774 1421 1979 1475 parum

335 1491 554 1549 dixisse
585 1498 723 1548 sunt
752 1492 880 1546 visi.
914 1493 1236 1548 Adversum
1270 1509 1396 1564 quae
1427 1493 1725 1548 volumina
1755 1493 1822 1565 (si
1871 1492 1978 1548 Do-

336 1581 536 1636 minus
564 1583 693 1635 vitae
725 1582 903 1651 hujus
923 1583 1145 1636 dederit
1164 1583 1444 1654 spatium)
1463 1583 1607 1638 alias
1631 1581 1980 1653 respondere

337 1669 612 1723 conabor.
645 1669 810 1723 Nunc
853 1673 1080 1724 tantum
1109 1670 1229 1724 tuis
1260 1670 1684 1726 assertionibus
1715 1669 1980 1725 obviasse

2099 624 2232 663 reus
2262 612 2545 664 teneatur.
2575 631 2602 657 ‹‹
2638 608 2833 663 Bonus
2861 607 3035 662 homo
3067 608 3137 663 de
3183 608 3332 663 bono
3391 606 3584 662 cordis
3614 607 3742 662 the-

2098 713 2272 752 sauro
2304 698 2522 769 profert
2551 695 2651 751 illa
2680 712 2806 767 quae
2837 695 2991 751 bona
3021 701 3162 751 sunt
3193 695 3402 766 (Matth.
3435 711 3534 763 xu,
3568 696 3658 764 35)
3681 714 3736 764 ς»

2097 789 2270 856 atque
2302 801 2372 841 ex
2428 801 2738 857 pomorum
2799 782 3125 852 dulcedine,
3186 783 3452 858 generosi
3495 771 3742 840 seminis

2095 875 2268 930 arbor
2307 873 2663 946 agnoscitur.

2162 964 2250 1017 24.
2281 963 2522 1033 Epistola
2551 963 2834 1033 supposita
2865 963 3224 1033 Hieronymo.
3261 991 3323 1001 —-
3380 961 3592 1016 Scribit
3623 963 3736 1017 fra-

2091 1055 2179 1106 ter
2208 1051 2495 1106 Eusebius
2526 1067 2588 1106 se
2619 1051 2772 1122 apud
2807 1050 2974 1104 Afros
3004 1049 3331 1122 episcopos,
3373 1049 3474 1122 qui
3505 1056 3738 1122 propter

2091 1139 2512 1196 ecclesiasticas
2539 1155 2748 1194 causas
2781 1139 2850 1193 ad
2885 1138 3226 1193 comitatum
3287 1144 3583 1206 venerant,
3614 1139 3734 1212 epi-

2090 1227 2301 1284 stolam
2333 1228 2500 1300 quasi
2538 1244 2664 1283 meo
2722 1227 3000 1300 scriptam
3060 1225 3297 1282 nomine
3336 1227 3642 1299 reperisse,
3675 1229 3732 1283 in

2092 1335 2207 1390 qua
2262 1334 2494 1390 agerem
2552 1316 2974 1388 paenitentiam,
3007 1319 3066 1370 et
3123 1331 3215 1370 me
3245 1315 3319 1371 ab
3376 1315 3631 1371 Hebraeis
3677 1315 3735 1372 in

2091 1404 2483 1462 adolescentia
2546 1405 2854 1460 inductum
2914 1420 3042 1458 esse
3079 1407 3345 1470 testarer,
3407 1408 3471 1459 ut
3499 1404 3740 1460 Hebraea

2089 1494 2389 1550 volumina
2417 1494 2476 1548 in
2510 1494 2780 1549 Latinum
2812 1496 3116 1556 verterem,
3147 1490 3207 1546 in
3239 1491 3456 1564 quibus
3480 1491 3642 1548 nulla
3664 1494 3740 1548 sit

2086 1583 2319 1637 veritas.
2352 1583 2515 1646 Quod
2549 1581 2796 1637 audiens
2852 1580 3153 1652 obstupui.
3187 1579 3255 1634 Et
3309 1581 3449 1652 quia
3481 1603 3510 1630 ‹‹
3542 1581 3604 1636 In
3641 1599 3738 1638 ore

2092 1670 2344 1726 duorum
2375 1671 2462 1726 vel
2493 1671 2673 1726 trium
2706 1674 2823 1725 stat
2881 1685 3056 1723 omne
3091 1667 3335 1723 verbum
3380 1670 3555 1740 (Deut.
3594 1687 3732 1736 xvu,

334 1756 612 1860 sufﬁciat,
648 1757 831 1860 ethoc
862 1757 1111 1860 breviter
1139 1759 1485 1860 prudentem
1519 1757 1976 1860 inistru‘xisse‘le:
2003 1795 2052 1860 Β
2092 1760 2158 1827 6;
2194 1761 2808 1860 llt‘atth..xv111,'16;-II
2855 1758 2989 1860 Cor...
3010 1775 3137 1823 x111,
3170 1758 3247 1826 1),
3279 1759 3549 1860 annique
3579 1759 3734 1834 testi,

335 1847 575 1912 ctorem,
611 1862 704 1900 me
731 1845 911 1900 istum
942 1846 1158 1901 librum
1191 1847 1415 1918 quisub
1432 1847 1668 1902 nomine
1684 1845 1974 1917 Pamphili

332 1932 650 2003 ferebatur,
682 1934 897 1990 vidisse
928 1935 1184 2007 primum
1219 1936 1504 2007 scriptum
1538 1937 1595 1990 in
1615 1936 1812 1991 codice
1831 1940 1928 1991 tuo
1959 1955 1970 2003 ;

333 2027 391 2080 et
422 2023 561 2094 quia
592 2041 706 2078 non
746 2028 869 2079 erat
899 2024 1040 2078 mihi
1074 2041 1223 2080 curae
1256 2025 1395 2096 quid
1447 2042 1549 2096 pro
1593 2026 1860 2080 haeretico
1892 2025 1975 2079 di-

333 2116 580 2179 ceretur,
616 2113 699 2167 sic
731 2130 961 2186 semper
989 2114 1286 2184 habuisse,
1318 2115 1485 2186 quasi
1503 2115 1798 2170 diversum
1822 2117 1977 2170 esset

334 2220 481 2275 opus
512 2201 800 2274 Pamphili
833 2206 889 2257 et
917 2203 1148 2257 Eusebii
1177 2219 1188 2255 :
1259 2207 1461 2274 postea
1490 2220 1622 2258 vero
1654 2204 1976 2275 quaestione

334 2297 516 2358 mota,
549 2291 782 2362 scriptis
848 2308 1048 2346 eorum
1083 2292 1433 2362 respondere
1496 2292 1775 2359 voluisse,
1815 2298 1872 2349 et
1902 2294 1974 2348 ob

331 2381 483 2436 hanc
515 2397 755 2436 causam
784 2380 1014 2453 legisse,
1035 2380 1171 2452 quid
1190 2398 1290 2452 pro
1304 2381 1548 2454 Origene
1565 2382 1976 2454 unusquisque

332 2470 595 2536 sentiret,
616 2468 1035 2540 perspicueque
1052 2469 1549 2540 deprehendisset,
1571 2471 1725 2542 quod
1749 2472 1976 2542 primus

330 2558 479 2615 liber
509 2575 610 2614 sex
637 2557 1003 2612 voluminum
1035 2559 1263 2613 Eusebii
1295 2559 1418 2630 ipse
1475 2563 1653 2626 esset,
1686 2562 1786 2631 qui
1823 2578 1976 2616 unus

333 2648 445 2704 sub
478 2646 713 2702 nomine
745 2645 1034 2717 Pamphili
1064 2664 1098 2700 a
1136 2652 1192 2700 te
1240 2647 1434 2701 editus
1478 2652 1585 2714 est,
1632 2652 1753 2703 tam
1785 2649 1976 2704 Graece

335 2751 512 2808 quam
549 2735 770 2802 Latine,
805 2735 1132 2789 immutatis
1165 2735 1447 2790 duntaxat
1479 2735 1750 2791 sensibus
1781 2738 1852 2792 de
1882 2738 1977 2792 Fi-

332 2823 412 2880 lio
441 2827 498 2879 et
551 2823 770 2896 Spiritu
804 2827 1026 2886 sancto,
1087 2823 1186 2893 qui
1246 2826 1506 2894 apertam
1547 2823 1976 2896 blasphemiam

333 2913 738 2988 praferebant.
770 2913 932 2968 Unde
963 2911 1140 2968 etiam
1173 2916 1307 2967 ante
1333 2929 1517 2968 annos
1567 2912 1746 2968 ferme
1775 2915 1978 2970 decem

337 3021 471 3062 cum
501 3003 711 3058 Dexter
739 3003 965 3058 amicus
996 3018 1182 3066 meus,
1217 3001 1316 3074 qui
1349 3001 1752 3073 praefecturam
1783 3003 1977 3058 admi-

337 3093 609 3147 nistravit
638 3091 910 3162 praetorii,
944 3107 1036 3145 me
1068 3095 1348 3163 rogasset,
1401 3095 1466 3145 ut
1520 3095 1822 3146 auctorum
1875 3108 1977 3147 no-

2086 1864 2192 1904 nec
2223 1850 2423 1905 Catoni
2455 1849 2878 1917 creditumzest,
2913 1847 3172 1919 idipsum
3204 1845 3526 1902 multorum
3550 1863 3643 1902 me
3663 1844 3744 1903 ex

2085 1938 2236 1994 Urbe
2266 1941 2514 1994 fratrum
2547 1937 2767 2009 scripta
2804 1937 3147 2004 docuerunt,
3167 1936 3614 2004 sciscitantium,
3655 1954 3730 1992 an

2085 2030 2166 2083 ita
2202 2045 2265 2084 se
2294 2029 2556 2096 haberet,
2590 2032 2648 2082 et
2677 2044 2710 2082 a
2742 2042 2856 2099 quo
2886 2026 3014 2098 ipsa
3065 2024 3316 2097 epistola
3353 2024 3732 2082 disseminata

2085 2123 2240 2174 esset
2296 2118 2354 2172 in
2405 2116 2618 2189 vulgus
2676 2113 3131 2186 lacrymabiliter
3188 2113 3594 2169 indicantium.
3624 2114 3734 2179 Qui

2083 2207 2193 2262 hoc
2222 2222 2402 2262 ausus
2435 2209 2523 2259 est
2548 2205 2756 2275 facere,
2787 2203 2925 2274 quid
2959 2201 3116 2258 aliud
3147 2219 3261 2258 non
3276 2203 3533 2258 audeat?
3564 2203 3731 2270 Bene,

2085 2297 2240 2367 quod
2271 2294 2496 2350 malitia
2525 2310 2638 2349 non
2671 2293 2848 2348 habet
2875 2277 3071 2347 tantas
3101 2290 3273 2354 vires,
3328 2295 3582 2363 quantos
3625 2309 3725 2348 co-

2084 2391 2278 2441 natus.
2337 2383 2595 2439 Perierat
2624 2381 2972 2448 innocentia,
3036 2380 3084 2436 si
3145 2396 3378 2453 semper
3439 2380 3711 2452 nequitiae

2076 2475 2286 2545 juncta
2314 2477 2466 2528 esset
2499 2471 2776 2543 potentia,
2805 2474 2859 2524 et
2890 2473 3078 2524 totum
3109 2467 3398 2541 quidquid
3430 2469 3593 2540 cupit
3619 2485 3712 2524 ca-

2083 2561 2330 2631 lumnia,
2369 2560 2521 2616 518
2580 2557 2933 2630 praevaleret.
2982 2556 3208 2629 Stylum
3254 2572 3475 2622 meum,
3511 2557 3732 2628 qualis-

2086 2667 2318 2723 cunque
2347 2654 2460 2717 est,
2516 2653 2572 2704 et
2604 2648 2849 2703 formam
2908 2645 3126 2718 eloquii
3183 2645 3271 2701 vir
3301 2646 3730 2702 disertissimus

2087 2740 2409 2811 exprimere
2441 2753 2556 2791 non
2589 2733 2806 2806 potuit;
2838 2734 2938 2789 sed
2988 2733 3141 2789 inter
3189 2733 3350 2805 ipsas
3381 2733 3728 2806 praestigias,

2086 2834 2142 2884 et
2163 2827 2402 2883 alterius
2425 2840 2758 2896 personam,
2785 2840 2900 2894 qua
2923 2839 2984 2878 se
3011 2820 3414 2878 fraudulenter
3437 2822 3730 2890 induerat,

2087 2917 2220 2990 quis
2251 2919 2404 2972 esset
2458 2913 2732 2968 ostendit.
2787 2911 2938 2983 Ergo
2968 2909 3064 2966 ille
3115 2909 3216 2982 qui
3272 2908 3580 2981 epistolam
3620 2911 3731 2966 sub

2089 3005 2323 3062 nomine
2352 3020 2481 3059 meo
2511 3000 2862 3074 paenitentiae
2922 3001 3188 3065 ﬁnxerat,
3240 2999 3395 3071 quod
3429 2998 3581 3055 male
3621 2999 3730 3055 He-

2089 3095 2243 3150 braea
2270 3091 2570 3148 volumina
2597 3087 3055 3156 transtulissem,
3088 3087 3338 3158 objicere
3369 3086 3601 3154 dicitur,
3635 3103 3728 3142 me

335 3184 468 3236 strae
500 3179 797 3251 religionis
823 3184 880 3234 et
910 3179 1162 3234 indicem
1209 3183 1485 3245 texerem,
1545 3181 1694 3234 inter
1741 3184 1977 3236 caeteros
2009 3158 2051 3224 ί]
2090 3183 2149 3237 in
2180 3181 2564 3253 Septuaginta
2578 3176 3124 3234 condemnationem
3145 3175 3476 3246 Scripturas
3498 3181 3732 3232 sanctas

333 3272 676 3323 tractatores
707 3267 873 3338 posui
907 3271 964 3321 et
1002 3267 1156 3322 hunc
1187 3267 1400 3322 librum
1434 3285 1466 3323 a
1522 3269 1981 3340 Pamphilofedi-

337 3361 487 3423 tum,
519 3356 601 3411 ita
630 3360 843 3428 putans
874 3371 1022 3421 esse,
1053 3360 1118 3409 ut
1147 3373 1180 3409 a
1210 3361 1265 3410 te
1293 3360 1347 3410 et
1377 3356 1494 3411 tuis
1527 3357 1830 3429 discipulis
1865 3360 1980 3416 fue-

333 3449 422 3502 rat
451 3445 839 3518 divulgatum.
872 3444 980 3500 Sed
1015 3461 1146 3498 cum
1182 3444 1307 3516 ipse
1337 3445 1790 3503 dicatEusebius
1815 3449 1977 3504 Pam-

331 3535 557 3608 philum
618 3535 764 3591 5N
828 3533 969 3588 nihil
1033 3533 1358 3604 scripsisse,
1417 3536 1670 3606 exceptis
1703 3537 1974 3594 brevibus

331 3623 607 3696 Epistolis
622 3624 690 3679 ad
719 3622 939 3677 amicos
960 3640 972 3677 ε
993 3626 1048 3676 et
1070 3620 1297 3693 primus
1320 3620 1467 3676 liber
1485 3639 1585 3678 sex
1602 3624 1970 3682 voluminum

329 3713 508 3782 illius,
543 3714 746 3769 eadem
778 3715 834 3766 et
865 3711 1084 3766 eisdem
1117 3710 1307 3765 verbis
1339 3711 1650 3778 contineat,
1701 3730 1832 3785 qua:
1861 3716 1972 3770 sub

329 3802 564 3859 nomine
591 3801 881 3873 Pamphili
914 3817 948 3854 a
974 3806 1030 3856 te
1061 3801 1194 3854 ﬁcta
1221 3805 1375 3859 sunt.
1410 3801 1785 3872 perspicuum
1799 3810 1888 3860 est
1915 3810 1972 3861 te

326 3892 541 3946 idcirco
572 3889 788 3944 librum
818 3888 974 3942 hunc
1005 3888 1391 3943 disseminare
1418 3889 1691 3959 voluisse,
1741 3895 1806 3945 ut
1860 3895 1968 3949 sub

328 3995 577 4051 persona
609 3977 882 4050 martyris
913 3976 1185 4036 haeresim
1239 3976 1655 4034 introduceres.
1709 3981 1968 4053 Cumque

328 4067 399 4122 de
430 4067 687 4138 hocipso
715 4065 865 4120 libro
905 4082 1079 4136 quem
1136 4065 1423 4136 Pamphili
1482 4067 1750 4134 simulas,
1785 4071 1971 4126 multa

326 4157 694 4230 perverteris,
728 4160 785 4211 et
816 4154 984 4210 aliter
1011 4155 1069 4209 in
1104 4155 1318 4220 Graeco,
1350 4154 1517 4210 aliter
1554 4157 1612 4211 in
1649 4159 1846 4214 Latino
1869 4161 1965 4227 sit,

326 4247 589 4302 fraudem
623 4250 782 4301 tuam
844 4245 1021 4300 errori
1085 4261 1213 4300 meo
1247 4245 1537 4316 imputare
1595 4263 1710 4300 non
1769 4249 1964 4306 debes.

322 4335 548 4392 Credidi
580 4336 738 4391 enim
769 4336 899 4406 ejus
929 4352 1056 4390 esse
1087 4333 1328 4400 librum,
1362 4351 1536 4404 quem
1568 4333 1776 4389 titulus
1824 4353 1966 4408 pra:-

323 4425 562 4490 ferebat,
597 4424 750 4479 sicut
779 4423 903 4496 περὶ
935 4427 1172 4497 Ἀρχῶν,
1208 4427 1264 4476 et
1295 4421 1481 4476 multa
1531 4422 1647 4476 alia
1703 4423 1968 4496 Origenis

2088 3271 2556 3342 interpretatum,
2615 3271 2679 3322 ut
2710 3265 2829 3322 sive
2886 3264 3035 3320 falsa
3065 3268 3222 3332 sunt,
3256 3265 3376 3320 sive
3430 3280 3566 3320 vera
3603 3281 3730 3336 quae

2087 3357 2385 3422 transtuli,
2419 3357 2477 3411 in
2526 3355 2771 3411 crimine
2823 3371 3124 3421 maneam;
3176 3353 3318 3408 dum
3349 3357 3452 3408 aut
3489 3353 3549 3407 in
3581 3369 3729 3408 novo

2085 3463 2255 3519 opere
2287 3447 2469 3501 fateor
2499 3461 2592 3499 me
2621 3460 2868 3506 errasse,
2917 3446 3018 3497 aut
3047 3457 3249 3496 recens
3307 3441 3484 3497 editio
3515 3441 3724 3497 veteris

2083 3535 2491 3591 condemnatio
2524 3534 2599 3589 sit
2630 3533 2732 3604 [ΑΙ.
2765 3533 2871 3602 tit].
2908 3531 3085 3586 Miror
3114 3530 3407 3601 quomodo
3440 3530 3498 3584 in
3523 3530 3726 3585 eadem

2081 3624 2328 3697 epistola
2355 3622 2731 3682 homicidam.
2765 3625 2820 3676 et
2849 3619 3207 3683 adulterum,
3259 3622 3315 3672 et
3353 3617 3726 3690 sacrilegum,

2080 3720 2136 3770 et
2170 3713 2519 3785 parricidam
2581 3727 2673 3765 me
2731 3725 2858 3765 esse
2915 3724 3028 3762 non
3063 3706 3294 3772 dixerit,
3351 3712 3408 3761 et
3437 3706 3725 3778 quidquid

2081 3808 2271 3874 potest
2299 3801 2474 3856 tacita
2506 3797 2720 3855 mentis
2750 3797 3022 3869 cogitatio
3055 3797 3208 3850 intra
3238 3812 3300 3850 se
3340 3796 3726 3867 turpitudinis

2079 3891 2318 3947 volvere.
2349 3887 2578 3944 Gratias
2607 3887 2656 3941 ei
2707 3887 2887 3941 debeo
2937 3900 3127 3957 agere,
3179 3884 3336 3954 quod
3382 3900 3516 3939 cum
3562 3888 3726 3940 tanta

2079 3979 2224 4036 silva
2283 3979 2359 4032 sit
2414 3975 2751 4039 criminum,
2807 3988 2990 4028 unum
3052 3971 3266 4027 erroris
3322 3971 3406 4026 vel
3454 3971 3728 4028 falsitatis

2079 4068 2297 4124 crimen
2333 4063 2628 4135 objecerit.
2663 4063 2854 4135 Egone
2883 4065 3087 4115 contra
3116 4060 3500 4132 Septuaginta
3542 4061 3722 4116 inter-

2078 4161 2272 4228 pretes
2302 4153 2524 4226 aliquid
2558 4167 2688 4208 sum
2720 4150 2970 4213 locutus,
3003 4149 3158 4220 quod
3190 4153 3324 4204 ante
3368 4165 3554 4204 annos
3594 4149 3726 4222 plu-

2079 4246 2259 4300 rimos
2289 4241 2740 4315 diligentissime
2770 4239 3131 4303 emendatos,
3165 4253 3306 4292 mea;
3351 4238 3563 4310 lingua.-
3597 4242 3724 4292 stu-

2078 4333 2260 4390 diosis
2312 4331 2464 4397 dedi,
2510 4347 2657 4402 quos
2717 4328 2978 4401 quotidie
3036 4329 3094 4382 in
3155 4332 3442 4384 conventu
3477 4328 3726 4383 fratrum

2077 4423 2359 4485 edissere,
2419 4435 2666 4491 quorum
2731 4417 2990 4474 Psalmos
3029 4417 3161 4490 jugi
3219 4417 3595 4472 meditatione
3624 4417 3725 4473 de-

322 4529 515 4584 opera,
551 4511 1055 4584 plurimorumque
1105 4511 1332 4565 Graecia:
1379 4515 1783 4575 tractatorum,
1837 4529 1962 4584 quae
1999 4525 2040 4588 ι)
2071 4511 2289 4567 canto?
2321 4510 2462 4564 Tam
2497 4507 2714 4562 stultus
2745 4522 2925 4570 eram,
2960 4510 3027 4561 ut
3056 4506 3210 4577 quod
3247 4506 3305 4560 in
3355 4505 3610 4577 pueritia
3636 4498 3738 4559 di?

318 4606 421 4657 aut
477 4605 610 4654 ante
659 4617 773 4654 non
834 4599 944 4670 legi
1003 4605 1103 4654 aut
1159 4616 1315 4654 nunc
1375 4599 1693 4671 compellor
1750 4600 1959 4674 legere,

319 4691 640 4764 quaestione
670 4689 922 4744 haereses
953 4689 1253 4756 suscitata,
1290 4693 1352 4742 ut
1390 4688 1571 4743 sciam
1622 4705 1748 4759 quae
1778 4690 1962 4746 vitare

314 4782 578 4847 debeam,
612 4796 739 4851 quae
770 4777 1015 4849 probare
1045 4777 1207 4832 Unde
1237 4782 1294 4831 et
1321 4777 1379 4831 in
1414 4778 1807 4833 adolescentia
1857 4778 1959 4834 ho-

317 4868 510 4925 milias
539 4873 769 4923 tantum
801 4867 929 4939 ejus
961 4883 1107 4938 quas
1144 4865 1498 4937 loquebatur
1544 4867 1613 4920 ad
1649 4865 1954 4938 populum,

312 4961 371 5014 in
405 4960 620 5031 quibus
652 4976 766 5014 non
802 4961 963 5013 tanta
1011 4955 1286 5012 scandala
1325 4957 1693 5022 tenebantur,
1731 4955 1954 5028 simpli-

312 5049 456 5103 citer
482 5049 821 5121 rogantibus
877 5046 1170 5110 transtuli,
1229 5044 1404 5100 nullis
1458 5045 1848 5117 prmjudicans
1888 5062 1956 5100 ex

309 5135 403 5190 his
437 5154 562 5208 quae
596 5137 936 5207 probantur,
963 5135 1066 5189 illa
1113 5135 1410 5205 suscipere
1467 5151 1600 5205 quae
1642 5133 1956 5188 manifeste

307 5223 578 5277 haeretica
608 5230 764 5277 sunt.
825 5229 985 5278 Certe
1044 5225 1132 5295 (ut
1164 5222 1577 5294 compendium
1634 5221 1790 5292 longi
1834 5238 1953 5275 ser-

310 5315 502 5365 monis
537 5311 766 5378 faciam)
801 5312 950 5365 sicut
980 5328 1084 5383 ego
1116 5312 1378 5376 ostendo,
1425 5327 1516 5366 me
1547 5313 1617 5364 ab
1667 5310 1760 5364 his
1791 5326 1952 5364 acce-

304 5399 462 5474 pisse
494 5398 707 5454 librum
769 5399 866 5470 qui
901 5400 970 5453 de
1029 5406 1126 5456 tuo
1181 5401 1377 5455 codice
1409 5399 1946 5470 transcripserunt:

2070 4600 2208 4668 dici,
2241 4616 2416 4654 senex
2441 4596 2702 4652 oblivisci
2732 4594 2937 4651 vellem
2956 4595 2984 4648 ‘I
3017 4594 3280 4649 Universi
3301 4599 3586 4650 tractatus
3605 4593 3720 4650 mei

2069 4689 2281 4744 horum
2315 4685 2669 4742 testimoniis
2698 4684 2838 4739 texti
2872 4689 3030 4738 sunt.
3055 4681 3472 4738 Commentarii
3496 4681 3554 4736 in
3577 4682 3723 4736 duo-

2068 4776 2256 4832 decim
2291 4774 2625 4846 Prophetas,
2659 4779 2715 4828 et
2771 4788 2963 4827 meam
3012 4775 3070 4826 et
3106 4770 3488 4842 Septuaginta
3517 4770 3718 4826 editio-

2068 4880 2200 4918 nem
2234 4862 2586 4918 edisserunt.
2619 4861 2663 4915 0
2704 4860 2932 4915 labores
2980 4858 3310 4926 hominum,
3363 4873 3596 4930 semper
3624 4859 3721 4913 in-

2066 4953 2204 5008 certi
2231 4954 2292 5006 !o
2315 4949 2651 5004 mortalium
2671 4949 2868 5004 studia
2895 4947 3215 5003 contrarios
3247 4946 3543 5002 interdum
3567 4947 3724 5003 ﬁnes

2066 5039 2379 5096 habentia!
2416 5038 2577 5094 Unde
2609 5054 2700 5092 me
2731 5037 3008 5108 putabam
3042 5036 3188 5091 bene
3228 5036 3440 5092 mereri
3487 5037 3559 5092 de
3606 5041 3716 5091 La-

2061 5131 2201 5185 tinis
2237 5128 2397 5192 meis,
2425 5131 2482 5183 et
2502 5131 2836 5182 nostrorum
2859 5125 2931 5180 ad
2953 5124 3298 5180 discendum
3323 5124 3551 5181 animos
3570 5141 3704 5180 con-

2063 5219 2262 5284 citare,
2296 5217 2450 5289 quod
2500 5215 2676 5270 etiam
2729 5215 2910 5270 Graeci
2951 5229 3184 5269 versum
3217 5213 3287 5267 de
3341 5212 3545 5268 Latino
3579 5218 3715 5285 post

2062 5311 2254 5361 tantos
2286 5307 2628 5377 interpretes
2660 5320 2775 5359 non
2809 5302 3149 5358 fastidiunt'
3178 5318 3192 5370 ;
3227 5302 3360 5358 inde
3391 5302 3448 5356 in
3472 5301 3716 5374 culpam

2060 5412 2252 5461 vocor,
2283 5400 2340 5450 et
2370 5392 2675 5449 nauseanti
2704 5391 3005 5448 stomacho
3037 5391 3198 5446 cibos
3221 5391 3441 5463 ingere.
3467 5391 3535 5446 Et
3564 5391 3705 5463 quid

377 5553 393 5585 ¹
450 5513 796 5607 Psalterium
855 5553 993 5621 puto
1054 5551 1218 5605 innui
1275 5569 1344 5608 ex
1402 5549 1636 5606 Hebraeo
1697 5549 1898 5606 Latine
1946 5565 1980 5604 a
2038 5550 2094 5602 S.
2165 5547 2400 5600 doctore
2448 5543 2762 5609 redditum,
2797 5546 2987 5614 ‘atque
3045 5558 3112 5598 ex
3171 5542 3373 5599 Latino
3432 5546 3623 5601 Graece
3672 5559 3705 5599 α

303 5622 628 5699 Sophronia
661 5620 982 5696 vulgatum.
