4110 6162
342 260 459 333 489

1530 271 1841 340 CONTRA
1884 265 2246 339 ltUFINUM
2292 268 2437 335 LIB.
2483 270 2561 337 Ῑῐ.

3610 260 3747 340 470

340 398 397 457 in
425 398 669 460 homine
727 406 926 462 tutum
983 406 1079 473 sit,
1138 404 1474 465 innocentia
1502 408 1821 464 criminosa
1849 404 1983 463 est?
2016 408 2070 473 Α
2098 407 2270 462 Isaia.
2307 406 2566 463 Tertium
2596 405 2655 462 in
2688 403 2986 463 Zacharia.
3019 406 3299 473 Quartum
3330 404 3391 466 in
3411 404 3741 469 Proverbiis

338 490 675 548 Dormiente
692 495 1118 565 patrefamilias
1139 496 1418 552 inimicus
1440 497 1614 553 homo
1637 497 1861 553 zizania
1892 514 1987 552 su-

339 580 755 651 perseminavit
796 585 1139 654 (Matt/Lam,
1190 586 1300 653 25).
1359 611 1377 635 ιι
1435 586 1855 642 Exterminavit
1901 584 1983 638 vi-

337 684 506 724 neam
538 685 678 742 aper
705 672 778 727 de
801 673 966 738 silva,
991 678 1049 729 et
1070 674 1388 747 singularis
1411 676 1567 731 ferus
1589 676 1867 746 depastus
1900 678 1987 729 est

339 774 470 813 eam
497 760 666 826 (Psal.
703 778 893 815 LXXIX.
929 763 1038 834 13).
1084 786 1109 810 ››
1144 764 1260 836 Ego
1293 768 1477 831 taceo,
1516 770 1573 819 et
1618 764 1820 819 litterae
1870 779 1984 816 non

347 863 487 903 mea:
518 847 832 920 loquuntur
856 856 1061 907 contra
1090 869 1201 907 me.
1238 855 1444 925 Ignoro
1489 854 1730 917 crimen,
1780 857 1840 907 et
1871 852 1983 907 cri-

352 951 481 990 men
512 936 567 991 in
596 942 715 993 toto
748 940 888 995 orbe
919 940 1218 997 conﬁteor.
1249 965 1277 991 ‹‹
1314 947 1435 997 Heu
1461 942 1823 1012 mihi,mater
1853 956 1984 994 mea

350 1028 407 1078 ut
435 1025 569 1095 quid
603 1042 697 1082 me
728 1029 1005 1099 genuisti,
1028 1030 1214 1085 virum
1240 1030 1586 1102 quijudicer
1608 1034 1664 1085 et
1683 1030 1984 1084 discernar

342 1113 495 1167 omni
528 1118 697 1169 terrae
728 1117 946 1188 (Jerem.
978 1136 1071 1186 xv,
1112 1120 1192 1187 10,
1224 1136 1327 1174 sec.
1363 1120 1503 1191 LXX)
1536 1120 1564 1173 ‘?
1599 1142 1623 1168 ››

398 1201 491 1256 25.
524 1203 609 1257 Ea:
636 1205 873 1276 Prologo
906 1208 971 1262 in
1000 1206 1248 1263 δεηθείη.
1274 1240 1341 1247 —-
1400 1208 1613 1263 Omnes
1648 1207 1979 1262 Praefatiun.

330 1290 472 1345 culte
492 1293 715 1349 veteris
742 1295 1143 1367 Instrumenti,
1172 1313 1420 1368 quarum
1445 1314 1513 1352 ex
1536 1301 1697 1369 parte
1719 1294 1983 1366 exempla

328 1379 581 1451 subjeci,
614 1381 753 1437 huic
784 1382 863 1437 rei
897 1388 1074 1440 testes
1116 1388 1271 1441 sunt.
1333 1387 1398 1440 Et
1451 1386 1814 1457 superﬂuum
1871 1387 1979 1448 est,

327 1468 485 1540 quod
516 1470 578 1523 in
610 1469 731 1526 illis
760 1471 984 1527 dictum
1015 1477 1123 1541 est,
1159 1475 1309 1530 519
1341 1474 1508 1530 aliter
1534 1491 1710 1546 quam
1766 1473 1844 1528 ibi
1894 1472 1979 1526 di-

324 1563 485 1613 ctum
517 1564 611 1613 est
640 1560 915 1616 scribere.
952 1562 1232 1635 Incipiam
1266 1564 1448 1635 igitur
1482 1582 1516 1618 a
1546 1563 1776 1631 Genesi,
1812 1562 1981 1632 cujus

324 1644 613 1718 Prologus
640 1647 779 1703 talis
808 1655 898 1704 est
926 1668 938 1704 :
981 1672 1008 1700 «
1039 1651 1323 1706 Desiderii
1356 1652 1469 1707 mei
1494 1652 1853 1708 desideratas
1885 1666 1979 1705 ac-

2096 496 2375 560 Quintum
2408 514 2570 568 aeque
2611 496 2671 551 in
2720 496 2889 553 Isaia.
2941 496 3103 560 Quod
3153 497 3323 554 multi
3378 499 3738 573 ignorantes,

2095 586 2560 657 apocryphorum
2629 585 3011 641 deliramenta
3065 589 3381 655 sectantur,
3430 593 3487 644 et
3540 590 3739 646 Iberas

2095 674 2312 729 naznias
2343 674 2509 729 libris
2540 675 2893 730 authenticis
2925 676 3242 747 praeferunt
3268 678 3309 731 ⁸.
3334 677 3551 734 Causas
3579 696 3737 735 erro-

2094 763 2174 818 ris
2206 781 2318 818 non
2351 772 2437 819 est
2468 780 2663 818 meum
2696 781 3000 836 exponere.
3044 765 3197 821 520
3222 765 3410 820 Judaei
3462 766 3737 838 prudenti

2092 853 2308 907 factum
2344 853 2546 907 dicunt
2575 869 2701 908 esse
2733 853 2994 921 consilio,
3037 869 3108 909 ne
3161 853 3509 910 Ptolemaeus
3559 857 3737 912 unius

2092 941 2192 996 Dei
2221 941 2433 1009 cultor,
2466 942 2621 1013 apud
2652 935 2921 997 Hebraeos
2950 943 3127 998 etiam
3180 942 3474 1014 duplicem
3527 943 3741 1001 divini-

2090 1034 2268 1086 tatem
2297 1030 2754 1101 deprehenderet
2787 1048 2799 1085 :
2834 1033 2988 1103 quod
3022 1032 3275 1086 maxime
3322 1032 3540 1088 idcirco
3570 1033 3739 1091 facie-

2091 1121 2254 1186 bant,
2275 1120 2412 1191 quia
2442 1120 2501 1173 in
2553 1120 2814 1175 Platonis
2874 1121 3086 1192 dogma
3145 1121 3351 1176 cadere
3410 1121 3739 1179 videbatur.

2089 1209 2351 1279 Denique
2410 1208 2744 1281 ubicunque
2813 1214 3111 1264 sacratum
3163 1209 3384 1281 aliquid
3436 1210 3739 1282 Scriptura

2090 1301 2338 1353 testatur
2367 1298 2439 1352 de
2471 1297 2634 1353 Patre
2681 1302 2736 1353 et
2794 1298 2934 1353 Filio
2964 1304 3020 1354 et
3076 1298 3295 1371 Spiritu
3352 1302 3576 1367 sancto,
3636 1303 3739 1355 aut

2092 1384 2258 1441 aliter
2288 1385 2649 1458 interpretati
2678 1391 2835 1453 sunt,
2871 1391 2973 1441 aut
3003 1386 3241 1442 omnino
3290 1390 3617 1453 tacuerunt,
3667 1391 3736 1442 ut

2089 1482 2146 1530 et
2176 1475 2295 1547 regi
2327 1475 2753 1541 satisfacerent,
2786 1480 2846 1530 et
2875 1491 3151 1530 arcanum
3184 1474 3317 1530 ﬁdei
3370 1492 3484 1531 non
3543 1474 3732 1531 divul-

2088 1569 2308 1637 garent.
2344 1565 2409 1619 Et
2440 1564 2634 1620 nescio
2666 1565 2797 1636 quis
2828 1565 3054 1636 primus
3103 1568 3306 1620 auctor
3355 1564 3735 1637 septuaginta
3810 1588 3811 1591 η

2089 1653 2325 1708 cellulas
2382 1652 2739 1708 Alexandriae
2806 1653 3109 1708 mendacio
3184 1669 3291 1708 suo
3360 1653 3730 1723 exstruxerit,

323 1734 448 1806 cepi
482 1736 788 1840 epistolas,
838 1739 939 1810 qui
986 1740 1242 1810 quodam
1296 1740 1577 1813 praesagio
1627 1740 1977 1807 futurorum,
2010 1776 2058 1840 B
2089 1744 2305 1814 quibus
2333 1742 2504 1797 divisi
2549 1743 2752 1797 eadem
2803 1742 3209 1813 scriptitarint,
3268 1758 3403 1797 cum
3450 1741 3733 1810 Aristeas,

321 1839 454 1878 cum
485 1825 728 1882 Daniele
760 1827 1006 1884 sortitus
1052 1833 1141 1884 est
1195 1846 1431 1897 nomen,
1494 1829 1856 1885 obsecrantis
1913 1832 1979 1884 ut

321 1912 680 1969 translatum
713 1914 773 1969 in
811 1916 1077 1987 linguam
1129 1918 1396 1973 Latinam
1444 1919 1514 1973 de
1564 1918 1803 1974 Hebrzno
1854 1934 1976 1972 ser-

328 2017 506 2056 mone
534 2002 997 2060 Pentateuchum
1028 2010 1364 2062 nostrorum
1387 2007 1632 2062 auribus
1658 2008 1975 2062 traderem.

334 2088 727 2146 Periculosum
778 2110 927 2165 opus
979 2100 1153 2159 certe,
1204 2099 1261 2149 et
1307 2096 1761 2151 obtrectatorum
1802 2095 1977 2150 latra-

332 2175 495 2233 tibus
523 2183 724 2250 patens
753 2183 775 2214 ¹
808 2199 820 2247 ;
859 2182 961 2252 qui
997 2199 1089 2237 me
1122 2185 1470 2239 asseruntin
1493 2183 1873 2255 Septuaginta
1894 2183 1977 2238 in-

327 2269 651 2337 terpretum
696 2270 1185 2342 saggillationem,
1241 2290 1387 2328 nova
1417 2291 1521 2344 pro
1554 2273 1842 2328 veteribus
1874 2290 1974 2327 cu-

322 2352 462 2409 dere
497 2371 510 2407 :
545 2354 633 2410 ita
664 2356 989 2429 ingenium,
1025 2361 1193 2432 quasi
1222 2361 1423 2417 vinum
1470 2362 1803 2433 probantes,
1839 2377 1973 2416 cum

319 2458 426 2515 ego
459 2444 793 2516 saepissime
818 2452 1067 2504 testatus
1087 2451 1221 2517 sim,
1248 2467 1340 2506 me
1364 2468 1466 2523 pro
1490 2451 1639 2506 virili
1666 2451 1687 2485 ³
1708 2450 1974 2522 portione

316 2531 371 2587 in
404 2534 797 2590 tabernaculo
827 2537 927 2592 Dei
960 2538 1165 2594 oﬂ‘erre
1195 2557 1324 2611 qua:
1376 2540 1596 2611 possim
1631 2558 1644 2606 ;
1680 2556 1783 2595 nec
1833 2555 1973 2612 epes

313 2620 588 2687 alterius,
620 2622 874 2680 aliorum
907 2632 1247 2699 paupertate
1278 2629 1499 2684 foedari.
1537 2629 1699 2693 Quod
1749 2632 1815 2683 ut
1867 2646 1973 2683 au-

315 2709 538 2778 derem,
576 2712 848 2809 Origenis
880 2731 972 2770 me
1011 2717 1277 2772 studium
1312 2719 1660 2789 provocavit,
1713 2718 1813 2789 qui
1846 2718 1971 2773 edi-

314 2799 461 2854 tioni
492 2799 757 2871 autiq'ua:
790 2804 1234 2862 translationem
1264 2806 1678 2862 Theodotionis
1712 2806 1967 2861 miscuit.

313 2888 601 2945 asterisco
648 2897 723 2959 νέα,
757 2897 812 2947 et
844 2893 1099 2949 obelisco
1131 2897 1241 2966 SK.
1277 2896 1332 2950 id
1365 2900 1475 2963 est,
1504 2896 1675 2951 stella
1720 2901 1775 2950 et
1803 2912 1967 2962 veru,

314 2993 462 3049 opus
492 2996 675 3036 omne
704 2982 1075 3054 distinguens
1100 3000 1112 3039 :
1139 2985 1280 3039 dum
1304 2988 1405 3040 aut
1426 2983 1659 3040 illucere
1681 2984 1968 3056 facit,quae

316 3066 513 3123 minus
536 3073 677 3124 ante
708 3070 1065 3138 fuerant,aut
1079 3074 1375 3145 superﬂua
1397 3090 1641 3145 quaeque
1663 3072 1969 3145 jugulatet

2088 1833 2352 1903 ejusdem
2413 1831 2703 1887 Ptolemaei
2757 1830 3178 1902 ὑπερασπιστὴς,
3250 1834 3307 1886 et
3362 1830 3547 1887 multo
3596 1834 3733 1904 post

2086 1925 2348 1992 tempore
2376 1919 2690 1991 Josephus,
2724 1920 2869 1974 nihil
2889 1919 3002 1975 tale
3024 1919 3364 1987 retulerint;
3392 1921 3493 1975 sed
3531 1920 3590 1976 in
3612 1936 3735 1977 una

2087 2009 2329 2065 basilica
2383 2012 2401 2043 ⁷
2457 2012 2836 2080 congregatos
2894 2008 3212 2065 contulisse
3271 2009 3556 2080 scribant,
3616 2025 3731 2066 non

2086 2098 2488 2171 prophetasse.
2515 2096 2684 2151 Aliud
2717 2100 2805 2151 est
2843 2097 2999 2151 enim
3058 2101 3274 2165 vatem,
3333 2097 3491 2153 aliud
3548 2097 3729 2155 inter-

2087 2192 2307 2260 pretem
2339 2204 2486 2243 esse.
2524 2186 2605 2241 Ibi
2636 2185 2878 2257 spiritus
2908 2190 3151 2241 ventura
3181 2186 3465 2257 praedicit,
3487 2186 3582 2243 hic
3604 2205 3734 2243 eru-

2087 2276 2228 2330 ditio
2259 2279 2314 2330 et
2339 2276 2650 2331 verborum
2682 2273 2847 2345 copia
2872 2290 2939 2328 ea
2969 2291 3094 2344 quae
3126 2272 3399 2345 intelligit
3426 2275 3726 2330 transfert.

2085 2364 2207 2419 Nisi
2238 2364 2381 2418 forte
2411 2363 2708 2435 putandus
2737 2366 2825 2417 est
2854 2361 3084 2417 Tullius
3126 2360 3563 2434 Economicum
3613 2363 3730 2419 Xe-

2084 2452 2421 2524 nOphontis,
2452 2455 2509 2507 et
2541 2450 2797 2505 Platonis
2830 2450 3294 2523 Protagoram,et
3321 2450 3731 2507 Demosthenis

2084 2558 2186 2612 pro
2218 2539 2591 2611 Ctesiphonte
2628 2538 2950 2594 orationem
2984 2539 3215 2594 afflatus
3264 2538 3551 2594 rhetorico
3602 2539 3729 2611 spi-

2084 2630 2196 2684 ritu
2223 2627 2595 2683 transtulisse
2641 2631 2753 2697 ;ut
2802 2626 2969 2683 aliter
3021 2627 3092 2683 de
3139 2626 3360 2684 eisdem
3411 2622 3730 2699 libris-per

2082 2718 2464 2789 Septuaginta
2493 2717 2859 2789 interpretes,
2891 2716 3059 2772 aliter
3104 2733 3208 2788 per
3250 2716 3543 2789 apostolos
3591 2716 3721 2789 Spi-

2081 2808 2229 2863 ritus
2262 2814 2501 2861 sanctus
2534 2804 2866 2861 testimonia
2902 2804 3147 2861 texuerit
3178 2824 3190 2873 ;
3225 2810 3289 2860 ut
3321 2806 3477 2877 quod
3525 2804 3610 2859 illi
3639 2809 3727 2861 ta-

2080 2897 2325 2962 cuerint,
2358 2896 2417 2950 hi
2452 2895 2735 2967 scriptum
2766 2911 2893 2949 esse
2924 2894 3155 2950 mentiti
3187 2894 3325 2949 sint.
3358 2894 3504 2957 Quid
3547 2893 3727 2967 igitur

2080 2986 2432 3041 damnamus
2453 2990 2674 3040 vetercs
2693 2985 2720 3038 ?
2744 2984 3004 3039 Minime.
3033 2984 3142 3040 Sed
3166 2987 3299 3056 post
3319 2982 3578 3055 priorum
3600 2986 3725 3039 stu-

2079 3076 2195 3147 dia,
2226 3076 2286 3130 in
2321 3076 2492 3130 domo
2523 3074 2753 3129 Domini
2788 3074 2938 3145 quod
2974 3089 3312 3146 possumus,
3354 3071 3714 3128 laboramus.

314 3156 598 3225 confodit,
632 3160 1007 3232 maximeque
1041 3141 1171 3233 quae
1200 3141 1699 3236 evangelistarum
1729 3141 1785 3218 et
1825 3178 1964 3233 apo-
1997 3141 2039 3207 C
2081 3141 2545 3235 Illi’interpretati
2570 3167 2709 3218 sunt
2729 3141 3185 3218 anteadv—entum
3207 3160 3418 3218 Christi
3441 3177 3455 3228 ;
3478 3164 3536 3215 et
3556 3160 3713 3232 quod

316 3244 603 3301 stolarum
636 3249 955 3304 auctoritas
990 3251 1397 3324 promulgavit.
1430 3254 1493 3306 In
1523 3251 1739 3323 quibus
1779 3250 1966 3305 multa

319 3329 391 3384 de
417 3334 599 3388 veteri
628 3335 1003 3392 Testamento
1028 3337 1436 3409 legimus,quae
1470 3340 1528 3393 in
1561 3339 1777 3394 nostris
1811 3338 1966 3394 codi-

317 3420 485 3476 cibus
516 3439 633 3478 non
665 3424 976 3493 habentur,
1020 3430 1085 3480 ut
1110 3432 1199 3482 est
1249 3427 1391 3483 illud
1447 3444 1457 3482 :
1514 3450 1540 3475 ‹‹
1598 3429 1677 3483 Ex
1722 3429 1966 3500 .‘Egypto

324 3512 526 3564 vocavi
554 3510 734 3567 ﬁlium
765 3530 964 3568 meum
998 3514 1152 3585 (Osee
1180 3534 1257 3583 x1,
1300 3516 1344 3587 l)
1374 3534 1395 3577 ;
1430 3539 1456 3565 ››
1488 3521 1547 3571 et
1578 3534 1590 3570 :
1630 3536 1650 3564 α
1680 3518 1966 3583 Quoniam

332 3595 628 3653 Nazareus
654 3602 945 3657 vocabitur
973 3604 1185 3673 (Matth.
1222 3622 1284 3672 ιι,
1326 3606 1416 3675 23)
1453 3624 1464 3673 ;
1502 3628 1531 3654 ››
1581 3610 1638 3660 et
1670 3624 1683 3660 :
1723 3630 1747 3655 ‹‹
1795 3606 1968 3661 Vide-

331 3685 481 3741 bunt
512 3687 568 3741 in
601 3704 760 3759 quem
791 3698 1265 3763 compunxerunt
1295 3694 1478 3766 (Zach,
1512 3713 1614 3763 x11,
1644 3696 1731 3766 10)
1760 3721 1772 3763 ;
1810 3718 1837 3745 ››
1871 3700 1967 3751 et:

322 3801 355 3827 ‹‹
390 3777 656 3833 Flumina
686 3778 753 3834 de
784 3786 984 3837 ventre
1008 3783 1137 3853 ejus
1171 3782 1355 3839 ﬂuent
1386 3800 1548 3855 aquae
1601 3786 1737 3839 vivas
1787 3787 1968 3853 (Joan.

315 3883 415 3931 vn,
449 3868 581 3939 38);
614 3891 643 3915 υ
675 3873 733 3923 et
767 3887 779 3923 :
815 3892 842 3918 ‹‹
877 3872 1010 3936 Qum
1043 3887 1147 3926 nec
1189 3872 1394 3927 oculus
1443 3874 1608 3940 vidit,
1666 3890 1766 3928 nec
1812 3875 1973 3930 auris

324 3955 567 4021 audivit,
602 3973 709 4012 nec
740 3957 798 4012 in
832 3975 933 4013 cor
952 3960 1206 4016 hominis
1226 3962 1493 4016 ascendit
1524 3962 1563 4028 ⁵,
1595 3978 1722 4032 qua:
1748 3978 1974 4033 praepa-

327 4045 471 4099 ravit
500 4045 659 4100 Deus
690 4046 1076 4119 diligentibus
1109 4066 1168 4105 se
1202 4051 1252 4121 (Ι
1279 4050 1397 4106 Cor.
1424 4066 1483 4116 II,
1514 4050 1570 4121 9)
1605 4068 1619 4117 ;
1663 4073 1688 4097 υ
1712 4055 1768 4105 et
1790 4050 1976 4107 multa

318 4134 452 4189 alia.
488 4151 619 4207 qua:
648 4135 955 4206 proprium
987 4136 1267 4213 σύνταγμα
1315 4139 1667 4195 desiderant.
1724 4140 1975 4196 Interro-

320 4240 530 4295 gemus
562 4240 705 4296 ergo
734 4240 855 4292 eos,
893 4225 990 4280 ubi
1023 4226 1143 4283 haec
1174 4229 1392 4299 scripta
1429 4229 1545 4283 sint
1582 4247 1594 4296 ;
1630 4232 1686 4283 et
1727 4245 1862 4284 cum
1894 4230 1979 4284 di-

315 4329 441 4368 cere
469 4330 588 4368 non
624 4314 947 4384 potuerint,
981 4316 1052 4371 de
1080 4315 1247 4372 libris
1276 4317 1532 4373 Hebrmis
1588 4317 1975 4389 proferamus.

311 4403 579 4459 Primum
632 4404 1039 4460 testimonium
1087 4411 1176 4462 est
1228 4406 1287 4461 in
1336 4407 1496 4463 Osee.
1529 4408 1867 4463 Secundum
1919 4410 1979 4464 in

2076 3254 2432 3320 nesciebant,
2468 3252 2662 3308 dubiis
2691 3251 2983 3324 protulere
3031 3251 3357 3308 sententiis.
3416 3250 3534 3305 Nos
3583 3252 3717 3322 post

2076 3342 2407 3414 passionem
2443 3347 2501 3396 et
2530 3342 3013 3397 resurrectionem
3044 3342 3193 3412 ejus,
3246 3357 3359 3396 non
3409 3343 3530 3394 tam
3580 3355 3712 3410 pro-

2077 3430 2357 3502 phetiam,
2392 3445 2565 3500 quam
2601 3428 2908 3484 historiam
2955 3427 3287 3484 scribimus.
3332 3426 3514 3483 Aliter
3559 3424 3717 3482 enim

2080 3518 2296 3585 audita,
2334 3518 2500 3573 aliter
2528 3518 2653 3572 visa
2683 3522 3019 3573 narrantur.
3053 3517 3216 3581 Quod
3257 3514 3470 3571 melius
3498 3513 3722 3570 intelli-

2079 3607 2294 3679 gimus,
2332 3606 2544 3662 melius
2574 3610 2630 3661 et
2660 3605 3029 3677 proferimus.
3073 3604 3223 3658 Audi
3270 3603 3450 3675 igitur
3493 3602 3721 3667 aemulo,

2080 3699 2137 3751 et
2168 3695 2521 3750 obtrectator
2562 3696 2828 3748 ausculta
2860 3711 2872 3748 :
2906 3694 3031 3747 Non
3071 3693 3308 3758 damno,
3368 3706 3485 3746 non
3534 3705 3724 3762 repre-

2082 3784 2275 3838 hendo
2322 3782 2700 3855 Septuaginta
2734 3800 2747 3849 ;
2779 3782 2879 3836 sed
2928 3780 3287 3837 conﬁdenter
3333 3779 3558 3835 cunctis
3604 3778 3725 3835 illis

2083 3871 2379 3945 apostolos
2410 3871 2668 3943 praefero.
2703 3871 2810 3925 Per
2836 3869 3089 3925 istorum
3138 3887 3202 3925 os
3262 3868 3407 3923 mihi
3459 3867 3726 3923 Christus

2084 3965 2274 4025 sonat,
2318 3960 2464 4016 521
2496 3975 2643 4030 quos
2677 3962 2809 4013 ante
2840 3958 3154 4031 prophetas
3194 3957 3346 4014 inter
3392 3954 3727 4030 spiritualia

2085 4048 2440 4105 charismata
2470 4048 2692 4121 positos
2724 4047 2849 4119 lego
2885 4065 2898 4101 :
2930 4046 2989 4101 in
3022 4046 3242 4118 quibus
3272 4045 3549 4102 ultimum
3581 4061 3731 4117 pene

2088 4139 2335 4212 gradum
2366 4137 2714 4209 interpretes
2740 4140 2960 4191 tenent.
2996 4136 3143 4201 Quid
3176 4134 3355 4190 livore
3381 4134 3675 4205 torqueris
3703 4133 3732 4188 ‘I

2090 4227 2228 4299 quid
2282 4226 2667 4298 inperitorum
2726 4224 2955 4280 animos
3014 4227 3216 4279 contra
3269 4239 3362 4277 me
3414 4220 3673 4277 concitas
3704 4222 3732 4276 ?

2090 4317 2285 4372 Sicubi
2318 4316 2423 4371 tibi
2456 4316 2513 4369 in
2545 4314 2927 4370 translatione
2956 4328 3151 4368 errare
3180 4312 3397 4379 videor,
3430 4310 3735 4383 interroga

2095 4406 2384 4476 Hebraeos,
2418 4405 2781 4460 diversarum
2813 4402 3048 4457 urbium
3079 4400 3391 4474 magistros
3441 4398 3681 4456 consule
3715 4416 3730 4455 :

384 4529 817 4605 '_Martia_neu§
847 4532 945 4600 qui
981 4530 1194 4601 judicet
1215 4535 1273 4587 et
1318 4531 1593 4605 discernat
1625 4550 1653 4605 ;A
1674 4532 1819 4589 alibi
1872 4534 1971 4605 qui
2007 4507 2052 4570 D
2086 4547 2245 4586 mero
2279 4532 2640 4605 ascenderunt
2674 4528 3105 4605 interpretetur,
3142 4542 3208 4605 ac
3237 4524 3413 4599 legat,
3446 4525 3735 4605 ne_varia_-

307 4600 584 4666 iudicaret
646 4599 705 4654 in
765 4599 1213 4657 Grz'eco‘autem
1286 4606 1392 4669 est,
1473 4599 1822 4675 δικαζόμενον
1882 4599 1971 4657 ἐπὶ

311 4668 731 4722 διπεινόαενῡν
771 4671 915 4722 ﬁdem
948 4674 1013 4722 τῆ
1048 4675 1139 4722 γῆ.

311 4688 469 4724 οι2κ⁹
483 4688 731 4741 ινομενον
771 4690 915 4739 πασῃ
948 4691 1015 4744 τῃ
1048 4692 1139 4746 γῇ.

388 4702 504 4796 ‘ln
534 4743 667 4809 ipsa
706 4742 936 4809 Praefat,
988 4744 1224 4799 additur
1270 4760 1538 4809 meorum,
1593 4745 1701 4799 Sed
1754 4746 1813 4799 in
1864 4746 1972 4800 hac

394 4760 413 4774 ι
447 4760 504 4796 in
534 4760 667 4868 ipsa
706 4760 936 4809 rraexat,
988 4760 1224 4799 auditur
1270 4760 1538 4809 meorum,
1593 4760 1701 4799 Sea
1754 4764 1813 4799 in
1864 4760 1972 4800 hac

318 4828 536 4895 quemn
580 4814 825 4869 modum
859 4822 915 4869 et
942 4815 1447 4895 subsequentibus
1479 4815 1847 4895 illugstraandis
1878 4817 1972 4872 hic

313 4900 459 4939 nom
491 4887 903 4956 immoramur,
959 4888 1113 4957 quod
1145 4887 1271 4943 'suo
1319 4887 1446 4942 loco
1496 4893 1629 4942 aute
1660 4888 1973 4959 Scriptura:

314 4956 483 5010 ipsos
512 4956 698 5010 libros
731 4956 1137 5010 praestitimus.

314 4962 483 5028 ipsos
513 4962 698 5011 libros
730 4962 1137 5028 praestitimus.

342 5099 351 5102 _
387 5028 409 5060 ³
443 5027 569 5082 Duo
600 5027 853 5102 codices.
898 5028 1127 5102 collegii
1178 5030 1342 5085 Rom.
1404 5046 1577 5095 unus,
1614 5027 1761 5083 alter
1810 5028 1972 5084 Pala-

309 5099 504 5165 tinus,
539 5115 641 5165 pro
672 5101 795 5152 vili.

382 5116 504 5165 ius,
538 5116 641 5225 pro
672 5116 795 5152 mu.

382 5172 406 5203 ‘
437 5170 528 5225 Ali
580 5170 595 5223 i
626 5170 818 5225 obello.
853 5171 984 5225 Mox
1013 5187 1117 5241 pro
1148 5171 1391 5236 illucere,
1438 5172 1722 5226 Erasmus
1771 5174 1827 5241 et
1875 5170 1972 5224 Vi-

306 5243 541 5323 ctorius
572 5240 1140 5323 legeruntjllusffio,
1174 5243 1786 5323 ut_concinius,_puto,
1819 5240 1972 5323 lege-

307 5318 469 5381 rent,
505 5330 621 5367 non
659 5318 724 5367 ut
752 5313 965 5367 verius,
1001 5313 1140 5367 Mihi
1174 5313 1733 5385 subintelligendum
1780 5313 1974 5385 potius

303 5386 553 5439 videtur
582 5384 825 5438 verbum
858 5385 1105 5439 illustria
1152 5392 1282 5455 post
1321 5383 1563 5455 fuerant,
1618 5390 1772 5440 textu
1829 5383 1973 5438 nihil

298 5456 653 5529 immutate.
686 5455 782 5510 Sic
814 5455 873 5510 in
906 5456 1133 5511 Praefat.
1169 5456 1240 5509 ad
1275 5456 1528 5529 Paralip.
1553 5458 1851 5521 asleriscz's,
1882 5456 1972 5509 in-

307 5527 803 5610 qu_it.,"¢iesig}zans
832 5543 951 5610 qua;
979 5529 1316 5610 ηξζειᾳςξίςηεθ
1342 5527 1587 5599 fuerant.
1612 5600 1625 5610 _
1712 5599 1721 5609 .

387 5600 412 5633 ⁸
442 5598 767 5669 Victorius,
796 5598 950 5674 quod
984 5598 1121 5657 alibi
1152 5598 1540 5677 Hieronymus
1571 5599 1831 5675 plurium
1864 5614 1973 5653 nu-

2086 4608 2217 4673 rent
2245 4601 2615 4673 exemplaria,
2664 4600 2785 4673 hoc
2827 4596 2999 4673 ctiam
3047 4596 3115 4673 in
3171 4596 3321 4673 loco'
3356 4596 3730 4673 ascenderunt,

2086 4671 2359 4737 restituit,
2392 4667 2627 4728 tametsi
2659 4671 2716 4725 in
2750 4670 2945 4727 Graeco
2974 4669 3134 4740 ἀνὲοη
3171 4669 3373 4725 haberi
3401 4685 3515 4724 non
3566 4667 3719 4722 diffi-

2083 4747 2296 4808 teatur,

2154 4816 2173 4848 θ
2206 4814 2347 4868 Puta
2380 4815 2756 4867 Ascensz'onem
2802 4812 2979 4878 Isaice,
3038 4816 3093 4865 ct
3143 4810 3506 4882 Apocalypsin
3562 4808 3727 4882 Elia,

2084 4900 2152 4939 ex
2178 4886 2395 4955 quibus
2419 4882 2866 4955 librianostici
2888 4877 3227 4955 expressum
3250 4877 3543 4955 putabant
3566 4877 3730 4935 Pauli

2086 4951 2278 5009 locum
2339 4956 2408 5010 ad
2470 4954 2824 5018 Corinthios,
2896 4951 2976 5008 Et
3014 4951 3321 5024 ρενᾼΙιιιῆεΔ
3365 4951 3726 5024 occasionem,

2086 5029 2477 5098 Hispaniarum
2521 5030 2580 5098 et
2640 5026 2961 5098 Lusitaniae,
3014 5020 3413 5098 ’abhazreticis
3494 5020 3725 5098 decepta:

2083 5092 2211 5177 sunt
2238 5097 2871 5177 1nulierculm,uetc.,_ut
2900 5094 3025 5164 ipse
3055 5092 3476 5177 Hierloquitur
3505 5092 3563 5174 in
3594 5092 3723 5177 cap.

2087 5175 2196 5224 Isa.
2234 5187 2377 5224 LXIV.
2412 5185 2529 5240 qua
2558 5166 2734 5221 etiam
2767 5167 2835 5219 de
2888 5181 3068 5220 causa
3124 5164 3305 5221 lbera:
3361 5164 3577 5221 naeuius
3633 5164 3728 5222 hic

2085 5241 2193 5296 loci
2227 5244 2409 5296 vocat.

2156 5315 2174 5346 ⁷
2206 5313 2331 5366 Non
2364 5309 2691 5382 spernenda
2717 5306 2933 5382 veteris
2964 5306 3238 5382 editionis
3265 5305 3455 5382 lectio,
3503 5308 3570 5361 Et
3593 5319 3730 5382 Anon

2084 5385 2255 5438 multo
2284 5374 2412 5455 post.
2433 5386 2671 5455 tempore
2704 5381 2815 5455 ipse
2843 5380 3124 5450 Josephus,
3155 5380 3302 5434 nihil
3358 5377 3467 5455 tale
3522 5374 3728 5431 retule-

2084 5458 2196 5509 rint
2231 5480 2244 5521 ;
2276 5446 2369 5510 (sed
2398 5472 2459 5507 τη
2488 5446 2600 5507 una
2632 5446 2879 5507 basilica.
2915 5446 3022 5509 etc.
3060 5456 3181 5507 Vox
3225 5466 3337 5505 una
3393 5446 3487 5502 hic
3544 5460 3725 5518 penes

2084 5526 2485 5582 Martianaaum
2515 5525 2732 5580 deerat.
