4110 6162
347 291 468 370 ἳῑᾙ

1585 294 1626 364 S
1639 345 1654 361 .
1674 313 1678 322 '
1697 297 2026 364 EUSEBIIT
2046 297 2520 367 IIERDNYML

3630 292 3804 362 ne.

353 428 512 504 (ιιιοά
544 429 626 488 illi
651 430 878 490 habent
895 431 966 489 de
985 430 1327 498 Christo,tui
1355 431 1582 490 codices
1613 451 1727 490 non
1754 433 1990 490 habent.
2024 434 2079 501 Α
2108 451 2180 491 ne
2205 435 2442 509 singula
2495 435 2672 493 verba
2697 435 3058 505 describens,
3082 440 3168 493 ut.
3194 449 3351 492 unus
3395 430 3752 492 dissentiens
3804 457 3810 462 -

351 519 525 576 Aliud
555 525 664 586 est,
698 522 745 576 si
779 525 981 576 contra
1021 536 1083 576 se
1129 525 1328 592 postea
1376 521 1447 576 ab
1500 520 1780 592 apostolis
1822 537 1992 576 usur-

353 614 490 683 pata
518 609 859 668 testimonia
889 610 1300 681 probaverunt,
1333 614 1390 665 et
1419 610 1817 666 emendatiora
1855 612 1995 665 sunt

351 698 709 771 exemplaria
759 698 982 766 Latina,
1046 715 1224 770 quam
1273 699 1468 754 Graeca
1503 717 1514 754 :
1549 699 1762 765 Grazca,
1815 715 1992 770 quam

356 790 616 844 Hebraea.
655 812 680 835 ››

425 878 515 932 26.
549 879 630 932 Ex
661 877 894 944 Prologo
925 878 983 930 in
1013 877 1178 933 libros
1211 878 1428 948 Regum.
1463 909 1530 916 —-
1567 879 1627 932 In
1658 876 1824 932 libris
1857 893 1997 948 quo-

353 981 470 1037 que
502 964 735 1020 Samuel
789 971 845 1020 et
901 965 1230 1034 Malachim,
1292 983 1441 1038 quos
1499 983 1606 1022 nos
1665 971 1992 1038 Regnorum

354 1059 608 1125 quatuor
639 1055 1034 1124 nominamus,
1070 1059 1200 1126 post
1238 1055 1567 1127 catalogum
1601 1055 1808 1110 divina:
1841 1054 1994 1111 Scri-

359 1147 544 1216 ptura:
600 1144 720 1199 haec
769 1143 987 1198 intuli:
1025 1167 1051 1192 ‹‹
1101 1147 1235 1210 Quae
1294 1160 1430 1200 cum
1481 1144 1562 1200 ita
1601 1161 1663 1200 se
1718 1144 1992 1212 habeant,

355 1232 596 1288 obsecro
626 1238 700 1298 te,
732 1232 930 1299 lector,
963 1249 1034 1288 ne
1064 1233 1324 1289 laborem
1357 1249 1554 1290 meum
1587 1233 1993 1305 reprehensio-

353 1337 487 1376 nem
521 1320 820 1377 existimes
877 1322 1277 1393 antiquorum.
1342 1324 1402 1377 In
1463 1322 1840 1378 tabernaculo
1901 1323 1995 1378 Dei

353 1411 522 1466 oll‘ert
549 1410 960 1482 unusquisque
991 1412 1145 1482 quod
1180 1416 1390 1483 potest.
1422 1410 1533 1467 Alii
1567 1428 1778 1467 aurum
1819 1416 1877 1467 et
1905 1427 1994 1467 ar-

359 1503 602 1571 gentum
633 1504 690 1555 et
710 1499 936 1570 lapides
957 1501 1265 1571 pretiosos,
1290 1499 1388 1555 alii
1414 1501 1656 1572 byssum
1690 1505 1746 1556 et
1777 1516 1996 1572 purpu-

353 1604 480 1646 ram
514 1591 572 1644 et
601 1604 838 1643 coccum
866 1590 1117 1645 offerunt
1147 1593 1203 1644 et
1233 1588 1635 1661 hyacinthum.
1679 1588 1996 1644 Nobiscum

353 1675 506 1732 bene
565 1677 762 1748 agitur
791 1679 830 1744 ³,
865 1677 911 1731 si
946 1677 1333 1734 obtulerimus
1365 1676 1545 1749 pelles
1583 1682 1641 1733 et
1690 1693 1996 1747 caprarum

2103 525 2325 593 statim,
2359 525 2578 582 caeteris
2609 525 2762 581 inter
2789 542 2850 582 se
2881 525 3748 596 consentientibus,argustur;
3783 574 3788 578 ,

2102 612 2202 666 sed
2235 615 2389 684 quod
2423 615 2662 686 majoris
2691 614 2948 671 audaciae
2978 619 3087 682 est,
3119 614 3181 669 in
3210 611 3462 669 editione
3503 613 3746 682 Septuac
3817 635 3822 639 ε

2101 700 2284 772 ginta,
2314 703 2730 760 Theodotionis
2772 702 3090 759 editionem
3143 701 3406 769 miscuit,
3455 697 3750 756 asleriscis

2101 790 2369 848 videlicet
2401 793 2744 865 designatus
2773 808 2900 864 quae
2935 793 3130 847 minus
3160 791 3478 857 fuerant,et
3504 786 3750 859 virgulis

2103 896 2232 951 qua:
2263 881 2653 953 exsupertluo
2712 881 3064 937 videbantur
3113 878 3403 952 apposita.
3462 877 3520 933 Si
3577 876 3756 950 igitur
3817 931 3820 933 Α

2105 968 2234 1024 aliis
2263 969 2431 1026 licuit
2462 987 2575 1026 non
2611 975 2828 1035 tenere,
2860 969 3020 1041 quod
3045 967 3226 1024 semel
3259 970 3663 1038 susceperant,
3693 969 3750 1022 et

2105 1059 2636 1130 postlseptuaginta
2667 1056 2931 1124 cellulas,
2963 1075 3089 1129 qua:
3119 1055 3291 1128 vulgo
3339 1055 3467 1110 sine
3515 1059 3748 1110 auctore

2097 1147 2416 1218 jactentur,
2449 1147 2714 1219 singulas
2763 1145 3003 1202 cellulas
3061 1143 3635 1218 aperuerezhocque
3689 1143 3747 1199 in
3811 1195 3818 1200 .

2104 1233 2378 1290 Ecclesiis
2425 1234 2658 1307 legitur,
2718 1235 2872 1307 quod
2933 1233 3320 1306 Septuaginta
3363 1232 3743 1298 nescierunt;
3815 1278 3823 1284 .

2105 1339 2211 1378 cur
2234 1339 2328 1378 me
2358 1340 2472 1378 non
2505 1323 2830 1394 suscipiant
2862 1320 3052 1378 Latini
3108 1320 3244 1386 mei,
3304 1320 3404 1392 qui
3475 1317 3755 1375 inviolata

2105 1412 2361 1468 editione
2404 1413 2604 1479 veteri,
2667 1412 2749 1468 ita
2788 1427 2996 1468 novam
3054 1409 3308 1478 condidi,
3371 1412 3439 1464 ut
3492 1407 3752 1464 laborem

2108 1517 2300 1557 meum
2338 1501 2613 1567 Hebraeis,
2646 1506 2703 1556 et
2732 1500 2910 1572 (quod
2942 1499 3036 1556 his
3067 1499 3263 1570 majus
3316 1497 3428 1568 est)
3477 1496 3757 1569 apostolis

2106 1590 2446 1646 auctoribus
2478 1590 2716 1661 probem
2746 1589 2774 1644 ‘I
2804 1588 3025 1659 Scripsi
3049 1603 3236 1658 nuper
3271 1584 3490 1642 librum
3512 1585 3584 1640 de
3599 1585 3756 1657 Opti-

2107 1695 2202 1734 mo
2235 1694 2445 1752 genere
2469 1676 3259 1750 interpretandi,.ostendens
3297 1673 3399 1729 illa
3447 1673 3519 1730 de
3568 1673 3755 1729 Evan-

356 1763 526 1836 pilos.
563 1764 627 1818 Et
657 1770 853 1820 tamen
882 1765 1198 1836 Apostolus
1227 1766 1758 1838 contemptibiliora
1801 1770 2000 1822 nostra
2030 1803 2077 1867 Β
2107 1766 2258 1839 gelio
2291 1783 2305 1822 :
2347 1789 2366 1816 ι
2403 1767 2482 1822 Ex
2532 1768 2775 1838 Egypto
2839 1763 3039 1820 vocavi
3091 1762 3282 1867 tilium
3344 1778 3546 1819 meum
3597 1760 3758 1867 ἔρδει

357 1852 547 1925 magis
578 1853 1160 1924 necessariajudicat
1189 1857 1236 1925 (Ι
1267 1855 1387 1910 Lor.
1420 1871 1520 1921 xu,
1564 1857 1676 1922 21).
1730 1855 1892 1910 Unde
1944 1859 2002 1910 et
2030 1852 2077 1867 "
2110 1873 2188 1922 xi,
2244 1857 2293 1926 1)
2328 1873 2340 1922 ;
2392 1877 2414 1907 ι
2477 1859 2536 1912 et
2593 1873 2604 1910 :

361 1943 483 1997 tota
512 1940 615 1995 illa
653 1941 1012 1996 tabernaculi
1066 1942 1441 2014 pulchritudo
1491 1947 1547 1998 et
1589 1959 1690 2014 per
1739 1942 2005 2015 singulas

355 2029 582 2100 species
613 2029 880 2086 Ecclesiae
941 2031 1245 2102 praesentis
1291 2031 1619 2104 futuraeque
1682 2031 2003 2099 distinctio,

360 2117 616 2190 pellibus
647 2119 864 2190 tegitur
895 2124 951 2174 et
980 2119 1185 2176 ciliciis
1219 2137 1232 2186 ;
1267 2122 1651 2192 ardoremque
1678 2121 1820 2177 solis
1838 2125 1894 2176 et
1924 2122 2006 2176 in-

353 2207 571 2277 juriam
605 2207 905 2274 imbrium,
939 2225 1007 2263 ea
1036 2225 1164 2279 quae
1195 2207 1406 2265 viliora
1434 2214 1574 2264 sunt
1611 2209 1943 2281 prohibent.
1975 2231 2002 2258 ››

358 2296 506 2351 Vide
537 2301 756 2368 quanto
805 2301 1008 2352 contra
1062 2297 1448 2370 Septuaginta
1507 2298 1855 2370 interpretes
1913 2303 2004 2353 tu-

359 2401 551 2440 meam
587 2384 920 2456 supercilio,
945 2385 1003 2439 ul
1037 2385 1166 2441 illos
1192 2403 1401 2442 aurum
1428 2391 1486 2442 et
1507 2387 2005 2459 petiososlapides

357 2476 417 2528 et
445 2489 894 2545 purpuram,me
921 2473 1099 2545 pelles
1131 2478 1187 2529 et
1211 2474 1358 2546 pilos
1386 2491 1696 2546 caprarum
1731 2475 1788 2530 in
1813 2476 2004 2531 taber-

359 2561 568 2618 naculo
603 2563 700 2618 Dei
730 2561 1015 2618 obtulisse
1047 2563 1322 2634 proﬁtear
1353 2565 1378 2618 ?

368 2707 374 2710 .
549 2653 634 2706 Ea:
659 2652 878 2721 prologo
906 2653 965 2706 in
999 2653 1447 2723 Paralipomena.
1484 2652 1846 2724 Interprelum
1879 2653 2005 2708 LXX

360 2740 533 2794 νει-δίο
561 2748 835 2811 corrupta.
868 2770 937 2780 -—
967 2741 1185 2795 Ponam
1245 2746 1302 2796 et
1359 2739 1520 2796 aliud
1578 2741 2004 2806 testimonium,

361 2844 437 2884 ne
466 2845 624 2884 nunc
655 2845 748 2885 me
788 2845 983 2885 rerum
1028 2828 1371 2884 necessitate
1419 2829 1791 2900 compulsum
1845 2830 2005 2886 dicas

363 2921 626 2976 mutasse
647 2918 1021 2974 sententiam.
1061 2920 1119 2972 In
1151 2917 1297 2972 libro
1353 2918 1731 2989 'l‘emporum,
1789 2917 1842 2971 id
1895 2921 2005 2981 est,

362 3007 848 3078 Paralipomenon,
883 3007 982 3078 qui
1015 3006 1295 3062 Hebraice
1324 3005 1538 3060 dicitur
1582 3023 1767 3061 uanas:
1795 3005 2003 3072 JAMIM,

361 3092 472 3150 hac
493 3095 564 3150 ad
590 3101 859 3150 sanctum
886 3112 1098 3167 papam
1113 3095 1515 3150 Chromatium
1559 3093 2008 3149 Prisfatiuncula

2668 1878 2695 1903 ‹‹
2758 1852 3043 1920 Quoniam
3091 1850 3399 1907 Nazaraaus
3454 1850 3762 1907 vocabitur
3825 1886 3832 1891 -

2113 1945 2317 2016 (Matth.
2353 1962 2415 2010 ιι,
2443 1944 2555 2015 23),
2617 1966 2638 1994 ι
2691 1946 2749 1998 et
2781 1959 2795 1996 :
2829 1964 2856 1992 «
2890 1940 3186 1998 Videbunt
3240 1939 3301 1994 in
3357 1954 3529 2012 quem
3586 1954 3754 1994 com~
3821 1989 3826 1993 .

2113 2033 2794 2106 punxerunt(lach.xn,
2858 2030 2965 2101 10);
3024 2051 3052 2081 κ
3113 2034 3170 2085 et
3227 2027 3372 2084 illud
3432 2026 3744 2100 Apostoti:

2119 2145 2146 2172 ‹‹
2181 2124 2315 2187 Quae
2349 2121 2557 2178 oculus
2586 2137 2704 2176 non
2733 2118 2896 2184 vidit,
2929 2134 3035 2174 nec
3068 2117 3228 2174 auris
3273 2117 3517 2181 audivit,
3563 2131 3670 2172 nec
3700 2115 3758 2172 in

2113 2227 2214 2268 cor
2234 2210 2491 2267 hominis
2521 2209 2932 2274 ascenderunt,
2955 2224 3082 2278 quia
3104 2205 3451 2279 praeparavit
3467 2203 3757 2261 Dominus

2114 2299 2494 2372 diligentibus
2525 2315 2587 2354 se
2619 2299 2665 2369 (Ι
2693 2297 2815 2352 Cor.
2836 2312 2897 2350 Il.
2921 2295 2978 2366 9)
3013 2299 3383 2366 ncmteraque
3411 2292 3506 2349 his
3541 2291 3762 2348 similis

2114 2387 2174 2443 in
2205 2389 2581 2444 Hebraeorum
2631 2385 2798 2441 libris
2846 2383 3112 2440 inveniri.
3153 2382 3315 2439 Certe
3356 2380 3674 2454 Apostolus
3705 2384 3763 2436 et
3811 2432 3821 2439 .

2115 2476 2484 2550 evangelista
2544 2473 2926 2547 Septuaginta
2993 2473 3270 2529 interetes
3328 2474 3633 2527 noverant.
3693 2471 3761 2526 Et

2115 2566 2271 2622 unde
2300 2566 2385 2622 eis
2415 2566 2522 2621 hoc
2553 2565 2764 2630 dicere,
2798 2563 2952 2634 quod
2985 2562 3044 2617 in
3075 2559 3460 2634 Septuaginta
3501 2575 3620 2615 non
3649 2559 3755 2614 ha-

2115 2655 2286 2711 betur
2327 2655 2355 2708 ?
2387 2655 2455 2710 Et
2509 2653 2779 2710 Christus
2830 2650 3114 2707 Dominus
3170 2653 3390 2714 noster,
3447 2648 3759 2720 utriusque
3817 2687 3819 2690 ‹

2115 2742 2474 2799 Testamenti
2501 2736 2784 2808 conditor,
2820 2740 2879 2795 in
2909 2737 3220 2810 Evangelia
3238 2737 3568 2794 secundum
3591 2736 3768 2793 Joan-

2114 2848 2250 2888 nem
2285 2849 2297 2887 :
2333 2854 2360 2880 «
2395 2830 2502 2897 Qui
2528 2829 2730 2895 credit,
2765 2829 2921 2887 επ
2952 2827 3164 2899 inquit,
3196 2825 3257 2882 in
3299 2841 3393 2882 me
3439 2825 3594 2882 sicut
3625 2824 3768 2880 dicit

2115 2921 2430 2992 Scriptura,
2466 2918 2712 2974 ﬂumina
2735 2918 2805 2974 de
2834 2921 3036 2972 ventre
3064 2917 3193 2988 ejus
3214 2916 3402 2971 ﬂuent
3429 2931 3597 2986 aqua
3626 2914 3764 2970 viva

2116 3011 2297 3080 (Joan.
2330 3025 2430 3074 vu,
2461 3007 2573 3080 38).
2606 3029 2634 3056 »
2668 3005 2878 3078 Utique
2907 3004 3195 3077 scriptum
3241 3007 3352 3069 est,
3386 3003 3542 3076 quod
3573 3003 3767 3060 Salva-

2115 3102 2208 3154 tor
2249 3096 2533 3168 scriptum
2602 3111 2733 3151 esse
2789 3097 3057 3150 testatur.
3126 3092 3238 3148 Ubi
3281 3092 3568 3165 oriptum
3622 3091 3765 3148 est?

367 3199 513 3238 usus
544 3200 674 3238 sum
711 3202 723 3250 ;
757 3208 783 3233 ‹‹
820 3185 876 3239 Si
909 3183 1289 3255 Septuaginta
1317 3184 1700 3254 interpretum
1739 3179 1916 3254 pura,
1949 3187 2006 3238 et
2036 3167 2080 3234 C'
2115 3167 2498 3259 Septuaginta
2526 3200 2644 3240 non
2673 3183 2910 3251 habent,
2953 3181 3286 3255 apocrypha
3333 3181 3520 3238 nescit
3565 3180 3764 3237 Eccle-

367 3273 432 3326 ut
463 3271 535 3325 ab
566 3271 651 3326 eis
677 3272 736 3326 in
773 3271 1037 3327 Graecum
1069 3288 1235 3326 versa
1263 3277 1370 3335 est,
1403 3271 1580 3326 editio
1615 3276 2006 3343 permaneret,

365 3360 662 3431 superﬂue
693 3376 806 3426 me,
841 3360 922 3416 mi
951 3359 1271 3426 Chromati,
1303 3359 1711 3432 episcoporum
1758 3360 2006 3416 sanctis-

364 3448 516 3504 sime
544 3453 719 3519 atque
753 3449 1112 3518 doctissime,
1141 3447 1488 3520 impelleres,
1524 3454 1587 3504 ut
1616 3450 1717 3505 tibi
1770 3448 2007 3504 Hebraea

358 3536 660 3592 volumina
692 3537 899 3592 Latino
931 3553 1198 3595 sermone
1229 3537 1624 3592 transferrem.
1653 3539 1816 3601 Quod
1845 3537 2001 3592 enim

361 3625 543 3681 semel
573 3642 744 3680 aures
793 3626 1100 3680 hominum
1150 3630 1551 3696 occupaverat,
1600 3631 1657 3682 et
1708 3626 2002 3682 nascentis

357 3714 624 3771 Ecclesiae
682 3716 1054 3770 rohoraverat
1122 3715 1320 3784 fidem,
1385 3716 1536 3771 522
1591 3715 1821 3786 justum
1879 3719 2002 3770 erat

355 3804 532 3860 etiam
557 3809 762 3860 nostro
793 3803 1022 3859 silentio
1053 3803 1437 3875 comprobari.
1489 3804 1654 3858 Nunc
1699 3820 1832 3860 vero
1863 3821 1998 3858 cum

353 3909 461 3965 pro
489 3893 764 3948 varietate
796 3893 1098 3965 regionum
1131 3893 1359 3948 diversa
1391 3894 1652 3948 ferantur
1697 3892 1997 3965 exempla-

354 3980 460 4036 ria.
494 3985 552 4036 et
577 3998 856 4051 germana
884 3980 985 4035 illa
1011 3982 1371 4053 antiquaque
1387 3980 1693 4036 translatio
1722 3986 1998 4052 corrupta

353 4070 433 4126 sit
463 4074 642 4140 atque
671 4069 906 4136 violata,
939 4070 1123 4126 nostri
1155 4070 1377 4127 arbitrii
1411 4074 1603 4142 putas,
1638 4076 1738 4126 aut
1767 4088 1835 4126 ex
1866 4070 1995 4142 plu-

351 4158 517 4214 ribus
539 4159 806 4229 judicare
829 4159 970 4230 quid
999 4175 1200 4215 verum
1234 4158 1330 4224 sit,
1374 4163 1477 4213 aut
1506 4175 1721 4213 novum
1753 4175 1902 4230 Opus
1934 4159 1992 4214 in

348 4249 526 4303 veteri
556 4265 736 4319 opere
767 4250 1002 4314 cudere,
1056 4247 1557 4319 illudentibusque
1597 4247 1838 4314 Judaeis,
1872 4264 1992 4302 cor-

2115 3275 2222 3331 sia.
2254 3275 2338 3330 Ad
2370 3275 2641 3330 Hebraeos
2677 3272 2857 3344 igitur
2888 3270 3294 3328 revertendum
3320 3286 3333 3325 :
3363 3269 3521 3326 unde
3554 3274 3616 3325 et
3641 3270 3758 3326 Do-

2116 3364 2312 3419 minus
2337 3363 2620 3434 loquitur,
2651 3366 2711 3417 et
2739 3359 3015 3432 discipuli
3057 3358 3326 3430 exempla
3371 3363 3762 3432 praesumunt.

2115 3453 2244 3508 Hinc
2274 3469 2414 3524 pace
2442 3456 2702 3508 veterum
2734 3449 2961 3520 loquor,
2994 3454 3052 3505 et
3090 3447 3583 3505 obtrectatoribus
3614 3447 3766 3503 meis

2112 3546 2344 3598 tantum
2375 3540 2722 3612 respondeo,
2754 3537 2854 3611 qui
2898 3537 3106 3593 canino
3161 3537 3335 3592 dente
3377 3552 3472 3592 me
3520 3537 3765 3602 rodunt,
3817 3564 3820 3567 -

2112 3631 2172 3686 in
2203 3630 2436 3703 publico
2467 3628 2860 3695 detrahentes,
2891 3625 3150 3698 legentes
3183 3625 3241 3681 in
3293 3623 3546 3697 angulis,
3576 3624 3765 3682 iidem

2110 3725 2167 3776 et
2197 3724 2565 3776 accusatores
2593 3721 2652 3773 et
2681 3715 3038 3780 defensores,
3065 3729 3202 3769 cum
3237 3713 3295 3768 in
3326 3711 3458 3769 aliis
3487 3712 3765 3784 probent,

2109 3809 2264 3881 quod
2299 3809 2358 3863 in
2390 3823 2482 3863 me
2510 3805 2845 3878 reprobant,
2877 3803 3046 3874 quasi
3075 3801 3262 3857 virtus
3291 3806 3350 3857 et
3394 3801 3605 3857 vitium
3637 3817 3766 3857 non
3821 3853 3824 3856 .

2107 3899 2168 3953 in
2199 3899 2375 3954 rebus
2401 3897 2497 3962 sit,
2529 3895 2633 3952 sed
2683 3910 2816 3950 cum
2865 3895 3100 3948 auctore
3123 3894 3402 3948 mutetur.
3469 3893 3762 3948 Ceterum

2107 3987 2345 4044 memini
2369 3987 2437 4042 ed
2447 3985 2683 4040 itionem
2699 3980 3079 4054 Septuaginta
3089 3978 3508 4035 translatorum
3521 3976 3660 4034 olim
3680 3977 3763 4036 de

2103 4081 2299 4131 Graeco
2333 4074 2703 4130 emendatam
2730 4069 3002 4126 tribuisse
3055 4085 3148 4124 me
3187 4067 3427 4136 nostris,
3478 4082 3585 4123 nec
3632 4066 3765 4123 ini-

2103 4165 2324 4220 micum
2353 4162 2564 4217 debere
2591 4157 2913 4214 existimari
2942 4173 3170 4225 eorum,
3201 4172 3350 4228 quos
3378 4156 3437 4211 in
3460 4159 3762 4214 conventu
3841 4195 3848 4198 -

2101 4252 2351 4306 fratrum
2385 4263 2616 4319 semper
2672 4246 2952 4302 edissero.
3012 4247 3084 4302 Et
3139 4245 3293 4318 quod
3348 4261 3506 4300 nunc
3560 4261 3763 4302 ΒΑΒῖιΒ

348 4336 550 4393 nicum
575 4338 616 4403 ³,
651 4343 715 4392 ut
743 4338 980 4398 dicitur.
1031 4337 1231 4393 oculos
1272 4336 1581 4406 contigere.
1640 4333 1992 4390 Alexandria
2097 4340 2310 4404 ἄλλων,
2344 4337 2401 4391 id
2443 4340 2550 4402 est,
2615 4335 2782 4391 Verba
2836 4335 3062 4390 Dierum
3114 4334 3533 4406 interpretatus
3588 4350 3770 4402 sum,

347 4430 404 4482 et
433 4427 711 4499 {Egyptus
740 4425 800 4481 in
831 4427 1211 4497 Septuaginta
1251 4423 1374 4478 suis
1405 4422 1759 4493 Hesychium
1790 4420 1991 4478 laudat
2097 4427 2311 4484 idcirco
2369 4423 2476 4481 feci
2532 4428 2598 4478 ut
2643 4423 3073 4478 inextricabilea
3129 4439 3347 4490 morae,
3407 4426 3464 4478 et
3538 4421 3762 4480 silvam

307 4545 312 4549 ε
345 4517 663 4569 auctorem.
696 4511 1231 4584 Constantinopolis
1264 4527 1448 4580 usque
1497 4511 1565 4564 ad
1618 4509 1986 4566 Antiochiam
2017 4531 2064 4596 D
2097 4513 2425 4579 nominum,
2455 4529 2580 4584 quae
2611 4511 2968 4584 scriptorum
2997 4511 3242 4567 confusa
3273 4514 3414 4566 sunt
3443 4510 3753 4579 vitio,sen-
3833 4549 3842 4555 .

343 4601 580 4656 Luciani
614 4602 886 4672 martyris
917 4599 1271 4672 exemplaria
1300 4598 1528 4669 probat.
1581 4598 1780 4653 Medias
1833 4599 1986 4655 inter
2097 4617 2389 4674 suumque
2415 4601 2745 4657 barbariem
2776 4601 2883 4669 (Al.
2928 4599 3314 4672 labyrinthos)
3355 4597 3638 4672 apertius,
3695 4603 3758 4656 et

341 4690 450 4747 has
480 4688 788 4762 provinciae
818 4689 1158 4744 Palwstinos
1197 4686 1424 4743 codices
1445 4685 1666 4759 legunt,
1717 4704 1863 4760 quos
1911 4691 1984 4746 ab
2093 4709 2195 4765 per
2222 4707 2496 4747 versuum
2525 4689 2652 4746 cola
2679 4689 3024 4762 digererem,
3059 4688 3446 4761 mihimetipsi
3493 4691 3552 4744 et
3595 4690 3754 4746 meis

340 4779 586 4853 Origene
617 4777 945 4833 elaboratos
976 4776 1262 4830 Eusebius
1291 4783 1342 4829 et
1377 4774 1740 4847 Pamphilius
1779 4777 1984 4850 vulga-
2082 4782 2254 4852 juxta
2305 4778 2662 4835 llismeniam
2707 4779 2730 4812 ι
2761 4794 2998 4846 canens,
3047 4777 3098 4833 si
3142 4794 3316 4834 aures
3363 4777 3553 4834 surdae
3603 4781 3752 4834 sunt

335 4874 546 4924 verunt
577 4886 588 4923 :
625 4872 900 4940 totusque
930 4865 1086 4920 orbis
1118 4864 1226 4920 hac
1263 4863 1414 4918 inter
1445 4881 1506 4920 se
1535 4863 1760 4920 trifaria
1805 4868 1983 4923 varie-
2090 4874 2452 4925 casterorum.
2488 4891 2515 4919 »

335 4960 455 5012 tate
511 4960 889 5029 compugnat.
949 4957 1018 5011 Et
1069 4958 1222 5010 certe
1287 4952 1564 5025 Origenes
1625 4971 1738 5010 non
1788 4955 1979 5012 solum
2163 4960 2254 5014 28.
2285 4961 2365 5014 Ex
2394 4959 2624 5030 Prologo
2653 4960 2714 5012 in
2763 4958 2980 5012 Ezram.
3040 4987 3109 4996 -——
3167 4956 3229 5011 In
3289 4957 3444 5013 Ezraa
3503 4971 3750 5029 quoque

339 5047 608 5118 exempla
636 5048 656 5080 ³
689 5045 1023 5119 composuit
1057 5048 1308 5118 quatuor
1324 5041 1671 5112 editionum,
1705 5047 1760 5099 et
1805 5045 1986 5116 regio-
2087 5047 2383 5104 volumine
2412 5047 2629 5104 similia
2659 5045 2932 5118 praefatus
2965 5061 3118 5111 sum,
3151 5048 3208 5102 et
3231 5051 3366 5118 post
3401 5045 3593 5102 multa
3615 5044 3744 5101 haec

2088 5187 2238 5244 hanc
2268 5188 2574 5245 lectionem
2606 5186 2731 5256 ipse
2754 5185 3165 5260 improbasset.
3187 5187 3350 5245 Certe
3369 5187 3528 5260 quod
3544 5186 3744 5244 Victo-

2088 5260 2212 5315 rius
2270 5275 2504 5331 quoque
2563 5261 2746 5332 notat,
2804 5257 3114 5314 Erasmum
3186 5257 3503 5332 castigans.
3563 5265 3743 5317 hem-

2081 5332 2177 5400 pla
2229 5328 2480 5404 quatuor
2525 5328 2850 5404 editionum
2899 5345 3045 5404 esse
3074 5348 3191 5404 non
3240 5328 3575 5404 potuerunt,
3627 5333 3739 5388 sed

2083 5399 2336 5474 ἲειτοαριίιΒ
2359 5399 2641 5474 Βερρβίιίη
2665 5416 2699 5453 a
2720 5399 3150 5474 nobis‘lectioni
3180 5399 3742 5474 mss.suﬂ‘ragantur

2156 5472 2176 5504 ‘
2206 5469 2571 5545 Antigen’idis
2601 5469 2854 5545 cantoris
2883 5471 3230 5545 discipulus,
3281 5475 3396 5540 cui,
3445 5469 3580 5530 cuin
3609 5489 3743 5545 Apa-

2085 5542 2296 5618 rumin
2322 5541 2588 5618 canendo
2620 5541 3247 5618 populoprobaretur,
3289 5546 3434 5602 dixit
3481 5541 3740 5618 Antige-

2084 5613 2274 5684 nides,
2305 5614 2450 5674 Mihi
2476 5629 2608 5674 amw
2630 5623 2682 5674 et
2700 5613 2904 5672 ‘musis.

410 5185 424 5216 ¹
460 5185 519 5258 ln
555 5184 682 5255 ipsa
715 5186 918 5242 Prmlat
945 5191 1160 5258 agetur.
1300 5255 1309 5258 Α
1408 5255 1442 5258 μ
1799 5219 1817 5258 9

407 5256 519 5326 f‘ld
554 5261 641 5309 est
700 5272 798 5310 eos
859 5255 1152 5325 deludere,
1214 5255 1313 5326 qui
1373 5255 1516 5311 alios
1573 5273 1607 5311 a
1663 5273 1723 5312 se
1780 5255 1975 5312 deludi

336 5325 526 5381 solere
571 5329 936 5395 proﬁtentur.
994 5329 1121 5382 Vid.
1187 5325 1520 5382 Ciceronem
1575 5344 1675 5397 pro
1731 5329 1974 5397 Murena,

335 5413 462 5468 cap.
497 5397 582 5462 11,
613 5402 668 5450 et
693 5414 790 5465 pro
820 5399 1025 5464 Flacco,
1060 5415 1186 5470 cap.
1217 5402 1289 5452 2U
1322 5416 1333 5465 ;
1361 5398 1738 5466 Macrobium,
1775 5401 1977 5457 Saturn

333 5468 435 5526 lib.
469 5486 572 5526 vn.
605 5484 732 5526 cap.
765 5469 816 5521 5.

358 5484 435 5526 in.
469 5486 572 5531 vn,
605 5484 732 5531 cap.
765 5484 816 5521 υ.

403 5488 435 5525 ›.
469 5486 549 5524 vn
605 5485 670 5521 ca
721 5485 816 5522 .o.

403 5485 814 5615 5startianlieus
846 5538 938 5615 hic
986 5539 1184 5609 empta
1235 5554 1366 5593 cum
1416 5540 1518 5615 diu
1548 5545 1738 5615 antea
1785 5543 1974 5615 ipsam

333 5611 729 5672 Praefationem
759 5610 1054 5668 excudens
1083 5616 1389 5681 tomo-suae
1422 5611 1694 5669 editionis
1762 5610 1973 5687 primo,
