4110 6162
1433 214 1749 287 CONTRA
1760 226 1765 273 ἐ
1789 215 2159 287 RUFINUM
2198 218 2354 289 LIB.
2395 222 2472 288 ll.

3543 216 3660 290 ιη

244 356 436 418 addidi
462 373 485 415 :
514 377 551 411 κ
582 354 761 424 Quod
779 353 1069 414 illaturus.
1105 371 1259 421 sum,
1318 355 1725 428 aequissimum
1781 360 1887 412 est.
1920 354 1977 421 Α
2005 356 2259 414 Graecos.
2295 362 2571 415 Caeterum
2594 357 2758 432 apud
2790 356 3042 426 Latinos,
3074 359 3206 416 ante
3235 373 3365 417 eam
3406 357 3658 418 transla-

241 448 405 507 Edidi
454 446 711 519 aliquid,
771 462 890 503 non
946 446 1200 502 habetur
1257 446 1316 500 in
1362 447 1577 512 Graeco,
1636 445 1727 502 vel
1786 445 1897 501 ali-

235 543 324 595 ter
352 537 629 604 habetur,
662 551 841 607 quam
876 552 911 590 a
939 550 1033 590 me
1082 550 1318 591 versum
1366 539 1473 591 est.
1517 536 1665 602 Quid
1716 536 1897 592 inter-

235 631 459 701 pretem
489 624 721 681 laniant
773 624 802 678 ?
861 624 1226 696 Interrogent
1275 624 1565 691 Hebraeos,
1621 629 1679 681 et
1731 626 1900 697 ipsis-

238 714 588 773 auctoribus
638 710 1013 768 translationi
1070 728 1212 767 mea;
1243 712 1333 767 vel
1375 718 1649 786 arrogant
1678 714 1764 769 vel
1799 716 1898 769 de-

242 808 455 877 rogent
483 803 676 857 ﬁdem.
707 802 884 857 Porro
915 801 1071 856 aliud
1101 804 1211 867 est,
1260 802 1309 857 si
1350 802 1589 872 clausis,
1623 804 1778 875 quod
1811 804 1898 859 di-

250 893 422 957 citur,
454 891 652 956 oculis,
685 889 831 945 mihi
880 888 1086 945 volunt
1113 890 1479 959 maledicere,
1531 895 1588 947 et
1618 908 1732 947 non
1766 892 1897 947 imi-

255 986 446 1038 tantur
468 984 805 1035 Graecorum
837 979 1101 1034 studium
1160 984 1218 1033 et
1274 979 1757 1048 benevolentiam,
1800 981 1899 1052 qui

246 1075 371 1144 post
396 1068 787 1140 Septuaginta
832 1068 1214 1123 translatores
1260 1068 1389 1138 jam
1443 1069 1657 1124 Christi
1717 1070 1901 1124 Evan-

238 1159 384 1232 gelia
420 1160 797 1223 coruscante,
828 1156 1064 1212 Judazos
1091 1161 1151 1211 et
1178 1157 1481 1213 Ebionitas
1514 1157 1661 1231 legis
1692 1160 1904 1215 veteris

232 1248 608 1318 interpretes,
667 1243 944 1316 Aquilam
1009 1244 1301 1313 videlicet,
1383 1247 1799 1319 Symmachum
1852 1252 1909 1302 et

230 1335 724 1400 Theodotionem,
786 1334 1015 1389 curiose
1071 1333 1294 1406 legunt,
1351 1340 1409 1391 et
1466 1353 1567 1407 per
1641 1335 1906 1408 Origenis

230 1424 497 1481 laborem
530 1430 588 1479 tv
623 1430 849 1489 ἕζαπλοῐς
880 1424 895 1457 ¹
931 1422 1203 1479 Ecclesiis
1260 1424 1607 1479 dedicarunt
1638 1442 1651 1478 :
1686 1430 1906 1496 quanto

230 1514 420 1586 magis
458 1511 659 1568 Latini
717 1511 831 1568 mei
862 1512 1013 1585 grati
1043 1528 1171 1568 esse
1200 1512 1497 1579 deberent,
1530 1514 1684 1584 quod
1709 1513 1910 1569 exsul-

233 1606 460 1658 tantem
492 1600 787 1656 Greciam
834 1605 1138 1656 cernerent
1183 1600 1406 1673 aliquid
1445 1618 1478 1657 a
1507 1619 1569 1657 se
1599 1602 1854 1658 mutuari
1892 1603 1904 1657 l

230 1692 505 1746 Primum
536 1688 702 1791 enim
732 1705 1083 1791 magnorum
1115 1694 1425 1762 sumptum
1478 1694 1586 1759 est,
1643 1691 1793 1748 524
1854 1696 1909 1747 et
1938 1725 1986 1791 Β

232 1779 485 1836 inﬁnita
543 1776 938 1845 difﬁcultatis,
998 1778 1355 1851 exemplaria
1402 1780 1615 1835 habere
1685 1781 1903 1837 omnia.

232 1868 511 1940 Denique
558 1871 618 1921 et
673 1866 775 1938 qui
832 1866 1169 1938 habuerint,
1230 1872 1287 1923 et
1343 1868 1565 1924 Hebraei
1619 1869 1909 1925 sermonis

233 1957 441 2029 ignari
476 1958 634 2021 sunt,
683 1956 875 2027 magis
934 1956 1233 2022 errabant,
1293 1955 1632 2030 ignorantes
1690 1958 1823 2029 quis
1880 1975 1909 2014 e

244 2043 470 2100 multis
498 2042 685 2099 verius
731 2042 967 2099 dixerit.
1025 2043 1187 2107 Quod
1248 2044 1423 2100 etiam
1474 2045 1909 2118 sapientissimo

249 2132 506 2190 cuidam
539 2133 563 2165 ⁸
605 2148 788 2203 nuper
815 2132 971 2203 apud
997 2131 1226 2188 Graecos
1257 2133 1484 2202 accidit,
1517 2139 1584 2189 ut
1612 2134 1908 2190 interdum

240 2221 577 2294 Scriptura
606 2237 847 2276 mnsum
882 2220 1244 2292 relinquens,
1277 2222 1773 2293 uniuscujuslibet
1802 2224 1905 2293 [Αἱ.

229 2310 749 2381 uniuscujusque]
828 2309 1164 2382 interpretis
1239 2317 1583 2383 sequeretur
1630 2328 1906 2369 errorem.

230 2401 346 2457 Nos
379 2404 600 2455 autem
628 2399 731 2471 qui
758 2398 1010 2454 Hebraeae
1040 2398 1252 2470 linguae
1296 2400 1503 2456 saltem
1538 2416 1779 2473 parvam
1809 2400 1912 2456 ha-

224 2491 448 2546 bemus
493 2486 833 2554 scientiam,
867 2491 926 2543 et
956 2488 1199 2544 Latinus
1224 2489 1397 2545 nobis
1435 2494 1757 2562 utcumque
1788 2506 1908 2546 ser-

228 2595 323 2635 mo
376 2594 508 2634 non
543 2577 734 2644 deest,
765 2576 838 2631 de
868 2575 1003 2631 aliis
1056 2578 1249 2650 magis
1273 2594 1592 2650 possumus
1617 2578 1908 2650 judicare,

227 2673 285 2724 et
310 2684 391 2725 ea.
414 2683 559 2739 quae
592 2664 709 2738 ipsi
737 2664 1149 2738 intelligimus,
1178 2667 1236 2722 in
1266 2671 1466 2724 nostra
1489 2667 1691 2740 lingua
1720 2668 1909 2740 expri-

231 2773 493 2813 nam»

296 2846 393 2901 29.
424 2847 521 2901 Ea:
540 2844 785 2915 Ργοιοθο
808 2846 870 2899 in
898 2844 1017 2901 Job.
1042 2875 1110 2888 ——
1133 2844 1425 2901 Transibo
1443 2847 1514 2901 ad
1539 2844 1754 2902 librum
1776 2846 1908 2914 Job,

231 2951 411 3007 quam
476 2938 627 3007 post
680 2933 1067 3006 Septuaginta
1120 2932 1505 3005 interpretum
1593 2935 1908 2992 editionem

2007 447 2246 511 tionem,
2282 464 2459 518 quam
2493 449 2603 504 sub
2626 447 2919 504 asteriscis
2965 452 3022 503 et
3071 447 3253 504 obelis
3301 464 3489 520 nuper
3536 448 3657 505 edi-

2008 535 2226 601 dimus,
2288 536 2641 609 septingenti
2700 537 2879 592 ferme
2936 540 3036 591 aut
3084 536 3401 609 octingenti
3455 555 3658 595 versus

2008 623 2239 692 desunt,
2286 630 2351 679 ut
2382 625 2742 692 docurtatus,
2800 630 2858 681 et
2912 625 3220 691 laceratus,
3272 636 3660 699 corrosusque

2007 713 2156 769 liber
2186 713 2500 769 fmditatem
2563 715 2655 769 sui
2688 714 2918 785 publice
2966 714 3296 786 legentibus
3326 715 3595 786 praebeat.
3630 738 3659 766 ››

2009 804 2079 859 Et
2109 807 2240 874 post
2273 802 2459 858 multa
2490 820 2619 875 quae
2650 804 2846 859 studio
2876 802 3178 859 brevitatis
3211 807 3513 875 praetereo,
3537 803 3659 859 haec

2010 893 2070 947 in
2131 893 2243 947 ﬁne
2322 892 2472 948 525
2535 893 2811 964 subjunxi
2854 908 2867 946 :
2916 914 2936 941 α
2998 892 3253 947 Audiant
3310 896 3665 965 quapropter

2011 998 2185 1037 canes
2212 982 2348 1048 mei,
2382 982 2596 1038 idcirco
2628 997 2720 1037 me
2750 982 2809 1036 in
2858 981 2967 1037 hoc
3000 980 3291 1037 volumine
3340 982 3659 1049 laborasse,

2013 1088 2129 1127 non
2152 1075 2218 1126 ut
2249 1072 2787 1142 interpretationem
2820 1070 3119 1141 antiquam
3155 1070 3659 1142 reprehenderem,

2013 1160 2115 1214 sed
2150 1164 2216 1214 ut
2244 1176 2310 1214 ea
2340 1176 2467 1230 quae
2496 1160 2553 1213 in
2586 1159 2686 1214 illa
2716 1163 2816 1214 aut
2846 1160 3095 1214 obscura
3116 1163 3273 1227 sunt,
3299 1163 3401 1214 aut
3420 1159 3662 1227 omissa,

2013 1250 2115 1302 aut
2143 1252 2298 1302 certe
2326 1247 2464 1303 vitio
2515 1248 2867 1319 scriptorum
2899 1248 3229 1318 depravata,
3267 1247 3665 1303 manifestiora

2015 1340 2217 1392 nostra
2276 1336 2754 1408 interpretatione
2809 1336 3033 1404 ﬁerent,
3089 1336 3190 1407 qui
3249 1339 3305 1391 et
3358 1335 3661 1392 Hebraeum

2014 1441 2344 1481 sermonem
2373 1442 2439 1480 ex
2470 1430 2633 1497 parte
2664 1424 3001 1492 didicimus,
3034 1428 3089 1479 et
3135 1424 3195 1480 in
3256 1424 3459 1479 Latino
3521 1440 3665 1497 pene

2016 1514 2089 1569 ab
2114 1514 2302 1586 ipsius
2334 1514 2711 1570 incunabulis
2741 1514 2897 1569 inter
2934 1513 3351 1585 grammaticos
3380 1516 3438 1569 et
3465 1513 3667 1569 rheto-

2016 1620 2113 1658 res
2139 1607 2197 1658 et
2252 1602 2635 1675 philosophos
2662 1602 2857 1658 detriti
2907 1618 3135 1657 sumus.
3196 1601 3357 1666 Quod
3403 1601 3453 1657 si
3511 1602 3667 1674 apud

2017 1696 2245 1748 Graecos
2275 1696 2407 1765 post
2461 1692 2841 1764 Septuaginta
2902 1690 3237 1758 editionem,
3288 1691 3413 1761 jam
3456 1689 3667 1745 Christi

2016 1778 2325 1852 Evangelio
2373 1784 2737 1846 coruscante,
2770 1778 3011 1834 Judteus
3040 1776 3271 1850 Aquila,
3302 1780 3361 1834 et
3400 1778 3668 1850 Symma-

2017 1869 2163 1924 chus
2192 1885 2258 1923 ac
2287 1868 2643 1925 Theodotion
2674 1868 3038 1938 iudaizantes
3096 1866 3349 1922 haeretici
3403 1870 3544 1922 sunt
3573 1881 3669 1921 re-

2018 1957 2189 2029 cepti,
2222 1957 2322 2029 qui
2355 1957 2541 2013 multa
2569 1957 2851 2029 mysteria
2899 1955 3213 2012 Salvatoris
3271 1955 3520 2011 subdola
3574 1954 3671 2010 in-

2017 2047 2431 2119 terpretatione
2462 2045 2745 2115 celarunt,
2778 2051 2835 2101 et
2891 2048 3091 2100 tamen
3143 2044 3201 2098 in
3261 2043 3533 2116 Hexaplis
3564 2043 3669 2101 ha-

2026 2135 2241 2190 bentur
2269 2135 2423 2206 apud
2453 2134 2761 2202 Ecclesiae,
2792 2137 2848 2189 et
2878 2132 3266 2205 explanantur
3296 2133 3367 2188 ab
3396 2133 3671 2189 ecclesia-

2020 2223 2182 2278 sticis
2210 2223 2353 2278 viris
2385 2239 2397 2279 :
2433 2227 2653 2294 quanto
2686 2222 2875 2293 magis
2907 2237 3013 2294 ego
3043 2220 3433 2285 Christianus,
3468 2221 3537 2275 de
3567 2238 3670 2293 pa-

2019 2311 2285 2367 rentibus
2316 2310 2664 2367 Christianis
2726 2314 2921 2378 natus,
2978 2313 3035 2364 et
3084 2308 3357 2364 vexillum
3388 2307 3577 2364 crucis
3607 2309 3669 2364 in

2019 2417 2150 2456 mea
2201 2401 2390 2456 fronte
2445 2403 2709 2471 portans,
2755 2399 2927 2469 cujus
2978 2398 3240 2453 studium
3292 2397 3403 2453 fuit
3451 2396 3673 2454 omissa

2019 2494 2296 2562 repetere,
2322 2489 2639 2561 depravata
2666 2486 2974 2560 corrigere,
2998 2491 3054 2542 et
3084 2490 3450 2543 sacramento
3483 2485 3673 2542 Eccle-

2018 2579 2119 2634 siae
2138 2595 2283 2650 puro
2305 2581 2363 2633 et
2383 2577 2538 2633 ﬁdeli
2570 2574 2793 2649 aperire
2825 2592 3112 2643 sermone,
3150 2574 3234 2631 vel
3265 2592 3299 2630 a
3328 2574 3671 2643 festidiosis,

2016 2667 2105 2723 vel
2138 2686 2170 2722 a
2202 2666 2476 2740 malignis
2509 2666 2830 2721 lectoribus
2861 2681 2976 2720 non
3008 2664 3189 2721 debeo
3238 2664 3535 2737 roprobari
3569 2666 3580 2721 ι
3637 2686 3664 2715 ι)

2089 2757 2177 2811 30.
2212 2757 2294 2812 Ere
2321 2756 2552 2826 Prologo
2586 2756 2645 2811 in
2677 2755 3031 2811 Psalterium.
3083 2784 3135 2793 —
3156 2752 3504 2809 Psalterium
3537 2768 3677 2825 quo—

2019 2863 2133 2918 que
2184 2846 2339 2917 quod
2402 2849 2556 2900 certe
2615 2842 3159 2899 emendatissimum
3202 2843 3373 2913 juxta
3429 2842 3675 2914 Septua-

2019 2935 2184 3007 ginta
2212 2933 2557 3006 interpretes
2587 2937 2817 2987 nostros
2846 2931 3045 2987 labore
3075 2931 3303 2987 dudum
3335 2934 3518 2986 Roma
3547 2947 3675 2985 sus-

236 3040 420 3097 quam
449 3023 747 3095 Origenes
778 3021 963 3077 obelis
994 3023 1408 3095 asteriscisque
1453 3024 1741 3094 distinxit,
1776 3029 1910 3080 ante
1950 3086 1983 3097 _
2020 3023 2192 3094 cepit,
2221 3038 2458 3077 rursum
2483 3022 2654 3092 juxta
2684 3019 3032 3075 Hebraicum
3062 3023 3315 3084 vertens,
3341 3017 3674 3074 Praefatione

232 3130 429 3171 annos
457 3111 760 3185 plurimos
793 3110 999 3166 Latino
1029 3113 1287 3167 sermoni
1333 3113 1560 3181 datum,
1616 3130 1750 3168 cum
1784 3131 1910 3169 rur-
1940 3086 1985 3156 (ἶ
2024 3111 2268 3177 munivi,
2293 3114 2350 3166 et
2378 3110 2463 3166 sic
2492 3110 2551 3164 in
2580 3113 2742 3181 parte
2768 3108 2999 3181 Prologi
3022 3124 3154 3164 sum
3183 3107 3454 3164 locutus:
3480 3129 3509 3158 κ
3530 3107 3676 3172 Quia

230 3219 376 3259 sum
394 3203 571 3271 juxta
604 3200 801 3271 ipsum
834 3199 1181 3256 Hebraicum
1213 3205 1520 3269 verterem,
1564 3201 1647 3257 sic
1679 3202 1912 3259 locutus

226 3307 375 3348 sum
401 3307 415 3345 :
454 3312 477 3339 ο
512 3290 705 3361 Cogor
721 3304 824 3359 per
844 3287 1112 3361 singulos
1135 3289 1448 3361 Scriptura:
1469 3289 1677 3346 divinae
1704 3290 1909 3359 libros,

235 3377 727 3435 adversariorum
782 3376 1138 3449 respondere
1192 3376 1546 3445 maledictis,
1594 3379 1694 3451 qui
1739 3380 1913 3436 inter-

234 3467 647 3539 pretationem
677 3481 885 3533 meam,
951 3466 1469 3537 reprehensionem
1529 3468 1913 3540 Septuaginta

242 3554 659 3623 intarpretum
687 3553 1064 3609 criminantur
1095 3572 1108 3609 :
1144 3556 1313 3625 quasi
1349 3572 1465 3611 non
1495 3561 1551 3610 et
1579 3558 1731 3628 apud
1764 3557 1914 3613 Grae-

246 3656 366 3698 cos
396 3637 634 3709 Aquila,
664 3640 1039 3712 Symmachus
1069 3645 1127 3697 et
1162 3642 1521 3699 Theodotion
1553 3644 1640 3700 vel
1672 3646 1912 3700 verbum

239 3745 276 3786 ο
311 3728 525 3794 verba,
557 3727 641 3783 vel
671 3745 907 3785 sensum
937 3746 970 3785 e
998 3746 1198 3796 sensu,
1226 3732 1315 3787 vel
1345 3749 1414 3788 ex
1443 3736 1690 3804 utroque
1709 3735 1731 3769 ⁸
1757 3751 1913 3789 com-

244 3818 513 3875 arietum
546 3820 606 3873 et
634 3818 824 3874 medie
853 3822 1242 3891 temperatum
1274 3835 1469 3892 genus
1516 3821 1915 3879 translationis

238 3907 681 3980 expresserim,
730 3923 800 3963 ex
845 3908 1047 3964 omnia
1073 3909 1283 3965 veteris
1344 3911 1723 3967 Instrumenti
1753 3910 1915 3967 volu-

234 3996 419 4054 mina
471 3995 757 4067 Origenes
806 3996 992 4054 obelis
1050 3999 1467 4072 asteriscisque
1520 4000 1855 4055 distinxerit
1900 4017 1913 4055 :

230 4102 397 4159 quis
437 4083 531 4140 vel
586 4084 842 4153 additos,
900 4084 992 4141 vel
1049 4092 1121 4142 de
1177 4087 1567 4146 Theodotione
1623 4093 1914 4161 sumptos,

228 4173 637 4229 translationi
695 4173 952 4246 antiqua
1032 4175 1301 4243 inseruit,
1359 4178 1615 4248 probans
1660 4178 1919 4235 defuisse

226 4264 405 4335 quod
430 4262 715 4318 additum
745 4266 854 4318 est.
887 4263 1096 4320 Dicant
1128 4265 1309 4338 igitur
1351 4267 1771 4323 obtrectatores
1802 4266 1917 4323 mei

227 4351 504 4424 recipere
535 4352 601 4406 in
650 4354 795 4419 toto,
856 4354 1011 4424 quod
1068 4354 1129 4409 in
1188 4355 1455 4426 partibus
1513 4360 1915 4428 susceperunt,

2022 3201 2204 3273 igitur
2234 3217 2421 3271 nuper
2450 3215 2584 3254 cum
2645 3198 2883 3254 Hebraeo
2904 3197 3237 3271 disputans,
3271 3197 3537 3269 quaedam
3571 3213 3673 3269 pro

2021 3290 2266 3345 Domino
2297 3288 2593 3344 Salvatore
2643 3288 2713 3342 de
2764 3286 3010 3342 Psalmis
3047 3285 3384 3342 testimonia
3430 3284 3673 3357 protuli-

2022 3378 2096 3435 sti
2121 3397 2133 3447 ;
2166 3377 2483 3449 volensque
2516 3375 2613 3431 ille
2636 3380 2692 3431 te
2723 3375 2966 3432 illudere
2995 3377 3035 3443 ⁵,
3066 3393 3168 3448 per
3197 3390 3499 3431 sermones
3530 3389 3683 3447 pene

2022 3466 2286 3539 singulos
2317 3466 2633 3534 asserebat,
2666 3480 2781 3520 non
2812 3466 2894 3519 ita
2920 3464 2981 3519 in
3012 3464 3211 3520 haberi
3242 3463 3301 3518 in
3332 3463 3678 3531 Hebraeo,ut

2023 3560 2087 3611 tu
2118 3556 2187 3610 de
2218 3554 2601 3627 Septuaginta
2631 3552 3048 3625 interpretibus
3078 3553 3433 3625 opponebas,
3458 3552 3676 3607 studio-

2023 3644 2258 3699 sissime
2288 3642 2622 3715 postulasti,
2649 3645 2715 3696 ut
2770 3645 2901 3712 post
2930 3639 3187 3711 Aqilam,
3222 3638 3665 3711 Symmachum,

2022 3737 2080 3788 et
2122 3731 2599 3798 Theodotionem,
2653 3746 2861 3785 novam
2920 3728 3234 3784 editionem
3287 3728 3490 3784 Latino
3550 3743 3676 3784 sero

2025 3837 2197 3877 mone
2233 3820 2636 3876 transferrem.
2668 3818 2879 3874 Aiebas
2899 3817 3057 3874 enim
3087 3824 3143 3873 te
3174 3817 3361 3891 magis
3392 3818 3675 3890 interpre-

2025 3916 2151 3967 tum
2203 3909 2481 3965 verietate
2529 3906 2775 3976 turbari,
2832 3911 2889 3963 et
2919 3924 3023 3979 pro
3064 3924 3261 3963 amore
3293 3923 3407 3978 quo
3438 3905 3672 3963 laberis.

2024 3999 2113 4055 vel
2147 3996 2550 4063 translatione,
2608 3996 2695 4051 vel
2719 3994 2945 4067 judicio
3003 4012 3130 4051 meo
3157 4012 3280 4052 esse
3310 4000 3673 4051 contentum.

2026 4087 2190 4143 Unde
2221 4085 2514 4157 impulsus
2544 4101 2578 4139 a
2632 4086 2709 4151 te,
2761 4082 2855 4137 cui
2884 4087 2940 4137 et
2970 4098 3097 4153 quas
3129 4098 3243 4137 non
3275 4097 3539 4154 possum,
3572 4098 3669 4137 ne-

2026 4193 2163 4249 gare
2220 4192 2336 4231 non
2394 4175 2595 4239 debeo,
2656 4184 2892 4227 rursum
2920 4172 2943 4205 ⁶
2973 4187 3064 4226 me
3104 4171 3558 4225 obtrectatorum
3593 4168 3673 4225 la-

2025 4266 2277 4321 tratibus
2301 4262 2536 4330 tradidi,
2570 4260 2870 4333 maluique
2925 4264 2982 4315 te
3037 4259 3187 4315 vires
3237 4258 3429 4331 potius
3493 4273 3674 4327 meas,

2028 4373 2205 4429 quam
2237 4353 2593 4409 voluntatem
2652 4352 2710 4406 in
2744 4350 3002 4407 amicitia
3052 4363 3328 4421 quaerere.
3354 4348 3517 4404 Certe
3547 4364 3680 4404 con-

223 4447 339 4498 aut
399 4440 959 4511 mtapretationem
1032 4454 1224 4500 meam
1273 4460 1408 4501 cum
1467 4444 1731 4500 astericis
1788 4446 1913 4502 suis
1942 4449 1990 4516 Β
2020 4445 2269 4501 ﬁdenter
2296 4443 2577 4510 dicam,et
2606 4441 2825 4497 multos
2847 4440 3025 4512 hujus
3047 4437 3238 4510 operis
3255 4441 3432 4494 testes
3464 4437 3675 4505 citabo,

222 4530 477 4586 radere.
504 4529 715 4600 Neque
764 4530 922 4586 enim
955 4532 1080 4587 ﬁeri
1113 4537 1327 4606 potest,
1359 4537 1425 4588 ut
1475 4550 1623 4605 quos
1654 4533 1826 4606 plura
1855 4534 1915 4590 in

217 4618 587 4676 inmisisse
615 4620 989 4691 perpexerint
1018 4622 1058 4689 ‘,
1110 4639 1224 4677 non
1307 4623 1540 4679 eosdem
1600 4623 1778 4678 etiam
1853 4624 1913 4679 in

221 4707 615 4778 quihusdam
646 4724 877 4765 errasse
933 4710 1277 4768 fateantur:
1329 4713 1618 4785 praecipue
1678 4713 1733 4769 in
1780 4713 1911 4781 Job,

219 4794 340 4853 sui
376 4794 437 4851 si
461 4810 531 4851 ea
549 4812 680 4869 qua
701 4797 813 4853 sub
831 4798 1131 4855 asteriscis
1156 4800 1354 4856 addita
1375 4805 1513 4856 sunt
1535 4802 1911 4870 subtraxeris,

216 4901 394 4959 pars
430 4884 696 4941 maxime
724 4886 1185 4944 detruncabitur.
1210 4890 1277 4945 Et
1307 4889 1417 4945 hoc
1444 4890 1726 4945 duntaxat
1759 4892 1913 4963 apud

297 5030 315 5063 ί
356 5026 563 5104 Voces
606 5026 661 5082 ἐν
723 5026 978 5098 ἒξαπλοῖς
1021 5030 1130 5104 hic
1183 5031 1461 5088 omiserat
1517 5031 1910 5104 Martianaaus,

212 5100 995 5175 quasiprobaveratantea
1017 5101 1077 5159 in
1110 5102 1299 5175 ipsius
1323 5104 1680 5159 Przet‘ationis
1711 5100 1914 5161 editio-

209 5169 320 5255 ne:
350 5169 764 5255 gtSVicto‘r-‘ius
794 5173 919 5255 ipse
949 5169 1315 5255 reponendus
1344 5175 1694 5255 ostenderat.

288 5245 314 5277 ³
350 5240 474 5320 Hic
504 5240 864 5320 Appllinaris
890 5240 1251 5320 Laodicenus
1277 5252 1385 5315 est,
1436 5264 1613 5318 quem
1644 5262 1915 5320 expresse

210 5318 405 5388 notat
454 5314 572 5370 sub
594 5314 729 5388 libri
762 5315 942 5388 hujus
970 5318 1166 5373 ﬁnem.

286 5387 311 5421 ³
350 5386 437 5442 In
495 5385 815 5458 antiquiss.
840 5385 1126 5445 'Vaticano
1156 5388 1420 5445 Palatino
1468 5407 1577 5448 ms.
1611 5408 1668 5446 n.
1700 5392 1789 5458 24,
1826 5391 1913 5447 Vel

204 5458 431 5523 uerbo,
470 5457 555 5513 vel
585 5474 772 5527 mu,
801 5462 885 5517 vel
913 5476 983 5517 az:
1012 5468 1262 5534 utraque,
1293 5466 1403 5517 etc.

287 5532 313 5565 δ
352 5528 545 5586 Idem
588 5546 725 5600 ms.,
785 5533 1289 5603 quemadmodum
1344 5533 1489 5591 etin
1544 5534 1673 5607 ipsa
1702 5534 1910 5607 praefa-

2028 4551 2122 4591 me
2152 4532 2322 4600 nihil,
2355 4532 2640 4586 duntaxat
2688 4530 2971 4586 scientem
3002 4530 3043 4598 7,
3077 4528 3230 4584 526
3277 4527 3350 4583 de
3399 4526 3681 4583 Hebraica

2024 4623 2269 4678 veritate
2319 4624 2604 4676 mutasse.
2648 4618 2846 4675 Sicubi
2903 4634 3038 4691 ergo
3092 4616 3269 4673 editio
3300 4632 3430 4672 mea
3470 4633 3504 4671 a
3530 4620 3679 4671 vete-

2026 4710 2191 4765 ribus
2224 4708 2538 4779 discrepat,
2573 4707 2869 4778 interroga
2900 4703 3225 4777 quemlibet
3276 4703 3675 4768 Hebraeorum,

2024 4805 2082 4856 ct
2107 4797 2335 4871 liquido
2368 4795 2717 4868 pervidebis,
2760 4810 2851 4849 me
2882 4794 2954 4848 ab
3003 4791 3229 4848 aemulis
3274 4792 3491 4845 trustra
3525 4788 3677 4844 lace-

2024 4889 2161 4959 rari,
2195 4885 2297 4959 qui
2320 4884 2551 4941 malunt
2572 4887 2946 4939 contemnere
2970 4880 3150 4935 videri
3175 4879 3471 4951 praeclara,
3495 4893 3677 4951 quam

2022 5033 2179 5090 tione
2210 5029 2609 5096 Martianaeus,
2641 5025 3003 5096 susceperint,
3028 5020 3228 5096 minus
3253 5020 3424 5096 bene.

2093 5106 2114 5182 εξ
2135 5104 2335 5182 ροᾶβρι
2357 5092 2918 5182 Βθβίοςνᾳιίολήυξη
2952 5093 3178 5182 lingis
3278 5092 3530 5182 taedere.

2092 5177 2114 5211 δ
2135 5174 2406 5231 Martian.
2434 5163 2491 5225 in
2528 5169 2715 5241 ipsius
2746 5165 2974 5237 Prologi
3004 5164 3277 5232 editione,
3310 5163 3411 5219 Cui
3458 5166 3686 5241 et‘quae

2017 5263 2238 5320 possum
2292 5259 2493 5315 negare
2545 5238 2659 5297 non
2701 5254 2944 5311 possum,
3005 5252 3245 5319 rursum,
3308 5240 3418 5291 etc.
3496 5238 3695 5294 Vetus

2022 5320 2159 5375 edit.
2218 5316 2309 5373 cui
2366 5312 2621 5371 concinit
2677 5309 2826 5365 alter
2888 5309 3119 5381 Reginae
3167 5308 3293 5363 cod.
3362 5307 3515 5373 I826,
3572 5304 3694 5365 Cui

2022 5335 2159 5375 ϐαιῐσ.
2218 5335 2309 5373 cui
2366 5335 2621 5371 concinit
2677 5335 2826 5365 ulwr
2888 5335 3119 5381 ιιυδιιιω
3167 5335 3293 5363 uuu.
3363 5335 3515 5373 low,

2020 5406 2148 5463 quae
2175 5404 2391 5460 possum
2418 5386 2681 5463 debeo,_et
2707 5396 2970 5463 quaequon
2992 5396 3215 5463 possum
3242 5384 3351 5436 etc.

2091 5464 2111 5498 ⁷
2144 5457 2205 5517 In
2236 5464 2349 5516 vet.
2382 5457 2546 5526 edit.,
2578 5457 2858 5512 duntaxat
2884 5457 3178 5510 sententia.
