4110 6162
406 257 536 329 ιιτυ

1622 285 1628 302 -'
1655 254 1721 325 S.
1766 253 2077 326 EUSEBII
2120 253 2589 326 HIERONYMI.

3697 245 3839 322 476'

402 397 647 457 discere.
681 393 1113 455 Pervereissimi
1162 394 1430 454 homines
1464 411 1477 452 :
1512 411 1648 452 nam
1697 413 1832 452 cum
1881 411 2060 453 novas
2090 397 2146 464 Α
2174 400 2350 464 stare,
2384 401 2440 452 et
2469 393 2708 453 docuise
2737 393 3036 465 lectorem,
3066 391 3354 452 Ecolesias
3381 391 3594 450 Christi
3646 391 3807 451 hunc

401 503 635 560 semper
665 490 936 560 expetent
966 483 1312 557 voluptates,
1345 490 1402 542 et
1429 484 1578 558 gulae
1631 501 1833 540 eorum
1863 484 2056 540 vicina
2164 485 2509 556 prophetam
2533 487 2703 557 juxta
2732 485 3192 541 Theodotionem
3219 483 3428 557 legere,
3451 488 3508 540 et
3536 501 3655 540 non
3680 485 3815 555 jux-

401 576 592 631 maria
619 591 733 630 non
765 573 1084 636 sufﬁciant,
1143 589 1246 628 cur
1304 573 1364 628 in
1396 573 1518 629 solo
1553 573 1745 628 studio
1793 574 2052 645 Scriptu-

401 680 600 719 rarum
630 663 808 719 veteri
841 677 1046 734 sapore
1078 663 1331 716 contenti
1378 667 1518 717 sunt
1551 665 1573 715 ἓ
1625 665 1740 716 Nec
1785 661 1893 716 hoc
1923 661 2053 716 dico

403 753 558 824 quod
585 767 965 824 praecessores
987 766 1147 806 meos
1170 751 1488 818 mordeam,
1512 754 1614 806 aut
1635 749 1959 822 quidquam
1983 750 2054 804 de

403 840 497 896 his
526 841 776 895 arbitrer
803 839 1251 905 detrahendum,
1297 855 1549 910 quorum
1608 838 2050 894 translationem

401 928 851 1001 diligentissime
886 927 1255 984 emendatam
1316 927 1453 982 olim
1488 944 1628 982 meae
1687 927 1898 999 lingua:
1947 927 2051 982 ho-

409 1019 670 1074 minibus
699 1018 830 1072 dedi
865 1034 876 1070 :
916 1017 1016 1071 sed
1039 1017 1190 1088 quod
1217 1015 1372 1071 aliud
1406 1016 1483 1070 sit
1511 1015 1572 1072 iu
1591 1014 1864 1072 Ecclesiis
1893 1016 2052 1072 Chri-

401 1106 475 1162 sti
507 1105 867 1162 credentium
897 1104 1160 1161 Psalmos
1192 1104 1402 1176 legere,
1455 1104 1612 1160 aliud
1659 1105 1876 1160 Judaais
1928 1105 2048 1160 sin-

399 1194 537 1269 gula
564 1195 738 1249 verba
767 1193 1271 1249 calumniantibus
1305 1194 1680 1266 respondere.
1720 1217 1739 1242 ι

468 1285 556 1340 31.
588 1283 670 1336 Ea:
699 1283 930 1352 Prologo
963 1284 1022 1336 in
1066 1282 1202 1338 libb.
1241 1282 1534 1338 Salomnis.
1597 1313 1664 1322 —-
1722 1281 2051 1337 Salomonis

399 1371 576 1428 etiam
609 1370 813 1436 libros,
847 1388 997 1442 quos
1055 1369 1198 1426 olim
1222 1371 1391 1442 juxta
1422 1370 1805 1442 Septuaginta
1835 1370 2053 1426 additis

395 1459 580 1517 obelis
611 1464 670 1515 et
700 1460 1001 1516 asteriscis
1060 1459 1119 1514 in
1161 1460 1436 1515 Latinum
1501 1463 1811 1530 verteram,
1842 1477 1911 1514 ex
1941 1459 2047 1514 He-

395 1549 593 1605 braico
637 1549 1020 1616 transferens,
1067 1553 1124 1603 et
1169 1548 1448 1603 dedicans
1479 1547 1699 1603 sanctis
1757 1547 2050 1618 episcopis

398 1637 733 1694 Chromatio
763 1643 822 1692 et
853 1636 1306 1701 Heliodoro,haec
1337 1637 1395 1691 in
1429 1635 1886 1692 Praefatiunculae
1909 1651 2048 1692 mcaa

399 1725 515 1781 ﬁne
566 1725 789 1796 subjeci

401 1813 590 1886 magis
624 1812 800 1868 editio
829 1811 1040 1884 placet,
1064 1811 1240 1868 habet
1268 1829 1397 1868 eam
1430 1830 1464 1867 a
1493 1813 1660 1869 nobis
1690 1812 1828 1868 olim
1861 1829 2052 1868 emen-

400 1902 619 1959 datam.
653 1902 852 1973 Neque
882 1901 1039 1957 enim
1071 1901 1155 1957 sic
1217 1918 1365 1958 nova
1395 1902 1688 1973 cudimus,
1750 1907 1816 1958 ut
1859 1906 2053 1958 vetera

401 1991 798 2048 destruamus.
833 2012 860 2041 ››

470 2081 559 2135 32.
590 2081 674 2134 Ea;
703 2079 930 2148 Prologo
959 2081 1019 2133 in
1048 2067 1270 2134 Isaiam.
1303 2109 1372 2119 —-
1401 2078 1645 2134 Veniam
1701 2082 1758 2133 et
1814 2078 1884 2133 ad
1919 2079 2041 2133 Isa-

399 2168 542 2236 iam,
574 2172 631 2224 et
659 2172 882 2240 partem
915 2168 1140 2239 Prologi
1172 2168 1300 2238 ejus
1330 2184 1508 2239 super
1545 2167 1927 2240 Septuaginta
1957 2167 2051 2222 in-

398 2257 811 2330 terpretatione
843 2257 1220 2329 subjungam.
1254 2258 1436 2322 Quem
1470 2273 1606 2313 cum
1660 2256 1849 2328 magis
1880 2272 2050 2311 evan-

397 2345 665 2420 gelistam
697 2362 874 2417 quam
906 2345 1248 2417 prophetam
1276 2345 1556 2412 dicerem,
1615 2361 1681 2401 eo
1723 2345 1878 2418 quod
1913 2345 2050 2400 uni-

399 2451 568 2491 versa
596 2434 809 2490 Christi
840 2433 1106 2490 Ecclesiae
1155 2435 1433 2506 mysteria
1491 2434 1574 2490 sic
1627 2435 1699 2490 ad
1759 2433 2051 2506 liquidum

398 2532 740 2597 persecutus
769 2528 945 2590 esset,
980 2527 1044 2578 ut
1099 2539 1217 2578 non
1248 2523 1320 2578 de
1349 2523 1543 2580 futuro
1589 2522 1914 2589 vaticinari,
1948 2523 2048 2577 sed

399 2614 471 2668 de
500 2611 808 2684 praeteritis
858 2611 1171 2667 historiam
1223 2616 1416 2667 texere
1466 2612 1822 2679 crederetur,
1873 2610 2046 2666 etiam

399 2699 509 2756 hoc
543 2699 736 2756 addidi
771 2717 783 2756 :
821 2723 848 2750 ‹‹
885 2699 1045 2756 Unde
1082 2699 1328 2771 conjicio
1385 2699 1646 2755 noluisse
1703 2705 1843 2754 tunc
1901 2703 2045 2754 tem-

397 2788 558 2862 poris
586 2788 966 2862 Septuaginta
987 2789 1352 2860 interpretes,
1376 2787 1510 2844 ﬁdei
1541 2805 1659 2844 suae
1682 2792 2050 2843 sacramenta

395 2876 703 2956 perspicue
755 2876 1005 2932 ethnicis
1036 2877 1278 2948 prodere
1309 2893 1322 2931 :
1359 2893 1430 2932 ne
1459 2879 1729 2932 sanctum
1781 2876 2043 2944 canibus,

395 2970 453 3024 et
482 2965 830 3039 margaritas
860 2965 1050 3036 porcis
1080 2966 1284 3020 darent
1315 2965 1352 3019 '.
1385 2965 1541 3030 Quae,
1576 2981 1708 3020 cum
1743 2964 1892 3020 hanc
1923 2964 2044 3020 edi-

395 3053 615 3110 tionem
635 3053 914 3126 legeritis,
942 3055 1014 3109 ab
1037 3052 1152 3107 illis
1174 3052 1651 3108 animadvertetis
1679 3053 2043 3108 abscondita.

851 1742 863 1779 :
912 1747 940 1774 «
988 1724 1048 1780 Si
1091 1724 1186 1780 cui
1228 1723 1610 1796 Septuaginta
1665 1724 2048 1796 interpretum
2084 1761 2129 1826 Β

2161 577 2223 627 ta
2281 573 2663 645 Septuaginta
2720 573 3118 630 translatores.
3178 575 3438 639 Quorum
3496 572 3546 627 si
3605 573 3664 628 in
3711 573 3824 629 isto

2163 660 2312 718 libro
2343 662 2659 718 editionem
2695 663 2811 717 dixi
2843 661 3097 717 multum
3131 680 3164 718 a
3191 661 3433 718 veritate
3475 661 3716 728 distare,
3764 665 3826 718 et

2163 754 2317 805 recto
2349 749 2736 806 Ecclesiarum
2786 751 2998 807 Christi
3021 750 3247 821 judicio
3277 751 3670 823 reprobatam,
3703 767 3821 806 non

2162 843 2251 895 est
2283 855 2424 895 mea:
2455 839 2638 911 culpae
2670 839 2773 912 qui
2832 839 2973 905 dixi,
3006 841 3108 895 sed
3141 855 3344 895 eorum
3375 839 3475 912 qui
3498 837 3721 911 legunt.
3755 839 3819 894 In

2161 933 2435 1000 promptu
2458 932 2596 984 sunt
2622 932 2875 1000 quatuor
2897 927 3818 1000 editiones,Aqnilze,Symmachi,

2158 1018 2554 1089 Septuaginta.
2591 1023 2638 1072 et
2671 1017 3054 1073 Thodotionis
3086 1035 3099 1072 :
3133 1016 3400 1073 Ecclesiae
3434 1017 3603 1086 juxta
3631 1017 3822 1072 Theo-

2159 1105 2453 1161 dotionem
2485 1105 2688 1178 legunt
2723 1105 3038 1162 Danielem.
3101 1107 3216 1178 Ego
3273 1105 3416 1176 quid
3449 1105 3692 1176 peccavi,
3759 1108 3815 1162 si

2158 1193 2548 1250 Ecclesiarum
2573 1192 2870 1265 judicium
2903 1199 3139 1250 secutus
3189 1210 3319 1249 sum
3351 1195 3379 1248 ?
3417 1194 3582 1258 Quod
3611 1199 3819 1249 autem

2161 1285 2366 1351 refero,
2391 1283 2530 1355 quid
2563 1284 2872 1339 adversum
2902 1284 3183 1338 Susannae
3216 1282 3544 1348 historiam,
3566 1286 3625 1337 et
3653 1281 3823 1354 hym-

2161 1387 2304 1426 num
2343 1372 2524 1426 triuir.
2585 1388 2899 1444 puerorum
2947 1413 2962 1439 ,
3055 1377 3111 1426 et
3177 1371 3328 1427 Belis
3421 1371 3820 1444 Draconisque

2160 1458 2408 1526 fabulas,
2444 1476 2571 1528 quaa
2603 1459 2661 1514 in
2710 1458 3003 1516 volumine
3035 1459 3313 1515 Hebraico
3348 1475 3462 1514 non
3493 1457 3810 1525 habentur,

2161 1546 2384 1603 Hebraei
2415 1545 2640 1602 soleant
2669 1546 2880 1613 dicere,
2914 1547 3013 1618 qui
3037 1563 3130 1602 me
3159 1545 3544 1611 criminatur,
3573 1545 3821 1602 stultum

2160 1652 2222 1690 se
2252 1635 2673 1708 sycophantam
2706 1635 2932 1708 probat.
2967 1635 3093 1690 Non
3148 1635 3304 1691 enim
3334 1635 3473 1706 quid
3532 1633 3660 1706 ipse
3690 1651 3820 1690 sen-

2159 1723 2328 1780 tirem
2351 1726 2392 1792 ²,
2425 1725 2526 1780 sed
2559 1725 2700 1797 quid
2732 1724 2816 1778 illi
2851 1728 3054 1780 contra
3084 1741 3191 1780 nos
3222 1723 3416 1780 dicere
3448 1723 3692 1792 soleant,
3723 1740 3818 1779 ex--

2163 1813 2389 1886 plicavi.
2450 1816 2707 1880 Quorum
2740 1813 3024 1886 opinioni,
3054 1812 3104 1868 si
3133 1829 3248 1869 non
3280 1811 3552 1885 respondi
3582 1813 3640 1868 in
3672 1813 3821 1868 Pro-

2163 1901 2318 1974 logo,
2351 1902 2621 1958 brevitati
2653 1903 2897 1958 studens
2946 1917 3018 1957 ne
3074 1919 3189 1957 non
3231 1901 3648 1971 Praefationem,
3710 1901 3824 1956 sed

2160 1989 2379 2046 librum
2409 1990 2637 2047 viderer
2667 1991 2939 2056 scribere,
2969 1994 3109 2063 puto
3165 1991 3320 2062 quod
3378 1990 3573 2046 statim
3621 1989 3854 2060 subje-'

2161 2079 2376 2146 cerim;
2411 2080 2530 2134 dixi
2561 2079 2742 2146 enim,
2775 2101 2803 2130 «
2838 2080 2917 2136 De
2948 2095 3064 2150 quo
3095 2096 3211 2134 non
3242 2083 3331 2134 est
3360 2079 3539 2149 hujus
3585 2082 3822 2151 tempo-

2161 2167 2241 2222 ris
2294 2168 2598 2224 disserere.
2638 2191 2659 2217 ι
2692 2167 2968 2240 Alioquin
3029 2172 3087 2223 et
3127 2184 3195 2223 ex
3241 2184 3332 2239 eo,
3391 2167 3546 2240 quod
3589 2167 3818 2222 asserui

2163 2256 2544 2330 Parphyrium
2571 2261 2776 2313 contra
2805 2257 2959 2312 hunc
2988 2256 3332 2329 prophetam
3363 2255 3551 2311 multa
3577 2256 3821 2321 dixisse,

2158 2346 2474 2417 vocavique
2505 2346 2685 2417 hujus
2715 2346 2797 2402 rei
2855 2349 3033 2401 testes
3065 2345 3445 2412 Methonium,
3471 2344 3817 2415 Eusobinm,

2160 2438 2217 2490 et
2243 2433 2799 2506 Apollinarium,qui
2825 2434 3032 2490 multis
3053 2450 3329 2490 versuum
3361 2433 3626 2489 millibus
3657 2432 3819 2489 illius

2158 2523 2406 2579 vesaniae
2439 2523 2887 2594 responderunt,
2941 2539 3034 2578 me
3064 2539 3342 2578 accusare
3369 2523 3602 2594 poterit,
3635 2539 3818 2594 quare

2159 2629 2275 2668 non
2309 2613 2367 2667 in
2400 2611 2848 2668 Prasfatiuncula
2877 2617 3079 2667 contra
3120 2611 3302 2668 libros
3332 2611 3641 2684 Porphyrii
3672 2611 3818 2668 scri-

2158 2699 2394 2772 pserim.
2424 2700 2532 2764 Qui
2563 2699 2898 2756 istiusmodi
2931 2700 3120 2756 naenia
3149 2703 3537 2770 consectatur,
3568 2704 3627 2755 et
3657 2699 3813 2755 Scri-

2157 2792 2339 2859 pturae
2370 2788 2659 2844 Hebraicis
2685 2789 2986 2845 veritatem
3019 2805 3134 2845 non
3164 2788 3289 2844 vult
3323 2789 3598 2860 recipere,
3615 2789 3819 2845 audiat

2155 2877 2332 2934 libere
2362 2876 2826 2950 proclamantem
2874 2894 2886 2932 :
2950 2877 3102 2934 528
3161 2878 3341 2933 Nemo
3397 2875 3555 2933 enim
3587 2878 3818 2950 cogitur

2155 2965 2364 3038 legere,
2400 2966 2555 3038 quod
2591 2983 2708 3021 non
2736 2965 2881 3021 vult.
2916 2967 3031 3040 Ego
3062 2965 3404 3038 petentibus
3437 2965 3666 3037 scripsi,
3696 2982 3814 3021 non

2155 3054 2525 3123 fastidiosis;
2568 3055 2774 3126 gratis,
2817 3071 2933 3110 non
2999 3055 3212 3111 invidis
3260 3072 3274 3123 ;
3334 3054 3638 3121 studiosis,
3695 3071 3814 3110 non

394 3141 509 3197 Nec
539 3142 740 3212 ignoro
771 3139 976 3212 quanti
1006 3139 1226 3196 laboris
1255 3141 1332 3196 sit
1353 3139 1669 3212 prophetas
1699 3138 2043 3212 intelligere,
2075 3128 2119 3199 C
2157 3143 2569 3199 oscitantibus.
2630 3143 2700 3196 Et
2726 3149 2924 3199 tamen
2955 3143 3137 3199 miror
3193 3144 3485 3215 quomodo
3538 3143 3805 3199 Theodo-

395 3246 502 3286 nec
531 3228 698 3285 facile
723 3229 1062 3301 quempiam
1093 3245 1265 3301 posse
1284 3229 1552 3300 judicare
1582 3230 1653 3285 de
1695 3229 2046 3301 interpreta-

396 3318 574 3387 tione,
605 3317 719 3374 nisi
750 3315 1099 3373 intellexerit
1119 3322 1253 3372 ante
1273 3334 1402 3389 quae
1424 3317 1647 3390 legerit.
1672 3318 1787 3374 Nos
1809 3335 2045 3391 quoque

395 3413 593 3481 patere
623 3405 919 3463 morsibus
979 3405 1390 3479 plurimorum,
1444 3407 1544 3479 qui
1577 3406 1919 3462 stimulante
1949 3408 2044 3462 in-

394 3497 569 3568 vidia,
603 3496 760 3568 quod
793 3495 1071 3568 consequi
1094 3512 1211 3550 non
1240 3495 1808 3568 valent,despiciunt.
1841 3497 2044 3552 Sciens

394 3602 532 3659 ergo
561 3590 619 3641 et
647 3585 906 3657 prudens
941 3584 999 3639 in
1032 3585 1334 3640 ﬂammam
1365 3584 1536 3640 mitto
1559 3601 1823 3640 manum.
1857 3587 1926 3640 Et
1955 3587 2046 3641 ni-

392 3674 718 3732 hilominus
749 3691 783 3729 a
813 3673 1133 3730 fastidiosis
1191 3673 1506 3729 lectoribus
1563 3674 1671 3730 hoc
1722 3691 1945 3746 precor,
1983 3679 2047 3730 ut

394 3763 686 3836 quomodo
709 3761 891 3818 Graeci
911 3767 1046 3835 post
1066 3762 1212 3818 527
1241 3762 1624 3835 Septuaginta
1643 3763 2043 3835 translatores,

392 3851 682 3922 Aquilam,
716 3856 772 3907 et
817 3851 1234 3924 Symmachum
1269 3857 1326 3907 et
1353 3851 1810 3909 Theodotionem
1841 3853 2047 3926 legunt

394 3939 483 3998 vel
515 3941 588 3996 ob
620 3940 882 3996 studium
917 3940 1191 3996 doctrinas
1219 3958 1360 4010 suas,
1425 3941 1513 3997 vel
1546 3945 1612 3997 ut
1667 3942 2047 4014 Septuaginta

397 4027 586 4102 magis
617 4044 687 4083 ex
716 4026 1022 4084 collatione
1051 4045 1255 4084 eorum
1313 4027 1642 4103 intelligant
1675 4048 1686 4086 :
1724 4031 1806 4087 sic
1837 4035 1895 4086 et
1949 4030 2044 4086 isti

396 4117 604 4174 saltem
635 4133 817 4172 unum
846 4122 980 4189 post
1010 4117 1230 4190 priores
1263 4118 1475 4174 habere
1524 4119 1838 4192 dignentur
1867 4119 2044 4174 inter-

397 4211 638 4278 pretem.
676 4209 891 4278 Legant
921 4206 1106 4278 prius,
1140 4211 1196 4262 et
1227 4211 1431 4278 postea
1465 4207 1826 4280 despiciant;
1859 4223 1931 4262 ne
1963 4208 2044 4262 vi-

397 4296 647 4353 deantur
677 4312 795 4351 non
826 4295 1155 4366 exjudicio,
1189 4295 1291 4351 sed
1322 4312 1392 4351 ex
1420 4295 1537 4351 odii
1568 4295 2041 4367 praesumptione,

396 4386 665 4458 ignorata
688 4385 988 4440 damnare.
1025 4406 1053 4433 ››
2023 4391 2028 4398 ·

465 4475 555 4528 33.
588 4473 944 4564 DeDaniele.
1000 4503 1066 4512 ——
1119 4473 1198 4528 De
1245 4471 1481 4528 Daniele
1538 4475 1733 4564 autem
1795 4471 2046 4528 breviter
2078 4499 2125 4564 Β

397 4561 781 4634 respondebo,
805 4577 899 4616 me
920 4577 1036 4616 non
1058 4576 1304 4633 negasse
1325 4575 1460 4615 eum
1484 4560 1848 4632 prophetam,
1869 4577 2045 4632 quem

397 4650 596 4708 statim
626 4649 685 4704 in
718 4650 905 4705 fronte
935 4649 1164 4723 Prologi
1196 4648 1538 4722 prophetam
1580 4667 1709 4706 esse
1740 4653 2047 4710 confessus

397 4739 663 4808 sum,sed
685 4738 827 4812 quid
851 4738 1075 4794 Hebraei
1099 4739 1360 4794 dicerent
1379 4744 1436 4794 et
1451 4738 1668 4811 quibus
1684 4742 2048 4814 argumentis

396 4848 566 4889 suam
592 4830 915 4887 niterentur
944 4828 1189 4902 probare
1218 4829 1850 4897 sententiam,voluisse
1883 4848 2048 4888 mon-

471 5010 486 5042 ¹
521 5007 889 5080 Martianznus
912 5011 1053 5080 qui,
1076 5023 1210 5062 cum
1268 5011 1487 5080 sanctis
1510 5007 1736 5063 feminae
1765 5007 1943 5080 Paula
1991 5013 2050 5063 et

399 5079 781 5152 Eustochium
814 5079 1257 5152 compellantur,
1281 5085 1455 5151 atque
1477 5079 1601 5152 ipse
1623 5080 1795 5136 etiam
1831 5079 1888 5133 in
1921 5080 2049 5151 ipsa

399 5148 767 5223 Praefatione,
801 5167 921 5220 quae
948 5148 1172 5223 legerit.

469 5219 490 5251 ²
521 5218 853 5292 Intelligere
873 5238 943 5275 ex
973 5218 1081 5277 hoc
1108 5222 1232 5277 loco
1265 5220 1417 5284 licet,
1451 5239 1565 5292 quo
1598 5221 1792 5275 animo
1825 5221 1884 5275 S.
1937 5220 2047 5278 Do-

399 5293 525 5363 ctor
552 5292 686 5363 tum,
710 5291 1024 5363 in_Prazfat.
1059 5292 1115 5346 in
1151 5291 1628 5359 Danielemﬂum
1661 5293 1718 5348 in
1770 5294 2047 5363 prooemio

399 5358 824 5435 explanationis
853 5361 908 5414 in
936 5365 1206 5435 eumdem
1241 5358 1601 5435 prophetam,
1627 5358 1923 5435 collegerit
1951 5369 2049 5420 Ju-

401 5406 667 5513 datorum
690 5436 745 5485 et
786 5432 1086 5513 Porphyrii
1141 5406 1486 5513 argtumlenta
1545 5406 2049 5513 etcaviflationes

403 5507 604 5561 contra
634 5504 923 5570 Susanna,
957 5503 1131 5574 Belis,
1152 5503 1552 5575 Draconisque
1582 5505 1912 5575 historiam,
1946 5525 2050 5565 nec

403 5593 520 5634 non
550 5575 837 5651 hymnum
869 5575 1046 5634 trium
1078 5589 1415 5648 puerorum.
1453 5575 1653 5648 Neque
1683 5579 1863 5648 enim,
1896 5581 2050 5652 quod

2156 3233 2379 3287 tionem
2409 3231 2746 3287 haereticum
2779 3237 2838 3288 et
2859 3233 3262 3303 judaizantem
3316 3230 3476 3304 legit,
3509 3235 3567 3288 et
3595 3231 3816 3304 qualis-

2155 3338 2388 3394 cunque
2412 3321 2730 3394 peccatoris
2751 3320 3068 3377 Christiani
3093 3319 3541 3377 translationem
3560 3320 3808 3376 fastidit.

2224 3411 2313 3465 34.
2347 3412 2551 3476 Quaeso
2582 3414 2659 3476 te,
2713 3410 2899 3465 amice
2953 3408 3318 3480 dulcissime,
3381 3408 3483 3480 qui
3532 3413 3653 3463 tam
3703 3425 3814 3463 cu-

2155 3499 2347 3555 riosus
2377 3515 2460 3568 es,
2486 3503 2552 3554 ut
2572 3501 2747 3554 etiam
2776 3499 3008 3555 somnia
3037 3515 3167 3555 mea
3211 3497 3461 3564 noveris,
3493 3497 3814 3570 omniaque

2154 3605 2282 3660 quae
2313 3603 2416 3660 per
2443 3592 2528 3643 tot
2558 3603 2742 3643 annos
2772 3587 2994 3659 absque
3025 3591 3183 3642 metu
3214 3585 3421 3642 futuras
3449 3585 3670 3657 scripsi
3713 3602 3813 3641 ca-

2153 3676 2413 3743 lumniae,
2447 3677 2507 3731 in
2563 3676 2996 3732 accusationem
3053 3691 3228 3731 vocas
3262 3693 3276 3743 ;
3310 3678 3376 3730 ut
3429 3676 3811 3747 respondeas,

2154 3767 2448 3838 quomodo
2505 3782 2706 3821 eorum
2765 3763 3132 3837 praefationes
3197 3763 3480 3820 librorum
3558 3764 3813 3832 nescias,

2155 3871 2302 3926 quos
2335 3870 2577 3910 accusas
2611 3870 2623 3908 :
2659 3870 2785 3924 quae
2817 3853 3072 3924 quodam
3121 3851 3416 3919 vaticinio,
3473 3851 3679 3907 futuras
3711 3868 3814 3907 ca-

2152 3943 2393 3999 lumniae
2454 3943 2928 4014 responderunt,
2995 3939 3311 4012 implentes
3377 3939 3813 4013 proverbium:

2156 4055 2183 4081 ‹‹
2218 4032 2388 4088 Prius
2411 4032 2761 4098 antidotum,
2795 4047 2970 4102 quam
3001 4047 3312 4086 venenum.
3349 4052 3376 4080 ››
3440 4029 3588 4096 Quid
3651 4033 3828 4085 nocet

2156 4120 2430 4176 Ecclesiis
2458 4123 2660 4175 nostra
2705 4119 3062 4176 translatio?
3090 4119 3335 4192 Magnis,
3369 4122 3434 4174 ut
3477 4117 3618 4186 scio,
3648 4135 3828 4173 sum-

2151 4207 2348 4280 ptibus
2381 4206 2678 4263 redemisti
2733 4205 2979 4278 Aquilae,
3009 4212 3068 4263 et
3096 4207 3453 4280 Symmachi,
3513 4211 3570 4263 et
3614 4206 3823 4262 Thaso-

2154 4295 2429 4364 dotionis,
2491 4295 2824 4367 quintasque
2882 4300 2940 4352 et
2996 4301 3156 4352 sexte
3214 4295 3491 4352 editionis
3535 4295 3824 4353 Judaicos

2154 4383 2559 4440 translatores.
2590 4384 2867 4456 Origenes
2893 4389 3057 4453 tuus,
3090 4390 3147 4440 et
3196 4384 3290 4456 (ne
3347 4385 3494 4440 forte
3549 4384 3822 4455 queraris

2156 4474 2406 4546 figurata
2437 4478 2493 4529 te
2523 4473 2696 4529 laude
2727 4476 3095 4545 percussum)
3125 4473 3404 4546 Origenes
3461 4477 3660 4529 noster
3690 4473 3827 4544 (no-

2157 4567 2349 4618 strum
2430 4579 2572 4618 voco
2665 4564 2736 4618 ob
2819 4563 3210 4618 eruditionem
3266 4561 3687 4635 ingenii,'non
3749 4563 3826 4618 ob

2157 4651 2502 4723 dogmatum
2559 4651 2911 4723 veritatem)
2989 4651 3048 4706 in
3123 4650 3400 4707 omnibus
3467 4649 3635 4706 libris
3693 4649 3832 4706 suis

2157 4744 2288 4812 post
2353 4739 2739 4812 Septuaginta
2803 4741 3183 4813 interpretes,
3236 4739 3570 4796 Judaeorum
3624 4743 3822 4795 trans-

2155 4827 2405 4885 lationes
2469 4829 2742 4902 explanat
2806 4835 2865 4885 et
2927 4828 3222 4886 edisserit.
3293 4828 3584 4886 Eusebius
3669 4845 3822 4902 quo-

2158 5009 2456 5082 aliquibus
2483 5009 2674 5082 visum
2699 5007 3009 5082 est,lt__ufini
3041 5007 3407 5082 argumentis
3436 5006 3820 5082 constrictus,

2158 5078 2285 5153 qua:
2319 5081 2612 5153 habentur
2641 5079 2794 5133 infra
2823 5078 2923 5133 lib.
2961 5096 3023 5133 ιι.
3087 5078 3669 5153 Invectii’arum,__bic
3721 5080 3823 5153 de-

2158 5148 2322 5208 mum
2356 5151 2716 5223 palinodiam
2740 5154 3004 5223 recantat
3027 5167 3046 5223 ;ﬁ
3074 5156 3174 5206 aut
3196 5151 3348 5223 inea
3367 5150 3480 5206 fuit
3501 5148 3826 5223 aliquando

2157 5220 2446 5295 sententia
2476 5226 2541 5277 ut
2579 5225 2780 5295 contra
2837 5220 3099 5295 Ecclesia
3148 5222 3442 5295 judicium
3499 5220 3706 5295 hasce
3735 5222 3829 5278 fa-

2160 5294 2472 5366 bulas_(sic
2518 5293 2674 5366 enim
2716 5296 2772 5347 et
2828 5292 3168 5348 verissimae
3205 5293 3463 5366 historia:
3521 5293 3830 5366 interdum

2159 5363 2548 5438 appellantur)
2581 5363 2703 5434 ipse
2731 5369 2999 5438 argueret
3027 5364 3635 5438 suppositionis.Vide
3664 5365 3834 5422 Afri-

2159 5435 2288 5509 cani
2341 5435 2650 5509 epistolam
2692 5435 2764 5509 ad
2809 5435 3161 5509 ’Qrigenem'
3188 5437 3258 5492 de
3299 5436 3407 5492 hoc
3446 5441 3824 5509 argumento,

2161 5505 2466 5580 ipsiusque
2497 5505 2764 5581 Origenis
2785 5506 2855 5561 ad
2886 5505 3224 5563 Africanum
3247 5505 3659 5581 respo_nsum,e
3692 5505 3838 5581 qui?

2161 5577 2272 5636 bus
2305 5577 2418 5636 non
2448 5577 2640 5652 pauca
2667 5577 3057 5652 Hieronymus
3087 5583 3260 5638 antea
3291 5577 3672 5637 delibaverat.
