4110 6162
202 186 305 273 477

1370 183 1690 251 CONTRA
1732 184 2106 252 RUFINUM-
2138 184 2289 250 LIB.
2333 182 2448 252 lli:

3493 188 3615 273 4.7.8

201 339 303 397 que
329 326 389 380 et
418 320 714 397 Didymus
744 321 900 379 idem
930 319 1174 378 faciunt.
1233 320 1621 377 Praetermitto
1678 322 1852 394 Apol-
1884 324 1939 391 Α
1969 322 2186 388 Graeco,
2220 323 2374 395 quod
2408 323 2563 394 apud
2597 323 2866 379 Hebraeos
2895 316 3237 381 didicerant.
3270 320 3430 382 Sicut
3476 343 3612 401 ergo

192 412 495 480 linarium,
536 413 640 484 qui
664 414 817 467 bono
848 411 1082 483 quidem
1117 410 1333 476 studio,
1368 411 1467 465 sed
1502 428 1616 465 non
1650 428 1857 466 secun-

188 503 329 558 dum
392 501 738 566 scientiam,
797 502 870 556 de
928 498 1195 554 omnium
1255 499 1738 555 translationibus
1798 500 1856 555 in

187 609 374 648 unum
407 592 840 647 vestimentum
876 606 1102 660 pannos
1135 604 1375 643 assuere
1435 593 1681 644 conatus
1747 595 1855 657 est,

192 687 252 738 et
286 679 776 752 consequentiam
810 679 1147 750 Scriptura,
1182 694 1297 732 non
1328 694 1395 732 ex
1450 677 1654 750 regula
1708 679 1855 735 veri-

190 771 366 837 tatis,
427 770 530 826 sed
590 785 653 825 ex
709 784 820 824 suo
876 767 1105 838 judicio
1164 770 1393 821 texere:
1455 766 1700 839 apostoli
1745 768 1852 826 viri

197 858 524 931 Scripturis
556 862 804 912 utuntur
834 855 1167 912 Hebraicis:
1230 855 1392 926 ipsos
1450 856 1745 928 apostolos
1801 860 1859 911 et

206 945 589 1018 evangelistas
617 945 727 1000 hoc
762 945 971 1000 fecisse
1002 945 1379 1016 perspicuum
1412 949 1520 999 est.
1574 944 1857 1000 Dominus

204 1043 376 1107 atque
406 1034 673 1090 Salvator
703 1033 1041 1104 ubicunque
1072 1033 1284 1088 veteris
1313 1033 1625 1104 Scripturie
1656 1034 1857 1088 memi-

197 1126 301 1190 nit,
332 1124 407 1178 de
440 1121 746 1177 Hebraicis
777 1120 1179 1192 voluminibus
1238 1121 1405 1192 ponit
1444 1122 1732 1194 exempla,
1793 1126 1859 1176 ut

190 1219 279 1269 est
338 1211 531 1267 illud:
593 1209 761 1274 «Qui
823 1209 1116 1288 credit.in
1177 1226 1291 1274 me,
1351 1210 1505 1264 sicut
1553 1210 1857 1281 Scriptura

188 1302 369 1357 dicit:
406 1298 684 1355 Flumina
712 1299 785 1353 de
817 1301 1014 1353 ventre
1068 1298 1196 1368 ejus
1252 1298 1433 1353 ﬂuent
1491 1315 1655 1369 aquae
1712 1298 1851 1353 vivae

188 1393 369 1461 (Joan.
406 1406 509 1456 v11,
535 1389 652 1459 38).
682 1409 710 1437 »
726 1388 796 1442 Et
824 1386 884 1441 in
915 1387 1044 1457 ipsa
1067 1402 1257 1449 cruce,
1280 1404 1394 1455 ELI,
1426 1404 1538 1452 ELI,
1558 1404 1708 1442 LEMA
1724 1406 1855 1442 ΑΖΔ-

190 1496 466 1545 BA’IHANI,
498 1477 658 1548 quod
690 1476 1148 1547 interpretatur:
1178 1497 1205 1524 «
1241 1475 1396 1530 Deus
1452 1491 1640 1543 meus,
1703 1476 1855 1531 Deus

189 1585 381 1635 meus,
418 1582 607 1637 quare
641 1582 735 1620 me
770 1563 1183 1635 dereliquisti?
1216 1585 1243 1612 ››
1283 1581 1393 1618 non
1429 1570 1494 1617 ut
1524 1582 1557 1619 a
1606 1566 1857 1637 Septua-

190 1656 355 1730 ginta
386 1654 652 1727 positum
685 1657 774 1708 est
802 1670 814 1708 :
849 1676 876 1701 ‹‹
910 1653 1084 1719 Deus,
1118 1652 1272 1707 Deus
1305 1669 1492 1720 meus,
1526 1652 1748 1725 respice
1796 1655 1853 1709 in

1970 426 2075 483 ego
2107 413 2351 468 ostendo
2386 412 2571 467 multa
2608 414 2667 468 in
2699 413 2854 467 Novo
2895 413 3266 470 Testamento
3324 415 3515 486 posita
3545 418 3615 473 de

1969 501 2262 556 veteribus
2296 501 2626 573 libris,quas
2659 502 2717 556 in
2741 501 3127 574 Septuaginta
3153 520 3267 557 non
3300 504 3613 570 habentur,

1970 594 2027 645 et
2079 590 2201 645 haec
2250 591 2466 663 scripta
2514 592 2571 645 in
2622 591 2902 646 Hebraico
2947 592 3145 657 doceo,
3183 591 3268 647 sic
3316 600 3619 651 accusator

1972 681 2262 749 ostendat,
2308 679 2533 752 aliquid
2599 680 2885 752 scriptum
2931 697 3060 736 esse
3110 681 3167 734 in
3216 681 3371 735 Novo
3418 684 3616 739 Testa-

1970 773 2165 823 mento
2215 769 2285 823 de
2310 771 2688 841 Septuaginta
2746 769 3184 841 interpretibus,
3219 770 3373 840 quod
3417 770 3475 825 in
3508 775 3617 826 He-

1968 857 2163 913 braico
2196 874 2309 913 non
2338 857 2646 924 habeatur,
2678 861 2736 912 et
2765 859 2930 913 ﬁnita
2968 858 3261 913 contentio
3293 864 3400 913 est.

2040 947 2126 1000 35.
2163 948 2351 1017 Operis
2380 947 2677 1002 conclusio.
2711 978 2777 987 —
2808 948 2888 1001 Ex
2920 946 3135 1018 quibus
3179 948 3455 1003 omnibus
3516 964 3622 1019 ap-

1970 1035 2272 1106 probatur,
2305 1039 2362 1089 et
2410 1034 2793 1105 Septuaginta
2836 1035 3221 1105 interpretum
3276 1036 3619 1104 editionem,

1968 1139 2093 1194 quae
2125 1122 2440 1195 legentium
2472 1126 2755 1178 vetustate
2804 1123 3037 1177 ﬁrmata
3080 1127 3189 1188 est,
3224 1124 3430 1178 utilem
3468 1125 3621 1181 530

1968 1228 2096 1266 esse
2128 1211 2418 1277 Ecclesiis,
2448 1212 2589 1265 dum
2622 1215 2753 1266 ante
2784 1216 2989 1282 gentes
3040 1210 3289 1267 audiunt
3320 1212 3620 1267 Christum

1967 1304 2279 1355 venturum
2310 1316 2438 1355 esse
2472 1316 2650 1369 quam
2682 1300 2973 1367 veniat;et
3003 1304 3239 1355 caeteros
3271 1300 3620 1373 interpretes

1970 1406 2083 1443 non
2118 1389 2534 1460 reprobandos,
2564 1388 2702 1459 quia
2732 1406 2847 1443 non
2892 1404 3018 1454 sua,
3054 1389 3155 1443 sed
3206 1388 3401 1443 divina
3442 1389 3614 1457 volu-_

1969 1478 2131 1533 mina
2159 1477 2607 1543 transtulerunt,
2624 1481 2682 1532 et
2712 1476 3060 1532 familiarem
3094 1493 3287 1533 meum
3312 1478 3369 1532 id
3403 1496 3436 1533 a
3456 1478 3619 1534 Chri-

1970 1566 2160 1622 stiano
2200 1571 2256 1621 et
2300 1567 2488 1621 amico
2537 1566 2747 1620 debere
2810 1566 3129 1637 suscipere,
3179 1567 3331 1637 quod
3401 1582 3615 1639 magno

1969 1660 2207 1727 sumptu
2241 1655 2351 1710 sibi
2374 1672 2406 1709 a
2434 1655 2653 1710 Judaeis
2686 1654 3017 1711 describere
3047 1655 3361 1710 festinavit.
3381 1655 3622 1710 Excessi

191 1761 307 1811 me,
366 1759 557 1815 quare
623 1758 717 1797 me
777 1740 1136 1812 dereliquisti
1192 1742 1363 1807 (Psal.
1422 1758 1538 1808 xxr,
1577 1742 1672 1810 1)?
1728 1763 1755 1792 ››
1800 1747 1857 1797 et
1888 1740 1932 1762 ”
1964 1743 2221 1816 epistolae
2253 1744 2590 1809 modum,et
2621 1742 2722 1814 qui
2754 1747 2957 1797 contra
2987 1743 3270 1798 nefariam
3302 1743 3573 1799 heresim
3596 1746 3615 1778 ι

191 1834 379 1888 multa
409 1831 506 1886 his
542 1829 779 1885 similia.
812 1829 927 1883 Nec
958 1829 1067 1884 hoc
1098 1828 1350 1884 dicimus
1401 1831 1554 1900 quod
1611 1831 1855 1902 Septua-

190 1922 360 1995 ginta
388 1921 740 1990 interpretes
772 1915 1192 1989 suggillemus,
1224 1918 1323 1972 sed
1356 1918 1509 1989 quod
1570 1919 1859 1990 apostolo-

194 2026 336 2065 rum
366 2012 427 2062 et
457 2005 664 2062 Christi
694 2006 885 2076 major
907 2005 985 2060 sit
1028 2006 1366 2070 auctoritas,
1408 2006 1559 2062 529
1617 2011 1675 2062 et
1729 2008 1859 2061 ubi-

194 2114 441 2169 cunque
472 2095 852 2167 Septuaginta
890 2094 961 2148 ab
1019 2093 1257 2148 Hebraeo
1317 2111 1431 2149 non
1493 2095 1857 2163 discordant,

193 2187 274 2241 ibi
308 2183 609 2257 apostolos
668 2184 735 2239 de
792 2182 1269 2253 interpretatione
1329 2200 1531 2238 eorum
1593 2186 1861 2257 exempla

193 2274 571 2347 sumpsisse;
615 2273 717 2327 ubi
754 2288 886 2327 vero
938 2272 1292 2344 discrepant,
1354 2272 1409 2327 id
1472 2273 1740 2343 posuisse
1800 2276 1859 2330 in

1959 1833 2086 1904 jam
2119 1831 2338 1905 stylum
2371 1833 2752 1902 ﬁxeram,pro
2778 1847 2869 1885 me
2900 1831 3250 1903 respondere
3280 1831 3625 1903 compulsus

1969 1937 2125 1986 sum,
2157 1924 2501 1992 exspectans
2532 1920 2644 1973 tria
2687 1919 2859 1973 amici
2892 1917 3211 1988 volumina,
3244 1923 3301 1975 et
3354 1920 3426 1974 ad
3485 1936 3623 1975 con-

1968 2009 2184 2083 geriem
2216 2009 2529 2064 criminum
2564 2009 2692 2078 ejus
2723 2012 2845 2062 tota
2876 2012 3069 2063 mente
3103 2025 3467 2079 suspensus:
3504 2008 3619 2064 nisi

1969 2099 2122 2170 quod
2154 2098 2336 2154 levius
2369 2103 2475 2164 est,
2493 2097 2824 2168 professum
2859 2096 3166 2151 inimicum
3198 2112 3420 2163 cavere,
3441 2113 3617 2168 quam

1973 2188 2200 2243 hostem
2231 2186 2507 2242 latentem
2539 2187 2647 2241 sub
2674 2184 2847 2239 amici
2880 2185 3116 2239 nomine
3147 2186 3457 2242 sustinere.

262 2400 276 2431 ¹
311 2397 463 2470 Puta
494 2392 950 2470 Origenianam;
985 2397 1434 2470 quemcontra,
1484 2412 1599 2452 non
1658 2413 1875 2468 paucas
1913 2396 2208 2470 epistolas,
2242 2396 2361 2452 sive
2410 2393 2661 2463 libellos,
2694 2410 2797 2466 per
2842 2392 2901 2449 id
2949 2394 3229 2466 temporis
3278 2394 3615 2467 scripserat,

198 2473 251 2525 et
280 2468 488 2541 plures
526 2464 749 2522 in'dies
780 2465 992 2520 cudere
1012 2464 1440 2521 meditabatur.

1428 2762 1757 2850 LIBER
1842 2764 2330 2852 TERTIUS
2362 2756 2416 2846 ¹.

1874 2957 1975 2997 νει,

625 3087 931 3149 ULTlMA
978 3087 1413 3150 RESPONSIO
1460 3092 1527 3151 S.
1574 3092 2018 3153 HIERONYMI
2067 3093 2485 3155 ADVERSUS
2533 3090 2858 3153 SCRIPTA
2913 3091 3207 3152 RUFlNl.

277 3356 427 3412 581
476 3354 528 3411 4.
565 3356 815 3425 Acceptis
845 3356 913 3409 ab
946 3356 1060 3425 ipso
1106 3356 1299 3421 Ruﬁno
1322 3356 1479 3411 libris
1534 3358 1858 3426 Invectivar,
1892 3362 1935 3429 Ο
1972 3358 2244 3415 laudibus
2274 3357 2430 3414 tuis?
2461 3358 2673 3412 Eadem
2714 3357 2930 3429 quippe
2960 3360 3015 3412 et
3046 3356 3325 3429 praedicas
3356 3363 3412 3411 et
3441 3373 3623 3412 accud

207 3442 518 3514 respondet.
548 3471 618 3485 -
646 3442 838 3498 Lectis
867 3442 1079 3498 litteris
1111 3445 1432 3515 prudentiae
1478 3450 1610 3513 tute,
1644 3447 1862 3518 quibus
1976 3465 2092 3515 sas,
2126 3453 2182 3503 et
2227 3450 2296 3503 de
2341 3464 2457 3502 uno
2507 3446 2665 3501 fonte
2706 3445 2877 3501 dulce
2922 3462 3307 3517 amarumque
3338 3446 3621 3519 procedit.

210 3532 281 3586 in
298 3546 396 3585 me
411 3530 716 3595 inveharis,
735 3537 787 3586 et
807 3531 1115 3587 laudatum
1139 3535 1438 3605 quondam
1470 3538 1662 3602 tuum,
1687 3553 1863 3607 quem
1974 3537 2137 3591 Unde
2168 3537 2407 3591 obsecro
2436 3534 3018 3603 te,utverecundiam
3044 3538 3100 3589 et
3121 3535 3426 3605 pudorem,
3446 3550 3622 3605 quem

1974 3645 2008 3681 a
2033 3642 2125 3679 me
2154 3625 2359 3697 exigis,
2393 3623 2550 3695 prior
2574 3622 2885 3689 exhibeas;
2911 3628 2968 3676 et
2997 3622 3095 3692 qui
3136 3622 3427 3676 mendacii
3479 3622 3623 3677 alte-

1976 3732 2107 3770 rum
2166 3713 2521 3775 criminaris,
2554 3711 2787 3766 desinas
2843 3709 2968 3781 ipse
3026 3710 3282 3768 mentiri.
3317 3711 3433 3783 Ego
3473 3709 3621 3764 nulli

1975 3802 2318 3859 scandalum
2368 3800 2536 3864 facio,
2568 3815 2675 3855 nec
2725 3803 3027 3854 accusator
3069 3798 3302 3853 interim
3346 3798 3429 3853 tui
3465 3816 3621 3855 sum.

1974 3893 2097 3947 Non
2130 3889 2346 3947 etenim
2376 3888 2703 3953 considero,
2737 3887 2875 3958 quid
2908 3891 2971 3943 tu
3007 3887 3305 3953 merearis,
3338 3887 3439 3944 sed
3481 3888 3622 3960 quid

1976 3998 2069 4035 me
2100 3980 2332 4046 deceat;
2366 3981 2423 4032 et
2452 3975 2765 4031 Salvatoris
2803 3976 3097 4047 eloquium
3131 3977 3477 4048 pertimesco
3536 3977 3626 4032 dic

216 3634 428 3675 verum
459 3616 729 3691 collegam
760 3619 1101 3692 loquebaris
1132 3626 1188 3676 et
1218 3622 1481 3685 fratrem,
1516 3641 1674 3678 nunc
1696 3623 1864 3680 libris

209 3708 287 3763 ad
321 3707 789 3780 respendendum
820 3725 1121 3781 provocas,
1154 3715 1455 3782 terrasque
1492 3712 1864 3779 criminibus,

204 3796 470 3853 intellexi
497 3795 643 3851 illud
660 3796 991 3853 Salomonis
1011 3796 1072 3853 in
1094 3803 1149 3853 te
1170 3816 1298 3855 esse
1320 3799 1674 3872 completum
1700 3819 1712 3856 :
1749 3825 1777 3851 «
1801 3803 1865 3858 In

202 3902 304 3942 ore
332 3885 499 3941 stulti
537 3886 783 3941 baculus
813 3886 1183 3943 contumelias
1212 3890 1395 3958 (Prov.
1428 3906 1542 3957 xw,
1578 3890 1654 3962 3).
1691 3913 1717 3937 »
1775 3892 1863 3958 Et,

206 3998 234 4026 ι(
276 3976 405 4031 Non
462 3974 674 4047 recipit
733 3975 932 4032 fatuus
980 3977 1157 4032 verba
1213 3978 1571 4049 prudentiae:
1630 3979 1745 4035 nisi
1799 3997 1867 4036 ea

1975 4068 2160 4124 contis
2210 4086 2223 4123 :
2274 4065 2439 4130 «Qui
2496 4064 2974 4120 scandalizaverit
3029 4082 3214 4119 unum
3272 4066 3343 4120 de
3394 4064 3625 4135 pusillis

1973 4158 2125 4225 istis,
2159 4157 2259 4229 qui
2292 4156 2351 4210 in
2389 4170 2482 4208 me
2512 4153 2777 4217 credunt,
2812 4153 3071 4224 ’expedit
3108 4152 3181 4217 ei,
3207 4157 3271 4206 ut
3301 4153 3623 4224 suspenda-

1973 4252 2071 4302 tur
2103 4244 2258 4301 mola
2314 4242 2571 4299 asinaria
2619 4241 2679 4295 in
2712 4240 2858 4297 collo
2890 4242 3041 4313 ejus,
3074 4246 3132 4295 et
3160 4241 3533 4312 demergatur
3562 4241 3623 4296 ir.

1974 4335 2331 4410 profundum
2391 4331 2572 4387 maris
2631 4331 2851 4403 (Matth.
2908 4347 3070 4396 xvm,
3127 4330 3203 4397 6).
3256 4351 3283 4379 ››
3344 4328 3622 4397 Et,«Vte

1976 4426 2194 4481 mundo
2226 4425 2298 4479 ab
2326 4419 2642 4478 scandalis.
2672 4421 2916 4476 Necesse
2958 4424 3047 4474 est
3091 4418 3247 4474 enim
3299 4422 3362 4472 ut
3389 4417 3626 4473 veniant

196 4064 441 4133 dixeris,
473 4080 605 4136 quas
635 4068 946 4120 versantur
976 4065 1035 4120 in
1066 4066 1238 4121 corde
1280 4068 1407 4137 ejus
1468 4069 1646 4138 (Prov.
1700 4086 1863 4133 xvm,

194 4154 273 4223 2).
310 4174 335 4201 ι
370 4153 445 4208 Et
477 4152 702 4208 Isaias:
737 4175 766 4201 «
799 4153 1043 4217 Fatuus,
1091 4154 1303 4226 inquit,
1350 4156 1513 4212 fatua
1569 4156 1862 4226 loquetur,

194 4244 251 4297 et
278 4257 383 4296 cor
410 4242 546 4311 ejus
573 4256 728 4295 vana
757 4241 1075 4312 intelliget:
1115 4248 1179 4297 ut
1210 4243 1501 4315 compleat
1523 4244 1864 4316 iniquitates

194 4332 252 4384 et
277 4329 568 4401 loquatur
598 4333 806 4385 contra
836 4330 1019 4385 Deum
1067 4332 1440 4388 mendacium
1500 4336 1626 4404 (Isa.
1682 4352 1861 4402 xxxu,

191 4417 269 4487 6).
305 4442 337 4467 ιδ
369 4416 523 4482 Quid
549 4417 709 4473 enim
740 4435 978 4475 necesse
1006 4419 1116 4476 fuit
1145 4420 1534 4477 accusationis
1564 4424 1865 4480 volumina

192 4507 455 4574 mittere,
488 4512 550 4563 et
575 4507 892 4565 maledicta
922 4510 1177 4580 proferre
1221 4509 1278 4565 in
1339 4511 1631 4580 medium;
1692 4512 1741 4568 si
1799 4519 1863 4569 tu
1973 4512 2295 4570 scandala:
2331 4510 2433 4565 sed
2483 4527 2563 4564 vsa
2620 4508 2843 4564 homini
2900 4522 3003 4580 per
3057 4523 3232 4578 quem
3277 4505 3624 4563 scandalum

187 4596 249 4653 in
279 4596 502 4654 ultima
530 4600 699 4668 parte
743 4597 1024 4670 epistolae,
1078 4599 1425 4655 denuntiata
1448 4601 1470 4635 ³
1527 4590 1712 4658 morte
1770 4620 1862 4659 me
1970 4600 2129 4656 venit
2160 4600 2321 4667 (Ibid.
2352 4600 2428 4667 7).
2468 4621 2495 4646 ››
2528 4598 2797 4652 Poteram
2827 4600 2883 4652 et
2913 4612 3019 4668 ego
3048 4594 3107 4651 in
3137 4600 3193 4651 te
3224 4594 3374 4651 falsa
3411 4611 3621 4666 conge-

187 4685 485 4757 deterres,
543 4702 616 4740 ne
668 4687 917 4742 audeam
996 4688 1346 4760 respondere
1404 4689 1687 4745 criminus
1740 4691 1858 4747 imo
1893 4730 1939 4795 Β
1972 4706 2119 4757 rere,
2152 4694 2210 4743 et
2268 4686 2459 4742 dicere
2508 4702 2622 4754 me,
2654 4685 2741 4741 vel
2792 4686 3052 4753 audisse,
3082 4685 3169 4740 vel
3222 4684 3456 4747 vidisse,
3496 4698 3622 4753 quae

264 4847 284 4879 ¹
307 4842 785 4921 _Edd._Martian.
820 4851 877 4902 et
906 4846 1152 4902 Vallars.
1187 4846 1280 4902 hic
1312 4846 1531 4921 habent
1578 4849 1816 4905 titulum
1845 4868 1857 4906 :
1970 4849 2211 4921 Epistola
2250 4847 2569 4921 Hieronymi
2624 4844 2887 4921 gdversus
2944 4844 3211 4921 Ruﬁnum
3240 4842 3623 4921 presbyterum

189 4917 406 4988 Incipit
440 4917 639 4972 ultima
670 4920 948 4989 responsio
980 4920 1193 4974 Hieron
1236 4920 1320 4973 mi
1344 4920 1651 4991 presbyteri
1671 4922 1861 4976 adver-
1970 4914 2022 4977 A'
2052 4922 2411 4983 uileiensem;
2441 4914 2555 4984 vel,
2616 4917 2976 4985 Hieronymus
3030 4916 3100 4968 ad
3148 4916 3387 4969 Aletium
3432 4914 3627 4968 scribit

189 5004 284 5041 sus
323 4990 541 5044 scripta
575 4990 763 5044 Ruﬁni
817 4991 1137 5044 presbyteri.
1197 4936 1354 5044 ἕξοιτ.
1417 5020 1485 5029 --
1544 4993 1865 5044 Hieromlmi
1969 4938 2227 5044 agversus
2258 4990 2642 5044 Ruﬁnum.Ex
2674 4986 2765 5041 his
2823 4986 3099 5040 omnibus
3125 5001 3326 5039 verum
3381 4984 3621 5039 titulum

189 4938 403 4988 ιπι-ιριι
440 4938 639 4972 ιιιιιγηα
670 4938 948 4989 responsio
980 4938 1193 4974 meron
1236 4938 1317 4973 mi
1344 4938 1861 4991 presbyteriaaver-
1970 4938 2006 4977 Λ
2052 4938 2555 4984 uuezensem;ve1,
2616 4938 2976 4985 Hieronymus
3030 4938 3100 4968 αα
3148 4938 3387 4969 menum
3432 4938 3621 4968 scrwu

185 5004 284 5041 sus
323 4990 541 5062 scripta
575 4990 763 5059 Ruﬁni
811 4991 1151 5062 presbyteri.
1197 4938 1354 5045 ἕέοιτ.
1417 5020 1485 5029 --
1544 4993 1865 5062 Hieronymi
1969 4938 2227 5047 agversus
2258 4990 2537 5062 Ruﬁnum.
2567 4991 2642 5041 Ex
2674 4986 2765 5062 his
2823 4986 3326 5062 omnibusverum
3381 4984 3621 5062 titulum

183 5057 533 5135 presbyteri.
563 5063 631 5135 in
659 5057 823 5135 mss;
842 5057 1273 5135 exemplaribus
1322 5062 1686 5135 SIMAudoeni
1749 5057 1861 5118 'Ro-
1971 5064 2163 5135 operis
2211 5057 2826 5135 separavimus,_l‘alsa
2866 5057 3148 5135 debilem
3197 5060 3619 5135 amputantes:

184 5126 610 5207 thomagensis
637 5147 651 5185 :
683 5134 881 5203 Incipit
908 5126 1165 5207 ndiiersifs
1192 5150 1299 5207 eos
1326 5132 1567 5207 (libros)
1587 5143 1728 5207 post
1784 5136 1865 5189 le-
1971 5126 2381 5207 argumentum
2411 5134 2627 5207 ‘autem
2656 5128 2909 5207 Erasmi_
2942 5128 3230 5207 integrum
3271 5126 3627 5207 relinquere

183 5198 441 5257 ctione-1n
471 5203 675 5257 ultima
702 5198 999 5275 responsio.
1022 5206 1081 5258 ln
1100 5198 1432 5260 Corbeiensi
1468 5198 1666 5259 codice
1692 5224 1704 5261 :
1739 5208 1863 5261 Hie—
1970 5198 2159 5262 visum
2190 5212 2297 5271 est,
2325 5202 2464 5274 quia
2494 5217 2616 5275 rem
2651 5200 2792 5255 satis
2824 5199 3017 5275 habet_
3038 5198 3406 5275 ekplicatam.
3439 5201 3628 5275 MART.

184 5274 425 5350 ronym‘i
453 5275 1051 5350 presbyteriudnersus
1078 5276 1508 5350 seriptn_Ruﬁni
1558 5278 1866 5350 presbyteri

186 5345 442 5420 parentia
469 5346 690 5416 incipit.
726 5345 1126 5420 Cluniacensis
1153 5345 1209 5403 et
1258 5345 1609 5420 Navarricus
1662 5345 1865 5420 legunt

184 5416 305 5494 ista
328 5421 631 5494 tanquam
655 5417 992 5494 epistolam,
1012 5420 1131 5474 sive
1155 5420 1367 5494 librum
1388 5419 1678 5494 prolixum
1703 5416 1865 5494 s'epa-

182 5491 396 5543 ratum
428 5488 877 5560 superioribus;
904 5496 959 5547 et
980 5490 1127 5547 hanc
1176 5488 1431 5547 retinent
1455 5488 1812 5565 epigrapheh
1846 5510 1859 5548 :

2042 5281 2063 5313 ²
2094 5277 2315 5337 Deleta,
2343 5271 2423 5329 _ut
2478 5273 2728 5337 videtur,
2764 5271 3134 5326 accusatione
3193 5272 3263 5325 ad
3310 5271 3634 5342 magistra-

1972 5356 2120 5404 tum.
2184 5348 2346 5403 Unde
2405 5346 2604 5399 infra:
2642 5367 2670 5393 ‹‹
2702 5344 2910 5398 Terres
2970 5360 3061 5397 me
3120 5342 3331 5415 gladiis
3383 5341 3531 5415 tuis,
3566 5349 3649 5401 et.

1973 5419 2405 5491 accusationem
2442 5433 2558 5491 non
2581 5417 2707 5485 jam
2742 5412 3342 5491 ecclesiasticam,sed
3365 5412 3663 5471 tribuna‘

1970 5492 2116 5548 lium
2143 5487 2552 5545 comminaris.
2595 5509 2622 5535 ››
