4110 6162
453 231 583 318 ὑπ

1701 229 1770 304 Β.
1812 227 2128 304 E‘USEBII
2171 223 2642 298 HIERON‘YMI.

455 374 664 436 nullus
695 374 878 442 notat,
911 374 976 430 ut
1005 371 1160 445 apud
1191 369 1526 446 ignorantes
1564 369 1932 446 impudentia
1959 369 2107 426 veri-
2139 367 2194 435 Α
2222 367 2453 425 vincere
2481 366 2542 422 in
2563 367 2716 424 bono
2739 365 2962 424 malum
2989 381 3003 436 ;
3027 363 3130 424 sed
3149 361 3542 439 quiaminaris
3560 360 3862 420 interitum

461 470 574 538 tas,
608 469 666 522 et
721 464 882 520 furor
935 462 1268 518 constantia
1322 465 1648 533 putaretur.
1701 461 1812 517 Sed
1863 461 2016 516 absit
2045 463 2110 514 ut
2221 455 2333 512 nisi
2363 461 2617 524 tacuero,
2651 456 3000 528 respondere
3029 454 3364 528 compellor,
3412 470 3484 510 ne
3539 451 3742 507 videar

463 537 727 612 imitator
755 551 840 608 tui
899 551 1033 618 sim,
1069 553 1127 605 et
1156 551 1312 622 quod
1351 549 1410 604 in
1459 553 1514 606 te
1572 549 1951 621 reprehendo,
1984 548 2110 621 ipse
2218 547 2398 602 cendo
2431 546 2650 601 crimen
2683 561 3016 618 agnoscere,
3047 549 3104 601 et
3131 544 3434 601 lenitatem
3467 557 3659 598 meam
3703 537 3866 596 male

460 643 694 700 faciam.
731 639 830 696 llle
861 643 1138 711 loquatur
1176 639 1511 710 spurcities,
1545 638 1645 710 qui
1677 642 1867 710 potest
1897 653 2110 710 spurca
2216 634 2586 691 conscientiae
2610 634 2846 707 signum
2873 632 3297 706 interpreteris.

460 731 844 789 committere.
865 726 1098 784 «Malus
1128 726 1302 784 homo
1323 728 1395 784 de
1421 725 1576 783 malo
1605 726 1801 782 cordis
1833 726 2106 782 thesauro

461 820 685 894 profert
715 835 782 874 ea
828 832 955 890 quas
987 815 1141 872 mala
1171 819 1328 872 sunt.
1363 816 1441 871 Ex
1499 815 1858 871 abundantia
1913 815 2107 871 cordis

457 926 523 964 os
574 908 836 981 loquitur
879 905 1086 976 (Matth.
1119 921 1218 972 xu,
1253 905 1342 969 34,
1384 905 1491 971 35;
1522 905 1646 960 Luc.
1679 921 1756 972 v1,
1788 905 1898 976 45).
1937 925 1957 954 ι
1994 903 2104 959 Ha-

457 998 589 1054 beto
624 996 860 1052 interim
893 993 1146 1059 lucrum,
1180 993 1336 1064 quod
1369 993 1593 1049 amicus
1621 993 1917 1065 quondam
1965 997 2104 1048 tuus

455 1101 612 1142 nunc
645 1085 797 1142 582
825 1085 1157 1148 accusatus,
1179 1081 1373 1152 turpia
1400 1081 1505 1136 tibi
1532 1098 1650 1136 non
1681 1080 1805 1136 vult
1833 1080 2100 1150 objicere.

452 1173 522 1230 Et
580 1173 690 1229 hoc
747 1172 896 1239 dico,
930 1187 1046 1227 non
1105 1170 1259 1242 quod
1304 1169 1694 1226 accusationis
1732 1173 1843 1224 tuae
1878 1169 2104 1241 gladios

452 1261 916 1334 pertimescam;
971 1259 1072 1314 sed
1131 1259 1286 1330 quod
1342 1257 1529 1330 magis
1586 1257 1847 1314 accusari
1907 1257 2100 1326 velim,

451 1366 634 1422 quam
693 1363 990 1415 accusare,
1023 1353 1081 1404 et
1139 1347 1258 1420 pati
1318 1346 1619 1418 injuriam,
1660 1361 1836 1416 quam
1896 1347 2099 1417 facere,

454 1439 647 1495 sciens
674 1439 1028 1510 praeceptum
1059 1436 1132 1492 ab
1164 1435 1437 1508 Apostolo
1471 1453 1531 1490 :«
1562 1435 1685 1490 Non
1715 1434 2102 1506 vosmetipsns

455 1527 828 1592 ulciscentes,
855 1523 1210 1592 charissimi,
1243 1524 1343 1579 sed
1376 1523 1509 1578 date
1539 1521 1731 1578 locum
1781 1522 1879 1577 iris
1914 1539 1926 1576 :
1959 1523 2100 1578 scri-

451 1619 620 1688 ptum
671 1617 760 1669 est
787 1612 944 1668 enim
971 1613 1148 1682 (Deut.
1178 1627 1356 1678 xxxn,
1388 1612 1478 1682 35)
1513 1627 1532 1664 :
1574 1611 1715 1666 Mihi
1746 1611 2022 1681 vindicta,
2046 1617 2103 1667 et

452 1719 560 1784 ego
617 1702 959 1768 retribuam,
1003 1699 1658 1802 dicitnDominus..S.ed
1720 1700 1769 1756 si
1827 1700 2180 1802 esurieritB

448 1791 727 1849 inimicus
779 1795 939 1856 tuus,
971 1789 1100 1846 ciba
1136 1788 1307 1845 illum
1336 1806 1348 1844 :
1384 1788 1434 1844 si
1491 1787 1722 1856 sitierit,
1755 1794 1957 1862 potum
2025 1791 2101 1847 da

449 1879 559 1936 illi.
593 1879 710 1936 Hoc
758 1878 914 1934 enim
973 1877 1212 1946 faciens,
1271 1878 1552 1934 carbones
1610 1877 1764 1950 ignis
1822 1894 2101 1952 congeras

452 1984 632 2042 super
687 1971 862 2040 caput
909 1968 1038 2038 ejus
1086 1967 1261 2038 (Rom.
1292 1984 1397 2036 xu,
1451 1966 1536 2034 19,
1579 1967 1692 2039 20).
1730 1989 1757 2015 ››
1789 1968 1895 2034 Qui
1944 1969 2099 2024 enim

453 2058 716 2130 seipsum
762 2055 1035 2123 vindicat,
1064 2055 1346 2111 ultionem
1387 2055 1616 2111 Domini
1668 2072 1783 2111 non
1826 2062 2099 2113 meretur.

523 2148 578 2201 2.
639 2145 880 2217 Apostoti
928 2145 1097 2199 salvis
1152 2145 1416 2199 amicitiis
1462 2143 1851 2200 dissenserunt.
1911 2176 1980 2185 -
2035 2145 2105 2199 Et

453 2239 652 2292 tamen
683 2237 999 2306 antequam
1032 2232 1413 2304 respondeam
1445 2231 1702 2305 cpistola:
1760 2238 1895 2301 tuae,
1928 2249 2102 2305 expo-

451 2321 674 2379 stulare
731 2325 925 2377 tecum
978 2321 1140 2386 libet,
1171 2319 1572 2376 vetustissime
1611 2321 2100 2388 monachorum‘,

449 2411 601 2482 bone
629 2411 950 2483 presbyter,
986 2409 1250 2465 imitator
1278 2408 1518 2476 Christi,
1541 2409 1779 2465 fratrem
1811 2415 1981 2466 tuum
2005 2428 2104 2482 po-

449 2505 540 2556 tes
571 2499 855 2566 occidsre,
887 2515 1062 2570 quem
1095 2498 1143 2554 si
1174 2502 1405 2552 tantum
1435 2497 1647 2564 oderis,
1680 2497 1977 2554 homicida
1997 2499 2104 2554 es?

453 2593 572 2644 Hoc
603 2604 637 2644 a
672 2585 968 2643 Salvatore
1019 2584 1294 2652 didicisti,
1329 2589 1394 2640 ut
1421 2585 1748 2640 verberanti
1782 2586 2100 2656 maxillam,

453 2676 742 2750 prasberes
785 2678 842 2730 et
883 2673 1175 2730 alteram?
1204 2673 1297 2729 Sic
1347 2673 1471 2746 ipse
1520 2675 1821 2746 respondit
1865 2692 2103 2748 percus-

458 2763 576 2821 sori
634 2779 787 2819 suo:
827 2785 846 2811 α
893 2762 950 2818 Si
1001 2761 1154 2817 male
1195 2759 1426 2816 locutus
1483 2777 1638 2830 sum,
1697 2761 2100 2819 testimonium

458 2852 700 2928 perhibe
740 2853 812 2908 de
855 2849 1008 2907 malo
1042 2868 1055 2907 :
1085 2850 1134 2906 si
1184 2850 1348 2917 bene,
1382 2849 1522 2922 quid
1570 2850 1690 2922 me]
1711 2851 1882 2906 caedis
1921 2853 2099 2921 (Joan.

457 2959 618 3010 xvm,
649 2941 791 3010 23)?
825 2961 846 2990 ι
887 2944 1127 2995 Mortem
1185 2938 1449 3007 minaris,
1481 2955 1658 3011 quam
1716 2944 1772 2995 et
1801 2945 2104 3012 serpentes

2285 725 2338 780 3.
2375 725 2642 796 Epistulae
2672 723 2859 794 Ruﬁni
2885 723 3067 778 verba.
3102 753 3170 762 —
3202 721 3318 777 Hoc
3374 725 3466 778 est
3515 736 3725 777 verum
3789 723 3873 779 di-

2217 811 2635 884 lemmajtuum
2662 831 2674 882 ;
2709 828 2825 867 non
2855 828 2925 867 ex
2954 811 3262 867 dialectica
3292 815 3414 866 arte
3446 825 3626 882 quam
3654 812 3867 878 nescis,

2213 904 2315 958 sed
2347 919 2416 958 ex
2445 901 2788 958 carnificum
2806 899 3042 956 ofﬁcina
3060 904 3118 956 et
3147 899 3526 956 meditatione
3548 898 3863 971 prolatum.

2213 991 2275 1046 Si
2306 996 2561 1058 tacuero,
2596 991 2949 1046 criminosus
2981 1006 3116 1045 ero:
3152 990 3200 1045 si
3257 988 3636 1061 respondero,
3686 988 3866 1046 male-

2214 1080 2401 1137 dicus.
2437 1081 2520 1138 Tu
2557 1097 2648 1136 me
2680 1096 2816 1152 ergo
2845 1083 2902 1135 et
2933 1077 3230 1150 prohibes,
3260 1083 3318 1133 et
3347 1077 3506 1150 cogis
3529 1077 3599 1132 ad
3632 1093 3870 1149 respou-

2213 1171 2494 1227 dendum.
2541 1171 2603 1226 In
2665 1185 2778 1241 quo
2853 1172 3170 1240 utrumque
3259 1165 3627 1232 moderabor,
3684 1172 3753 1222 ut
3811 1173 3871 1223 et

2213 1259 2439 1330 objecta
2469 1258 2716 1328 diluam,
2747 1258 2895 1313 etab
2925 1255 3141 1328 injuria
3171 1259 3511 1327 temperem.
3545 1255 3685 1320 Quis
3708 1255 3865 1311 enim

2212 1365 2346 1405 eum
2379 1364 2496 1404 non
2528 1348 2755 1412 timeat,
2789 1345 2889 1418 qui
2921 1349 3009 1401 est
3039 1348 3277 1417 paratus
3299 1341 3868 1416 occidere?Sequar-

2212 1454 2326 1510 que
2349 1437 2594 1510 vestigia
2610 1433 3026 1508 propositionis
3057 1437 3192 1499 tuae,
3222 1449 3461 1489 servans
3491 1436 3698 1488 caetera
3745 1431 3866 1489 illis

2209 1525 2630 1582 eruditissimis
2661 1524 2850 1591 libris,
2885 1525 3033 1579 duos
3065 1527 3383 1594 antequam
3420 1520 3702 1595 legeram,
3735 1538 3875 1578 con-

2210 1615 2410 1672 futavi.
2450 1615 2603 1671 Dicis
2635 1637 2661 1663 «
2699 1618 2754 1669 te
2781 1612 3216 1668 accusationem
3255 1625 3446 1666 meam
3479 1609 3550 1666 ad
3581 1626 3685 1666 eos
3738 1615 3870 1666 tan-

2210 1708 2337 1760 tum
2370 1703 2628 1771 misisse,
2661 1701 2761 1774 qui
2788 1702 2936 1758 meis
2967 1701 3159 1756 verbis
3191 1698 3312 1756 lassi
3344 1699 3596 1766 fuerant,
3629 1704 3687 1756 ct
3744 1716 3868 1756 non

2211 1793 2284 1848 ad
2342 1791 2580 1864 plures:
2643 1791 2783 1863 quia
2831 1806 2947 1846 non
3007 1790 3079 1845 ad
3139 1788 3605 1854 ostentationem,
3639 1789 3745 1844 sed
3788 1789 3868 1844 ad

2209 1880 2653 1937 aadificationem
2710 1879 3061 1936 Christianis
3136 1876 3490 1950 loquendum
3536 1881 3643 1933 est.
3697 1900 3728 1927 ‹‹
3793 1877 3870 1933 Et

2212 1971 2386 2037 unde,
2415 1986 2514 2026 oro
2547 1975 2623 2036 te,
2651 1968 2936 2025 librorum
2967 1973 3206 2024 tuorum
3260 1968 3331 2024 ad
3364 1983 3455 2023 me
3509 1966 3665 2022 fama
3723 1982 3868 2038 per-

2209 2059 2416 2115 venit?
2445 2058 2585 2125 Quis
2635 2074 2735 2115 eos
2769 2058 2988 2128 Romae,
3047 2057 3182 2130 quis
3213 2056 3272 2111 in
3323 2054 3508 2123 Italia,
3569 2055 3706 2127 quis
3763 2071 3870 2127 per

2213 2145 2513 2203 Dalmatiae
2544 2145 2769 2202 insulas
2810 2144 3270 2201 desseminavit?
3292 2143 3352 2199 Si
3380 2144 3438 2198 in
3469 2143 3706 2200 scriniis
3747 2143 3869 2198 tuis

2212 2241 2269 2291 et
2297 2235 2623 2291 amicorum
2641 2239 2875 2290 tuorum
2905 2235 3185 2300 latebant,
3205 2233 3394 2304 adlme
3419 2232 3718 2304 quomodo
3738 2246 3871 2287 mea

2213 2324 2463 2380 crimina
2493 2323 2926 2396 pervenerunt?
2957 2323 3024 2378 Et
3053 2323 3235 2378 audes
3267 2320 3459 2378 dicere
3499 2325 3556 2376 te
3615 2337 3733 2376 non
3794 2321 3868 2376 ad

2213 2413 2687 2483 ostentationem,
2707 2413 2808 2469 sed
2831 2413 2899 2468 ad
2929 2410 3376 2468 adificationem
3398 2410 3567 2482 quasi
3589 2409 3872 2466 Christia-

2215 2519 2357 2558 num
2375 2501 2558 2574 loqui,
2577 2503 2677 2574 qui
2700 2503 2772 2557 de
2793 2516 2930 2557 sene
2947 2516 3123 2556 senex
3142 2504 3308 2556 tanta
3327 2499 3872 2571 confingis,quanta

2213 2608 2330 2647 non
2357 2591 2574 2647 diceret
2603 2591 2672 2646 de
2701 2590 2926 2646 latrone
2956 2588 3271 2657 homicida,
3306 2588 3378 2644 de
3431 2593 3624 2644 scorto
3679 2604 3869 2643 mere-

2214 2681 2348 2747 trix,
2382 2696 2586 2735 scurra
2612 2679 2684 2734 de
2716 2679 2896 2735 mimo
2919 2678 2946 2732 ‘2
2976 2679 3083 2744 Qui
3110 2676 3367 2750 parturis
3427 2676 3571 2732 mihi
3631 2681 3866 2732 montes

2213 2769 2550 2838 criminum,
2575 2773 2632 2824 et
2661 2767 2887 2841 gladios
2917 2784 3065 2839 quos
3096 2767 3318 2839 deligas
3341 2765 3448 2839 [Αι.
3472 2764 3776 2838 designas]
3808 2766 3868 2821 in

2206 2857 2483 2931 jugulum
2515 2873 2714 2914 meum
2768 2861 2930 2914 tanto
2961 2860 3093 2912 ante
3122 2860 3382 2928 tempore
3430 2854 3663 2911 exacuis
3683 2854 3714 2910 ?
3777 2855 3869 2910 ldo

2211 2947 2442 3002 circone
2499 2945 2812 3002 Cereales8
2867 2949 2926 3002 et
2974 2943 3240 3001 anabasii
3295 2944 3381 2999 tui
3441 2959 3542 3015 per
3594 2943 3865 2999 diversas

462 3031 674 3087 inferre
713 3033 978 3102 possunt.
1041 3028 1197 3084 Mors
1245 3027 1510 3083 omnium
1557 3032 1666 3093 est,
1718 3026 2101 3084 homicidium
2140 3101 2170 3108 _
2212 3035 2539 3108 provincias
2562 3039 2969 3102 cucurrerunt,
3002 3038 3066 3090 ut
3113 3033 3318 3090 laudes
3349 3047 3510 3089 meas
3559 3031 3869 3104 legerent?

457 3101 872 3191 pessimorum.
903 3117 1050 3180 Quid
1082 3115 1236 3172 enim
1258 3115 1288 3170 ‘I
1307 3115 1419 3171 nisi
1449 3121 1512 3170 tu
1547 3130 1639 3171 me
1668 3115 1968 3186 occideris,
1991 3133 2099 3188 ego
2131 3101 2176 3168 C
2212 3101 2278 3180 ἶιι
2308 3125 2726 3197 panegyricum
2749 3129 2918 3179 tuum
2951 3101 3054 3196 per
3082 3121 3329 3195 angulos
3373 3126 3431 3178 et
3487 3101 3736 3192 plateas,
3796 3137 3868 3177 ac

452 3205 806 3263 immortalis
834 3220 931 3259 ero
951 3206 978 3258 ‘?
1009 3204 1160 3267 Quin
1207 3202 1402 3274 potius
1432 3203 1616 3258 habeo
1646 3205 1916 3276 gratiam,
1940 3206 2096 3277 quod

451 3293 595 3350 facis
653 3293 723 3348 de
793 3291 1139 3348 necessitate
1194 3291 1490 3346 virtutem.
1525 3291 1727 3348 Nonne
1765 3297 1823 3347 et
1851 3293 2097 3364 apostoli

451 3381 634 3440 salvis
658 3381 813 3437 inter
839 3393 902 3437 se
933 3379 1210 3436 amicitiis
1241 3379 1684 3448 dissenserunt;
1718 3397 1850 3436 cum
1883 3381 2098 3438 Paulus

451 3476 511 3529 et
539 3471 838 3528 Barnabas
883 3473 1120 3542 propter
1167 3469 1477 3534 Joannem,
1511 3475 1894 3542 cognomento
1951 3471 2100 3527 Mar-

451 3576 611 3630 cum,
652 3558 1001 3616 stomachati
1031 3562 1194 3624 sunt,
1223 3562 1281 3614 et
1309 3558 1599 3630 separavit
1652 3575 1750 3614 eos
1784 3559 2095 3631 navigatio,

452 3664 602 3721 quos
631 3647 845 3705 Christi
888 3646 1264 3719 Evangelium
1322 3645 1678 3720 copula-bat?
1709 3647 1910 3703 Nonne
1941 3648 2096 3704 idem

453 3737 670 3795 Paulus
715 3737 774 3792 in
824 3736 1030 3793 faciem
1068 3735 1272 3808 Cophes
1315 3735 1546 3804 restitit,
1579 3737 1734 3808 quod
1777 3753 1892 3792 non
1940 3742 2097 3794 recto

454 3827 598 3899 pede
629 3825 921 3882 incederet
948 3825 1008 3881 in
1042 3825 1390 3898 Evangelia?
1416 3826 1485 3880 Et
1530 3830 1728 3883 tamen
1778 3843 2098 3899 praecesso-

454 3931 578 3972 rem
609 3931 786 3972 suum
817 3919 874 3971 et
903 3914 1239 3971 columnam
1269 3913 1536 3971 Ecclesia:
1566 3919 1751 3985 vocat,
1774 3919 1832 3970 et
1862 3917 2099 3989 exponit

453 4019 588 4060 eum
618 4020 688 4061 eo
715 4005 736 4039 ³
777 4003 1266 4076 praedicationem,
1295 4020 1367 4060 ne
1423 4004 1484 4059 in
1539 4021 1788 4060 vacuum
1819 4012 2096 4073 curreret,

453 4097 558 4150 aut
577 4092 950 4150 oucurrissst.
983 4093 1187 4150 Nonne
1215 4093 1276 4148 in
1323 4092 1599 4166 religione
1647 4093 1824 4149 etiam
1869 4093 2034 4150 liberi
2063 4111 2102 4150 ει

453 4183 820 4256 parentibus,
859 4186 916 4239 et
967 4183 1246 4255 conjuges
1304 4198 1338 4236 a
1384 4181 1611 4238 maritis
1668 4181 1830 4238 salva
1887 4182 2099 4254 pietate

452 4272 854 4329 dissentiunt?
879 4275 1002 4327 Vos:
1025 4271 1077 4327 si
1109 4271 1190 4327 ita
1248 4269 1499 4338 habetis,
1531 4275 1596 4325 ut
1651 4269 1959 4336 habemus,
1995 4286 2102 4324 cur

453 4377 561 4418 nos
606 4360 857 4418 odistis?
888 4361 948 4417 Si
996 4359 1166 4415 aliter
1216 4358 1472 4426 creditis,
1518 4358 1671 4416 588
1723 4357 1865 4430 quid
1921 4358 2099 4415 vultis

2211 3213 2692 3270 muliercularum
2726 3213 3009 3268 textrinas
3032 3211 3386 3268 recitarunt?
3430 3210 3560 3266 Haec
3614 3217 3704 3266 est
3759 3214 3868 3267 tua

2204 3302 2306 3358 illa
2344 3307 2548 3358 sancta
2585 3300 2958 3371 verecundia,
2981 3300 3103 3355 haec
3134 3299 3438 3356 tedificatio
3477 3298 3818 3354 Christiana
3846 3317 3860 3365 ;

2205 3390 2291 3446 sic
2316 3391 2618 3446 modestus
2647 3406 2733 3457 es,
2766 3389 2850 3446 sic
2875 3389 3128 3461 pudens,
3151 3392 3216 3443 ut
3234 3386 3577 3443 catervatim
3607 3387 3678 3442 dc
3695 3386 3866 3442 Occi-

2205 3480 2377 3536 dente
2401 3479 2698 3535 venientes
2730 3477 2874 3533 mihi
2928 3482 3031 3533 tua
3089 3475 3402 3533 maledicta
3457 3475 3865 3532 narraverint:

2206 3569 2288 3624 ita
2317 3568 2656 3624 memoriter
2686 3571 2744 3623 et
2773 3569 3182 3634 consentanea,
3207 3570 3271 3621 ut
3299 3581 3405 3638 ego
3432 3580 3674 3637 cogerer
3701 3565 3860 3622 584

2206 3673 2323 3714 non
2355 3656 2591 3730 scriptis
2623 3655 2761 3724 tuis,
2790 3672 2916 3728 quae
2947 3655 3198 3710 necdum
3228 3653 3505 3726 legeram,
3547 3654 3649 3709 sed
3709 3654 3858 3709 scri-

2206 3751 2441 3819 ptorum
2469 3746 2823 3815 respondere
2865 3743 3264 3817 opinionibus,
3319 3747 3377 3798 et
3430 3741 3687 3798 volantia
3735 3743 3866 3798 toto

2206 3834 2557 3906 orbejacula
2588 3833 2882 3899 falsitatis,
2916 3831 3114 3904 clypeo
3145 3831 3406 3888 veritatis
3437 3830 3714 3902 excipere.

2222 3960 2226 3966 ι
2276 3925 2328 3980 4.
2356 3924 2660 3996 Epiphanii
2678 3923 2966 3994 epistolam
2996 3923 3212 3992 furatus
3241 3928 3322 3976 est
3342 3918 3635 3976 monachus
3665 3917 3870 3987 Ruﬁni

2205 4014 2476 4068 minister.
2511 4042 2576 4053 -—
2598 4011 2876 4082 Sequitur
2908 4011 2966 4066 i-n
2997 4009 3241 4081 epistola
3271 4013 3375 4066 tua
3401 4026 3413 4064 :
3452 4028 3482 4059 ‹‹
3509 4006 3637 4064 Noli
3671 4007 3868 4064 multo

2206 4117 2345 4157 auro
2377 4099 2661 4155 redimere
2692 4099 2986 4154 notarium
3019 4113 3255 4154 meum:
3289 4098 3444 4154 sicut
3473 4096 3647 4153 amici
3676 4096 3763 4152 tui
3787 4097 3869 4154 de

2207 4188 2353 4246 meis
2383 4187 2505 4262 περὶ
2537 4187 2754 4261 Ἀρχῶν
2807 4186 3440 4258 εοὶιθάυΙὶειᾸιιοηίὶυω
3501 4185 3861 4252 emendatis,

2206 4277 2468 4334 nondum
2495 4275 2565 4330 ad
2589 4290 2804 4346 purum
2835 4276 3104 4348 digestis,
3154 4277 3450 4332 fecerunt:
3507 4280 3574 4330 ut
3630 4274 3875 4331 facilius

2205 4364 2415 4423 falsare
2444 4368 2703 4436 possent,
2738 4365 2892 4436 quod
2925 4369 3028 4420 aut
3057 4363 3256 4421 nullus
3295 4364 3557 4433 haberet,
3589 4368 3702 4420 aut
3750 4366 3860 4420 ad-

452 4448 757 4506 occidere?
787 4454 876 4502 An
908 4448 1010 4520 qui
1051 4463 1086 4502 a
1131 4447 1294 4503 vobis
1336 4445 1701 4514 dissenserit,
1743 4447 2099 4504 occidendus
2127 4473 2174 4538 Β
2206 4455 2448 4511 modum
2480 4453 2672 4526 pauci.
2707 4453 2905 4509 Gratia
2935 4471 2969 4510 a
3001 4469 3094 4510 me
3116 4453 3366 4510 missum
3397 4453 3632 4526 suscipe
3687 4454 3859 4509 cadi-

451 4535 586 4593 est?
616 4537 849 4592 Testem
888 4535 1088 4592 invoco
1135 4535 1340 4590 Jesum
1397 4533 1766 4591 conscientia:
1797 4551 1963 4603 mem,
1995 4537 2097 4610 qui
2127 4533 2165 4538 ’
2206 4559 2356 4613 cem,
2392 4558 2567 4615 quem
2619 4559 2800 4599 censu
2831 4557 3046 4615 magno
3075 4558 3320 4615 cuperes
3365 4545 3795 4616 comparatum,
3835 4565 3858 4594 ι.

453 4630 512 4682 et
539 4623 648 4681 has
676 4623 902 4680 litteras
931 4628 989 4679 et
1025 4628 1189 4680 tuam
1234 4622 1546 4696 epistolam
1566 4624 1942 4696 judicaturus
1985 4631 2094 4696 est,

455 4731 550 4773 me
595 4715 669 4772 ad
737 4713 1253 4770 commonitionem
1319 4713 1507 4769 sancti
1563 4731 1724 4787 papa
1777 4715 2098 4773 Chromatii

451 4804 707 4862 voluisse
765 4802 1023 4873 reticere,
1053 4806 1112 4858 et
1178 4802 1355 4859 finem
1405 4803 1590 4860 facere
1619 4803 2011 4874 simultatum,
2043 4810 2100 4862 et

527 4982 950 5040 ‘Vetustissime
1014 4983 1426 5040 monachorum.
1487 4984 1610 5038 Non
1695 4985 2096 5052 venustissime,

455 5053 556 5128 sed
591 5055 954 5128 uetustissima
984 5055 1112 5128 lego
1143 5055 1201 5110 in
1233 5056 1456 5111 cunctis
1489 5054 1904 5128 manuscriptis
1942 5061 2102 5112 :erat

455 5121 747 5193 siquidem
777 5142 911 5195 (non
961 5121 1277 5184 venustus.
1303 5127 1626 5182 monachus
1680 5121 1946 5195 Rufinus,
1999 5129 2100 5184 sed

455 5193 830 5276 vetustusnid
879 5199 987 5261 est,
1021 5214 1054 5251 a
1080 5198 1285 5269 primis
1333 5197 1863 5276 annis._MARTIAN.
2002 5198 2099 5276 _Vi-

455 5266 676 5339 Ctorius
733 5266 978 5322 Attamen
1034 5266 1345 5339 antequam,
1377 5275 1510 5337 etc.,
1543 5274 1666 5325 tum
1724 5270 2103 5327 venustissime

456 5333 848 5461 monac/tegunt
872 5353 974 5409 pro
1016 5333 1415 5402 vetustissime;
1451 5333 1628 5412 quam
1660 5345 1856 5396 tamen
1899 5340 2103 5398 lectio-

459 5421 593 5461 nem
618 5422 718 5461 οπο
765 5424 798 5461 8.
831 5450 842 5461 .

459 5421 842 5478 ῃεῐῃᾼρτορειι.

465 5517 478 5561 ς,
520 5476 819 5561 ’yoculas
847 5495 970 5561 cum
991 5479 1176 5561 eo‘hic
1205 5481 1502 5561 Victorius
1525 5483 1813 5561 _reposui_t
1841 5501 1910 5540 ex
1943 5484 2104 5561 Pauli

460 5549 812 5614 testimonio.
873 5549 1094 5609 Contuli
1145 5568 1270 5608 cum
1344 5554 1457 5611 illis
1516 5549 1902 5626 Evangelium,
1966 5558 2112 5632 quod

2211 4633 2338 4691 Nan
2364 4636 2418 4688 te
2448 4632 2629 4706 pudet
2649 4631 2914 4705 praemii
2935 4631 2998 4686 ιγ
3015 4633 3298 4706 Egcauro
3329 4632 3688 4688 redimerem
3703 4635 3876 4686 nota-

2210 4722 2364 4778 rium
2395 4725 2566 4778 tuum
2589 4720 2618 4775 ?
2647 4721 2716 4777 Et
2746 4721 2880 4794 quis
2911 4720 3049 4777 talis
3076 4738 3140 4777 ac
3172 4723 3373 4778 tantus
3403 4724 3513 4790 est,
3549 4723 3616 4776 ut
3655 4719 3875 4776 audeat

2209 4826 2344 4867 cum
2374 4811 2568 4868 Crceso
2597 4814 2655 4866 et
2686 4809 2858 4866 Dario
2891 4809 3404 4884 pugnarezdivitiis
3425 4810 3453 4864 ?
3482 4813 3548 4866 ut
3601 4808 3874 4866 subitum

2208 4989 2456 5047 Praedico
2491 4991 2549 5043 in
2580 4987 2850 5060 gentibus,
2887 4991 3000 5043 etc.

2281 5062 2303 5096 ³
2334 5057 2897 5132 Deducit'Victorius
2929 5075 3142 5132 nomen
3174 5057 3462 5132 a‘Csreris
3494 5058 3717 5128 fabula,
3743 5076 3875 5132 qua

2211 5137 2438 5205 raptam
2490 5129 3115 5205 Proserpinam‘filiam
3169 5129 3407 5205 ubique,
3470 5132 3648 5188 etiam
3708 5129 3873 5205 apud,

2210 5200 2450 5270 inferos,
2479 5205 2784 5275 persecuta
2812 5200 3042 5258 dicitur.
3090 5200 3420 5275 Anabasios
3451 5207 3673 5270 autem,
3712 5200 3876 5275 quod

2211 5271 2614 5344 curribus—aut
2642 5271 2810 5344 equis
2836 5275 3174 5330 conscensis
3232 5273 3459 5331 veloces
3516 5271 3751 5338 essent:
3805 5275 3880 5330 ab

2213 5339 2468 5418 ἀνᾴϐᾳσις
2499 5339 2911 5412 Graeco-verbo,
2945 5345 3102 5416 quod
3126 5362 3519 5418 censcensum
3543 5345 3872 5418 signiﬁcat.

2283 5417 2303 5497 ξ
2333 5417 2614 5497 Erasmus
2639 5419 2879 5497 parwnii
2903 5417 3184 5488 reposuit,
3206 5418 3360 5490 quod
3387 5417 3870 5497 est,tumulcnta

2213 5485 2689 5614 gghéaechationis
2715 5505 2748 5546 θ
2775 5485 2985 5545 Graeca
3025 5485 3176 5547 voce
3218 5485 3513 5566 σῖταροινίαε
3569 5489 3716 5548 satis
3765 5507 3868 5548 ar-

2216 5574 2352 5631 gute
2367 5598 2381 5614 .
