4094 6166
1423 305 1739 371 CONTRA
1780 300 2141 370 RUFINUM
2187 306 2336 370 LIB.
2382 306 2489 369 ill.

3540 310 3662 379 ιρι

248 439 630 496 Demaratum
664 441 722 493 et
752 434 1031 494 Crassum
1066 452 1182 493 non
1226 437 1649 509 pertimescat?
1704 437 1900 509 Usque
1929 436 1985 504 Α
2014 442 2180 493 erant
2210 438 2526 507 sebedulze,
2550 438 2769 497 ideirco
2796 438 3028 499 facilius
3052 440 3122 497 ab
3152 441 3403 499 Eusebio
3433 442 3652 503 falsam

245 526 473 583 adeone
500 526 818 584 obdurasti
880 526 1129 583 frontem
1186 531 1252 582 ut
1301 527 1673 583 mendacium
1722 543 1905 599 ponas

242 630 414 688 spem
446 619 640 683 tuam,
666 618 722 671 et
751 615 1053 671 existimes
1084 619 1138 671 te
1170 615 1393 688 protegi
1435 632 1605 688 posse
1662 616 1902 672 menda-

244 704 361 770 cio,
388 710 449 761 et
502 704 791 777 quidquid
850 704 1089 761 ﬁnxeris
1132 704 1239 760 tibi
1278 705 1631 761 credendum
1688 706 1906 777 putes?

243 794 396 859 Quis
428 792 724 849 Bethleem
760 794 833 848 de
861 792 1133 849 cubiculo
1166 793 1363 849 fratris
1387 793 1618 850 Eusebii
1674 795 1906 850 furatus

247 888 348 938 est
377 881 685 954 epistolam
715 881 1100 938 laudatricem
1126 886 1290 938 tuam
1319 885 1339 937 Ρ
1368 882 1552 954 Cujus
1576 883 1909 953 artiﬁcio,et

256 990 295 1027 a
326 973 503 1043 cujus
522 971 803 1026 ministris
829 969 888 1025 in
909 975 1124 1027 sanctae
1148 970 1395 1027 Fabiolae
1422 970 1696 1044 hospitio,
1722 976 1779 1027 et
1798 972 1903 1027 viri

259 1060 575 1117 Christiani
598 1064 655 1115 et
685 1059 990 1132 prudentis
1015 1060 1248 1129 Oceani,
1274 1060 1545 1117 inventus
1576 1065 1665 1117 est
1703 1062 1902 1128 codex,

260 1163 433 1220 quem
463 1147 543 1202 illi
568 1164 875 1220 nunquam
904 1147 1218 1204 viderant?
1247 1154 1334 1204 An
1364 1149 1581 1206 idcirco
1621 1155 1678 1206 te
1705 1149 1905 1206 existi-

252 1253 384 1293 mas
398 1236 850 1304 innocentem,si
868 1236 1157 1309 quidquid
1181 1241 1345 1293 tuum
1368 1238 1543 1305 est,in
1556 1237 1700 1293 alios
1718 1238 1907 1294 confe-

248 1326 403 1383 ras?
472 1326 820 1397 Quicunque
849 1330 905 1381 te
945 1325 1274 1394 offenderit,
1328 1326 1596 1399 quamvis
1659 1326 1908 1399 simplex

246 1415 525 1487 quamvis
549 1414 827 1469 innoxius
852 1414 949 1479 sit,
980 1412 1135 1469 illico
1167 1414 1520 1471 criminosus
1542 1414 1641 1471 ﬁet
1661 1416 1687 1470 ?
1726 1415 1907 1472 habes

248 1501 439 1567 enim,
473 1517 577 1574 per
607 1502 765 1573 quod
802 1502 1025 1557 Danaes
1057 1505 1146 1557 est
1194 1502 1347 1559 vicia
1395 1504 1698 1575 pudicitia,
1754 1504 1908 1576 quod

248 1590 412 1647 Giezi
436 1589 705 1662 magistri
739 1587 997 1661 praetulit
1028 1590 1343 1660 sanctitati,
1364 1597 1599 1664 propter
1628 1594 1783 1665 quod
1809 1593 1908 1649 Ju-

253 1681 370 1735 das
401 1677 647 1735 tradidit
671 1678 982 1733 Dominum
1015 1695 1213 1735 suum.

2013 531 2172 581 sunt.
2199 532 2317 583 Aut
2347 545 2452 601 ego
2483 529 2705 585 tardior
2735 546 2892 597 sum,
2926 532 3028 585 aut
3058 528 3201 584 mihi
3225 532 3370 587 satis
3428 532 3659 589 fatuum

2014 620 2071 671 et
2100 617 2378 673 obtusum
2410 618 2654 674 videtur.
2692 618 2753 674 Si
2784 619 3047 675 nondum
3079 619 3423 686 emendatae,
3456 638 3561 677 nec
3591 622 3665 677 ad

2014 720 2229 775 purum
2262 706 2500 777 digestae
2527 712 2695 763 erant
2714 706 3027 774 schedulaa,
3079 723 3242 762 error
3288 723 3489 763 earum
3549 725 3667 767 non

2019 793 2266 849 Eusebio
2290 794 2700 866 imputabitur,
2733 798 2829 851 sed
2856 812 3034 850 morm
3093 799 3150 850 et
3206 795 3467 852 tarditati
3531 800 3668 867 tua,

2018 882 2117 952 qui
2142 884 2453 939 emendare
2485 885 2825 940 cessasti.Et
2856 885 2913 939 in
2944 901 3011 939 eo
3044 883 3166 939 solo
3198 884 3309 939 erit
3334 883 3429 939 ille
3472 882 3673 956 culpa.

2016 970 2173 1038 bilis,
2206 972 2347 1045 quia
2377 972 2593 1044 scripta
2615 976 2716 1027 tua
2744 972 2858 1028 cito
2893 972 3300 1029 disseminavit
3328 972 3387 1027 in
3435 972 3671 1044 vulgus,

2016 1076 2142 1131 quae
2164 1065 2225 1115 tu
2256 1060 2539 1132 paulatim
2585 1061 2896 1117 emendare
2936 1061 3294 1116 decreveras.
3329 1061 3425 1116 Sin
3470 1064 3675 1118 autem

2018 1152 2082 1203 ut
2111 1153 2174 1203 tu
2206 1149 2314 1216 vis,
2374 1165 2473 1204 eas
2523 1149 2753 1205 falsavit
2816 1148 3135 1203 Eusebius:
3186 1147 3327 1219 quid
3383 1148 3669 1215 causaris,

2017 1242 2193 1309 atque
2227 1237 2538 1309 praatendis
2560 1238 3051 1305 inemendatas,et
3076 1237 3330 1292 necdum
3360 1237 3431 1291 ad
3455 1253 3671 1309 purum

2016 1326 2273 1396 digestas
2305 1326 2365 1380 in
2397 1325 2697 1398 publicum
2758 1325 3147 1397 prorupisse?
3203 1325 3272 1379 Et
3347 1326 3675 1382 emendata

2016 1415 2196 1481 enim,
2230 1420 2286 1471 et
2317 1432 2432 1470 non
2462 1416 2785 1471 emendatae
2817 1414 3071 1471 similem
3104 1414 3395 1486 recipiunt
3452 1414 3675 1471 falsita-

2017 1510 2157 1561 tem.
2199 1503 2432 1572 Nullus,
2466 1505 2685 1576 inquis,
2713 1522 2811 1562 eos
2842 1504 3099 1561 habebat
3152 1503 3353 1570 libros,
3413 1508 3515 1560 aut
3570 1506 3675 1562 ad-

2020 1593 2259 1650 modum
2293 1592 2483 1664 pauci.
2519 1593 2582 1648 In
2608 1610 2723 1648 uno
2750 1608 3022 1649 sermone
3054 1597 3278 1663 quanta
3335 1590 3673 1649 diversitas!

2019 1682 2079 1737 Si
2138 1681 2338 1737 nullus
2395 1698 2493 1737 eos
2552 1682 2826 1750 habebat,
2887 1679 3182 1752 quomodo
3242 1680 3401 1751 apud
3460 1696 3679 1752 paucos

325 1770 384 1825 5.
419 1768 537 1824 Non
572 1766 770 1868 probat
826 1770 1228 1824 accusationem
1285 1768 1590 1826 Christiani
1633 1773 1691 1826 in
1750 1770 1908 1827 Chri-
1944 1803 1990 1868 Β
2021 1774 2186 1825 erant
2222 1769 2250 1823 ?
2278 1769 2333 1824 Si
2364 1769 2531 1841 pauci
2564 1770 2881 1833 habebant,
2950 1785 3055 1824 cur
3109 1766 3339 1823 nullum
3397 1767 3681 1827 habuisse

255 1859 529 1913 stianum.
564 1855 817 1927 Defendit
858 1857 1153 1912 Eusebium
1202 1857 1633 1914 Cremonensem.
1685 1861 1915 1916 Errores

255 1946 397 2001 libri
424 1945 778 2001 Periarchon.
812 1976 881 1987 —
912 1969 939 1995 (ι
982 1945 1302 2002 Videamus
1331 1951 1526 2003 tamen
1559 1949 1700 2020 quid
1748 1965 1915 2005 meus

257 2033 631 2091 necessarius
661 2035 729 2090 de
762 2034 1061 2091 schedulis
1092 2036 1233 2102 tuis,
1272 2037 1521 2092 necdum
1565 2040 1915 2105 emendatis,

262 2128 333 2187 et
366 2123 626 2178 nondum
655 2122 721 2178 ad
752 2140 971 2195 purum
999 2123 1261 2195 digestis,
1291 2124 1583 2181 falsaverit
1607 2144 1621 2182 :
1671 2130 1727 2182 et
1756 2128 1828 2183 ob
1856 2127 1915 2187 id

253 2210 512 2267 facilius
535 2211 583 2266 ei
601 2210 813 2267 falsatae
844 2211 1083 2277 fuerint,
1116 2213 1274 2284 quod
1311 2218 1413 2269 aut
1442 2213 1643 2271 nullus
1674 2231 1772 2273 eas
1813 2216 1915 2273 ha-

256 2301 455 2368 beret,
487 2304 588 2355 aut
617 2300 937 2356 admodum
970 2300 1163 2372 pauci.
1203 2324 1223 2351 ι
1264 2302 1335 2357 Et
1391 2306 1524 2358 ante
1581 2304 1811 2376 scripsi,
1860 2308 1917 2360 et

258 2403 422 2443 nunc
454 2386 683 2453 eadem,
704 2386 821 2442 Deo
853 2388 1147 2455 audiente,
1179 2393 1486 2459 protestor,
1512 2406 1605 2446 me
1647 2408 1760 2447 non
1815 2409 1915 2463 ap-

255 2476 547 2550 probasse
567 2476 1000 2532 accusationem
1030 2477 1180 2548 ejus,
1212 2493 1319 2533 nee
1361 2479 1712 2550 cujusquam
1757 2480 1917 2535 Chri-

260 2564 443 2620 stiani
466 2564 526 2621 in
547 2564 968 2620 Christianum.
1002 2566 1150 2632 Quid
1182 2566 1338 2621 enim
1393 2582 1629 2623 necesse
1689 2573 1798 2634 est,
1858 2569 1918 2624 in

262 2652 591 2710 multorum
621 2653 903 2709 scandala
932 2654 1283 2727 ruinamque
1328 2656 1593 2728 proferri,
1653 2674 1779 2729 quae
1829 2673 1917 2714 se-

265 2747 424 2799 creto
457 2746 557 2797 aut
594 2742 882 2814 corripere
900 2743 1114 2810 valeas,
1146 2748 1249 2799 aut
1269 2746 1581 2801 emendare
1600 2746 1628 2801 ?
1646 2747 1756 2803 Sed
1781 2746 1921 2819 quia

270 2832 665 2903 unisquisque
694 2831 834 2886 vivit
863 2833 1165 2889 stomacho
1197 2850 1343 2889 suo:
1399 2839 1457 2889 et
1514 2836 1743 2891 amicus
1804 2852 1918 2891 non

267 2920 471 2976 statim
503 2920 782 2976 dominus
812 2926 903 2976 est
930 2921 1172 2978 alterius
1192 2922 1509 2979 voluntatis
1541 2943 1553 2992 ;
1589 2924 1923 2980 sicutacou-

268 3008 559 3066 sationem
579 3009 759 3065 etiam
789 3025 983 3065 veram
1036 3010 1421 3083 reprehendo,
1478 3012 1562 3068 sic
1607 3012 1919 3070 falsitatem

270 3095 689 3153 schedularum
722 3097 781 3152 in
832 3102 1035 3154 sancto
1073 3097 1196 3155 viro
1256 3117 1370 3155 non
1430 3101 1709 3172 suscipio.
1770 3102 1919 3167 Quid

272 3185 431 3243 enim
464 3186 615 3242 585
648 3185 829 3241 homo
857 3187 1099 3243 Latinus
1129 3188 1199 3243 de
1230 3169 1706 3261 interpretatione
1732 3191 1928 3247 Graeca
1952 3169 1996 3236 (ἶ

269 3274 463 3346 potuit
492 3274 808 3329 immutare
830 3275 859 3329 ‘t
888 3276 1004 3330 Aut
1033 3276 1173 3347 quid
1210 3277 1584 3335 subtraheret
1610 3278 1697 3333 vel
1745 3279 1924 3334 adde-

267 3366 357 3418 ret
389 3361 642 3418 inlibris
698 3361 821 3435 περὶ
882 3365 1118 3438 Ἀρχῖυν,
1170 3366 1271 3420 ubi
1331 3366 1415 3422 sie
1466 3370 1736 3422 contexta
1788 3371 1930 3423 sunt

268 3451 494 3518 omnia,
529 3455 585 3505 et
614 3451 859 3508 alterum
892 3454 1104 3525 pendet
1143 3471 1213 3510 ex
1270 3454 1472 3521 altero,
1524 3459 1591 3510 ut
1640 3454 1924 3527 quidquid

270 3538 489 3595 tollere
517 3538 762 3595 volueris
786 3540 872 3595 vel
901 3542 1136 3609 addere,
1190 3544 1359 3614 quasi
1424 3560 1656 3615 pannus
1712 3544 1772 3599 in
1832 3561 1925 3600 ve-

276 3625 571 3682 stimento
599 3629 783 3683 statim
813 3632 1131 3702 appareat?
1160 3631 1323 3696 Quod
1353 3648 1493 3705 ergo
1546 3650 1639 3690 me
1697 3650 1923 3700 mones,

282 3715 415 3785 ipse
446 3713 653 3770 facito:
681 3717 977 3788 paululum
1010 3720 1216 3775 saltem
1248 3720 1511 3786 humani,
1531 3722 1581 3778 si
1614 3738 1729 3777 non
1760 3722 1925 3777 Chri-

278 3802 429 3867 tiani
479 3804 716 3875 pudoris
772 3824 1031 3873 assume,
1081 3826 1153 3865 ne
1210 3810 1482 3883 despecta
1563 3815 1619 3867 et
1704 3810 1927 3868 calcata

274 3893 641 3949 conscientia
670 3899 787 3965 tua,
818 3897 1010 3952 verbis
1038 3901 1093 3952 te
1116 3905 1427 3971 purgatum
1461 3904 1652 3971 putes,
1684 3901 1784 3971 qui
1836 3917 1923 3955 re-

272 3986 387 4038 bus
420 3983 671 4055 urgeris.
695 3984 754 4039 Si
783 3986 1062 4042 Eusebius
1086 4004 1228 4043 auro
1252 3987 1496 4044 redemit
1522 3988 1924 4044 inemendatas

270 4070 612 4142 schedulas,
645 4089 794 4144 quos
826 4073 1079 4141 falsaret,
1126 4081 1190 4131 tu
1211 4076 1403 4149 profer
1431 4081 1722 4149 tuas,quas
1749 4076 1925 4135 falsa-

271 4164 342 4214 tae
361 4176 478 4214 non
503 4160 625 4215 sint
650 4177 662 4215 :
687 4161 804 4216 etsi
829 4164 1161 4233 probaveris
1194 4164 1339 4221 nihil
1371 4166 1428 4220 in
1456 4167 1539 4221 eis
1562 4166 1922 4234 haereticum,

272 4254 413 4303 tunc
446 4248 548 4304 ille
578 4249 823 4306 crimine
854 4254 1145 4309 tenebitur
1175 4254 1764 4320 falsitatis.Quamvis
1796 4273 1923 4312 mu-

269 4341 376 4402 tes,
424 4338 698 4407 quamvis
730 4340 1008 4413 corrigas,
1043 4344 1359 4399 catholicas
1393 4346 1407 4378 ¹
1452 4362 1567 4400 non
1626 4344 1921 4417 probabis.

267 4424 321 4477 Si
354 4426 516 4481 enim
556 4443 720 4482 error
755 4435 911 4485 esset
940 4430 998 4484 in
1028 4433 1238 4499 verbis,
1273 4438 1376 4488 aut
1408 4433 1465 4488 in
1499 4434 1701 4505 paucis
1732 4434 1924 4489 sensi-

2025 1858 2519 1915 mentiris?Cum
2550 1862 2746 1915 autem
2796 1856 2958 1913 dicas
3030 1857 3184 1913 536
3249 1857 3403 1929 apud
3460 1872 3683 1929 paucos

2025 1946 2228 2016 fuisse,
2261 1952 2317 2002 et
2348 1951 2402 2001 te
2427 1947 2554 2020 ipso
2586 1946 2899 2002 confitente
2949 1945 3296 2001 subversum
3356 1944 3453 2011 sit,
3511 1945 3668 2017 quod

2025 2034 2223 2090 nullus
2254 2034 2543 2102 habuerit,
2575 2035 2676 2091 ubi
2714 2038 2803 2091 est
2833 2034 3000 2099 illud,
3035 2034 3188 2106 quod
3212 2032 3498 2106 quereris,
3532 2050 3673 2091 auro

2026 2124 2396 2195 redemptum
2438 2124 2735 2180 notarium
2792 2123 3009 2179 tuum?
3038 2122 3140 2178 Dic
3198 2138 3410 2178 nomen
3443 2122 3679 2189 notarii,

2026 2217 2314 2284 quantum
2348 2212 2475 2268 auri
2506 2213 2713 2267 datum
2746 2212 2843 2279 sit,
2879 2209 3001 2278 ubi,
3033 2227 3137 2282 per
3181 2226 3379 2281 quem,
3437 2215 3542 2266 aut
3587 2210 3681 2267 cui

2026 2302 2251 2356 datum.
2288 2301 2495 2371 Utique
2528 2300 2889 2372 proditorem
2920 2302 3091 2355 tuum
3123 2298 3387 2367 abjecisti
3421 2316 3454 2352 a
3482 2302 3538 2355 te
3569 2299 3675 2369 [AL

2028 2389 2185 2463 ante]
2216 2416 2230 2456 ς
2261 2394 2317 2445 et
2346 2390 2493 2445 tanti
2528 2388 2803 2445 facinoris
2833 2404 2999 2444 reum
3027 2405 3060 2442 a
3090 2391 3189 2442 tuo
3238 2387 3533 2443 consortio
3590 2402 3684 2443 se-

2029 2479 2435 2551 parasti.Vide
2465 2494 2536 2535 ne
2570 2477 2757 2550 magis
2808 2476 2954 2532 illud
2993 2491 3195 2532 verum
3239 2476 3335 2543 sit,
3398 2492 3432 2531 a
3481 2475 3683 2548 paucis

2030 2566 2145 2624 illis
2178 2566 2385 2623 amicis
2417 2566 2558 2633 tuis,
2594 2570 2651 2621 et
2680 2564 2930 2621 Eusebio
2960 2569 3016 2620 et
3045 2563 3265 2619 caeteris
3292 2563 3431 2620 data
3484 2579 3686 2621 exemo

2030 2655 2214 2728 plaria
2242 2672 2253 2710 :
2291 2672 2417 2727 qua:
2447 2655 2529 2709 ita
2556 2654 2710 2709 inter
2730 2670 2791 2710 se
2822 2658 3157 2725 congruunt
3214 2657 3392 2724 atque
3437 2668 3681 2708 consen-

2031 2746 2207 2814 tiunt,
2238 2749 2305 2799 ut
2336 2760 2407 2799 ne
2436 2748 2655 2815 puncto
2685 2742 2922 2814 quidem
2955 2740 3204 2797 alterum
3236 2741 3310 2796 ab
3341 2740 3522 2797 altero
3566 2741 3680 2796 dif-

2030 2836 2197 2890 ferat.
2230 2833 2447 2889 Deinde
2478 2833 2651 2903 cujus
2673 2830 2997 2904 prudentiaa
3026 2834 3134 2895 est,
3189 2830 3327 2885 dare
3384 2829 3679 2900 exemplar

2031 2922 2184 2989 aliis,
2217 2922 2373 2994 quod
2401 2922 2663 2977 nondum
2697 2916 3407 2990 emendaveras?Scriptaa
3436 2919 3509 2974 ad
3568 2934 3677 2991 ρης

2030 3028 2161 3066 rum
2192 3027 2308 3067 non
2332 3014 2499 3066 erant
2529 3008 2853 3075 schedulaa;
2895 3013 2954 3063 et
3008 3007 3373 3064 emendando
3447 3022 3675 3063 errores

2031 3105 2164 3156 tuos
2188 3100 2313 3171 jam
2359 3098 2455 3153 alii
2513 3097 2912 3169 possidebant.
2973 3096 3242 3151 Sentisne
3298 3111 3411 3150 non
3462 3095 3680 3150 herere

2034 3190 2186 3244 inter
2214 3205 2277 3243 se
2303 3187 2672 3244 mendacium
2698 3186 2727 3240 ‘I
2757 3186 2827 3240 Et
2858 3185 2997 3256 quid
3030 3184 3136 3239 tibi
3169 3183 3229 3238 in
3253 3183 3499 3239 articulo
3528 3186 3681 3238 tem-

2035 3279 2193 3350 poris
2224 3278 2460 3349 profuit,
2496 3281 2559 3331 ut
2588 3274 2996 3347 episcoporum
3028 3272 3349 3329 sententias
3387 3271 3683 3327 subterfu-

2035 3384 2216 3439 geres,
2252 3371 2447 3439 patere
2478 3366 2901 3430 discussum,et
2930 3362 3050 3418 tuis
3080 3366 3137 3417 te
3166 3360 3357 3417 verbis
3381 3359 3685 3433 redargui?

2035 3457 2115 3511 Ex
2149 3472 2264 3527 quo
2312 3458 2548 3526 apparet
2577 3455 2749 3525 juxta
2787 3451 2986 3524 inclyti
3044 3451 3290 3507 oratoris
3348 3449 3685 3521 (Ciceronis)

2036 3544 2314 3617 elogium,
2347 3546 2401 3598 te
2430 3543 2789 3598 voluntatem
2830 3541 3046 3597 habere
3103 3538 3445 3605 mentiendi,
3497 3543 3681 3594 artem

2036 3633 2294 3705 fingendi
2330 3649 2445 3686 non
2478 3631 2713 3686 habere.

2103 3724 2157 3776 6.
2192 3722 2533 3793 Comparare
2561 3729 2613 3775 et
2643 3733 2819 3773 emere
2841 3717 2970 3789 quid
2999 3716 3253 3787 diﬂerant
3278 3718 3305 3768 ί)
3333 3746 3401 3755 --
3452 3716 3681 3785 Sequar

2035 3811 2300 3867 ordinem
2332 3808 2610 3881 epistolae,
2633 3812 2691 3863 et
2720 3806 2867 3879 ipsa,
2902 3810 2968 3860 ut
2997 3805 3226 3860 locutus
3256 3803 3528 3872 es,verba
3548 3803 3685 3859 sub-

2035 3905 2286 3955 nectam.
2320 3920 2347 3947 ‹‹
2378 3897 2804 3969 Eloquentiam,
2834 3897 2900 3950 ut
2927 3894 3095 3960 dicis,
3128 3897 3312 3957 tuam,
3346 3897 3403 3947 et
3434 3892 3493 3947 in
3528 3895 3684 3947 Prai-

2037 3989 2249 4045 fatione
2272 4004 2401 4042 mea
2430 3986 2702 4041 laudasse
2759 4000 2853 4039 me
2910 3984 3123 4049 fateor;
3194 3986 3251 4037 et
3288 3981 3466 4037 etiam
3526 3990 3683 4037 nunc

2034 4078 2358 4144 laudarem,
2393 4074 2505 4129 nisi
2532 4079 2593 4129 tu
2624 4090 2752 4128 eam
2777 4076 2979 4127 contra
3007 4070 3180 4125 Tullii
3214 4072 3299 4126 tui
3331 4069 3684 4126 sententiam

2036 4166 2223 4222 multa
2247 4162 2532 4235 jactantia
2585 4163 2801 4217 faceres
2861 4160 3123 4215 odiosam
3159 4201 3171 4214 .
3236 4182 3263 4207 υ
3314 4158 3422 4213 Ubi
3464 4158 3687 4228 jactavi

2036 4252 2429 4326 eloquentiam
2466 4266 2680 4315 meam,
2714 4248 2812 4320 qui
2846 4249 3021 4303 etiam
3046 4252 3154 4302 ate
3211 4246 3509 4301 laudatam
3565 4259 3687 4301 non

2037 4343 2286 4399 libenter
2315 4340 2513 4412 accepi
2542 4339 2570 4393 Ἰ
2602 4345 2687 4392 An
2721 4337 2829 4392 hoc
2860 4334 3029 4400 dicis,
3063 4334 3205 4407 quia
3226 4349 3341 4389 non
3400 4334 3490 4389 vis
3539 4333 3684 4389 sub.

2034 4431 2167 4489 dola
2197 4430 2608 4502 praedicatione
2638 4425 2860 4499 palpari
2885 4424 2913 4478 ‘t
2944 4428 3156 4497 Aperte
3178 4422 3570 4490 accusaberis,
3620 4426 3689 4478 ut

268 4512 401 4580 bus,
439 4520 686 4585 possent
734 4516 1067 4574 detruncari
1125 4521 1301 4587 mala,
1354 4527 1415 4578 et
1467 4523 1621 4579 bona
1678 4540 1781 4594 pro
1831 4522 1923 4577 his
1954 4539 2003 4604 Β
2036 4521 2135 4591 qui
2164 4519 2506 4578 laudantem
2539 4514 2790 4587 respuis,
2823 4512 3043 4568 sentias
3099 4510 3531 4566 criminantem.
3569 4508 3685 4563 Im-

268 4602 492 4674 reponi.
530 4603 638 4659 Ubi
671 4608 866 4661 autem
898 4612 1019 4664 tota
1049 4608 1367 4681 disputatio
1399 4610 1643 4681 aequalis
1672 4616 1797 4667 est:
1860 4616 1927 4665 ut

274 4692 563 4747 universae
594 4693 907 4751 rationales
927 4703 1226 4763 creatura},
1267 4716 1393 4770 quae
1436 4700 1670 4771 propria
1721 4699 1924 4755 volun-

270 4785 390 4834 tate
414 4788 779 4851 oorruerant,
815 4784 871 4840 in
906 4803 1091 4841 unum
1125 4792 1324 4860 postea
1379 4793 1745 4845 revertantur
1801 4795 1927 4846 sta-

272 4872 397 4923 tum
438 4885 449 4923 :
479 4873 546 4924 ut
578 4887 812 4927 rursum
847 4890 917 4929 ex
946 4875 1151 4931 eodem
1184 4875 1467 4948 principio
1498 4876 1623 4933 alite
1656 4878 1776 4932 sint
1809 4879 1927 4934 rui-

274 4972 363 5011 nae
388 4975 403 5024 ;
440 4957 583 5029 quid
606 4957 788 5017 habes
819 4964 1149 5031 emendare,
1177 4965 1289 5021 nisi
1310 4970 1524 5022 cuneta
1564 4968 1880 5023 mutaveris
1902 4968 1928 5022 ‘t

273 5045 440 5108 Quod
472 5046 523 5101 si
564 5047 750 5105 facere
807 5051 1082 5119 volueris,
1127 5054 1252 5124 jam
1304 5071 1418 5110 non
1474 5055 1653 5110 libros
1702 5056 1928 5112 alienus

274 5133 780 5216 interpretaberis,
813 5141 914 5196 sed
940 5142 1156 5198 condes
1180 5148 1331 5199 tuos.
1368 5144 1484 5200 Hoc
1505 5148 1701 5200 autem
1736 5146 1929 5216 cujus-

271 5214 434 5269 modi
464 5224 882 5287 argumentum
941 5223 1040 5290 sit,
1101 5240 1219 5279 non
1273 5223 1554 5299 intelligo.
1613 5214 1927 5294 Quia,'in-

274 5302 402 5371 quit
431 5303 473 5367 ³,
502 5303 908 5379 iaemendataz,
942 5316 998 5366 et
1020 5313 1283 5369 nondum
1313 5315 1384 5371 ad
1418 5331 1633 5387 parum
1692 5314 1926 5386 digesta

344 5463 637 5550 ‘Scilicet
687 5471 1442 5550 schetlala§.__Martianzsus
1526 5481 1721 5532 autem.
1799 5483 1928 5550 post

278 5534 589 5591 Erasmum
624 5538 798 5596 habet
832 5544 1136 5603 Catholica.

350 5609 370 5641 ²
398 5606 714 5683 Victorius,
750 5616 959 5690 inquis,
982 5633 1087 5692 pro
1127 5618 1330 5692 inquit,
1364 5621 1429 5676 ut
1486 5636 1678 5679 sermo
1730 5621 1809 5680 sit
1855 5620 1926 5679 ad

2039 4609 2305 4682 peritiam
2337 4611 2533 4661 autem
2570 4609 2754 4671 tuam,
2782 4619 2897 4658 non
2929 4606 3049 4657 tam
3098 4599 3315 4656 stultus
3376 4615 3559 4665 eram,
3620 4600 3687 4655 ut

2039 4695 2519 4767 reprehenderem
2550 4713 2563 4760 ;
2596 4709 2775 4764 quam
2807 4705 2979 4747 nemo
3012 4693 3234 4762 postest
3264 4689 3472 4744 fortius
3512 4702 3691 4742 accu-

2039 4800 2188 4849 sare,
2216 4799 2391 4853 quam
2424 4787 2484 4836 tu
2519 4783 2641 4853 ipse
2656 4781 2800 4837 dum
2830 4778 3177 4836 seribis.Sed
3209 4777 3362 4835 volui
3386 4775 3691 4831 ostendere

2039 4870 2459 4942 condiscipulis
2490 4871 2631 4935 tuis,
2665 4870 2764 4941 qui
2796 4874 2988 4925 tecum
3019 4884 3133 4922 non
3172 4866 3506 4920 didicerunt
3533 4862 3692 4917 litte-

2040 4960 2316 5032 ras,quid
2346 4974 2449 5031 per
2469 4959 2709 5030 triginta
2741 4972 2927 5012 annos
2958 4956 3017 5010 in
3044 4954 3282 5009 Oriente
3330 4950 3681 5023 profeceris:

2038 5051 2160 5123 qui,
2223 5044 2563 5124 συγγραφεύς
2615 5045 2973 5117 ἀγράμματος
3020 5044 3278 5113 (scriptor
3317 5038 3683 5110 illitteratus),

2038 5139 2475 5212 procacitatem,
2508 5133 2978 5190 disertitudinem
3009 5136 3067 5186 et
3092 5130 3442 5186 maledicere
3496 5124 3690 5195 omnis

2038 5230 2149 5284 bus
2178 5229 2219 5298 ³,
2274 5228 2436 5282 bonae
2496 5220 2861 5281 conscientiae
2913 5220 3147 5291 signum
3204 5215 3530 5275 arbitraris.
3570 5213 3687 5272 Nec

2038 5316 2167 5385 tibi,
2200 5320 2264 5371 ut
2293 5314 2459 5380 dicis,
2486 5311 2702 5370 ferulas
2734 5308 3199 5382 adhibeo,neque
3228 5307 3693 5381 athenogeronta

2039 5477 2338 5532 Ruﬁnum.

2106 5548 2229 5601 3Ex
2314 5545 2674 5602 Tertulliano
2720 5548 3047 5615 sumptum,
3098 5542 3205 5615 qui
3256 5543 3355 5599 lib.
3423 5540 3693 5615 adversm

2036 5620 2441 5694 Hermogenem,
2462 5635 2590 5695 cap.
2616 5635 2677 5679 ιε
2750 5638 2779 5672 ‹‹
2834 5609 3041 5689 Homo,
3090 5609 3283 5693 inquit
3336 5615 3397 5673 in
3455 5609 3690 5694 male,
