4094 6166
415 327 544 401 1183

1601 362 1608 369 ο
1673 329 1740 395 s.
1785 310 2101 397 EUSEBEI'I
2144 313 2629 394 HIERONYMI.

3727 301 3852 393 is;

429 473 634 536 (senem
661 467 1013 539 discipulum)
1037 479 1234 522 meum
1263 466 1507 536 scutica,
1542 471 1600 522 et
1639 466 1830 539 plagis
1861 465 2086 522 litteras
2117 466 2171 530 Α
2201 463 2333 520 aliis
2365 464 2724 528 furentibus,
2739 461 3086 534 jugulentur
3119 457 3255 517 alii:
3289 475 3394 517 cur
3423 459 3607 518 libros
3640 467 3850 520 contra

423 559 630 614 docere
689 555 1023 620 contendo;
1101 555 1202 610 sed
1261 554 1402 626 quia
1466 554 1686 610 fulmen
1721 555 2079 626 [Alfiumen]

420 644 762 718 eloquentia:
793 648 905 698 tuae
937 647 1111 713 atque
1141 642 1420 696 doctrinae
1474 658 1680 697 omnes
1741 646 2081 698 tractatores

419 737 567 790 ferre
599 749 712 788 non
746 735 1147 803 possumus,ct
1173 730 1395 802 ingenii
1440 731 1712 786 acumine
1759 731 2076 803 perstringi

417 822 618 879 oculos
639 825 891 888 nostros,
921 819 978 873 in
1012 824 1243 874 tantum
1275 824 1339 874 ut
1365 835 1570 874 omnes
1604 819 1749 874 537
1833 824 1967 875 tuos
1990 819 2077 873 in-

424 910 590 965 vidos
620 913 809 981 putes,
843 909 1108 962 certatim
1140 908 1469 979 opprimere
1498 912 1555 962 te
1578 907 1891 978 cupimus:
1930 925 2001 963 ne
2028 909 2076 963 si

416 996 595 1053 semel
630 997 688 1050 in
713 995 1018 1051 scribendo
1057 995 1381 1051 obtinueris
1442 996 1862 1068 principatum,
1926 1002 1982 1052 et
2017 998 2076 1052 in

416 1084 759 1156 eloquentiae
794 1099 922 1139 arce
953 1083 1208 1150 steteris,
1239 1083 1464 1138 cunctis
1528 1082 1695 1139 nobis
1729 1084 1828 1156 qui
1852 1083 2074 1156 aliquid

415 1173 564 1229 scire
592 1171 1108 1236 volumus,mutire
1128 1187 1240 1226 non
1274 1169 1463 1226 liceat.
1499 1174 1613 1242 Ego
1659 1170 2074 1243 philosophus,

414 1263 632 1326 rhetor,
665 1259 1113 1332 grammaticus,
1149 1258 1512 1322 dialecticus,
1549 1259 1849 1327 Hebraeus,
1915 1259 2074 1315 Grae-

414 1366 538 1415 cus,
568 1348 830 1415 Latinus,
862 1346 1224 1420 trilinguis‘.
1259 1348 1376 1403 Hoc
1437 1348 1610 1402 modo
1669 1352 1725 1402 et
1787 1353 1852 1402 tu
1899 1347 2074 1403 bilin-

417 1437 550 1509 guis
606 1437 743 1503 eris,
804 1440 1028 1491 tantam
1086 1436 1268 1491 habes
1311 1436 1487 1491 Graeci
1548 1436 1856 1508 Latinique
1953 1452 2072 1491 ser-

419 1526 612 1582 monis
635 1524 966 1592 scientiam,
999 1530 1062 1578 ut
1108 1530 1165 1579 et
1195 1524 1376 1580 Graeci
1399 1528 1454 1580 te
1487 1525 1778 1588 Latinum,
1803 1529 1860 1579 et
1889 1525 2073 1579 Latini

417 1618 474 1670 te
505 1613 770 1669 Greecum
795 1616 996 1683 putent
1029 1630 1042 1667 :
1077 1616 1134 1667 et
1165 1629 1313 1684 papa
1335 1613 1696 1684 Epiphanius
1727 1612 2074 1686 πεντάγλωτ-

415 1709 550 1769 τος;
597 1703 763 1772 [mss.
823 1697 1290 1773 πεντάγλωσσος],
1335 1701 1474 1772 quia
1531 1702 1792 1773 quinque
1850 1701 2070 1774 linguis

419 1793 622 1844 contra
655 1794 707 1843 te
731 1793 786 1844 et
817 1787 1121 1842 Amasium
1154 1793 1322 1842 tuum
1377 1787 1733 1860 (Origenem)
1785 1787 2066 1860 loquitur.

417 1876 724 1948 Simulque
745 1876 1144 1947 admiror,qua
1176 1877 1500 1932 temeritate
1530 1883 1733 1932 contra
1769 1883 2065 1933 tantarum

419 1957 636 2013 artium
667 1957 856 2010 virum
889 1955 1108 2012 audeas
1137 1955 1327 2011 dicere
1361 1975 1372 2012 :
1410 1981 1436 2005 «
1471 1959 1559 2012 Tu
1605 1957 1706 2028 qui
1753 1963 1836 2013 tot
1893 1959 2066 2014 disci-

422 2045 718 2118 plinarum
740 2043 926 2100 oculis
956 2044 1183 2117 vigilas,
1219 2045 1510 2116 quomodo
1532 2045 1701 2101 venia
1759 2047 2068 2103 donandus

420 2152 504 2202 es,
537 2135 586 2190 si
616 2133 922 2198 erraveris,
953 2137 1010 2188 et
1049 2149 1166 2187 non
1215 2137 1491 2204 perpetuo
1535 2135 1778 2205 pudoris
1835 2134 2068 2192 silentio

423 2223 825 2295 contegendus
852 2222 880 2276 ?
908 2222 1067 2285 Quod
1092 2238 1225 2277 cum
1257 2221 1553 2294 legissem,
1585 2227 1641 2278 et
1672 2239 1764 2279 me
1803 2228 2067 2295 putarem

422 2311 636 2368 alicubi
669 2310 728 2365 in
759 2325 1028 2365 sermone
1058 2307 1312 2381 lapsum,
1346 2331 1374 2358 «
1414 2310 1521 2374 Qui
1571 2310 1726 2366 enim
1786 2311 1844 2366 in
1894 2312 2067 2367 verbo

429 2415 547 2458 non
578 2402 798 2472 peccat,
825 2397 934 2453 iste
965 2397 1255 2468 perfectus
1286 2402 1375 2452 est
1397 2397 1529 2468 (Jac.
1561 2415 1648 2467 ιιι,
1675 2401 1750 2468 2),
1785 2423 1811 2450 ››
1848 2403 1904 2455 et
1968 2417 2068 2456 su-

416 2489 682 2561 spicarer
705 2503 842 2543 eum
873 2485 1095 2557 aliquid
1120 2501 1383 2541 meorum
1417 2486 1783 2556 prolaturum
1816 2503 1943 2543 esse
1986 2487 2065 2543 vi-

417 2574 860 2640 tiorum,subito
890 2573 1122 2629 intulit:
1150 2595 1178 2624 «
1208 2578 1357 2628 Ante
1419 2574 1666 2631 biduum
1699 2576 1866 2643 mihi,
1891 2593 2067 2648 quam

426 2655 892 2727 proﬁcisceretur
922 2654 1134 2709 harum
1165 2653 1498 2725 bajulus,in
1521 2671 1735 2712 manus
1763 2661 2064 2723 venerunt,

421 2759 549 2814 qua:
577 2742 635 2796 in
668 2758 762 2798 me
789 2739 1154 2798 declamasti.
1191 2764 1218 2790 »
1252 2741 1356 2797 Ubi
1389 2746 1478 2797 est
1498 2759 1656 2816 ergo,
1689 2745 1842 2815 quod
1875 2744 2068 2799 mina-

425 2831 527 2897 ris,
559 2835 617 2886 et
646 2829 810 2900 dicis,
843 2854 869 2879 «
896 2830 1194 2896 Quomodo
1224 2830 1535 2886 donandus
1593 2848 1656 2886 es
1686 2832 1874 2899 venia,
1907 2831 1958 2888 si
1977 2848 2065 2887 er-

421 2919 658 2988 raveris,
690 2923 747 2975 et
775 2936 890 2974 non
923 2925 1201 2990 perpetuo
1228 2919 1468 2991 pudoris
1501 2918 1734 2975 silentio
1758 2926 2071 2993 contegen-

421 3001 533 3056 dus
555 2999 582 3053 ?
613 3020 642 3048 »
663 2998 784 3054 Nisi
810 2999 954 3053 forte
981 3015 1095 3070 pre
1120 2997 1394 3070 angustia
1415 2999 1696 3070 temporis
1723 3000 1966 3071 potuisti
2001 3017 2069 3056 ea

414 3087 474 3144 in
507 3089 771 3144 ordinem
805 3087 1104 3160 digerere:
1149 3092 1250 3156 aut
1271 3087 1526 3158 aliquem
1559 3088 1628 3144 de
1659 3089 1904 3144 eruditis
1937 3105 2068 3143 con-

2193 570 2287 608 me
2317 552 2525 608 scribis
2557 553 2625 608 ad
2642 551 2806 620 alios,
2837 556 2895 606 et
2923 550 3202 624 legendos
3232 567 3333 623 per
3373 549 3657 607 satellites
3713 555 3848 608 tuos

2188 645 2310 698 toto
2343 641 2482 697 orbe
2511 641 2802 713 dispergis
2825 641 2852 694 ?
2883 640 2988 696 Ubi
3020 645 3111 696 est
3141 639 3520 712 syllogismus
3545 643 3712 708 tuus,
3731 657 3846 713 quo

2191 747 2284 785 me
2317 729 2543 786 irretire
2572 729 2823 796 conaris,
2853 727 3244 800 etloqueris?
3275 751 3303 779 «
3357 729 3541 792 Quem
3595 729 3655 783 in
3714 728 3844 798 hoc,

2190 819 2470 891 magister
2499 818 2740 890 optime,
2769 818 3078 873 emendare
3101 817 3380 890 cupiebas
3400 817 3428 872 ?
3477 817 3527 872 si
3584 816 3740 883 illos,
3773 820 3845 876 ad

2187 923 2336 978 quos
2366 907 2387 940 ⁴
2409 906 2639 972 scribis,
2675 904 2818 960 nihil
2852 905 3254 976 deliquerant;
3290 905 3340 961 si
3372 921 3464 960 me
3511 921 3690 977 quem
3750 923 3844 962 ar-

2188 995 2345 1066 guis,
2381 995 2586 1051 nonad
2619 1011 2710 1049 me
2741 993 3083 1066 scripseras.
3129 1016 3156 1042 »
3180 997 3249 1048 Et
3278 1009 3383 1065 ego
3415 993 3536 1048 tuis
3595 1009 3842 1066 respon-

2187 1083 2335 1139 debo
2367 1083 2471 1139 tibi
2505 1083 2908 1138 sermonibus:
2942 1084 3123 1148 Quem
3165 1082 3478 1138 emendare
3537 1083 3844 1155 cupiebas,

2185 1170 2466 1244 magister
2497 1171 2728 1226 indocte
2745 1171 2772 1225 ‘I
2802 1187 2996 1238 eosne,
3031 1171 3131 1241 qui
3163 1187 3278 1225 non
3311 1171 3730 1243 peccaverant?
3762 1188 3844 1227 an

2185 1274 2298 1324 me,
2323 1260 2394 1314 ad
2429 1275 2604 1330 quem
2638 1275 2751 1314 non
2776 1257 3096 1330 scripseras
3117 1259 3144 1313 ‘I
3171 1263 3381 1315 Brntos
3403 1262 3575 1330 putas
3596 1275 3725 1314 esse
3754 1258 3842 1315 le-

2184 1351 2394 1412 ctores,
2427 1352 2484 1402 et
2522 1363 2729 1403 omnes
2759 1346 3220 1420 nonintelligere
3250 1346 3626 1418 prudentiam
3648 1351 3842 1414 tuam,

2184 1434 2300 1489 imo
2358 1434 2666 1501 malitiam,
2727 1451 2844 1506 qua
2898 1440 2957 1490 et
3022 1450 3261 1506 serpens
3321 1434 3670 1506 prudentior
3727 1435 3840 1492 fuit

2183 1523 2412 1578 cunctis
2461 1521 2669 1577 bestiis
2691 1522 2750 1576 in
2783 1523 3086 1594 paradiso:
3121 1527 3186 1577 ut
3215 1539 3248 1578 a
3281 1539 3374 1578 me
3403 1528 3689 1578 secretam
3731 1523 3839 1579 ad-

2182 1611 2563 1667 monitionem
2625 1610 2874 1683 ﬂagites,
2936 1627 3109 1682 quem
3160 1610 3393 1683 publica
3465 1612 3841 1668 accusatione

2181 1699 2552 1772 persequeris
2579 1724 2593 1766 ;
2627 1703 2683 1755 et
2713 1716 2827 1754 non
2860 1704 2915 1754 te
2946 1699 3126 1771 pudet
3181 1700 3612 1756 accusationem
3669 1705 3836 1757 tuam

2181 1788 2526 1861 Apologiam
2557 1804 2760 1844 vocare
2781 1788 2809 1842 ?
2839 1789 3228 1860 Quererisque
3249 1805 3354 1844 cur
3377 1805 3668 1861 opponam
3710 1789 3842 1862 "cly-

2183 1893 2356 1948 peum
2382 1877 2619 1949 pugioni
2645 1882 2764 1942 tuo,
2795 1881 2850 1931 et
2875 1875 2981 1930 tibi
3011 1876 3180 1948 quasi
3215 1876 3589 1949 religiosulus
3620 1883 3678 1934 et
3706 1895 3842 1934 san-

2178 1964 2373 2020 ctulus
2407 1981 2718 2037 personam
2751 1964 3100 2020 humilitatis
3129 1964 3386 2037 imponis
3415 1971 3470 2022 et
3496 1965 3678 2022 dicis:
3715 1989 3744 2015 «
3771 1967 3840 2022 Si

2177 2068 2529 2118 erraveram,
2561 2068 2740 2123 quare
2771 2052 2981 2107 scribis
3012 2051 3164 2120 aliis,
3228 2057 3285 2108 et
3350 2070 3464 2109 non
3538 2053 3836 2126 meipsum

2178 2140 2525 2212 redarguis?
2566 2163 2592 2189 »
2638 2140 2751 2196 Hoc
2802 2141 2997 2212 ipsum
3029 2141 3089 2195 in
3135 2144 3192 2196 te
3223 2142 3570 2214 retorquebo
3600 2160 3614 2198 :
3648 2141 3834 2208 Quid-

2179 2229 2317 2301 quid
2354 2228 2511 2284 enim
2544 2245 2636 2284 me
2669 2246 2783 2284 non
2817 2228 3022 2285 fecisse
3051 2229 3534 2302 causaris,quare
3555 2247 3671 2286 non
3704 2231 3833 2303 ipse

2180 2316 2364 2373 fecisti
2396 2318 2424 2371 ‘I
2453 2315 2625 2372 Velut
2655 2317 2704 2372 si
2737 2317 2871 2388 quis
2904 2316 3121 2388 pugnis
3150 2317 3406 2390 aliquem
3455 2317 3836 2390 calcibusque

2177 2405 2480 2472 collidens,
2513 2405 2562 2461 si
2594 2405 2867 2460 resistere
2895 2404 3324 2473 voluerit,dicat
3349 2406 3400 2461 ei
3427 2423 3440 2462 :
3475 2406 3680 2462 Nonne
3725 2407 3835 2462 tibi

2177 2499 2532 2567 praeceptum
2565 2499 2654 2550 est
2679 2510 2692 2549 :
2720 2517 2746 2544 «
2779 2494 2889 2557 Qui
2921 2499 2977 2550 te
3008 2496 3364 2566 percusserit
3394 2496 3452 2551 in
3503 2495 3835 2562 maxillam,

2177 2583 2369 2654 praebe
2400 2582 2482 2637 illi
2517 2587 2574 2638 et
2603 2581 2844 2638 alteram
2878 2583 3068 2654 (Matth
3103 2625 3114 2638 .
3166 2601 3220 2649 v,
3248 2583 3383 2654 39)?
3416 2606 3444 2635 »
3466 2585 3614 2649 Quid
3646 2585 3831 2653 enim,

2177 2671 2328 2727 bone
2382 2672 2488 2736 vir,
2547 2671 2652 2725 tibi
2704 2676 3056 2743 praeceptum
3107 2679 3216 2739 est,
3267 2679 3333 2728 ut
3387 2690 3479 2728 me
3537 2674 3831 2741 verberes,

2177 2759 2410 2815 oculum
2442 2759 2586 2814 mihi
2617 2759 2894 2827 eﬂ'odias;
2927 2764 2984 2814 et
3013 2761 3062 2815 si
3097 2760 3402 2832 paululum
3436 2779 3526 2817 me
3571 2779 3832 2819 commo-

2176 2865 2332 2914 vero,
2366 2847 2661 2919 Evangelii
2693 2847 2837 2902 mihi
2871 2855 3157 2922 praacepta
3185 2851 3469 2906 cantabis.
3504 2851 3606 2907 Vis
3672 2852 3827 2908 scire

2175 2942 2327 2992 totas
2361 2935 2467 3010 [AL
2501 2937 2705 3006 tortas]
2736 2936 3121 3008 argutiarium
3154 2943 3391 2994 tuarum
3449 2939 3742 3012 strophas,
3776 2944 3836 2996 et

2176 3022 2617 3097 vulpecularum
2655 3023 2919 3091 insidias,
2953 3041 3081 3096 quas
3113 3025 3379 3082 habitant
3411 3027 3468 3082 in
3499 3027 3829 3099 parietinis,

2180 3114 2251 3168 de
2284 3114 2501 3185 quibus
2558 3113 2819 3169 Ezechiel
2879 3113 3172 3185 loquitur:
3207 3138 3235 3163 «
3289 3115 3465 3180 Quasi
3505 3114 3710 3188 vulpes
3771 3115 3830 3170 in

419 3176 708 3276 d‘uctumﬁ
733 3191 884 3276 δί’ίξδν
919 3176 1017 3245 qni
1051 3175 1110 3230 in
1140 3174 1438 3276 opusfmlis
1495 3175 1642 3274 mei?
1697 3193 2063 3276 gemmjlmm
2096 3192 2140 3257 C
2179 3174 2405 3257 deserio
2450 3201 2746 3273 propheta:
2808 3201 2911 3269 tui,
2955 3174 3134 3258 lsrael
3181 3174 3389 3274 (Ezech.
3446 3221 3568 3272 xm,
3609 3174 3680 3276 ⁸4)
3738 3203 3768 3258 ?
3801 3226 3829 3252 ››

417 3262 760 3335 eloquentiae
816 3268 930 3318 tuae
996 3267 1340 3319 ornamenta
1424 3265 1800 3336 perquireret.
1871 3268 2060 3339 Supra

415 3351 739 3423 scripsisti:
776 3373 804 3400 ‹‹
837 3350 1030 3406 Gratis
1059 3368 1093 3405 a
1125 3367 1218 3405 me
1248 3352 1499 3418 missum
1525 3353 1781 3410 codicem
1805 3357 2057 3428 suscipe,

414 3456 590 3512 quem
613 3455 790 3496 sensu
826 3456 1040 3511 magno
1067 3456 1311 3512 cuperes
1341 3447 1768 3513 comparatum,
1801 3450 1856 3499 et
1904 3462 2059 3500 nunc

419 3529 768 3586 humilitatis
791 3528 1100 3602 praestigiis
1131 3529 1405 3600 loqueris.
1431 3531 1653 3586 Imitari
1684 3535 1740 3588 te
1771 3533 1925 3588 volui
1954 3536 2054 3600 [AL

417 3618 592 3689 volui]
625 3637 637 3686 ;
672 3618 770 3674 sed
805 3617 1180 3674 refestinante
1211 3634 1298 3688 eo,
1359 3618 1458 3691 qui
1512 3622 1582 3675 ad
1640 3625 1696 3676 te
1738 3623 2057 3690 remeabat,

415 3707 596 3764 malui
628 3706 832 3780 paucis
864 3707 934 3762 ad
969 3711 1042 3774 te,
1079 3723 1255 3779 quam
1284 3707 1356 3763 ad
1388 3707 1534 3764 alios
1561 3725 1663 3780 pro
1709 3710 1824 3766 tuis
1877 3713 2057 3768 male-

411 3797 587 3854 dictis
618 3795 798 3852 latius
827 3797 1102 3852 scribere.
1135 3797 1203 3851 Et
1232 3795 1466 3852 interim
1497 3799 1774 3854 audacter
1805 3801 2058 3857 fruerisa

411 3884 704 3956 imperitia
729 3889 850 3939 tua.
885 3883 1075 3939 Semel
1116 3884 1273 3940 enim
1323 3885 1628 3942 confessus
1677 3904 1761 3955 es,
1821 3889 2054 3946 dicens:

418 3992 440 4022 ι
475 3973 780 4045 Superﬂua
809 3972 912 4028 tibi
945 3972 1317 4045 reprehensio
1374 3973 1482 4029 fuit
1541 3976 1598 4030 in
1644 3978 1868 4048 paucis,
1931 3997 2056 4051 quas

414 4061 677 4134 professa
697 4060 867 4118 nobis
896 4060 1146 4117 habetur
1175 4062 1233 4118 in
1291 4063 1587 4121 omnibus.
1624 4087 1652 4114 n
1712 4066 1826 4122 Nec
1866 4084 2057 4140 repre-

413 4150 686 4217 hendam,
748 4150 902 4222 quod
955 4155 1330 4222 comparatum
1391 4152 1674 4221 codicem,
1729 4171 1832 4226 pro
1882 4161 2059 4229 empto

411 4239 714 4312 posueris;
748 4255 883 4295 cum
913 4241 1271 4312 comparatio
1291 4240 1606 4312 aequalium
1668 4242 1781 4297 sit:
1840 4245 2057 4318 emptio

410 4327 578 4400 pretii
608 4329 1015 4385 annumeratio
1045 4346 1058 4384 :
1091 4337 1145 4384 et
1186 4331 1547 4400 refaslinanle
1601 4347 1682 4396 eo,
1741 4334 1837 4402 qui
1891 4333 1962 4388 all
2011 4343 2060 4391 te

407 4418 700 4486 remeabat,
751 4416 1171 4472 sordidissimas
1242 4417 1589 4474 elocutionis
1667 4419 2058 4498 περισσολογίᾳ

409 4504 660 4558 Tantum
692 4504 964 4560 sensibus
992 4505 1403 4576 respondebo;
1462 4511 1519 4562 et
1571 4513 1626 4563 te
1685 4525 2055 4583 nequaquam

408 4591 892 4650 soloecistam3ac
942 4562 1279 4661 barbarum,
1329 4562 1430 4650 sed
1483 4562 1636 4652 588
1689 4562 2056 4669 ἶπζέτῖἇὲξοῖἑζ
2089 4562 2136 4626 D

407 4679 751 4749 subdolum,
786 4682 1195 4754 impudentem
1228 4699 1356 4739 esse
1377 4685 1737 4742 convincam.

477 4774 532 4827 7.
564 4773 623 4828 In
657 4773 994 4844 Praefatione
1023 4770 1160 4826 libri
1187 4771 1310 4844 περὶ
1342 4775 1580 4847 Ἀρχῶν.
1615 4806 1679 4815 -
1730 4777 1790 4832 Si
1843 4779 1914 4834 ad
1969 4778 2060 4835 me

407 4866 641 4918 tantum
669 4858 1000 4933 epistolam,
1036 4860 1267 4926 scribis,
1311 4865 1376 4916 ut
1408 4878 1501 4917 me
1559 4879 1954 4935 commoneas,
2005 4873 2062 4924 et

408 4951 781 5007 emendatum
813 4948 975 5018 velis,
1015 4965 1085 5004 ne
1107 4949 1328 5005 cmteris
1369 4951 1713 5008 scandalum
1765 4955 1945 5012 facias
2003 4962 2061 5014 et

412 5131 468 5207 et
499 5132 708 5207 natura
724 5144 970 5207 quoque
1002 5127 1330 5207 haereticus,
1357 5130 1534 5207 etiam
1558 5131 2058 5207 turbulentus,qui

413 5197 835 5276 loquacitatem
851 5197 1201 5276 facundiam
1223 5201 1602 5276 existimet,et
1632 5197 2059 5276 impudentiam

413 5270 802 5357 constantiam
835 5270 1207 5357 deputet,.et.
1232 5270 1874 5357 maledicere‘singulis
1931 5279 2059 5357 offi-

413 5339 569 5414 cium
597 5339 762 5414 home
793 5339 1159 5414 conscientiae
1183 5344 1426 5414 judieet.
1457 5366 1486 5394 »
1508 5344 1636 5400 Vid.
1698 5339 1799 5402 lib.
1859 5355 2062 5408 contra

414 5409 636 5468 Helvid.
671 5412 868 5467 statim
895 5414 1081 5468 initio.

486 5483 501 5516 ¹
537 5487 756 5564 ᾼυοῐοι·
786 5483 1044 5540 incertus
1067 5486 1395 5540 carminum
1428 5486 1488 5542 in
1547 5487 1776 5545 laudem
1861 5493 2059 5549 Hiero-

414 5569 579 5628 nymi
605 5569 618 5609 :

419 5679 426 5690 .
503 5633 713 5703 Lingua
739 5635 934 5696 Latinal
956 5637 1142 5711 prius;
1173 5636 1266 5689 sed
1291 5636 1485 5700 adhuc,
1516 5639 1763 5696 mirabile
1803 5644 1966 5713 dictu,

2175 3289 2458 3345 Ausculta
2487 3289 2629 3361 quid
2661 3289 2888 3346 feceris.
2921 3290 3008 3346 Ita
3064 3307 3155 3346 me
3212 3291 3271 3346 in
3334 3296 3436 3348 tua
3487 3292 3831 3348 Praefatione

2172 3377 2451 3446 laudasti,
2487 3382 2552 3432 ut
2580 3377 2971 3450 objicerentur
3001 3379 3148 3436 mihi
3173 3379 3376 3436 laudes
3425 3387 3562 3452 tuas,
3607 3388 3662 3437 et
3709 3381 3829 3438 nisi

2175 3483 2268 3522 me
2299 3467 2557 3522 alienum
2589 3483 2622 3521 a
2651 3472 2812 3523 tanto
2844 3467 3152 3524 laudatore
3183 3468 3486 3538 dixissem,
3518 3468 3829 3526 hereticus

2167 3556 2488 3626 judicarer.
2522 3560 2841 3628 Postquam
2876 3556 3058 3628 repuli
3094 3557 3364 3624 crimina,
3395 3557 3455 3613 id
3485 3561 3573 3613 est
3619 3556 3825 3614 laudes

2167 3648 2328 3708 tuas,
2362 3647 2418 3697 et
2449 3642 2672 3714 absque
2695 3642 2913 3698 invidia
2936 3645 3023 3698 tui
3055 3643 3333 3710 nominis,
3385 3645 3660 3717 respondi
3707 3646 3826 3702 cri-

2171 3730 2453 3799 minibus,
2487 3748 2601 3786 non
2622 3730 2986 3787 criminatori
3014 3748 3026 3785 :
3061 3736 3236 3804 atque
3259 3739 3323 3788 ut
3346 3749 3436 3788 me
3463 3733 3827 3791 catholicum

2167 3837 2200 3874 a
2231 3825 2286 3875 te
2317 3820 2636 3875 infamatus
2659 3819 2986 3892 probarem,
3011 3820 3272 3878 invectus
3330 3838 3463 3878 sum
3506 3823 3565 3877 in
3596 3822 3830 3880 haereti-

2166 3926 2298 3965 cos:
2326 3908 2612 3974 irasceris,
2639 3907 2804 3974 furis,
2841 3909 2992 3965 539
3029 3914 3087 3966 et
3117 3909 3614 3967 luculentissimos
3645 3911 3829 3968 libros

2167 4004 2371 4055 contra
2392 4013 2484 4053 me
2515 3998 2716 4053 cudis:
2752 4013 2900 4068 quos
2931 4014 3068 4053 eum
3099 3997 3376 4070 legendos
3397 4003 3455 4055 et
3493 4000 3822 4056 cantandos

2169 4087 2444 4143 omnibus
2477 4085 2842 4150 tradidisses,
2874 4087 3139 4142 certatim
3173 4087 3243 4142 ad
3277 4104 3370 4143 me
3400 4089 3472 4144 de
3519 4087 3705 4156 Italia,
3766 4091 3826 4144 et

2168 4177 2312 4231 urbe
2346 4176 2552 4240 Roma,
2585 4178 2758 4245 atque
2790 4173 3076 4230 Dalmatia
3106 4176 3324 4248 scripta
3354 4181 3656 4243 venerunt,
3688 4177 3823 4249 qui-

2167 4265 2279 4321 bus
2311 4279 2402 4318 me
2433 4262 2702 4318 laudator
2737 4262 3022 4334 pristinus
3065 4281 3336 4320 ornasses
3385 4266 3709 4338 praeconiis.

2238 4354 2290 4407 8.
2327 4353 2591 4420 Pargavit
2621 4349 2887 4407 haereseos
2917 4354 3299 4424 suspicionem.
3321 4383 3389 4396 —
3408 4355 3630 4422 Fateor,
3661 4353 3824 4412 illico

2171 4442 2240 4496 ad
2267 4441 2496 4512 objecta
2523 4440 2918 4512 respondi;et
2963 4458 3056 4497 me
3101 4459 3213 4498 non
3273 4459 3401 4499 esse
3457 4442 3823 4511 haereticum,

2168 4527 2328 4583 totiis
2349 4527 2573 4583 viribus
2603 4527 2847 4599 probare
2889 4533 3138 4586 conatus
3195 4547 3349 4586 sum.
3406 4530 3655 4604 Misique
3711 4530 3824 4588 hos

2170 4615 2330 4687 ipsos
2383 4613 2675 4687 Apologia
2705 4632 2845 4671 meae
2877 4615 3080 4682 libros,
3103 4619 3174 4673 ad
3207 4635 3306 4675 eos
3331 4636 3480 4691 quos
3510 4624 3572 4675 tu
3617 4619 3824 4675 vulne-

2171 4719 2400 4759 raveras
2425 4721 2438 4771 ;
2461 4708 2526 4758 ut
2554 4720 2776 4760 venena
2802 4708 2921 4771 tua,
2977 4712 3178 4763 nostra
3221 4714 3565 4781 sequeretur
3592 4708 3825 4765 antido-

2168 4799 2286 4848 tus.
2321 4791 2404 4848 Ob
2436 4792 2586 4848 hanc
2619 4792 2852 4865 culpam
2884 4795 3072 4852 mittis
3103 4795 3247 4852 mihi
3278 4802 3336 4853 et
3363 4799 3582 4871 priores
3612 4799 3818 4868 libros,

2169 4885 2226 4936 et
2257 4885 2546 4937 recentem
2578 4881 2911 4954 epistolam,
2947 4884 3178 4956 plenam
3210 4885 3564 4956 injuriarum
3596 4892 3653 4942 et
3702 4887 3818 4942 cri-

2171 4971 2420 5026 minum.
2445 4969 2591 5033 Quid
2625 4985 2718 5026 me
2749 4970 2838 5026 vis
2869 4971 3074 5038 facere,
3111 4973 3257 5028 bone
3291 4974 3520 5030 amice?
3541 4974 3826 5030 Tuccam?

2230 5150 2443 5213 Graecus
2471 5151 2526 5199 et
2551 5148 2808 5213 Habt-aius
2835 5148 3123 5200 Chaldaica
3151 5152 3315 5203 verba
3345 5152 3558 5213 dedisti,

2229 5212 2344 5262 Jam
2377 5213 2607 5274 sapiens,
2639 5211 2966 5275 cupiensque
2992 5213 3192 5264 Jesum.
3261 5231 3276 5243 ·

2239 5292 2261 5370 ξ
2291 5289 2817 5370 Victoriusjruilqr
2841 5307 3086 5370 eximes.
3119 5293 3283 5368 legit,
3313 5313 3441 5370 quae
3470 5313 3578 5353 vox
3607 5300 3696 5352 est
3741 5297 3826 5352 ir-

2171 5363 2415 5418 ridentis
2446 5379 2513 5418 ac
2546 5362 2996 5420 stomachantis.

2240 5435 2443 5510 fidem
2474 5433 2715 5510 Victor.,
2745 5439 2808 5491 Et
2853 5439 2904 5491 le
2934 5439 2989 5490 in
3040 5438 3296 5492 omnibus
3343 5454 3686 5510 nequaquam
3744 5455 3835 5495 so-

2171 5506 2451 5560 lazcistam.
2487 5509 2598 5560 etc.

2242 5578 2262 5612 ¹ο
2296 5579 2481 5632 Antea
2509 5575 2718 5632 vitiose
2749 5580 2891 5647 erat,
2923 5577 2974 5633 si
3003 5577 3112 5649 illi,
3143 5579 3211 5635 ad
3242 5596 3390 5655 quos,
3423 5583 3534 5638 etc.
