4110 6162
233 224 329 293 £85

1390 226 1707 292 CONTRA
1749 219 2108 293 RUFINUM
2152 218 2302 290 LIB.
2346 222 2455 290 IlI.

3503 238 3621 306 186

229 357 467 412 Videbor
517 354 746 413 crimen
801 367 1135 430 agnoscere.
1196 360 1427 433 Loquar
1454 361 1482 416 ?
1528 363 1733 417 Terres
1778 378 1870 418 me
1898 364 1952 429 Α
1984 361 2196 433 raptim
2228 366 2285 416 et
2314 378 2378 417 ex
2408 365 2670 433 tempore
2699 364 2902 418 contra
2928 378 3035 420 nos
3065 362 3283 424 dictare
3312 370 3619 442 epistolam

224 445 419 519 gladiis
452 446 601 513 tuis,
639 450 695 503 et
724 447 1158 504 accusationem
1190 466 1307 505 non
1347 451 1473 521 jam
1515 450 1869 507 ecclesiasti-

224 553 359 602 cam,
393 536 499 591 sed
532 534 927 591 tribunalium
959 538 1509 602 comminaris.Quid
1547 540 1701 595 feci?
1733 541 1870 612 quid

225 624 591 680 commerui?
620 624 679 678 in
714 641 832 696 quo
862 630 918 681 te
945 625 1063 682 laesi
1084 626 1111 679 ‘?
1140 627 1287 690 Quia
1318 644 1410 683 me
1442 629 1643 701 negavi
1690 630 1870 686 hmre-

225 714 403 769 ticum
422 712 596 785 ‘?quia
623 727 717 767 me
740 713 862 768 tuis
886 712 1166 770 laudibus
1188 715 1326 770 duxi
1358 716 1663 789 indignum
1684 717 1711 772 ?
1734 717 1872 789 quia

231 801 631 859 haereticorum
659 801 1088 859 fraudulentias
1134 808 1191 860 et
1223 806 1482 877 perjuria
1522 812 1722 878 aperto
1751 824 1870 863 ser-

240 907 405 947 mone
435 890 758 961 descripsi?
789 891 937 955 Quid
970 892 1039 946 ad
1071 895 1147 958 te,
1179 892 1280 965 qui
1329 898 1387 949 et
1433 894 1786 950 catholicum
1818 901 1874 950 et

238 996 479 1035 veracem
515 984 570 1033 te
600 995 728 1034 esse
774 980 986 1049 jactas,
1019 980 1121 1051 qui
1170 980 1449 1037 libentius
1488 1000 1579 1038 me
1631 1000 1872 1039 accusas

240 1085 398 1139 quam
434 1071 491 1121 te
543 1066 850 1123 defendis?
878 1068 1035 1123 Num
1088 1085 1219 1124 mea
1259 1071 1541 1137 defensio,
1575 1073 1871 1127 accusatio

231 1154 476 1211 tuaest?
505 1157 625 1210 Aut
673 1154 841 1211 aliter
897 1156 1254 1213 orthodoxus
1303 1174 1433 1215 esse
1490 1176 1605 1214 non
1634 1160 1870 1233 poteris,

225 1244 324 1299 nisi
356 1260 455 1299 me
489 1243 831 1299 haereticum
864 1246 1377 1317 comprobaveris?
1409 1248 1555 1313 Quid
1608 1249 1715 1303 tibi
1749 1266 1871 1320 pro-

222 1335 338 1389 dest
369 1332 634 1388 societas
665 1350 797 1389 mea
816 1332 845 1387 ?
873 1335 989 1389 Aut
1018 1351 1145 1405 quae
1177 1339 1266 1390 est
1295 1335 1411 1391 ista
1432 1336 1875 1408 prudentia?Ac-

224 1427 456 1478 cusatus
509 1422 585 1477 ab
636 1421 791 1491 aliis,
824 1439 1067 1478 accusas
1117 1423 1320 1480 alium.
1353 1426 1438 1480 Ab
1486 1425 1599 1480 alio
1643 1430 1872 1497 appete-

224 1512 329 1578 ris;
364 1515 428 1566 et
460 1510 552 1565 illi
585 1514 817 1582 tergum
868 1512 1226 1583 obvertensﬁ
1230 1513 1625 1584 quiescentem
1676 1519 1877 1570 contra

224 1605 273 1655 te
299 1615 613 1672 provocas.

284 1691 333 1743 9.
369 1690 548 1790 Series
576 1690 809 1789 Ruﬁnus
924 1690 1332 1790 'llieronymui.
1368 1692 1648 1790 Origenes
1677 1692 1872 1747 lauda-
1908 1726 1954 1790 B

228 1780 295 1834 rit
318 1777 703 1833 eruditionem
733 1780 791 1831 in
811 1778 1481 1836 adolescentia.-—Testor
1498 1780 1876 1837 mediatorem

224 1867 452 1933 Jesum,
488 1866 745 1921 invitum
778 1882 872 1921 me
904 1870 960 1922 et
990 1873 1416 1939 repugnantem
1448 1870 1518 1923 ad
1552 1868 1674 1924 haec
1705 1872 1880 1926 verba

228 1955 585 2011 descendere
614 1956 719 2020 [AL
753 1955 1120 2026 respondere]
1149 1974 1161 2010 :
1197 1961 1253 2011 et
1274 1957 1387 2011 nisi
1408 1962 1471 2012 tu
1514 1975 1876 2030 provocares,

233 2061 469 2115 semper
496 2043 808 2098 taciturum
841 2044 1042 2099 fuisse.
1068 2044 1330 2116 Denique
1352 2045 1470 2101 noli
1502 2063 1794 2116 accusare,
1823 2053 1881 2103 et

232 2150 334 2206 ego
364 2132 610 2187 cessabo
637 2132 968 2188 defendere.
1001 2132 1135 2196 Quae
1181 2134 1337 2189 enim
1396 2139 1485 2190 est
1515 2136 1878 2193 audientium

229 2221 559 2288 aediﬁcatio,
590 2221 740 2275 duos
788 2237 959 2276 senes
1006 2220 1159 2277 inter
1201 2239 1264 2278 se
1311 2228 1547 2295 propter
1576 2223 1879 2281 haereticos

225 2309 581 2383 digladiari:
634 2311 961 2381 praesertim
1008 2327 1141 2365 cum
1191 2311 1362 2366 ambo
1422 2311 1749 2368 Catholicos
1819 2330 1880 2369 se

228 2399 396 2455 videri
422 2397 1006 2455 velint?0mittamus
1032 2399 1435 2455 haereticorum
1467 2402 1880 2473 patrocinium,

223 2494 275 2543 et
301 2487 471 2543 nulla
524 2487 640 2543 erit
687 2488 839 2542 inter
886 2503 992 2543 nos
1050 2488 1363 2543 contentio.
1397 2490 1612 2544 Eodem
1666 2491 1881 2547 fervore

225 2594 327 2648 quo
358 2576 689 2648 Origenem
735 2580 868 2631 ante
903 2575 1296 2645 laudavimus,
1332 2595 1488 2633 nunc
1536 2579 1879 2635 damnatum

224 2671 333 2721 toto
362 2667 517 2722 orbe
570 2664 946 2719 damnemus.
996 2665 1327 2737 Jungamus
1368 2668 1619 2735 dextras,
1653 2669 1882 2725 animos

226 2756 614 2827 copulemus:
650 2758 707 2808 et
749 2754 898 2808 duos
938 2753 1349 2826 (Theophilum
1399 2760 1455 2811 et
1484 2757 1881 2830 Anastasium)

228 2844 477 2900 Orientis
551 2849 729 2914 atque
806 2842 1134 2899 Occidentis
1188 2842 1644 2921 τροπαιοφόρους,
1704 2846 1880 2901 alacri

228 2950 554 3005 sequamur
575 2932 835 2986 incessu.
854 2932 1188 2987 Erravimus
1206 2934 1469 3002 juvenes,
1503 2936 1883 2991 emendemur

226 3024 480 3079 senes.Si
514 3023 698 3077 frater
727 3038 811 3088 es,
846 3038 938 3077 me
967 3022 1155 3094 gaude
1185 3026 1529 3078 correctum.
1566 3024 1624 3078 Si
1656 3024 1882 3080 amicus

1987 450 2322 522 cogereris?
2353 450 2507 505 Libri
2541 450 2696 506 enim
2725 451 2808 505 tui
2838 468 2986 523 quos
3032 452 3253 511 limasti
3302 476 3402 530 per
3439 463 3618 518 trien-

1982 538 2168 603 nium,
2203 539 2542 594 disertiores
2603 544 2743 595 sunt
2775 540 2840 594 ³⁸2
2869 540 2989 595 Nisi
3026 542 3169 597 forte
3208 561 3321 599 non
3371 548 3480 605 fuit
3511 552 3619 606 im-

1982 627 2445 698 praesentiarum,
2479 628 2578 698 qui
2611 633 2742 683 tuas
2773 631 3108 685 emendaret
3156 634 3408 700 naenias;
3442 642 3498 692 et
3536 639 3622 694 id-

1982 716 2135 770 circo
2167 733 2337 770 omne
2358 716 2469 770 iter
2498 717 2768 771 dictionis
2802 720 3160 790 ture,absque
3192 720 3446 779 Palladis
3478 732 3624 793 arte,

1982 802 2225 859 salebris
2282 810 2337 859 et
2385 805 2759 875 voraginibus
2812 807 3084 863 vitiorum
3134 808 3431 866 inciditur.
3481 815 3624 871 Tam

1983 897 2251 964 apertum
2283 893 2564 964 temporis
2623 895 2995 950 mendacium
3050 901 3159 965 est,
3193 880 3257 953 uit
3289 916 3405 955 non
3435 902 3625 960 dicam

1982 982 2353 1053 respondere,
2387 982 2485 1036 sed
2520 980 2706 1052 legere
2735 981 2914 1037 biduo
2964 999 3095 1038 mea
3138 986 3356 1057 scripta
3380 1006 3495 1045 non
3527 1008 3629 1062 po-

1984 1071 2185 1125 tueris.
2211 1071 2289 1124 Ex
2321 1086 2433 1141 quo
2466 1075 2706 1141 apparet
2734 1074 2789 1125 te
2822 1070 2980 1125 illam
3020 1072 3329 1143 epistolam
3364 1082 3465 1133 aut
3496 1079 3631 1151 plu-

1984 1158 2147 1212 ribus
2194 1158 2402 1214 diebus
2446 1158 2771 1229 scripsisse,
2808 1165 2873 1213 ut
2915 1159 3046 1231 styli
3097 1162 3284 1232 ipsius
3336 1164 3629 1238 elegantia

1984 1246 2192 1318 probat
2221 1265 2232 1314 ;
2266 1252 2367 1302 aut
2400 1248 2447 1301 si
2481 1246 2865 1302 tumultuaria
2886 1248 3062 1303 dictio
3094 1250 3198 1320 [Αἱ.
3234 1252 3495 1325 dictatio]
3519 1264 3629 1325 est,

1986 1335 2267 1389 nimirum
2301 1340 2354 1390 te
2404 1352 2532 1391 esse
2579 1335 2991 1408 negligentem,
3024 1337 3124 1409 qui
3167 1356 3300 1395 cum
3327 1346 3631 1416 extempo-

1985 1422 2125 1479 ralis
2156 1423 2289 1479 talis
2322 1424 2423 1493 sis,
2460 1425 2774 1480 meditatus
2807 1426 3058 1481 deterior
3087 1428 3287 1484 fueris.

2058 1512 2148 1567 Η.
2189 1514 2720 1568 Commentariorum
2749 1529 2863 1569 mos
2919 1522 2972 1568 ιιι
3017 1517 3227 1586 regula.
3260 1548 3328 1557 ~——
3361 1517 3507 1575 lllud
3532 1538 3633 1577 au-

1987 1607 2102 1656 tem
2131 1602 2285 1672 quod
2318 1600 2742 1674 tergiversaris,
2775 1606 2831 1655 et
2862 1602 3030 1669 dicis,
3062 1607 3117 1658 te
3164 1620 3232 1659 ea
3259 1606 3633 1665 transtulisse

1987 1691 2058 1745 de
2088 1690 2301 1756 Graeco,
2337 1707 2459 1760 quae
2493 1707 2596 1762 ego
2626 1690 2789 1761 prius
2822 1691 3025 1746 Latino
3074 1708 3343 1750 sermone
3372 1700 3632 1753 transtu-

1987 1778 2178 1845 lerim,
2212 1794 2326 1833 non
2378 1778 2521 1833 satis
2567 1778 2830 1850 intelligo
2876 1779 3014 1849 quid
3073 1780 3216 1835 velis
3266 1783 3633 1853 dicere;nisi

1990 1867 2135 1922 forte
2166 1867 2357 1921 adhuc
2378 1867 2837 1922 Commentarios
2863 1868 2935 1922 ad
2967 1868 3249 1940 Ephesios
3284 1872 3632 1941 criminaris,

1988 1959 2045 2011 et
2076 1954 2245 2027 quasi
2275 1954 2420 2010 nihil
2451 1954 2553 2009 tibi
2585 1972 2764 2026 super
2791 1955 2899 2010 hoc
2933 1973 3278 2027 responsum
3314 1961 3410 2031 sit,
3443 1963 3622 2018 obdu-

1990 2061 2084 2099 ras
2117 2042 2323 2098 frontis
2367 2043 2832 2114 impudentiam;
2876 2059 2980 2098 nec
3028 2046 3271 2102 auribus
3320 2049 3633 2120 obturatis,

1988 2149 2155 2188 voces
2185 2131 2396 2204 recipis
2428 2132 2802 2186 incantantis.
2837 2131 2953 2187 Nos
2992 2132 3050 2187 in
3080 2132 3543 2205 Commentariis,
3577 2145 3636 2196 et

1988 2221 2104 2277 illis
2135 2225 2190 2276 et
2221 2220 2367 2285 aliis,
2402 2226 2458 2275 et
2488 2220 2632 2275 541
2687 2225 2950 2275 nostram
3003 2226 3059 2275 et
3116 2222 3362 2280 aliorum
3396 2232 3635 2282 senten-

1989 2310 2134 2364 tiam
2187 2308 2626 2380 explicavimus,
2676 2311 2870 2379 aperte
2928 2309 3268 2366 conﬁtentes
3327 2329 3454 2383 quas
3496 2320 3636 2372 sunt

1991 2397 2281 2464 haretica,
2313 2414 2439 2468 qua:
2468 2395 2772 2452 catholica.
2808 2397 2909 2452 Hic
2941 2402 3031 2453 est
3079 2399 3234 2454 enim
3270 2402 3638 2460 Commenta-

1992 2487 2210 2542 riorum
2246 2503 2392 2553 mos,
2426 2492 2482 2541 et
2512 2484 2949 2557 explanantium
2982 2486 3202 2559 regula,
3237 2494 3301 2545 ut
3330 2490 3634 2562 opiniones

1994 2577 2051 2630 in
2084 2575 2443 2647 expositione
2472 2574 2661 2629 varias
2687 2579 3197 2646 persequantur,ct
3226 2578 3378 2649 quod
3410 2579 3497 2635 vel
3521 2581 3632 2637 sibi

1991 2664 2079 2720 vel
2112 2665 2243 2720 aliis
2286 2664 2574 2731 videatur,
2625 2664 2971 2719 edisserant.
3003 2666 3071 2719 Et
3122 2666 3227 2720 hoc
3268 2685 3382 2723 non
3441 2670 3632 2726 solum

1992 2758 2327 2809 sanctarum
2360 2752 2708 2824 interpretes
2749 2753 3201 2824 Scripturarum,
3245 2757 3344 2811 sed
3390 2758 3636 2815 saecula-

1992 2844 2142 2898 rium
2177 2858 2408 2914 quoque
2430 2841 2753 2896 litterarum
2786 2841 3193 2913 explanatores
3237 2845 3478 2911 faciunt,
3510 2852 3631 2903 tam

1997 2931 2202 2986 Latinze
2245 2930 2481 3002 lingum,
2530 2946 2708 3000 quam
2761 2930 2985 2985 Graece.
3046 2932 3132 2986 Tu
3192 2933 3250 2987 in
3310 2932 3477 2989 libris
3506 2936 3629 3010 περὶ

1989 3022 2226 3095 Ἀρχῶν,
2296 3018 2553 3090 idipsum
2610 3018 2922 3074 obtendere
2985 3036 3099 3075 non
3168 3026 3347 3093 potes.
3415 3028 3635 3096 Arguet

226 3129 374 3180 sum,
421 3114 499 3167 de
560 3110 939 3166 conversione
976 3092 1095 3166 vtua
1145 3112 1325 3166 debeo
1374 3112 1675 3183 gratulari.
1729 3113 1881 3170 540
1912 3092 1954 3157 (ἶ
1994 3092 2147 3165 enim
2182 3114 2237 3163 te
2278 3107 2723 3163 Praefatiuncula
2771 3112 2890 3176 tua,
2918 3108 2976 3163 in
3027 3125 3144 3181 qua
3170 3092 3629 3181 ipolliceris,‘rde-

227 3202 498 3266 Quandiu
538 3200 692 3255 inter
730 3216 838 3255 nos
880 3199 1147 3271 jurgium
1208 3200 1400 3267 fuerit,
1432 3201 1765 3257 videbimur
1794 3220 1880 3259 re-

228 3297 383 3345 ctam
417 3290 598 3344 ﬁdem
631 3288 979 3344 necessitate
1008 3289 1241 3355 ducere,
1269 3306 1384 3344 non
1415 3289 1729 3345 voluntate.
1766 3291 1879 3346 lni-

230 3380 471 3434 micitiee
504 3382 709 3433 nostra
740 3377 987 3432 invicem
1018 3378 1190 3433 nobis
1233 3377 1447 3433 tollunt
1476 3380 1882 3436 testimonium

230 3484 387 3522 verae
416 3465 777 3537 penitentiae.
812 3465 871 3521 Si
924 3483 1107 3521 unum
1168 3467 1482 3535 credimus,
1533 3468 1582 3522 si
1632 3468 1786 3523 idem
1829 3474 1884 3524 et

242 3554 531 3609 volumus
551 3559 605 3608 et
620 3554 881 3610 nolumus
912 3556 1003 3626 (ex
1024 3572 1139 3626 quo
1165 3555 1364 3611 firmas
1386 3556 1545 3612 nasci
1571 3557 1880 3625 amicitias,

241 3643 429 3698 etiam
462 3642 698 3698 Catilina
727 3645 1019 3715 testatur),
1051 3644 1098 3700 si
1150 3644 1449 3701 haereticos
1491 3646 1707 3718 pariter
1758 3648 1880 3702 odi-

234 3749 398 3799 mus,
432 3737 491 3787 et
529 3737 771 3789 veterem
822 3751 983 3805 atque
1043 3734 1397 3790 damnamus
1429 3751 1706 3803 errorem,
1742 3737 1879 3807 quid

227 3829 438 3880 contra
490 3838 597 3877 nos
646 3822 962 3889 tendimus,
996 3840 1130 3877 cum
1191 3824 1393 3879 eadem
1451 3840 1880 3895 oppugnemus,

228 3912 436 3967 eadem
459 3911 852 3966 defendamus
872 3910 901 3964 ?
934 3913 1174 3983 Ignosce
1218 3912 1388 3979 mihi,
1419 3914 1574 3983 quod
1616 3913 1882 3984 Origenis

224 4000 621 4055 eruditionem
656 4006 713 4054 et
756 3999 1019 4054 studium
1077 4000 1533 4072 Scripturarum,
1568 4005 1881 4073 antequam

219 4090 346 4159 ejus
397 4089 678 4144 haeresim
733 4086 965 4159 plenius
1024 4105 1282 4157 nossem,
1317 4089 1374 4143 in
1427 4089 1675 4159 juvenili
1719 4095 1882 4146 aetate

216 4177 451 4233 laudavi
480 4197 493 4245 ;
532 4181 591 4232 et
623 4193 729 4248 ego
756 4176 862 4231 tibi
894 4177 1043 4233 dabo
1074 4178 1327 4244 veniam,
1354 4179 1507 4249 quod
1536 4178 1879 4250 Apologiam

210 4267 510 4323 librorum
537 4267 669 4337 ejus
699 4282 845 4321 cano
868 4265 1171 4336 scripseris
1203 4266 1414 4338 capite.

224 4392 229 4395 μ
284 4358 371 4411 10.
406 4360 567 4411 Ante
588 4354 860 4421 biduum,
894 4371 1068 4425 quam
1123 4355 1192 4410 ad
1241 4371 1349 4410 nos
1397 4355 1703 4426 epistolam
1738 4357 1879 4412 scri-

1990 3197 2277 3253 truncatis
2327 3197 2520 3263 malis,
2550 3201 2607 3252 et
2666 3213 2791 3268 quae
2824 3197 2895 3251 ab
2952 3196 3238 3254 hareticis
3278 3201 3479 3256 addita
3509 3202 3630 3258 fue-

1992 3292 2144 3355 rant,
2172 3285 2392 3356 optima
2440 3286 2830 3341 remansisse:
2866 3291 2931 3340 ut
2974 3287 3257 3359 quidquid
3302 3290 3383 3344 ibi
3412 3291 3500 3346 vel
3524 3292 3633 3348 bo-

1996 3394 2159 3442 num,
2194 3375 2279 3431 vel
2313 3374 2535 3431 malum
2585 3375 2820 3442 dixeris,
2845 3376 2972 3445 jam
3024 3392 3137 3431 non
3189 3377 3237 3431 ei
3287 3378 3630 3451 imputetur,

1993 3480 2167 3536 quem
2200 3464 2503 3529 transfers,
2540 3463 2637 3519 sed
2676 3463 2779 3518 tibi
2821 3462 2919 3534 qui
2948 3462 3366 3535 interpretatus
3397 3484 3493 3535 es;
3520 3468 3633 3525 nisi

1993 3554 2139 3609 forte
2167 3552 2569 3608 haereticorum
2620 3567 2844 3606 errores
2892 3552 3202 3607 emendare
3240 3554 3545 3622 debueras,
3578 3559 3637 3611 et

1994 3641 2260 3712 Origenis
2294 3639 2450 3695 mala
2506 3640 2761 3711 proferre
2814 3640 2874 3693 in
2928 3639 3205 3695 medium.
3240 3642 3348 3695 Sed
3383 3643 3453 3696 de
3502 3643 3631 3712 hoc,

1993 3732 2133 3804 quia
2172 3747 2279 3786 nos
2311 3728 2558 3784 remittis
2607 3730 2676 3784 ad
2711 3728 2990 3793 codicem,
3025 3733 3155 3785 ante
3196 3729 3301 3786 tibi
3329 3731 3633 3803 respondi-

1994 3838 2147 3890 mus,
2182 3836 2358 3891 quam
2390 3824 2491 3873 tua
2520 3817 2737 3889 scripta
2765 3816 3114 3889 legeremus.

2066 3911 2151 3963 12.
2185 3908 2495 3964 Ridiculosa
2524 3924 2610 3962 res
2640 3912 2693 3961 et
2741 3908 2996 3961 ridicula.
3030 3906 3186 3963 Fides
3216 3909 3457 3966 Romana
3482 3927 3632 3983 prae-

1989 4000 2185 4069 stigias
2214 4014 2321 4052 non
2352 4000 2571 4067 recepit.
2599 4027 2665 4034 —
2701 4000 2775 4050 De
2819 3994 3106 4066 Pamphili
3140 3995 3308 4065 libro,
3342 4016 3456 4053 non
3490 4000 3631 4055 ridi-

1992 4087 2212 4153 culosa,
2242 4090 2306 4141 ut
2335 4090 2397 4139 tu
2449 4083 2676 4151 scribis,
2726 4085 2824 4139 sed
2876 4083 3123 4138 ridicula
3171 4085 3315 4139 mihi
3365 4087 3509 4142 forte
3540 4104 3632 4144 res

1991 4176 2221 4242 accidit,
2255 4178 2319 4229 ut
2342 4178 2653 4245 postquam
2682 4172 2915 4226 Eusebii
2948 4173 3299 4227 asseruerim
3331 4190 3479 4243 esse,
3514 4192 3631 4231 non

1991 4263 2301 4336 Pamphili,
2335 4264 2407 4318 ad
2440 4267 2762 4317 extremum
2796 4260 3062 4325 dixerim,
3094 4261 3271 4315 etiam
3305 4278 3397 4318 me
3446 4280 3632 4321 annos

1990 4353 2276 4425 plurimos
2308 4353 2416 4408 hoc
2448 4351 2866 4424 putasse,quod
2900 4349 3190 4421 Pamphili
3222 4350 3417 4415 fuerit,
3436 4356 3493 4407 et
3520 4357 3632 4410 ate

208 4441 652 4511 beres,libellos
684 4458 846 4498 meos
871 4443 929 4497 in
962 4460 1174 4498 manus
1195 4448 1327 4497 tuas
1358 4443 1588 4499 venisse
1620 4446 1870 4513 testaris,
1908 4460 1951 4523 Ι)
1988 4443 2283 4514 exemplar
2312 4442 2490 4512 hujus
2529 4438 2845 4495 voluminis
2891 4442 3246 4495 mutuatum.
3282 4440 3423 4497 Vide
3453 4458 3634 4514 quan-

207 4538 259 4586 et
289 4534 526 4589 idcirco
559 4548 675 4586 non
719 4531 997 4586 habuisse
1041 4532 1296 4603 spatium
1349 4549 1415 4587 ex
1464 4532 1579 4587 otio
1631 4550 1870 4605 respon-

205 4622 379 4678 dendi
410 4641 425 4678 :
462 4620 691 4691 alioqui
727 4620 774 4676 si
809 4621 1129 4677 meditatus
1162 4620 1222 4675 in
1263 4638 1369 4676 nos
1401 4626 1758 4694 paratusque
1787 4623 1874 4677 di-

202 4711 417 4777 xisses,
452 4709 717 4765 fulmina
757 4711 976 4780 jacere,
1012 4726 1127 4765 non
1178 4710 1426 4765 crimina
1474 4710 1772 4766 videreris.
1809 4712 1877 4766 Et

202 4801 337 4871 quis
366 4790 486 4855 tibi
522 4799 721 4853 credet
752 4798 975 4853 homini
1024 4798 1429 4867 veracissimo,
1457 4804 1523 4853 ut
1552 4800 1877 4871 negotiator

200 4888 597 4945 orientalium
627 4886 935 4953 mercium,
964 4887 1064 4960 qui
1112 4892 1168 4943 et
1213 4888 1351 4943 hinc
1400 4889 1702 4960 deportata
1734 4906 1873 4943 ven-

199 4977 338 5034 dere
368 4991 624 5033 necesse
654 4976 929 5043 habebat,
980 4980 1037 5031 et
1084 4976 1164 5031 ibi
1197 4992 1408 5044 emere,
1445 4992 1570 5047 quae
1600 4976 1715 5031 huc
1746 4994 1872 5032 rur-

199 5082 303 5122 sus
335 5066 690 5131 adveheret,
725 5065 972 5121 biduum
1006 5069 1236 5121 tantum
1275 5063 1554 5137 Aquileia:
1582 5064 1774 5135 fuerit,
1808 5070 1874 5122 ut

263 5331 277 5361 ¹
317 5328 607 5382 Fortasse
639 5326 1014 5399 scribendum
1056 5330 1145 5382 est
1203 5326 1423 5399 absque
1473 5327 1870 5399 interrogatio-

192 5402 285 5453 nis
324 5403 480 5473 nota
510 5414 643 5453 cum
674 5398 930 5473 Victoria
956 5399 1076 5473 ;_sed
1110 5398 1386 5473 prmtcha
1415 5416 1547 5454 cum
1592 5398 1866 5473 negandi,

192 5478 258 5523 ut
285 5471 541 5541 opinor,
592 5469 899 5541 particula,
947 5469 1289 5525 dissertiores
1345 5487 1455 5526 non
1497 5481 1652 5534 sunt;
1672 5469 1746 5527 ut
1777 5489 1866 5529 se-

189 5540 396 5623 quens
430 5540 741 5601 contextus
768 5540 1005 5602 indicat.
1039 5545 1322 5601 Ceterum
1374 5542 1517 5601 satis
1560 5542 1869 5605 infeliciter

1987 4538 2112 4587 tum
2146 4532 2384 4586 timeam
2417 4528 2734 4585 cachinnos
2766 4533 2919 4595 tuos,
2944 4532 3007 4582 ut
3037 4528 3213 4584 etiam
3246 4547 3404 4586 nunc
3427 4531 3632 4587 eadem

1986 4621 2269 4693 ingeram.
2312 4624 2387 4673 Dc
2416 4624 2513 4674 tuo
2558 4618 2754 4674 codice
2800 4617 2969 4690 quasi
3014 4617 3305 4690 Pamphili
3340 4619 3635 4690 exemplar

1986 4708 2572 4780 accepimus.Credidi
2606 4707 3022 4774 Christiano,et
3053 4707 3270 4762 credidi
3303 4706 3627 4763 monacho:

1987 4816 2100 4853 non
2134 4797 2329 4869 putavi
2378 4801 2608 4853 tantum
2665 4795 2899 4851 sceleris
2945 4812 2979 4849 a
3026 4800 3081 4851 te
3121 4812 3291 4867 posse
3340 4795 3620 4867 conﬁngi.

1986 4888 2192 4944 Postea
2221 4904 2356 4942 vero
2389 4903 2491 4957 per
2520 4884 3057 4957 interpretationem
3089 4888 3272 4951 tuam,
3306 4884 3627 4954 quzestione

1983 4982 2185 5033 contra
2214 4976 2520 5048 Origenem
2552 4978 2674 5028 toto
2706 4973 2843 5027 orbe
2866 4977 3177 5035 commota,
3210 4972 3268 5025 in
3298 4972 3632 5043 quaerendis

1984 5065 2420 5139 exemplaribus
2473 5060 2806 5134 diligentior
2854 5059 2956 5125 fui,
2989 5065 3044 5115 et
3074 5060 3131 5114 in
3167 5060 3507 5118 Cissariensi
3535 5060 3634 5118 Βίσ-

1984 5327 2044 5404 li.
2104 5326 2471 5404 Martianazus
2530 5320 2836 5404 intellexit,
2893 5320 3319 5404 negotiatorem
3378 5318 3474 5375 hic
3522 5320 3649 5404 abs

1980 5401 2328 5470 Hieronymo
2362 5397 2554 5470 ipsum
2598 5394 2875 5470 Rufinum
2928 5393 3063 5461 dici,
3097 5394 3343 5464 ejusque
3380 5393 3671 5465 negotia‘

1980 5474 2150 5526 tiones
2180 5466 2229 5526 εἰ
2259 5466 2556 5525 avaritiam
2586 5466 2831 5524 irrideri.
