4110 6162
511 286 634 358 487

1748 285 1816 346 8.
1861 276 2196 360 EUSEBII
2217 273 2694 359 HIERONYMI.

3719 288 3826 360 ‘88

511 419 863 478 bibliotheca
893 413 1124 476 Eusebii
1145 433 1247 474 sex
1274 415 1576 476 volumina
1604 418 1791 490 reperi
1821 414 2154 490 Ἀπολογίας
2183 419 2238 485 Α
2269 421 2359 494 est
2387 417 2538 474 548
2570 415 2740 484 liber,
2774 419 2840 471 ut
2867 415 3037 472 multi
3061 417 3286 488 putant:
3335 417 3443 480 sive
3469 419 3532 479 ab
3573 420 3749 491 altam,
3773 429 3829 480 ut

513 509 643 584 ὑπὲρ
679 511 695 545 ι
726 507 1057 584 Ὠριγένους.
1077 508 1214 573 Qum
1245 523 1382 562 cum
1411 505 1708 580 legissem,
1743 507 2004 579 primum
2027 522 2161 563 eum

2237 493 2240 496 ’
2273 506 2517 562 forsitan
2571 505 2962 576 persuadere3
3013 506 3329 575 conaberis,
3355 512 3411 563 et
3448 511 3641 566 temere
3675 511 3829 570 credi-

508 599 726 656 librum
757 595 1132 670 deprehendi,
1185 612 1360 667 quem
1406 599 1474 650 tu
1533 594 1696 651 solus
1726 596 1747 630 ³
1776 595 1886 651 sub
1925 594 2163 650 nomine
2273 594 2436 661 disti,
2467 593 2723 650 haeretici
2755 593 3014 650 hominis
3045 592 3318 668 σύνταγμα
3345 596 3506 666 (opus)
3556 612 3669 655 esse
3706 614 3831 656 mar-

510 687 782 760 martyris
814 685 1072 755 edidisti,
1105 684 1176 740 de
1207 683 1348 739 Filio
1379 687 1435 739 et
1464 682 1682 756 Spiritu
1717 686 1940 748 sancto,
1974 682 2034 736 in
2065 682 2160 737 bo-

505 793 644 833 nam
675 779 904 848 partem
936 773 1234 846 plerisque
1265 771 1656 844 blasphemiis
1684 769 2162 826 commutatis.Et

507 864 616 921 hoc
645 863 734 920 vel
767 863 1082 936 Didynum,
1112 859 1199 917 vel
1241 864 1318 930 te,
1349 859 1438 916 vel
1481 859 1664 915 alium
1717 857 1925 915 fecisse
1962 858 2159 914 nescio

507 969 704 1026 quem,
739 952 893 1025 quod
937 955 1000 1006 tu
1049 949 1424 1022 apertissime
1479 947 1537 1003 in
1582 947 1748 1004 libris
1783 945 1907 1020 περῖ
1938 947 2154 1021 Ἀρχῶν

504 1041 712 1098 fecisse
741 1037 1141 1097 convinceris:
1175 1037 1428 1093 maxime
1455 1053 1592 1093 cum
1642 1037 1797 1091 idem
1844 1035 2156 1102 Eusebius,

505 1135 572 1187 ut
591 1129 718 1202 jam
749 1127 981 1184 duobus
1028 1125 1460 1197 (superioribus)
1509 1124 1678 1180 libris
1716 1123 1908 1191 docui,
1943 1122 2160 1180 scribat

504 1217 876 1292 Pamphilum
908 1214 1052 1271 nihil
1085 1215 1305 1286 proprii
1337 1213 1530 1286 operis
1574 1212 1850 1268 edidisse.
1885 1212 1986 1268 Dic
2017 1227 2157 1284 ergo

502 1312 559 1363 et
587 1313 670 1374 tu,
704 1324 738 1363 a
769 1323 885 1379 quo
915 1302 1212 1376 exemplar
1241 1301 1556 1376 acceperis,
1591 1318 1696 1358 nec
1729 1301 1875 1357 mihi
1907 1301 1978 1356 ad
2013 1300 2154 1356 sub-

499 1394 937 1469 terfugiendum
970 1392 1121 1448 542
1149 1391 1392 1459 crimen,
1423 1395 1689 1446 mortuos
1721 1389 1950 1461 aliquos
1971 1388 2158 1444 nomi-

501 1500 634 1540 nes:
659 1487 723 1538 ut
744 1499 879 1538 cum
901 1485 1198 1537 auctorem
1221 1479 1528 1538 ostendere
1551 1495 1666 1534 non
1696 1477 2154 1550 potueris,illum

497 1572 605 1643 [ΑΙ.
629 1571 836 1640 alium]
869 1568 1260 1641 proferas,qui
1291 1584 1406 1623 non
1439 1566 1626 1639 possit
1655 1565 2026 1637 respondere.
2051 1564 2153 1620 Sin

499 1665 696 1716 autem
728 1657 955 1713 rivulus
986 1655 1082 1711 ille
1129 1655 1189 1711 in
1237 1655 1356 1711 tuis
1403 1654 1635 1711 scriniis
1688 1654 1908 1710 fontem
1954 1653 2152 1718 habet,

2273 683 2438 755 tyris,
2473 687 2637 738 muta
2697 682 2961 750 titulum,
2999 687 3058 739 et
3108 684 3419 742 Romanam
3465 683 3833 756 simplicitatem

2270 774 2433 827 tanto
2464 770 2722 843 periculo
2761 770 2964 827 libera.
3015 771 3138 830 Non
3193 772 3299 828 tibi
3346 773 3578 844 expedit,
3606 777 3663 828 ut
3685 790 3770 845 per
3791 779 3835 832 te

2271 859 2642 916 clarissimus
2702 864 2924 932 martyr
2972 859 3275 916 haereticus
3320 861 3631 933 judicetur;
3659 866 3715 918 ut
3756 864 3836 935 qui

2277 948 2483 1004 effudit
2526 965 2631 1020 pro
2688 948 2919 1005 Christo
2964 948 3331 1022 sanguinem,
3390 949 3837 1011 contrariusiidei

2269 1035 2484 1092 Christi
2515 1037 2889 1110 approbetur.
2923 1037 3025 1093 Dic
3058 1038 3269 1110 potius,
3305 1038 3491 1093 Inveni
3519 1038 3725 1106 librum,
3750 1055 3838 1111 pu-

2271 1126 2381 1181 tavi
2410 1125 2577 1182 illum
2609 1125 2920 1198 martyris:
2958 1143 3030 1182 ne
3076 1125 3282 1182 timeas
3325 1127 3703 1199 pmnitentiam.
3727 1128 3839 1185 Jam

2268 1219 2323 1270 te
2353 1231 2466 1270 non
2499 1214 2743 1287 urgebo,
2775 1232 2892 1271 non
2943 1232 3202 1287 quaeram
3249 1233 3284 1270 a
3309 1232 3422 1287 quo
3452 1216 3741 1288 acceperis:
3768 1217 3840 1272 vei

2269 1306 2632 1358 mortuorum
2682 1302 2940 1374 aliquem
2990 1304 3312 1371 nominato,
3343 1303 3429 1362 vel
3479 1303 3536 1360 in
3581 1303 3744 1375 platea
3781 1305 3840 1363 ab

2267 1391 2463 1462 ignoto
2494 1390 2732 1446 homine
2763 1395 2820 1447 te
2847 1391 3064 1448 emisse
3095 1390 3294 1449 dicito.
3315 1392 3446 1453 Non
3475 1393 3618 1448 enim
3646 1392 3842 1451 damna-

2266 1480 2488 1536 tionem
2520 1484 2685 1535 tuam
2719 1479 3060 1551 quaerimus,
3091 1481 3194 1537 sed
3224 1479 3840 1538 conversionem.Melius

2266 1571 2376 1636 est,
2410 1571 2476 1622 ut
2533 1572 2597 1623 tu
2645 1568 2950 1635 erraveris,
2985 1585 3163 1640 quam
3215 1575 3282 1625 ut
3332 1572 3544 1642 martyr
3591 1568 3844 1626 haereticus

2268 1655 2462 1711 fuerit.
2517 1656 2754 1712 Interim
2815 1657 2886 1712 de
2934 1657 3206 1728 praesenti
3259 1658 3546 1730 compede,
3599 1661 3846 1729 utcunque

498 1747 640 1819 quid
673 1743 1182 1852 spequa‘tur,‘etiam
1333 1746 1583 1812 tacente,
1623 1759 1742 1852 nep
1769 1741 2030 1852 dubitas.1
2042 1741 2153 1842 γεῖς
2184 1786 2231 1852 Β
2265 1759 2403 1800 erue
2433 1744 2660 1817 pedem.
2697 1745 2758 1800 In
2793 1745 2988 1800 futuro
3007 1744 3237 1816 judicio
3289 1751 3354 1802 tu
3396 1745 3614 1815 videris,
3643 1745 3763 1817 quid
3782 1745 3844 1802 ad

500 1851 632 1891 rum
685 1834 776 1890 fac
817 1833 890 1889 ab
943 1831 1057 1888 alio
1109 1831 1370 1904 quolibet
1412 1835 1671 1887 amatore
1699 1829 1984 1903 Origenis,
2018 1831 2151 1885 libri
2184 1829 2231 1852 ”
2265 1833 2541 1905 martyris
2570 1835 2776 1888 contra
2799 1836 2854 1889 te
2887 1834 3246 1906 respondeas
3277 1834 3667 1907 querimonias.

498 1923 679 1994 hujus
692 1921 1019 1988 titulum,et
1039 1921 1296 1977 auctoris
1313 1919 1666 1976 vocabulum
1699 1923 2147 1974 commutatum.

499 2029 604 2068 cur
632 2011 741 2068 hoc
785 2010 844 2066 in
877 2010 1146 2066 Latinam
1196 2007 1458 2082 linguam
1505 2008 1723 2064 vertis?
1773 2007 2058 2064 Videlicet
2088 2012 2152 2063 ut

498 2098 836 2156 testimonio
869 2097 1143 2171 martyris
1186 2113 1391 2153 omnes
1440 2096 1708 2168 Origenis
1761 2096 1996 2168 scriptis
2025 2112 2149 2152 cre-

498 2188 722 2259 derent,
757 2188 1063 2260 praemissa
1108 2186 1436 2241 munitione
1480 2185 1624 2241 tanti
1675 2185 1932 2241 auctoris
1979 2188 2036 2240 et
2067 2191 2150 2239 le-

498 2277 746 2338 stis.Nec
776 2276 882 2333 tibi
913 2275 1130 2333 sufficit
1177 2274 1507 2331 doctissimi
1555 2273 1659 2330 viri
1702 2273 2004 2346 Apologia,
2035 2272 2150 2328 nisi

497 2367 724 2426 scribas
755 2370 812 2423 et
840 2365 1144 2439 proprium
1175 2363 1445 2420 volumen
1478 2380 1581 2436 pro
1613 2362 1947 2418 defensione
1979 2361 2145 2432 ejus:

499 2455 717 2528 quibus
747 2472 854 2528 per
895 2453 1112 2509 multos
1157 2451 1582 2519 disseminatis,
1617 2455 1741 2507 tuto
1790 2452 1916 2522 jam
1967 2450 2150 2506 libros

497 2544 621 2619 περὶ
679 2546 893 2617 Ἀρχῶν
943 2541 1119 2598 vertis
1176 2558 1207 2596 e
1257 2542 1473 2608 Graeco,
1505 2545 1563 2596 et
1614 2540 1720 2596 hos
1748 2539 1908 2612 ipsos
1936 2539 2147 2594 Praefa-

497 2635 656 2689 tione
683 2632 1083 2699 commendas,
1111 2630 1314 2686 dicens
1362 2628 1647 2685 nonnulla
1693 2630 1752 2684 in
1810 2628 1901 2684 his
1933 2627 2004 2684 ab
2038 2627 2149 2682 hae-

500 2721 694 2780 reticis
716 2721 1048 2793 depravata,
1083 2736 1209 2791 quas
1242 2723 1303 2774 tu
1338 2719 1408 2774 de
1440 2718 1688 2774 aliorum
1720 2717 2005 2772 librorum
2030 2715 2150 2771 Ori-

498 2809 666 2883 genis
724 2808 972 2864 lectione
1017 2807 1357 2864 correxeris.
1391 2807 1481 2862 Me
1527 2822 1762 2878 quoque
1813 2804 2043 2872 laudas,
2079 2821 2150 2859 ne

499 2899 607 2954 tibi
638 2897 965 2954 amicorum
1007 2913 1271 2952 meorum
1303 2895 1599 2968 quispiam
1630 2893 2150 2950 contradicat.0ri-

499 2988 666 3064 genis
716 2987 930 3061 κήρυκα
986 2987 1337 3057 (praeconem)
1396 2985 1700 3056 praedicas,
1755 2981 2150 3054 eloquentiam

502 3091 692 3132 meam
725 3076 840 3130 fers
871 3075 930 3131 in
953 3074 1260 3141 ccelum,ut
1289 3074 1463 3129 fidem
1483 3073 1541 3128 in
1573 3089 1803 3128 caenum
1828 3071 2146 3144 deprimes:

2333 1923 2420 1976 13.
2453 1923 2526 1977 De
2581 1924 3014 1979 Commentariis
3071 1924 3379 1980 calumnia.
3437 1923 3762 1994 Apollinariu:
3799 1924 3844 1980 el

2260 2009 2526 2082 Didymus
2557 2009 2781 2066 diversi.
2815 2040 2883 2051 -
2914 2011 3200 2083 Proponis
3231 2013 3409 2070 etiam
3431 2011 3687 2084 tibi,quod
3705 2024 3849 2066 nemo

2259 2097 2480 2168 objicit,
2511 2102 2568 2154 et
2615 2097 2793 2153 diluis
2854 2099 3010 2170 quod
3069 2098 3276 2156 nullus
3331 2105 3578 2156 accusat.
3612 2099 3699 2155 Ais
3725 2097 3850 2154 enim

2259 2187 2415 2258 quod
2463 2185 2523 2240 in
2557 2186 2702 2242 meis
2724 2185 2936 2244 litteris
2965 2187 3215 2260 legeris:
3254 2211 3285 2239 «
3316 2190 3436 2258 Dic,
3477 2189 3600 2261 quis
3628 2187 3721 2245 tibi
3747 2202 3852 2259 per-

2259 2273 2439 2342 misit,
2473 2280 2538 2330 ut
2573 2273 2963 2346 interpretans
2993 2277 3267 2347 quaedam
3313 2278 3590 2344 auferres,
3631 2275 3851 2348 quedam

2258 2369 2540 2430 mutares,
2577 2365 2845 2436 quaedam
2879 2365 3170 2422 adderes?
3205 2389 3233 2415 ››
3269 2367 3588 2439 Statimque
3622 2364 3715 2420 tibi
3759 2363 3847 2436 ipsi

2258 2453 2598 2524 respondes,
2629 2457 2688 2509 et
2715 2458 2918 2509 contra
2948 2470 3041 2510 me
3088 2453 3354 2526 loqueris
3379 2473 3392 2511 :
3432 2475 3453 2503 ι
3487 2455 3564 2512 En
3592 2453 3688 2511 tibi
3714 2451 3846 2508 dico:

2258 2541 2460 2605 Quaeso
2509 2541 2643 2612 quis
2689 2542 3040 2613 permiserit,
3073 2547 3138 2598 ut
3190 2544 3252 2600 in
3317 2541 3736 2606 Commentariis
3758 2539 3851 2595 tuis

2258 2630 2523 2702 quasdam
2548 2631 2619 2687 de
2642 2630 2912 2703 Origene,
2946 2632 3216 2702 quedam
3237 2634 3314 2689 de
3339 2632 3702 2705 Apollinario,
3730 2644 3850 2701 que-

2257 2719 2392 2773 dam
2426 2719 2497 2773 de
2529 2724 2583 2773 te
2614 2717 2741 2790 ipso
2773 2719 3142 2785 scriberes,et
3174 2737 3294 2777 non
3326 2722 3398 2778 de
3429 2722 3664 2795 Origene
3682 2723 3851 2782 totum,

2255 2811 2356 2864 aut
2384 2823 2452 2863 ex
2486 2812 2558 2874 te,
2593 2812 2695 2863 aut
2724 2825 2791 2863 ex
2822 2807 2984 2864 alio?
3011 2828 3038 2861 ιι
3077 2810 3322 2867 Interim
3374 2811 3434 2868 in
3464 2815 3518 2866 te
3571 2811 3700 2865 dum
3726 2803 3852 2863 aliud

2258 2895 2403 2967 agis,
2434 2897 2656 2951 crimen
2709 2895 3096 2953 fortissimum
3146 2899 3488 2970 prodidisti,
3519 2903 3576 2955 et
3599 2895 3787 2953 oblitus
3808 2908 3856 2950 es

2255 2985 2465 3040 veteris
2497 2983 2783 3057 proverbii
2810 3004 2821 3040 :
2859 2985 3166 3044 Mendaces
3196 3003 3496 3044 memores
3525 3003 3645 3044 esse
3672 2985 3858 3041 debere.

2256 3073 2412 3128 Dicis
2441 3072 2602 3128 enim
2635 3089 2728 3129 me
2758 3073 2815 3128 in
2849 3074 3302 3131 Commentariis
3344 3077 3512 3145 meis,
3545 3075 3782 3148 quaedam
3805 3070 3860 3126 de

501 3165 737 3220 fratrem
785 3167 842 3219 et
887 3162 1171 3235 collegam
1228 3179 1420 3229 vocas,
1453 3165 1510 3218 et
1559 3162 1911 3217 imitatorem
1946 3165 2001 3215 te
2035 3159 2148 3216 mei
2179 3153 2220 3220 C
2260 3161 2526 3234 Origene,
2560 3162 2828 3234 quaedam
2883 3163 2956 3218 de
3003 3163 3392 3235 Apollinario,
3427 3165 3684 3238 quaedam
3710 3179 3768 3218 ex
3789 3174 3862 3216 me

499 3252 694 3326 operis
721 3251 1314 3323 confiteris.Cumque
1345 3267 1379 3305 a
1409 3267 1501 3306 me
1531 3249 1846 3306 translatas
1881 3248 2146 3321 Origenis

497 3341 873 3416 septuaginta
901 3339 1198 3406 homilias,
1235 3343 1292 3395 et
1324 3338 1639 3396 nonnullos
1688 3344 1880 3395 tomos
1907 3339 1964 3393 in
1995 3341 2148 3411 Apo-

499 3430 718 3487 stolum
741 3431 952 3502 jactes,
985 3429 1043 3484 in
1067 3428 1287 3501 quibus
1318 3428 1403 3484 sic
1429 3432 1640 3484 cuncta
1670 3427 2051 3494 1imaverim,«
2085 3431 2150 3482 ut

502 3519 648 3576 nihil
679 3519 738 3574 in
770 3517 908 3589 illis,
941 3519 1096 3590 quod
1131 3534 1166 3573 a
1195 3518 1309 3573 fide
1331 3516 1616 3572 catholica
1655 3517 1961 3589 discrepet,
2001 3516 2146 3571 Lati-

2257 3250 2383 3323 ipso
2415 3251 2703 3322 posuisse.
2729 3250 2787 3306 Si
2819 3268 2956 3324 ergo
2988 3251 3332 3324 Apollinarii
3371 3258 3511 3310 sunt
3540 3258 3596 3310 et
3622 3248 3864 3324 Origenis,

2257 3355 2382 3410 quis
2415 3339 2525 3394 sub
2556 3338 2804 3395 aliorum
2835 3340 3072 3397 nomine
3103 3341 3273 3414 posui
3299 3358 3310 3397 :
3344 3343 3636 3416 quomodo
3662 3337 3865 3396 inlibris

2257 3427 2376 3482 tuis
2419 3427 2565 3482 mihi
2595 3427 2820 3484 crimen
2858 3428 3164 3502 impingis,
3197 3431 3358 3502 quod
3411 3431 3640 3504 quando
3677 3425 3865 3486 scribo:

2259 3539 2285 3566 ‹‹
2320 3515 2484 3572 Alius
2515 3515 2624 3571 hoc
2659 3517 2835 3585 dicit;
2870 3519 3119 3582 Quidam
3170 3519 3254 3574 sic
3285 3521 3664 3593 suspicatur;
3692 3540 3718 3567 »
3744 3513 3868 3574 aliut

501 3625 614 3666 nus
646 3607 828 3664 lector
853 3606 1171 3675 inveniat;»
1195 3623 1352 3662 nunc
1373 3607 1610 3662 eosdem
1636 3605 1814 3661 libros
1846 3605 2150 3660 haereticos
2254 3604 2377 3673 ille,
2405 3610 2462 3661 et
2491 3605 2756 3678 quidam,
2789 3622 2894 3678 ego
2927 3607 3060 3663 sim.
3095 3608 3251 3664 Inter
3276 3609 3698 3681 Apollinarium
3727 3609 3775 3662 et
3797 3599 3871 3659 Di-

501 3697 871 3754 criminaris:
931 3701 988 3752 et
1045 3713 1209 3752 verso
1267 3693 1438 3768 style,
1490 3709 1666 3766 quem
1709 3694 2149 3768 prmdicaveras,

503 3784 642 3856 quia
697 3788 1026 3840 consortem
1087 3783 1354 3856 putabas,
1414 3799 1680 3849 accusas,
1729 3783 2010 3854 quoniam
2042 3782 2146 3848 [AL

502 3872 726 3928 additur
756 3871 953 3944 modo]
979 3871 1233 3942 perﬁdiae
1267 3876 1376 3926 tua
1425 3871 1612 3928 cernis
1647 3871 1976 3926 inimicum.
2010 3869 2150 3934 Quis

502 3977 532 4016 e
563 3960 793 4015 duobus
823 3958 1214 4016 calumniator
1240 3963 1330 4016 est
1359 3960 1633 4032 martyris
1653 3959 1681 4013 7
1703 3960 1818 4031 Ego
1851 3959 1951 4032 qui
1984 3958 2148 4014 illum

503 4047 631 4104 dico
660 4047 997 4105 haereticum
1029 4065 1145 4104 non
1179 4048 1380 4118 fuisse,
1412 4065 1516 4104 nec
1567 4047 1874 4121 scripsisse
1909 4047 2148 4114 librum,

503 4136 605 4210 qui
645 4136 717 4193 ab
748 4136 1024 4193 omnibus
1071 4136 1554 4210 reprehenditur:
1589 4153 1661 4192 an
1715 4142 1800 4206 tu,
1833 4136 1932 4208 qui
1982 4134 2149 4190 volu-

503 4243 636 4284 men
659 4225 914 4284 hominis
935 4225 1336 4295 Ariani,titulo
1382 4230 1763 4290 commutato,
1781 4225 1892 4279 sub
1915 4223 2152 4278 nomine

503 4315 778 4390 martyris
807 4315 1042 4372 edidisti
1063 4315 1220 4371 ?Non
1253 4315 1358 4369 tibi
1391 4314 1610 4369 sufficit
1639 4311 1981 4368 scandalum
2006 4312 2152 4365 Grae-

502 4405 624 4474 cisa,
656 4405 770 4460 nisi
818 4403 963 4460 illud
1014 4407 1070 4458 et
1115 4404 1456 4459 Latinorum
1506 4401 1748 4456 auribus
1808 4399 2064 4471 ingeras,
2095 4405 2154 4455 et

503 4492 787 4565 inclytum
819 4496 1134 4563 martyrem
1168 4494 1267 4544 tua
1296 4494 1594 4584 quantum.
1617 4487 1675 4541 in
1727 4492 1782 4542 te
1829 4491 1918 4542 est
1958 4490 2151 4542 trans-
2183 4520 2232 4584 Β

503 4578 719 4635 latione
766 4579 1074 4634 deformes.
1107 4580 1195 4633 Tu
1246 4578 1487 4650 quidem
1545 4575 1660 4633 alia
1711 4579 1902 4632 mente
1943 4575 2147 4646 fecisti,

505 4683 622 4727 non
670 4671 735 4722 ut
777 4683 870 4722 me
918 4682 1249 4733 accusares,
1285 4666 1385 4721 sed
1446 4670 1511 4721 ut
1566 4665 1834 4738 Origenis
1888 4682 1990 4739 per
2047 4683 2153 4723 nos

505 4757 724 4831 scripta
744 4755 1105 4813 defenderes.
1127 4757 1396 4811 Attamen
1420 4755 1566 4812 scito
1601 4759 1922 4812 Romanam
1954 4756 2153 4825 fidem,

506 4845 826 4922 apostolica
848 4861 984 4902 voce
1016 4843 1680 4910 laudatam,istiusmodi
1713 4845 2008 4919 praestigia
2037 4862 2152 4901 non

508 4936 765 5010 recipere
793 4952 807 4992 :
840 4935 1016 4992 etiam
1047 4934 1096 4991 si
1137 4933 1382 5006 angelus
1414 4933 1582 4992 aliter
1613 4935 1943 5000 annuntiet,
1975 4951 2154 5006 quam

508 5025 690 5083 semel
720 5025 1097 5100 praedicatum
1128 5028 1237 5093 est,
1268 5023 1429 5080 Pauli
1480 5025 1824 5082 auctoritate
1864 5024 2154 5080 munitam

510 5129 626 5174 non
657 5131 831 5188 posse
873 5115 1108 5173 mutari.
1165 5115 1334 5188 Ergo,
1369 5115 1564 5180 frater,
1597 5113 1716 5171 sive
1755 5131 1790 5170 a
1822 5118 1874 5168 te
1906 5111 2154 5170 falsatus

585 5383 966 5465 ¹Ἀπολογίρις
1025 5389 1178 5465 ὑπὲρ.
1239 5392 1516 5465 Erasmus
1574 5391 1714 5464 legit
1783 5391 1921 5465 haec
1961 5389 2157 5465 Grates

512 5461 639 5536 sine
670 5461 1074 5536 praepositione
1100 5461 1442 5536 {Marianas
1491 5461 1657 5520 vero'
1678 5481 1779 5536 pro
1818 5461 1984 5536 inrép,
2019 5461 2157 5534 legit

510 5532 845 5611 mplfquo'd
877 5549 992 5591 non
1026 5533 1322 5591 invenitur
1351 5535 1409 5592 in
1452 5552 1595 5594 mss.
1647 5532 1964 5593 codicibus.
1997 5532 2155 5591 Mia-

512 5621 665 5689 puis.

2257 3694 2500 3766 dymum
2533 3693 2981 3767 explanationis,
3018 3696 3173 3769 styli,
3208 3701 3264 3753 et
3306 3697 3654 3772 dogmatum
3693 3706 3872 3765 magna

2259 3782 2567 3838 diversitas
2595 3787 2704 3838 est.
2739 3783 2884 3839 Cum
2921 3784 2978 3838 in
3010 3802 3125 3841 uno
3175 3786 3438 3858 capitulo
3470 3787 3717 3848 diversas
3741 3795 3869 3856 pono.

2259 3871 2606 3940 sententias,
2628 3888 2768 3927 num
2803 3873 3126 3930 contrarios
3158 3890 3372 3930 sensus
3397 3876 3565 3948 sequi
3588 3870 3876 3932 credendus

2259 3975 2390 4014 sum
2413 3959 2440 4013 ?
2469 3960 2580 4016 Sed
2612 3960 2733 4016 haec
2764 3960 2932 4017 alias.

2335 4048 2419 4101 14.
2455 4048 2594 4115 Quid
2623 4049 2841 4106 damnet
2891 4052 2949 4104 in
3009 4051 3376 4109 translatione
3436 4053 3572 4111 libri
3625 4048 3737 4125 περὶ
3767 4052 3881 4120 Ἀρ·

2260 4139 2400 4210 χῶν.
2435 4136 2691 4204 Origenis
2724 4139 3065 4210 interpretes.
3093 4168 3162 4182 —
3192 4140 3360 4197 Nune
3383 4158 3582 4214 quaero
3612 4159 3645 4197 a
3671 4145 3740 4206 te,
3769 4134 3882 4208 qui8

2261 4222 2365 4277 tibi
2399 4222 2698 4292 objecerit,
2756 4240 2936 4295 quare
2995 4228 3068 4283 de
3123 4228 3371 4302 Origene
3456 4231 3548 4287 vel
3607 4221 3886 4288 abstuleris

2261 4310 2548 4382 quaedam,
2579 4310 2668 4366 vel
2699 4311 3018 4382 addideris,
3051 4316 3138 4373 vel
3181 4319 3531 4390 mutaveris,
3561 4325 3619 4376 et
3645 4323 3698 4374 te
3742 4309 3886 4387 quasi

2260 4399 2320 4454 in
2353 4397 2600 4470 equuleo
2655 4417 2982 4472 appensum
3042 4405 3520 4479 interrogaverit:
3565 4404 3882 4474 bonavsuni.

2263 4505 2333 4542 an
2367 4487 2524 4542 mala
2553 4487 2708 4545 544
2737 4505 2868 4561 qua
2912 4493 3319 4551 transtulisti?
3386 4497 3635 4554 Frustra
3671 4490 3888 4552 simulas

2261 4575 2677 4648 innocentiam,
2706 4583 2770 4633 ut
2816 4579 3272 4654 interrogatione
3315 4583 3520 4653 stulta,
3555 4600 3746 4644 veram
3775 4595 3888 4655 per-

2262 4665 2657 4722 contationem
2715 4672 3010 4726 extenuas.
3070 4670 3187 4744 Ego
3247 4689 3362 4728 non
3417 4675 3692 4732 accusavi
3735 4681 3890 4744 quam

2263 4754 2566 4826 Origenem
2600 4773 2702 4828 pro
2727 4756 3025 4814 voluntate
3072 4760 3485 4817 transtuleris:
3522 4762 3634 4819 hoc
3672 4760 3816 4826 enim
3842 4758 3890 4810 et

2263 4843 2387 4917 ipse
2419 4844 2548 4912 feci,
2580 4849 2638 4900 et
2665 4848 2799 4901 ante
2837 4862 2930 4903 me
2958 4846 3314 4917 Victorinus,
3347 4849 3636 4917 Hilarius,
3667 4849 3891 4906 Ambro-

2264 4931 2505 5006 siusque
2536 4934 2828 5004 fecerunt;
2853 4936 2954 4990 sed
2987 4953 3168 5008 quare
3201 4937 3656 4996 translationem
3686 4931 3892 4995 haereti-

2264 5039 2393 5078 cam
2425 5023 2778 5097 praafationis
2824 5028 2937 5079 tuae
2971 5025 3309 5083 testimonio
3355 5027 3700 5084 roborasti?
3745 5019 3896 5096 Cogis

2267 5128 2358 5170 me
2387 5113 2827 5170 eademrursus
2855 5111 3087 5187 iterare,
3119 5119 3178 5172 et
3212 5131 3316 5188 per
3343 5131 3506 5174 meas
3539 5115 3734 5174 lineas
3757 5114 3896 5172 inoo.

2335 5391 2356 5426 ¹
2386 5389 2565 5465 Vetus
2593 5389 2732 5446 edit.
2781 5389 2912 5465 fort.
2966 5393 3178 5464 verius,
3208 5397 3377 5465 Quem
3405 5407 3463 5454 tu
3499 5397 3705 5464 solum,
3737 5395 3794 5450 id
3820 5392 3904 5449 est

2264 5462 2481 5534 librum
2514 5463 2794 5517 duntaxat
2820 5462 3097 5534 primum.

2337 5535 2357 5567 ³
2387 5533 2699 5602 Victorius,
2733 5534 2794 5594 Ut
2817 5533 3054 5608 forsitan
3080 5542 3139 5595 tu
3163 5540 3512 5614 persuadere,
3547 5543 3663 5598 etc.
