4110 6162
194 282 197 283 ⁷
212 266 333 336 περ

1412 262 1721 332 CONTRA
1755 262 2135 332 'RUFINUM
2180 264 2329 330 LIB.
2374 269 2482 330 III.

3508 254 3631 335 I90

220 408 385 462 dere.
408 402 573 460 Dicis
598 402 756 458 enim
789 402 852 457 in
881 402 1084 458 eodem
1118 402 1359 474 Prologo
1410 406 1466 457 te
1515 398 1583 456 ea
1631 416 1756 471 quae
1802 400 1873 457 ab
1904 403 1957 466 Α
2062 401 2145 455 16.
2180 402 2311 457 Dum
2341 402 2587 471 epistolae
2618 392 2897 471 Theophili
2919 392 3113 457 Latine
3138 402 3357 459 redditae
3399 406 3467 459 ab
3499 406 3627 462 Hie-

222 490 509 549 baa'reticis
540 490 742 546 addita
769 491 1020 557 fuerant,
1054 495 1413 564 amputasse,
1447 496 1505 545 et
1532 507 1635 561 pro
1667 490 1759 545 his
1792 506 1875 545 re-

221 580 489 656 posuisse
544 580 718 636 bona.
769 579 1281 635 Si'hzereticorum
1341 578 1497 634 mala
1554 575 1873 645 abstulisti,

217 687 352 744 ergo
383 686 517 741 quae
581 668 864 725 dimisisti
926 668 1013 724 vel
1073 668 1374 735 addidisti,
1445 673 1541 723 aut
1607 667 1874 739 Origenis

224 760 420 823 erunt,
451 762 550 814 aut
575 762 701 823 tua,
753 774 883 829 quae
929 757 1132 828 utique
1181 757 1349 829 quasi
1402 757 1554 811 bona
1604 756 1872 828 posuisti.

226 848 335 903 Sed
367 846 547 902 multa
572 846 629 900 in
662 844 757 900 his
806 845 963 901 mala
1007 862 1219 918 negare
1267 862 1382 900 non
1432 845 1670 915 poteris.
1705 845 1874 915 Quid,

224 935 479 1008 ‘inquies,
510 936 583 990 ad
618 949 712 989 me
732 934 761 988 ?
792 934 1027 1007 Origcni
1050 936 1308 1006 imputa:
1336 949 1440 1005 ego
1473 934 1627 989 enim
1659 950 1725 989 ea
1746 938 1875 988 tan-

236 1031 349 1080 tum
381 1041 511 1096 qua:
566 1024 639 1079 ab
672 1023 963 1079 haereticis
984 1023 1182 1078 addita
1212 1023 1462 1089 fuerant,
1497 1023 1873 1077 commutavi.

224 1115 451 1185 Expone
480 1128 722 1178 causas,
748 1128 927 1183 quare
956 1112 1363 1168 haereticorum
1393 1111 1550 1166 mala
1578 1110 1803 1179 tuleris,
1823 1116 1879 1166 et

222 1200 486 1273 Origenis
523 1201 757 1272 integra
789 1199 1217 1272 dereliqueris?
1265 1200 1466 1256 Nonne
1500 1201 1875 1272 perspicuum

218 1297 325 1357 est,
348 1291 515 1362 quod
550 1290 708 1346 mala
739 1289 1005 1361 Origenis
1035 1305 1103 1345 ex
1134 1294 1299 1362 parte
1330 1289 1438 1344 sub
1470 1290 1876 1345 haereticorum

214 1379 666 1452 nuncupatione
697 1378 1088 1447 damnaveris,
1122 1383 1180 1434 et
1202 1376 1284 1433 ex
1314 1382 1477 1450 parte
1526 1379 1875 1450 susceperis,

222 1469 355 1540 quia
384 1485 514 1523 non
546 1467 724 1533 mala,
756 1469 856 1523 sed
888 1468 1058 1534 bona,
1091 1472 1149 1522 et
1177 1472 1293 1522 tuae
1322 1483 1450 1522 esse
1491 1466 1623 1522 fidei
1646 1467 1877 1537 judica-

212 1558 372 1613 bas?
402 1556 543 1612 Haec
604 1560 745 1612 sunt
794 1555 865 1610 de
908 1553 1125 1627 quibus
1168 1553 1426 1627 qumsivi,
1475 1560 1676 1611 utrum
1724 1556 1877 1611 bona

213 1651 429 1712 essent,
467 1662 544 1700 an
578 1644 755 1708 mala,
788 1660 915 1716 quae
947 1644 1005 1699 in
1049 1644 1391 1699 Praefatione
1434 1644 1711 1711 laudasti,
1747 1659 1875 1715 quae

213 1733 535 1807 amputatis
568 1733 865 1805 pessimis,
899 1733 1067 1804 quasi
1097 1734 1323 1805 Optima
1352 1732 1707 1789 remansisse
1738 1749 1874 1789 con-
1904 1765 1953 1831 Β

212 1824 401 1880 fessus
437 1840 526 1889 es,
583 1827 641 1877 et
684 1826 742 1877 te
788 1821 848 1876 in
880 1822 1027 1876 vera:
1064 1818 1587 1893 argumentationis
1619 1821 1871 1893 appendi

208 1912 486 1983 equuleo,
522 1916 587 1965 ut
616 1911 665 1966 si
686 1912 844 1967 bona
872 1910 1107 1978 dixeris,
1141 1910 1444 1966 haereticus
1475 1910 1873 1982 comproberis

217 2003 320 2066 [AL
354 1999 937 2072 comprehendaris];
970 1999 1017 2054 si
1053 2000 1226 2066 mala,
1260 2001 1462 2055 statim
1494 2001 1702 2055 audias
1727 2016 1739 2055 :
1760 2002 1875 2056 Cur

217 2096 363 2161 ergo
406 2105 532 2161 qna
580 2088 735 2144 mala
792 2090 952 2155 sunt,
1005 2088 1065 2143 in
1096 2088 1436 2145 Praefatione
1466 2088 1767 2144 laudasti?
1805 2088 1874 2144 Et

218 2195 331 2233 non
369 2177 517 2232 illud
563 2177 824 2248 adjunxi,
876 2178 1030 2249 quod
1084 2182 1147 2231 tu
1185 2177 1395 2233 callide
1443 2177 1723 2234 simulas:
1759 2179 1873 2234 Cur

211 2284 336 2338 quas
370 2265 531 2321 mala
559 2269 746 2332 erant,
794 2266 867 2321 ad
918 2265 1260 2321 Latinorum
1311 2265 1578 2321 notitiam
1614 2270 1871 2321 transtu-

207 2356 319 2411 listi
344 2355 377 2409 ?
407 2354 566 2409 Mala
596 2354 754 2409 enim
786 2355 1095 2409 ostendere
1126 2353 1420 2410 interdum
1462 2371 1578 2409 non
1609 2354 1872 2409 docentis

210 2450 313 2509 est,
352 2444 464 2499 sed
522 2442 774 2498 vetantis
808 2443 914 2513 [ΑΙ.
960 2442 1265 2513 vitantis]:
1319 2448 1386 2498 ut
1427 2447 1627 2498 caveat
1672 2442 1871 2515 lector,

208 2540 316 2589 non
356 2537 427 2587 ut
457 2536 750 2603 sequatur
774 2548 1034 2599 errores;
1073 2536 1135 2586 ut
1162 2536 1301 2586 nota
1342 2536 1694 2598 contemnat,
1744 2548 1869 2604 quae

212 2637 652 2692 nonnunquam
685 2620 888 2692 ignota
914 2620 1199 2676 miraculo
1230 2623 1387 2676 sunt.
1430 2621 1501 2675 Et
1528 2622 1710 2676 audes
1740 2626 1873 2694 post

209 2710 325 2767 hcc
380 2709 607 2774 dicere,
653 2710 806 2780 quod
858 2724 963 2780 ego
1011 2714 1215 2765 auctor
1263 2708 1467 2764 talium
1519 2710 1871 2781 scriptorum

209 2799 317 2855 sim
350 2816 366 2854 :
403 2804 470 2853 tu
506 2803 711 2853 autem
742 2802 807 2852 ut
830 2797 1140 2869 interpres,
1195 2799 1253 2852 in
1296 2798 1512 2870 quibus
1564 2800 1873 2855 emendare

207 2888 434 2959 aliquid
487 2885 776 2958 potueris,
824 2885 957 2957 plus
1003 2886 1193 2958 egeris
1237 2903 1415 2958 quam
1463 2886 1769 2958 interpres,
1810 2888 1871 2942 in

212 2977 435 3048 quibus
466 2993 591 3031 non
626 2974 907 3047 potueris,
936 2974 1127 3030 solum
1158 2975 1445 3047 interpres
1476 2976 1674 3031 fueris.
1702 2976 1873 3031 Recte

212 3065 320 3121 ista
350 3067 612 3130 diceres,
645 3065 695 3120 si
746 3063 878 3119 libri
908 3064 993 3118 tui
1024 3064 1149 3137 περὶ
1198 3067 1410 3138 Ἀρχῶν
1460 3065 1872 3120 Ριιᾶξΐαιίυηου-

212 3153 333 3210 lam
366 3172 491 3211 non
524 3153 999 3217 δώσει-θοι.ουοά
1031 3132 1106 3208 εἰ·
1139 3132 1395 3208 Hilarius
1427 3153 1485 3207 in
1517 3154 1867 3209 transferen-
1901 3132 1943 3198 (ἶ

210 3242 304 3297 dis
333 3244 470 3313 ejus
501 3241 775 3298 Homiliis
804 3242 960 3307 fecit,
993 3246 1059 3297 ut
1088 3246 1145 3297 et
1172 3243 1325 3298 bona
1353 3247 1409 3297 et
1444 3241 1600 3297 mala
1630 3258 1745 3297 non
1778 3242 1869 3297 in»

209 3333 476 3403 terpreti,
510 3332 609 3387 sed
641 3347 747 3387 suo
778 3330 1213 3402 imputarentur
1255 3331 1499 3386 auctori.
1541 3330 1599 3386 Si
1633 3348 1747 3387 non
1782 3332 1871 3387 di-

210 3419 429 3485 xisses,
463 3424 800 3490 amputasse
830 3424 889 3474 te
918 3418 1193 3491 pessima,
1224 3424 1282 3475 et
1312 3420 1533 3492 Optima
1564 3419 1871 3491 reliquisse

215 3513 537 3576 utcunque
560 3508 630 3561 de
654 3506 773 3563 luto
810 3508 1104 3563 evaderes.
1138 3508 1256 3563 Hoc
1286 3513 1375 3563 est
1424 3509 1575 3579 quod
1625 3510 1874 3564 destruit

225 3593 515 3665 strophas
544 3593 801 3665 ingenioli
828 3596 938 3661 tui,
970 3600 1027 3650 et
1070 3601 1126 3651 te
1172 3596 1307 3651 hinc
1341 3596 1490 3653 545
1534 3597 1671 3651 inde
1703 3612 1869 3654 cons-

224 3682 476 3739 trictum
510 3683 734 3739 evadere
763 3701 879 3740 non
913 3684 1072 3740 sinit.
1106 3684 1221 3740 Nec
1271 3684 1329 3739 in
1359 3688 1589 3740 tantum
1632 3686 1874 3743 abutare

218 3771 609 3844 simplicitate
637 3771 907 3830 lectoris:
940 3778 997 3829 et
1026 3772 1109 3829 sle
1158 3790 1361 3829 omnes
1395 3773 1495 3845 qui
1544 3777 1707 3829 tuam
1740 3774 1877 3830 scri-

210 3865 457 3935 pturam
492 3859 700 3917 lecturi
735 3866 893 3928 sunt,
926 3862 1129 3917 brutos
1161 3866 1349 3935 putes,
1384 3866 1448 3917 ut
1468 3879 1603 3918 eum
1635 3863 1878 3919 vulnera

1986 505 2234 560 ronymo.
2275 521 2343 531 -ν
2383 490 2601 545 Scribis
2652 506 2884 561 quoque
2937 508 3028 545 me
3075 491 3281 547 litteris
3336 493 3629 569 indicasse

1986 578 2141 649 quod
2175 595 2325 650 papa
2374 578 2735 651 Theophilus
2791 578 3210 649 expositionem
3272 565 3403 636 ﬁdei
3444 565 3632 655 nuper

1986 668 2251 734 ediderit,
2287 684 2414 738 quae
2448 668 2518 722 ad
2546 684 2647 722 vos
2678 668 2928 723 necdum
2960 668 3256 739 pervenit:
3290 673 3344 723 et
3392 671 3627 742 pollice-

1986 756 2067 811 ris
2098 758 2251 827 quod
2285 756 2571 827 quidquid
2607 756 2700 811 ille
2731 756 3050 828 scripserit,
3082 762 3143 813 tu
3188 758 3473 829 sequaris.
3512 760 3628 831 Ego

1986 860 2077 899 me
2107 845 2216 899 hoc
2238 846 2545 917 scripsisse
2602 862 2715 900 non
2746 846 2899 910 novi,
2959 863 3064 901 nec
3088 846 3467 902 iustiusmodi
3524 864 3633 903 un-

1987 949 2163 1005 quam
2197 933 2419 988 litteras
2466 924 2764 989 direxisse.
2799 936 2904 988 Sed
2940 938 3000 989 tu
3034 934 3249 989 idcirco
3296 935 3367 990 ad
3409 936 3630 992 incerta

1985 1023 2300 1084 censentis,
2335 1027 2389 1076 et
2420 1023 2513 1077 his
2544 1039 2669 1093 quae
2702 1022 2895 1093 qualia
2950 1024 3147 1077 futura
3176 1024 3294 1079 sint
3324 1024 3535 1095 nescis,
3569 1029 3634 1080 ut

1985 1116 2143 1166 certa
2173 1111 2514 1177 declines,et
2531 1113 2599 1165 ad
2634 1128 2834 1166 eorum
2865 1129 2981 1166 non
3009 1112 3260 1166 tenearis
3296 1130 3627 1169 assensum.

1987 1204 2160 1269 Duas,
2216 1200 2550 1271 synodicam
2606 1203 2662 1254 et
2709 1199 3044 1271 paschalem
3078 1202 3115 1267 ί,
3177 1202 3303 1271 ejus
3352 1201 3628 1273 epistolas

1986 1293 2185 1343 contra
2216 1289 2522 1361 Origenem
2552 1287 2829 1360 illiusque
2863 1288 3202 1360 discipulos,
3253 1294 3309 1344 et
3348 1290 3492 1345 alias
3524 1291 3625 1345 ad-

1984 1392 2217 1432 versum
2249 1377 2679 1449 Apollinarium
2720 1383 2778 1432 et
2819 1380 3091 1433 eumdem
3141 1378 3472 1451 Origenem,
3522 1395 3626 1451 per

1984 1466 2092 1521 hoc
2126 1468 2304 1521 ferme
2334 1466 2640 1521 biennium
2671 1467 3081 1538 interpretatus
3105 1483 3237 1523 sum
3263 1486 3275 1533 ;
3327 1471 3384 1523 et
3409 1469 3467 1523 in
3498 1468 3629 1523 (edi-

1987 1555 2315 1610 ﬁcationem
2350 1554 2637 1623 Eeclesize,
2661 1554 2935 1627 legendas
2968 1561 3175 1611 nostrae
3202 1555 3413 1628 linguae
3443 1556 3628 1612 homi-

1985 1644 2160 1700 nibus
2189 1645 2339 1699 dedi.
2375 1644 2548 1698 Aliud
2582 1661 2823 1715 operum
2856 1646 2984 1714 ejus
3016 1646 3210 1700 nescio
3244 1661 3337 1700 me
3367 1650 3627 1702 transtu-

1983 1732 2142 1789 lisse.
2180 1734 2249 1787 Et
2277 1738 2475 1787 tamen
2502 1738 2563 1787 tu
2614 1732 2713 1804 qui
2748 1720 2929 1805 papae
2961 1733 3270 1805 Theophili
3301 1734 3449 1790 dicis
3478 1740 3535 1790 te
3566 1732 3626 1791 in

1984 1823 2258 1878 omnibus
2290 1823 2640 1877 sententiam
2674 1822 2862 1893 sequi,
2895 1840 3030 1879 eave
3053 1840 3122 1878 ne
3155 1824 3260 1878 hoc
3294 1824 3631 1896 magistriet

1983 1911 2373 1982 condiscipuli
2404 1911 2487 1966 tui
2519 1910 2846 1978 audiant,et
2861 1912 3119 1967 offendas
3137 1913 3627 1984 quamplurimos,

1984 2000 2082 2070 qui
2116 2016 2208 2054 me
2239 1999 2548 2068 latronem,
2582 2005 2637 2054 te
2669 2004 2987 2071 martyrem
3016 2005 3321 2067 vocant,ne
3344 2001 3632 2057 irascatur

1981 2089 2033 2143 is
2064 2088 2169 2143 tibi
2201 2088 2300 2159 qui
2333 2092 2533 2143 contra
2561 2105 2769 2159 papam
2822 2089 3218 2159 Epiphanium
3244 2091 3265 2123 ³
3322 2091 3393 2144 ad
3426 2094 3483 2145 te
3514 2090 3628 2162 epi-

1983 2177 2162 2233 stolas
2194 2178 2472 2249 dirigens,
2505 2176 2849 2232 hortabatur
2900 2182 2963 2231 ut
3000 2194 3371 2248 permaneres
3402 2179 3458 2232 in
3493 2179 3627 2233 fidei

1981 2266 2245 2332 veritate,
2278 2270 2335 2321 et
2384 2282 2497 2320 non
2550 2269 2808 2320 mutares
2854 2265 2973 2319 ullo
2996 2276 3212 2320 terrore
3251 2267 3623 2321 sententiam.

1982 2356 2116 2419 Quae
2148 2355 2392 2427 epistola
2423 2354 2815 2426 holographa3
2844 2358 3075 2409 tenetur
3121 2356 3193 2409 ab
3224 2355 3337 2423 his,
3368 2355 3438 2410 ad
3478 2372 3626 2428 quos

1982 2441 2203 2512 perlata
2231 2445 2337 2497 est.
2370 2443 2437 2495 Et
2466 2445 2596 2512 post
2644 2441 2763 2495 haec
2804 2457 2962 2496 more
3010 2447 3111 2497 tuo
3162 2441 3437 2513 loqueris.
3490 2466 3517 2492 ‹‹
3554 2442 3626 2498 Ut

1982 2532 2051 2585 de
2077 2547 2191 2601 quo
2223 2547 2403 2601 supra
2433 2530 2682 2597 dixeras,
2712 2546 2817 2601 ego
2846 2530 2953 2585 tibi
2985 2530 3158 2585 etiam
3212 2532 3424 2587 furenti
3452 2531 3627 2588 satis-

1980 2619 2228 2675 faciam:
2264 2636 2419 2673 nunc
2469 2618 2635 2687 dicis,
2686 2618 2832 2681 Quid
2892 2619 2995 2673 tibi
3045 2620 3317 2676 videtur?
3369 2621 3626 2677 habesne

1983 2709 2138 2764 ultra
2170 2708 2413 2779 aliquid,
2451 2724 2563 2778 quo
2616 2724 2822 2763 nervos
2866 2715 2980 2763 tuae
3028 2708 3399 2780 loquacitatis
3432 2711 3623 2766 inten-

1982 2797 2135 2853 das?
2168 2820 2194 2847 ››
2230 2798 2296 2852 Et
2344 2797 2670 2867 indignaris
2727 2797 2776 2851 si
2824 2798 3021 2868 putide
3064 2804 3118 2851 te
3150 2798 3308 2869 loqui
3342 2799 3493 2854 540
3531 2816 3624 2854 ar-

1982 2903 2178 2959 guam,
2215 2903 2347 2940 cum
2380 2885 2797 2940 comoediarum
2827 2886 3154 2956 turpidines
3206 2892 3262 2941 et
3291 2892 3620 2943 scortorum

1983 2980 2429 3045 amatorumque
2460 2973 2685 3028 ludicra
2713 2974 3144 3030 ecclesiasticus
3176 2976 3425 3047 scriptor
3454 2993 3619 3033 assu~

1982 3082 2108 3119 mas
2129 3064 2157 3118 ?

2056 3155 2140 3208 17.
2177 3154 2247 3208 De
2273 3154 2445 3208 Paulo
2482 3153 2745 3224 ερὶδσορο.
2781 3184 2845 3192 -
2878 3157 3054 3207 Porro
3088 3155 3241 3225 quod
3276 3154 3623 3227 interrogas,

1978 3243 2213 3314 quando
2242 3257 2400 3313 papae
2433 3240 2739 3312 Theophili
2769 3241 3122 3296 sententiam
3152 3244 3318 3313 sequi
3351 3243 3625 3314 cmperim

1979 3332 2149 3402 eique
2180 3329 2313 3385 ﬁdei
2332 3330 2743 3385 communione
2774 3330 3029 3385 sociatus
3078 3330 3214 3396 sim,
3266 3337 3323 3386 et
3364 3332 3490 3404 ipse
3520 3332 3624 3388 tibi

1980 3420 2319 3492 respondes,
2354 3442 2381 3468 ‹‹
2414 3424 2573 3473 Tunc
2614 3420 2807 3486 credo,
2856 3420 3090 3490 quando
3134 3420 3419 3474 Paulum‘
3449 3436 3627 3491 quem

1980 3509 2078 3564 ille
2110 3509 2506 3575 damnaverat,
2558 3524 2790 3563 summo
2836 3508 2951 3563 nisi
3000 3513 3057 3562 et
3092 3508 3367 3563 omnibus
3411 3509 3623 3565 studiis

1983 3597 2335 3651 defendebas
2370 3614 2381 3650 :
2417 3597 2649 3667 quando
2680 3613 2813 3650 eum
2847 3612 2946 3666 per
2996 3596 3297 3666 imperiale
3337 3596 3624 3668 scriptum

1984 3685 2236 3756 recipere
2268 3683 2842 3754 sacerdotium,quod
2873 3684 3189 3755 episcopali
3213 3684 3440 3754 judicio
3472 3686 3623 3740 ami-

1985 3778 2160 3841 serat,
2195 3772 2536 3843 instigabas.
2569 3794 2597 3819 ››
2631 3772 2753 3827 Non
2784 3771 2946 3842 prius
2979 3790 3081 3844 pro
3115 3789 3207 3827 me
3237 3775 3623 3845 respondebo,

1986 3880 2161 3934 quam
2192 3863 2262 3916 de
2292 3860 2541 3915 aliorum
2572 3860 2805 3929 injuriis
2834 3860 3056 3932 loquar.
3092 3862 3271 3933 Cujus
3301 3868 3389 3919 est
3420 3863 3628 3919 huma-

214 3956 566 4021 putrescere
594 3952 931 4017 sinas,sano
963 3952 1187 4023 corpori
1218 3956 1274 4006 te
1297 3952 1597 4024 imponere
1628 3952 1880 4024 emplas-
1988 3951 2458 4019 nitatis,cujusve
2480 3948 2821 4015 clementiae,
2854 3950 3139 4006 insultare
3170 3952 3417 4008 aliorum
3446 3954 3629 4009 mise-

217 4044 311 4095 tra
342 4057 457 4095 non
492 4039 745 4095 rideant.
1989 4042 2113 4110 riis,
2141 4045 2197 4095 et
2223 4039 2466 4094 vulnera
2497 4038 2724 4093 cunctis
2774 4038 2965 4093 aliena
2996 4046 3324 4096 monstrare
3343 4044 3370 4095 ‘I
3401 4043 3628 4099 Siccine

234 4142 237 4143 '
293 4131 380 4185 15.
415 4132 495 4186 De
528 4131 953 4185 resurrectione.
987 4160 1053 4171 --
1085 4130 1164 4184 De
1214 4129 1406 4185 carnis
1464 4130 1883 4186 resurrectione
1988 4136 2044 4185 te
2077 4129 2273 4185 docuit
2304 4127 2399 4181 ille
2431 4127 2768 4194 Samarites,
2803 4126 3151 4183 seminecem
3212 4130 3283 4183 ad
3334 4130 3635 4186 stabulum

207 4217 751 4290 quidsentias,jam
783 4218 841 4272 in
862 4218 1145 4290 Apologia
1172 4222 1273 4274 tua
1303 4218 1642 4285 didicimus,
1664 4219 1882 4274 «Nullo
1992 4224 2284 4290 reportare
2306 4216 2333 4270 ‘2
2389 4215 2583 4271 oleum
2640 4214 2827 4287 plagis
2890 4216 3193 4272 infundere
3222 4219 3249 4270 ‘?
3307 4220 3634 4275 mercedem

204 4308 488 4364 membro
526 4310 858 4377 amputato,
891 4323 999 4362 nec
1030 4306 1229 4378 aliqua
1268 4313 1433 4378 parte
1480 4307 1738 4379 corporis
1784 4308 1883 4363 de-
1993 4308 2312 4364 stabulario
2346 4304 2653 4377 polliceri?
2685 4305 2775 4359 Sic
2807 4311 3093 4360 revectam
3126 4322 3313 4374 ovem,
3345 4313 3633 4379 repertam

206 4402 395 4453 secta.
432 4420 465 4448 ››
500 4396 637 4452 Hazc
667 4399 755 4450 est
784 4400 896 4451 tua:
946 4395 1342 4467 simplicitatis
1392 4412 1539 4467 pura
1586 4402 1643 4451 et
1687 4399 1886 4468 aperta
1991 4394 2669 4466 drachmam,prodigum
2704 4394 2889 4449 ﬁlium
2919 4393 3064 4467 legis
3101 4412 3227 4452 esse
3266 4395 3640 4468 susceptum?

202 4485 539 4555 confessio,
568 4500 751 4556 quam
784 4485 856 4540 ab
889 4485 1165 4539 omnibus
1200 4485 1376 4540 Italiae
1406 4485 1696 4557 episcopis
1719 4502 1876 4541 asse-
1910 4505 1955 4568 Β
1984 4490 2145 4554 Esto,
2178 4502 2284 4558 ego
2316 4490 2372 4540 te
2400 4484 2684 4550 laeseram,
2717 4492 2773 4538 et
2821 4484 3197 4554 quibusdam,
3238 4490 3301 4540 ut
3332 4486 3498 4555 dicis,
3533 4487 3640 4542 sti-'

204 4576 293 4632 ris
315 4592 463 4633 esse
487 4577 856 4646 susceptam.
885 4574 1190 4629 Crederem
1223 4572 1458 4641 dicenti,
1508 4574 1621 4629 nisi
1651 4591 1743 4629 me
1774 4575 1881 4630 du-
1993 4579 2171 4635 mulis
2229 4576 2300 4630 ad
2360 4574 2806 4628 maledictorum
2865 4572 3157 4629 insaniam
3217 4592 3589 4646 provocaram
3624 4594 3637 4632 :

199 4664 403 4721 bitere
437 4665 519 4719 de
544 4668 602 4718 te
635 4662 748 4717 iste
777 4662 944 4728 liber,
969 4679 1085 4717 non
1146 4661 1499 4734 Phamphili,
1554 4664 1783 4718 faceret.
1816 4664 1885 4719 Et
1992 4669 2132 4741 quid
2166 4663 2381 4720 meruit
2428 4662 2600 4716 homo
2649 4660 2859 4731 latens,
2907 4668 2972 4717 ut
3029 4665 3279 4719 nudares
3311 4665 3639 4719 cicatricem

204 4759 421 4809 tamen
456 4752 651 4808 miror
679 4752 974 4823 quomodo
1004 4752 1333 4823 probaverit
1366 4750 1553 4819 Italia,
1595 4753 1749 4824 quod
1782 4753 1887 4808 Βο-
1992 4758 2140 4827 ejus,
2177 4759 2234 4808 et
2265 4752 2579 4807 obductam
2610 4756 2803 4806 cutem
2834 4751 3130 4822 insperato
3186 4753 3381 4807 dolore
3422 4754 3641 4807 rescin-

202 4860 305 4899 ma
340 4840 761 4913 contempsit;
809 4840 1066 4912 episcopi
1113 4840 1497 4911 susceperint,
1531 4841 1687 4912 quod
1719 4841 1886 4897 sedes
1995 4842 2210 4902 deres?
2234 4841 2436 4896 Nonne
2468 4839 2643 4893 etiam
2676 4838 2725 4893 sl
2749 4839 2844 4893 ille
2888 4839 3104 4911 dignus
3152 4846 3307 4895 esset
3338 4844 3645 4897 contume-

194 4928 552 5005 apostolica
582 4928 1016 4985 condemnavit.
1994 4934 2111 5003 liis,
2160 4936 2224 4988 tu
2280 4930 2467 4985 facere
2515 4944 2630 4983 non
2690 4927 2979 4983 deberes?
3018 4930 3133 4983 Aut
3178 4944 3285 5000 ego
3317 4928 3512 4997 fallor,
3544 4935 3647 4988 aut

271 5096 291 5128 ι
325 5092 514 5148 Hanc
543 5106 575 5146 e
608 5089 871 5146 tenebris
902 5093 1133 5146 erutam
1182 5090 1443 5164 primum
1488 5088 1784 5145 edidimus
1828 5089 1889 5146 in
1997 5091 2294 5158 Sidonius,
2328 5089 2430 5164 lib.
2466 5104 2540 5164 ix,
2576 5086 2745 5164 epist.
2782 5088 2869 5152 11,
2902 5086 3011 5164 hoc
3055 5103 3228 5143 sensu
3281 5090 3654 5164 holoqraphas

195 5165 401 5235 priori
439 5168 631 5226 temo,
664 5178 793 5232 quae
825 5178 1140 5217 numerum
1171 5158 1393 5217 obtinet
1419 5162 1509 5214 92.
1998 5166 2345 5219 membranas
2376 5160 2539 5224 dixit,
2565 5167 2616 5213 et
2646 5158 3041 5229 holoyraphum
3071 5158 3469 5229 testamentum,
3494 5158 3653 5236 quod

269 5238 295 5271 ²
334 5234 464 5288 His
498 5232 721 5288 similia
752 5234 823 5287 ad
851 5234 1139 5288 Joannem
1190 5232 1616 5288 Hierosolvmil.
1648 5234 1891 5288 eiusuue
2002 5241 2245 5288 testator
2278 5236 2399 5288 inse
2432 5230 2789 5288 perscripsit,
2826 5238 2889 5284 ut
2919 5248 2952 5285 a
2984 5232 3278 5288 Dlerisoue
3305 5234 3432 5288 aliis
3464 5254 3653 5288 exem-

269 5239 295 5271 ²
334 5239 464 5290 His
498 5239 721 5288 similia
752 5239 823 5287 ad
851 5239 1139 5289 Joannem
1191 5239 1616 5304 Hierosolymit.
1648 5239 1873 5304 ejusquc

195 5306 495 5383 asseclam
527 5309 734 5383 contra
763 5305 822 5359 S.
859 5304 1603 5383 Epipllaniumnscripserat
1633 5304 1873 5383 Isidorus

2002 5241 2245 5292 testator
2278 5239 2399 5305 ipse
2432 5239 2789 5303 perscrIpSit,
2826 5239 2889 5284 ut
2919 5248 2952 5285 a
2984 5239 3278 5305 plerisque
3305 5239 3432 5290 aliis
3464 5254 3663 5291 exem~

2003 5310 2116 5383 plis
2147 5306 2567 5383 abstineamus:
2713 5373 2721 5383 .
3061 5380 3066 5383 Α

194 5379 557 5451 prabyter,
591 5372 919 5451 antequam
958 5372 1337 5451 a'l‘heophilo
1390 5372 1608 5430 missus
1651 5377 1890 5443 veniret,
2003 5372 2021 5381 ”
2058 5381 2089 5451 γι
2128 5374 2476 5451 Hicl’aulus
2509 5372 2603 5427 ille
2634 5373 2943 5444 episcopus
2989 5380 3096 5451 est,
3145 5392 3315 5448 quem
3352 5384 3660 5451 tantopere

196 5446 263 5505 iit
299 5446 603 5523 suprain
637 5462 703 5501 eo
738 5447 1086 5523 librcqntra
1112 5446 1280 5523 .loan.
1315 5452 1581 5523 notatum
1612 5453 1725 5523 est.
2004 5447 2361 5520 Theophilus
2421 5451 2525 5523 est
2566 5452 2929 5523 persecutus.
2997 5446 3381 5522 Hieronymus
3426 5446 3557 5504 ver—0
3590 5448 3670 5507 in.

276 5524 299 5555 ³
330 5516 489 5576 Dion
514 5518 907 5593 integranirut
933 5517 1229 5593 Victorius
1261 5517 1529 5593 explicat,
1556 5519 1658 5573 sed
1682 5517 1895 5574 intelli-
2004 5516 2184 5577 suum
2211 5516 2635 5576 monasterium
2668 5516 2882 5573 dicitur
2906 5516 3228 5593 coeptasse:

193 5607 271 5672 ge
300 5590 763 5661 autographam,
786 5588 904 5644 sive
932 5591 1060 5663 ipsa
1088 5588 1349 5648 auctoris
1368 5605 1547 5648 manu
1571 5594 1894 5651 exaratam.

562 5714 836 5801 Panos.
878 5715 1105 5804 XXIII,
3253 5715 3332 5799 16
