4110 6162
450 327 577 398 ,491

1700 332 1765 391 S.
1812 326 2127 391 EUSEBII
2172 325 2636 388 HIERONYMI.

3689 336 3791 398 492

456 457 612 523 illud
640 465 730 518 est
757 478 959 519 verum
991 464 1147 536 quod
1179 462 1417 535 plurimi
1457 462 1754 533 jactitant,
1802 466 1859 518 te
1910 461 2116 534 Orige~
2145 467 2195 527 Α
2227 458 2349 515 licae
2380 460 2699 531 sapientiae,
2732 463 2991 532 tempore
3022 476 3089 515 ac
3136 459 3306 515 rebus
3351 460 3594 532 probavit
3632 468 3683 520 et
3705 482 3798 521 no-

463 548 755 606 nistarum
787 550 984 608 hostes
1016 553 1074 607 in
1107 551 1204 607 illo
1237 552 1529 624 persequi,
1579 555 1635 607 et
1666 552 1780 608 sub
1812 550 2118 606 occasione

465 636 644 694 unius
674 638 734 693 in
786 642 1103 711 utrumque
1134 640 1422 697 saevire.Si
1454 657 1616 713 papas
1646 638 1957 712 TheOphili
1982 655 2114 693 sen-

463 725 668 782 tentiis
698 726 1089 794 delectaris,et
1120 730 1283 785 nefas
1312 733 1487 801 putas
1509 728 1852 801 pontificum
1886 727 2120 782 decreta

466 813 731 889 convelli,
764 814 903 887 quid
932 816 1005 872 de
1034 818 1265 873 cmteris
1295 817 1475 883 dicis,
1506 833 1655 888 quos
1702 816 1829 888 ipse
1874 816 2117 870 damna-

455 900 587 966 .vit?
613 900 762 966 Quid
790 904 860 959 de
891 920 1041 977 papa
1067 906 1395 972 Anastasio,
1429 906 1499 961 de
1529 921 1644 976 quo
1692 904 1859 970 nulli,
1912 906 1978 958 ut
2007 903 2116 969 ais,

464 1004 668 1045 verum
696 991 947 1060 videtur,
980 997 1044 1049 ut
1068 997 1241 1049 tantas
1272 993 1436 1049 urbis
1467 994 1763 1059 sacerdos,
1814 992 1904 1047 vel
1949 991 2115 1046 inno-

466 1078 621 1134 centi
673 1079 780 1135 tibi
830 1081 1110 1153 injuriam
1150 1082 1337 1137 facere
1385 1082 1660 1154 potuerit,
1708 1081 1798 1137 vel
1844 1080 2119 1136 absenti?

461 1164 586 1245 “Nec
614 1166 725 1224 hoc
744 1169 1056 1242 dicc,qucd
1083 1170 1155 1227 de
1175 1171 1587 1243 episcoporum
1623 1169 1931 1226 sententiis
1962 1168 2118 1240 judi-

470 1271 619 1324 cem,
650 1260 752 1313 aut
778 1274 982 1315 eorum
1011 1260 1244 1331 cupiam
1277 1264 1500 1316 statuta
1529 1259 1813 1326 rescindi;
1835 1258 1937 1314 sed
1960 1258 2116 1329 quod

469 1345 879 1418 unusquisque
900 1364 1007 1403 suo
1023 1347 1283 1421 periculo
1324 1348 1517 1414 faciat,
1541 1348 1695 1420 quod
1729 1346 1840 1402 sibi
1870 1346 2115 1412 videtur,

469 1436 528 1488 et
556 1433 684 1507 ipse
712 1437 1259 1509 noverit,quomodo
1279 1439 1349 1494 de
1371 1454 1477 1493 suo
1493 1436 1714 1508 judicio
1728 1435 2117 1507 judicandum

470 1521 569 1577 sit.
620 1521 800 1581 Nobis
849 1525 910 1580 in
960 1527 1314 1583 monasterio
1365 1525 1738 1598 hospitalitas
1787 1523 1945 1578 cordi
1991 1526 2114 1578 est:

470 1625 793 1684 omnesque
812 1614 883 1669 ad
907 1631 1014 1670 nos
1035 1614 1352 1681 venientes,
1367 1614 1497 1670 laeta
1511 1611 1900 1668 humanitatis
1932 1611 2118 1666 fronte

470 1699 850 1772 suscipimus.
875 1702 1159 1759 Veremur
1178 1703 1334 1758 enim
1378 1720 1448 1758 ne
1495 1702 1676 1757 Maria
1718 1717 1851 1757 cum
1900 1698 2116 1769 Joscpb

467 1784 661 1842 Iccum
701 1805 817 1845 non
857 1789 1116 1847 inveniat
1155 1791 1214 1846 in
1247 1791 1586 1857 diversorio,
1628 1807 1700 1846 ne
1748 1789 1919 1845 nobis
1946 1792 2119 1844 Jesus
2148 1832 2197 1897 B

476 1874 627 1897 ΔΞ--Δ
664 1876 925 1897 ___IA_-_,_
958 1896 963 1897 ,
1070 1881 1109 1897 η
1238 1896 1245 1897 ,
1320 1896 1323 1897 ,
1561 1884 1571 1897 ι
1628 1896 1635 1897 ,
1664 1896 1715 1897 γη
1784 1876 2117 1897 ,__,4-_._2-A:_

472 1874 630 1931 dicat
656 1876 968 1935 exclusus:
1006 1902 1033 1930 «
1069 1881 1290 1952 Hospes
1306 1896 1489 1948 eram,
1522 1884 1580 1935 et
1612 1896 1727 1934 non
1777 1876 2119 1949 suscepistis

473 1980 570 2020 me
600 1967 826 2035 (Matth.
860 1985 991 2036 xxv,
1046 1970 1159 2040 43).
1197 1993 1217 2017 ι
1272 1968 1439 2025 Solos
1480 1969 1625 2025 547
1671 1966 1972 2023 hereticos
2003 1981 2117 2019 non

475 2052 815 2126 recipimus,
854 2071 1003 2127 quos
1057 2072 1160 2112 vos
1205 2056 1362 2113 solos
1407 2056 1688 2129 recipitis.
1751 2053 2116 2126 Propositum

477 2142 697 2215 quippe
746 2144 917 2200 nobis
961 2149 1049 2202 est
1101 2146 1278 2218 pedes
1330 2144 1522 2201 lavare
1568 2143 1952 2209 venientium,
2003 2159 2118 2197 non

476 2232 689 2287 merita
733 2232 1042 2291 discutere.
1090 2235 1433 2302 Recordare,
1486 2234 1686 2301 frater,
1736 2231 2120 2288 confessionis

476 2322 625 2391 ejus,
658 2326 715 2378 et
742 2323 995 2395 pectoris
1025 2324 1180 2396 quod
1213 2322 1443 2395 ﬂagella
1469 2327 1800 2378 secuerunt.
1834 2324 2120 2377 Memento

477 2411 749 2480 carceris,
779 2413 1177 2482 tenebrarum,
1210 2411 1417 2480 exsilii,
1468 2411 1863 2478 metallorum,
1920 2414 1975 2466 ct
2007 2426 2118 2464 non

477 2500 879 2573 indignaberis
904 2501 1155 2574 hospitio
1185 2505 1583 2558 transeuntem
1606 2518 1732 2556 esse
1759 2504 2118 2570 susrcptum.

474 2592 563 2646 An
596 2590 726 2647 ideo
756 2590 863 2646 tibi
892 2590 1136 2647 rebelles
1165 2591 1451 2657 videmur,
1500 2591 1639 2662 quia
1678 2589 1915 2644 calicem
1957 2604 2119 2659 aqua:

475 2678 776 2751 frigidmin
806 2678 1045 2735 nomine
1086 2678 1297 2735 Christi
1348 2678 1683 2734 sitientibus
1716 2676 2071 2749 porrigimus
2094 2675 2121 2729 ‘I

550 2768 636 2823 18.
677 2769 1069 2825 Haereticorum
1121 2769 1289 2839 factio
1346 2771 1557 2837 fugata.
1626 2766 1943 2837 Thraphilus
1996 2765 2119 2819 lau-

473 2857 653 2914 datur.
681 2889 750 2898 —
780 2857 883 2913 Vis
910 2857 1058 2913 scire
1106 2857 1261 2912 unde
1304 2856 1469 2911 illum
1516 2860 1571 2910 et
1600 2872 1705 2909 nos
1736 2854 1869 2927 plus
1901 2869 2120 2921 amare,

473 2950 533 3002 et
560 2951 624 3002 tu
655 2946 849 3003 odisse
882 2944 1013 3019 plus
1042 2946 1297 3001 debeas?
1327 2945 1739 3000 Haereticcrum
1789 2942 1962 2997 factio
2012 2959 2116 2996 nu-

474 3051 579 3108 per
606 3036 809 3108 fugata
853 3036 924 3091 de
970 3036 1211 3109 Egypto
1258 3039 1315 3090 et
1349 3033 1715 3101 Alexandria,
1750 3049 1811 3087 se
1844 3032 2119 3087 Hieroso-

474 3124 693 3196 lymam
724 3123 992 3193 contulit,
1023 3130 1079 3179 et
1108 3124 1243 3179 huic
1271 3122 1457 3178 voluit
1483 3121 1837 3194 copulari,ut
1868 3137 2116 3192 quorum

2229 552 2414 604 strum
2446 548 2505 602 in
2533 566 2594 604 se
2624 549 2969 617 animum,et
2996 554 3220 605 vestras
3248 552 3438 606 contra
3455 568 3552 607 nos
3569 552 3801 611 insidias.

2228 637 2288 691 Si
2320 636 2593 708 discipuli
2644 636 2779 703 mei,
2830 641 2895 691 ut
2930 637 3161 704 scribis,
3210 637 3311 693 tibi
3361 638 3541 694 Romae
3589 639 3804 699 insidias

2228 725 2614 789 concitarunt,
2663 730 2721 779 et
2781 725 3185 783 inemendatas
3247 727 3562 794 schedulas,
3600 732 3651 784 te
3691 731 3803 786 dor-

2228 813 2461 880 miente,
2512 814 2687 868 furati
2756 818 2929 868 sunt:
3002 813 3135 886 quis
3198 832 3401 887 papam
3462 815 3805 887 Theophilum

2233 903 2515 957 adversus
2576 901 2905 973 perduelles
2954 902 3013 957 in
3055 903 3292 975 IEgypto
3340 904 3808 968 suscitavit‘lQuis

2227 1007 2429 1063 regum
2459 990 2604 1046 scita
2624 990 2651 1044 ἱ)
2682 990 2814 1062 quis
2844 991 3006 1047 orbis
3036 992 3096 1046 in
3126 992 3233 1047 hac
3261 996 3416 1064 parte
3460 994 3809 1049 consensum?

2227 1080 2297 1133 Et
2346 1078 2615 1150 gloriaris
2684 1084 2738 1134 te
2804 1080 2876 1134 ab
2930 1078 3319 1136 adolescentia
3350 1080 3495 1136 548
3544 1080 3808 1152 Theophili

2230 1168 2409 1222 fuisse
2438 1167 2765 1238 auditorem
2798 1172 2855 1222 et
2899 1167 3284 1240 discipulum:
3333 1185 3463 1223 eum
3491 1172 3545 1224 et
3569 1167 3653 1224 ille
3671 1173 3809 1225 ante-

2227 1273 2404 1328 quam
2438 1256 2749 1328 episcopus
2778 1256 2960 1325 ﬁeret,
2990 1274 3095 1329 pro
3134 1256 3456 1313 humilitate
3499 1257 3602 1313 sibi
3641 1257 3806 1327 insita,

2227 1362 2529 1417 nunquam
2561 1346 2843 1413 docuerit,
2876 1350 2933 1402 et
2979 1351 3042 1401 tu
3086 1351 3391 1419 postquam
3431 1346 3521 1401 hic
3548 1346 3813 1419 episcopus

2228 1434 2414 1489 factus
2444 1438 2550 1501 est,
2582 1433 2941 1489 Alexandria:
2973 1452 3088 1490 non
3121 1436 3316 1491 fueris.
3349 1436 3414 1491 Et
3442 1435 3607 1490 audes
3654 1434 3812 1491 dicere

2228 1522 2285 1576 in
2319 1521 2791 1594 suggillationem
2823 1522 2937 1579 mei
2961 1540 2974 1578 :
2995 1524 3305 1597 Magistros
3327 1539 3482 1579 meos
3498 1540 3593 1578 nec
3618 1539 3814 1589 accuso,

2228 1627 2331 1665 nec
2362 1615 2545 1666 muto.
2599 1612 2759 1677 Quod
2812 1613 2859 1667 si
2918 1629 3119 1668 verum
3169 1617 3278 1681 est,
3339 1618 3645 1684 suspectam
3697 1610 3814 1666 mihi

2228 1699 2372 1754 facis
2398 1699 2895 1755 conversationem
2922 1703 2935 1735 ¹
2968 1704 3151 1757 tuam.
3185 1702 3300 1757 Nec
3323 1701 3473 1757 enim
3520 1702 3731 1766 damno,
3764 1703 3817 1754 ut

2230 1789 2580 1854 criminaris,
2630 1789 2995 1847 institutores
3050 1806 3234 1857 meos,
3298 1792 3397 1846 sed
3460 1793 3638 1846 metuo
3695 1788 3817 1845 illud

2229 1876 2424 1933 Isaiae:
2455 1898 2481 1929 α
2510 1878 2605 1932 Vae
2638 1877 2739 1949 qui
2777 1878 2982 1933 dicunt
3011 1878 3234 1936 malum
3279 1881 3512 1945 bonum,
3554 1882 3605 1934 et
3629 1878 3818 1933 bonum

2228 1966 2448 2022 malum
2476 1983 2489 2021 :
2520 1967 2619 2038 qui
2650 1972 2877 2039 ponunt
2904 1968 3175 2024 tenebras
3194 1968 3467 2033 lucem,et
3492 1967 3657 2023 lucem
3684 1971 3822 2021 tene-

2228 2056 2401 2110 bras:
2439 2055 2538 2127 qui
2569 2055 2774 2110 dicunt
2804 2072 3071 2111 amarum
3090 2057 3284 2128 dulce,
3323 2061 3380 2113 et
3408 2055 3563 2112 dulce
3588 2069 3820 2110 amarum

2230 2144 2354 2213 (lsa.
2388 2161 2443 2210 ν,
2473 2144 2563 2215 20)
2590 2145 2600 2198 l
2640 2166 2666 2193 ››
2700 2145 2789 2199 Tu
2818 2146 3189 2212 autem,dum
3221 2147 3374 2201 inter
3404 2144 3645 2201 mulsum
3672 2141 3825 2214 magi-

2230 2236 2485 2287 strorum
2517 2237 2574 2287 et
2597 2248 2817 2287 venena
2843 2233 3060 2304 pariter
3072 2234 3291 2299 bibis,a
3313 2233 3580 2306 magistro
3599 2227 3822 2304 apostolo

2231 2320 2542 2386 recessisti,
2568 2321 2668 2392 qui
2700 2321 2867 2376 docet
2898 2321 3072 2377 etiam
3107 2322 3383 2394 angelum
3413 2326 3468 2377 et
3487 2338 3564 2389 se,
3587 2320 3633 2376 si
3662 2320 3714 2375 in
3730 2318 3824 2374 ﬁde

2229 2408 2564 2473 erraverint,
2605 2426 2719 2464 non
2750 2411 3102 2481 sequendos.

2302 2498 2389 2552 19.
2422 2500 2496 2553 De
2529 2499 2836 2566 Vz'gilanlio
2864 2500 3170 2555 calumnia.
3205 2532 3275 2541 -—
3326 2504 3386 2557 In
3430 2498 3709 2573 Vigilantii
3744 2513 3825 2551 no-

2231 2586 2388 2641 mine
2418 2586 2558 2657 quid
2591 2588 2869 2655 somnies,
2903 2589 3118 2645 nescio.
3163 2590 3273 2646 Ubi
3307 2591 3460 2646 enim
3499 2605 3625 2645 eum
3656 2584 3829 2658 scripsi

2230 2674 2499 2729 haeretica
2529 2677 2682 2747 apud
2715 2675 3133 2733 Alexandrium
3164 2679 3578 2735 communione
3604 2674 3831 2733 macula-

2231 2763 2404 2818 tum?
2452 2763 2536 2818 Da
2592 2763 2829 2831 librum,
2891 2767 3086 2836 profer
3132 2768 3520 2839 epistolam”:
3577 2778 3829 2837 nusquam

2229 2852 2467 2908 omnino
2500 2854 2771 2923 reperies,
2802 2859 2859 2909 et
2887 2856 3089 2911 eadem
3130 2856 3392 2924 licentia,
3424 2859 3538 2912 imo
3563 2854 3831 2928 impuden-

2230 2941 2311 2996 tia
2340 2942 2679 3009 mentiendi,
2713 2960 2829 3014 qua
2886 2949 3057 3015 putas
3115 2960 3324 3001 omnes
3356 2947 3472 3002 tuis
3505 2942 3832 3002 sermonibus

2231 3031 2575 3097 credituros,
2608 3032 2812 3088 addis:
2850 3054 2876 3081 ››
2908 3035 3153 3100 Quando
3181 3034 3586 3091 testimonium
3616 3034 3683 3089 de
3706 3028 3832 3087 Scri-

2233 3119 2416 3191 pturis
2448 3119 2509 3175 in
2541 3137 2673 3175 eum
2708 3125 2829 3176 tam
2860 3121 3145 3191 injuriose
3179 3124 3454 3195 posuisti,
3486 3127 3549 3179 ut
3576 3139 3673 3196 ego
3697 3120 3747 3175 id
3764 3135 3833 3174 re-

479 3228 637 3268 unus
664 3216 821 3267 esset
848 3210 1033 3280 dolor,
1066 3229 1185 3267 una
1214 3212 1377 3267 ﬁeret
1400 3215 1457 3267 et
1494 3210 1808 3267 accusatio.
1843 3212 1997 3275 Qnos
2023 3208 2120 3264 ille
2151 3197 2193 3264 C
2233 3212 2426 3280 petere
2457 3225 2584 3264 meo
2607 3225 2704 3264 ore
2718 3226 2832 3265 non
2865 3211 3134 3267 audeam.
3173 3235 3193 3260 ι
3230 3212 3359 3269 Non
3391 3214 3571 3269 audes
3595 3213 3833 3282 repetere,

480 3301 716 3374 repulit,
748 3299 984 3374 sprevit,
1017 3300 1250 3372 abjecit,
1281 3300 1480 3355 dicens
1530 3315 1591 3355 se
1622 3316 1737 3354 non
1767 3317 1894 3355 esse
1926 3297 2121 3353 inimi-

482 3408 618 3449 cum
650 3388 805 3460 fidei,
839 3405 944 3445 nec
991 3392 1192 3444 contra
1240 3387 1555 3443 Ecclesiam
1586 3386 1738 3443 bella
1789 3387 2119 3458 suscipere:

472 3483 635 3561 quod
666 3481 833 3555 prius
860 3477 1125 3546 tentavit,
1157 3477 1375 3534 doloris
1424 3476 1623 3545 fuisse,
1685 3493 1800 3533 non
1866 3475 2119 3548 perfidia:

482 3592 588 3635 nec
618 3570 860 3630 alterius
890 3568 1183 3641 appetisse
1212 3566 1629 3631 innocentiam,
1652 3566 1753 3622 sed
1787 3582 1956 3621 suam
1990 3580 2120 3637 pro-

480 3666 620 3723 bare
649 3659 922 3718 voluisse.
942 3656 1194 3729 lmpium
1227 3659 1566 3728 putas,post
1595 3654 1918 3710 sententias
1940 3670 2121 3709 sacer-

479 3755 682 3810 dotum
713 3746 1014 3822 imperiale
1038 3745 1385 3817 rescriptum
1408 3744 1435 3799 ?
1481 3744 1634 3815 quod
1679 3741 1849 3814 quale
1889 3743 1987 3810 sit,
2019 3759 2119 3797 no-

474 3842 624 3898 verit
646 3840 744 3896 ille
800 3836 1033 3894 meruit.
1094 3835 1242 3898 Quid
1291 3835 1394 3889 tibi
1452 3834 1682 3889 videtur
1737 3832 1806 3888 de
1864 3831 1976 3897 his,
2019 3832 2119 3903 qui

472 3928 731 3986 damnati
783 3925 998 4000 palatia
1046 3924 1338 3989 obsident,
1395 3927 1452 3978 et
1499 3923 1647 3978 facto
1703 3938 1907 3987 cuneo,
1945 3922 2117 3976 fidem

473 4017 691 4075 Christi
720 4016 780 4071 in
812 4032 928 4070 uno
958 4013 1196 4069 homine
1244 4011 1719 4085 persequuntur?
1750 4012 1885 4065 Mem
1919 4015 2115 4065 autem

470 4104 928 4173 communionis,
979 4106 1035 4158 et
1083 4118 1244 4174 papae
1289 4100 1618 4173 TheOpbili,
1672 4099 1901 4155 nullum
1933 4098 2112 4154 alium

467 4201 676 4253 testem
706 4191 1065 4258 vocabo,nisi
1097 4191 1291 4263 ipsum
1326 4207 1496 4263 quem
1531 4208 1565 4245 a
1596 4206 1687 4244 me
1710 4188 1911 4243 lassum
1939 4188 2118 4243 simu-

465 4286 578 4352 las,
604 4285 775 4356 cujus
798 4280 1084 4355 epistolas
1114 4282 1187 4336 ad
1225 4296 1317 4335 me
1347 4294 1578 4350 semper
1608 4278 1796 4345 datas,
1843 4277 2018 4331 etiam
2049 4294 2115 4332 eo

469 4381 733 4447 tempore
763 4389 875 4427 non
928 4372 1183 4442 ignoras,
1232 4385 1346 4440 quo
1400 4368 1541 4421 mihi
1582 4383 1680 4421 eas
1721 4365 1883 4420 reddi
1918 4365 2112 4437 prohi-

469 4463 673 4528 bebas,
695 4466 752 4516 et
782 4458 1041 4531 quotidie
1069 4457 1269 4513 missis
1300 4454 1951 4523 tabellariis,inimicum
1985 4455 2112 4525 ejus

468 4550 727 4606 amicum
759 4552 1025 4602 nostrum
1058 4551 1115 4602 et
1145 4544 1669 4600 familiarissimum
1691 4543 2024 4613 jactitabas,
2058 4548 2115 4599 et
2143 4566 2189 4629 D

467 4654 537 4695 ea
566 4653 691 4709 quae
720 4651 876 4690 nunc
919 4633 1288 4706 impudenter
1334 4630 1561 4697 scribis,
1613 4631 2010 4698 mentiebaris,
2047 4635 2113 4686 ut

467 4726 629 4784 illius
659 4728 863 4781 contra
893 4738 999 4777 nos
1028 4721 1162 4776 odia
1189 4720 1601 4786 concitares,et
1649 4719 1875 4791 injuriae
1924 4719 2108 4787 dolor,

465 4816 603 4875 ﬁdei
631 4815 796 4872 fieret
825 4811 1148 4885 oppressio.
1193 4809 1303 4865 Sed
1334 4809 1422 4864 vir
1468 4809 1725 4881 prudens
1775 4814 1832 4865 et
1878 4814 2109 4882 aposto-

536 5014 552 5047 ¹
586 5013 649 5068 In
682 5012 814 5068 aliis
846 5029 990 5068 mss.
1024 5010 1387 5073 conversione,
1422 5024 1547 5080 quas
1578 5007 1899 5078 incongrua
1937 5004 2109 5060 lectio

463 5083 595 5153 ipsa
622 5099 855 5158 quoque
886 5102 1001 5158 non
1026 5087 1133 5158 est,
1167 5097 1300 5137 cum
1331 5083 1482 5158 inter
1537 5095 1674 5158 suos
1701 5082 2106 5158 praeceptores,

463 5150 877 5209 nonnemiiiem
935 5155 1271 5210 bmreticum
1332 5152 1581 5208 Rufinus
1622 5150 1908 5215 habuerit,
1967 5154 2110 5219 puta

463 5222 779 5293 Didymum
812 5240 988 5293 quem
1020 5225 1240 5280 audivit
1258 5222 1841 5293 Alexandrizc,eaque
1875 5224 2111 5291 propter

463 5291 743 5349 nisi‘illos
769 5291 1090 5360 accusaret,
1123 5296 1242 5351 sive
1273 5295 1346 5350 ab
1373 5310 1573 5350 eorum
1598 5292 1920 5347 hmresibus
1943 5307 2004 5346 se
2026 5307 2110 5345 rc-

465 5368 706 5436 ciperet,
738 5366 1174 5419 conversionem
1200 5382 1367 5420 suam
1400 5366 1471 5421 ad
1492 5364 1886 5432 Christum,et
1908 5363 2105 5426 fidem,

466 5452 643 5509 quam
675 5436 731 5489 in
763 5436 1137 5509 conversione
1180 5444 1503 5509 acceperat,
1542 5443 1897 5509 suspectam
1963 5436 2108 5490 face-

465 5506 571 5566 ret.
594 5506 1062 5562 Conversationis
1087 5511 1282 5563 tamen
1313 5506 1682 5573 Vocabulum,
1707 5512 1764 5562 et
1798 5524 2007 5563 sensus
2023 5523 2110 5562 ar-

465 5580 625 5653 ridet
645 5578 852 5653 magis.

531 5652 557 5735 ξ
586 5646 1080 5731 Forte'epistolam
1099 5650 1172 5715 ad
1201 5648 1398 5727 ipsum
1420 5646 1804 5722 Vigilantium
1826 5650 1886 5707 in
1908 5654 2109 5708 nostra

2233 3296 2332 3368 qui
2364 3298 2607 3353 tacendo
2636 3297 2894 3369 amplius
2924 3299 3354 3357 criminaris.Et
3384 3302 3524 3375 quia
3550 3317 3659 3358 non
3685 3296 3835 3353 habes

2232 3386 2387 3456 quod
2418 3386 2681 3457 objicias,
2714 3386 2961 3444 simulas
3016 3391 3453 3459 verecundiam,
3505 3395 3569 3446 ut
3614 3387 3834 3444 lectorte

2235 3478 2396 3544 putet
2428 3474 2571 3529 mihi
2604 3491 2856 3547 parcere,
2909 3476 3009 3546 qui
3057 3477 3353 3536 mentiens
3384 3498 3489 3537 nec
3526 3486 3634 3535 tua:
3663 3475 3838 3532 animai

2233 3563 2565 3635 pepercisti.
2600 3565 2760 3629 Quod
2794 3569 2883 3619 est
2909 3564 3053 3620 illud
3084 3567 3496 3624 testimonium
3527 3569 3596 3624 de
3614 3564 3838 3635 Scriptu-

2233 3653 2335 3717 ris,
2369 3652 2522 3725 quod
2556 3653 2625 3708 de
2656 3656 2756 3708 tuo
2787 3652 2885 3709 illo
2917 3654 3348 3725 pudentissimo
3377 3673 3475 3714 ore
3522 3673 3633 3713 non
3661 3647 3842 3710 exeat?

2232 3746 2348 3795 Aut
2376 3740 2515 3813 quid
2551 3742 2607 3796 in
2643 3743 2862 3798 sanctis
2890 3742 3058 3800 libris
3090 3749 3282 3815 potest
3320 3751 3495 3820 turpe
3525 3735 3844 3802 memorari?

2231 3830 2291 3885 Si
2321 3830 2617 3887 erubescis
2648 3830 2829 3902 loqui,
2866 3832 3056 3887 scribe
3088 3832 3320 3900 saltem,
3370 3841 3437 3891 ut
3484 3852 3588 3891 nos
3617 3825 3844 3906 procaci-

2228 3919 2366 3973 tatis
2400 3920 2670 3990 proprius
2701 3936 2892 3973 sermo
2924 3919 3251 3977 convincat.
3284 3922 3363 3977 Ut
3395 3928 3595 3980 caetera
3643 3918 3846 3980 sileam,

2229 4022 2295 4061 ex
2328 4006 2435 4061 hoc
2463 4023 2577 4062 uno
2610 4006 2863 4078 capitulo
2895 4009 3311 4079 comprobabo,
3360 4012 3605 4068 ferream
3632 4011 3684 4063 te
3708 4006 3847 4060 fron-

2226 4100 2342 4150 tem
2374 4096 2671 4167 possidere
2704 4094 2965 4151 fallaciae.
3000 4096 3144 4152 Vide
3175 4104 3473 4169 quantum
3510 4101 3738 4155 timeam
3755 4091 3849 4148 cri-

2226 4183 2605 4240 minationem
2656 4190 2841 4239 tuam.
2891 4185 2953 4240 Si
3015 4186 3325 4257 protuleris
3376 4190 3537 4263 quod
3568 4180 3844 4243 minaris’.

2227 4289 2356 4326 mea
2386 4276 2557 4327 erunt
2589 4273 2859 4328 universa
2876 4291 3007 4345 quae
3028 4278 3129 4329 tua
3146 4277 3446 4350 sunt.Ego
3469 4278 3529 4332 in
3558 4268 3847 4347 Vigilantic

2223 4362 2325 4415 tibi
2358 4362 2872 4432 respondi.Eadem
2903 4362 3060 4417 enim
3078 4365 3553 4438 accusabat,quaa
3583 4370 3645 4420 tu
3678 4363 3852 4435 postea

2222 4455 2280 4504 et
2308 4450 2535 4504 amicus
2567 4448 2795 4516 laudas,
2832 4454 2888 4504 et
2920 4450 3197 4507 inimicus
3227 4468 3494 4510 accusas.
3530 4453 3661 4510 Scio
3692 4468 3724 4506 a
3754 4460 3850 4519 quo

2222 4537 2380 4593 illius
2413 4543 2614 4593 contra
2641 4554 2733 4593 me
2784 4540 2975 4595 rabies
3022 4540 3314 4597 concitata
3370 4543 3470 4610 sit,
3528 4541 3659 4599 novi
3705 4534 3852 4595 cuni-

2221 4628 2385 4683 culos
2415 4632 2569 4682 tuos.
2603 4628 3050 4699 Simplicitatem
3085 4630 3236 4686 5-19
3270 4647 3450 4702 quam
3497 4645 3701 4687 omnes
3729 4638 3854 4699 pra-

2221 4716 2438 4782 dicant,
2474 4734 2585 4771 non
2619 4716 2844 4788 ignoro.
2898 4718 3005 4773 Per
3033 4717 3193 4773 illius
3224 4718 3542 4775 stultitiam
3573 4724 3674 4774 tua
3694 4716 3746 4771 in
3771 4726 3851 4767 m6

2221 4805 2440 4861 malitia
2470 4805 2823 4863 debacchata
2854 4811 2979 4874 est;
3022 4822 3199 4877 quam
3221 4823 3327 4879 ego
3381 4809 3431 4863 si
3463 4805 3712 4881 epistola
3740 4813 3853 4858 mea

2221 5002 2913 5075 recension961,Ruﬁnus
2948 5020 3066 5074 prm
3096 5003 3280 5058 oculis
3310 5004 3541 5071 habuit,
3560 5008 3732 5075 atque
3751 4998 3855 5075 hinc

2220 5074 2277 5127 in
2321 5076 2527 5145 primis
2552 5076 2887 5147 num.|:«Tu_
2923 5075 3280 5147 orthodoxus
3299 5076 3430 5147 ?qui
3465 5074 3655 5131 etiam,
3677 5074 3858 5147 contra

2221 5142 2570 5218 sententiam
2605 5152 2766 5201 tuam
2798 5152 2853 5200 et
2879 5145 3144 5218 linguam
3177 5146 3293 5202 alia
3311 5142 3748 5218 praedicantem,
3770 5142 3857 5195 aut

2222 5217 2438 5272 invitus
2469 5213 3388 5287 subscripsisti,etpraevaricator
3412 5236 3475 5274 es
3499 5222 3629 5274 :aut
3650 5213 3855 5287 volens,

2218 5293 2275 5342 et
2314 5289 2639 5343 haereticus.
2673 5285 2720 5335 n—
2749 5289 2923 5343 Porro
2965 5285 3369 5345 testimonium
3418 5295 3543 5345 tam
3596 5285 3858 5358 injuriose

2221 5359 2498 5430 positum,
2528 5359 2671 5413 illud
2707 5358 2872 5413 facile
2914 5360 3111 5419 fuerit.
3144 5377 3259 5430 quo
3289 5361 3525 5416 Hieron.
3577 5356 3856 5414 in'eadem

2218 5429 2388 5504 epist.
2427 5449 2480 5504 ῃ.
2528 5431 2592 5504 lit
2636 5429 2935 5504 diabolum
2981 5448 3081 5501 per
3125 5429 3189 5486 os
3236 5432 3535 5504 Vigilantii
3582 5432 3854 5489 locutum,

2218 5500 2381 5561 dixit,
2416 5503 2520 5555 Ero
2543 5502 2746 5555 similis
2775 5502 3067 5557 .lltz’ssz'mo.

2287 5572 2308 5606 ³
2336 5570 2615 5627 Videatur
2642 5589 2713 5628 ex
2742 5578 3015 5629 contextu
3046 5572 3362 5647 legendum
3390 5572 3734 5633 criminaris.
3780 5592 3787 5598 ·
