4094 6166
334 325 455 385 493

1531 326 1844 388 CONTRA
1889 324 2246 388 RUFINUM
2293 327 2439 388 LIB.
2487 327 2594 388 ΙΙΙ.

3623 331 3737 388 494

336 458 806 531 repuli,nesolus
824 459 1037 514 habere
1056 460 1307 515 videaris
1337 460 1981 524 baculumlitterarum,
2012 460 2065 525 Α
2099 459 2215 513 tuis
2247 462 2503 531 prodest,
2555 460 2601 515 si
2659 476 2764 532 ego
2822 461 2983 514 fuero
3022 460 3356 516 vulneratus
3392 465 3414 516 Ρ
3469 467 3556 515 An
3589 462 3740 518 sola-

338 564 453 602 non
485 547 667 603 debes
699 548 1123 620 turpitudinem
1146 548 1425 604 simulare
1454 550 1786 617 verborum,
1812 566 1990 620 quam

336 652 635 708 nusquam
668 637 908 692 omnino
939 636 1131 710 legisti
1158 656 1170 705 ;
1209 638 1308 693 sed
1338 638 1659 709 intelligere
1679 642 1735 692 et
1760 638 1992 693 conﬁte-

338 724 413 793 ri,
444 742 546 796 per
574 724 737 781 illius
770 726 1116 795 vecordiam,
1168 727 1286 782 tuis
1337 727 1650 781 calumniis
1690 726 1873 782 fuisse
1902 744 1990 781 re-

345 830 653 886 sponsum.

362 950 367 954 .
422 904 513 957 20.
544 903 704 974 Epist.
737 921 892 975 papw
922 906 1207 960 Anastasii
1260 906 1338 959 ad
1365 907 1631 960 Joannem
1687 906 1894 960 Hieros.
1930 905 1993 959 de

358 991 557 1061 Ruﬁno.
596 1023 660 1031 —
692 994 751 1047 In
781 992 1027 1065 epistola
1057 995 1242 1048 sancti
1296 1012 1455 1065 papae
1484 994 1775 1049 Anastasii
1809 993 1989 1047 lubri-

353 1098 448 1136 cus
478 1081 748 1148 extitisti;
789 1087 846 1136 et
893 1082 1185 1149 turbatus,
1250 1084 1308 1137 in
1369 1100 1483 1153 quo
1541 1084 1687 1154 figas
1743 1083 1989 1154 gradum

344 1186 456 1224 non
488 1170 729 1241 reperis.
765 1170 933 1225 Modo
965 1170 1123 1225 enim
1154 1171 1301 1225 dicis
1332 1188 1365 1226 a
1396 1188 1487 1226 me
1544 1188 1673 1226 esse
1703 1170 1991 1242 composi-

340 1266 482 1326 tam,
518 1276 676 1314 nunc
708 1261 781 1314 ab
812 1276 877 1315 eo
936 1260 1007 1314 ad
1078 1264 1133 1315 te
1192 1260 1467 1315 debuisse
1522 1259 1864 1326 transmitti,
1898 1258 1990 1312 cui

337 1349 525 1403 missa
554 1352 662 1403 est.
698 1348 957 1403 Rursum
1016 1349 1349 1419 injustitam
1401 1349 1710 1404 scribentis
1742 1349 1940 1420 arguis
1976 1373 1990 1415 ;

334 1437 517 1491 etiam
549 1438 600 1492 si
632 1436 849 1508 scripta
879 1438 954 1491 sit
987 1438 1057 1491 ab
1092 1437 1211 1499 illo,
1247 1438 1366 1492 sive
1397 1454 1509 1492 non
1562 1437 1798 1509 scripta,
1835 1438 1901 1491 ad
1938 1442 1991 1491 te

334 1525 484 1580 nihil
517 1525 806 1594 pertinere
826 1526 1084 1591 testaris,
1108 1526 1207 1597 qui
1228 1527 1596 1597 przecessoris
1618 1527 1745 1597 ejus
1781 1527 1992 1581 habeas

330 1615 767 1683 testimonium,
788 1620 843 1669 et
873 1619 1178 1687 rogantem
1210 1615 1549 1681 Romam,ut
1572 1632 1700 1670 eam
1736 1614 1993 1669 illustra-

333 1720 431 1759 res
461 1704 775 1773 praesentia
803 1708 925 1769 tua,
959 1703 1220 1775 Oppiduli
1281 1704 1363 1758 tui
1396 1721 1594 1759 amore
1627 1709 1990 1775 contempse-

333 1792 442 1846 ris.
476 1790 537 1845 Si
567 1808 601 1845 a
631 1807 724 1845 me
753 1791 949 1845 ﬁctam
1009 1790 1317 1861 epistolam
1351 1791 1694 1861 suspicaris,
1728 1808 1832 1845 cur
1861 1807 1990 1845 eam

332 1882 396 1934 in
431 1880 705 1935 Romanas
754 1878 1020 1934 Ecclesiae
1079 1879 1371 1934 chartario
1430 1897 1543 1934 non
1602 1879 1855 1950 requiris
1890 1883 1994 1934 ?ut

334 1987 477 2024 cum
510 1968 962 2040 deprehenderis
1001 1969 1072 2023 ab
1135 1967 1408 2039 episcopo
1467 1986 1581 2024 non
1615 1968 1836 2035 datam,
1874 1985 1993 2022 ma‘

341 2057 724 2112 nifestissime
753 2056 1020 2111 criminis
1050 2073 1214 2111 reum
1244 2061 1441 2112 teneas
1474 2074 1487 2111 :
1532 2062 1587 2112 et
1625 2072 1995 2127 nequaquam

348 2161 693 2201 aranearum
715 2144 858 2199 mihi
881 2161 1143 2216 opponas
1161 2144 1500 2212 cassiculos,
1537 2146 1637 2200 sed
1674 2144 1995 2199 fortissimo

345 2249 449 2289 me
480 2238 537 2288 et
564 2231 914 2288 solidissimo
947 2233 1318 2305 constringas
1350 2232 1477 2287 reti.
1530 2232 1587 2287 Si
1632 2238 1827 2288 autem
1884 2233 1994 2287 Ro-

338 2324 507 2378 mani
536 2321 786 2393 episcopi
847 2325 956 2386 est,
1013 2320 1189 2376 stulte
1248 2322 1390 2375 facis
1450 2322 1521 2375 ab
1581 2338 1646 2375 eo
1698 2320 1996 2392 exemplar

333 2409 605 2483 epistolae
636 2414 849 2480 petere,
884 2409 977 2463 cui
1010 2409 1194 2465 missa
1225 2426 1337 2463 non
1370 2414 1458 2464 est
1488 2414 1528 2475 ι,
1563 2414 1619 2464 et
1649 2427 1763 2464 non
1792 2411 1863 2464 ab
1898 2409 1995 2465 illo

334 2500 445 2572 qui
476 2499 722 2566 miserit,
774 2499 844 2552 de
901 2498 1131 2553 Oriente
1184 2503 1483 2570 expectare
1542 2499 1993 2567 testimonium;

333 2590 515 2658 cujus
571 2592 868 2643 auctorem
899 2591 955 2641 et
984 2591 1190 2642 testem
1251 2588 1467 2643 habeas
1501 2588 1557 2641 in
1592 2588 1801 2642 vicino.
1838 2588 1996 2642 Vade

336 2677 546 2749 potius
604 2677 873 2741 Romam,
907 2680 963 2730 et
993 2692 1246 2747 praesens
1304 2678 1455 2747 apud
1490 2693 1622 2731 eum
1668 2676 1993 2747 expostula,

336 2784 449 2822 cur
475 2766 580 2820 tibi
608 2770 665 2819 et
696 2764 925 2820 absenti
972 2769 1028 2818 et
1082 2764 1377 2819 innocenti
1439 2765 1635 2820 fecerit
1691 2770 1995 2820 contume-

334 2856 509 2909 liam.
545 2852 831 2919 Primum,
866 2857 929 2906 ut
959 2869 1073 2907 non
1106 2853 1385 2925 reciperet
1408 2853 1827 2925 expositionem
1862 2854 1995 2908 ﬁdei

334 2950 479 3007 tua,
514 2958 693 3014 quam
753 2940 966 3007 omnis,
1018 2946 1082 2996 ut
1111 2941 1340 3008 scribis,
1376 2941 1541 2996 Italia
1580 2943 1992 3013 comprobavit,

335 3038 395 3089 et
424 3032 633 3088 baculo
680 3036 913 3085 tuarum
964 3030 1048 3084 uti
1108 3030 1359 3085 noluerit
1410 3030 1734 3085 litterarum
1795 3036 1997 3085 contra

338 3138 518 3177 canes
548 3125 700 3176 tuos.
727 3118 963 3187 Deinde,
981 3124 1047 3174 ut
1075 3119 1353 3191 epistolas
1387 3125 1589 3175 contra
1618 3122 1755 3175 tead
1789 3120 1991 3175 Orien-

2106 548 2257 601 tium
2287 548 2549 618 percussi
2608 549 2863 604 amicum
2913 554 2999 604 est
3031 564 3227 603 secum
3276 549 3467 605 videre
3498 552 3748 607 morien-

2102 640 2218 690 tem
2250 636 2276 689 ‘?

2170 726 2260 777 21.
2296 725 2487 779 Siricii
2539 727 2663 796 jam
2722 726 2781 780 in
2839 727 3084 781 Domino
3139 726 3484 782 dormientis
3526 729 3750 800 profers

2100 812 2432 883 epistolam,
2465 818 2519 868 et
2549 815 2795 869 viventis
2836 815 3127 870 Anastasii
3189 815 3343 869 dicta
3399 816 3745 871 contemnis.

2103 901 2249 966 Quid
2292 902 2447 956 enim
2490 902 2615 969 tibi,
2659 908 2721 957 ut
2762 904 2867 969 ais,
2918 906 3147 959 ofﬁcere
3206 908 3417 975 potest,
3478 905 3632 974 quod
3693 911 3749 959 te

2102 989 2425 1061 ignorante,
2460 996 2562 1045 aut
2584 991 2837 1063 scripsit,
2871 997 2971 1046 aut
3004 994 3147 1047 forte
3174 1010 3288 1047 non
3338 993 3575 1063 scripsit
3605 997 3627 1047 ἓ
3683 994 3751 1047 Et

2105 1078 2154 1133 si
2187 1079 2442 1150 scripsit,
2480 1081 2699 1135 sufﬁcit
2732 1080 2833 1135 tibi
2864 1081 3042 1136 totius
3101 1081 3259 1136 orbis
3318 1082 3752 1151 testimonium,

2102 1169 2256 1239 quod
2318 1168 2464 1222 nulli
2516 1186 2715 1223 verum
2746 1170 2993 1233 videtur,
3026 1174 3090 1224 ut
3122 1175 3293 1224 tantae
3333 1171 3499 1225 urbis
3556 1188 3750 1226 sacer-

2102 1258 2229 1323 dos,
2261 1256 2349 1310 vel
2407 1257 2701 1312 innocenti
2761 1258 3039 1329 injuriam
3099 1260 3283 1313 facere
3332 1260 3606 1329 potuerit,
3666 1260 3753 1315 vel

2102 1345 2351 1400 absenti.
2385 1346 2753 1401 Innocentem
2786 1352 2841 1401 te
2872 1365 3065 1413 vocas,
3100 1349 3167 1402 ad
3203 1349 3371 1419 cujus
3403 1348 3755 1419 interpreta-

2101 1433 2317 1488 iionem
2352 1435 2534 1489 Roma
2565 1435 2953 1503 contremuit;
3016 1437 3341 1503 absentem,
3376 1436 3476 1508 qui
3513 1453 3759 1492 accusa-

2102 1526 2197 1576 tus
2231 1523 2579 1593 respondere
2638 1541 2751 1579 non
2812 1526 3013 1579 audes.
3077 1526 3142 1578 Et
3186 1530 3418 1579 tantum
3478 1526 3752 1580 Romanis

2104 1612 2267 1666 urbis
2292 1612 2582 1680 judicium
2615 1612 2789 1683 fugis,
2818 1617 2883 1667 ut
2922 1612 3111 1682 magis
3141 1613 3505 1668 obsidionem
3548 1614 3757 1668 barba-

2104 1700 2283 1755 ricam
2316 1702 2355 1765 δ,
2382 1718 2560 1771 quam
2592 1706 2809 1772 pacata:
2832 1702 2995 1756 urbis
3017 1702 3155 1756 velis
3189 1703 3542 1756 sententiam
3578 1702 3764 1756 susti-

2105 1806 2259 1844 nere.
2295 1790 2452 1853 Esto,
2486 1791 2757 1860 praeteriti
2793 1791 2929 1844 anni
2962 1807 3067 1862 ego
3115 1790 3420 1862 epistolam
3470 1791 3759 1845 ﬁnxerim.

2109 1879 2376 1933 Recentia
2408 1880 2478 1932 ad
2512 1878 2805 1934 Orientem
2838 1880 3055 1951 scripta
3087 1880 3219 1950 quis
3258 1879 3419 1934 misit
3453 1879 3479 1933 ?
3536 1880 3593 1933 in
3629 1879 3762 1950 qui-

2106 1968 2217 2023 bus
2275 1984 2423 2039 papa
2484 1970 2823 2023 Anastasius
2882 1970 2902 2001 δ
2936 1968 3113 2023 tantis
3162 1974 3216 2023 te
3277 1976 3445 2024 ornat
3494 1969 3762 2035 ﬂoribus,

2107 2062 2171 2109 ut
2200 2072 2334 2110 cum
2366 2073 2433 2110 ea
2462 2055 2694 2127 legeris,
2736 2058 2925 2128 magis
2958 2062 3011 2111 te
3042 2057 3185 2112 velle
3244 2058 3552 2113 defendere
3612 2057 3761 2112 inci-

2106 2144 2255 2216 pias,
2291 2162 2465 2217 quam
2499 2163 2613 2200 non
2638 2163 2932 2200 accusare.
2957 2146 3255 2216 Simulque
3276 2148 3580 2201 considera
3600 2146 3764 2201 illam

2105 2233 2513 2288 inimitabilem
2571 2234 2941 2304 prudentiam
3007 2244 3186 2302 luam,
3221 2242 3271 2289 el
3330 2234 3483 2289 sales
3512 2235 3760 2300 Atticos,

2106 2326 2162 2375 et
2220 2323 2407 2376 sancti
2466 2321 2681 2391 eloquii
2714 2327 3102 2376 venustatem.
3161 2323 3246 2376 Ab
3280 2322 3412 2376 aliis
3467 2322 3760 2393 appeteris

2108 2409 2353 2464 aliorum
2383 2411 2787 2465 criminatione
2808 2411 3159 2477 confoderis,
3180 2414 3237 2465 et
3258 2416 3460 2466 contra
3493 2427 3583 2465 me
3617 2411 3760 2464 furi-

2108 2499 2341 2553 bundus
2365 2500 2629 2570 jactaris,
2661 2504 2717 2553 et
2747 2499 3024 2570 loqueris,
3060 2522 3084 2547 ‹‹
3118 2500 3394 2571 Nunquid
3429 2505 3485 2554 et
3507 2516 3611 2571 ego
3644 2517 3761 2555 non

2108 2604 2348 2659 possum
2377 2592 2734 2654 enarrare,tu
2772 2590 3065 2659 quomodo
3096 2590 3165 2643 de
3198 2589 3345 2644 Urbe
3376 2588 3762 2644 discesseris?

2108 2677 2247 2747 quid
2282 2678 2352 2731 de
2385 2683 2438 2731 tc
2469 2677 2527 2731 in
2557 2678 2826 2749 prmsenti
2854 2678 3183 2747 judicatum
3221 2678 3345 2733 sit?
3384 2678 3525 2748 quid
3559 2682 3760 2749 postea

2107 2766 2413 2836 scriptum,
2440 2767 2886 2837 quidjuraveris
2911 2770 2932 2820 Ρ
2960 2767 3059 2821 ubi
3086 2767 3279 2821 navim
3298 2770 3711 2823 conscenderis
3740 2773 3763 2823 Ρ

2107 2871 2283 2931 quam
2316 2862 2513 2911 sancte
2546 2856 2864 2927 perjurium
2908 2856 3176 2911 vitaveris
3214 2858 3241 2909 ?
3289 2857 3556 2911 Poteram
3612 2875 3754 2929 pan-

2107 2944 2371 3011 dere,sed
2405 2945 2574 3016 plura
2604 2961 2831 2999 servare
2863 2946 3252 3016 statui,quam
3287 2947 3524 3000 referre.
3566 2970 3589 2992 ››
3622 2948 3750 3001 Hac

2108 3038 2251 3093 551
2291 3039 2429 3089 sunt
2455 3039 2688 3087 tuorum
2747 3039 3092 3088 ornamenta
3148 3034 3473 3089 verborum.
3523 3035 3587 3089 Et
3618 3041 3751 3106 post

2106 3126 2218 3181 ista
2250 3125 2299 3179 si
2340 3123 2480 3194 quid
2536 3123 2593 3176 in
2652 3127 2707 3176 te
2761 3139 3030 3193 asperum
3080 3122 3297 3189 dixero,
3348 3124 3543 3178 statim
3605 3124 3750 3179 mihi

336 3216 459 3267 tem
494 3210 753 3264 mitteret
804 3209 1129 3263 cauterium
1190 3208 1294 3264 tibi
1352 3208 1638 3265 haereseos
1689 3210 1830 3264 dum
1889 3226 1991 3264 ne-
2025 3191 2067 3256 (ἶ
2103 3214 2582 3287 proscriptionem
2615 3217 2667 3266 et
2700 3210 2925 3282 gladios
2982 3211 3378 3267 comminaris.
3413 3214 3481 3266 Et
3509 3212 3745 3267 interim

340 3300 499 3366 scis,
560 3298 854 3366 inureret,
912 3298 1243 3369 diceretque
1300 3297 1479 3353 libros
1545 3298 1810 3371 Origenis
1868 3297 1991 3372 περὶ

336 3391 561 3461 Ἀρχῶν
592 3392 700 3442 ate
732 3386 1071 3454 translatos,
1104 3392 1160 3442 et
1209 3388 1462 3460 simplici
1496 3389 1769 3444 Romanae
1803 3389 1995 3445 Eccle-

347 3476 445 3531 siae
480 3476 739 3542 traditos,
772 3480 838 3530 ut
868 3476 1001 3530 ﬁdei
1032 3475 1332 3531 veritatem
1367 3493 1543 3548 quam
1594 3479 1666 3532 ab
1720 3478 1994 3549 Apostolo

358 3565 698 3629 didicerant,
727 3581 825 3635 per
854 3568 910 3619 te
940 3566 1269 3636 perderent,
1294 3571 1351 3620 et
1384 3584 1500 3638 quo
1534 3566 1637 3621 tibi
1671 3568 1692 3600 ²
1714 3568 1992 3637 majorem

364 3652 581 3707 faceret
620 3651 906 3723 invidiam,
954 3670 1134 3709 ansus
1185 3655 1262 3708 sit
1309 3654 1608 3710 criminari
1657 3656 1763 3711 hos
1814 3656 1994 3727 ipsos,

360 3740 716 3796 Praefationis
751 3748 858 3797 tuae
892 3743 1227 3799 testimonio
1256 3745 1576 3799 roboratos.
1599 3745 1721 3799 Non
1759 3751 1846 3799 est
1877 3745 1998 3801 leve

351 3830 510 3903 quod
543 3830 698 3886 550
729 3832 833 3885 tibi
865 3832 1139 3904 impingit
1195 3837 1367 3887 tanta;
1401 3833 1563 3888 urbis
1600 3834 1876 3905 pontifex,
1910 3835 1997 3890 vel

347 3920 418 3974 ab
450 3917 567 3974 alio
597 3919 892 3989 objeetum
953 3925 1167 3975 temere
1220 3922 1496 3992 suscepit.
1556 3922 1885 3977 Vociferare
1946 3928 2002 3978 et

352 4007 591 4064 clamita
620 4026 723 4079 per
752 4010 1028 4080 compita,
1071 4025 1174 4080 per
1229 4010 1641 4081 plateaszNon
1699 4016 1787 4067 est
1835 4028 2001 4067 meus

353 4095 585 4164 liber”;
621 4101 678 4151 et
724 4097 773 4152 si
836 4113 1001 4155 meus
1059 4102 1167 4165 est,
1229 4098 1538 4153 schedulas
1596 4100 2001 4156 ineinendatas

348 4186 641 4240 nusebius
673 4184 828 4240 furto
884 4185 1147 4241 abstulit.
1188 4186 1369 4241 Aliter
1399 4204 1503 4258 ego
1535 4188 1711 4254 edidi,
1747 4189 1864 4244 imo
1899 4206 2001 4245 nec

349 4273 533 4328 edidi.
571 4273 728 4328 Nulli
760 4290 858 4329 eas
887 4275 1019 4329 dedi
1052 4277 1091 4340 δ,
1152 4281 1251 4330 aut
1312 4282 1463 4331 certe
1524 4279 1764 4348 paucis;
1799 4283 1853 4333 ct
1884 4285 2002 4333 tam

344 4362 673 4418 sceleratus
711 4362 1007 4431 inimicus,
1032 4368 1150 4419 tam
1176 4363 1531 4437 negligentes
1554 4366 1722 4421 amici
1747 4367 2003 4433 fuerunt,

348 4456 414 4506 ut
447 4451 716 4507 omnium
750 4453 977 4508 codices
1009 4453 1080 4509 ab
1111 4470 1177 4509 eo
1211 4454 1426 4524 pariter
1455 4453 1819 4510 falsarentur.
1858 4459 2003 4525 llaec,

2102 3306 2276 3360 homo
2304 3301 2820 3372 eloquentissimus
2880 3304 3001 3355 arte
3032 3299 3187 3354 ludis
3219 3300 3526 3366 rhetorica,
3577 3307 3633 3356 et
3665 3302 3749 3358 si-

2106 3392 2297 3449 mulas
2327 3396 2381 3445 te
2414 3390 2703 3462 praeterire
2756 3406 2882 3460 quae
2932 3389 3096 3456 dicis,
3131 3394 3197 3443 ut
3227 3390 3325 3458 qui
3358 3390 3584 3459 objecta
3616 3407 3748 3461 pro-

2106 3484 2242 3537 bare
2274 3497 2387 3534 non
2420 3484 2672 3550 poteras,
2715 3477 2885 3548 quasi
2915 3478 3309 3548 prmtermissa
3340 3478 3516 3532 facias
3549 3478 3751 3533 crimi-

2107 3588 2268 3625 nosa.
2331 3569 2459 3622 Haec
2518 3571 2602 3622 est
2634 3570 2734 3621 tua
2790 3570 2912 3620 tota
2968 3568 2986 3599 ⁷
3046 3566 3360 3637 simplitas,
3420 3567 3502 3621 sic
3566 3567 3753 3620 amico

2108 3657 2319 3731 parcis,
2351 3661 2407 3711 et
2438 3672 2695 3710 reservas
2737 3658 2789 3707 te
2849 3654 2919 3707 ad
2975 3654 3293 3707 tribunalia
3344 3654 3632 3722 judicum,
3692 3658 3758 3708 ut

2108 3762 2374 3802 acervum
2405 3743 2719 3798 criminum
2754 3741 2920 3806 mihi,
2954 3742 3093 3795 dum
3127 3741 3337 3811 parcis,
3379 3742 3683 3811 objeceris.

2178 3837 2267 3887 22.
2306 3834 2451 3888 Ordo
2477 3832 2833 3902 profectionis
2889 3832 3223 3900 Hieronymi
3274 3830 3337 3884 de
3372 3831 3527 3887 Urbe.
3562 3863 3628 3869 —-
3658 3830 3759 3887 Vis

2112 3940 2284 3979 nosse
2317 3920 2688 3993 profectionis
2732 3935 2869 3973 mea
2930 3920 3000 3973 de
3060 3918 3210 3973 Urbe
3272 3919 3587 3973 ordinem?
3616 3920 3761 3975 Nar-

2112 4014 2250 4067 rabo
2284 4010 2549 4065 breviter.
2608 4009 2804 4063 Mense
2860 4012 3145 4079 Augusto,
3198 4007 3479 4064 flantibus
3536 4010 3758 4076 etesiis,

2113 4119 2242 4157 cum
2276 4108 2476 4155 sancto
2512 4097 2813 4151 Vincentio
2862 4098 3216 4167 presbytero,
3280 4102 3337 4151 et
3394 4097 3759 4152 adolescente
3824 4092 3831 4097 ’

2114 4192 2307 4255 fratre,
2341 4193 2397 4243 et
2426 4187 2554 4242 aliis
2597 4185 2920 4250 monachis,
2981 4185 3082 4255 qui
3138 4202 3292 4239 nunc
3352 4184 3759 4255 Hierosolymzs

2114 4283 2570 4335 commorantur.
2634 4274 2825 4329 navim
2882 4275 2939 4327 in
2998 4274 3258 4328 Romano
3296 4279 3465 4343 portu
3518 4290 3761 4328 securus

2115 4367 2373 4432 escendi,
2409 4366 2662 4419 maxima
2712 4379 2802 4417 me
2862 4367 3199 4417 sanctorum
3254 4361 3576 4432 frequentia
3632 4378 3762 4431 pro-

2117 4460 2418 4528 sequente.
2454 4453 2596 4508 Veni
2633 4452 2940 4522 Rhegium,
3004 4451 3061 4505 in
3103 4450 3341 4522 Scyllzeo
3400 4450 3591 4504 littore
3622 4466 3767 4521 pau-

342 4540 535 4597 frater
568 4540 933 4607 charissime,
967 4542 1152 4597 facere
1206 4542 1513 4613 debueras,
1547 4549 1603 4599 et
1634 4562 1747 4600 non
1782 4545 1865 4599 illi
1894 4550 2008 4601 ter-
2041 4566 2085 4628 Ι)
2118 4546 2304 4601 Iulum
2340 4544 2493 4609 steti,
2530 4542 2626 4596 ubi
2678 4547 2898 4596 veteres
2965 4540 3144 4595 didici
3202 4540 3451 4608 fabulas,
3508 4545 3563 4594 et
3623 4556 3767 4610 prae-

342 4644 495 4701 gum
531 4629 861 4695 obverteris,
896 4630 953 4684 in
984 4647 1075 4686 me
1108 4632 1532 4687 transmaniras
1563 4633 2004 4689 maledictorum

351 4722 603 4773 tuorum
656 4718 901 4789 sagittas
957 4719 1226 4791 dirigere.
1287 4720 1432 4785 Quid
1482 4721 1635 4776 enim
1668 4722 2008 4778 vulneribus

438 4862 450 4893 ‘
486 4860 687 4914 Malim
724 4861 1249 4935 equidemiabsque
1276 4864 1522 4935 negandi
1556 4865 1862 4935 particula,
1921 4867 2013 4920 cui

343 4933 531 4986 missa
564 4942 637 4985 est
672 4949 684 4986 :
720 4950 928 5005 nempe
959 4934 1026 4988 ab
1058 4949 1137 4999 eo,
1170 4934 1239 4988 ad
1268 4950 1324 4988 se
1358 4933 1630 4990 debuisse
1687 4939 2010 5002 transmitti,

341 5005 453 5058 cui
521 5006 685 5058 missa
749 5010 851 5073 est,
912 5005 1161 5059 Ruﬁnus
1238 5007 1646 5071 contendebat,
1707 5008 1927 5062 scilicet
1982 5025 2015 5063 a

351 5075 615 5130 Joanne.
677 5074 1063 5147 Hieronymus
1123 5084 1347 5142 contra,
1419 5078 1583 5132 stulte
1640 5079 1801 5132 illum
1852 5079 2012 5143 dicit,

346 5151 449 5216 pet
462 5161 555 5200 ere
602 5148 887 5217 exemplar
913 5148 1149 5217 epistolae
1179 5148 1245 5201 ab
1271 5164 1347 5212 eo,
1380 5151 1471 5201 cui
1490 5151 1657 5203 missa
1702 5152 1795 5217 sit,
1826 5154 1877 5205 et
1906 5167 2015 5205 non

350 5218 433 5272 ab
467 5218 589 5281 illo,
620 5220 716 5287 qui
744 5220 973 5279 miserit,
1008 5217 1225 5273 scilicet
1270 5220 1599 5275 Anastasio.
1634 5220 1787 5274 Nihil
1819 5226 2017 5276 tamen

350 5292 589 5343 absque
624 5306 765 5342 mss.
793 5290 1059 5343 immuto.

442 5360 463 5391 ²
494 5360 867 5414 Martianazus
902 5364 1031 5431 post
1061 5361 1393 5423 Erasmum,
1435 5370 1485 5416 et
1516 5362 1655 5433 quod
1686 5364 1783 5416 tibi
1834 5382 1854 5416 .·
1912 5362 2018 5416 mi-

352 5448 480 5485 nus
510 5434 685 5485 recte.

439 5504 458 5533 ³
487 5500 669 5555 Vetus
702 5502 841 5555 edit.
879 5506 1004 5555 tum
1038 5500 1260 5571 aliquot
1292 5518 1468 5571 penes
1500 5504 1713 5559 Victor.
1746 5521 1887 5559 mss.
1914 5520 2022 5559 non

356 5575 447 5628 est
474 5588 649 5647 incus,
680 5588 792 5647 non
821 5582 901 5626 est
926 5574 1083 5647 lilger,
1115 5578 1251 5647 et_c.,
1286 5590 1458 5647 quam
1512 5576 1912 5647 repetitionem
1943 5574 2024 5631 ob

356 5642 706 5721 emphasim
738 5643 1036 5720 impendio
1068 5643 1294 5718 probat.

2118 4636 2352 4719 cipitem
2385 4631 2620 4703 pellacis
2671 4631 2775 4701 [ΑΙ.
2810 4629 3040 4719 fallicis]
3102 4629 3324 4719 Ulyssis
3384 4645 3647 4719 cursum,
3711 4631 3767 4681 et

2116 4717 2464 4779 sirenarium
2494 4720 2804 4786 cantica,et
2834 4718 3227 4774 insatiabilem
3259 4717 3583 4788 Charybdis
3612 4731 3773 4769 vora-

2192 4867 2211 4898 ⁴
2246 4864 2409 4919 Falso
2442 4868 2497 4917 et
2526 4868 2727 4918 contra
2759 4863 2987 4916 Hieron.
3013 4879 3077 4915 ac
3110 4861 3303 4915 Ruﬁni
3342 4864 3598 4913 mentem
3631 4861 3775 4910 Mar-

2122 4938 2367 4991 tianaeus
2402 4936 2503 4990 Uni
2533 4951 2623 4987 eas
2681 4933 2825 4997 dedi,
2858 4939 2965 4987 etc.
3002 4938 3117 4985 Hoc
3169 4932 3419 4985 maxime
3453 4934 3620 5000 urget
3649 4932 3772 5000 tota

2123 5025 2231 5062 sua
2262 5005 2510 5078 epistola
2543 5005 2841 5078 presbyter
2870 5003 3282 5078 Aquileiensis,
3338 4999 3776 5078 quodschedu-

2126 5080 2212 5134 las
2244 5072 2373 5132 illas
2432 5072 2557 5130 suae
2609 5072 3042 5146 interpretio’nis
3101 5076 3195 5127 aut
3252 5074 3439 5126 nullus
3492 5072 3775 5146 habuerat,

2125 5155 2225 5206 aut
2255 5149 2552 5205 admotum
2581 5142 2781 5217 paueif
2798 5146 2943 5200 Vide
2976 5162 3155 5215 supra
3186 5161 3347 5199 num.
3390 5146 3422 5197 3
3482 5149 3537 5197 et
3569 5142 3776 5197 subse-

2172 5226 2423 5275 uentem.

2129 5240 2163 5293 q
2200 5294 2220 5326 ⁵
2252 5292 2635 5361 lrruptionem
2695 5287 2903 5342 Alarici
2937 5304 3070 5341 cum
3126 5287 3329 5341 Gothis
3364 5287 3419 5340 in
3457 5286 3679 5340 Italiam
3710 5301 3779 5339 ex

2140 5363 2386 5391 ANI‘:'1‘:I\
2423 5362 2487 5391 nl‘l
2530 5379 2595 5391 I‘n

2130 5363 2392 5434 Aquileia
2422 5362 2489 5415 ad
2528 5379 2621 5414 an.
2657 5363 2777 5413 401.

2201 5435 2495 5514 ﬁditatem
2531 5449 2643 5485 non
2700 5431 2832 5484 tulit
2888 5430 3087 5485 isthaec
3128 5429 3418 5484 Anastasii
3462 5430 3530 5483 de
3573 5428 3778 5482 Ruﬁno

2134 5503 2511 5633 epislgciitota
2541 5590 2609 5629 ex
2658 5571 2833 5629 veteri
2863 5573 3001 5630 edit.
3037 5578 3091 5629 et
3144 5572 3394 5629 Victorio
3445 5568 3776 5643 suppletur.
