4110 6162
386 267 511 356 491

1625 296 1692 355 S.
1734 293 2061 359 EUSEBII'
2085 291 2556 360 HIERONYMI.

3633 283 3734 363 ist

383 427 602 500 ginem.
657 426 922 500 Cumque
981 426 1125 482 mihi
1185 426 1392 482 αοεοΙω
1465 427 1624 483 illius
1682 427 1790 483 loci
1851 427 2039 483 multa
2073 433 2124 499 Α
2154 429 2344 501 phites
2369 447 2382 498 ;
2411 430 2506 486 hic
2531 430 2630 502 qui
2665 446 2763 486 sex
2792 429 2977 486 millia
3004 426 3270 502 Origenis
3296 429 3481 500 libros,
3532 435 3584 488 te
3611 440 3739 504 pm:

391 519 718 582 narrarent,
751 516 1075 586 darentque
1106 514 1438 584 consilium,
1473 520 1540 570 ut
1596 533 1711 571 non
1743 517 1813 571 ad
1847 516 2034 572 Protei

392 606 719 672 columnas,
750 605 852 660 sed
884 604 955 659 ad
985 604 1143 659 Jonas
1174 608 1405 676 portum
1452 605 1780 676 navigarem
1819 622 1832 660 :
1868 605 2034 661 illum

391 695 549 753 enim
601 692 954 767 fugientium
994 698 1050 748 et
1107 693 1476 748 turbatorum
1537 695 1575 763 ¹,
1634 693 1790 749 hunc
1847 693 2035 750 securi

389 782 648 840 hominis
677 797 806 838 esse
833 798 1098 850 cursum,
1130 781 1310 837 malui
1340 798 1443 853 per
1501 781 1718 838 Maleas
1748 787 1804 838 et
1833 783 2036 855 Cycla-

389 873 493 929 das
523 873 774 945 Cyprum
809 887 1068 943 pergere.
1104 870 1210 926 Ubi
1265 875 1572 942 susceptus
1629 889 1662 926 a
1717 871 2035 927 venerabili

385 962 658 1035 episcopo
706 960 1054 1033 Epiphanio,
1087 961 1255 1031 cujus
1286 964 1348 1014 tu
1380 959 1714 1016 testimonio
1746 959 2036 1032 gloriaris,

388 1050 519 1106 veni
548 1047 943 1116 Antiochiam,
1004 1048 1102 1103 ubi
1162 1049 1376 1104 fruitus
1436 1065 1568 1104 sum
1627 1049 2040 1106 communione

393 1138 685 1212 pontiﬁcis
715 1137 1182 1209 confessorisque
1212 1137 1462 1206 Paulini,
1523 1141 1580 1193 et
1625 1139 1910 1194 deductus
1967 1140 2036 1194 ab

396 1242 463 1284 eo
519 1227 713 1284 media
766 1226 960 1282 hieme
1016 1230 1072 1282 et
1118 1226 1330 1299 frigore
1405 1226 1772 1299 gravissimo,
1829 1226 2039 1282 intravi

393 1315 874 1390 Hierosolymam.
933 1315 1068 1370 Vidi
1128 1315 1315 1371 multa
1399 1315 1728 1383 miracula;
1788 1321 1845 1372 et
1912 1332 2039 1388 quae

391 1406 556 1478 prius
621 1406 694 1462 ad
751 1422 846 1462 me
877 1406 1033 1461 fama
1090 1403 1428 1476 pertulerat,
1460 1404 1762 1460 oculorum
1815 1405 2041 1474 judicio

389 1495 778 1568 comprobavi.
843 1495 982 1550 Inde
1040 1495 1308 1549 contendi
1392 1494 1720 1566 IEgyptum,
1796 1494 2038 1548 lustravi

391 1584 748 1641 monasteria
795 1583 1010 1650 Nitrias,
1071 1587 1128 1639 et
1196 1583 1346 1639 inter
1420 1587 1757 1638 sanctorum
1835 1583 2042 1638 choros

392 1673 628 1746 aspidas
657 1672 837 1728 latere
893 1672 1182 1745 perspexi.
1219 1672 1506 1727 Protinus
1545 1672 1772 1727 concito
1856 1673 2039 1745 gradu

2147 524 2329 584 sente,
2372 520 2685 586 cantavit;
2751 519 2848 592 qui
2915 521 3177 575 omnium
3243 520 3490 592 gentium
3543 513 3745 593 linguis

2145 608 2612 679 pradicationem
2672 609 2783 665 sibi
2843 614 3048 665 contra
3102 609 3401 682 Origenem
3454 609 3744 681 injunctam

2145 700 2345 767 putat;
2381 698 2480 769 qui
2511 698 2640 754 ideo
2672 713 2806 753 eum
2873 697 2986 770 legi
3019 697 3298 771 prohibet,
3355 713 3422 754 ne
3475 697 3566 753 alii
3637 699 3750 769 ejus

2147 786 2303 840 furta
2387 795 2761 859 cognoscant.
2849 810 2876 836 »
2961 788 3108 860 Lege
3191 786 3403 858 scripta
3453 789 3551 842 tua
3606 829 3619 855 ,
3702 789 3753 842 et

2146 874 2453 946 epistolam
2485 876 2614 946 ejus
2647 876 2764 930 imo
2797 874 3096 947 epistolas,
3127 891 3158 930 θ
3187 876 3394 947 quibus
3436 889 3608 930 unum
3637 889 3752 945 pro-

2149 963 2327 1018 feram
2378 967 2489 1018 tuas
2548 964 2680 1019 fidei
2742 964 3167 1029 testimonium,
3217 967 3282 1018 ut
3330 980 3441 1019 non
3487 962 3757 1018 immerito

2149 1067 2306 1106 nunc
2362 1069 2396 1106 a
2446 1057 2504 1107 te
2560 1051 2835 1108 laudatus
2879 1069 3008 1108 esse
3063 1053 3342 1108 videatur.
3395 1074 3422 1104 «
3452 1053 3528 1107 Te
3557 1055 3755 1117 autem,

2147 1141 2342 1208 frater,
2375 1140 2580 1196 liberet
2607 1141 2780 1208 Deus,
2815 1147 2870 1196 et
2927 1144 3195 1197 sanctum
3226 1141 3502 1214 populum
3537 1139 3757 1206 Christi,

2149 1230 2248 1301 qui
2283 1229 2384 1285 tibi
2416 1231 2674 1286 creditus
2704 1238 2815 1298 est,
2848 1234 2906 1285 et
2935 1246 3141 1287 omnes
3191 1231 3398 1286 fratres
3455 1229 3551 1301 qui
3588 1224 3758 1285 tecurn'

2150 1325 2310 1383 sunt,
2345 1323 2403 1374 et
2433 1319 2684 1374 maxime
2715 1319 2991 1374 Ruﬁnum
3037 1321 3456 1392 presbyterum,
3485 1319 3554 1374 ab
3581 1317 3763 1374 haeresi

2151 1406 2439 1479 Origenis,
2473 1411 2530 1463 et
2561 1407 2691 1463 aliis
2747 1407 3091 1480 haeresibus,
3137 1413 3192 1465 et
3222 1407 3536 1480 perditione
3565 1421 3761 1462 earum.

2151 1497 2209 1552 Si
2243 1495 2400 1552 enim
2433 1501 2668 1568 propter
2697 1513 2883 1553 unum
2915 1498 3179 1563 verbum,
3211 1501 3314 1553 aut
3343 1498 3476 1564 duo,
3501 1511 3620 1568 quae
3649 1510 3769 1550 cena

2150 1585 2331 1641 traria
2362 1586 2492 1641 fidei
2527 1589 2686 1650 sunt,
2749 1585 2947 1641 multae
2982 1587 3229 1642 haereses
3263 1586 3496 1657 objectis
3551 1587 3678 1639 sunt
3705 1583 3768 1638 ab

2150 1674 2427 1742 Ecclesia,
2463 1679 2680 1746 quanto
2713 1675 2902 1747 magis
2962 1674 3053 1730 hic
3109 1676 3265 1731 inter
3294 1673 3584 1730 haereticos
3611 1671 3770 1726 habeé

391 1763 666 1819 Betheem
699 1777 890 1818 meam
923 1777 1190 1817 reversus
1235 1778 1388 1828 sum,
1450 1761 1548 1817 ubi
1609 1761 1840 1817 odoravi
1897 1778 2040 1833 prze-
2075 1805 2122 1869 Β
2153 1764 2331 1828 bitur,
2365 1764 2466 1835 qui
2497 1769 2692 1819 tantas
2724 1764 3152 1836 perversitates,
3213 1763 3366 1820 558
3414 1767 3468 1818 et
3493 1767 3606 1816 tam
3634 1757 3773 1814 mala

570 1854 614 1869 ,ι
651 1849 997 1869 acuentes-
1036 1849 1348 1869 ηιμ-.--ε-
1433 1848 1560 1869 ηε,ιε
1807 1867 1819 1869 _
1861 1850 2003 1869 ομ--
2172 1852 2318 1869 ,
2374 1857 2383 1869 .
2585 1856 2593 1869 .
2735 1853 2804 1869 ρ.
3137 1868 3141 1869 ,
3205 1853 3241 1869 ..
3358 1852 3459 1869 ﬁ-..
3530 1847 3772 1869 π,,ι,,,,

394 1866 533 1923 sepe
562 1854 621 1906 et
649 1849 1008 1906 incunabula
1036 1849 1376 1906 Salvatoris.
1433 1848 1565 1904 Vidi
1596 1865 1828 1921 quoque
1859 1850 2042 1905 famo-

394 1939 699 2000 sissimum
734 1939 949 2008 lacum,
980 1955 1085 1994 nec
1117 1956 1210 1994 me
1240 1939 1410 1994 inerti
1470 1939 1682 1994 tradidi
1717 1939 1832 1994 otio
1869 1964 1882 2007 ;
1941 1939 2042 1994 sed

394 2030 584 2086 multa
611 2030 811 2096 didici,
845 2046 971 2102 quae
1003 2033 1136 2084 ante
1167 2027 1520 2084 nesciebam.
1566 2028 1713 2094 Quid
1746 2031 1942 2082 autem
1975 2028 2044 2082 de

394 2136 489 2176 me
520 2120 714 2175 Romae
736 2119 1069 2190 judicatum
1101 2119 1198 2184 sit,
1232 2121 1291 2173 et
1322 2117 1458 2190 quid
1503 2123 1705 2189 postea
1735 2117 2043 2188 scriptum,

394 2209 535 2265 nolo
557 2214 774 2278 taceas,
833 2207 1154 2279 praesertim
1213 2222 1348 2261 cum
1379 2206 1597 2262 habeas
1641 2206 2044 2262 testimonium

395 2297 502 2369 [Αἰ.
526 2297 887 2366 testimonio]
947 2296 1396 2367 scripturarum,
1457 2300 1514 2351 et
1570 2311 1674 2367 ego
1706 2313 1819 2350 non
1852 2294 2046 2351 verbis

394 2387 513 2442 tuis
544 2401 672 2458 quae
693 2385 975 2441 simulare
996 2390 1182 2457 potes,
1238 2390 1296 2440 et
1318 2384 1607 2457 impunito
1641 2386 1864 2455 jactare
1891 2401 2050 2440 men-

401 2477 588 2544 dacio,
621 2476 722 2531 sed
756 2474 994 2547 scriptis
1052 2475 1204 2531 552
1256 2473 1663 2530 ecclesiasticis
1711 2475 2047 2545 arguendus

401 2565 536 2622 sim.
567 2564 712 2620 Vide
767 2568 1053 2634 quantum
1113 2568 1168 2618 te
1223 2563 1484 2618 timeam.
1547 2564 1606 2618 Si
1665 2564 1754 2618 vel
1808 2578 2045 2634 parvam

399 2652 744 2710 schedulam
774 2655 980 2708 contra
1009 2667 1102 2706 me
1161 2649 1407 2706 Romani
1439 2649 1716 2722 episcopi,
1771 2655 1874 2706 aut
1904 2650 2048 2705 alte-

395 2743 524 2800 rius
550 2740 820 2798 Ecclesis
850 2739 1186 2814 protuleris,
1245 2739 1444 2796 omnia
1473 2756 1600 2810 quae
1657 2739 1715 2794 in
1746 2743 1800 2794 te
1831 2739 2050 2810 scripta

393 2837 555 2902 sunt,
617 2848 748 2888 mea
802 2830 1051 2887 crimina
1105 2829 1444 2885 conﬁtebor.
1495 2828 1771 2899 Nunquid
1832 2831 1887 2883 et
1943 2844 2048 2900 ego

393 2939 509 2978 non
543 2937 778 2994 possem
811 2919 1229 2993 profectionem
1255 2923 1418 2973 tuam
1478 2919 1764 2973 discutere
1799 2920 1820 2971 ?
1877 2918 2048 2987 cujus

400 3011 589 3067 sitatis
619 3009 823 3074 fueris,
855 3009 1030 3076 unde,
1065 3023 1180 3079 quo
1235 3012 1498 3078 tempore
1541 3005 1834 3078 navigaris
1862 3005 1890 3060 ?
1947 3005 2046 3060 ubi

397 3095 608 3158 vixeris
639 3094 908 3172 P'quibus
936 3097 1274 3153 interfueris
1296 3097 1324 3151 ‘I
1355 3097 1465 3152 Sed
1498 3093 1673 3162 absit,
1707 3100 1773 3149 ut
1804 3093 1956 3166 quod
1991 3095 2048 3150 in

2155 1852 2429 1924 dogmata
2467 1856 2671 1908 contra
2730 1853 2905 1909 ﬁdem
2947 1852 3272 1922 adinvenit,
3358 1852 3459 1907 Dei
3530 1847 3773 1905 Ecclesia!

2155 1941 2340 1996 hostis
2371 1939 2630 1996 exstitit!
2669 1963 2695 1990 »
2727 1941 2856 1996 Haec
2914 1945 3003 1997 est
3057 1941 3164 1996 viri
3221 1942 3411 1997 sancti
3456 1941 3519 1996 de
3545 1942 3597 1993 te
3622 1935 3771 2016 testi-

2158 2030 2350 2086 ﬁcatio
2385 2046 2397 2084 :
2433 2031 2517 2085 sic
2547 2031 2620 2085 ab
2650 2047 2716 2086 eo
2764 2034 3030 2101 ornatus,
3089 2031 3173 2085 sic
3233 2029 3504 2086 laudatus
3553 2024 3773 2082 incedis.

2157 2121 2242 2175 Ita
2270 2124 2359 2174 est
2387 2119 2632 2191 epistola
2660 2121 2700 2184 ³,
2737 2137 2915 2191 quam
2947 2120 3017 2174 de
3047 2119 3322 2175 cubiculo
3355 2117 3544 2174 fratris
3566 2111 3778 2170 Eusebii

2157 2208 2416 2263 nummis
2470 2209 2661 2264 aureis
2720 2209 3067 2280 produxisti,
3127 2213 3192 2263 ut
3241 2201 3778 2264 calumniarerisin-

2155 2302 2487 2369 terpretem,
2513 2303 2568 2353 et
2591 2315 2680 2353 me
2703 2298 3056 2369 apertissimi
3079 2302 3311 2354 teneres
3333 2295 3593 2353 criminis
3614 2305 3780 2357 reum,

2158 2404 2337 2458 quare
2381 2403 2485 2458 pro
2537 2387 2848 2443 honorabili
2899 2388 3298 2442 charissimam
3353 2381 3784 2442 transtulissem.

2158 2477 2268 2531 Sed
2302 2476 2443 2549 quid
2471 2477 2542 2531 ad
2575 2481 2655 2544 te,
2686 2477 2784 2548 qui
2819 2475 3092 2548 prudenti
3151 2475 3406 2532 consilio
3437 2475 3638 2530 cuncta
3686 2484 3791 2525 mo-

2158 2566 2409 2632 deraris,
2439 2569 2494 2620 et
2546 2565 2628 2620 sic
2661 2565 2890 2621 medius
2928 2565 3170 2636 incedis,
3204 2570 3270 2620 ut
3322 2564 3372 2622 si
3399 2562 3676 2620 inveneris
3704 2556 3789 2630 qui

2157 2653 2260 2709 tibi
2319 2655 2580 2721 credant,
2641 2671 2745 2710 nec
2802 2655 3148 2710 Anastasius
3205 2659 3418 2710 contra
3446 2656 3656 2719 te,nec
3682 2647 3792 2720 Epi-

2158 2742 2410 2814 phanius
2448 2743 2788 2815 scripserint
2822 2761 2835 2797 :
2869 2743 2983 2798 nisi
3014 2743 3153 2815 ipsae
3212 2742 3478 2816 epistola
3535 2738 3790 2796 reclama-

2157 2830 2362 2898 vcrint,
2396 2835 2452 2885 et
2483 2831 2761 2904 fregerint
2788 2836 2900 2886 tuae
2961 2832 3170 2887 frontis
3227 2832 3567 2897 audaciam,
3615 2825 3792 2884 statim

2149 2920 2443 2991 judicium
2475 2921 2781 2992 utriusque
2813 2926 3176 2986 contemnas,
3236 2925 3298 2976 et
3348 2937 3466 2977 non
3499 2921 3567 2976 ad
3601 2923 3654 2973 te
3680 2917 3792 2988 per-

2157 3009 2361 3077 tineat,
2411 3009 2529 3065 sive
2580 3010 2942 3081 scripserint,
2977 3009 3094 3065 sive
3127 3025 3241 3065 non
3275 3008 3644 3082 scripserint,
3673 2993 3795 3077 quia

2158 3099 2228 3154 de
2287 3099 2592 3154 innocente
2640 3104 2696 3154 et
2744 3099 2984 3154 absente
3033 3097 3287 3154 scribere
3345 3114 3460 3154 non
3525 3093 3796 3168 potuerint

401 3194 458 3246 te
487 3180 868 3261 reprehendo,
929 3186 1139 3242 faciam
1173 3202 1186 3240 :
1221 3189 1278 3241 et
1307 3185 1366 3240 in
1397 3183 1790 3240 ecclesiastica
1846 3183 2048 3255 dispu-
2081 3174 2123 3240 C
2164 3187 2282 3256 [ΑΙ.
2317 3187 2646 3258 potuerant]
2679 3187 2706 3240 ?
2737 3187 2851 3242 Nec
2882 3187 2940 3242 in
2973 3191 3241 3243 sanctum
3283 3188 3479 3243 virum
3511 3186 3628 3240 haec
3658 3179 3795 3238 mala

403 3273 644 3346 tatione,
685 3276 930 3333 anilium
979 3275 1313 3347 jurgiorum
1373 3274 1758 3329 deliramenta
1790 3273 2051 3344 compin-

406 3385 563 3442 gam.
597 3371 718 3424 Hoc
770 3365 963 3422 solum
996 3365 1316 3437 prudentiae
1369 3368 1482 3419 tuas
1513 3363 1730 3418 dixisse
1776 3360 2050 3427 sutﬁciat,

411 3449 475 3516 ut
502 3473 708 3515 caveas
737 3456 799 3512 in
830 3457 1078 3512 alterum
1110 3454 1322 3520 dicere,
1361 3453 1646 3524 quidquid
1679 3452 1735 3507 in
1767 3455 1822 3506 te
1853 3449 2051 3506 statim

409 3547 731 3622 retorqueri
761 3550 972 3620 potest.

478 3641 570 3695 23.
630 3637 921 3693 Maledicta
977 3635 1163 3706 Ruﬁni
1192 3635 1252 3688 in
1292 3632 1688 3704 Epiphaniam.
1759 3629 2056 3702 Epiphanii

405 3729 565 3805 epist.
599 3727 669 3782 ad
704 3715 988 3784 Joannem.
1029 3755 1098 3764 —
1138 3723 1199 3778 In
1234 3722 1419 3777 sancti
1453 3720 1764 3805 Epiphanii
1819 3719 2054 3774 nomine

407 3818 560 3873 mira
613 3820 717 3871 tua
773 3813 1193 3886 tergiversatio,
1264 3816 1329 3866 ut
1387 3816 1517 3882 post
1573 3809 1862 3873 osculum,
1922 3811 2055 3879 post

408 3905 753 3972 orationem,
787 3919 965 3976 neges
995 3919 1130 3956 eum
1157 3905 1357 3957 contra
1385 3905 1442 3956 te
1474 3900 1735 3972 potuisse
1762 3899 2013 3954 scribere
2037 3914 2049 3952 :

414 3979 708 4067 quomodo
741 3992 790 4048 si
848 3991 1166 4048 contendas
1225 4006 1340 4045 non
1399 3989 1660 4061 potuisse
1715 4004 1850 4044 eum
1882 3985 2050 4050 mori,

410 4083 510 4155 qui
569 4082 745 4155 paulo
799 4084 933 4137 ante
988 4079 1229 4146 vixerat,
1263 4083 1362 4134 aut
1408 4078 1618 4133 certior
1649 4078 1724 4132 sit
1754 4075 1839 4130 tui
1867 4090 2053 4144 repre-

408 4171 630 4241 hensio,
664 4157 841 4245 quam
870 4175 1002 4244 post
1033 4186 1232 4242 pacem
1293 4164 1836 4224 excommunicatio.
1902 4186 1929 4212 ‹‹
1976 4163 2053 4217 Ex

407 4261 597 4328 nobis,
629 4261 844 4334 inquit,
897 4259 1181 4328 exierunt,
1215 4257 1314 4313 sed
1373 4273 1488 4310 non
1539 4255 1776 4308 fuerunt
1824 4267 1892 4306 ex
1949 4267 2050 4306 no-

405 4351 495 4407 bis
557 4368 569 4405 :
632 4345 992 4405 mansissent
1045 4348 1247 4418 utique
1305 4342 1608 4399 nobiscum
1678 4341 1726 4410 (Ι
1768 4341 1923 4395 Joan.
1988 4355 2049 4399 ιι.

407 4439 518 4509 19).
570 4460 599 4488 »
657 4437 1002 4492 Haereticum
1062 4423 1195 4507 poet
1253 4448 1430 4488 unam
1486 4434 1542 4486 et
1598 4429 1840 4485 alteram
1889 4444 2052 4483 com-

405 4527 784 4583 monitionem
869 4525 1172 4580 vitandum
1246 4519 1555 4594 Apostolus
1620 4517 2048 4611 praecipit‘(Tit.
2083 4547 2128 4611 D

403 4617 456 4686 3,
494 4617 604 4689 10),
663 4615 764 4686 qui
794 4614 996 4686 utique
1039 4617 1356 4683 antequam
1413 4611 1628 4666 vitetur
1680 4613 1855 4680 atque
1884 4603 2051 4664 dam-

404 4710 595 4775 netur,
628 4702 1008 4761 ecclesiastici
1061 4701 1255 4774 gregis
1315 4700 1501 4772 portio
1560 4698 1687 4754 fuit.
1747 4698 2050 4771 Simulque

402 4798 590 4854 risum
620 4800 816 4852 tenere
847 4809 962 4850 non
1019 4807 1283 4864 possum,
1344 4790 1497 4863 quod
1537 4807 1570 4843 a
1626 4788 1881 4860 quodam
1912 4805 2051 4860 pru-

401 4886 575 4944 dente
612 4883 1029 4955 commonitus,
1062 4881 1121 4938 in
1151 4880 1356 4937 laudes
1386 4878 1697 4952 Epiphanii
1734 4879 2052 4950 personas’

403 4995 432 5024 ‹‹
464 4974 568 5032 Hic
598 4979 688 5032 est
718 4974 814 5031 ille
845 4973 1066 5032 delirus
1097 4986 1293 5038 senex,
1340 4969 1436 5026 hic
1471 4973 1560 5026 est
1605 4968 2048 5039 anthropomor-

473 5207 490 5241 ί
525 5209 879 5278 Praepostere
909 5209 1086 5265 habet
1115 5207 1408 5274 Martian,
1443 5221 1576 5260 cum
1612 5203 1874 5278 Erasmo,
1908 5201 2052 5278 hunc

405 5278 558 5334 enim
584 5273 899 5347 Iubentium
933 5289 985 5336 et
1009 5280 1370 5346 turbatorum,
1397 5273 1567 5332 illum
1594 5276 1774 5330 securi
1806 5273 2051 5347 hominis

402 5365 512 5422 esse
565 5344 801 5422 cursum.
865 5351 1257 5406 Emendamus
1323 5344 1430 5422 ope
1490 5347 1699 5422 veteris
1757 5344 2047 5422 editionis.

401 5413 694 5476 Victorius
725 5421 863 5475 item
904 5421 987 5477 sic
1037 5413 1388 5486 restituerat,
1447 5420 1625 5490 quod;
1662 5435 1870 5490 sensus
1899 5418 2050 5490 ipse

404 5508 507 5566 per
530 5507 604 5566 pse
633 5492 995 5551 ostendebat.
1029 5492 1196 5566 Notae
1223 5507 1392 5562 porro
1425 5487 1562 5566 sunt
1611 5488 1809 5566 Protei
1829 5487 2050 5566 colum-

393 5560 491 5621 hae
517 5564 692 5638 juxta
709 5560 1373 5638 _1Egyptum,_et_Jdanze'
1392 5564 1614 5638 portus,
1634 5560 1695 5638 id
1715 5563 1820 5638 est
1846 5561 2050 5638 J9p_pe,

404 5639 480 5721 ρο
509 5628 628 5718 (ius
652 5628 964 5716 Hierfft‘um
1019 5628 1180 5708 alibi,
1230 5636 1358 5690 tum
1396 5628 1648 5707 epistola
1677 5630 1801 5700 108,
1834 5628 2047 5690 ad'Eu-

2163 3275 2512 3331 conferenda
2540 3281 2696 3342 sunt,
2731 3295 2762 3326 α
2796 3281 2860 3330 ut
2915 3277 3256 3332 ostendatur
3315 3293 3418 3333 ore
3473 3275 3702 3348 quidem
3750 3270 3799 3325 et

2164 3363 2361 3418 osculo
2418 3380 2620 3435 pacem
2681 3364 2933 3432 dedisse,
2993 3363 3149 3419 mala
3174 3369 3378 3421 autem
3435 3378 3491 3420 et
3522 3363 3712 3419 dolum
3741 3358 3794 3412 in

2165 3469 2270 3508 suo
2303 3453 2474 3508 corde
2506 3469 2789 3508 servasse.
2826 3477 2846 3506 ι
2885 3453 2978 3509 Sic
3036 3454 3193 3508 enim
3248 3452 3706 3528 argumentaris,
3749 3449 3803 3502 et

2163 3541 2285 3597 haec
2340 3547 2480 3598 sunt
2544 3543 2721 3598 verba
2787 3543 3142 3598 defensionis
3224 3547 3369 3598 tuae.
3449 3541 3640 3614 Ipsius
3695 3550 3812 3593 esse

2165 3632 2470 3688 adversum
2539 3636 2593 3687 te
2657 3631 2962 3704 epistolam
2999 3676 3012 3701 ,
3080 3635 3135 3687 et
3193 3631 3366 3687 orbis
3432 3628 3715 3707 agnoscit,
3769 3626 3821 3681 et

2165 3721 2561 3777 authenticam
2592 3720 2653 3776 in
2687 3736 2894 3775 manus;
2927 3725 3059 3776 tuas
3092 3721 3325 3776 venisse
3374 3718 3772 3777 convincimus
3801 3730 3815 3768 :

2164 3815 2220 3865 et
2278 3809 2460 3865 miror
2515 3826 2630 3881 quo
2686 3810 2926 3881 pudore,
2961 3810 3087 3864 imo
3135 3825 3253 3880 qua
3305 3808 3684 3884 impudentia
3732 3817 3823 3859 ne-

2162 3915 2284 3971 ges,
2315 3900 2470 3971 quod
2502 3916 2709 3955 verum
2741 3915 2868 3954 esse
2890 3915 3003 3953 non
3050 3897 3302 3970 ambigis
3329 3901 3358 3952 Ρ
3394 3905 3544 3972 Ergo
3573 3893 3821 3969 pollutus

2163 3988 2271 4042 erit
2303 3988 2683 4059 Epiphanius,
2716 3988 2816 4059 qui
2869 3987 2972 4042 tibi
3013 4003 3213 4059 pacem
3273 3987 3470 4055 dedit,
3529 3992 3585 4043 et
3618 3985 3676 4039 in
3707 3993 3812 4038 suo

2162 4078 2334 4132 corde
2384 4077 2582 4132 dolum
2639 4076 2906 4132 servavit.
2971 4078 3084 4131 Cur
3140 4091 3257 4131 non
3306 4075 3464 4132 illud
3499 4075 3693 4132 verius
3723 4071 3812 4139 sit,

2163 4166 2316 4235 quod
2351 4173 2402 4221 te
2433 4166 2688 4237 primum
2722 4165 3018 4220 monuerit
3045 4166 3074 4218 ‘I
3122 4165 3276 4236 quod
3329 4165 3592 4221 voluerit
3620 4175 3812 4219 emen-

2163 4255 2318 4321 dare,
2353 4257 2411 4310 et
2441 4255 2511 4310 ad
2546 4258 2767 4309 rectum
2799 4254 2909 4310 iter
2934 4253 3228 4318 reducere,
3252 4259 3319 4308 ut
3345 4254 3526 4310 Judte
3559 4250 3819 4311 osculum

2164 4360 2276 4400 non
2311 4344 2610 4411 refutaret,
2672 4348 2736 4398 ut
2789 4343 3142 4416 proditorem
3204 4343 3335 4398 fidei
3391 4344 3697 4416 frangeret
3725 4353 3818 4412 pa-

2163 4433 2413 4490 tientia:
2464 4437 2519 4490 et
2579 4437 2890 4505 postquam
2947 4448 3010 4488 se
3039 4430 3324 4487 intellexit
3377 4447 3557 4488 casso
3618 4430 3824 4487 sudare

2161 4522 2377 4591 labore,
2413 4540 2518 4579 nec
2546 4523 2791 4596 pardum
2827 4525 3051 4576 mutare
3095 4521 3426 4588 varietates,
3463 4537 3577 4577 nec
3606 4515 3822 4575 {Ethio-

2163 4627 2295 4684 pem
2327 4612 2536 4683 pellem
2571 4629 2762 4680 suam,
2797 4611 2950 4682 quod
2987 4614 3180 4666 mente
3211 4613 3594 4682 conceperat,
3619 4603 3828 4664 litteris

2163 4701 2454 4758 indicasse
2489 4705 2511 4756 Ρ

2230 4791 2318 4844 24.
2383 4765 2676 4846 ϐαἰαηῖηἰα
2729 4790 2792 4845 de
2863 4791 2994 4861 ﬁcta
3047 4804 3197 4861 pace.
3253 4789 3436 4844 Amici
3490 4783 3831 4860 Hieronymi

2159 4880 2323 4936 missi
2352 4881 2410 4935 in
2443 4880 2800 4937 Occidentem.
2845 4911 2914 4919 ——
2947 4877 3087 4934 Tale
3137 4876 3279 4949 quid
3336 4881 3394 4933 et
3453 4883 3676 4934 contra
3731 4892 3830 4947 pa-

2161 4986 2295 5041 pam
2342 4969 2719 5026 Anastasium
2778 4967 3068 5038 disputas,
3121 4971 3186 5021 ut
3244 4965 3384 5037 quia
3437 4966 3660 5022 Siriciit
3706 4962 3829 5037 cpio

2161 5202 2368 5271 stoch.,
2409 5218 2467 5256 n.
2500 5202 2554 5265 8,
2587 5221 2613 5248 «
2641 5198 2803 5268 Joppe
2830 5213 3002 5270 neque
3026 5198 3290 5271 fugientis
3312 5200 3549 5270 portum
3585 5198 3770 5264 Jonas,
3805 5214 3836 5244 π

2161 5281 2488 5398 et(;.Maltiit
2516 5339 2807 5394 Victorius
2837 5345 3108 5410 pertonas.

2231 5412 2585 5485 3Epiphanii
2620 5408 2888 5485 adJoan.
2952 5415 3008 5467 in
3071 5419 3270 5469 nostra
3327 5411 3691 5485 recensione
3740 5408 3834 5466 54.

2164 5481 2369 5558 Recole
2391 5481 2591 5558 autem
2625 5481 2784 5558 illam
2847 5501 3078 5558 quoque
3136 5483 3472 5558 Hieronymi
3516 5483 3596 5538 ad
3662 5483 3837 5538 Pam-

2162 5556 2384 5631 march.
2439 5553 2503 5611 de
2561 5557 2758 5628 optimo
2786 5553 3426 5631 geuere’interprotandi,
3479 5569 3622 5630 quae
3658 5567 3833 5611 num.

2160 5633 2250 5692 est
2277 5630 2366 5687 57.
