4094 6166
351 290 473 375 49.7

1527 290 1843 363 CONTRA
1884 292 2251 367 RUFINUM
2290 294 2443 364 LIB.
2486 296 2595 363 III.

3638 286 3764 365 498

357 434 519 507 scopi
550 430 741 492 habes
766 428 1096 507 epistolam,
1128 428 1238 490 iste
1269 433 1471 491 contra
1504 434 1560 488 te
1591 432 1843 488 scribere
1894 448 2009 487 non
2039 434 2087 500 Α
2124 432 2265 488 tiam
2295 433 2489 490 nescio
2548 431 2681 506 quis
2737 426 3048 506 imperitus
3105 436 3304 508 posset
3357 426 3601 494 imitari.
3624 424 3757 491 Tibi

351 523 630 599 potuerit.
663 527 873 580 Vereor
915 540 988 579 ne
1035 524 1139 579 tibi
1201 524 1412 579 factam
1472 522 1749 593 injuriam
1808 522 2003 593 suspi-

352 614 523 672 ceris.
556 613 763 669 Nescio
795 613 1089 685 quomodo
1119 617 1325 667 acutus
1356 617 1413 667 et
1460 612 1717 683 prudens
1766 612 1837 666 ad
1900 611 2001 666 has

350 702 603 775 ineptias
634 700 977 767 devolvaris,
1016 705 1077 755 ut
1106 701 1246 755 dum
1289 700 1501 755 stultos
1534 699 1774 755 lectores
1807 703 1999 770 putas,

354 797 414 849 te
446 790 690 847 stultum
722 805 852 845 esse
882 790 1269 845 demonstres.
1306 794 1442 845 Post
1485 788 1778 860 egregiam
1833 804 2000 860 argu-

362 878 796 948 mentationem,
840 880 1009 955 ponis
1065 878 1124 931 in
1178 878 1444 933 clausula
1476 895 1487 931 :
1517 902 1541 924 α
1578 876 1747 932 Absit
1807 877 1912 931 hoc
1967 894 2001 929 a

364 970 503 1039 viris
541 967 755 1023 sanctis
792 966 803 1019 l
841 967 921 1021 De
976 970 1166 1021 vestra
1218 966 1416 1022 schola
1468 965 1657 1022 solent
1707 966 1819 1021 ista
1850 964 2002 1021 554

362 1057 685 1135 procedere.
714 1056 831 1110 Vos
864 1056 1033 1133 nobis
1066 1071 1261 1127 pecem
1313 1054 1817 1126 proficiscentibus
1848 1054 2003 1109 dedi-

356 1146 484 1215 stis,
510 1148 809 1216 etatergo
862 1143 1063 1215 jacula
1120 1144 1358 1199 venenis
1412 1148 1640 1199 armata
1688 1144 1935 1213 jecistis.
1976 1166 2000 1191 ››

352 1235 510 1293 Etin
568 1233 678 1288 hac
734 1233 939 1289 eadem
1000 1233 1331 1303 prudentia,
1401 1233 1518 1287 imo
1577 1231 2001 1287 declamatione

348 1324 611 1380 disertus
643 1338 771 1378 esse
802 1320 1055 1377 voluisti.
1087 1321 1292 1376 Pacem
1325 1320 1618 1385 dedimus,
1664 1337 1777 1375 non
1827 1320 2003 1375 haere-

346 1412 466 1468 sim
528 1411 925 1483 suscepimus.
997 1408 1306 1466 Junximus
1362 1409 1603 1465 dexeras
1656 1425 1669 1463 ε
1722 1409 2002 1464 abeuntes

346 1500 651 1575 prosecuti
683 1515 914 1567 sumus,
938 1503 1003 1553 ut
1028 1515 1127 1554 vos
1140 1498 1346 1554 essetis
1365 1497 1780 1563 catholici,non
1814 1501 1876 1551 ut
1898 1513 2002 1552 nos

345 1605 623 1648 essemus
654 1586 930 1643 bzeretici.
968 1586 1105 1643 Volo
1138 1589 1333 1642 tamen
1367 1586 1513 1641 scire
1545 1603 1669 1657 quae
1715 1586 1832 1640 sint
1891 1585 2003 1639 ista

334 1678 547 1751 jacula
573 1682 876 1745 venenata,
909 1693 1035 1748 quae
1069 1680 1201 1747 post
1229 1681 1457 1747 tergum
1492 1680 1750 1730 vestrum
1784 1692 1890 1729 nos
1914 1675 2002 1743 je-

342 1768 503 1825 cisse
534 1764 935 1838 conquereris.
962 1764 1325 1833 Vincentius,
1366 1764 1770 1832 Paulinianus,
1823 1766 2002 1819 Euse-

346 1857 510 1923 bius,
542 1855 791 1911 Ruﬁnus
848 1855 887 1921 ί,
949 1854 1318 1925 presbyteri:
1354 1870 1604 1925 quorum
1662 1853 2006 1909 Vincentius

349 1943 546 2001 multo
577 1948 837 2015 tempore
855 1946 989 1997 ante
1010 1960 1110 1997 vos
1143 1942 1386 1998 Romam
1410 1943 1595 2009 venit;
1626 1942 2007 1997 Paulinianus

350 2039 416 2089 et
443 2033 729 2088 Eusebius
773 2036 905 2103 post
959 2048 1175 2086 annum
1208 2041 1411 2086 vestrae
1444 2030 1830 2102 navigationis
1876 2047 2006 2102 pro-

360 2121 504 2176 fecti
537 2125 669 2175 sunt
699 2138 713 2187 ;
748 2118 998 2175 Ruﬁnus
1028 2120 1085 2172 in
1104 2135 1282 2174 causa
1303 2118 1522 2174 Claudii
1552 2124 1683 2191 post
1705 2119 2007 2174 biennium

363 2209 592 2267 missus
624 2227 637 2275 ;
670 2225 892 2275 omnes,
925 2206 1013 2263 vel
1044 2224 1149 2278 pro
1199 2224 1259 2262 re
1305 2206 1601 2265 familiari.
1642 2208 1729 2263 vel
1774 2225 1877 2279 pro
1909 2224 2006 2279 pe-

354 2296 550 2355 riculo
610 2297 815 2369 capitis
869 2296 1062 2352 alieni.
1113 2296 1391 2368 Nunquid
1444 2313 1618 2351 nosse
1678 2298 2003 2368 potuimus,

350 2386 520 2458 quod
551 2384 918 2457 ingrediente
948 2389 1002 2439 te
1034 2385 1300 2451 Romam,
1337 2383 1422 2438 vir
1452 2384 1665 2441 nobilis
1689 2386 2008 2440 somniaret

345 2468 555 2533 navim
586 2472 821 2547 plenam
862 2473 1146 2528 mercium
1206 2474 1225 2506 ²
1286 2472 1503 2528 inﬂatis
1560 2472 1777 2527 intrare
1807 2473 1949 2528 velis
1982 2476 2008 2527 ?

348 2563 516 2637 quod
531 2579 738 2619 omnes
756 2561 1036 2617 adversus
1061 2562 1244 2616 fatum
1264 2561 1619 2632 quaestiones
1638 2562 1679 2627 ³,
1706 2578 1821 2617 non
1847 2562 2008 2616 fatua

349 2653 611 2710 solveret
640 2651 1040 2723 interpretatio
1069 2649 1096 2704 ?
1127 2651 1280 2722 quod
1332 2650 1549 2705 librum
1612 2650 1849 2725 Eusebii
1900 2667 2004 2721 pro

349 2740 652 2814 Pamphili
670 2745 923 2795 verteres
940 2739 967 2793 ?
992 2740 1143 2810 quod
1166 2743 1334 2794 tuum
1356 2740 1525 2810 quasi
1556 2738 1894 2811 operculum
1922 2756 2008 2794 ve-

344 2834 578 2891 nenatae
591 2828 817 2903 patellae
835 2828 1349 2899 imponeres?quod
1375 2828 1839 2883 famosissimum
1858 2845 2005 2900 opus

344 2932 464 2993 περί
496 2930 683 2992 ’Δρχῶν
715 2917 931 2989 eloquii
983 2916 1067 2971 tui
1104 2919 1409 2987 majestate
1467 2916 1858 2973 transferres?
1891 2917 2006 2971 No-

346 3026 496 3067 vum
529 3006 840 3064 calumniae
888 3022 1076 3077 genus
1128 3010 1262 3060 ante
1311 3010 1681 3060 accusatores
1736 3004 2007 3060 misimus

351 3114 537 3171 quam
572 3101 635 3154 tu
668 3096 1002 3152 accusanda
1040 3093 1453 3149 committeres.
1512 3094 1634 3149 Non
1698 3093 1829 3159 fuit,
1890 3111 2005 3147 non

2116 522 2225 579 soli
2256 522 2389 579 licet
2417 524 2821 580 haereticorum
2864 524 3016 581 555
3066 541 3287 583 venena
3332 526 3675 591 transferre,
3704 530 3763 582 et

2114 613 2184 668 de
2216 612 2392 668 calice
2424 613 2757 686 Babylonis,
2794 614 3019 670 cunctis
3042 615 3315 687 gentibus
3337 614 3760 687 propinare.Tu

2119 701 2348 757 Latinas
2379 702 2710 773 Scripturas
2740 703 2811 757 de
2842 703 3030 758 Graeco
3071 703 3416 759 emendabis
3450 722 3463 771 ;
3495 707 3552 760 et
3597 702 3757 759 aliud

2114 790 2388 845 Ecclesiis
2419 792 2616 845 trades
2660 791 2997 863 legendum,
3049 808 3229 863 quam
3274 792 3428 864 quod
3476 791 3657 849 semel
3690 792 3762 847 ab

2112 878 2392 949 apostolis
2424 884 2807 951 susceperunt
2841 898 2852 935 :
2887 881 3035 935 mihi
3067 898 3179 937 non
3212 881 3410 937 licebit
3438 885 3592 952 post.
3616 881 3761 952 Sep-

2112 967 2379 1039 tuaginta
2391 968 2703 1023 editionem
2737 986 2911 1040 quam
2927 969 3376 1042 diligentissime
3390 970 3761 1027 emendatam

2113 1062 2245 1112 ante
2276 1072 2461 1112 annos
2492 1056 2781 1128 plurimos
2813 1074 2951 1113 meae
2984 1059 3197 1131 linguae
3229 1058 3569 1116 hominibus
3599 1058 3756 1125 dedi,

2112 1146 2183 1200 ad
2235 1146 2622 1201 confutandos
2678 1146 2933 1211 Judaeos,
2994 1146 3170 1201 etiam
3229 1148 3355 1220 ipsa
3401 1146 3759 1219 exemplaria

2112 1239 2486 1305 vertere,qum
2509 1234 2623 1305 ipsi
2644 1235 2949 1290 verissima
2970 1235 3341 1303 conﬁtentur,
3366 1240 3432 1291 ut
3452 1237 3501 1292 si
3525 1237 3761 1307 quando

2111 1323 2420 1378 adversum
2449 1340 2548 1378 eos
2594 1322 2942 1379 Christianis
2985 1324 3307 1396 disputatio
3363 1328 3454 1381 est
3496 1342 3613 1381 non
3660 1324 3759 1381 ha-

2113 1411 2286 1467 beant
2317 1412 2784 1483 subterfugiendi
2817 1412 3291 1479 diverticula,sed
3314 1417 3544 1469 suomet
3572 1413 3753 1485 potis-

2112 1500 2330 1557 simum
2361 1516 2642 1556 mucrone
2674 1501 2957 1556 feriantur
2986 1502 3013 1555 ?
3044 1500 3281 1558 Plenius
3325 1519 3501 1575 super
3546 1502 3657 1560 hoc
3702 1506 3762 1559 et

2112 1588 2172 1644 in
2205 1589 2407 1644 multis
2439 1589 2569 1645 aliis
2602 1588 2766 1659 locis,
2796 1594 2853 1645 et
2897 1590 2957 1644 in
3006 1591 3121 1646 ﬁne
3169 1590 3410 1646 secundi
3459 1589 3615 1660 libri,
3660 1590 3761 1646 ubi

2112 1678 2473 1733 accusationi
2506 1682 2616 1733 tuae
2648 1678 2944 1749 respondi,
2978 1680 3287 1751 scripsisse
3324 1695 3418 1734 me
3466 1678 3710 1735 memini
3747 1696 3761 1745 ;

2114 1773 2171 1822 et
2201 1766 2649 1839 popularitatem
2705 1771 2889 1835 tuam,
2944 1783 3060 1839 qua
3097 1767 3245 1823 mihi
3276 1767 3557 1823 invidiam
3608 1767 3762 1838 apud

2117 1856 2416 1927 simplices
2447 1860 2504 1910 et
2531 1856 2837 1927 imperitos
2869 1855 3073 1912 niteris
3112 1856 3423 1923 concitare,
3456 1854 3765 1929 perspicua

2118 1946 2339 2001 ratione
2365 1946 2720 2017 compescui,
2754 1944 3012 2016 illucque
3041 1945 3317 2002 lectorem
3357 1944 3762 2001 transmitten-

2118 2035 2259 2088 dum
2292 2039 2453 2104 puto.

2187 2126 2275 2178 26.
2320 2126 2537 2195 Martyr
2592 2127 2641 2178 et
2697 2124 2970 2194 apostolus
3027 2127 3241 2179 vocatus
3299 2124 3529 2193 Ruﬁnus
3569 2126 3761 2191 asuis.

2117 2244 2184 2251 —
2215 2212 2331 2267 Hoc
2362 2212 2646 2266 intactum
2692 2211 2973 2282 praeteriri
3019 2227 3136 2266 non
3181 2211 3392 2282 patiar,
3444 2228 3516 2267 ne
3561 2211 3760 2269 doleas

2117 2300 2453 2355 falsatorem
2493 2297 2907 2354 schedularum
2930 2303 3164 2353 tuarum
3207 2298 3559 2354 confessoris
3605 2300 3763 2371 apud

2118 2405 2212 2443 me
2243 2387 2489 2458 gloriam
2522 2387 2841 2459 possidere,
2892 2404 3026 2441 cum
3083 2392 3144 2441 tu
3192 2387 3457 2458 ejusdem
3500 2387 3764 2455 criminis

2120 2480 2413 2547 reus,post
2437 2475 2896 2531 Alexandrinum
2919 2474 3189 2530 exsilium
3201 2480 3257 2531 et
3280 2476 3616 2532 tenebrosos
3638 2494 3764 2534 car-

2119 2582 2299 2631 ceres,
2335 2582 2369 2620 a
2398 2565 2626 2620 cunctis
2671 2564 2939 2636 Origenis
2994 2565 3382 2620 sectatoribus
3440 2569 3663 2638 martyr
3706 2570 3764 2622 et

2117 2653 2419 2725 apostolus
2452 2654 2791 2709 nomineris.
2825 2654 3014 2725 Super
3043 2653 3419 2710 excusatione
3458 2654 3762 2727 imperitia:

2118 2744 2373 2813 tuaajam
2424 2742 2528 2797 tibi
2574 2742 2870 2814 respondi.
2905 2742 3018 2797 Sed
3076 2742 3216 2814 quia
3266 2742 3471 2798 eadem
3530 2744 3766 2816 repetis,

2118 2837 2175 2887 et
2205 2830 2374 2902 quasi
2408 2831 2733 2903 superioris
2762 2835 2873 2884 tua:
2905 2829 3261 2885 defensionis
3283 2829 3766 2897 oblitus,sursum

2116 2920 2420 2987 admones,
2456 2924 2520 2973 ut
2550 2919 2810 2974 sciamus
2838 2925 2893 2973 te
2925 2935 3027 2991 per
3053 2918 3297 2992 triginta
3323 2936 3509 2975 annos
3551 2921 3765 2978 Grecis

2116 3007 2517 3063 voluminibus
2549 3007 2859 3074 devoratis,
2915 3007 3122 3062 Latina
3167 3006 3435 3064 nescire:
3470 3007 3769 3081 paulisper

2118 3097 2372 3162 attende,
2407 3113 2501 3151 me
2531 3114 2647 3151 non
2678 3112 2865 3167 pauca
2907 3096 2965 3150 in
2998 3101 3053 3151 te
3096 3096 3273 3151 verba
3320 3094 3765 3168 reprehendere,

351 3188 489 3254 fuit,
523 3187 796 3257 inquam,
830 3182 1012 3239 nostri
1044 3181 1295 3250 consilii,
1326 3182 1426 3238 sed
1458 3182 1557 3237 Dei
1608 3182 2004 3254 providentiae,
2039 3175 2081 3241 C
2122 3184 2380 3255 alioquin
2427 3184 2619 3240 omnis
2672 3184 2775 3239 tibi
2822 3185 3113 3255 scriptura
3158 3183 3407 3239 delenda
3452 3188 3541 3241 est
3595 3202 3609 3253 ;
3661 3186 3763 3255 sed

354 3280 422 3333 ut
452 3276 621 3332 missi
652 3274 723 3330 ad
758 3272 919 3329 aliud
958 3277 1161 3327 contra
1191 3276 1527 3327 nascentem
1588 3271 1853 3327 haeresim
1917 3271 2004 3326 di-

362 3364 692 3429 micarent;
736 3367 793 3417 et
838 3360 898 3415 in
943 3377 1165 3415 morem
1215 3360 1455 3432 Joseph,
1502 3360 1715 3415 famem
1747 3362 2006 3415 futuram

361 3452 501 3509 ﬁdei
534 3451 737 3507 ardore
768 3448 1161 3505 sublevarent.

408 3542 533 3611 ‘25.
568 3544 642 3597 De
671 3540 817 3609 falsa
846 3540 1004 3611 epist.
1064 3538 1138 3594 ad
1183 3539 1359 3609 Afros.
1421 3540 1505 3593 Ea:
1562 3537 1763 3593 Graecis
1814 3540 2010 3595 Latina

368 3630 613 3699 Ruﬁnus
643 3629 1027 3684 emendaverat.
1062 3659 1127 3667 —
1177 3630 1299 3692 Quo
1351 3644 1465 3681 non
1512 3630 1782 3698 erumpat
1832 3627 2011 3683 semel

378 3718 653 3775 oﬂrenata
681 3716 918 3772 audacia
946 3717 972 3770 ‘?
1004 3715 1271 3771 Alienum
1305 3716 1522 3771 crimen
1551 3716 1661 3770 sibi
1695 3716 1926 3786 objecit,
1951 3720 2016 3770 ut

370 3823 477 3864 nos
497 3805 737 3862 ﬁnxisse
756 3806 1079 3860 videamur.
1105 3805 1263 3869 Quod
1288 3806 1509 3877 absque
1534 3804 1769 3860 nomine
1793 3804 2014 3859 dictum

352 3895 540 3964 est,in
571 3911 634 3950 se
666 3894 887 3950 dictum
924 3894 1184 3963 refert,et
1202 3911 1459 3966 purgans
1488 3898 1725 3949 externa
1755 3897 2014 3965 peccata,

348 3988 595 4049 tantum
628 3983 697 4038 de
729 4000 838 4039 sua
867 3999 1109 4038 securus
1144 3986 1232 4037 est
1259 3981 1611 4056 innocentia.
1659 3983 1831 4036 Jurat
1861 3982 2017 4036 enim

367 4089 425 4129 se
455 4072 773 4144 epistolam
807 4089 921 4127 non
954 4070 1261 4143 scripsisse
1292 4072 1363 4126 ad
1396 4072 1568 4127 Afros
1620 4070 1729 4125 sub
1780 4071 2020 4125 nomine

360 4177 513 4230 meo,
550 4162 609 4216 in
644 4178 764 4232 qua
790 4162 1067 4216 conﬁtear
1096 4161 1404 4215 inductum
1438 4178 1530 4215 me
1552 4178 1585 4215 a
1613 4160 1833 4215 Judmis
1866 4176 2024 4215 men-

361 4252 533 4310 dacia
564 4249 945 4306 transtulisse
981 4269 993 4318 ;
1027 4255 1083 4305 et
1114 4251 1297 4305 mittit
1345 4249 1526 4304 libros
1576 4249 1779 4305 eadem
1826 4249 2025 4303 omnia

366 4341 765 4407 continentes,
792 4356 919 4411 quae
953 4340 1211 4394 nescisse
1244 4356 1304 4394 se
1326 4340 1509 4408 jurat.
1542 4339 1613 4393 Et
1662 4338 1845 4393 miror
1875 4355 2025 4409 quo-

2116 3271 2373 3327 voluisse
2406 3273 2713 3328 ostendere
2773 3271 3081 3345 discipulis
3135 3272 3274 3341 tuis,
3337 3288 3487 3344 quos
3548 3289 3761 3347 magno

2118 3360 2313 3416 studio
2346 3360 2491 3415 nihil
2520 3360 2666 3417 scire
2698 3360 2972 3425 docuisti,
3024 3363 3087 3415 ut
3144 3360 3537 3434 intelligerent
3593 3358 3762 3433 cujus

2117 3449 2478 3505 verecundiae
2511 3450 2608 3520 sit,
2640 3450 2843 3505 docere
2875 3450 3030 3521 quod
3062 3449 3307 3518 nescias,
3322 3450 3576 3507 scribere
3605 3451 3761 3523 quod

2122 3539 2377 3612 ignores,
2411 3543 2466 3593 et
2497 3539 2764 3593 eamdem
2798 3538 3061 3610 magistri
3096 3537 3443 3611 sapientiam
3497 3538 3675 3595 etiam
3706 3539 3766 3594 in

2125 3626 2400 3683 sensibus
2432 3632 2777 3697 qumrerent.
2813 3627 3095 3697 Quodque
3121 3627 3308 3693 addis,
3342 3649 3370 3675 «
3403 3630 3641 3697 peccata
3670 3644 3773 3699 pu-

2125 3721 2272 3783 tere,
2311 3732 2425 3770 non
2466 3715 2661 3779 verba,
2705 3715 3099 3780 mendacium,
3152 3713 3531 3780 calumniam,
3582 3715 3773 3771 detra-

2127 3804 2405 3870 ctionem,
2440 3802 2659 3857 falsum
2686 3802 3113 3869 testimonium,
3145 3806 3202 3857 et
3230 3801 3503 3858 universa
3518 3802 3779 3857 convicia

2130 3898 2185 3948 et
2220 3916 2245 3941 ‹‹
2283 3892 2358 3947 Os
2382 3891 2538 3963 quod
2592 3891 2878 3947 mentitur
2934 3890 3145 3947 occidit
3202 3890 3462 3947 animam
3517 3890 3671 3963 (Sap.
3734 3907 3776 3955 ι,

2136 3983 2244 4051 11).
2282 4004 2308 4029 ››
2344 3996 2667 4051 manesque
2696 4003 2727 4029 ‹‹
2761 3996 2831 4035 ne
2864 3979 2958 4035 ille
2987 3980 3133 4035 fetor
3163 3996 3332 4035 nares
3380 3994 3540 4035 meas
3606 3995 3781 4051 pene-

2132 4076 2264 4135 tret,
2303 4093 2321 4118 η
2363 4069 2664 4124 crederem
2707 4069 2942 4133 dicenti,
2995 4069 3109 4124 nisi
3160 4069 3311 4124 facta
3348 4067 3639 4124 contraria
3685 4068 3782 4123 de-

2138 4159 2581 4232 prehenderem,
2615 4157 2785 4229 quasi
2827 4158 2875 4214 si
2906 4158 3049 4213 fullo
3097 4162 3154 4213 et
3181 4157 3465 4213 coriarius
3509 4161 3789 4213 moneant

2136 4246 2617 4321 pigmentarium,
2646 4246 2979 4313 ut,naribus
3008 4245 3321 4311 obturatis,
3343 4245 3615 4300 tabernas
3648 4260 3788 4300 suas

2136 4340 2456 4409 praetereat.
2512 4334 2743 4389 Faciam
2788 4352 2924 4407 ergo
2978 4335 3132 4406 quod
3178 4333 3471 4406 prcecipis,
3514 4331 3785 4388 claudam

2140 4442 2310 4481 nares
2344 4441 2526 4491 meas,
2561 4441 2631 4479 ne
2664 4424 2927 4480 veritatis
2976 4428 3033 4479 et
3079 4421 3552 4479 benedictionum
3590 4421 3611 4453 ‘
3656 4424 3785 4476 tua-

348 4431 541 4497 modo
581 4428 894 4502 prudentia
942 4430 1070 4496 ejus
1121 4444 1256 4482 cum
1303 4427 1544 4482 alterius
1595 4428 1859 4498 nequitia
1889 4444 2027 4483 con-

338 4517 589 4589 venerit
619 4520 683 4571 ut
712 4516 867 4587 quod
904 4514 1054 4571 alius
1109 4516 1168 4570 in
1206 4516 1398 4570 Africa
1449 4516 1730 4570 mentitus
1781 4520 1887 4571 est.
1933 4515 2027 4571 hic
2057 4543 2104 4609 D
2140 4532 2273 4570 rum
2305 4512 2657 4568 suavissimo
2688 4512 2863 4568 odore
2894 4512 3248 4569 crucientur.

362 4605 740 4665 concorditer
795 4621 995 4659 verum
1041 4605 1277 4672 diceret,
1325 4603 1575 4677 stylique
1623 4605 1749 4674 ejus
1798 4603 2026 4676 elegan-
2057 4601 2096 4609 ⁷
2203 4606 2295 4656 27.
2328 4604 2390 4656 1η
2420 4618 2530 4656 uno
2560 4602 2781 4656 homine
2835 4601 3056 4657 deversa
3115 4602 3405 4657 laudamus
3460 4608 3512 4655 et
3562 4614 3785 4654 accusa-

441 4716 459 4747 ¹
492 4710 745 4784 Ruﬁnus
775 4712 886 4767 iste
924 4711 1181 4784 Gmlestii
1221 4712 1504 4784 magister
1550 4710 1801 4775 videtur,
1848 4726 2025 4781 quem

358 4800 506 4911 clum
541 4783 740 4907 Rotmae
775 4788 990 4855 ageret,
1041 4783 1338 4854 originale
1369 4788 1679 4856 peccatum
1732 4798 1843 4836 non
1898 4800 2028 4838 esse

414 4871 615 4911 ocueri
653 4895 663 4906 .

414 4853 663 4911 ocuerit.

356 4950 359 4951 ν
420 4929 470 4960 ⁷²
499 4921 911 4997 Macariuscui
937 4924 1190 4997 Ruﬁnus
1228 4924 1566 4997 Apologiag'n
1621 4923 1906 4997 Pamphili
1942 4925 2024 4979 in-

360 4997 617 5069 scripsit
646 5000 704 5069 et
732 4993 1106 5069 difﬁcultates
1136 4996 1218 5069 de,
1238 4993 1375 5069 Fato
1406 4993 1714 5069 explicavit
1746 4993 1929 5069 :‘non,
1967 5000 2031 5049 ut

365 5066 525 5128 falso
556 5067 824 5137 satisque
854 5066 1173 5137 incongrue
1202 5066 1569 5123 Martianaéus
1597 5066 2033 5131 adnotat,Pa:n-

368 5140 654 5198 machius
685 5136 998 5208 indicatur.
1035 5136 1111 5192 De
1140 5137 1239 5192 illo
1286 5140 1414 5193 vide
1456 5137 1847 5204 Gennadium,
1900 5155 2025 5208 cap.

364 5214 467 5275 28,
502 5212 703 5283 ipsum
736 5207 1159 5283 Hieronymum
1184 5210 1336 5265 infra
1368 5227 1481 5265 non
1514 5208 1716 5283 semel.

450 5284 472 5315 ³
503 5279 656 5350 Quod
684 5295 868 5335 omnes
899 5279 1177 5337 adversus.
1211 5286 1317 5336 etc.
1358 5283 1637 5336 Erasmus
1685 5279 1845 5350 legit,
1880 5279 2025 5346 Quod

370 5367 566 5411 omnes
593 5352 1037 5406 adversariorum
1067 5354 1414 5422 quaestiones,
1446 5356 1556 5417 etc,
1588 5352 1885 5406 Marianas
1929 5367 2032 5404 au-

368 5433 521 5491 tem,
555 5422 707 5491 Quod
737 5437 919 5476 omnes
976 5424 1264 5495 adversum
1313 5427 1491 5494 fatum
1538 5424 1885 5495 quaestiones,
1921 5427 2029 5477 etc.

371 5500 466 5555 Ita
496 5490 875 5568 qu'oque‘ms.
910 5490 1558 5568 codexVCluniacensiAsj
1593 5498 1652 5568 at
1673 5493 1770 5548 alii
1804 5510 2030 5568 omnes,
2147 5490 2483 5568 Vid.__infra.

378 5557 679 5625 adversm}:
709 5562 890 5637 fatum
918 5567 1263 5637 qrumstiones,
1289 5569 1396 5620 etc.
1432 5557 1579 5620 Dicit
1606 5566 1805 5637 itaque
1838 5565 2035 5637 lliero-
2147 5633 2175 5637 _
2218 5561 2415 5637 ‘ANum
2447 5557 2985 5637 ad_bcnedictiones
3016 5559 3502 5637 patriarcharum,
3534 5560 3592 5613 in
3642 5571 3787 5627 quos

377 5656 598 5713 nymus
628 5629 821 5694 virum
867 5629 1122 5693 nobilem
1172 5629 1501 5695 somniasse
1550 5629 1742 5692 navim
1802 5636 2035 5707 plenam
2147 5632 2394 5690 Ruﬁnus
2425 5629 2663 5704 scripsit
2690 5629 3172 5703 Commentarios,
3206 5630 3472 5689 alludit?

2139 4708 2421 4763 mercium
2464 4707 2717 4779 intrasse
2779 4712 3046 4774 Romam,
3107 4706 3343 4779 quando
3399 4722 3530 4779 eam
3579 4704 3785 4779 urbem

2137 4780 2437 4851 ingressus
2472 4778 2829 4851 eStAliUﬁHUS
2876 4797 3009 4834 cum
3054 4773 3229 4835 sociis
3254 4798 3266 4835 :
3292 4778 3449 4848 quod
3488 4773 3786 4851 somnium

2139 4846 2256 4906 non
2297 4853 2457 4904 latua
2491 4849 2738 4905 solveret
2768 4850 3253 4921 interpretatio,et
3277 4846 3481 4921 omnes
3506 4846 3788 4921 adversus

2139 4924 2321 4977 fatum
2349 4921 2731 4992 quaestiones;
2757 4921 2896 4992 quia
2918 4917 3139 4975 scilicet
3161 4920 3326 4974 navis
3346 4918 3449 4992 illa
3469 4917 3642 4992 plena
3665 4922 3791 4992 erat

2142 4987 2743 5064 blasphémiarum,ut
2766 4987 2903 5064 alibi
2924 4992 3091 5064 docet
3116 5008 3129 5055 ;
3154 4996 3210 5045 et
3232 4989 3405 5064 paulo
3431 4987 3560 5060 post
3580 4987 3788 5064 lecturi

2142 5058 2351 5120 sum-us
2417 5081 2428 5117 :
2482 5064 2623 5129 Ergo
2676 5064 2789 5115 nisi
2843 5062 2907 5115 de
2971 5062 3188 5115 Oriente
3232 5058 3487 5127 acuisses,
3539 5058 3792 5114 eruditis-

2140 5139 2310 5190 simus
2358 5137 2445 5188 vir
2493 5134 2723 5188 latraret
2782 5132 2959 5186 adhuc
3016 5133 3165 5186 inter
3220 5132 3631 5186 mathematicos
3662 5149 3685 5193 ,'
3740 5134 3790 5185 et

2144 5209 2387 5262 homines
2416 5205 2744 5265 Christiani,
2776 5203 2906 5274 quid
2956 5208 3147 5257 contra
3201 5206 3385 5273 fatum
3437 5204 3787 5274 dissererent,

2146 5280 2483 5349 ignorarent.
2530 5272 2812 5349 ΜΑΒῙΙΑῇ.
2846 5306 2913 5314 ——
2958 5272 3280 5349 Perperam
3339 5274 3630 5349 Victorius
3686 5272 3788 5349 ad:

2144 5345 2327 5405 versus
2366 5350 2607 5417 fatuum.
2653 5346 2900 5417 Ruﬁnus
2954 5345 3094 5417 ipse
3135 5346 3389 5402 adversus
3442 5345 3647 5417 fatum,
3704 5346 3789 5400 vel

2144 5416 2434 5486 mathesin,
2470 5416 2847 5472 difﬁcultates
2863 5416 3113 5473 Macario
3136 5436 3168 5472 a
3195 5435 3256 5474 se
3278 5416 3467 5490 jactat
3488 5417 3784 5473 enodatas.
