4094 6166
346 298 473 372 4'99

1584 313 1648 385 S.-
1690 308 2003 386 EUSEBII
2044 314 2511 389 HIEBONYMI.

3613 314 3736 385 800

330 434 487 502 inus.
513 471 586 490 -—-
614 430 679 505 ln
710 440 881 508 laude
911 455 970 510 et
1005 453 1359 512 detractione
1402 472 1551 523 mea,
1604 456 1743 529 quia
1786 456 1981 512 varius
2010 459 2068 524 Α
2166 458 2382 514 Deinde
2409 459 2668 517 coelestia
2693 459 3052 532 deserens,et
3086 460 3157 518 ad
3203 461 3435 517 terrena
3494 450 3739 516 descen-

346 537 641 605 exstitisti,
677 539 823 596 miro
856 544 1125 600 acumine
1154 550 1597 618 argumentatus
1641 563 1725 613 es,
1768 546 1853 601 sic
1882 545 1986 601 tibi

351 626 523 683 licere
553 628 623 683 de
656 645 771 694 me,
806 632 957 688 556
989 638 1045 687 et
1076 634 1221 689 bene
1267 640 1325 691 et
1376 636 1528 692 male
1575 636 1788 701 dicere,
1840 651 1989 706 quo-

352 716 524 772 modo
555 721 611 771 et
637 717 782 772 mihi
813 718 1044 775 licuerit
1071 722 1378 795 Origenem
1427 729 1486 779 et
1537 723 1847 795 Didymum
1898 739 1992 778 re-

352 804 728 874 prehendere.
764 824 910 878 quos
943 815 1075 864 ante
1108 810 1490 868 laudaverim.
1521 812 1670 867 Audi
1718 828 1876 884 ergo,
1906 810 1994 865 vir

354 895 809 966 sapientissime,
841 902 897 952 et
927 898 1199 955 Romanae
1232 901 1567 956 dialecticae
1621 905 1815 973 caput,
1875 917 1991 956 non

354 998 484 1037 esse
513 983 637 1038 vitii
670 984 966 1042 hominem
999 1005 1185 1044 unum
1227 989 1467 1045 laudare
1523 991 1582 1044 in
1642 989 1772 1045 aliis
1816 992 1873 1044 et
1927 987 1988 1042 in

357 1071 487 1126 aliis
520 1089 796 1130 accusare
828 1077 965 1143 ;sed
986 1078 1250 1133 eamdem
1283 1095 1404 1134 rem
1428 1079 1673 1150 probare
1694 1083 1749 1133 et
1777 1078 1997 1148 impro-

358 1161 514 1216 bare.
550 1163 767 1218 Ponam
812 1165 1140 1237 exemplum
1179 1184 1192 1235 ;
1226 1171 1291 1221 nt
1319 1168 1474 1238 quod
1526 1184 1644 1221 non
1692 1164 1994 1238 intelligis,

356 1252 615 1323 prudens
645 1268 873 1308 mecum
932 1254 1112 1311 lector
1169 1256 1476 1329 intelligat.
1527 1257 1590 1311 In
1643 1253 1997 1310 Tertulliano

355 1342 671 1399 laudamus
699 1343 1024 1416 ingenium,
1058 1347 1159 1400 sed
1192 1346 1543 1401 damnamus
1587 1343 1876 1399 haeresim.
1933 1343 1998 1397 In

332 1431 909 1502 Origine-miramur
966 1432 1272 1489 scientiam
1313 1432 1771 1504 Scripturarum,
1824 1436 1883 1486 et
1909 1434 1997 1485 ta-

354 1536 487 1576 men
519 1523 862 1594 dogmatum
897 1538 1011 1577 non
1043 1521 1360 1593 recipimus
1408 1521 1751 1576 falsitatem.
1803 1521 1867 1575 In
1898 1518 1998 1573 Di-

355 1610 528 1679 dymo
557 1626 689 1665 vero
720 1614 776 1664 et
806 1608 1150 1665 memoriam
1181 1609 1651 1681 praedicamus,et
1680 1624 1858 1679 super
1877 1605 1999 1661 Tri-

355 1696 535 1751 nitate
567 1697 1046 1768 fideipuritatem
1082 1716 1095 1764 ;
1130 1699 1231 1754 sed
1256 1698 1315 1753 in
1348 1698 1572 1754 caeteris
1603 1714 1730 1769 quae
1763 1694 1997 1768 Origeni

2096 548 2260 616 dens,
2296 549 2355 604 in
2386 549 2717 606 minoribus
2746 550 3197 623 philosopharis.
3231 552 3559 616 Interrogas
3578 549 3739 605 enim

2099 654 2192 693 me
2226 655 2238 692 :
2274 660 2303 688 ‹‹
2336 638 2438 694 Dic
2469 637 2639 694 nobis
2686 656 2817 710 quae
2867 640 3115 695 fontium
3149 639 3296 694 ratio
3326 639 3355 693 ‘2
3384 655 3512 710 quae
3542 642 3746 694 vento-

2102 726 2265 782 rum?
2278 727 2413 798 quid
2440 727 2661 798 grando
2682 729 2709 782 ?
2731 728 2867 799 quid
2888 727 3277 801 pluviaquuid
3294 742 3454 783 mare
3479 726 3706 783 salsum
3729 730 3753 782 Ρ

2103 815 2243 888 quid
2274 816 2521 872 ﬂumina
2549 816 2742 873 dulcia
2774 822 2796 873 ?
2833 816 2974 889 quid
3005 818 3212 884 nubes,
3245 820 3345 871 aut
3382 815 3607 872 imbres
3637 815 3749 871 ful-

2105 921 2270 977 gura,
2305 911 2407 961 aut
2453 906 2733 973 tonitrua,
2784 910 2885 961 aut
2940 905 3187 961 fulmina
3215 905 3292 960 ‘2»
3317 904 3391 961 Ut
3429 908 3747 977 postquam

2106 1009 2199 1048 me
2228 994 2349 1049 haec
2383 994 2605 1051 nescire
2662 993 3038 1066 respondero,
3100 996 3227 1049 tuto
3284 992 3392 1047 tibi
3453 992 3623 1048 liceat
3676 992 3749 1047 de

2107 1084 2417 1139 animabus
2440 1083 2709 1156 ignorare
2741 1101 2754 1150 ;
2788 1087 2845 1138 et
2874 1083 3051 1138 unius
3101 1082 3183 1140 rei
3232 1082 3559 1149 scientiam,
3610 1086 3742 1136 tan-

2105 1176 2299 1227 tarum
2331 1189 2526 1227 rerum
2557 1172 2918 1245 ignoratione
2970 1187 3333 1243 compenses.
3379 1172 3467 1226 Tu
3515 1169 3610 1242 qui
3638 1186 3744 1243 per

2106 1263 2371 1337 singulas
2402 1262 2647 1335 paginas
2677 1261 2870 1316 fumos
2916 1276 3079 1316 meos
3124 1259 3372 1316 ventilas
3419 1276 3537 1315 non
3577 1259 3745 1315 intel-

2106 1352 2241 1424 ligis
2268 1351 2462 1407 videre
2491 1367 2600 1406 nos
2628 1348 2907 1420 caligines
2934 1353 3067 1404 tuas
3096 1352 3153 1403 et
3171 1347 3437 1404 turbines
3468 1352 3493 1404 Ρ
3520 1348 3668 1405 Nam
3690 1353 3758 1405 ut

2105 1440 2214 1497 tibi
2244 1438 2462 1496 sciolus
2491 1455 2619 1495 esse
2649 1437 2918 1506 videaris,
2951 1442 3009 1493 et
3057 1437 3212 1510 apud
3263 1436 3689 1509 Calpurnianos
3738 1439 3756 1473 ί

2108 1528 2430 1602 discipulos
2460 1528 2742 1584 doctrinis
2770 1526 3020 1600 gloriam
3078 1530 3301 1594 teneas,
3359 1529 3545 1582 totam
3604 1526 3752 1583 mihi

2108 1618 2410 1692 physicam
2442 1617 2711 1690 opponis,
2743 1620 2808 1671 ut
2836 1617 3059 1672 frustra
3088 1615 3359 1671 Socrates
3391 1616 3465 1672 ad
3498 1616 3753 1672 ethicam

2108 1708 2402 1764 transiens
2434 1706 2642 1763 dixerit
2673 1722 2686 1761 :
2718 1708 2852 1770 Quae
2896 1721 3077 1777 supra
3129 1721 3258 1772 nos,
3318 1703 3466 1759 nihil
3498 1704 3570 1760 ad
3619 1721 3749 1774 nos,

355 1782 507 1883 male
537 1785 802 1883 credidit,
834 1788 1044 1883 nos-ab
1073 1803 1139 1883 eo
1170 1787 1551 1883 retrahimus.
1582 1785 1997 1883 Magistiorum
2027 1817 2076 1883 B
2107 1797 2256 1869 Ergo
2288 1796 2402 1852 nisi
2434 1795 2539 1851 tibi
2570 1794 2853 1851 rationem
2900 1793 3243 1849 reddidero:
3279 1809 3461 1865 quare
3507 1794 3755 1850 formica

355 1874 511 1929 enim
543 1890 658 1929 non
689 1874 829 1930 vitia
858 1875 1144 1931 imitanda
1175 1881 1335 1942 sunt,
1368 1875 1468 1932 sed
1499 1877 1766 1930 virtutes.
1796 1874 1998 1930 Gram-

356 1961 640 2018 maticum
673 1962 912 2035 quidam
945 1964 1149 2019 Afrum
1181 1964 1390 2019 habuit
1417 1965 1612 2021 Romae
1642 1963 1835 2019 virum
1865 1978 1999 2018 eru-

355 2051 716 2107 ditissimum
752 2078 765 2121 ;
798 2057 854 2109 et
885 2054 942 2107 in
965 2069 1030 2108 eo
1064 2069 1126 2109 se
1165 2053 1443 2108 aemulum
1476 2052 1846 2125 praeceptoris
1890 2067 1997 2123 pu-

354 2143 535 2205 tabat,
572 2142 621 2198 si
654 2141 964 2198 stridorem
992 2141 1207 2215 linguis
1237 2143 1367 2213 ejus
1398 2146 1455 2198 et
1473 2142 1615 2197 vitia
1629 2145 1861 2196 tantum
1883 2140 2000 2197 oris

354 2232 724 2304 exprimeret,
780 2234 840 2287 In
889 2230 1339 2287 Praefatiuncula
1383 2232 1496 2295 περὶ
1526 2231 1714 2296 ’Λργῶν
1756 2230 1999 2286 fratrem

353 2336 448 2376 me
478 2321 770 2388 nominas,
802 2326 860 2377 et
892 2321 1174 2394 collegam
1225 2319 1373 2376 dicis
1423 2318 1997 2391 eloquentissimum,

353 2410 489 2466 fidei
520 2428 661 2467 mea:
692 2410 972 2483 praedicas
1000 2410 1327 2466 veritatem.
1361 2409 1465 2465 His
1479 2409 1672 2464 tribus
1693 2407 1999 2463 detrahere

352 2517 467 2556 non
497 2500 713 2572 poteris
745 2519 758 2567 ;
790 2504 996 2555 caetera
1025 2516 1196 2571 carpe
1227 2502 1292 2554 ut
1318 2497 1480 2566 libet,
1514 2514 1588 2553 ne
1616 2497 1866 2553 videaris
1896 2501 1997 2552 tuo

351 2589 422 2643 de
454 2604 546 2644 me
579 2589 913 2644 testimonio
946 2604 1290 2661 repugnare.
1325 2590 1467 2643 Cum
1500 2588 1738 2641 fratrem
1791 2590 1849 2641 et
1878 2584 1996 2641 col-

352 2674 543 2747 legam
571 2676 739 2743 dicis,
771 2676 1029 2732 amicitia
1056 2680 1158 2731 tua
1186 2676 1431 2749 dignum
1464 2674 1684 2730 fateris.
1720 2673 1865 2729 Cum
1887 2673 1999 2730 elo-

350 2768 623 2835 quentem
683 2765 983 2837 praedicas,
1017 2765 1323 2837 imperitia:
1382 2763 1538 2819 ultra
1599 2779 1716 2818 non
1774 2762 1992 2834 arguis.

351 2856 497 2913 Cum
529 2853 879 2910 catholicum
929 2854 987 2908 in
1020 2852 1295 2909 omnibus
1346 2852 1660 2925 proﬁteris,
1711 2850 1997 2905 haereseos

354 2961 468 3000 non
501 2943 718 3016 poteris
760 2942 904 2998 mihi
964 2942 1183 2997 crimen
1241 2942 1585 3014 impingere.
1646 2939 1819 2993 Extra
1876 2937 1997 2993 haec

354 3033 465 3088 tria
490 3034 538 3089 si
566 3033 704 3105 quid
735 3032 794 3087 in
818 3048 911 3089 me
941 3031 1402 3103 reprehenderis,
1428 3046 1542 3085 non
1579 3027 1679 3084 tibi
1708 3026 1997 3082 videberis

355 3138 483 3177 esse
531 3121 880 3176 contrarius.
915 3121 993 3175 Ex
1025 3137 1141 3191 qua
1189 3119 1599 3192 supputatione
1630 3115 1732 3179 illa
1762 3131 1998 3171 summa

354 3211 634 3275 nascitur,
666 3214 721 3263 et
765 3213 822 3263 te
849 3224 1041 3263 errare
1083 3225 1151 3264 ea
1198 3208 1258 3262 in
1310 3224 1403 3262 me
1448 3205 1996 3277 reprehendentem,
2026 3180 2071 3252 α

352 3314 478 3369 quae
528 3299 691 3369 prius
740 3297 1120 3363 laudaveras;
1153 3302 1211 3352 et
1241 3312 1333 3351 me
1379 3312 1493 3351 non
1547 3311 1675 3351 esse
1721 3294 1782 3349 in
1827 3292 1990 3361 vitio,

351 3386 401 3440 si
434 3385 493 3440 in
525 3385 745 3441 eisdem
777 3384 1117 3441 hominibus
1148 3389 1202 3440 et
1248 3384 1542 3440 laudanda
1572 3383 1902 3455 praedicem,
1936 3385 1993 3437 et

345 3474 732 3547 vituperanda
760 3474 1206 3547 reprehendam.

334 3561 338 3564 ⁴
419 3566 507 3620 28.
552 3566 624 3621 De
680 3567 999 3620 animarum
1053 3565 1372 3635 quaestione.
1422 3562 1587 3617 Liber
1640 3560 1865 3633 Didymi
1918 3560 1989 3616 ad

318 3654 622 3724 ‘Ruﬁnum,
655 3659 709 3711 et
751 3655 1077 3726 Explanatz'o
1135 3654 1262 3708 Osee
1317 3651 1387 3707 ad
1441 3653 1855 3723 Hieronymum.
1917 3681 1987 3691 —~

322 3743 582 3800 Transis
614 3745 686 3800 ad
709 3744 1039 3800 animarum
1072 3745 1313 3809 statum,
1359 3746 1415 3797 et
1460 3739 1743 3814 prolixius
1793 3740 1985 3796 fumos

344 3848 505 3889 meos
532 3833 801 3907 increpas
835 3851 848 3899 ;
882 3836 1059 3904 atque
1088 3838 1151 3885 ut
1179 3831 1285 3885 tibi
1318 3830 1487 3886 liceat
1517 3830 1805 3903 ignorare,
1828 3830 1984 3902 quod

342 3922 609 3977 consulto
640 3926 696 3978 te
727 3922 875 3977 scire
904 3919 1266 3987 dissimulas,
1297 3919 1508 3991 quaeris
1539 3937 1572 3974 a
1600 3935 1693 3974 me
1724 3920 1982 3991 primum

340 4010 411 4066 de
432 4009 1089 4081 cmicstihus,quomodo
1111 4007 1623 4080 angeli,quomodo
1645 4006 1981 4080 archangeli

338 4099 458 4154 sint
486 4098 513 4154 ‘I
543 4116 670 4171 quae
704 4099 809 4167 eis,
844 4097 931 4154 vel
962 4097 1176 4170 qualis,
1210 4096 1495 4152 habitatio
1524 4097 1551 4150 ?
1580 4112 1777 4167 quaeve
1828 4095 1982 4151 inter

337 4188 500 4259 ipsos
532 4187 880 4255 differentia,
912 4191 1011 4242 aut
1040 4187 1088 4241 si
1132 4184 1293 4240 nulla
1337 4184 1575 4240 omnino
1602 4184 1631 4238 ?
1659 4201 1785 4256 quae
1836 4184 1979 4239 solis

336 4277 412 4331 sit
442 4276 588 4332 ratio
613 4294 626 4345 ;
653 4278 809 4333 unde
835 4280 1151 4349 augmenta
1174 4273 1511 4342 lunze,unde
1527 4272 1785 4328 defectus
1811 4290 1824 4340 ;
1849 4288 1976 4344 quae

331 4365 419 4421 vel
470 4366 663 4438 qualis
716 4367 790 4422 sit
842 4365 1099 4421 siderum
1158 4362 1627 4420 cursus?Miror
1682 4361 1977 4433 quomodo

316 4453 549 4511 ’oblitus
580 4455 661 4510 sis
694 4454 827 4510 illos
859 4454 1174 4510 versiculos
1204 4469 1418 4525 ponere
1452 4469 1465 4507 :

417 4613 569 4664 Unde
599 4618 801 4663 tremor
834 4614 1006 4667 terris.
1038 4627 1145 4676 qua
1174 4612 1417 4676 vimaria
1447 4610 1553 4659 alta
1582 4614 1898 4676 tumescant,

415 4677 666 4727 Obicibus
696 4677 885 4738 ruptis,
919 4673 1211 4738 rursusque
1233 4674 1289 4722 in
1319 4674 1497 4738 seipse.
1525 4673 1762 4721 residant
1792 4687 1805 4731 ;

415 4741 664 4789 Defectus
696 4736 833 4789 Solis
863 4739 1053 4797 varios,
1087 4736 1358 4797 Lunaeque
1388 4736 1599 4785 labores
1631 4750 1643 4797 ;

416 4804 547 4851 251
582 4803 733 4853 Unde
764 4802 1046 4852 hominum
1063 4813 1249 4863 genus,
1269 4802 1321 4848 et
1348 4798 1616 4863 pecudum
1653 4812 1663 4845 :
1698 4797 1842 4863 unde
1873 4798 1964 4847 im-

2109 1902 2353 1958 parvum
2385 1884 2625 1954 animal,
2659 1888 2716 1940 et
2740 1887 3046 1956 punctum,
3078 1885 3144 1937 ut
3182 1880 3265 1937 ita
3301 1880 3511 1949 dicam,
3545 1898 3750 1954 corpo-

2109 1977 2214 2044 ris,
2248 1992 2349 2031 sex
2378 1975 2555 2047 pedes
2584 1972 2821 2039 habeat,
2849 1987 2981 2027 cum
3013 1968 3343 2043 elephantis
3372 1973 3530 2026 tanta
3558 1969 3749 2026 moles

2109 2072 2362 2139 quatuor
2388 2062 2635 2137 pedibus
2663 2062 2896 2119 incedat
2929 2081 2942 2131 ;
2979 2077 3085 2116 cur
3113 2063 3417 2133 serpentes
3437 2063 3495 2115 et
3522 2057 3753 2117 colubri

2106 2157 2306 2211 véntre
2335 2152 2611 2209 labantur
2629 2155 2687 2206 et
2715 2155 2948 2223 pectore
2988 2167 3002 2218 ;
3034 2165 3140 2205 cur
3172 2146 3529 2205 vermiculus
3576 2163 3755 2219 quem

2106 2245 2317 2317 vulgus
2349 2241 2724 2314 millepedam
2779 2242 2967 2307 vocat,
3026 2241 3190 2293 tanto
3251 2237 3466 2310 pedum
3523 2236 3760 2309 agmine

2108 2339 2344 2398 scateat,
2377 2333 2447 2389 de
2477 2331 2808 2386 animarum
2827 2332 2982 2385 statu
3009 2326 3158 2383 scire
3187 2343 3303 2382 non
3327 2329 3570 2397 potero?
3597 2327 3761 2392 Ορω-

2108 2424 2188 2480 ris
2218 2440 2252 2478 a
2282 2423 2375 2478 me
2403 2420 2545 2494 quid
2574 2419 2701 2491 ipse
2730 2418 2803 2473 de
2832 2416 3143 2473 anibamus
3175 2414 3449 2483 sentiam,
3502 2422 3564 2470 ut
3616 2428 3754 2470 cum

2108 2513 2410 2586 professus
2467 2510 2601 2582 (Αἰ.
2661 2506 3022 2580 processus)
3082 2505 3269 2572 fuero,
3330 2502 3529 2559 statim
3587 2502 3749 2560 inva-

2107 2604 2230 2658 das.
2264 2606 2331 2656 Et
2383 2600 2431 2657 si
2488 2598 2682 2654 dixero
2740 2594 2883 2650 illud
2943 2592 3428 2651 ecclesiasticum.
3485 2591 3754 2657 Quotidie

2106 2698 2259 2749 Deus
2284 2693 2560 2762 operatur
2597 2688 2849 2750 animas,
2882 2688 2939 2740 et
2986 2682 3049 2738 in
3097 2698 3337 2755 corpore
3368 2683 3389 2716 ²
3419 2697 3518 2737 eas
3567 2679 3754 2736 mittit

2107 2780 2498 2844 nascentium,
2532 2774 2686 2830 illico
2718 2772 2985 2845 magistri
3008 2770 3340 2827 tendiculas
3371 2770 3631 2842 proferas
3664 2773 3756 2825 :et

2106 2869 2206 2926 ubi
2237 2872 2326 2924 est
2350 2865 2584 2938 justitia
2612 2863 2736 2929 Dei,
2769 2866 2834 2917 ut
2862 2862 2933 2917 de
2964 2860 3251 2917 adulterio
3281 2858 3626 2930 incestuque
3658 2875 3758 2914 na-

2110 2958 2411 3016 scentibus
2442 2954 2674 3010 animas
2729 2950 3017 3023 largiatur
3049 2950 3239 3022 PErgo
3298 2950 3638 3021 cooperator
3665 2951 3758 3002 est

2108 3046 2400 3103 malorum
2431 3043 2825 3111 hominum,et
2855 3037 3138 3095 adulteris
3168 3036 3602 3094 seminantibus
3632 3052 3757 3092 cor-

2107 3154 2269 3211 pora,
2295 3136 2421 3208 ipse
2453 3132 2770 3189 fabricatur
2800 3128 3030 3184 animas
3058 3127 3086 3182 ?
3115 3127 3281 3198 quasi
3298 3126 3503 3181 vitium
3527 3141 3757 3184 semen-

2106 3226 2183 3282 tis
2214 3227 2273 3280 in
2300 3224 2492 3279 tritico
2525 3222 2599 3278 sit
2629 3219 2783 3292 quod
2814 3217 2971 3274 furto
3001 3215 3220 3272 dicitur
3247 3231 3376 3271 esse
3423 3212 3751 3283 sublatum,

2103 3320 2160 3372 et
2191 3331 2307 3371 non
2338 3313 2398 3368 in
2430 3329 2496 3368 eo
2529 3308 2629 3382 qui
2661 3309 2956 3364 frumenta
2980 3306 3211 3360 furatus
3240 3308 3331 3359 est
3362 3322 3375 3372 ;
3408 3302 3747 3374 idcircoque

2100 3410 2258 3461 terra
2288 3420 2404 3459 non
2437 3400 2645 3457 debeat
2700 3396 2923 3470 gremio
2972 3411 3078 3449 suo
3136 3392 3364 3449 semina
3417 3391 3744 3457 confovere,

2103 3495 2244 3566 quia
2273 3496 2432 3549 sator
2462 3486 2770 3545 immunda
2802 3500 2871 3541 ea
2898 3481 3205 3556 projecerit
3240 3498 3442 3537 manu.
3475 3480 3621 3537 Hinc
3649 3484 3745 3535 est

2096 3587 2155 3640 et
2182 3582 2284 3639 illa
2338 3586 2441 3637 tua
2469 3593 2685 3634 arcana
2712 3572 3112 3645 interrogatio,
3169 3569 3319 3627 558
3378 3584 3559 3642 quare
3613 3582 3742 3624 mo-

2096 3674 2324 3729 riantur
2377 3656 2651 3733 infantes,
2711 3681 2845 3721 cum
2902 3664 3138 3735 propter
3206 3662 3442 3732 peccata
3496 3673 3743 3730 corpora

2095 3760 2443 3834 acceperint.
2476 3759 2675 3814 Exstat
2703 3753 2852 3809 liber
2881 3748 3209 3823 Didymi'ad
3242 3753 3321 3815 te,
3371 3764 3486 3820 quo
3534 3745 3744 3834 scisci-

2094 3822 2252 3909 tanti
2271 3848 2378 3906 tibi
2405 3844 2709 3919 respondit
2766 3858 2881 3897 non
2939 3855 3037 3895 eos
3095 3836 3281 3893 multa
3331 3822 3743 3908 peccasse,’et

2093 3942 2223 3998 ideo
2253 3952 2563 4011 corporum
2596 3948 2857 3989 carceres
2886 3932 3118 3984 tantum
3148 3926 3233 3982 eis
3271 3924 3535 3998 tetigisse
3563 3922 3740 3979 sufﬂ-

2093 4046 2238 4087 cere.
2273 4026 2549 4100 Magister
2580 4038 2750 4078 meus
2780 4024 2837 4076 et
2859 4022 3001 4074 tuus
3030 4033 3096 4073 eo
3128 4019 3411 4087 tempore,
3433 4029 3547 4085 quo
3577 4016 3644 4068 tu
3664 4012 3741 4067 ab

2090 4136 2157 4175 eo
2186 4118 2300 4173 ista
2330 4113 2651 4187 quaerebas,
2683 4114 2802 4165 tres
2831 4104 3308 4180 explanationum
3341 4103 3399 4157 in
3432 4101 3577 4158 Osee
3601 4116 3738 4173 pro-

2088 4208 2326 4281 phetam
2370 4203 2552 4259 libros
2582 4200 2655 4255 ad
2687 4214 2800 4263 me,
2832 4198 3191 4268 merogante,
3213 4190 3467 4248 dictavit.
3502 4190 3582 4246 Ex
3612 4204 3733 4260 quo

2089 4299 2325 4370 apparet
2357 4292 2498 4365 quid
2531 4305 2645 4357 me,
2675 4285 2816 4361 quid
2847 4290 2903 4342 te
2928 4283 3210 4342 docuerit.

2152 4474 2242 4527 29.
2273 4468 2566 4526 Naturales
2598 4465 2944 4537 quaestiones.
3001 4491 3069 4501 -—
3127 4459 3309 4531 Urges
3366 4460 3432 4512 ut
3488 4470 3734 4527 respon-

2001 4549 2051 4615 D
2083 4562 2251 4618 deam
2286 4559 2356 4615 de
2386 4560 2597 4613 natura
2628 4569 2848 4609 rerum.
2881 4551 2941 4607 Si
2971 4553 3129 4607 esset
3145 4548 3330 4614 locus,
3355 4559 3590 4618 possem
3622 4542 3732 4599 tibi

2080 4650 2166 4707 vel
2202 4647 2445 4705 Lucretii
2476 4643 2783 4717 opiniones
2831 4643 3001 4713 juxta
3057 4636 3398 4709 Epicurum,
3446 4632 3535 4689 vel
3598 4631 3730 4688 Ari-

2078 4737 2305 4797 stotelis
2327 4738 2499 4809 juxta
2534 4729 2970 4804 Peripateticos,
2997 4725 3086 4782 vel
3113 4724 3373 4781 Platonis
3406 4726 3583 4794 atque
3632 4720 3732 4809 ze-

2077 4828 2249 4885 nonis
2291 4807 2614 4882 secundum
2647 4815 3029 4876 Academicos
3070 4818 3127 4871 et
3151 4813 3378 4869 Stoicos
3410 4811 3624 4867 dicere.
3656 4807 3732 4864 Et

2072 4922 2138 4974 ut
2166 4916 2239 4972 ad
2269 4913 2588 4970 Ecclesiam
2615 4904 3041 4970 transeam,ubi
3073 4918 3283 4959 norma
3312 4904 3403 4957 est
3439 4896 3725 4966 veritatis,

2071 5005 2257 5062 multa
2287 5007 2343 5059 et
2371 5000 2612 5060 Genesis
2642 5002 2701 5053 et
2730 4994 3157 5067 Prophetarum
3217 4988 3348 5046 libri
3404 5004 3472 5044 ac
3524 4984 3720 5044 Eccle-

2068 5095 2279 5151 siastes
2309 5091 2480 5149 nobis
2532 5090 2604 5145 de
2652 5080 3061 5156 hujuscemodi
3111 5076 3538 5152 quaestionibus
3585 5090 3729 5147 sug-

1544 4861 1638 4909 ber
1667 4865 1718 4909 et
1731 4860 1899 4917 ignes,

407 4929 710 4988 Arcturum,
739 4926 1053 4990 pluviasque
1084 4923 1308 4987 hyadas:
1341 4863 1960 4990 geminb23iigt'l‘gilcfges:

409 4989 543 5046 Quid
571 4984 777 5039 tantum
809 4984 1020 5039 Oceano
1052 4984 1424 5050 properent'se
1446 4984 1657 5050 tingere
1687 4984 1826 5032 soles

408 5052 644 5114 Hiberni,
671 5053 755 5101 vel
787 5066 909 5115 quae
939 5046 1106 5115 tardis
1137 5046 1783 5115 moramnoctibusohstet.

670 5109 899 5174 (Vino-11."
932 5113 1138 5176 Georg.,
1170 5126 1221 5172 ιι,
1255 5112 1344 5161 4⁸13
1378 5125 1390 5173 ;
1421 5109 1637 5160 xEneid.
1664 5123 1701 5169 ι,
1730 5109 1862 5170 746.)

2060 5361 2186 5442 ipse
2218 5350 2841 5442 RufinusCalpurnius
2871 5349 2975 5405 abs
3011 5347 3360 5442 llierpnyni‘o
3410 5343 3484 5400 ob
3516 5340 3719 5442 camp;

2059 5413 2233 5486 cium
2256 5413 2681 5484 rvocareturfAt
2709 5422 2844 5479 vide
2874 5436 3002 5494 quas
3035 5416 3210 5492 paulo
3226 5413 3396 5472 infra
3445 5429 3609 5471 num.
3641 5413 3719 5467 32

2058 5499 2602 5564 animadvertimus,
2638 5499 2758 5551 not.
2790 5495 2843 5549 6.

2124 5576 2145 5607 ²
2174 5571 2569 5635 Martianaeus,
2604 5569 2663 5622 in
2694 5579 2852 5637 carpo
2865 5578 2940 5618 re.

380 5373 580 5444 'Apud
637 5370 1437 5444 Calphurnianosgliuﬁnum
1478 5368 1713 5444 saepius
1783 5371 1951 5444 vocat

303 5440 894 5516 Calph'urniumihinc
941 5443 1069 5513 ejus
1112 5441 1435 5516 discipulos
1486 5440 1947 5516 Calphurnianps,

302 5511 618 5573 Macarium
652 5514 892 5580 scilicet,
928 5511 1350 5584 Apronianum,
1412 5516 1470 5567 ct
1525 5511 1762 5566 caeteros
1817 5511 1947 5584 ejus

298 5587 581 5663 gregales.
620 5587 906 5663 Maurum.
942 5581 1008 5624 -ἰ
1054 5583 1180 5663 Una
1206 5584 1603 5663 interpretum
1654 5581 1946 5663 sententia

295 5652 862 5736 Est,"Galpurnianos
883 5673 951 5713 ex
970 5672 1036 5712 eo
1058 5654 1172 5711 dici
1206 5652 1400 5710 Ruﬁni
1419 5652 1764 5724 discipulos,
1785 5652 1943 5723 quod
