4110 6162
279 245 382 317 801

1457 247 1770 320 CONTRA
1813 253 2171 321 RUFlNUM
2215 250 2362 322 LIB.
2403 251 2512 324 ΠΙ.

276 390 505 461 gerunt.
540 389 660 443 Aut
691 385 740 443 si
783 382 906 443 haec
956 385 1317 462 ignoramus,
1372 389 1664 460 quomodo
1715 389 1785 443 de
1812 389 1929 444 ani-
1958 393 2012 456 Α
2044 408 2184 445 num
2205 391 2432 446 conaris
2455 391 2654 446 lumen
2677 388 2923 446 auferre.
2947 386 3309 463 Aristippus8
3331 383 3515 445 nostri
3534 390 3681 444 tem-

276 494 503 533 marum
537 482 698 532 statu
730 477 1018 533 debueras
1066 478 1124 533 in
1176 477 1455 550 Apologia
1501 483 1603 532 tua
1655 478 1921 532 omnium

276 583 470 623 rerum
503 567 905 638 ignorantiam
938 567 1221 634 conﬁteri,
1254 573 1310 621 et
1341 583 1373 621 a
1396 566 1928 621 calumniatoribus

278 672 553 728 querere,
600 671 708 708 cur
757 673 790 708 a
839 660 893 709 te
943 672 1127 710 unum
1179 656 1548 726 impudenter
1597 660 1929 726 expeterent

283 760 417 798 cum
470 743 583 814 ipsi
631 747 794 798 tanta
846 743 1186 798 nescirent?
1233 741 1276 797 Ο
1328 741 1624 797 triremem
1675 741 1927 813 locuple-

287 832 594 896 tissimam,
668 849 792 902 qum
864 832 1259 886 Orientalibus
1317 837 1372 885 et
1429 831 1716 903 .‘Egyptiis
1778 848 1925 885 mer-

290 921 446 975 cibus
501 921 770 975 Romanae
843 919 1006 974 urbis
1065 920 1250 975 ditare
1303 924 1541 974 venerat
1603 923 1923 990 pauperta-

295 1014 399 1063 tem
423 1010 438 1064 !

1178 1159 1253 1207 Tu
1311 1159 1572 1207 Maximus
1630 1157 1719 1207 ille
1778 1172 1832 1206 es
1893 1158 1927 1214 ¹,

333 1222 501 1279 Unus,
536 1222 630 1284 qui
659 1222 816 1271 nobis
847 1221 1128 1270 scribendo
1158 1221 1393 1271 restituis
1423 1235 1553 1269 rem.

337 1365 494 1437 Ergo
528 1363 645 1419 nisi
677 1364 748 1418 de
781 1363 1013 1418 Oriente
1043 1363 1325 1429 venisses,
1370 1362 1811 1418 eruditissimus
1844 1361 1929 1414 vir

269 1454 517 1510 haereret
547 1453 744 1508 adhuc
771 1453 926 1507 inter
974 1453 1442 1519 mathematicos,
1491 1456 1548 1506 et
1579 1467 1784 1506 omnes
1817 1450 1924 1519 [AL

267 1543 567 1612 homines]
617 1541 933 1596 Christiani
983 1541 1121 1612 quid
1184 1546 1386 1596 contra
1432 1542 1615 1595 fatum
1670 1539 1928 1593 dicerent

265 1633 366 1704 {AL
409 1633 812 1700 dissererent],
845 1631 1198 1702 ignorarent.
1251 1629 1453 1685 Merito
1503 1646 1538 1684 a
1590 1645 1684 1683 me
1713 1627 1926 1698 quaaris

2040 479 2216 549 poris,
2249 480 2349 550 qui
2383 480 2616 551 plenam
2648 484 2991 535 cunctarum
3023 478 3303 536 mercium
3333 494 3540 534 navem
3570 478 3681 533 Re-

2041 585 2215 622 mano
2265 569 2492 624 invehis
2559 569 2772 639 portui,
2844 573 2902 623 et
2965 567 3107 623 sella
3172 567 3401 638 publice
3466 567 3678 639 posita,

2040 661 2457 729 Hermagoram
2509 657 2675 712 nobis
2724 663 2780 712 et
2834 657 3105 729 Gorgiam
3164 655 3402 711 exhibes
3452 654 3678 711 Leonti-

2042 763 2224 812 num;
2259 748 2400 800 dum
2442 747 2714 816 navigare
2741 747 3002 812 festinas,
3048 745 3224 801 unius
3245 743 3680 816 questiuncula

2041 834 2487 890 mercimonium
2520 836 2575 890 in
2603 835 2837 890 Oriente
2866 835 3084 890 oblitus
3113 851 3196 889 es.
3232 834 3297 888 Et
3326 832 3536 888 iterum
3567 831 3682 887 cla-

2042 925 2240 989 mitas,
2274 928 2330 979 et
2359 924 2634 994 Aquileia:
2685 928 2859 994 atque
2900 922 3254 978 Alexandriae
3305 925 3363 977 te
3410 920 3686 977 didicisse
3775 949 3778 954 -

2034 1015 2244 1083 jactas,
2279 1014 2434 1084 quod
2468 1013 2544 1068 sit
2576 1013 2727 1068 Deus
2779 1017 2836 1067 et
2883 1013 3216 1067 animarum
3275 1014 3331 1066 et
3372 1024 3681 1082 corporum

2039 1107 2280 1157 creator.
2314 1103 2394 1156 De
2426 1102 2534 1156 hoc
2569 1101 2790 1156 scilicet
2820 1101 3061 1172 quaestio
3111 1100 3444 1167 ventilatur,
3479 1100 3682 1154 utrum

2042 1191 2195 1246 Deus
2230 1209 2301 1246 an
2347 1189 2617 1246 diabolus
2665 1190 2895 1245 animas
2945 1189 3175 1257 fecerit;
3209 1193 3264 1244 et
3313 1205 3429 1243 non
3479 1191 3680 1242 utrum

2040 1279 2246 1334 animae
2279 1285 2414 1334 ante
2441 1296 2683 1351 corpora
2723 1278 2956 1344 fuerint,
3008 1280 3162 1350 quod
3205 1278 3329 1333 vult
3377 1276 3678 1349 Origenes,

2040 1374 2096 1423 et
2125 1369 2350 1441 egerint
2377 1368 2622 1438 aliquid,
2655 1373 2890 1439 propter
2936 1368 3091 1439 quod
3142 1367 3261 1422 sint
3305 1365 3520 1422 crassis
3551 1381 3678 1420 cor-

2040 1459 2280 1528 poribus
2311 1457 2598 1528 alligatae:
2637 1474 2706 1511 an
2739 1456 2798 1510 in
2833 1473 3055 1511 morem
3097 1456 3334 1528 glirium
3383 1457 3680 1526 torpentes

2038 1546 2470 1617 conSOpitzeque
2499 1544 2863 1600 dormierint.
2917 1545 3045 1600 Haec
3091 1549 3269 1610 taces,
3310 1561 3437 1616 qua:
3476 1559 3680 1600 omnes

2039 1634 2340 1707 flagitant:
2401 1639 2457 1688 et
2515 1634 2584 1688 ad
2641 1632 2742 1687 illa
2800 1633 3136 1704 respondes,
3178 1649 3304 1704 qua:
3362 1631 3561 1688 nullus
3592 1632 3681 1687 in-

265 1722 333 1776 de
361 1720 712 1791 astrologia,
732 1724 791 1774 et
803 1719 931 1774 coeli
951 1735 1017 1774 ac
1035 1719 1293 1774 siderum
1312 1736 1489 1774 cursu
1507 1717 1607 1789 qui
1629 1721 1924 1772 tantarum
1959 1762 2005 1825 Β
2041 1724 2239 1794 quirit,

268 1809 564 1865 mercium
595 1807 832 1880 plenam
864 1823 1071 1862 navem
1093 1807 1373 1862 detulisti.
1399 1807 1603 1862 Fateor
1624 1808 1929 1876 pauperta-

265 1905 418 1966 tem,
448 1916 566 1955 non
597 1915 731 1954 sum
765 1899 847 1954 ita
868 1903 932 1952 ut
953 1902 1014 1952 tu
1041 1897 1098 1951 in
1122 1898 1352 1952 Oriente
1377 1897 1617 1952 ditatus.
1641 1896 1719 1950 Te
1741 1893 1926 1949 multo

269 1994 546 2061 tempore
572 1987 798 2043 Pharus
831 1987 1049 2051 docuit,
1081 1987 1235 2058 quod
1289 1987 1477 2040 Roma
1536 1984 1784 2040 nescivit
1818 1984 1922 2054 [AL

279 2077 558 2145 nesciret]
585 2095 599 2142 ;
629 2077 905 2131 instruxit
934 2075 1236 2147 Egyptus,
1261 2075 1414 2146 quod
1439 2073 1602 2129 Italia
1622 2073 1927 2142 hucusque

277 2182 402 2221 non
436 2165 653 2219 habuit.

487 2254 786 2309 Sententiae
835 2255 1010 2309 varia?
1053 2253 1118 2308 de
1160 2255 1371 2307 anima.
1403 2282 1472 2290 ——
1503 2250 1723 2306 Scribis
1771 2249 1926 2320 apud

263 2343 705 2400 ecclesiasticos
727 2346 1069 2398 tractatores
1091 2346 1210 2396 tres
1233 2341 1302 2396 de
1323 2339 1634 2394 animabus
1659 2355 1786 2394 esse
1802 2353 1928 2392 sen-

263 2431 506 2488 tentias.
548 2431 759 2496 Unam,
793 2447 972 2500 quam
1006 2429 1274 2502 sequitur
1303 2428 1616 2500 Origenes;
1651 2426 1925 2490 alteram,

265 2538 443 2593 quam
506 2519 910 2575 Tertullianus
969 2523 1025 2574 et
1067 2518 1452 2573 Lactantius2
1503 2517 1658 2585 (licet
1704 2516 1774 2569 de
1823 2521 1924 2567 La-

266 2611 486 2666 ctantio
521 2609 899 2681 apertissime
932 2607 1256 2677 mentiaris)
1287 2623 1300 2674 ;
1337 2606 1591 2672 tertiam,
1620 2620 1797 2675 quam
1823 2619 1928 2657 nos

268 2699 578 2772 simplices
610 2703 669 2752 et
698 2697 844 2752 fatui
878 2697 1165 2766 homines,
1200 2697 1299 2768 qui
1341 2713 1456 2750 non
1506 2681 1924 2764 intelligimus,

268 2789 444 2859 quod,
487 2787 540 2842 si
577 2788 661 2841 ita
688 2787 785 2851 sit,
816 2787 1074 2856 iniustus
1103 2803 1134 2840 a
1167 2785 1332 2840 nobis
1381 2790 1660 2856 arguatur
1690 2783 1844 2836 Deus
1874 2785 1929 2834 et

264 2884 396 2949 post
430 2877 562 2932 haec
586 2876 761 2946 juras
791 2880 847 2929 te
880 2875 1102 2929 nescire
1132 2875 1273 2944 quid
1305 2874 1382 2928 sit
1417 2889 1640 2927 verum.
1674 2871 1794 2935 Dic,
1829 2885 1927 2923 oro

266 2972 358 3023 te:
391 2971 679 3039 putasne,
713 2968 874 3019 extra
915 2963 1032 3017 hac
1083 2964 1234 3019 559
1287 2963 1396 3017 tria
1443 2978 1570 3016 esse
1618 2959 1840 3030 aliquid
1870 2958 1926 3011 in

268 3074 384 3127 quo
415 3055 644 3110 veritas
675 3053 801 3108 sit?
834 3059 890 3107 et
921 3053 977 3106 in
1012 3052 1200 3107 tribus
1233 3052 1360 3106 istis
1399 3048 1812 3105 mendacium?
1842 3049 1925 3100 An

267 3147 338 3201 de
369 3146 570 3200 tribus
603 3159 791 3196 unum
839 3157 966 3197 esse
1009 3142 1164 3212 quod
1201 3157 1397 3196 verum
1448 3138 1568 3194 sit?
1614 3138 1672 3193 Si
1703 3142 1791 3192 est
1821 3136 1924 3190 ali-
1957 3131 2000 3194 C

270 3236 443 3305 quid,
496 3250 603 3286 cur
651 3231 1077 3302 disputantium
1130 3229 1457 3284 libertatem
1504 3231 1752 3299 angusto
1812 3227 1923 3278 line

274 3323 585 3378 concludis
615 3339 630 3387 ;
663 3326 720 3375 et
748 3337 880 3374 cum
906 3318 1208 3375 mendacia
1239 3317 1572 3390 protuleris,
1599 3319 1668 3371 de
1691 3315 1927 3370 veritate

275 3411 490 3465 taces?
529 3411 635 3464 Sin
665 3414 856 3465 autem
889 3426 919 3462 e
949 3408 1139 3462 tribus
1170 3424 1354 3462 unum
1381 3423 1581 3462 verum
1613 3411 1719 3472 est,
1753 3410 1808 3459 et
1840 3422 1924 3458 re-

280 3499 460 3570 liqua
487 3499 600 3552 duo
630 3498 768 3553 falsa
795 3503 974 3552 sunt:
1011 3514 1114 3552 cur
1159 3496 1338 3553 simili
1387 3495 1718 3567 ignorantia
1764 3493 1927 3565 igno-

293 3603 400 3642 ras
423 3585 569 3640 falsa
597 3602 718 3640 cum
747 3587 892 3642 veris
911 3586 939 3641 ?
967 3588 1054 3640 An
1088 3585 1300 3640 idcirco
1333 3601 1534 3639 verum
1589 3580 1932 3638 dissimulas

293 3681 364 3731 ut
401 3674 508 3729 tibi
544 3679 724 3730 tutum
753 3675 848 3740 sit,
882 3691 1018 3730 cum
1067 3674 1341 3739 volueris,
1393 3673 1540 3728 falsa
1584 3672 1892 3727 defendere
1910 3670 1936 3722 ‘?

277 3765 355 3820 Hi
386 3769 530 3820 sunt
561 3764 726 3830 fumi,
762 3764 848 3819 hae
883 3762 1187 3835 caligines,
1223 3763 1440 3833 quibus
1463 3779 1530 3817 ex
1550 3760 1734 3815 oculis
1757 3758 1938 3813 homi-

348 3893 362 3924 ¹
402 3893 476 3946 Tu
504 3889 786 3944 Maximus
817 3891 918 3943 ille
963 3905 1047 3944 es.
1107 3889 1186 3942 De
1241 3887 1410 3942 Fabio
1459 3885 1710 3939 Maximo
1745 3900 1943 3938 versus

275 3962 390 4017 iste
427 3964 741 4017 Ennianus
776 3968 886 4025 est,
927 3963 1077 4016 Unus
1106 3961 1202 4030 qui
1253 3960 1403 4030 nobis
1453 3956 1944 4030 cunctando_re§ii-

277 4038 390 4089 luit
419 4051 559 4088 rem.
595 4037 880 4087 Murrus.
913 4063 979 4070 —
1012 4031 1090 4084 Ex
1116 4026 1220 4085 illo
1253 4029 1419 4084 Ennii
1451 4045 1621 4083 versu
1652 4028 1722 4081 de
1753 4028 1816 4090 Ο.
1850 4026 1946 4080 1³8.-

276 4106 375 4160 bio
407 4105 676 4160 Maximo
702 4121 714 4156 :

321 4123 375 4160 ιο
407 4120 676 4160 maximo
702 4121 714 4156 Σ

400 4193 559 4243 Unus
592 4192 758 4240 homo
795 4190 952 4239 nobis
983 4189 1286 4239 cunctando
1317 4188 1544 4238 restituit
1573 4201 1704 4246 rem,

269 4309 454 4365 quem
491 4289 792 4365 Virgilius
827 4290 946 4365 fere
977 4288 1254 4365 exscribit
1285 4287 1384 4342 lib.
1419 4304 1494 4340 γι.

276 4356 363 4490 ἐο²
423 4356 650 4419 Recole
685 4378 818 4432 quae
865 4360 1272 4416 adnotavimus
1322 4374 1501 4429 supra
1548 4356 1649 4412 lib.
1696 4374 1757 4422 ιι,
1789 4371 1950 4408 num.

336 4478 366 4540 ί
390 4507 733 4576 Aristippus
763 4505 944 4557 nostri
967 4505 1268 4576 temporis.
1325 4500 1659 4570 Aristippus
1708 4497 1960 4576 S_o_c_ratis
1995 4493 2037 4556 D

267 4579 526 4632 auditor
583 4570 912 4647 Cyrenaeus
957 4570 1375 4647 tuin-primus
1424 4576 1651 4647 quaestu
1693 4570 1956 4640 philoso-

267 4649 508 4720 phatus
542 4641 661 4702 est:
696 4646 916 4700 Habuit
946 4641 1260 4720 ingenium
1300 4644 1380 4720 ad_
1425 4641 1766 4720 omnia_pro
1810 4647 1954 4694 tem-

267 4713 439 4792 pore,
478 4713 1038 4792 loc_o_et_persona',
1090 4714 1442 4792 simulanda,
1493 4713 1730 4792 omnino
1764 4728 1956 4783 prom-

269 4784 476 4864 ptum.
535 4784 1047 4864 VideDiogenem
1098 4793 1153 4842 et
1199 4787 1520 4864 Horatium.
1574 4784 1959 4864 Hermagoras

266 4855 326 4918 st
358 4863 634 4933 Gorgias
668 4855 932 4933 rhetores
981 4860 1215 4914 fuerunt
1241 4857 1512 4933 egregii;
1568 4855 1959 4933 dicitur’vero

268 4930 564 5007 Gorgias,
594 4931 701 5003 qui
736 4931 963 5007 primus
993 4947 1173 5007 ausus
1205 4930 1367 5007 sit_in
1409 4931 1690 5007 conventu
1727 4942 1961 5005 poscere

267 4997 516 5078 quavde
551 4997 630 5057 re'
671 4997 925 5084 quisque
973 5001 1143 5083 vellet
1191 5003 1430 5065 audire;
1485 5014 1550 5084 ac
1594 4998 1664 5050 de
1713 4997 1869 5050 omni
1903 5013 1960 5050 re

264 5069 652 5150 quacunque
686 5069 748 5129 in
789 5069 1281 5150 disceptationem
1332 5069 1962 5150 quaestionemqucvo-

265 5140 573 5212 daretur;
611 5162 673 5200 se
735 5140 976 5226 copiose
1029 5146 1324 5226 dicturum
1353 5140 1513 5197 _essc
1543 5140 1958 5226 .proiitebat‘ur.

263 5210 586 5276 MARTIAS'.
623 5249 691 5257 —
724 5210 1096 5289 Aristippum,
1153 5210 1820 5289 Cyrenarum__intellige,
1868 5213 1965 5289 Sp-

264 5293 470 5347 cratis
509 5281 1102 5353 familiaremfaulici
1150 5281 1367 5358 ingenii
1421 5281 1859 5356 philosophum,
1893 5282 1963 5335 de

267 5381 400 5416 auo
439 5361 651 5416 Horat.
681 5378 694 5415 ε

267 5381 400 5436 quo
439 5366 651 5416 Horat.
681 5378 694 5415 ε

370 5485 578 5536 Omnis
613 5483 976 5545 Artistippum
1009 5481 1188 5531 decuit
1213 5481 1378 5534 color,
1413 5483 1464 5527 et
1493 5481 1662 5527 status
1692 5481 1743 5526 et
1768 5491 1868 5526 res.

271 5603 387 5661 Hic
461 5600 768 5673 siquidem
827 5598 1076 5671 primus,
1159 5603 1305 5654 teste
1363 5595 1566 5660 Suida,
1638 5594 1966 5650 mercedem

2106 1815 2195 1869 31.
2232 1814 2446 1868 Fumos
2477 1828 2714 1884 quoque
2755 1828 2914 1868 meos
2963 1812 3296 1883 frequenter
3341 1810 3574 1879 irrides,
3613 1825 3681 1868 eo

2038 1903 2192 1974 quod
2225 1902 2498 1957 simulem
2542 1918 2635 1956 me
2665 1901 2814 1956 scire
2843 1901 2998 1972 quod
3031 1901 3310 1967 nesciam,
3355 1903 3413 1955 et
3439 1915 3680 1956 enume-

2037 1992 2259 2046 ratione
2290 1991 2594 2045 doctorum
2627 1990 2769 2044 rude
2811 1989 3022 2060 vulgus
3070 1989 3313 2045 illudam
3365 1989 3474 2060 [Αι.
3515 1989 3682 2044 indu-

2038 2082 2212 2149 cam].
2244 2081 2327 2134 Tu
2363 2079 2629 2134 videlicet
2654 2079 2985 2144 ﬂammeus,
3038 2077 3157 2132 imo
3203 2077 3543 2145 fulmineus,
3577 2075 3677 2148 qui

2039 2170 2096 2223 in
2129 2169 2417 2239 loquendo
2449 2167 2732 2222 fulminas
2763 2171 2820 2221 et
2851 2166 3121 2221 ﬂammas
3153 2181 3250 2221 ore
3271 2169 3580 2237 conceptas
3602 2169 3682 2220 te-

2039 2275 2171 2312 nere
2230 2275 2346 2312 non
2406 2261 2588 2328 potes,
2648 2261 2821 2326 atque
2878 2260 2940 2310 tu
2997 2255 3095 2310 ille
3150 2255 3598 2310 Bar-Chochabas
3634 2256 3677 2323 ⁴,

2037 2351 2242 2402 auctor
2271 2345 2578 2400 seditionis
2605 2343 2883 2409 Judaicae,
2917 2343 3194 2414 stipulam
3227 2343 3285 2398 in
3315 2359 3412 2399 ore
3442 2359 3682 2400 succen-

2038 2452 2164 2490 sam
2199 2434 2460 2488 anhelitu
2501 2431 2839 2496 ventilabat,
2881 2436 2947 2486 ut
2986 2431 3255 2487 flammas
3284 2448 3548 2488 evomere
3577 2449 3684 2504 pu-

2037 2529 2298 2579 taretur:
2333 2524 2409 2577 ita
2442 2527 2497 2576 et
2526 2527 2588 2576 tu
2637 2521 2828 2585 nobis,
2880 2519 3030 2576 alter
3058 2519 3425 2584 Salmoneus,
3479 2523 3679 2578 omnia

2039 2630 2142 2684 per
2172 2629 2298 2683 quze
2332 2611 2554 2666 incedis
2585 2609 2867 2674 illustras,
2901 2614 2958 2665 et
3014 2626 3120 2666 nos
3167 2610 3429 2666 fumosos
3459 2611 3680 2684 arguis,

2039 2702 2109 2757 de
2140 2701 2358 2771 quibus
2391 2701 2536 2754 forte
2585 2697 2833 2762 dicatur,
2883 2721 2913 2748 ‹‹
2947 2697 3055 2763 Qui
3105 2698 3298 2770 tangis
3345 2703 3596 2766 montes,
3627 2704 3682 2756 et

2038 2789 2331 2861 fumigant
2376 2789 2545 2859 (Psat.
2598 2805 2718 2847 cm.
2767 2787 2890 2858 3'2);
2942 2803 3042 2841 nec
3090 2787 3371 2860 intelligis
3419 2787 3560 2860 quid
3590 2789 3680 2844 fu-

2039 2897 2172 2934 mus
2205 2881 2261 2932 in
2297 2877 2581 2949 propheta
2610 2878 2630 2909 5
2671 2875 2960 2948 signiticet
3001 2875 3152 2931 560
3192 2875 3550 2932 locustarum
3579 2896 3592 2945 ;
3627 2881 3683 2933 et

2039 2969 2191 3039 quod
2228 2966 2599 3039 pulchritudo
2631 2964 2932 3020 oculorum
2963 2969 3198 3020 tuorum
3225 2964 3680 3022 amaritudinem

2039 3056 2181 3111 fumi
2216 3055 2398 3110 nostri
2430 3056 2578 3109 ferre
2611 3071 2724 3109 non
2759 3058 2968 3125 potest.

2109 3148 2197 3200 3'2.
2237 3147 2309 3199 De
2337 3151 2679 3199 sacramento
2710 3145 2769 3197 in
2812 3145 3041 3198 somnio.
3075 3175 3142 3182 —
3173 3143 3252 3198 De
3302 3144 3546 3201 crimine
3576 3162 3678 3200 au-

2037 3241 2151 3289 tem
2191 3232 2452 3304 perjurii,
2483 3233 2621 3303 quia
2651 3247 2743 3286 me
2774 3231 3025 3287 remittis
3074 3233 3144 3287 ad
3197 3233 3455 3288 codicem
3487 3238 3680 3304 tuum,

2035 3328 2091 3379 et
2123 3341 2192 3378 ex
2232 3337 2445 3391 magna
2477 3325 2638 3392 parte
2668 3319 2727 3374 in
2776 3320 2908 3375 aliis
2957 3320 3124 3376 libris
3178 3321 3284 3376 tibi
3331 3321 3678 3394 Calpurnio-

2039 3429 2152 3484 que
2183 3413 2203 3445 δ
2237 3409 2550 3480 respondi:
2587 3426 2742 3463 nunc
2773 3409 3021 3464 breviter
3066 3409 3285 3465 dixisse
3317 3411 3591 3476 sufﬁciat,
3633 3416 3692 3467 te

2041 3501 2268 3570 exigere
2309 3515 2342 3552 a
2375 3497 2698 3553 dormiente
2729 3498 2884 3567 quod
2914 3514 3218 3567 nunquam
3256 3497 3506 3569 vigilans
3540 3515 3691 3570 prai-

2045 3587 2268 3644 stitisti.
2303 3585 2494 3656 Magni
2525 3583 2788 3638 criminis
2820 3600 2954 3638 reus
2987 3601 3141 3650 sum,
3175 3585 3223 3639 si
3257 3585 3465 3655 puellis
3495 3591 3552 3640 et
3579 3587 3692 3641 vir-

2047 3676 2284 3748 ginibus
2316 3673 2528 3727 Christi
2563 3672 2677 3726 dixi
2711 3671 3017 3726 saeculares
3051 3672 3230 3727 libros
3252 3689 3366 3726 non
3389 3672 3686 3745 legendos,

2049 3771 2105 3819 et
2137 3780 2229 3817 me
2272 3762 2327 3815 in
2365 3759 2589 3816 somnis
2620 3759 3042 3815 commonitum
3077 3760 3415 3831 promisisse
3441 3778 3513 3817 ne
3540 3761 3691 3835 lege-

2054 3888 2126 3942 ab
2159 3883 2526 3957 auditoribus
2559 3882 2684 3936 suis
2722 3883 2932 3957 exegit.
2957 3883 3396 3957 Hermagoram,
3429 3886 3530 3957 qui
3560 3885 3696 3942 sub-

2056 3958 2344 4029 sequitur,
2379 3955 2638 4029 Carium,
2666 3971 2706 4029 _a
2735 3955 3034 4029 quoiidem
3082 3955 3292 4012 Suidas
3343 3955 3696 4029 peculiarem

2059 4025 2880 4098 institutamrtraditdicendi
2929 4025 3235 4098 rationem,
3294 4025 3472 4098 quam
3515 4028 3701 4084 secuti

2059 4106 2198 4179 sunt
2228 4097 2516 4179 plurimi.
2555 4096 2693 4178 .Vid
2753 4097 3197 4179 Quintilianum.
3255 4096 3528 4179 Gorgiam
3566 4115 3700 4179 vero

2065 4166 2436 4231 Leontinum,
2472 4166 2570 4239 qui
2603 4168 2828 4239 primus
2857 4167 3071 4222 dicitur
3098 4169 3342 4239 Athenis
3376 4166 3443 4224 in
3474 4167 3701 4226 theatro

2063 4260 2244 4299 ausus
2275 4235 2915 4310 dicere—auditoribus,
2976 4235 3339 4310 προοάλλετε,
3398 4239 3538 4306 sive,
3595 4257 3705 4310 qua

2063 4317 2126 4370 de
2156 4331 2214 4368 re
2245 4315 2364 4384 quis
2402 4327 2470 4366 ue
2502 4311 2665 4366 vultis
2694 4309 2891 4364 audire
2926 4309 3233 4381 proponite.
3283 4310 3383 4366 I-lis
3432 4309 3708 4367 omnibus

2067 4390 2327 4438 comuuat
2355 4331 2630 4438 [lutinum
2664 4381 3066 4438 Hieronvmus.

2067 4384 2970 4536 ωῗῗιῖἓῶῗοῐῇιίξὲιῗέᾙεῗ
2979 4399 3370 4536 “Ehochabas.
3395 4453 3576 4536 apud
3589 4454 3709 4535 ,Ευ-

2070 4528 2297 4583 sebium
2321 4527 2421 4580 lib.
2470 4543 2524 4589 v,
2548 4543 2674 4596 cap.
2697 4526 2750 4591 6,
2772 4525 3194 4598 et_Salmoneus
3221 4525 3373 4598 apud
3392 4524 3707 4598 Virgilium

2070 4599 2327 4653 invenitu
2341 4616 2382 4650 r.
2401 4598 2686 4650 MARTIAN.
2705 4628 2768 4636 --
2782 4596 2866 4649 Ab
2883 4597 3147 4662 Eusebio,
3169 4614 3202 4651 a
3218 4596 3333 4667 quo
3347 4596 3590 4653 historia
3610 4597 3712 4650 ist-

2070 4671 2186 4740 hzec
2223 4676 2493 4722 narratur
2523 4668 2624 4740 lib.
2660 4685 2734 4731 ιν,
2766 4684 2817 4740 c.
2850 4669 2933 4740 6,,
2959 4669 3379 4732 Barchochebas,
3405 4673 3709 4740 ᾒᾳρχῳχε-

2069 4735 2167 4863 ῗνῖς
2201 4741 2447 4863 dicitpr.1
2485 4727 2776 4793 Salmonei
2817 4727 3127 4793 notissima
3175 4740 3327 4810 apud
3364 4727 3376 4732 ⁷
3404 4727 3713 4808 Virgilium

2095 4831 2107 4863 ι
2161 4829 2258 4863 .ιί
2314 4827 2425 4863 εωυ
2457 4826 2506 4862 a.

2071 4813 2172 4867 lib.
2204 4829 2258 4865 νι
2292 4813 2506 4864 tabula.

2141 4884 2160 4916 ⁵
2189 4883 2474 4938 Joannem
2508 4881 2564 4933 in
2599 4878 2964 4951 Apocalypsi,
3011 4881 3180 4949 cujus
3221 4878 3422 4934 isthmc
3444 4882 3604 4951 sunt,
3637 4881 3719 4932 De

2069 4960 2224 5025 fumo
2253 4955 2408 5025 putei
2436 4954 2692 5007 coierunt
2724 4949 2942 5005 [caietae
2988 4953 3042 5004 in
3101 4954 3329 5020 terram,
3379 4953 3428 5005 et
3483 4949 3616 5005 data
3645 4957 3725 5004 est

2073 5027 2192 5081 illis
2223 5033 2470 5089 potestas,
2508 5026 2615 5077 etc.

2147 5044 2192 5079 τις
2225 5044 2449 5080 νωθείας
2508 5044 2615 5077 ϐω.

2143 5100 2163 5132 δ
2193 5044 2337 5170 Iiinc
2370 5065 3180 5170 licetintclligcrediversum
3213 5109 3246 5146 a
3286 5092 3496 5147 Ruﬁno
3518 5091 3718 5170 homi-

2075 5186 2206 5223 nem
2240 5165 2534 5237 Calpurnii
2572 5163 2804 5237 nomine
2835 5163 2940 5217 abs
2971 5163 3317 5237 Hieronymo
3340 5164 3554 5228 notari,
3587 5179 3728 5237 cpn-

2074 5246 2164 5293 tra
2195 5233 2370 5309 quam
2417 5235 2587 5309 vulgo
2639 5234 2898 5309 sentiunt
2954 5233 3203 5309 eruditi;
3249 5237 3358 5309 Hic
3413 5251 3584 5309 porro
3613 5233 3742 5309 loci

2074 5305 2367 5385 Victorius
2398 5306 2492 5385 vel
2526 5305 2957 5385 Apronianum,
3006 5305 3093 5361 vel
3151 5305 3744 5385 Macarium,_Ruiini

2075 5381 2316 5446 amicos,
2344 5379 2429 5433 vel
2462 5374 2714 5446 denique
2736 5375 3082 5445 Palladium,
3109 5378 3260 5448 quod
3287 5377 3463 5433 etiam
3486 5378 3550 5440 Ο.
3579 5374 3760 5429 Mar‘

2077 5453 2320 5506 tianzeus
2352 5449 2705 5520 suspicatur,
2747 5448 3036 5518 intelligit,
3091 5448 3189 5503 Ille
3240 5449 3395 5520 idem
3427 5450 3582 5502 certe
3612 5450 3772 5520 est‘

2077 5540 2252 5603 quem
2287 5522 2344 5576 in
2379 5513 2628 5603 epistola
2662 5521 2733 5573 ad
2767 5513 3054 5603 Magnum
3077 5519 3356 5603 suggillet
3377 5513 3792 5603 eo‘ngniigg:

2075 5589 2222 5650 Vide
2255 5611 2380 5666 quae
2409 5589 2468 5647 in
2511 5591 2679 5647 illum
2727 5589 2984 5666 epistolae
3042 5589 3235 5650 locum
3285 5589 3824 5657 ειὼλοῒιιινίιιιιιεκ
