4110 6162
399 266 526 343 8GB

1550 340 1555 344 .
1638 270 1708 348 Β.
1723 273 2054 345 -ΕΠΞΕΒῘῙ
2072 271 2572 340 SHIERGNYMI.’
2595 297 2602 326 ε

402 425 550 473 rem.
582 413 917 487 Tuanavis,
944 419 1224 476 Romanis
1255 419 1384 476 urbi
1418 419 1765 486 revelatione
1795 418 2044 491 promis-
2075 409 2131 477 A
2158 412 2697 485 interpretationem
2737 429 2929 471 meam
2991 429 3176 472 ausus
3231 416 3322 470 est
3376 411 3435 469 in
3451 407 3625 469 libris
3671 425 3797 485 περι

401 521 473 564 ea
502 507 542 576 ¹,
575 506 732 563 aliud
768 508 1094 579 pollicetur,
1126 513 1184 565 et
1213 510 1372 565 aliud
1394 510 1591 565 efﬁcit.
1617 507 2048 564 Mathematicu-

404 612 539 651 rum
571 601 806 653 venerat
858 599 1077 654 solvere
1127 601 1501 670 quaestiones,
1548 603 1604 654 et
1650 597 1822 654 solvit
1870 597 2046 651 ﬁdem

403 685 890 742 Christianorum.
925 690 1058 754 Quae
1089 707 1193 761 per
1224 690 1449 744 Ionium
1481 693 1537 743 et
1559 689 1823 759 ngeum,
1851 685 2049 740 Adria-

404 774 589 830 ticum
624 779 800 846 atque
821 777 1185 848 Tyrrhenum
1220 779 1324 848 [AL
1375 777 1599 832 additur
1647 776 1827 846 mare]
1860 773 2046 846 plenis

397 868 746 919 .cucurrerat
799 864 963 934 velis,
1032 865 1092 920 in
1149 869 1406 920 Romano
1459 869 1630 936 portu
1671 863 2080 935 naufragium.

405 951 565 1007 fecit.
599 953 798 1008 Nonne
829 958 884 1008 te
915 955 1094 1024 pudet
1125 953 1455 1008 istiusmodi
1499 952 1880 1008 deliramenta
1911 967 2045 1006 con-

409 1040 664 1110 quirere,
695 1045 752 1096 et
776 1041 919 1095 mihi
946 1041 1163 1096 similia
1190 1041 1502 1112 objiciendi
1524 1041 1824 1113 imponere
1854 1055 2048 1096 neces-

409 1129 644 1185 sitatem
667 1131 694 1183 ?
722 1131 878 1193 Esto,
904 1130 1055 1185 alius
1085 1131 1155 1186 de
1185 1136 1242 1186 te
1274 1131 1566 1186 somnium
1588 1131 1814 1185 viderat
1833 1129 2046 1200 glorio-

407 1233 580 1282 sum;
621 1219 980 1272 verecundiae
1020 1224 1130 1273 tua:
1164 1220 1351 1276 fuerat
1394 1225 1451 1275 et
1498 1220 1818 1292 prudentiae
1869 1218 2047 1273 dissi-

406 1304 634 1362 mulare
699 1307 852 1376 quod
924 1308 1214 1375 audieras,
1285 1312 1340 1363 et
1407 1326 1545 1378 non,
1615 1308 1784 1380 quasi
1836 1324 2046 1380 magno

406 1393 763 1460 testimonio,
825 1394 1067 1452 alterius
1127 1399 1357 1452 somnio
1409 1397 1667 1469 gloriari.
1725 1396 1869 1452 Vide
1906 1395 2047 1467 quid

404 1480 560 1536 inter
598 1485 725 1538 tum
765 1487 824 1540 et
879 1500 1077 1539 meum
1134 1485 1368 1540 intersit
1420 1486 1736 1541 somnium.
1796 1486 1914 1555 Ego
1957 1500 2048 1538 me

405 1569 710 1626 humiliter
747 1572 1169 1643 reprehensum
1209 1575 1413 1641 refero,
1444 1579 1506 1629 tu
1530 1575 1822 1644 jactanter
1845 1572 2049 1627 lauda-

402 1662 532 1716 tum
599 1663 656 1716 te
713 1677 842 1716 esse
881 1662 1277 1733 congeminas.
1309 1664 1424 1719 Nec
1455 1663 1646 1719 dicere
1678 1666 1859 1733 potes,
1891 1660 2047 1716 Nihil

403 1763 538 1804 mea
576 1749 750 1804 refert
782 1749 918 1821 quid
955 1750 1105 1806 alius
1143 1752 1372 1818 viderit,
1402 1768 1535 1806 cum
1568 1752 1627 1806 in
1658 1749 2051 1806 luculentissi-
2080 1774 2129 1840 Β

403 1837 520 1893 mis
561 1837 726 1892 libris
757 1840 875 1894 tuis
906 1838 1015 1894 hoc
1044 1843 1101 1895 te
1127 1841 1199 1895 ad
1228 1841 1730 1912 interpretandum
1763 1839 1925 1894 dicas
1959 1856 2047 1894 ra-

403 1926 566 1982 tione
602 1932 986 1994 commotum,
1018 1945 1089 1983 ne
1125 1929 1211 1983 vir
1251 1929 1494 1985 illustris
1542 1930 1612 1984 de
1661 1931 1717 1984 te
1746 1928 2044 1984 somnium

404 2016 691 2086 perderet.
727 2016 830 2072 Hic
869 2020 960 2073 est
988 2017 1181 2073 omnis
1212 2023 1456 2073 conatus
1485 2022 1662 2084 tuus;
1705 2017 1754 2072 si
1797 2034 1890 2072 me
1919 2033 2046 2089 per-

399 2103 634 2174 jurium
675 2104 964 2173 docueris,
997 2110 1059 2161 tu
1091 2106 1400 2162 hareticus
1431 2123 1546 2161 non
1592 2107 1727 2161 eris.

479 2194 571 2248 33.
602 2194 679 2248 De
708 2194 1029 2262 inﬁdelitate
1065 2195 1370 2250 calumnia.
1404 2226 1471 2236 —-
1501 2195 1682 2250 Venio
1725 2195 1795 2250 ad
1829 2195 2049 2266 gravis-

410 2282 909 2349 simumcrimem,
929 2285 987 2338 in
1007 2300 1144 2355 quo,
1169 2289 1298 2356 post
1316 2284 1716 2340 reconciliatus
1734 2283 2049 2350 amicitias,

407 2386 504 2426 me
532 2369 898 2427 inﬁdelitatis
939 2389 1199 2428 accusas.
1236 2374 1461 2438 Fateor,
1502 2374 1655 2427 inter
1693 2375 1901 2427 cuncta
1929 2388 2049 2426 ma-

406 2458 638 2523 ledicta,
672 2476 800 2525 quae
850 2459 940 2515 vel
990 2461 1216 2532 objicis,
1257 2461 1343 2515 vel
1385 2461 1658 2528 minaris,
1707 2459 1856 2515 nihil
1899 2477 1932 2514 a
1960 2476 2053 2514 me

406 2546 489 2602 ita
519 2546 920 2618 repellendum
951 2553 1043 2604 est
1073 2565 1251 2619 quam
1283 2550 1463 2616 fraus,
1498 2549 1691 2612 dolus,
1713 2547 2050 2604 inﬁdelitas.

401 2636 654 2702 ,Peccare
685 2635 840 2690 enim
871 2636 1130 2693 hominis
1167 2643 1292 2694 est:
1345 2637 1593 2694 insidias
1635 2638 1896 2705 tendere,
1929 2637 2054 2690 dia-

408 2720 549 2776 boli.
581 2727 727 2794 Ergo
759 2724 886 2779 ideo
918 2724 977 2780 in
1015 2726 1326 2781 Anastasi2
1373 2725 1678 2781 immolato
1727 2742 1878 2797 agno
1918 2725 2052 2778 dex-

408 2814 562 2866 teras
604 2811 926 2882 junximus,
986 2818 1052 2869 ut
1111 2815 1256 2871 561
1319 2819 1452 2870 tuas
1504 2815 1699 2869 Romae
1743 2811 2054 2869 schedulas

407 2900 741 2966 iurarentur
771 2901 796 2954 ?
830 2905 892 2958 ut
923 2902 1174 2958 immissi
1203 2918 1378 2959 canes
1398 2903 1798 2958 inemendatas
1820 2901 2054 2956 chartu-

410 2985 518 3056 las,
554 2992 610 3044 te
639 2989 982 3058 dormiente,
1039 2993 1461 3048 corroderenti’
1507 2995 1573 3046 Et
1620 2991 1728 3046 hoc
1778 2987 2053 3045 credibile

414 3081 503 3132 est
533 3081 665 3133 ante
697 3096 802 3134 nos
836 3087 1204 3136 accusatores
1234 3097 1491 3152 parasse,
1520 3097 1695 3149 quam
1739 3084 1800 3133 tu
1832 3077 2051 3133 crimen

2158 502 2350 575 Ἀρκῦν
2386 503 2602 576 stylum
2634 504 2858 576 ﬁgere?
2886 504 3039 559 Num
3071 506 3120 560 si
3148 517 3474 560 erraveram
3515 505 3581 556 ut
3600 500 3796 562 homo,

2156 592 2411 648 debuisti
2441 609 2536 647 me
2573 593 2814 664 privatis
2843 593 3054 648 litteris
3083 592 3415 660 convenire,
3445 595 3502 646 et
3531 590 3617 647 sic
3651 589 3799 645 mihi

2159 680 2434 744 blandiri,
2466 682 2759 752 quomodo
2787 686 2845 736 et
2864 697 2969 754 ego
2985 681 3093 737 tibi
3118 681 3348 736 nuncin
3368 679 3631 752 epistolis
3653 678 3800 735 meis

2158 768 2429 825 blandior
2447 770 2475 824 ?
2509 793 2537 819 ››
2569 770 2698 826 Haec
2727 774 2848 826 tota
2870 787 2998 826 mea
3017 770 3191 842 culpa
3207 774 3317 836 est,
3337 785 3520 840 quare
3541 769 3804 826 subdolis

2159 857 2434 914 laudibus
2474 861 2788 915 accusatus
2827 875 3078 932 purgare
3117 873 3209 915 me
3239 859 3414 927 volui,
3450 858 3647 914 ethoc
3678 858 3806 916 sine

2159 946 2379 1002 invidia
2410 947 2670 1003 nominis
2697 946 2783 1002 tui
2814 964 2827 1002 :
2862 952 2928 1003 ut
2957 948 3110 1019 quod
3131 953 3195 1003 tu
3218 947 3378 1003 solus
3399 963 3800 1014 accusaveras,

2158 1035 2228 1090 ad
2264 1035 2482 1091 multos
2516 1037 2810 1101 referrem,
2867 1054 2980 1092 non
3032 1037 3138 1092 tibi
3191 1037 3461 1093 haeresim
3491 1037 3804 1108 objiciens,

2158 1124 2258 1178 sed
2289 1141 2323 1179 a
2344 1140 2436 1180 me
2461 1124 2770 1198 repellens.
2796 1126 3074 1197 Nunquid
3095 1126 3236 1182 scivi
3261 1127 3416 1198 quod
3444 1126 3798 1194 irascereris,

2158 1213 2204 1267 si
2239 1217 2439 1268 contra
2468 1213 2775 1270 haereticos
2806 1215 3166 1271 scriberem?
3199 1214 3438 1271 Dixeras
3467 1219 3525 1271 te
3565 1216 3638 1272 de
3671 1217 3803 1272 Ori-

2157 1302 2323 1373 genis
2354 1301 2521 1357 libris
2549 1302 2824 1358 haeretica
2853 1303 3165 1360 sustulisse
3189 1322 3202 1359 :
3234 1304 3517 1360 fautorem
3547 1309 3608 1360 te
3629 1305 3806 1361 haere-

2155 1390 2407 1445 ticorum
2430 1391 2549 1459 jam
2585 1407 2700 1447 non
2729 1407 2859 1448 esse
2889 1393 3220 1462 credebam,
3253 1397 3310 1448 et
3336 1392 3467 1449 ideo
3493 1410 3612 1449 non
3645 1394 3800 1462 inte,

2158 1479 2259 1533 sed
2289 1478 2348 1534 in
2379 1479 2684 1536 haereticos
2716 1480 2978 1536 invectus
3003 1498 3132 1537 sum
3163 1481 3261 1548 ;in
3284 1495 3398 1554 quo
3421 1482 3471 1538 si
3491 1482 3804 1540 vehemen-

2159 1565 2274 1621 tior
2303 1565 2409 1633 fui,
2443 1567 2682 1639 ignosce
2713 1569 2878 1624 mihi.
2921 1570 3143 1634 Putavi,
3185 1571 3341 1642 quod
3381 1574 3440 1626 et
3477 1571 3584 1626 tibi
3615 1571 3802 1644 place-

2162 1671 2307 1710 rem.
2343 1655 2519 1712 Furto
2553 1660 2608 1710 et
2638 1657 2870 1714 insidiis
2909 1658 3313 1715 ministrorum
3362 1675 3628 1716 meorum
3661 1657 3805 1716 dicis

2163 1743 2473 1799 schedulas
2500 1749 2635 1800 tuas
2679 1746 2738 1800 in
2787 1746 3089 1818 publicum
3135 1747 3393 1819 prolatas
3439 1750 3642 1817 fuisse,
3677 1766 3803 1822 quae

2163 1832 2434 1888 latebant
2463 1833 2523 1888 in
2575 1833 2850 1890 cubiculo
2902 1840 3024 1902 tuo,
3073 1837 3169 1892 vel
3219 1838 3371 1908 apud
3422 1853 3552 1894 cum
3607 1839 3803 1895 solum

2161 1926 2330 1976 erant
2360 1923 2461 1994 qui
2492 1939 2615 1979 rem
2646 1924 2759 1979 sibi
2790 1925 2912 1996 geri
2960 1926 3315 1996 injunxerat,
3366 1927 3513 1983 582
3558 1929 3627 1983 Et
3643 1942 3802 1999 quo»

2163 2010 2336 2066 modo
2366 2028 2545 2083 supra
2594 2013 2892 2070 conﬁteris
2947 2015 3099 2086 quod
3159 2019 3262 2070 aut
3315 2014 3515 2071 nullus
3570 2032 3670 2072 eas
3700 2017 3807 2071 ha—

2161 2099 2377 2167 buerit,
2411 2105 2513 2155 aut
2551 2102 2874 2158 admodum
2919 2103 3136 2175 pauci?
3189 2103 3249 2159 Si
3299 2103 3358 2160 in
3408 2103 3678 2160 cubiculo
3705 2110 3807 2162 tuo

2161 2186 2441 2255 latebant,
2493 2206 2610 2261 qua
2666 2191 2892 2247 ratione
2943 2192 3096 2264 apud
3154 2207 3288 2248 eum
3336 2198 3504 2249 erant
3551 2194 3653 2266 qui
3694 2194 3808 2251 sibi

2161 2292 2284 2331 rem
2318 2277 2440 2348 geri
2471 2278 2845 2349 injunxerat?
2873 2280 2977 2336 Sin
3007 2285 3202 2336 autem
3249 2298 3403 2336 unus
3449 2282 3542 2337 cui
3576 2283 3807 2355 scripta

2163 2363 2398 2420 fuerant
2427 2366 2809 2424 occultandas
2839 2374 3194 2440 susceperat,
3228 2385 3364 2442 ergo
3402 2387 3520 2425 non
3551 2370 3812 2428 latebant

2162 2458 2391 2510 tantum
2423 2454 2480 2509 in
2515 2456 2790 2512 cubiculo
2819 2462 2940 2525 tuo,
2974 2474 3079 2514 nec
3110 2457 3445 2515 habuerunt
3473 2475 3572 2515 eas
3613 2461 3805 2532 pauci,

2162 2559 2310 2614 quos
2337 2542 2613 2601 habuisse
2631 2550 2888 2602 testatus
2935 2564 3015 2602 es.
3068 2548 3244 2603 Furto
3291 2547 3556 2603 sublatas
3587 2550 3807 2621 arguis,

2161 2635 2219 2685 et
2249 2649 2486 2688 rursum
2518 2639 2748 2706 emptas
2780 2636 2987 2706 grandi
3017 2636 3266 2707 pecunia
3292 2641 3350 2692 et
3377 2636 3626 2693 inﬁnitis
3656 2655 3808 2694 mer-‘-

2163 2719 2332 2774 cibus
2362 2721 2719 2778 criminaris.
2762 2724 2825 2779 In
2877 2740 2994 2778 una
3031 2740 3113 2789 re,
3145 2727 3203 2779 et
3250 2725 3309 2779 in
3359 2741 3534 2797 parva
3561 2727 3811 2798 epistola

2163 2814 2386 2878 quanta
2416 2811 2663 2867 varietas
2690 2817 2749 2868 et
2778 2811 3142 2869 dissonantia
3181 2814 3500 2870 mentiendi
3533 2814 3544 2868 l
3582 2813 3714 2870 Tibi
3741 2816 3809 2871 li-

2163 2901 2253 2952 cet
2289 2914 2586 2968 accusare,
2619 2901 2765 2955 mihi
2797 2901 3108 2957 defendere
3135 2918 3249 2957 non
3277 2901 3521 2958 licebit?
3564 2900 3808 2969 Quando

2161 2985 2520 3055 criminaris,
2551 2989 2808 3046 amicum
2842 3006 2955 3045 non
3002 2990 3244 3062 cogitas.
3294 2991 3538 3056 Quando
3568 2987 3808 3064 respon-

2161 3073 2290 3143 deo,
2323 3079 2464 3131 tunc
2493 3077 2598 3132 tibi
2625 3079 2728 3148 jus
2759 3078 3028 3134 amicitiae
3068 3078 3128 3134 in
3181 3084 3434 3134 mentem
3478 3081 3656 3137 venit.
3678 3082 3810 3151 *Dic,

417 3165 800 3222 admitteres?
829 3168 1063 3223 Scilicet
1091 3145 1442 3224 noveramus
1472 3145 1612 3239 quid
1643 3167 1697 3221 in
1722 3165 1918 3224 animo
1942 3163 2057 3219 vol-
2087 3145 2129 3212 Ο
2167 3179 2266 3218 oro
2297 3168 2375 3232 te,
2408 3163 2685 3221 celandas
2715 3166 3031 3222 schedulas
3062 3167 3404 3239 scripseras,
3457 3186 3528 3224 an
3561 3170 3810 3242 prodeu-

418 3254 622 3310 veres?
651 3255 792 3326 quid
825 3255 978 3312 alius
1004 3257 1074 3310 de
1113 3261 1170 3311 te
1213 3256 1541 3312 somniatus
1573 3260 1726 3310 esset
1753 3255 1820 3310 8?
1850 3258 1915 3309 ut
1945 3253 2056 3308 im-

415 3341 676 3412 pleretur
704 3343 764 3397 in
794 3347 850 3398 te
879 3359 1130 3416 graecum
1165 3343 1558 3414 proverbium,
1596 3347 1655 3398 et
1703 3345 1807 3413 [Αι.
1839 3343 1924 3412 ut]
1952 3357 2056 3396 sus

420 3430 655 3487 doceret
685 3432 1026 3488 Minervam.
1060 3431 1121 3489 Si
1152 3432 1467 3487 Eusebium
1497 3447 1602 3504 ego
1623 3432 1694 3487 ad
1717 3431 2052 3486 Intrandum

418 3518 717 3588 miseram,
759 3520 893 3591 quis
943 3521 1166 3576 Aterbii
1233 3522 1384 3592 [mea
1444 3521 1659 3576 Atarvii
1715 3524 1765 3575 et
1816 3518 2053 3586 Atarbii]

415 3613 617 3674 contra
649 3612 701 3664 te
731 3613 788 3664 et
816 3613 1155 3666 caeterorum
1197 3609 1418 3666 rabiem
1471 3609 1825 3665 concitavit?
1855 3609 2056 3664 Nonne

411 3696 509 3752 ille
539 3700 627 3753 est
665 3698 765 3769 qui
797 3703 854 3752 et
885 3715 978 3754 me
1007 3698 1343 3755 haereticum
1375 3715 1443 3753 ex
1487 3699 1603 3753 tuis
1653 3697 1926 3753 amicitiis
1949 3698 2052 3769 ju-

411 3784 689 3852 dicabat?
718 3786 822 3842 Cui
852 3804 986 3844 cum
1033 3787 1451 3844 satisfecissem
1499 3787 1876 3843 damnatione
1907 3787 2054 3858 dog—-

410 3875 638 3927 matum
668 3873 955 3946 Origenis,
988 3880 1049 3929 tu
1099 3875 1336 3931 clausus
1382 3876 1541 3931 domi
1582 3893 1883 3948 nunquam
1917 3892 2051 3930 eum

409 3959 604 4014 videre
637 3977 819 4016 ausus
857 3979 939 4030 es,
977 3979 1046 4016 ne
1079 3967 1178 4018 aut
1223 3964 1533 4022 damnares
1584 3966 1737 4037 quod
1791 3963 2049 4028 nolebas,

409 4052 510 4104 aut
535 4053 732 4120 aperte
764 4049 1041 4108 resistens
1073 4053 1359 4110 haereseos
1389 4054 1672 4109 invidiam
1705 4052 2048 4109 sustineres.

408 4141 497 4192 An
529 4137 744 4194 idcirco
775 4140 944 4196 testis
975 4147 1178 4198 contra
1223 4146 1278 4197 te
1326 4159 1454 4198 esse
1484 4159 1598 4197 non
1650 4140 1880 4214 poterit,
1913 4140 2053 4211 quia

408 4232 714 4284 accusator
742 4231 827 4285 tui
856 4235 945 4287 est
964 4230 991 4286 ?
1019 4234 1346 4304 Antequam
1401 4237 1643 4288 sanctus
1688 4229 2050 4303 Epiphanius

404 4317 659 4374 veniSset
689 4319 1171 4393 Hierosolymam,
1221 4325 1278 4376 et
1325 4337 1422 4376 ore
1469 4320 1706 4391 quidem
1756 4323 1813 4374 et
1851 4318 2049 4374 osculo

404 4406 508 4461 tibi
544 4424 746 4477 pacem
778 4410 961 4478 daret,
996 4409 1148 4464 mala
1179 4414 1374 4464 autem
1401 4413 1457 4464 et
1476 4407 1640 4463 dolos
1664 4407 1722 4462 in
1749 4424 1854 4462 suo
1876 4409 2050 4464 corde

2167 3251 2273 3307 das
2293 3252 2320 3307 ?
2350 3253 2400 3307 si
2435 3258 2498 3308 ut
2527 3254 2768 3327 ctlares,
2800 3271 2906 3311 cur
2935 3256 3222 3328 scripsisti
3247 3256 3275 3310 ?
3303 3257 3354 3313 si
3399 3262 3465 3313 ut
3512 3259 3808 3330 prodene's,

2167 3356 2272 3395 cur
2300 3341 2529 3399 celabas
2549 3343 2577 3398 ’ἲ

2233 3430 2324 3484 35.
2361 3432 2515 3487 Cavit
2559 3435 2921 3504 suspicionem
2968 3435 3350 3507 hypocryseos.
3391 3466 3460 3474 —
3489 3435 3608 3490 Sed»
3653 3435 3812 3492 in-eo

2166 3520 2682 3590 reprehendendus
2711 3539 2866 3592 sum,
2899 3539 3078 3594 quare
3107 3529 3478 3580 accusatores
3519 3529 3660 3580 tuos
3674 3525 3816 3581 ami-

2165 3623 2264 3662 cos
2295 3625 2454 3664 meos
2485 3627 2601 3665 non
2629 3611 3012 3666 coercuerim.
3052 3611 3161 3667 Vis
3184 3612 3288 3666 tibi
3329 3612 3622 3683 proferam
3655 3612 3815 3670 litte-

2166 3711 2261 3750 ras
2291 3713 2519 3766 eorum,
2567 3699 2629 3753 in
2680 3699 2896 3771 quibus
2954 3715 3046 3755 me
3102 3700 3475 3772 hypocriseos
3531 3706 3812 3774 arguunt,

2165 3784 2319 3854 quod
2352 3791 2409 3840 te
2459 3787 2649 3842 sciens
2693 3787 3053 3853 haereticum,
3103 3787 3426 3855 tacuerim;
3472 3791 3630 3858 quod
3663 3791 3814 3845 dum

2165 3888 2364 3942 pacem
2415 3875 2982 3949 incautus.praebeo,
3017 3876 3302 3932 intestina,
3340 3877 3603 3934 Ecclesiae
3649 3877 3816 3933 bella

2164 3963 2443 4034 suscepi?
2471 3965 2556 4019 Tu
2589 3964 2908 4036 discipulos
2947 3981 3135 4032 vocas,
3169 3966 3269 4037 qui
3323 3982 3417 4022 me
3464 3970 3630 4022 tuum
3662 3977 3816 4022 cun;

2164 4048 2521 4122 discipulum
2555 4053 2951 4123 suspicantur.
2987 4054 3053 4110 Et
3090 4055 3228 4126 quia
3258 4055 3486 4126 parcior
3517 4055 3597 4110 fui
3629 4055 3690 4110 in
3721 4071 3815 4111 re-

2165 4138 2430 4194 fellendis
2462 4139 2740 4194 laudibus
2773 4142 2912 4209 tuis,
2947 4147 3155 4214 putant
3183 4159 3276 4199 me
3305 4148 3475 4199 tuum
3507 4160 3636 4200 esse
3657 4161 3818 4217 sym-

2163 4233 2410 4300 mysten.
2446 4228 2564 4284 Hoc
2596 4229 2741 4284 mihi
2773 4231 3046 4300 praestitit
3077 4231 3354 4304 prologue
3380 4237 3540 4301 tuus,
3577 4237 3643 4287 ut
3675 4232 3816 4305 plus

2163 4332 2257 4370 me
2303 4317 2530 4371 amicus
2577 4316 2815 4373 laederes
2862 4336 3040 4390 quam
3101 4320 3396 4377 inimicus.
3447 4321 3642 4378 Semel
3695 4322 3811 4378 sibi

2161 4410 2574 4475 persuaserant
2603 4411 2778 4472 (recte
2809 4425 2881 4463 an
2932 4425 3236 4481 perperam
3286 4410 3397 4481 ipsi
3444 4411 3720 4481 viderint)
3752 4417 3814 4468 te

402 4499 690 4560 servaret;
727 4502 1039 4568 antequam
1077 4513 1182 4552 nos
1213 4496 1265 4551 ei
1304 4495 1775 4568 suggillationem
1807 4495 1894 4550 tui
1925 4497 2126 4576 epi-_D
2158 4512 2286 4551 esse
2318 4495 2674 4553 haereticum.
2705 4497 2765 4552 Si
2797 4497 3107 4553 defendere
3153 4499 3408 4564 voluero,
3456 4499 3567 4556 hoc
3609 4493 3812 4556 solum

401 4581 579 4638 stolas
621 4580 1001 4650 dictarem'us,
1053 4591 1116 4639 ut
1165 4585 1500 4639 hrereticum
1551 4583 1836 4639 scriberet
1875 4602 2048 4658 quem

400 4672 616 4728 osculis
674 4671 1063 4728 orthodoxum
1133 4672 1553 4744 comprobavit,
1618 4673 1896 4729 Aterbius
1938 4675 2044 4746 [AL

399 4760 687 4832 Atervius]
721 4765 921 4816 contra
967 4765 1022 4815 te
1073 4761 1322 4816 latrabat
1343 4761 1799 4835 Hierosolymis;
1849 4769 1901 4819 et
1934 4763 2046 4819 nisi

401 4850 512 4903 cito
543 4849 804 4917 abiisset,
847 4850 1129 4924 sensisset
1168 4849 1442 4904 baculum
1493 4869 1607 4906 non
1652 4851 2040 4918 litterarum‘,

399 4937 501 4992 sed
552 4939 795 4993 dexterae
854 4942 990 5008 tuae,
1048 4956 1164 5011 quo
1205 4943 1263 4993 tu
1306 4956 1479 4994 canes
1520 4940 1754 5014 abigere
1794 4955 2040 4995 consue-

397 5016 551 5078 visti.

469 5113 557 5166 34.
592 5113 666 5166 De
693 5113 962 5171 schedulis
990 5133 1102 5172 non
1141 5118 1460 5174 emendatis.
1494 5149 1563 5158 -
1595 5141 1621 5168 «
1657 5119 1790 5184 Cur,
1822 5117 2038 5190 inquit,

396 5197 637 5253 falsatas
683 5216 842 5255 meas
891 5203 1207 5261 schedulas
1259 5207 1615 5278 suscepisti?
1674 5207 1862 5270 Quare
1909 5211 2040 5278 post

464 5321 741 5402 [Scilicet
770 5323 1030 5402 Macarii,
1081 5331 1235 5398 quod
1283 5348 1462 5402 supra
1510 5331 1731 5397 irridet,
1785 5331 2033 5386 somnio.

462 5393 767 5473 {Pessime
797 5393 1192 5473 Martianaeus,
1239 5403 1300 5454 in
1343 5393 1635 5466 Anastasii,
1682 5393 1917 5473 quando
1948 5419 2035 5458 er-

394 5464 887 5542 roris.Vi_ctoArius_
956 5464 1283 5537 monuerat,
1357 5474 1457 5542 qui
1533 5464 1727 5528 Graece
1755 5473 2034 5527 ἀναστάεει

395 5536 710 5610 rescripsit.
746 5537 891 5610 Quid
940 5556 1112 5610 porro
1163 5536 1319 5596 esset
1366 5536 1665 5610 Anastasis,
1716 5545 1835 5600 sive
1884 5551 2034 5602 tem-

384 5608 707 5681 plum’aut
747 5608 909 5667 locus
943 5608 1421 5675 ’Resurrectionis
1473 5608 1812 5684 Dominicis,
1837 5633 2034 5688 supra

2162 4584 2464 4655 proﬁciam
2497 4590 2561 4641 ut
2590 4603 2684 4641 me
2715 4592 2911 4642 tecum
2945 4586 3161 4658 pariter
3199 4592 3496 4644 accusent.
3549 4589 3822 4660 Denique

2160 4674 2302 4728 mihi
2334 4674 2620 4744 objiciunt
2650 4675 3046 4730 laudationem
3079 4679 3265 4742 tuam,
3293 4681 3349 4731 et
3378 4682 3436 4731 te
3454 4693 3572 4732 non
3595 4681 3818 4750 putant

2158 4761 2437 4818 insidiose
2458 4765 2784 4837 scripsisse,
2818 4765 2919 4820 sed
2951 4781 3114 4820 vere:
3144 4768 3200 4820 et
3221 4767 3374 4836 quod
3397 4766 3536 4822 tuin
3549 4781 3643 4822 me
3663 4781 3820 4824 sem-

2155 4869 2256 4925 per
2269 4857 2403 4908 ante
2419 4852 2552 4910 laud
2564 4855 2705 4911 abas
2717 4897 2730 4923 ,
2751 4853 3121 4910 vehementer
3141 4853 3514 4912 insimulant.
3540 4855 3698 4922 Quid:
3709 4872 3811 4915 me

2151 4941 2240 4997 vis
2289 4942 2522 4999 facere?
2571 4947 2636 4999 ut
2683 4942 3012 5015 discipulos
3055 4947 3426 4999 accusatores
3477 4961 3580 5016 pro
3610 4945 3812 5000 teha-

2152 5030 2358 5087 beam:
2394 5038 2459 5087 ut
2488 5036 2752 5088 contorta
2780 5031 2840 5085 in
2881 5033 3139 5087 amicum
3183 5033 3404 5104 jacula,
3451 5048 3581 5089 meo
3611 5033 3815 5089 susci-

2150 5117 2310 5190 piam
2341 5125 2574 5191 pectore
2596 5119 2622 5172 ?

2219 5207 2309 5283 36.
2362 5207 2444 5264 De
2488 5205 2656 5261 libris
2705 5209 2898 5262 autem
2928 5227 3055 5283 περι
3085 5211 3276 5283 Ἀρκῦν
3330 5209 3508 5267 debes
3555 5210 3706 5267 mihi
3749 5216 3816 5269 et

2147 5332 2456 5387 docuimus
2487 5330 2588 5386 lib.
2624 5335 2825 5386 contra
2852 5331 3021 5388 Joan.
3071 5332 3457 5407 Hierosolym.
3504 5352 3672 5392 num.
3718 5340 3814 5406 11,

2226 5407 2267 5456 t.

2147 5419 2235 5506 n03
2263 5472 2444 5527 Vetus
2467 5471 2629 5536 edit.,
2665 5475 3036 5528 somniaturus
3065 5483 3220 5532 esset.

2217 5546 2237 5579 δ
2267 5543 2460 5599 Minus
2489 5543 2636 5598 bene
2670 5543 3065 5613 Martianaeus,
3112 5548 3480 5623 litterarium.
