4110 6162
1424 248 1737 317 CONTRA
1778 244 2141 316 RUFINUM
2184 244 2336 311 LIB.
2360 241 2485 312 ‘IIl.

3508 228 3633 308 ξιύέ

224 396 442 473 gratias
464 401 649 471 agere
672 393 712 454 ι.
742 396 832 454 Tu
864 394 1042 463 enim,
1075 397 1142 453 ut
1188 396 1355 464 diois,
1408 397 1579 451 noxia
1630 411 1874 468 quaeque
1904 388 1959 453 Α
1989 402 2103 441 non
2134 400 2395 473 possum.
2426 382 2573 473 nisi
2612 384 2679 473 iet
2735 378 3137 473 haereticorum
3182 379 3634 473 amicusg'fuem.

225 490 607 552 detruncans,
641 486 886 543 meliora
907 484 1175 559 posuisti.
1199 486 1318 558 Ego
1347 484 1431 539 ita
1459 489 1526 540 ut
1575 484 1877 540 habeban-

218 581 319 633 tur
346 577 408 633 in
440 575 1041 647 Grmco,expressi.Ex
1067 591 1182 646 quo
1212 580 1271 630 et
1296 579 1397 629 tua
1427 578 1665 646 apparet
1693 574 1837 628 ﬁdes
1864 592 1876 633 ς

226 672 279 725 et
307 668 442 737 ejus
474 681 648 738 quem
681 665 1099 736 interpretatus
1130 681 1212 730 es,
1261 663 1521 720 haeresis.
1576 663 1879 718 Scribeba-

231 761 328 813 tur
357 754 508 810 mihi
538 755 605 809 de
631 753 789 809 Urbe
819 770 853 807 a
880 753 1020 809 viris
1075 752 1474 824 (Pammachio
1528 757 1584 808 ct
1633 753 1883 821 Oceano)

238 847 299 902 in
320 836 555 899 Christo
585 841 894 913 praecipuis
920 860 933 897 :
968 842 1272 917 Responde
1302 842 1635 897 criminanti
1656 860 1681 909 ;'
1705 859 1776 897 ne
1834 842 1883 896 si

243 933 507 997 tacueris,
562 932 932 987 consensisse
996 930 1270 986 videaris.
1336 934 1603 987 Consona
1679 949 1882 987 omnes

245 1038 369 1079 voce
393 1021 737 1094 poscebant,
771 1025 837 1075 ut
866 1020 1134 1093 Origenis
1164 1020 1452 1076 versutias
1484 1020 1636 1077 568
1670 1021 1883 1092 prode-

237 1130 372 1177 rem,
407 1114 479 1166 ut
505 1111 593 1182 [Al
635 1111 715 1178 et]
741 1125 965 1165 venena
996 1109 1401 1167 haereticorum
1441 1110 1723 1166 Romanis
1782 1128 1883 1165 au-

233 1200 392 1256 ribus
424 1199 689 1256 cavenda
719 1203 1130 1254 monstrarem.
1165 1199 1313 1263 Quid
1337 1199 1444 1254 hoc
1474 1200 1544 1254 ad
1602 1199 1885 1270 injuriam

227 1295 390 1346 tuam
423 1288 685 1360 pertinet
712 1288 904 1344 ?Num
937 1287 1098 1343 solus
1144 1288 1562 1360 interpretatus
1609 1306 1671 1343 es
1742 1289 1888 1344 istos

226 1379 429 1447 libros,
463 1382 527 1433 et
557 1376 707 1433 alios
734 1376 913 1447 hujus
943 1376 1136 1448 Operis
1169 1394 1286 1432 non
1310 1376 1494 1432 habes
1526 1376 1839 1449 participes
1860 1378 1888 1432 ?

230 1466 514 1539 Nunquid
554 1469 615 1521 et
641 1472 704 1520 tu
728 1466 801 1521 de
833 1465 1215 1538 Septuaginta
1245 1466 1660 1538 interpretibus
1691 1484 1773 1535 es,
1824 1470 1890 1521 ut

224 1559 360 1628 post
387 1555 717 1611 editionem
745 1557 909 1609 tuam
940 1553 1071 1609 aliis
1118 1556 1437 1609 transferre
1480 1571 1593 1610 non
1650 1555 1821 1611 liceat
1861 1556 1889 1608 ‘I

227 1646 373 1704 Ecce
401 1649 463 1700 et
492 1660 603 1716 ego
636 1641 876 1709 multos,
907 1647 971 1697 ut
1001 1642 1172 1709 dicis,
1229 1640 1460 1699 libellos
1509 1644 1578 1698 de
1601 1644 1796 1699 Graeco
1826 1645 1887 1699 in

1988 474 2172 530 levius
2201 478 2333 529 tuas
2356 470 2695 527 inimicitias
2725 486 2900 543 quam
2933 470 3168 526 illorum
3202 470 3489 527 amicitias
3504 487 3635 527 sus-

1987 564 2203 619 tinebo.
3612 566 3613 569 η

2060 655 2149 708 38.
2186 659 2264 709 De
2294 653 2519 723 epistola
2550 652 2619 706 ad
2670 652 2948 721 Ruﬁnum.
3007 681 3075 692 —-
3130 651 3352 706 Novum
3404 668 3638 723 quoque

1993 759 2087 798 me
2116 746 2286 814 putas
2316 741 2555 796 ﬁnxisse
2584 742 2975 806 mendacium,
3010 744 3076 795 ut
3106 738 3411 812 epistolam
3461 743 3532 797 ad
3582 746 3640 797 te

1993 848 2122 887 meo
2154 831 2390 887 nomine
2426 845 2859 901 componerem,
2921 828 3087 900 quasi
3141 829 3279 884 olim
3340 829 3640 901 scriptam,

1994 938 2109 993 quo
2136 922 2324 975 bonus
2355 934 2482 974 esse
2512 918 2713 973 videar
2744 922 2798 973 et
2830 919 3167 987 modestus;
3204 936 3382 990 quam
3403 923 3465 975 tu
3497 934 3645 975 nun-

1995 1026 2171 1082 quam
2204 1008 2442 1065 omnino
2474 1008 2825 1079 susceperis.
2850 1012 2979 1063 Haec
3002 1025 3093 1064 res
3115 1009 3388 1080 perfacile
3410 1010 3642 1081 probari

1995 1104 2205 1171 potest.
2238 1098 2405 1154 Multi
2439 1099 2633 1154 Romae
2657 1099 2782 1168 ejus
2807 1098 3163 1170 exemplaria
3191 1099 3412 1154 habent
3438 1102 3479 1166 ³,
3509 1104 3646 1156 ante

1994 1189 2104 1244 hoc
2137 1188 2369 1244 circiter
2398 1188 2740 1252 triennium,
2783 1187 2882 1258 qui
2918 1187 3024 1242 tibi
3078 1204 3215 1242 eam
3258 1188 3487 1244 mittere
3541 1206 3643 1245 no—

1996 1277 2251 1343 luerunt,
2288 1278 2538 1332 scientes
2569 1294 2696 1348 quae
2728 1277 2797 1332 de
2820 1293 2947 1332 meo
2978 1277 3215 1332 nomine
3241 1277 3564 1347 jactitares,
3589 1283 3647 1332 et

1999 1383 2176 1440 quam
2225 1365 2469 1438 indigna
2525 1366 2822 1439 proposito
2879 1366 3208 1422 Christiano
3267 1383 3332 1422 ac
3391 1364 3646 1424 nefanda

1998 1456 2507 1527 confingeres.Ego
2530 1456 2739 1528 scripsi
2762 1457 3051 1523 nesciens,
3086 1456 3347 1529 quasifad
3365 1458 3642 1514 amicum.

1999 1543 2089 1600 Illi
2122 1561 2234 1599 non
2266 1544 2647 1600 reddiderunt
2676 1545 2749 1611 ei,
2784 1562 2959 1617 quem
2990 1545 3297 1600 inimicum
3332 1552 3647 1602 noverant:

1999 1638 2303 1705 parcentes
2335 1638 2392 1689 et
2423 1650 2550 1689 meo
2597 1634 2800 1701 errori,
2859 1638 2916 1689 et
2970 1638 3082 1689 ture
3143 1635 3534 1691 conscientiae.
3583 1637 3652 1692 Et

231 1733 511 1787 “imm
539 1729 862 1837 ίῗὲηεῗωίέ
896 1731 1440 1837 “serietatem
1474 1736 1530 1832 it
1559 1735 1621 1787 ω
1651 1750 1889 1837 Tum?“
1922 1772 1969 1837 B
2002 1721 2869 1837 Tiniulf‘liimff‘fafisﬂ‘ff’i
2894 1723 3285 1837 ii.fi‘_i‘}i.“}ii
3310 1724 3651 1837 ,Ξίῖίῗξῗῖῗῗῗ

229 1837 324 1877 eos
351 1820 646 1886 vertendi,
673 1824 739 1874 ut
763 1818 1052 1876 volueris:
1082 1824 1140 1875 et
1196 1820 1349 1876 bona
1396 1821 1553 1877 enim
1612 1826 1669 1877 et
1739 1823 1894 1878 mala
1922 1811 1969 1837 υ
2003 1811 2377 1883 scripseram,
2412 1828 2525 1867 non
2557 1813 2875 1868 debueram
2899 1814 3186 1885 contrajte
3217 1814 3275 1869 in
3308 1814 3420 1871 alio
3454 1814 3653 1872 libello

233 1926 342 1966 suo
377 1909 754 1981 imputantur
783 1909 1026 1964 auctori.
1062 1909 1222 1973 Quod
1253 1915 1311 1965 et
1340 1911 1398 1965 in
1431 1915 1489 1966 te
1537 1911 1719 1981 ﬁeret,
1779 1912 1892 1967 nisi

238 1998 501 2053 dixisses
530 2003 584 2052 te
613 2000 952 2069 amputasse
982 1996 1255 2054 haeretica
1279 2004 1335 2055 et
1364 2000 1587 2072 optima
1634 2006 1890 2057 transtu-

240 2084 414 2142 lisse.
440 2084 541 2141 llic
568 2090 648 2141 est
675 2086 837 2141 enim
868 2086 1058 2141 nodus
1080 2091 1241 2153 tuus,
1274 2087 1374 2159 qui
1420 2087 1563 2143 solvi
1616 2106 1729 2145 non
1789 2107 1891 2161 po-

238 2178 386 2231 test.
420 2176 493 2230 At
521 2175 767 2246 [ALAut]
794 2175 843 2231 si
875 2175 1085 2231 errasti
1108 2179 1173 2231 ut
1195 2176 1657 2249 homo,priorem
1680 2178 1896 2235 damna

237 2264 621 2320 sententiam.

297 2354 397 2409 37.
434 2354 664 2408 Latinos
694 2353 864 2409 libros
891 2354 1134 2410 vertebat
1147 2356 1208 2409 in
1238 2353 1485 2412 Gra’cum
1518 2356 1766 2428 Ruﬁnus.
1828 2389 1894 2398 —

238 2442 345 2498 Sed
413 2441 560 2512 quid
636 2440 820 2497 facies
904 2442 1246 2514 Apologetz'co
1326 2449 1444 2508 tuo,
1530 2458 1703 2517 quem
1792 2464 1896 2518 pro

236 2531 513 2603 Origenis
563 2529 853 2602 scripsisti
905 2532 1227 2602 operibus?
1284 2533 1423 2604 quid
1474 2535 1545 2589 de
1604 2534 1898 2591 volumine

232 2619 613 2675 Busebii?in
675 2635 791 2689 quo
850 2635 983 2674 cum
1035 2620 1221 2675 multa
1278 2623 1627 2687 mutaveris,
1666 2628 1743 2691 et,
1787 2624 1897 2680 sub

237 2708 481 2763 nomine
504 2707 806 2780 martyris,
831 2706 1090 2763 haeretici
1130 2708 1387 2766 hominis
1441 2711 1660 2783 scripta
1704 2717 1896 2769 trans-

237 2796 470 2863 tuleris,
507 2800 709 2851 tamen
768 2795 939 2867 plura
984 2797 1255 2868 posuisti,
1310 2816 1435 2871 quae
1494 2800 1898 2859 ecclesiasticae

234 2886 370 2942 fidei
404 2901 533 2941 non
564 2884 940 2940 conveniunt.
972 2886 1056 2940 Tu
1087 2888 1264 2942 etiam
1311 2888 1547 2944 Latinos
1605 2890 1786 2947 libros
1839 2894 1898 2948 in

236 2975 514 3031 Graecum
545 2974 729 3029 vertis
759 2973 968 3028 nobis:
1004 2974 1143 3030 dare
1171 2976 1387 3034 nostris
1420 2983 1656 3034 externa
1704 2981 1898 3053 prohi-

238 3064 405 3120 bebis
429 3067 456 3118 ἓ
484 3062 545 3116 Si
570 3062 635 3116 in
658 3060 773 3117 alio
804 3078 976 3133 opere
1006 3065 1466 3136 respondissem,
1516 3067 1576 3122 in
1644 3086 1758 3141 quo
1807 3086 1901 3126 me

2003 1900 2192 1956 multa
2224 1900 2379 1955 mala
2410 1901 2684 1957 scribere.
2731 1902 2829 1957 [lic
2859 1907 2950 1958 est
2976 1906 3134 1959 totus
3193 1920 3354 1960 error
3383 1908 3543 1973 tuus,
3580 1908 3657 1974 iet

2002 1989 2124 2045 hac
2148 1991 2313 2061 justa
2335 1990 2736 2062 querimonia:
2772 1992 2924 2063 quod
2953 2008 3079 2063 qum
3110 2009 3217 2049 nos
3248 1992 3307 2048 in
3357 1993 3657 2051 haereticos

2002 2078 2274 2148 dicimus,
2298 2082 2359 2132 tu
2390 2078 2449 2132 in
2480 2083 2536 2133 te
2566 2078 2723 2134 dicta
2776 2080 3059 2153 contingis
3089 2098 3101 2137 :
3134 2085 3191 2137 et
3248 2081 3360 2136 nisi
3392 2082 3509 2139 illis
3564 2100 3659 2156 pe-

2007 2166 2368 2239 percerimus
2390 2168 2430 2234 ‘,
2463 2172 2520 2222 te
2550 2172 2724 2239 putas
2756 2185 2884 2225 esse
2912 2169 3216 2226 violatum.
3248 2174 3334 2226 An
3366 2172 3496 2228 ideo
3554 2191 3655 2246 pa-

2008 2270 2142 2310 nem
2174 2255 2280 2309 tibi
2312 2272 2429 2309 non
2461 2256 3541 2329 damus,quiajhzereticorumfcerebro
3570 2261 3654 2317 1a-

2009 2344 2206 2415 pidem
2239 2342 2570 2399 illidimus?
2623 2346 2693 2399 Et
2755 2349 2821 2400 ut
2877 2349 3138 2402 nostram
3189 2347 3496 2419 epistolam
3540 2367 3654 2406 non

2009 2433 2240 2505 probes,
2275 2450 2439 2505 papae
2461 2451 2693 2507 quoque
2726 2436 3019 2492 Anastasii
3051 2437 3231 2493 simili
3264 2438 3411 2493 dicis
3454 2439 3657 2496 fraude

2010 2522 2343 2589 subnixam,
2376 2524 2579 2595 dequa
2634 2523 2739 2579 tibi
2799 2530 2931 2581 ante
2987 2526 3300 2598 respondi:
3362 2534 3537 2599 quam
3608 2529 3659 2586 si

2008 2611 2328 2683 suspicaris
2365 2612 2553 2684 ipsius
2585 2630 2699 2669 non
2732 2631 2878 2683 esse,
2912 2615 3094 2671 habes
3147 2616 3251 2671 ubi
3319 2619 3471 2690 apud
3522 2624 3658 2674 eum

2010 2715 2115 2755 nos
2147 2716 2359 2772 arguas
2392 2701 2688 2758 falsitatis.
2724 2702 2823 2759 Sin
2857 2710 3049 2761 autem
3083 2707 3209 2777 ejus
3236 2712 3344 2774 est,
3378 2711 3442 2761 ut
3480 2708 3659 2779 hujus

2009 2805 2243 2861 quoque
2274 2790 2411 2845 anni
2443 2796 2644 2847 contra
2674 2796 2729 2849 te
2758 2794 3014 2865 epistolae
3048 2795 3315 2866 probant,
3350 2796 3569 2851 frustra
3603 2800 3660 2851 et

2012 2878 2157 2934 falso
2187 2879 2396 2935 falsam
2443 2897 2685 2953 arguere
2730 2883 2957 2949 niteris,
3017 2900 3151 2939 cum
3207 2900 3275 2939 ex
3326 2882 3484 2939 illius
3527 2901 3661 2940 vera

2011 2966 2278 3039 epistola,
2312 2972 2573 3025 nostram
2605 2986 2797 3026 veram
2830 2988 2958 3028 esse
2988 2973 3322 3030 doceamus.

2081 3057 2169 3111 39.
2210 3058 2530 3130 Pythagora:
2559 3059 2841 3131 discipuli.
2875 3062 3240 3133 Pythagorica
3276 3067 3551 3135 praecepta
3609 3068 3661 3117 et

237 3170 354 3208 non
370 3150 832 3220 laeseras,videri
849 3153 1185 3221 poteramin
1218 3153 1497 3224 injuriam
1530 3161 1691 3213 tuam
1708 3162 1889 3216 trans-

2012 3146 2278 3216 .symbola.
2314 3148 2615 3221 Quidapud
2669 3149 2879 3209 67-33903
2936 3153 3148 3208 invenit
3190 3154 3406 3223 primus
3458 3152 3663 3223 Pytha-

236 3241 393 3297 ferre
423 3239 583 3311 quod
605 3243 865 3295 vorteres
905 3256 918 3294 :
950 3244 1016 3295 ut
1040 3244 1096 3296 te
1125 3241 1212 3297 vel
1241 3241 1603 3315 imperitum,
1635 3246 1722 3302 vel
1756 3249 1899 3303 sub-

243 3328 452 3384 dolum
483 3328 971 3384 demonstrarem.
1004 3329 1169 3385 Nunc
1206 3347 1339 3386 vero
1369 3348 1582 3387 novum
1614 3335 1903 3406 querimo-

242 3418 362 3472 nia
393 3425 613 3488 genus:
646 3415 808 3472 doles
834 3417 942 3472 tibi
990 3417 1049 3472 in
1109 3434 1175 3474 eo
1233 3435 1363 3475 esse
1418 3438 1791 3494 responsum,
1842 3426 1900 3481 in

255 3521 382 3575 quo
413 3521 450 3558 ι
474 3509 531 3558 te
560 3510 860 3560 accusatus
894 3522 1047 3563 sum.
1087 3507 1400 3564 Dicebatur
1427 3511 1499 3566 ad
1557 3513 1903 3585 interpreta-

262 3592 492 3647 tionem
522 3596 677 3646 tuam
700 3593 877 3649 Roma
903 3595 1208 3663 subversa,
1264 3598 1642 3669 postulabant
1699 3619 1903 3659 omnes

257 3699 296 3738 a
326 3697 425 3737 me
450 3681 627 3753 hujus
654 3682 730 3737 rei
764 3684 1117 3741 remedium.
1158 3685 1281 3742 Non
1315 3704 1429 3759 quo
1478 3705 1585 3762 ego
1654 3691 1904 3763 alicujus

248 3771 544 3826 momenti
575 3786 765 3826 essem
792 3790 806 3839 ;
831 3773 934 3827 sed
968 3773 1067 3844 qui
1091 3775 1385 3845 petebant,
1410 3793 1502 3833 me
1523 3794 1654 3834 esse
1682 3779 1904 3851 aliquid

232 3859 716 3918 arbitrabantur.
753 3864 837 3915 Tu
869 3861 1096 3916 amicus
1126 3879 1277 3930 eras,
1327 3864 1428 3935 qui
1458 3864 1560 3921 illa
1592 3868 1903 3925 transtule-

242 3966 345 4005 ras
371 3967 386 4016 ;
420 3947 562 4020 quid
598 3965 695 4003 me
725 3948 815 4003 vis
846 3950 1076 4006 facere?
1104 3950 1350 4009 Obedire
1379 3953 1494 4009 Deo
1525 3955 1713 4028 magis
1735 3974 1905 4028 opor-

228 4042 341 4103 tet,
377 4054 448 4093 an
485 4035 838 4093 hominibus
868 4039 1013 4108 (Act.
1052 4056 1106 4109 ν,
1142 4042 1235 4112 29)
1268 4041 1296 4096 ?
1322 4042 1550 4099 Domini
1609 4047 1904 4105 custodire

221 4126 665 4193 substantiam,
710 4144 783 4182 an
816 4127 1041 4184 furtum
1074 4129 1261 4185 celare
1293 4132 1601 4188 conservi?
1630 4134 1811 4192 Aliter
1848 4144 1905 4194 te

225 4232 347 4272 non
373 4215 656 4288 placabo,
689 4214 807 4271 nisi
830 4220 886 4271 et
908 4232 1014 4289 ego
1044 4221 1241 4272 tecum
1267 4222 1598 4276 accusanda
1654 4228 1902 4281 commi-

218 4318 356 4360 sero
385 4308 409 4359 ξ’
439 4303 507 4359 Si
539 4302 777 4359 nullam
802 4303 1042 4360 fecisses
1076 4304 1192 4360 mei
1224 4309 1481 4363 nominis
1520 4312 1900 4382 mentionem,

217 4392 400 4448 sime
463 4407 587 4447 non
651 4407 929 4448 ornasses
987 4393 1237 4466 egregiis
1282 4394 1579 4464 laudibus,
1638 4406 1902 4472 poteram

210 4482 469 4555 aliquod
503 4480 727 4536 habere
758 4481 1105 4571 suffugium,
1137 4488 1195 4538 et
1226 4484 1455 4542 diversa
1484 4488 1800 4547 obtendere
1830 4509 1902 4548 ne
1931 4507 1978 4571 Β

210 4587 432 4628 unus
458 4570 854 4639 interpretata
884 4570 1282 4627 transferrem.
1342 4574 1427 4628 Tu
1468 4592 1583 4641 me,
1641 4578 1828 4635 amice
1850 4582 1893 4647 ⁸,

205 4657 575 4731 compulisti
604 4660 671 4710 ut
689 4655 919 4728 aliquot
945 4658 1075 4713 dies
1118 4659 1175 4714 in
1208 4660 1319 4716 hoc
1351 4678 1522 4734 opere
1570 4668 1895 4738 perderem,

204 4754 273 4802 ut
304 4747 659 4819 proferrem
684 4745 744 4800 in
808 4746 1068 4803 medium
1133 4751 1287 4822 quod
1329 4751 1651 4827 Charybdis
1697 4757 1901 4814 debuit

196 4836 508 4901 devorare
549 4851 563 4890 :
613 4838 672 4889 et
724 4838 921 4891 tamen
980 4836 1173 4907 Iesus,
1225 4840 1497 4898 amicitias
1539 4843 1596 4898 in
1658 4848 1712 4899 te
1760 4847 1901 4915 jura

200 4926 491 4991 servavi,
512 4928 574 4981 et
604 4925 978 4994 quantumin
1009 4943 1103 4982 me
1122 4927 1255 4996 fuit,
1291 4929 1375 4985 sic
1399 4946 1493 4986 me
1513 4932 1753 4988 defendi
1836 4939 1899 4989 ut

200 5018 428 5071 isnon
463 5028 847 5069 accusarem-
871 5015 1021 5071 ΜΗ
1073 5017 1159 5071 Tu
1222 5018 1473 5075 nimium
1524 5021 1892 5093 suspiciosus

195 5106 253 5161 et
284 5099 626 5175 querulus,
660 5102 761 5173 qui
796 5101 952 5159 dicta
984 5104 1043 5160 in
1076 5104 1379 5162 haereticos
1411 5108 1482 5164 ad
1518 5112 1681 5165 tuam
1721 5110 1902 5167 refers

194 5188 681 5250 contumeliam.
728 5192 898 5257 Quod
958 5191 1009 5247 si
1069 5192 1240 5250 aliter
1294 5196 1522 5253 amicus
1589 5202 1727 5254 tuus
1773 5213 1903 5256 esse

265 5443 285 5517 ξ
312 5436 651 5517 _\[_ic_torius
683 5438 912 5517 maluit,
946 5440 1119 5517 getes
1150 5449 1200 5517 et
1226 5444 1370 5498 mihi
1394 5447 1605 5517 gratias
1639 5464 1820 5517 agere.

263 5507 640 5564 3Victorius
669 5510 916 5567 additex
946 5512 1232 5570 Brixianis
1304 5507 1470 5570 codd.
1525 5507 1773 5575 alterum
1840 5527 1899 5577 tu

192 5584 271 5640 ad
302 5579 678 5653 emphasin,
712 5583 786 5638 Tu
814 5599 920 5653 me,
951 5586 1145 5652 amice,
1172 5591 1239 5642 tu
1262 5588 1594 5659 compulisti,
1628 5593 1739 5647 etc.

2012 3250 2202 3307 geras.
2236 3268 2304 3276 —
2337 3239 2399 3292 In
2453 3240 2783 3295 excusando
2811 3241 3113 3297 mendacio
3136 3246 3234 3297 tuo
3268 3242 3374 3313 [Αἱ.
3423 3240 3664 3296 menda-

2019 3323 2176 3378 cium
2206 3327 2420 3398 tuum],
2455 3344 2631 3399 quam
2692 3329 2926 3402 elegans
2984 3348 3112 3387 esse
3168 3330 3439 3386 voluisti:
3497 3334 3555 3385 et
3592 3346 3664 3386 ne

2018 3428 2120 3467 sex
2142 3413 2347 3470 millia.
2381 3415 2647 3487 Origenis
2677 3416 2860 3473 libros
2898 3419 3208 3490 proferas,al
3235 3420 3575 3491 Pythagbraa
3632 3436 3667 3473 a

2023 3517 2117 3556 me
2145 3503 2327 3574 exigis
2361 3511 2764 3561 monumenta.
2795 3506 2899 3562 Ubi
2932 3513 3020 3562 est
3047 3507 3148 3562 illa
3169 3508 3401 3576 fiducia,
3432 3506 3664 3578 quain-

2019 3587 2172 3644 ﬂatis
2204 3590 2404 3647 buccis
2436 3594 2784 3650 creberrime
2813 3595 3194 3667 personabas,
3218 3599 3272 3651 te
3303 3612 3429 3665 quze
3452 3595 3511 3650 in
3533 3594 3666 3651 aliis

2013 3676 2179 3733 libris
2228 3679 2494 3753 Origenis
2524 3683 2770 3756 legeras,
2820 3684 3165 3740 emendasse
3221 3684 3279 3738 in
3329 3683 3497 3739 libris
3539 3682 3664 3755 περὶ

2014 3768 2255 3841 Ἀρχῶν,
2291 3774 2351 3824 et
2379 3786 2491 3825 non
2519 3771 2731 3841 aliena,
2765 3774 2867 3829 sed
2896 3790 3005 3829 sua
3034 3773 3361 3829 reddidisse
3388 3773 3513 3829 suis
3537 3777 3560 3829 Ρ
3587 3771 3669 3828 De

2022 3858 2187 3911 tanta
2234 3857 2518 3915 librorum
2580 3862 2726 3918 silva
2780 3880 2965 3918 unum
3040 3864 3306 3919 fruticem
3395 3878 3461 3919 ac
3539 3880 3668 3919 sur-

2016 3945 2214 4001 culum
2250 3947 2506 4019 proferre
2538 3968 2651 4007 non
2685 3956 2870 4024 potes.
2903 3952 2973 4007 Hi
2999 3956 3140 4009 sunt
3177 3953 3296 4009 veri
3342 3952 3509 4019 fumi,
3578 3952 3666 4008 his

2016 4036 2263 4105 nebulae,
2299 4054 2448 4109 quas
2478 4040 2619 4096 dum
2650 4039 2711 4095 in
2744 4056 2839 4096 me
2868 4040 3220 4112 criminaris,
3254 4042 3312 4097 in
3343 4046 3400 4097 te
3448 4041 3663 4097 exstin-

2016 4128 2139 4180 ctas
2170 4127 2606 4199 dissipatasque
2636 4146 2737 4201 per
2770 4146 2862 4185 me
2891 4130 3219 4203 cognoscis,
3272 4147 3376 4185 nec
3419 4130 3665 4185 fractam

2015 4216 2296 4273 cervicem
2350 4218 2575 4289 dejicis,
2640 4220 2791 4275 585
2854 4220 2955 4274 sed
3023 4220 3238 4290 majori
3296 4218 3666 4291 impudentia

2013 4319 2193 4375 quam
2220 4305 2691 4377 imperitia,dicis
2716 4324 2807 4363 me
2839 4309 3125 4380 denegare
3140 4325 3264 4381 qua:
3294 4307 3354 4362 in
3387 4312 3661 4385 promptu

2014 4398 2171 4461 sunt,
2207 4400 2270 4450 ut
2299 4412 2433 4450 cum
2466 4402 2692 4453 montes
2724 4414 2931 4453 aureos
2986 4396 3300 4470 pollicitus:
3331 4397 3562 4465 fueris,,i
3591 4413 3663 4454 ne

2012 4488 2318 4571 scatens!
2341 4486 2579 4571 quam
2612 4486 3506 4571 euanumgeﬂemsmi?
3527 4502 3660 4571 pro:

2011 4556 2618 4631 ferastusta'bowntra
2632 4558 3516 4648 "xhé‘§‘?)'di5'”3€66gnoé36‘f“éf“
3529 4560 3663 4631 vera

2011 4663 2071 4714 in
2094 4662 2887 4735 nosldebaccharislinsania.
2947 4665 3090 4737 Nisi.
3129 4666 3287 4722 enim
3342 4681 3446 4737 ego
3504 4664 3660 4736 quod

2012 4766 2128 4804 non
2159 4755 2266 4817 est,
2300 4752 2576 4808 audacter
2622 4753 2933 4825 exigerem,
2989 4760 3050 4810 tu
3105 4754 3395 4810 videbaris
3447 4753 3662 4810 habere

2011 4840 2168 4910 quod
2201 4857 2318 4895 non
2351 4840 2553 4897 habes.
2586 4842 2926 4914 Pythagoras
2959 4860 2994 4897 a
3023 4859 3116 4898 me
3169 4843 3348 4898 libros
3403 4842 3656 4915 ﬂagitas.

2010 4927 2151 4991 Quis
2210 4928 2366 4984 enim
2414 4930 2519 4983 tibi
2575 4930 2720 4985 dixit
2778 4930 2937 4986 illius
3006 4938 3232 4985 exstare
3311 4930 3661 4986 volumina?

2010 5015 2213 5072 Nonne
2271 5017 2329 5071 in
2380 5017 2649 5089 epistola;
2683 5034 2833 5086 mea,
2902 5019 3484 5091 quamLcriminaris,
3538 5021 3663 5077 haec

2009 5107 2186 5163 verba
2217 5109 2402 5162 sunt?
2437 5129 2463 5156 «
2493 5107 2603 5163 Sed
2632 5106 2721 5162 fac
2753 5125 2845 5163 me
2876 5124 3103 5164 errasse
3136 5109 3221 5163 in”
3243 5108 3666 5181 adolescentia,

2010 5200 2067 5251 et
2094 5196 2600 5267 philosophorum,
2634 5196 2691 5250 id
2724 5201 2831 5262 est,
2868 5196 3175 5269 gentilium
3207 5198 3417 5255 studiis
3466 5200 3669 5256 erudi-

2079 5446 2100 5478 ³
2130 5446 2390 5516 Epistola
2419 5447 2491 5502 ad
2523 5447 2884 5520 Ruﬁnum‘in
2918 5455 3118 5507 nostra
3146 5453 3481 5509 recensione
3547 5468 3699 5507 nu‘

2010 5520 2239 5593 mer_.A8,
2263 5534 2439 5593 quam
2463 5535 2616 5577 anno
2648 5521 3032 5593 ascripsimus
3057 5524 3181 5578 399.

2078 5591 2102 5624 ⁴
2130 5591 2426 5665 Martium,
2454 5594 2570 5651 illis
2592 5591 2957 5669 pepercimus.
