4110 6162
336 298 535 374 ’ΒΜ

1662 302 1730 375 S.
1772 307 2087 377 EUSEBII
2132 304 2581 377 HIERONYMI

3694 298 3841 377 ω,

412 444 565 512 tum,
593 442 652 499 in
675 441 962 518 principio
993 439 1126 501 fidei
1181 442 1482 519 ignorasse
1531 445 1807 521 dogmata
1864 446 2055 502 Cbris-
2084 448 2137 514 Α
2166 446 2402 503 stoteles
2432 446 2491 505 in
2523 446 2647 504 suis
2678 445 2843 504 libris
2874 444 3285 521 prosequitur:
3323 464 3353 499 κ
3403 443 3696 505 Statorem
3743 464 3821 506 ne

412 532 626 600 stiana,
657 540 715 589 et
744 533 852 590 hoc
884 537 1121 606 putasse
1150 534 1208 589 in
1241 534 1541 607 apostolis,
1575 536 1728 608 quod
1758 536 1815 590 in
1847 535 2059 607 Pytha-

409 637 553 694 gora
580 629 638 678 et
667 622 903 678 Platone
933 628 990 678 et
1047 623 1393 695 Empedocle
1438 624 1711 697 legeram.
1753 648 1778 673 ››
1830 624 1910 679 De
1958 624 2058 679 do-

410 712 711 782 gmatibus
742 727 1093 776 eorum,non
1110 713 1181 767 de
1202 711 1369 768 libris
1390 712 1623 769 locutus
1646 728 1936 784 sum,quae
1959 729 2058 784 po-

409 800 497 854 tui
530 801 586 854 in
619 799 914 871 Cicerone,
972 801 1170 867 Bruto,
1228 818 1294 857 ac
1337 801 1555 857 Seneca
1609 802 1852 857 discere.
1910 802 2057 874 Lege

410 903 515 959 pro
546 888 777 944 Vatinio
792 888 1306 957 oratiunculam,et
1323 889 1468 944 alias
1486 890 1585 945 ubi
1616 889 2051 946 sodalitioru‘mi

412 977 633 1032 mentio
663 975 1003 1033 ﬁt.Revolve
1024 978 1288 1051 diagolos
1318 978 1516 1033 Tullii.
1550 979 1790 1050 Respice
1819 995 2053 1035 omnem

410 1080 574 1120 oram
602 1065 934 1136 Italiaequae
958 1068 1253 1136 quondam
1289 1083 1500 1139 magna
1550 1067 1768 1122 Graecia
1818 1068 2054 1123 diceba-

405 1155 539 1208 tur:
572 1159 629 1209 et
658 1154 1172 1226 Pythagoricorum
1204 1156 1548 1227 dogmatum
1578 1155 1765 1211 incisa
1804 1154 2054 1228 publicis

409 1240 620 1297 litteris
649 1259 763 1296 aara
793 1259 1127 1313 cognosces.
1161 1243 1344 1314 Cujus
1375 1244 1531 1300 enim
1563 1248 1703 1299 sunt
1732 1244 1829 1300 illa
1876 1249 2054 1319 ’χρυσᾶ

410 1326 953 1403 παραγγέλματαη
1021 1348 1213 1387 nonne
1271 1332 1652 1404 Pythagorae?
1720 1332 1778 1387 in
1839 1334 2053 1405 quibus

403 1419 602 1475 omnia
633 1420 762 1491 ejus
793 1419 1043 1476 breviter
1060 1421 1335 1494 dogmata
1365 1421 1823 1490 continentur,et
1845 1422 1902 1476 in
1925 1439 2052 1494 qua:

408 1505 696 1563 latissimo
780 1524 953 1579 opere
1012 1508 1399 1581 philosophus
1457 1515 1887 1566 commentatus
1964 1517 2054 1567 est

403 1594 793 1662 Jamblichus,
823 1596 1085 1651 imitatus
1115 1614 1185 1651 ex
1214 1602 1376 1668 parte
1431 1599 1796 1653 Moderatum
1857 1597 2050 1655 virum

402 1683 977 1755 eloquentissimum,
1011 1690 1068 1739 et
1096 1685 1453 1758 Archippum
1505 1703 1571 1741 ac
1633 1687 1892 1760 Lysidem
1945 1688 2050 1761 Py-

2169 535 2486 603 transilias,
2526 559 2547 585 »
2582 536 2639 591 id
2672 541 2778 604 est,
2820 560 2847 586 «
2879 554 2952 593 ne
2984 536 3459 610 praetergrediare
3490 535 3814 606 justitiam.

2168 624 2365 697 Igne'n
2396 623 2589 698 gladio
2615 642 2684 680 ne
2714 626 2918 681 fodias.
2946 650 2968 678 ι
3007 627 3226 681 Iratum
3258 625 3523 682 videlicet
3551 630 3609 682 et
3641 627 3822 682 tumi-

2167 716 2309 768 dum
2340 715 2604 769 animum
2631 714 2821 770 verbis
2841 715 3141 771 maledicis
3172 732 3244 771 ne
3270 714 3546 771 lacessas.
3585 735 3610 767 ι
3642 717 3816 772 Coro-

2167 819 2304 857 nam
2336 803 2577 859 minime
2609 805 2984 875 carpendam,
3014 826 3042 854 »
3075 805 3133 860 id
3164 809 3271 869 est,
3302 824 3329 856 α
3360 804 3519 877 leges
3574 804 3815 861 urbium

2165 892 2611 947 conservandae.
2688 892 2800 947 Cor
2852 909 2966 948 non
3012 893 3460 959 comedendum,
3495 915 3523 941 ››
3581 892 3642 948 id
3702 898 3814 965 est,

2170 1002 2190 1027 υ
2222 997 2527 1036 mmrorem
2559 981 2630 1036 de
2661 981 2859 1037 animo
2882 981 3485 1054 projiciendum.Cum
3515 982 3815 1053 profectus

2165 1068 2364 1138 fueris,
2398 1070 2608 1141 inquit,
2641 1087 2712 1125 ne
2746 1071 2986 1137 redeas;
3022 1093 3050 1122 »
3086 1070 3146 1125 id
3178 1078 3286 1136 est,
3320 1092 3347 1119 ‹‹
3380 1074 3515 1142 post
3561 1074 3815 1127 mortem

2162 1157 2340 1215 vitam
2375 1160 2547 1215 istam
2582 1176 2650 1215 ne
2678 1159 2992 1233 desideres.
3032 1158 3138 1214 Per
3168 1158 3321 1213 viam
3378 1158 3675 1230 publicam
3736 1177 3815 1215 ne

2161 1246 2464 1315 ambules;
2501 1270 2528 1297 »
2560 1247 2618 1303 id
2649 1252 2758 1314 est,
2794 1271 2820 1297 (ι
2843 1265 2915 1303 ne
2936 1246 3255 1303 multorum
3290 1247 3557 1319 sequaris
3586 1264 3815 1304 errores

2164 1336 2275 1406 ]At.
2308 1338 2608 1407 errorem].
2635 1337 3023 1392 Hirundinem
3055 1336 3115 1391 in
3160 1336 3403 1391 domum
3455 1353 3572 1392 non
3620 1337 3812 1393 susci-

2162 1426 2435 1496 piendam
2471 1443 2484 1492 ;
2519 1448 2546 1475 ››
2566 1425 2624 1480 id
2654 1430 2763 1488 est,
2797 1447 2825 1476 «
2852 1424 3117 1498 garrulos
3148 1428 3205 1480 et
3233 1425 3507 1481 verbosos
3542 1424 3815 1481 homines

2161 1514 2272 1569 sub
2301 1513 2504 1569 eodem
2538 1517 2687 1569 tecto
2721 1529 2835 1568 non
2868 1513 3190 1568 habendos.
3225 1512 3494 1569 Oneratis
3523 1529 3807 1586 superpo-

2161 1602 2419 1657 nendum
2434 1617 2604 1657 onus:
2618 1601 3047 1673 deponentihus
3061 1617 3175 1656 non
3189 1600 3803 1670 communicandum,-

2159 1690 2217 1746 id
2249 1696 2356 1758 est,
2389 1714 2417 1739 «
2452 1690 2525 1746 ad
2557 1691 2833 1746 virtutem
2885 1689 3312 1757 incedentibus,
3367 1691 3813 1762 augmentanda

402 1770 1003 1883 thatgorzeaudjitores.
1037 1776 1296 1883 QuorLum
1328 1774 1653 1883 ArLch‘ippus
1685 1792 1751 1831 ac
1808 1776 2050 1848 Lysides
2084 1818 2130 1883 Β
2165 1781 2271 1851 [AL
2301 1778 2592 1850 augenda]
2633 1784 2920 1851 pracepta
2951 1797 2964 1833 :
2999 1778 3298 1835 tradentes
3344 1795 3406 1834 se
3446 1777 3583 1844 otio,
3633 1778 3814 1835 relin-

403 1857 464 1915 in
495 1858 736 1928 Grmcia,
760 1860 818 1915 id
876 1865 984 1927 est,
1048 1862 1266 1917 Thebis
1320 1862 1551 1918 scholas
1610 1863 1889 1934 habuere,
1950 1866 2049 1937 qui

402 1948 741 2004 memoriter
770 1954 1035 2005 tenentes
1066 1955 1350 2023 praecepta
1373 1950 1646 2019 doctoris,
1685 1952 1917 2025 ingenio
1947 1970 2052 2025 pro

399 2035 568 2093 libris
600 2038 934 2104 utebantur,
969 2057 1003 2094 a
1032 2038 1248 2110 quibus
1280 2038 1424 2095 illud
1450 2045 1536 2095 est
1565 2058 1576 2095 :
1627 2037 1999 2114 Φυγαδευτέον
2025 2044 2047 2077 ³

397 2126 541 2199 πάσῃ
602 2129 850 2201 μηχανῇ,
911 2126 1000 2179 καὶ
1070 2128 1421 2201 περικοπττέον
1491 2129 1620 2205 πυρὶ
1680 2129 1769 2183 καὶ
1838 2127 2050 2206 σιδήρῳ

396 2213 486 2267 καὶ
551 2234 826 2289 μηχαναις
882 2234 1183 2284 παντοιαις,
1244 2216 1348 2270 ἀπὸ
1420 2217 1513 2289 μὲν
1562 2218 1815 2290 σώματος
1870 2218 2047 2287 νόσον,

398 2302 502 2356 ἀπὸ
542 2298 600 2356 δὲ
665 2305 852 2378 ψυχῆς
914 2303 1145 2374 ἀμαθίαν
1208 2302 1423 2367 κοιλίας
1494 2303 1551 2360 δὲ
1617 2304 1972 2362 πολυτέλειαν
2007 2311 2047 2375 ⁴,

394 2388 612 2452 πόλεως
672 2387 730 2445 δὲ
782 2392 986 2461 στάσιν,
1037 2389 1190 2447 οἷ’κου
1240 2391 1298 2447 δὲ
1328 2391 1758 2471 διχοφροσύνην,
1793 2397 1933 2468 ὁμοῦ
1994 2394 2051 2450 δὲ

328 2498 333 2503 ·
395 2480 611 2535 πάντων
646 2480 925 2554 ἀμετρίαν.
960 2483 1123 2548 Quod
1165 2484 1224 2539 in
1264 2483 1537 2540 Latinum
1586 2485 1671 2540 ita
1729 2502 2049 2558 possumus

391 2575 655 2626 vertere:
698 2570 961 2641 Fuganda
1015 2577 1145 2627 sunt
1202 2575 1453 2629 omnibus
1498 2574 1672 2629 modis
1728 2584 1784 2630 et
1832 2576 2049 2631 abscin-

392 2658 590 2727 denda,
622 2659 854 2729 languor
885 2678 919 2715 a
946 2676 1186 2732 corpore,
1220 2663 1505 2734 imperitia
1523 2663 1589 2716 ab
1620 2664 1825 2731 animo,
1881 2668 2049 2720 luxu-

391 2748 480 2802 ria
501 2763 542 2802 a
580 2752 787 2817 ventre,
820 2765 854 2803 a
883 2750 1106 2805 civitate
1125 2751 1342 2816 seditio,
1371 2768 1405 2805 a
1439 2750 1594 2806 domo
1652 2751 1945 2820 discordia,
2000 2758 2049 2808 et

390 2837 457 2893 in
508 2852 796 2892 commune
849 2855 883 2892 a
954 2841 1162 2894 cunctis
1207 2839 1368 2895 rebus
1408 2842 1838 2911 intemperantia
1897 2840 2049 2898 566

393 2924 776 2998 Pythagorica
804 2930 862 2981 et
910 2925 1013 2981 illa
1057 2933 1347 3000 praecepta
1393 2932 1570 2984 sunt:
1627 2952 1652 2977 «
1712 2928 2047 2985 Amicorum

399 3014 600 3069 omnia
629 3031 758 3071 esse
790 3016 1135 3071 communia
1153 3018 1193 3072 ⁸.
1219 3018 1287 3072 Et
1322 3017 1579 3073 amicum
1610 3016 1873 3090 seipsum
1921 3035 2049 3075 esse

396 3102 680 3159 alterum:
707 3104 1423 3178 duorumquetemporum
1441 3105 1689 3162 maxime
1716 3106 2045 3162 habendam

2161 1869 2445 1941 quendos.
2480 1892 2508 1918 ››
2540 1869 2606 1923 Et
2635 1868 2773 1939 quia
2820 1867 3202 1940 Pythagorica
3266 1867 3538 1939 dogmata
3593 1867 3815 1940 legisse

2161 1975 2256 2014 me
2285 1958 2569 2024 dixeram,
2594 1957 2731 2012 audi
2776 1957 2917 2029 quid
2975 1956 3132 2029 apud
3175 1958 3400 2012 ercos
3444 1956 3809 2029 Pythagoras

2163 2046 2391 2119 primus
2422 2046 2743 2101 invenerit:
2779 2044 3142 2100 immortales
3170 2060 3299 2100 esse
3355 2044 3601 2113 animas,
3643 2050 3703 2101 et
3733 2045 3816 2102 de

2161 2135 2293 2191 aliis
2324 2134 2665 2207 corporibus
2695 2134 2945 2190 transire
2970 2134 3029 2189 in
3061 2133 3194 2189 alia.
3255 2134 3414 2199 Quod
3458 2134 3700 2207 quidem
3750 2137 3819 2189 et

2160 2222 2445 2296 Virgilius
2504 2222 2564 2277 in
2598 2226 2760 2278 sexto
2791 2222 3060 2278 IEneidos
3087 2221 3381 2277 volumine
3436 2238 3691 2294 sequens
3722 2221 3813 2279 lo-

2160 2312 2364 2384 quitur
2379 2331 2398 2367 :

2254 2401 2360 2449 Has
2388 2399 2717 2462 omnes,ubi
2747 2398 2887 2448 mille
2914 2402 3083 2450 rotam
3114 2399 3329 2448 volvere
3358 2412 3452 2462 per
3482 2411 3671 2457 annos,
3714 2457 3718 2460 ,

2253 2462 2525 2512 Lethaeum
2555 2461 2620 2511 ad
2651 2461 2867 2511 ﬂuvium
2897 2462 3039 2511 Deus
3070 2465 3259 2511 evocat
3285 2461 3499 2524 agmine
3517 2474 3723 2525 magno
3746 2476 3764 2524 ;

2252 2525 2461 2574 Scilicet
2489 2527 2827 2573 immemores
2855 2537 3047 2586 supera
3076 2528 3134 2573 ut
3161 2537 3401 2586 convexa
3416 2524 3678 2584 revisant,

2254 2588 2458 2637 Rursus
2487 2592 2541 2636 et
2566 2587 2829 2649 incipiant
2856 2585 3167 2649 in’corpora
3194 2585 3329 2636 velle
3356 2587 3571 2637 reverti.

2231 2668 2324 2725 40.
2365 2667 2698 2739 Pythagorae
2726 2668 2841 2721 alia
2868 2666 3138 2738 dogmata.
3201 2666 3463 2736 Origenes
3513 2667 3574 2721 in
3631 2666 3808 2723 libros

2158 2760 2318 2827 suos:
2348 2757 2635 2812 Platonem
2690 2756 2996 2811 transtulit.
3054 2785 3125 2800 -
3167 2755 3241 2811 Se
3298 2756 3556 2827 primum
3621 2755 3814 2813 fuisse

2159 2844 2822 2916 Euphorbum,secundo
2845 2843 3147 2912 Callidem,
3174 2844 3344 2899 tertio
3371 2843 3811 2912 Hermotinum,

2158 2938 2365 3005 quarto
2398 2933 2707 3006 Pyrrhum,
2765 2933 2837 2988 ad
2886 2938 3211 2988 extremum
3270 2932 3704 3005 Pythagoram;
3749 2937 3815 2989 et

2158 3026 2292 3094 post
2322 3026 2510 3077 certos
2550 3025 2881 3095 temporum
2940 3020 3209 3087 circulos,
3268 3038 3337 3077 ea
3393 3039 3519 3094 qua:
3573 3021 3817 3078 fuerant

2159 3127 2392 3166 rursum
2421 3110 2582 3177 ﬁeri;
2630 3109 2897 3182 nihilque
2932 3110 2991 3165 in
3047 3111 3266 3166 mundo
3324 3109 3506 3165 videri
3564 3126 3813 3167 novum.

396 3207 619 3259 curam,
654 3209 826 3249 mane
854 3198 911 3248 et
939 3194 1182 3266 vesperi,
1216 3195 1276 3250 id
1308 3199 1416 3263 est,
1447 3210 1649 3251 eorum
1679 3210 1806 3265 quae
1856 3195 2041 3250 acturi
2075 3182 2117 3248 C
2156 3198 2591 3270 Philosophiam
2665 3198 3106 3254 meditationem
3156 3214 3286 3253 esse
3336 3198 3583 3254 mortis:
3646 3199 3809 3255 567

393 3297 623 3350 sumus,
646 3287 703 3337 et
731 3298 933 3337 eorum
965 3299 1091 3353 quae
1121 3283 1497 3356 gesserimus.
1528 3283 1665 3339 Post
1694 3283 1878 3339 Deum
1942 3300 2042 3339 ve-

394 3369 625 3425 ritatem
648 3369 1107 3442 colendam,quae
1136 3371 1262 3427 sola
1292 3371 1559 3427 homines
1589 3372 1703 3427 Deo
1750 3371 2045 3443 proximos

391 3457 584 3515 faciat.
624 3481 643 3508 ιι
672 3456 893 3530 Illaque
923 3460 1255 3534 aenigmata,
1278 3477 1404 3532 qua
1437 3459 1887 3533 diligentissime
1928 3462 2046 3516 Ari-

471 3636 603 3712 {De
634 3636 924 3712 sodalitiis
958 3637 1465 3712 Pythagoreorum
1496 3637 1788 3712 Justinus,
1813 3638 2044 3712 _lib.xx:

401 3729 430 3758 ‹‹
462 3708 574 3764 Sed
620 3708 863 3781 triginta
919 3708 1361 3784 ex'juvenibus
1396 3727 1529 3766 cum
1589 3710 1873 3784 sodalitio,
1911 3714 2047 3784 jure

398 3786 767 3854 sacramento
798 3782 1053 3853 quodam
1085 3782 1236 3849 nexi,
1269 3790 1597 3854 separatam
1628 3798 1661 3854 a
1690 3782 1928 3838 caeteris
1964 3783 2044 3838 ci-

395 3850 567 3905 vibus
593 3851 777 3906 vitam
799 3850 1150 3915 exercerent.
1175 3876 1202 3903 »
1237 3850 1355 3908 etc:
1376 3854 1521 3909 Vide
1566 3853 1740 3908 etiam
1798 3856 1863 3908 A.
1916 3854 2045 3910 Gel-

395 3919 541 3975 lium
572 3919 672 3976 lib.
708 3939 746 3988 ι,
772 3938 822 3977 c.
848 3924 902 3977 6.
942 3928 1015 3978 De
1045 3924 1253 3979 iisdem
1277 3924 1462 3980 multa
1492 3923 1716 3981 dixerat
1745 3925 1940 3981 Cicero
1985 3926 2044 3980 in

396 3990 796 4069 Orationepro
848 3995 1079 4063 Vatinio,
1130 3997 1295 4069 quod
1326 3996 1461 4069 ipse
1508 3995 1778 4069 Vatinius
1843 3996 2047 4069 se_ja-

397 4060 595 4137 ctabat
649 4060 1112 4137 Pythagoreum,
1146 4060 1227 4122 ἰη
1284 4060 1438 4123 idem
1496 4067 1693 4123 Cicero
1766 4066 1825 4121 in
1906 4060 2044 4122 Gra-

396 4134 567 4209 tione
609 4134 800 4209 contra
837 4134 1141 4194 Vatinium
1197 4143 1463 4194 testatur.
1527 4138 1708 4209 Cujus
1756 4137 2048 4194 Orationis

393 4205 739 4331 prona-tinio
791 4208 1063 4265 meminit
1116 4210 1384 4266 Valerius
1432 4205 1742 4276 Maximus,
1802 4209 1902 4263 lib.
1968 4228 2044 4277 1x,

403 4294 454 4331 c.
528 4320 540 4331 .

403 4294 454 4333 Ο.
487 4294 540 4333 Ζ.

467 4348 697 4406 Ῥθῐιθε
753 4351 1049 4426 Mart_ian.,
1126 4356 1326 4426 χρυσᾶ.
1392 4351 1580 4426 _Nunc
1676 4353 1853 4422 χρυσᾶ
1938 4346 2041 4426 lim

396 4434 571 4491 aurea
600 4423 849 4476 carmina
875 4421 1180 4488 dicuntur:
1205 4422 1252 4478 si
1276 4422 1448 4477 modo
1477 4437 1545 4476 ea
1574 4425 1892 4491 sunttquze
1952 4421 2047 4477 hic

395 4489 775 4563 Hierjndicat
800 4493 1062 4559 ;videtur
1082 4493 1236 4547 enim
1262 4492 1455 4563 potius
1478 4492 1547 4546 de
1579 4489 2049 4563 Apophthegma-

394 4559 479 4635 tis
495 4565 553 4613 et
581 4551 876 4635 Symbolis
905 4551 1304 4635 Pythagoricis
1333 4563 1525 4635 loqui,
1548 4551 1725 4635 quam
1745 4562 1815 4635 de
1841 4551 2047 4621 Aureis
2078 4551 2125 4615 D

396 4628 516 4693 illis
547 4628 926 4707 carminibus,
951 4628 1124 4707 'quaa'
1163 4634 1336 4707 vulgo
1393 4628 1630 4705 quidem
1678 4632 2041 4707 Pythagorae,

396 4652 516 4693 llus
547 4652 926 4698 carminibus,
1022 4652 1105 4690 uae
1163 4652 1238 4689 vu

395 4701 630 4759 tametsi
655 4701 824 4767 lalso,
851 4652 1245 4761 sacrilbuntur.

461 4769 1090 4858 ³Φυγαδευςξογπάσῃ,
1159 4789 1266 4858 etc.
1328 4776 1517 4831 Verba
1575 4774 1778 4858 isthaec
1845 4780 2041 4836 Graeca

389 4845 634 4930 Erasmp
663 4863 731 4930 ac
762 4846 1021 4902 Mariano
1046 4845 1313 4930 ignorata
1340 4864 1601 4919 prorsus,
1622 4848 1760 4930 quia
1805 4867 1836 4906 e
1858 4922 1872 4930 .
1895 4868 2037 4930 mss.

390 4915 827 4990 exemplaribus
858 4935 973 4974 non
1032 4915 1158 4975 sine
1205 4915 1403 4976 labore
1452 4935 1517 4973 ac
1578 4915 1788 4990 capitis
1841 4922 2039 4977 dolore

392 4987 854 5064 nobis'eruenda
875 4990 1257 5064 reliquerunt.
1313 4987 1667 5064 Maluerunt'
1706 4991 1789 5045 illi
1849 4991 2040 5064 aliena

391 5058 747 5135 fingere,_ot
803 5063 860 5117 in
914 5058 1246 5135 contextum
1319 5062 1655 5135 Hieronymi
1727 5062 2039 5135 obtrudere

391 5104 582 5218 miiilta
604 5104 982 5218 falsahquam
1040 5134 1303 5218 diligenti
1355 5104 1728 5218 indagatione
1784 5133 2039 5218 genuina

388 5201 838 5279 rest_ituere_.__ln
897 5205 1053 5261 hunc
1104 5201 1284 5279 igitur
1358 5201 1598 5279 modum
1652 5201 2035 5279 depravatum

389 5267 621 5346 edidere
694 5267 1181 5346 Hierjonymumv:
1243 5276 1509 5329 Φευκτέον
1587 5267 1890 5346 παντᾶπξσι
1945 5277 2034 5329 καὶ

389 5335 677 5419 ξῃκοῖττέον
741 5335 1006 5419 ἀσθὲνξιαν
1072 5346 1164 5419 μὲν
1212 5351 1309 5419 εςφῦ
1358 5343 2032 5419 mbpateq,&1:aideootav

391 5405 454 5494 8‘s;
476 5414 542 5477 τῆ
554 5429 616 5494 ςΛ
635 5412 843 5486 ψυχῆς,
864 5405 1172 5494 ,ἀκολαέίαν
1224 5414 1297 5494 δὲ.
1328 5421 1425 5471 τοῦ
1444 5405 1454 5419 ’
1476 5405 1729 5494 γασυέῤῥς,
1764 5419 1943 5494 στλάσιν
1979 5414 2035 5471 δὲ

390 5487 490 5563 τῆς
522 5476 785 5563 udae-(o2,
818 5476 915 5563 ’ἑὴν
962 5482 1032 5563 ’δὲ
1071 5484 1364 5563 δι-αφωνίαν
1404 5476 1503 5557 τῆξ
1552 5476 1835 5558 οἰέςίτίίκαὶ
1875 5493 2031 5563 κοινῇ

391 5551 496 5631 (ἐπὸ
554 5552 889 5631 πᾴνςεῳνβὸ
952 5551 1197 5631 dxpat‘ec"
1250 5561 1431 5631 quod,
1459 5551 1595 5617 'etc.
1679 5551 1810 5619 Haec
1897 5551 2036 5619 sunt

393 5625 619 5684 Erasmi
656 5624 919 5685 fabulosa
959 5624 1156 5686 Graeca
1195 5624 1494 5696 vocabula,
1545 5632 1760 5704 quibus
1798 5635 2033 5705 jamdiu

2153 3286 2411 3359 quotidie
2442 3286 2511 3342 de
2539 3286 2799 3359 corporis
2829 3303 3057 3344 carcere
3077 3286 3362 3343 nitentem
3393 3287 3603 3344 anima:
3659 3288 3816 3345 edu-

2153 3393 2281 3433 cere
2334 3375 2701 3443 libertatem;
2764 3376 3024 3447 μαθήσεις
3084 3375 3479 3448 ἀναμνήσεπςδ,
3560 3377 3619 3432 id
3693 3382 3813 3433 est.

2151 3465 2441 3521 discentias
2470 3466 2907 3521 reminiscentias
2945 3481 3112 3533 esse;
3161 3469 3218 3520 et
3264 3464 3450 3521 multa
3506 3465 3645 3533 alia,
3673 3482 3817 3538 quae

2154 3645 2355 3701 fucum
2377 3644 2511 3700 fecit
2538 3643 2835 3711 omnibus,
2868 3642 2969 3715 qui
3016 3643 3303 3715 putabant
3357 3659 3492 3715 eum
3546 3643 3818 3703 edidisse

2154 3660 2355 3701 lucum
2377 3660 2511 3700 Iecn
2538 3660 2835 3711 omnibus,
2910 3660 2969 3698 ui
3016 3660 3303 3715 putabant
3357 3660 3492 3699 eum
3546 3660 3818 3703 60101888

2154 3716 2342 3799 Qpera
2362 3715 2807 3797 Hieronymiana
2836 3660 2912 3799 ad.
2941 3714 3683 3799 fidemvetustissimorum
3714 3733 3816 3799 co-
3840 3750 3855 3791 g

2155 3785 2353 3844 dicum
2379 3805 2392 3855 ;
2424 3804 2539 3843 non
2572 3785 2641 3842 ex
2664 3787 2840 3842 meris
2863 3790 3035 3858 atque
3059 3785 3325 3858 futilibus
3355 3786 3479 3841 suis
3509 3787 3818 3857 conjectu-

2155 3859 2257 3915 ris.
2315 3860 2599 3915 Caeterum
2667 3856 2975 3929 omittunt,
3020 3856 3375 3928 exemplaria
3442 3873 3583 3912 mss.
3618 3856 3638 3929 ξ
3670 3875 3817 3929 quas

2156 3930 2515 3986 clauduntur
2534 3928 3015 3984 uncinatislineis
3039 3946 3052 3989 ;
3077 3926 3323 4000 quaéque
3346 3944 3454 3985 nos
3472 3926 3822 4000 supplenda

2157 4002 2483 4072 docuerunt
2504 4000 2711 4055 Latina
2738 3999 3413 4072 HieronymiIMAR'rmN.

2230 4073 2251 4105 δ
2282 4071 2651 4143 Martianaws
2698 4086 2776 4143 px
2832 4068 3038 4127 Latina
3074 4070 3437 4143 ,Hieronymi
3513 4068 3820 4143 versione,

2156 4159 2285 4213 quae
2320 4142 2629 4213 subditur.
2660 4141 2883 4213 _Grazca
2923 4142 3191 4211 quaedam
3239 4141 3416 4197 verba
3486 4141 3823 4213 supplevit,

2156 4210 2284 4284 qua
2314 4212 2374 4265 in
2398 4210 3055 4285 meadesiderabantur.
3071 4213 3193 4269 Nos
3223 4230 3291 4268 ex
3313 4213 3444 4285 ipsa
3463 4210 3826 4285 Pyth—egeras

2154 4280 2271 4365 vita
2294 4280 2846 4365 _p‘er‘Jamblichum,
2879 4282 3001 4339 sive
3027 4299 3133 4365 per
3154 4280 3565 4365 Porphyrium,
3620 4280 3821 4365 q'uem

2154 4352 2536 4426 Jamblichus
2573 4354 2796 4426 passim
2856 4352 3150 4423 exscribit,
3205 4352 3321 4411 uno
3354 4352 3556 4426 'atque
3614 4352 3821 4426 altero

2157 4425 2281 4480 loco
2312 4423 2701 4480 restituimus.
2750 4425 2997 4495 Legerat
3040 4426 3135 4481 hic
3184 4423 3560 4482 Martianaeus
3602 4423 3825 4480 ἀκολα-

2158 4495 2297 4563 σίαν,
2328 4511 2431 4566 pro
2457 4512 2522 4551 eo
2564 4496 2716 4566 quod
2778 4493 3158 4564 πόλυτέλειαν,
3201 4497 3260 4552 id
3317 4502 3407 4553 est
3462 4498 3656 4553 luxum
3710 4504 3833 4555 aut

2153 4568 2650 4640 sumptuositatem,
2713 4567 2922 4640 legitur
2967 4567 3028 4640 in
3088 4584 3157 4624 ea
3206 4569 3347 4636 vita,
3399 4572 3457 4624 et
3486 4566 3665 4628 οἰκίας
3700 4587 3828 4640 pro

2151 4634 2325 4710 oi’xoo,
2401 4638 2655 4710 denique
2710 4634 3078 4710 πῐναμετρίαν
3145 4655 3248 4710 pro
3307 4634 3539 4695 duobus
3593 4634 3817 4698 verbis

2150 4708 2363 4784 πάντῳν
2396 4708 2675 4784 ἆμξτρήίαν.
2753 4708 2879 4781 quae
2963 4708 3230 4784 Hieron._
3301 4711 3753 4784 interpretatur,
3786 4731 3833 4770 ιι

2148 4782 2357 4856 cunctis
2420 4781 2580 4856 rebus
2609 4851 2620 4856 _
2646 4784 3144 4856 intemperantiam.
3200 4782 3415 4838 Cretera
3455 4781 3695 4856 'repete
3791 4803 3834 4841 δ.

2150 4851 2403 4923 Diogene
2436 4851 2682 4919 Laertio,
2715 4851 2824 4907 lib:
2853 4868 2978 4907 vm.
3081 4921 3087 4923 _
3132 4920 3143 4923 Α
3486 4918 3491 4921 μ

2218 4920 2333 4995 “Et
2356 4926 2596 4979 amicum
2653 4927 2913 4995 seipsum,
2981 4920 3453 4995 Malchus__idem
3483 4920 3683 4995 ihabet
3749 4926 3829 4982 in

2148 4994 2282 5050 Vita
2313 4994 2649 5070 Pythagorae
2677 4990 2809 5070 :ﬁov
2871 4990 2928 5047 δὲ
2987 4990 3150 5070 φίλον
3252 4991 3694 5070 ἄλλον-ἑαυτόν.
3752 4999 3833 5070 Id

2147 5082 2280 5138 vero
2314 5065 2592 5138 adnotare
2622 5065 2796 5134 volui,
2831 5065 3136 5138 propterea
3173 5067 3332 5138 quod
3394 5065 3682 5138 Diogenes
3745 5069 3827 5126 in

2149 5137 2472 5210 Pythagora
2500 5137 2665 5210 aliter
2696 5136 3151 5210 posui_t,_n_empe
3194 5136 3529 5193 amicorum
3594 5141 3837 5198 omnia.

2146 5207 2276 5280 esse
2326 5207 2713 5280 communia;
2766 5207 3201 5280 amicitiamque
3258 5210 3674 5280 aequalitatem,
3710 5214 3833 5266 καὶ

2146 5278 2333 5363 φικίξιν
2356 5278 2614 5363 ’ἶσόσῖηταμ
2650 5277 3743 5363 Conseque‘ntia;porro_'praecepta
3759 5291 3838 5363 et

2145 5350 2413 5474 simbola
2440 5350 2570 5430 vide
2605 5352 2759 5420 apud
2795 5350 3067 5407 eumdem
3085 5350 3322 5424 Diogen.
3356 5350 3541 5408 Laert.
3572 5350 3838 5412 deVitis

2141 5438 2176 5493 p
2222 5420 2472 5493 ilosoph..
2504 5420 2753 5493 llb._VlII.
2788 5421 3083 5478 MARTIAN.
3176 5492 3179 5493 ν
3702 5490 3753 5493 ν

2222 5420 2472 5478 ilosooh..
2504 5420 2605 5475 lib.
2633 5438 2753 5476 vm.
2788 5421 3083 5478 Manum.

2213 5490 2532 5565 δΜΞιθήᾳεις
2602 5490 2955 5565 ἀναμνήσεις.
3059 5492 3351 5550 Omittunt
3451 5493 3548 5548 hic
3652 5490 3836 5550 editi

2143 5560 2279 5616 libri
2316 5561 2582 5618 Latinam
2614 5560 3058 5637 explicationem
3086 5566 3397 5622 verborum
3458 5565 3833 5637 Graecorum

2144 5649 2323 5705 quam
2344 5637 2544 5691 tamen
2574 5635 2827 5695 retinent
2849 5651 3054 5693 omnes
3084 5652 3228 5696 mss.
3264 5638 3517 5707 codices,
3576 5636 3840 5692 discen-
