4110 6162
1394 212 1711 281 CONTRA
1755 212 2115 281 RUFINUM
2160 213 2307 279 LIB.
2353 214 2459 283 ill.

3500 216 3623 288 5T0

213 352 368 410 Plato
399 349 461 408 in
494 343 668 409 libris
698 348 845 420 suis,
880 350 938 407 et
967 348 1219 407 maxime
1251 351 1307 406 in
1330 352 1620 421 Phaedone,
1647 353 1862 407 Timaeo-
1894 355 1946 421 Α
1976 368 2041 407 ac
2074 350 2313 418 sodalis,
2350 358 2405 408 et
2436 352 2587 424 quod
2622 350 2714 409 his
2744 352 2937 425 majus
2994 347 3102 424 est,
3134 356 3331 413 omnia
3388 376 3514 432 quae
3545 360 3618 416 de

209 460 315 515 que
346 443 757 514 prosequitur.
778 441 923 496 Nam
958 440 1477 513 postAcademiam
1514 442 1862 496 etinnume-

210 530 425 588 rabiles
478 530 831 601 discipulos,
894 530 1152 585 sentiens
1198 530 1449 584 multum
1511 547 1628 585 suae
1661 531 1865 584 deesse

210 621 515 684 doctrinis,
566 620 728 673 venit
757 620 829 674 ad
885 635 1161 690 magnam
1196 618 1496 683 Graeciam,
1561 618 1761 689 ibique
1793 620 1863 673 ab

212 708 477 780 Archyta
500 706 810 761 Tarentino
842 712 897 761 et
926 707 1168 761 Timeo'
1224 707 1495 761 Locrensi
1527 706 1863 778 Pythagorre

217 798 494 854 doctrina
521 796 800 859 eruditus,
832 794 1178 867 elegantiam
1210 800 1266 849 et
1317 796 1569 867 leporem
1612 795 1865 850 Socratis

224 904 363 943 cum
394 886 564 955 hujus
596 884 835 939 miscuit
867 884 1214 954 disciplinis,
1242 900 1366 955 quae
1389 884 1607 950 omnia,
1631 884 1867 938 nomine

227 978 601 1037 commutato,
669 973 949 1045 Origenes
1007 973 1064 1026 in
1133 989 1272 1028 suos
1329 972 1507 1027 libros
1573 972 1696 1044 περί
1744 974 1864 1045 Ἀρ-

226 1069 333 1137 χὼν
365 1061 742 1117 transtulisse
772 1061 1152 1116 convincitur.
1191 1062 1252 1115 In
1299 1078 1415 1131 quo
1450 1060 1628 1132 igitur
1657 1061 1865 1127 erravi,

215 1153 259 1207 si
288 1152 640 1207 adolescens
671 1149 788 1204 dixi
822 1167 914 1205 me
943 1166 1011 1204 ea
1042 1154 1280 1221 putasse
1310 1149 1368 1203 in
1401 1149 1703 1220 apostolis,
1739 1166 1865 1220 quae

211 1244 264 1296 in
311 1240 654 1312 Pythagora
694 1244 754 1294 et
800 1238 1036 1293 Platone
1085 1243 1141 1292 et
1188 1237 1534 1308 Empedocle
1565 1238 1868 1309 legeram?

210 1331 333 1387 Non
367 1334 434 1383 ut
467 1336 533 1382 tu
562 1326 947 1383 calumniaris
997 1332 1052 1381 et
1100 1326 1295 1398 ﬁngis,
1343 1327 1399 1380 in
1448 1326 1779 1398 Pythagorae
1812 1330 1869 1381 et

208 1419 473 1474 Platonis
529 1422 588 1471 et
648 1414 1013 1487 Empedoclis
1068 1414 1234 1469 libris
1294 1415 1392 1469 sed
1452 1432 1579 1485 qua:
1637 1416 1696 1469 in
1754 1414 1868 1469 illis

211 1509 392 1563 fuisse
426 1507 715 1578 legeram,
749 1508 805 1559 et
835 1502 1083 1558 aliorum
1118 1520 1209 1557 me
1242 1505 1460 1575 scripta
1477 1503 1868 1559 eoshabuisse

210 1598 566 1653 docuerunt.
608 1595 679 1648 Et
730 1593 837 1647 hoc
869 1609 1053 1664 genus
1086 1591 1432 1647 elocutionis
1462 1592 1869 1664 frequentissi-

212 1701 374 1741 mum
396 1689 491 1739 est
515 1700 529 1735 :
555 1686 621 1736 ut
645 1682 692 1736 si
717 1680 929 1745 dicam,
954 1697 1081 1751 quae
1102 1680 1160 1734 in
1181 1684 1413 1735 Socrate
1435 1680 1545 1752 legi
1566 1682 1862 1751 dogmata,

212 1773 409 1846 putavi
440 1788 599 1826 vera.
635 1770 761 1825 Non
794 1770 949 1840 quod
1004 1770 1268 1824 Socrates
1311 1768 1493 1824 libros
1542 1769 1693 1825 ullos
1725 1770 1866 1825 scri-

214 1861 481 1934 pserit”;
516 1858 619 1913 sed
651 1873 776 1928 quas
809 1855 922 1927 legi
953 1857 1107 1927 apud
1141 1857 1443 1911 Platonem
1486 1862 1544 1912 et
1587 1858 1730 1913 alios
1764 1859 1866 1913 So-

215 1949 473 2005 craticos
497 1945 664 2000 illum
695 1944 995 1999 habuisse.
1030 1948 1098 1998 Et
1140 1961 1399 2012 rursum,
1460 1945 1679 2001 imitari
1710 1945 1868 2001 volui

220 2043 395 2111 gesta
425 2052 554 2106 quae
572 2034 631 2088 in
656 2033 980 2087 Alexandro
1013 2037 1069 2086 et
1092 2032 1356 2103 Scipione
1422 2032 1673 2105 legeram
1704 2058 1718 2093 ;
1752 2051 1867 2089 non

218 2126 381 2197 quod
415 2125 546 2196 ipsa
576 2139 677 2178 sua
701 2125 869 2193 gesta
899 2120 1336 2192 descripserint,
1372 2122 1472 2176 sed
1524 2123 1676 2192 quod
1713 2123 1867 2193 apud

214 2215 362 2269 alios
394 2212 665 2283 legerim,
724 2226 851 2281 quae
884 2208 1013 2263 illos
1073 2209 1325 2282 gessisse
1374 2210 1651 2277 mirabar,
1690 2210 1871 2283 Igitur

212 2305 392 2359 etiam
463 2301 518 2355 si
584 2300 793 2355 docere
861 2314 976 2352 non
1039 2314 1271 2370 possem
1322 2298 1507 2368 ipsius
1540 2299 1869 2370 Pythagorae

210 2396 441 2448 exstare
474 2392 884 2457 monumenta,
918 2402 1022 2442 nec
1049 2405 1081 2442 a
1112 2386 1230 2441 filio
1261 2388 1390 2457 ejus
1420 2404 1485 2441 ac
1534 2386 1675 2454 filia,
1710 2386 1867 2442 aliis-

212 2497 320 2553 que
352 2476 676 2548 discipulis
706 2476 951 2547 probata
980 2476 1406 2541 convincerem,
1440 2492 1531 2530 me
1563 2492 1677 2531 non
1709 2481 1870 2531 tene-

212 2586 297 2625 res
328 2566 658 2635 mendacii,
691 2564 831 2635 quia
859 2582 973 2619 non
1006 2564 1208 2630 libros,
1237 2565 1336 2619 sed
1368 2564 1872 2637 dogmata-legisse

215 2674 302 2713 me
330 2655 453 2711 dixi
485 2673 500 2709 :
547 2658 604 2708 et
636 2658 693 2708 te
724 2654 942 2707 frustra
971 2669 1182 2717 errare,
1218 2669 1309 2707 me
1365 2658 1535 2707 tuum
1568 2658 1869 2725 protegere

215 2744 595 2802 mendacium
639 2740 915 2805 voluisse,
986 2745 1049 2795 ut
1091 2740 1205 2795 nisi
1267 2757 1372 2812 ego
1441 2758 1625 2795 unum
1652 2741 1869 2797 librum

213 2835 560 2906 Pythagorae
594 2828 915 2902 protulero,
945 2834 1005 2884 tu
1040 2846 1139 2884 sex
1169 2828 1353 2884 millia
1383 2829 1649 2901 Origenis
1691 2830 1871 2885 libros

215 2922 567 2993 perdideris.

278 3012 366 3066 41.
410 3008 749 3067 Minabatur
813 3008 1137 3079 Hieronymo
1203 3009 1491 3062 interitum
1522 3009 1770 3078 Ruﬁnus.
1802 3040 1868 3047 ——

1974 442 2221 513 Origene
2250 442 2547 508 transtuli,
2601 442 3226 513 catholicajudicabis.
3287 448 3387 502 Sin
3421 454 3616 505 autem

1976 530 2222 584 mutiero
2254 534 2311 583 et
2369 547 2461 585 me
2490 548 2877 597 commovero,
2928 532 3084 587 illico
3144 535 3410 605 impurus
3436 554 3531 593 ero
3563 545 3620 595 et

1976 619 2303 685 haaroticus,
2339 622 2395 673 et
2424 623 2524 673 tua
2555 620 2834 691 indignus
2857 622 3306 678 necessitudine.
3332 625 3457 681 Haec
3483 635 3622 684 sunt

1978 707 2263 777 praeconia
2305 723 2454 771 mea,
2508 707 2589 762 sic
2647 726 2736 763 me
2786 708 3039 763 hortaris
3100 711 3169 764 ad
3205 728 3403 783 pacem
3462 720 3517 770 et
3547 734 3619 773 ne

1975 794 2259 866 gemitum
2291 795 2527 865 quidem
2560 813 2625 850 ac
2677 796 2964 868 lacrymas
3013 798 3197 853 dolori
3253 801 3465 858 liberas
3495 821 3623 861 esse

1977 883 2268 939 concedis.

2048 973 2135 1027 42.
2170 973 2565 1027 Calumm’andi
2594 975 2874 1029 licentiam
2931 978 3291 1045 reprehendit.
3354 980 3545 1035 Fulvia
3573 986 3625 1037 et

1979 1060 2254 1114 Herodias.
2291 1091 2356 1099 —-
2392 1061 2629 1115 Possem
2662 1066 2717 1115 et
2746 1078 2850 1133 ego
2901 1063 3018 1117 tuis
3049 1067 3103 1118 te
3162 1064 3455 1122 coloribus
3491 1069 3623 1139 pin-

1977 1164 2109 1218 gere
2176 1152 2232 1202 et
2294 1148 2546 1203 insanire
2604 1156 2806 1204 contra
2861 1149 3283 1220 insanientem;
3318 1159 3373 1208 et
3431 1155 3621 1212 dicere

1980 1236 2263 1307 quidquid
2298 1236 2383 1290 vel
2426 1236 2566 1302 scio,
2627 1238 2710 1292 vel
2747 1239 2977 1305 nescio;
3011 1246 3068 1295 et
3125 1242 3326 1296 eadem
3362 1242 3616 1310 licentia,

1978 1324 2159 1379 immo
2194 1326 2385 1379 furore
2415 1331 2471 1380 et
2501 1327 2774 1396 amentia,
2808 1327 2891 1382 vel
2924 1328 3088 1394 falsa,
3120 1329 3204 1383 vel
3240 1348 3371 1385 vera
3410 1349 3619 1405 conge-

1978 1430 2123 1480 rere,
2194 1417 2258 1467 ut
2322 1419 2376 1468 et
2439 1431 2530 1470 me
2558 1414 2741 1486 loqui,
2803 1421 2857 1470 et
2889 1422 2941 1471 te
2985 1418 3226 1488 puderet
3282 1421 3515 1483 audire;
3562 1428 3620 1478 et

1978 1502 2226 1572 objicere
2256 1502 2382 1569 tibi,
2418 1520 2542 1573 quae
2572 1508 2671 1559 aut
2703 1512 3076 1560 accusantem
3111 1508 3479 1575 damnarent,
3523 1517 3625 1567 aut

1979 1596 2345 1656 accusatum,
2410 1598 2472 1646 ut
2529 1609 2595 1647 ex
2646 1593 2852 1647 frontis
2914 1593 3131 1649 duritia
3183 1594 3359 1651 fidem
3420 1597 3621 1654 lectori

1980 1679 2248 1745 facerem,
2320 1686 2384 1735 ut
2449 1681 2604 1751 quod
2672 1682 3040 1753 impudenter
3105 1684 3413 1741 scriberem
3494 1705 3625 1744 vere

1981 1768 2235 1823 scribere
2279 1770 2596 1839 judicarer.
2670 1771 2778 1825 Sed
2850 1772 3051 1841 procul
3122 1773 3199 1827 sit
3264 1791 3297 1828 a
3364 1776 3627 1834 moribus

1979 1855 2353 1924 Christianis,
2390 1862 2455 1912 ut
2484 1859 2625 1912 dum
2681 1858 2929 1913 aliorum
2962 1864 3169 1930 petunt
3211 1864 3556 1934 sanguinem
3580 1868 3621 1935 ³,

1979 1962 2153 2000 suum
2186 1948 2469 2014 offerant;
2502 1951 2558 2001 et
2586 1948 2712 2001 sine
2744 1947 2959 2019 gladio,
2995 1948 3290 2005 voluntate
3317 1952 3621 2009 homicidae

1980 2035 2116 2089 sint.
2152 2036 2286 2089 Tuae
2344 2036 2451 2090 hoc
2478 2035 2748 2102 bonitati,
2812 2040 3045 2107 tuaeque
3094 2042 3537 2097 mansuetudini
3571 2049 3627 2099 et

1980 2123 2338 2194 simplicitati
2370 2124 2658 2190 convenit,
2688 2123 2787 2193 qui
2820 2125 2889 2177 de
2922 2142 3036 2179 uno
3090 2129 3339 2196 pectoris
3370 2133 3621 2201 sterqui-

1978 2210 2139 2276 linio,
2175 2216 2231 2266 et
2261 2212 2499 2266 odorem
2533 2228 2824 2275 rosarum,
2883 2217 2941 2266 et
2972 2213 3210 2268 fetorem
3259 2216 3480 2285 profers
3528 2235 3624 2273 ca-

1979 2300 2294 2354 daverum:
2327 2304 2383 2353 et
2412 2304 2614 2354 contra
2643 2299 2997 2354 sententiam
3056 2300 3454 2372 prophetalem
3489 2306 3619 2375 (Isa.

1980 2404 2032 2453 v,
2066 2388 2155 2455 50)
2188 2402 2455 2441 amarum
2487 2386 2664 2442 discis
2723 2404 2851 2442 esse
2883 2390 3035 2459 quod
3093 2390 3258 2459 quasi
3296 2390 3463 2446 dulce
3504 2392 3627 2448 lau-

1980 2477 2241 2530 daveras.
2276 2477 2389 2530 Nec
2421 2491 2657 2530 necesse
2688 2480 2796 2542 est,
2854 2481 2918 2530 ut
2974 2476 3032 2530 in
3064 2476 3477 2535 ecclesiasticis
3508 2487 3622 2537 tra-

1981 2565 2234 2619 ctatibus
2268 2582 2387 2620 rem
2449 2563 2833 2619 tribunalium
2890 2565 3313 2633 ventilemus‘;
3363 2569 3626 2642 nihilque

1981 2670 2158 2725 super
2188 2654 2294 2709 hoc
2353 2654 2609 2725 amplius
2668 2653 2890 2721 audies,
2952 2653 3065 2709 nisi
3123 2654 3268 2710 illud
3328 2674 3357 2711 e
3415 2658 3621 2716 trivio:

1982 2765 2007 2791 ‹‹
2045 2742 2189 2796 Cum
2247 2744 2463 2797 dixeris
2523 2744 2674 2813 quod
2708 2743 2813 2809 vis,
2848 2743 3050 2797 audies
3108 2744 3261 2814 quod
3297 2762 3410 2799 non
3452 2747 3557 2802 vis.
3593 2771 3620 2798 ››

1980 2835 2097 2883 Aut
2131 2831 2177 2883 si
2240 2830 2343 2884 tibi
2392 2831 2503 2885 vile
2560 2831 2787 2885 videtur
2842 2830 3079 2901 vulgare
3137 2832 3529 2902 proverbium,
3563 2842 3622 2891 et

1981 2917 2154 2972 homo
2222 2918 2699 2990 sapientissimus
2765 2919 2951 2990 magis
3019 2918 3499 2991 philosophorum
3556 2941 3621 2978 ac

1980 3010 2279 3075 poetarum
2314 3008 2618 3063 sententiis
2669 3006 2960 3073 delectari,
3016 3006 3141 3079 lege
3172 3007 3316 3063 illud
3359 3010 3618 3067 Homeri-

213 3100 461 3155 V'eniam
529 3097 603 3151 ad
661 3095 942 3168 epilogos,
1008 3096 1067 3150 id
1134 3100 1243 3163 est,
1285 3095 1593 3151 maledicta
1656 3101 1776 3163 tua,
1810 3088 1943 3153 inC
1981 3095 2185 3149 cum“:

217 3188 440 3257 quibus
474 3201 571 3240 me
629 3186 699 3239 ad
773 3184 1174 3255 pcenitentiam
1245 3184 1603 3250 cohortaris;
1673 3190 1729 3238 et
1758 3184 1871 3239 nisi

218 3291 545 3331 conversus
572 3275 759 3339 fuero,
794 3274 851 3327 id
884 3277 992 3337 est,
1026 3272 1139 3327 nisi
1188 3277 1244 3327 te
1297 3278 1606 3328 accusante
1635 3272 1871 3338 siluero,

217 3364 373 3418 mihi
405 3363 652 3417 minaris
670 3361 995 3416 interitum.
1030 3361 1099 3414 Et
1130 3360 1235 3415 hoc
1266 3360 1609 3416 scandalum
1658 3363 1871 3416 redun-

216 3450 515 3503 daturum
543 3450 604 3503 in
633 3460 797 3521 caput
846 3465 1046 3505 meum
1076 3449 1410 3514 denuntias,
1474 3450 1573 3521 qui
1604 3455 1660 3505 te
1690 3451 1851 3506 homi

226 3554 375 3591 nem
404 3536 765 3593 lenissimum
828 3543 885 3593 et
924 3538 1187 3593 Mosaicae
1254 3538 1748 3606 mansuetudinis,
1781 3555 1869 3594 re-

215 3625 557 3699 sponsione
584 3642 706 3682 mea
733 3628 801 3682 ad
837 3626 1171 3699 scriptionis
1194 3627 1485 3682 insaniam
1536 3644 1871 3698 provocave-

205 3717 358 3771 rim.
431 3716 591 3772 Scire
655 3718 810 3771 enim
878 3721 934 3771 te
997 3717 1188 3786 jactas
1233 3716 1500 3781 erimina,
1538 3716 1693 3771 568
1741 3734 1867 3787 qua:

201 3805 313 3861 tibi
350 3805 464 3861 soli
533 3805 897 3861 amicissimo
966 3805 1076 3859 sim
1147 3805 1471 3871 confessus,
1523 3811 1580 3859 et
1647 3805 1768 3859 hmo
1810 3806 1864 3859 in

197 3896 471 3950 medium
506 3894 918 3966 prolaturum;
951 3892 1216 3964 meisque
1283 3909 1374 3947 me
1405 3892 1696 3947 coloribus
1739 3908 1869 3950 esse

194 3984 600 4056 pingendum,
635 3988 693 4037 et
723 3983 934 4037 debere
1002 3982 1344 4036 meminisse
1374 3982 1549 4053 quod,
1576 3982 1865 4050 jacuerim

193 4072 267 4126 ad
302 4073 489 4145 pedes
522 4077 682 4139 tuos,
715 4086 788 4126 ne
818 4070 1013 4143 gladio
1043 4071 1161 4125 oris
1192 4071 1276 4124 tui
1309 4075 1645 4141 amputares
1694 4075 1869 4143 caput

191 4176 424 4216 meum.
461 4162 536 4216 Et
595 4164 733 4233 post
762 4158 968 4225 multa,
1003 4158 1061 4213 in
1094 4159 1313 4230 quibus
1382 4160 1739 4214 furibundus
1770 4176 1864 4214 ex-

188 4247 416 4313 sultas,
446 4265 695 4305 revocas
726 4253 802 4315 te,
835 4252 891 4303 et
915 4247 1062 4302 dicis
1093 4252 1291 4318 optare
1320 4263 1521 4318 pacem
1581 4264 1714 4302 cum
1766 4248 1864 4303 de-

188 4336 579 4395 nuntiatione
612 4338 917 4403 duntaxat,
956 4341 1020 4391 ut
1081 4336 1356 4408 deinceps
1382 4340 1627 4403 taceam,
1663 4338 1719 4391 id
1753 4342 1859 4403 est,

2114 3228 2333 3281 Ὀποϊου
2365 3230 2412 3281 κ’
2447 3229 2675 3298 ε’ἱπησοκ
2704 3228 2855 3297 ἔπος,
2887 3242 3039 3283 τοϊου
3069 3230 3117 3282 κ’
3148 3230 3489 3293 ἑπακοῦσαις.

1984 3363 2137 3417 569
2170 3362 2288 3417 Hoc
2346 3362 2538 3418 solum
2573 3364 2806 3434 requiro
2865 3365 2937 3418 ab
2968 3363 3178 3419 eximia
3236 3366 3541 3422 sanctitate
3572 3371 3629 3423 et

1983 3467 2231 3505 censura
2260 3456 2361 3505 tua
2385 3454 2580 3523 (cujus
2614 3457 2776 3507 tanta
2806 3457 2893 3507 est
2922 3453 3167 3523 puritas,
3202 3458 3265 3507 ut
3294 3455 3363 3510 ad
3388 3455 3626 3510 sudaria

1981 3544 2036 3593 et
2066 3539 2427 3595 semicinctia
2462 3546 2563 3595 tua
2592 3542 2871 3596 demoncs
2902 3541 3176 3611 rugiant),
3210 3543 3379 3611 cujus
3428 3559 3625 3598 exem-

1983 3626 2141 3697 plum
2176 3627 2233 3680 in
2267 3628 2575 3683 scribendo
2610 3628 2922 3699 sequaris?
2950 3628 3091 3690 Quis
3122 3644 3381 3698 unquam
3425 3629 3620 3685 catho-

1978 3712 2224 3768 licorum
2259 3715 2317 3769 in
2349 3716 2745 3785 disputatione
2766 3720 3077 3781 sectarum,
3101 3716 3524 3787 turpitudinem
3548 3718 3621 3783 ei,

1978 3804 2286 3857 adversum
2348 3820 2522 3874 quem
2554 3804 2833 3874 disputat,
2895 3803 3149 3874 objecit‘?
3180 3804 3273 3858 Sic
3326 3809 3381 3860 te
3412 3806 3622 3862 docue-

1977 3896 2115 3945 runt
2146 3891 2408 3962 magistri
2443 3891 2575 3945 tui?
2607 3891 2847 3946 Talibus
2878 3891 3185 3947 institutus
3211 3908 3273 3947 es
3296 3893 3624 3966 disciplinis

1978 3988 2042 4034 ut
2072 3980 2166 4034 cui
2203 3980 2555 4052 respondere
2587 3997 2701 4035 non
2737 3980 3022 4051 potueris,
3054 3985 3230 4052 caput
3267 3982 3495 4038 auferas
3524 4001 3536 4049 ;
3568 3987 3625 4037 et

1975 4069 2239 4141 linguam
2274 4086 2400 4140 qua:
2434 4069 2622 4124 facere
2654 4086 2766 4123 non
2826 4073 3036 4140 potest,
3072 4085 3232 4124 seces
3257 4069 3284 4122 ?
3336 4070 3449 4124 Nec
3500 4086 3621 4124 ma-

1976 4174 2229 4230 gnopere
2278 4158 2565 4230 glorieris,
2600 4158 2646 4213 si
2704 4158 2885 4213 facias
2916 4158 3069 4228 quod
3121 4158 3456 4229 scorponies
3488 4174 3621 4229 pos-

1976 4251 2117 4301 sunt
2147 4246 2335 4302 facere
2365 4252 2422 4300 et
2456 4246 2847 4301 cantharides.
2882 4245 3157 4300 Fecerunt
3189 4244 3309 4300 hazc
3338 4250 3394 4300 et
3425 4244 3625 4300 Fulvia

1978 4334 2034 4389 in
2071 4334 2426 4399 Ciceronem,
2462 4340 2519 4389 et
2576 4333 2855 4389 Herodias
2885 4332 2943 4386 in
2974 4333 3257 4388 Joannem
3285 4349 3297 4386 :
3358 4331 3495 4403 quia
3523 4350 3621 4389 ve-

182 4430 245 4482 ut
276 4445 399 4483 non
477 4427 745 4483 scribam
813 4430 1017 4481 contra
1085 4425 1401 4491 haereticos,
1472 4441 1577 4481 nec
1615 4427 1861 4481 audeam
1895 4453 1939 4516 D
1975 4423 2211 4477 ritatem
2246 4440 2360 4477 non
2385 4420 3237 4495 poterantaudire,etlinguam
3260 4421 3616 4493 veriloquam

178 4518 560 4588 respondere
592 4515 955 4571 accusationi
988 4520 1121 4568 tuae.
1181 4514 1240 4569 Si
1307 4513 1414 4568 hoc
1444 4515 1653 4580 fecero,
1685 4516 1862 4570 frater

174 4620 270 4661 ero
300 4610 365 4661 et
399 4603 667 4676 collega,
738 4608 797 4657 et
839 4602 928 4657 vir
992 4602 1511 4673 eloquentissimus
1544 4609 1599 4659 et
1631 4604 1860 4660 amicus

168 4823 275 4875 tias
348 4821 820 4876 remz'nz'scentias
887 4834 1021 4872 esse.
1058 4817 1343 4871 MARTIAN.
1414 4847 1481 4857 ——-
1514 4817 1718 4873 Nescio
1786 4837 1857 4874 an

167 4893 397 4955 verius,
438 4890 752 4946 Victorius
821 4888 981 4943 addit
1015 4887 1169 4955 εἶναι,
1237 4892 1293 4942 et
1324 4887 1857 4959 interpretationem

164 4961 492 5019 discentia:
556 4962 1165 5031 reminiscentias‘esse,
1236 4975 1350 5014 non
1416 4960 1611 5023 habet,
1682 4978 1857 5031 quam

164 5034 584 5091 Martianaaus
618 5031 843 5087 addidit
872 5048 939 5087 ex
970 5029 1192 5100 aliquot
1213 5046 1357 5084 mss.

229 5110 249 5141 ι
285 5107 441 5161 Vid.
523 5104 887 5171 Ciceronem,
956 5119 989 5155 ν
1020 5101 1085 5156 de
1150 5102 1397 5166 Finibus,
1466 5105 1573 5156 eti
1617 5103 1854 5167 Tuscul.,

156 5176 251 5234 cui
280 5177 403 5236 alii
442 5174 873 5246 astipulantur.
908 5173 1185 5227 Timaeum
1204 5178 1539 5246 asserentes
1560 5191 1593 5227 a
1614 5171 1854 5246 Platone

162 5249 215 5302 in
250 5250 448 5305 Italia
487 5242 676 5301 fuisse
706 5245 974 5301 auditum
1003 5262 1017 5309 ;
1050 5249 1107 5299 et
1136 5242 1337 5314 collige
1402 5261 1592 5300 errare
1634 5245 1854 5299 Macro-

160 5320 303 5375 bum
343 5320 471 5374 lib.
512 5336 529 5371 ι
563 5317 871 5382 Saturnal.,
906 5333 955 5370 c.
982 5318 1030 5383 l,
1054 5314 1154 5385 qui
1175 5316 1472 5371 Socratem
1496 5324 1552 5371 et
1569 5316 1853 5371 Timzrum

156 5393 375 5448 eodem
417 5388 653 5446 saeculo
687 5405 801 5443 non
834 5388 1015 5442 fuisse
1046 5386 1363 5441 contendit.

224 5464 439 5530 'Alii,
522 5476 672 5531 quos
738 5460 889 5515 inter
921 5459 1033 5513 Leo
1100 5457 1377 5531 Allatius,
1430 5458 1647 5531 scripta
1711 5459 1853 5513 varii

154 5535 410 5605 generis
484 5532 711 5587 Socrati
778 5532 1083 5595 tribuunt;
1140 5530 1239 5585 sed
1304 5533 1525 5585 veteres
1592 5530 1853 5601 plerique

1972 4511 2358 4567 discriminali
2392 4529 2496 4567 acu
2558 4512 2959 4567 confoderunt.
3019 4514 3203 4566 Canes
3260 4509 3476 4565 latrant
3519 4528 3622 4583 pro

1971 4600 2228 4655 dominis
2260 4602 2477 4668 suis,et
2508 4606 2566 4655 tu
2593 4618 2710 4658 non
2732 4602 2817 4655 vis
2850 4618 2943 4657 me
2972 4600 3181 4655 latrare
3214 4617 3317 4671 pro
3347 4599 3624 4655 Christo?

1972 4829 2175 4885 omnes
2236 4820 2557 4885 pernegant
2624 4813 2695 4867 ab
2750 4812 2845 4867 illo
2908 4812 3229 4884 quidquam
3274 4812 3618 4865 mandatum

1971 4884 2207 4939 litteris.

2040 4958 2060 4987 ³
2092 4960 2275 5010 Vetus
2305 4956 2467 5010 edit..
2510 4957 2571 5011 Ut
2602 4956 2728 5009 dum
2783 4956 2886 5008 alii
2938 4961 3129 5025 petunt
3168 4968 3359 5007 eorum
3396 4955 3619 5023 sangui-

1974 5044 2118 5093 nem,
2152 5032 2263 5081 etc.

2041 5100 2059 5131 ‘
2090 5098 2359 5153 Martian.
2392 5100 2524 5167 post
2557 5098 2780 5150 Erasm.
2820 5098 2944 5151 Item
2977 5096 3331 5167 tribunalem.

2035 5172 2055 5203 ⁵
2109 5169 2254 5225 Illud
2330 5166 2697 5222 Homericum.
2760 5168 3044 5222 llomerus
3104 5166 3281 5220 Iliade
3338 5172 3411 5231 l‘;
3474 5182 3619 5221 mss.

1968 5242 2194 5311 codices
2228 5240 2453 5311 addunt
2485 5239 2767 5311 nonnulla
2800 5243 2931 5311 post
2954 5235 3109 5303 ἔπος,
3144 5236 3621 5311 scilicetisthtec,

1963 5309 2093 5371 ἓπος
2126 5324 2275 5363 τοῖον
2308 5310 2402 5362 καὶ
2438 5308 2817 5369 ἐπαχοῦςαιςδ
2854 5311 3136 5365 ΜΑΒΤΙΑΝ.
3199 5340 3265 5349 --ο
3332 5308 3493 5363 Iliad.
3558 5313 3621 5372 Υ,

1964 5385 2274 5506 vtcrs.d250,
2339 5382 2492 5453 quod
2524 5387 2631 5446 est,
2665 5383 2835 5449 Quale
2872 5387 2923 5437 et
2954 5382 3165 5438 dixeris
3221 5380 3461 5445 verbum,
3508 5378 3625 5433 tale

1964 5473 1989 5506 e
2050 5471 2118 5506 au
2165 5469 2262 5506 zes.

1962 5458 2011 5511 et
2050 5455 2262 5508 audies.
