4110 6162
485 309 602 382 οη

1713 311 1780 379 S.
1825 307 2140 380 E'USEBH
2185 307 2658 382 ΕῙΜΟΒΠΜΙ.

3757 308 3884 386 ω

477 444 856 522 Scripseram
886 443 1056 506 multi
1085 447 1692 522 contraMarcionem,
1721 449 2120 513 Valentinum,
2152 446 2208 514 Α
2237 449 2587 508 faciendum.
2629 449 2736 517 Qui
2768 449 2976 509 nititur
3001 450 3332 522 mendacio,
3361 452 3794 526 pascitventos,
3823 458 3886 515 et

481 538 690 597 Arium
721 544 777 597 et
797 538 1178 597 :Eunomium.
1210 539 1256 594 A
1285 539 1513 612 quo-eis
1543 540 1769 610 objecta
1814 543 1903 596 est
1939 539 2126 611 turpi-

481 630 625 691 tudo
645 631 674 686 ἓν
701 630 904 686 Nonne
935 628 1038 683 toti
1067 628 1126 683 in
1155 627 1554 685 convincenda
1610 628 1813 684 haeresi
1842 628 2126 684 incubueo

481 719 669 776 runt?
703 719 831 777 Istae
863 717 1147 774 machina:
1179 717 1604 782 hereticorum,
1637 718 1693 772 id
1715 722 1802 773 est
1823 718 2128 790 magistro-

485 825 614 866 rum
644 813 880 864 tuorum
907 814 1070 875 sunt,
1100 811 1164 862 ut
1184 806 1430 863 convicti
1457 808 1528 861 de
1554 806 1816 878 perﬁdia,
1850 806 1922 862 ad
1952 806 2129 862 male-

482 900 642 956 dicta
693 913 756 954 se
812 897 1130 953 conferant.
1184 896 1276 951 Sic
1327 895 1670 952 Eustathius
1724 895 2125 951 Antiochenus

483 988 815 1060 episc0pus,
851 985 998 1040 ﬁlios
1029 986 1171 1039 dum
1203 985 1408 1049 nescit,
1443 983 1710 1040 invenit‘.
1749 984 1842 1040 Sic
1875 983 2126 1040 Athana-

479 1076 630 1140 sius,
676 1073 1078 1130 Alexandrinae
1109 1073 1272 1128 urbis
1303 1073 1578 1144 pontifex,
1611 1074 1842 1130 tertiam
1888 1073 2120 1129 Arsenii

480 1164 811 1236 amputavit
841 1179 1102 1218 manum.
1136 1163 1294 1218 Duas
1322 1162 1478 1217 enim
1510 1163 1610 1235 qui
1643 1167 1910 1218 mortuus
1959 1161 2123 1234 prius

473 1254 828 1323 ﬁngebatur,
860 1251 1057 1306 vivens
1116 1255 1317 1321 postea
1345 1251 1558 1308 habere
1615 1255 1978 1307 monstratusI
2012 1255 2120 1306 est.

475 1341 637 1399 .Talia
665 1345 721 1397 et
748 1339 1132 1412 condiscipuli
1155 1339 1240 1395 tui
1267 1344 1324 1396 et
1357 1341 1616 1412 magistri
1652 1357 1808 1396 nunc
1867 1341 1937 1395 de
1967 1342 2121 1411 ejus-

474 1431 612 1487 dem
662 1427 926 1484 Ecclesia:
984 1429 1284 1484 sacerdote
1313 1429 1695 1501 conﬁngunt:
1754 1432 1812 1482 et
1862 1444 2024 1495 auro,
2059 1427 2118 1482 id

474 1522 586 1584 est,
609 1517 728 1574 tuis
757 1520 1112 1588 tuorumque
1135 1516 1358 1572 viribus
1389 1520 1729 1588 Oppugnant
1759 1516 1893 1572 ﬁdei
1911 1516 2119 1572 verita-

473 1608 618 1662 tem.
650 1604 798 1669 Quid
825 1603 1036 1676 loquar
1061 1605 1135 1658 de
1163 1603 1473 1668 haereticis,
1501 1604 1602 1675 qui
1633 1603 1769 1659 licet
1799 1603 1939 1659 foris
1980 1605 2118 1670 sint,

472 1697 672 1750 tamen
705 1711 766 1750 se
797 1693 1104 1749 nominant
1127 1693 1490 1748 Christianos
1506 1697 1531 1747 Ρ
1549 1694 1873 1749 Adversum
1900 1693 2121 1765 impiis-

467 1783 680 1847 simos,
711 1781 942 1839 Celsum
973 1786 1152 1854 atque
1172 1781 1580 1854 Porphyrium,
1605 1781 1809 1854 quanti
1832 1783 2121 1854 scripsere
2151 1816 2199 1882 Β

475 1876 811 1930 nostrorum
831 1872 860 1926 ‘P
889 1871 1050 1936 Quis,
1082 1871 1302 1926 omissa
1333 1887 1530 1936 causa,
1563 1871 1622 1926 in
1672 1872 1970 1943 superﬂua
2009 1871 2120 1926 cri—

475 1959 707 2017 minum
739 1959 1064 2029 objectione
1093 1963 1359 2014 versatus
1405 1959 1540 2015 est?
1570 1975 1699 2031 quae
1759 1976 1875 2015 non
1908 1959 2120 2014 chartae

473 2047 902 2113 ecclesiastica,
932 2048 1034 2103 sed
1069 2045 1247 2102 libelli
1276 2046 1785 2119 debentjudicium
1800 2047 2117 2103 continere.

468 2146 588 2202 ’Au't
611 2143 751 2216 quid
786 2145 978 2212 refert,
1010 2146 1059 2200 si
1091 2160 1269 2201 causa
1299 2145 1491 2214 cadas,
1537 2150 1596 2202 et
1645 2145 1890 2200 crimine
1941 2161 2118 2216 supe-

469 2234 618 2290 res?
642 2233 768 2290 Non
801 2249 1034 2292 necesse
1064 2237 1173 2301 est,
1225 2238 1290 2289 ut
1319 2251 1452 2290 cum
1506 2233 1764 2307 periculo
1795 2234 1879 2289 tui
1911 2233 2119 2306 capitis

475 2338 735 2379 accuses.
798 2322 922 2379 Uno
979 2337 1321 2394 percussore
1377 2324 1684 2389 conducto,
1747 2322 1891 2378 satis
1958 2327 2119 2394 potes

471 2410 665 2467 facere
694 2411 984 2466 desiderio
1015 2415 1136 2466 tuo.
1167 2411 1237 2466 Et
1265 2410 1612 2466 scandalum
1633 2410 1841 2466 timere
1865 2415 1921 2466 te
1942 2411 2122 2465 simu-

474 2501 582 2568 las,
615 2501 713 2572 qui
745 2501 970 2557 dudum
1002 2501 1262 2566 fratrem,
1287 2517 1442 2556 nunc
1473 2505 1840 2564 accusatum,
1887 2515 2121 2570 semper

471 2588 804 2655 inimicum,
861 2605 922 2644 es
981 2594 1221 2660 paratus
1277 2590 1559 2645 occidere.
1595 2589 1661 2643 Et
1717 2594 1914 2643 tamen
1965 2589 2119 2644 510

473 2676 676 2743 miror,
711 2678 1001 2748 quomodo
1024 2677 1198 2733 homo
1228 2678 1508 2748 prudens,
1541 2676 1734 2732 furore
1766 2680 2114 2746 praeventus,

469 2764 616 2821 velis
647 2765 790 2821 mihi
821 2764 1168 2822 beneﬁcium
1199 2766 1455 2821 tribuere
1473 2770 1537 2820 ut
1555 2765 1770 2820 educas
1793 2764 1864 2818 de
1882 2779 2112 2819 carcere

467 2853 734 2910 animam
765 2867 978 2920 meam,
1011 2858 1068 2910 et
1097 2869 1210 2910 non
1243 2854 1483 2926 patiaris
1530 2859 1722 2908 tecum
1768 2852 1828 2906 in
1862 2851 2115 2908 tenebris

473 2940 657 3014 hujus
687 2941 882 2998 saeculi
915 2941 1282 2998 commorari.
1317 2957 1320 2962 ·

548 3031 636 3086 43.
666 3032 952 3088 Hernicis
979 3047 1090 3087 non
1117 3033 1328 3102 poterat
1356 3044 1594 3102 parcere.
1626 3059 1695 3070 --
1726 3027 1827 3083 Vis
1855 3042 1992 3099 ergo
2024 3043 2116 3083 me

475 3122 668 3176 tacere
685 3118 718 3173 τ·
740 3118 822 3174 Ne
848 3135 1108 3175 accuses.
1166 3120 1399 3191 Depone
1424 3117 1706 3191 gladium,
1765 3121 1822 3172 et
1849 3131 1954 3188 ego
1981 3132 2112 3171 scu-

2236 541 2508 613 sequitur
2557 560 2691 600 aves
2746 543 3030 599 volantes.
3088 541 3411 616 Dereliquit
3464 545 3569 616 [AL
3623 545 3875 604 derelin-

2237 636 2385 707 quit]
2445 633 2602 689 enim
2625 631 2749 686 vias
2802 631 2981 687 vineis
3012 649 3154 698 suae,
3209 637 3265 688 et
3321 650 3457 690 uss
3486 633 3734 692 cultura
3761 653 3881 694 suo

2237 725 2374 780 iecit
2429 738 2640 779 errare.
2703 719 3078 776 Perambulat
3107 719 3338 777 aridum
3369 739 3437 778 ac
3465 723 3788 792 desertum,
3818 730 3876 782 et

2236 813 2460 886 colligit
2488 810 2764 866 manibus
2797 809 2922 865 suis
2953 809 3342 866 sterilitatem.
3375 809 3450 867 Os
3480 811 3747 883 procacis
3776 830 3878 886 ap-

2235 902 2464 975 propiat
2529 898 2900 955 contritioni:
2974 902 3032 954 et
3096 899 3197 970 qui
3256 899 3476 970 profert
3551 901 3879 973 maledicta,

2234 989 2625 1047 stultissimus
2654 991 2762 1042 est.
2796 986 3006 1042 Anima
3061 986 3368 1042 benedicta
3403 989 3598 1043 omnis
3627 989 3876 1062 simplex

2233 1079 2356 1135 vir:
2386 1077 2722 1134 animosus”
2778 1075 3127 1131 inhonestus
3159 1079 3272 1130 est.
3302 1075 3412 1131 Per
3439 1075 3646 1133 delicta
3677 1077 3879 1135 labio-

2233 1185 2366 1223 rum
2399 1166 2603 1221 incidit
2631 1165 2692 1220 in
2714 1164 2989 1236 laqueum
3011 1167 3296 1236 peccator.
3320 1164 3536 1221 Itinera
3558 1165 3876 1226 stultorum

2231 1261 2388 1312 recta
2413 1256 2473 1310 in
2503 1257 2817 1325 conspectu
2851 1269 2984 1310 suo.
3012 1252 3241 1308 Stultus
3271 1253 3475 1308 eadem
3504 1253 3598 1309 die
3623 1256 3885 1312 ostendit

2229 1346 2381 1402 iram
2414 1359 2604 1400 suam.
2642 1342 3008 1399 Abominatio
3039 1345 3130 1396 est
3158 1341 3404 1397 Domino
3454 1340 3882 1400 labiamenda-

2231 1437 2342 1491 cia.
2373 1433 2483 1499 Qui
2509 1432 2768 1489 custodit
2795 1448 2859 1487 os
2903 1447 3100 1498 suum,
3155 1435 3347 1486 servat
3391 1431 3654 1488 animam
3683 1450 3875 1490 suam.

2233 1525 2300 1579 Et
2321 1523 2422 1595 qui
2441 1519 2792 1578 temerarius
2812 1523 2901 1576 est
2921 1519 3116 1586 labiis,
3141 1518 3376 1575 terrebit
3391 1519 3677 1592 seipsum.
3691 1521 3881 1580 Malus

2233 1629 2366 1669 cum
2399 1609 2752 1668 contumelia
2807 1608 2929 1682 agit
2958 1608 3133 1676 mala,
3171 1611 3229 1664 et
3285 1607 3574 1681 insipiens
3600 1613 3883 1682 expandit

2231 1701 2521 1757 malitiam
2552 1714 2744 1755 suam.
2779 1697 3013 1760 Quaeres
3067 1696 3222 1768 apud
3270 1696 3458 1753 malos
3503 1698 3881 1770 sapientiam,

2229 1795 2288 1847 et
2318 1806 2435 1846 non
2468 1787 2747 1844 invenies.
2773 1785 2911 1842 Suis
2931 1785 3240 1841 itineribus
3263 1787 3622 1842 saturabitur
3634 1791 3884 1845 temera-

2231 1880 2376 1935 rius.
2435 1877 2682 1950 Sapiens
2740 1875 3002 1931 timendo
3035 1873 3292 1930 declinat
3352 1874 3595 1931 malum.
3643 1877 3883 1936 Stultus

2227 1967 2532 2025 confidens
2564 1965 2842 2020 miscetur
2868 1963 2942 2018 ei.
2979 1962 3377 2035 Longanimus
3405 1964 3488 2018 vir
3517 1963 3659 2020 571
3713 1965 3883 2021 mul-

2229 2062 2327 2113 tus
2359 2057 2417 2111 in
2442 2053 2753 2127 prudentia
2773 2057 2864 2108 est
2885 2068 2898 2107 :
2923 2050 3883 2124 pusillanimusvaldeimprudens

2227 2150 2336 2203 est.
2373 2144 2482 2211 Qui
2515 2141 2910 2199 calumniatur
2938 2156 3273 2213 pauperem,
3325 2139 3564 2198 lacessit
3595 2141 3878 2200 factorem

2227 2237 2378 2306 ejus.
2409 2232 2635 2304 Lingua
2665 2230 2997 2302 sapientum
3055 2230 3208 2284 bona
3247 2229 3428 2296 novit,
3484 2232 3636 2285 et.os
3663 2230 3880 2288 stulto.-

2229 2339 2358 2379 rum
2393 2320 2736 2394 pronuntiat
2761 2316 3007 2374 malum.
3038 2318 3142 2372 Vir
3171 2317 3680 2390 animosusparat
3695 2320 3878 2386 rixas,

2228 2416 2286 2468 et
2313 2410 2662 2467 immundus
2685 2409 2774 2465 est
2802 2407 2958 2478 apud
2987 2407 3173 2463 Deum
3197 2407 3390 2462 omnis
3413 2407 3516 2478 qui
3532 2407 3754 2464 exultat
3773 2425 3882 2465 cor

2227 2515 2427 2556 suum.
2462 2497 2671 2553 Manus
2701 2494 2905 2550 manui
2934 2493 3190 2550 inferens
3220 2495 3438 2565 injuste
3468 2511 3584 2551 non
3615 2496 3728 2552 erit
3760 2496 3879 2554 im-

2221 2587 2492 2660 punitus.
2557 2584 2665 2648 Qui
2731 2582 2924 2655 diligit
2983 2582 3165 2637 vitam
3196 2583 3386 2653 parcit
3438 2584 3524 2638 ori
3571 2600 3702 2639 suo.
3725 2587 3880 2642 Ante

2223 2675 2635 2732 contritionem
2665 2672 2938 2744 praecedit
2970 2670 3347 2736 contumelia,
3379 2674 3436 2726 et
3471 2676 3608 2728 ante
3637 2673 3876 2730 ruinam

2229 2764 2384 2820 mala
2414 2761 2706 2835 cogitatio.
2766 2759 2874 2826 Qui
2903 2760 3177 2816 obfirmat
3229 2759 3429 2816 oculos
3460 2777 3600 2817 suos
3653 2763 3881 2834 cogitat

2221 2869 2518 2928 perversa,
2549 2854 2606 2906 et
2635 2852 2912 2922 provocat
2930 2848 3103 2904 labiis
3125 2848 3250 2906 suis
3273 2849 3473 2905 omnia
3492 2849 3671 2906 mala.
3693 2851 3881 2908 Labia

2216 2940 2394 2998 stulti
2426 2941 2653 2996 ducunt
2681 2953 2816 2994 eum
2865 2939 2923 2993 in
2954 2938 3142 3004 mala,
3194 2942 3252 2994 et
3295 2955 3361 2994 os
3403 2939 3594 2994 audax
3621 2943 3878 2996 mortem

2226 3034 2476 3087 invocat.
2510 3029 2803 3100 Malignus
2833 3027 2920 3082 vir
2944 3026 3132 3083 multa
3195 3027 3546 3083 detrimenta
3593 3029 3877 3100 patietur.

2223 3119 2428 3176 Melior
2455 3122 2543 3174 est
2599 3132 2822 3189 pauper
2869 3117 3073 3187 justus
3137 3131 3342 3187 quam‘
3375 3116 3653 3172 mendax.
3686 3117 3878 3176 diues.

471 3211 604 3261 tum
636 3207 932 3276 abjiciam.
968 3208 1029 3261 In
1077 3223 1192 3262 uno
1223 3185 1326 3261 tibi
1386 3185 1713 3261 consentire
1743 3221 1858 3260 non
1889 3185 2109 3275 potero.
2145 3185 2188 3253 (ἶ
2221 3208 2421 3265 Gloria
2449 3211 2540 3261 est,
2566 3185 2839 3276 virm—qui
2872 3185 3107 3259 invertit
3146 3185 3224 3259 se
3277 3221 3313 3259 ιι
3368 3204 3700 3262 maledictis
3726 3225 3741 3262 ;
3771 3210 3880 3279 qui

472 3297 540 3348 ut
570 3310 804 3366 parcam
835 3294 1139 3361 hareticis,
1174 3293 1702 3349 utmecatholicum
1718 3309 1834 3347 non
1848 3292 2109 3364 probem.

459 3381 534 3437 “Si
570 3381 680 3438 ista
707 3386 796 3438 est
823 3398 1001 3437 causa
1055 3382 1382 3447 discordia,
1415 3382 1563 3437 mori
1622 3397 1884 3453 possum,
1927 3380 2114 3435 facere

457 3479 590 3526 ‘non
611 3485 883 3542 possum.
918 3471 1243 3528 Debueram
1273 3471 1510 3543 quidem
1539 3471 1610 3527 de
1639 3470 1804 3526 omni
1825 3469 2115 3541 scriptura

465 3559 586 3616 ιιαω
615 3558 860 3615 insaniae
893 3561 1243 3632 respondere
1275 3603 1288 3629 ,
1323 3558 1622 3615 et'divinis
1652 3557 1892 3614 vocibus
1911 3556 1973 3611 in
1996 3572 2113 3612 mo-

463 3649 618 3704 dum
679 3648 869 3704 David
911 3649 1308 3706 citharisantis
1365 3649 1412 3720 (1
1468 3650 1593 3717 Reg.
1617 3663 1734 3702 xv1.
1792 3647 1883 3718 23)
1928 3645 2114 3701 lenire

463 3737 731 3794 furorem
764 3739 1017 3810 pectoris
1043 3738 1128 3793 tui
1155 3756 1167 3804 ;
1201 3738 1302 3794 sed
1333 3741 1640 3794 contentus
1667 3752 1765 3792 ero
1789 3736 1964 3791 unius
1980 3733 2113 3789 libri

463 3825 683 3897 .paucis
702 3825 1444 3899 testimon'iis,et0pponam
1466 3824 1813 3898 sapientiam
1833 3822 2111 3890 stultitiae;

475 3916 543 3967 ut
571 3912 623 3966 si
654 3911 913 3968 humana
941 3914 1287 3981 contemnis,
1319 3915 1527 3970 saltem
1557 3913 1754 3969 divina
1783 3929 1900 3967 non
1933 3910 2112 3983 negli-

463 3998 598 4073 rgas.
631 4001 778 4056 Audi
811 4002 991 4074 igitur
1019 4003 1158 4075 quid
1189 4004 1261 4059 de
1279 4009 1359 4068 te,
1393 4007 1452 4058 et
1479 4003 1549 4058 de
1581 4002 1860 4058 omnibus
1902 3999 2113 4055 invidis

471 4105 554 4144 ac
595 4087 899 4147 maledicis
954 4097 1012 4146 et
1066 4091 1507 4148 contumeliosis
1564 4090 1842 4163 loquatur
1878 4088 2113 4161 sapiens

462 4175 788 4234 Salomon:
823 4202 851 4228 ‹‹
885 4179 1232 4252 lnsipientes
1262 4183 1402 4236 dum
1435 4179 1668 4251 injuriis
1716 4177 1911 4249 cupidi
1951 4181 2110 4243 sunt,

463 4265 640 4338 impii
670 4267 802 4322 facti
835 4269 1085 4325 oderunt
1115 4285 1376 4325 sensum.
1409 4267 1489 4324 Ne
1538 4266 1836 4323 tabriceris
1867 4266 1927 4320 in
1967 4265 2112 4320 ami-

462 4371 608 4411 cum
635 4357 806 4412 tuum
839 4357 1012 4414 mala.
1046 4359 1116 4413 Et
1144 4375 1215 4414 ne
1247 4357 1565 4412 inimiceris
1596 4355 1904 4411 adversum
1929 4353 2114 4409 homi-

473 4459 609 4499 nem
641 4445 768 4500 sine
790 4457 992 4502 'causa.
1029 4446 1197 4520 lmpii
1228 4445 1484 4503 exaltant
1513 4443 1948 4500 contumeliam.
1993 4442 2112 4497 Cir.

2221 3301 2419 3352 autem
2453 3292 2669 3350 stultus
2719 3297 2829 3361 est,
2861 3291 3080 3348 talibus
3112 3308 3175 3348 se
3204 3291 3444 3365 obligat.
3502 3293 3630 3349 Noli
3669 3311 3880 3354 amare

2221 3383 2546 3448 detrahere,
2580 3398 2652 3437 ne
2681 3380 3013 3437 eradiceris.
3041 3381 3250 3438 Suavis
3303 3386 3397 3437 est
3422 3381 3660 3438 homini.
3695 3387 3882 3456 panis

2219 3471 2552 3538 mendacii;
2588 3473 2789 3542 postea
2817 3467 3158 3540 implebitur
3185 3483 3253 3525 os
3292 3470 3420 3540 ejus
3479 3469 3721 3528 calcato.
3749 3473 3882 3539 Qui

2222 3565 2499 3635 operatur
2554 3559 2859 3614 thesauros
2890 3557 3092 3630 lingua
3147 3557 3436 3616 mendacii
3470 3560 3579 3631 [Αἰ.
3622 3564 3881 3619 menda-

2219 3650 2348 3722 cis],
2381 3664 2531 3704 vana
2562 3650 2843 3714 sectatur,
2873 3649 2934 3701 et
2955 3645 3152 3702 veniet
3177 3645 3235 3701 in
3265 3645 3504 3718 laqueos
3543 3649 3780 3706 mortis.
3805 3652 3882 3706 1a

2217 3754 2364 3796 aure
2394 3734 2556 3794 stulti
2590 3734 2708 3792 noli
2740 3735 3069 3806 quidquam
3092 3734 3306 3804 dicere,
3325 3752 3401 3792 ne
3422 3737 3568 3792 forte
3581 3736 3886 3796 irnidnant

2223 3826 2518 3900 sapientes
2547 3839 2850 3881 sermones
2879 3826 3032 3878 tuos.
3087 3821 3258 3880 Clava
3277 3829 3336 3879 et
3385 3824 3620 3896 gladius
3674 3831 3734 3882 et
3785 3845 3891 3884 vsa.

2222 3915 2372 3990 gitta
2402 3911 2729 3985 perniciosa
2755 3915 2929 3967 sunt:
2961 3911 3047 3966 sic
3075 3915 3133 3966 et
3181 3911 3290 3979 vir,
3341 3913 3441 3984 qui
3488 3917 3691 3970 contra
3707 3916 3890 3973 ami-

2221 4019 2358 4060 cum
2391 4017 2567 4058 suum
2600 3999 2817 4055 falsum
2850 3999 2993 4055 dicit
3048 3999 3474 4056 testimonium.
3534 4002 3700 4059 Sicut
3737 4020 3891 4061 aves

2222 4093 2456 4148 avolant
2491 4095 2548 4147 et
2580 4105 2868 4160 passeres,
2903 4088 2984 4143 ita
3047 4088 3428 4146 maledictum
3495 4107 3716 4147 vanum
3763 4110 3890 4152 non

2221 4177 2597 4252 superveniet
2624 4176 2732 4232 illi.
2767 4175 2892 4231 Noli
2924 4177 3276 4248 respondere
3291 4177 3652 4251 imprudenti
3673 4180 3758 4238 ad:
3782 4183 3895 4239 im.

2223 4267 2600 4342 prudentiam
2634 4266 2784 4336 ejus,
2815 4281 2890 4321 ne
2917 4263 3131 4322 similis
3158 4266 3210 4321 ei
3241 4266 3388 4324 ﬁas:
3446 4268 3550 4324 sed
3582 4272 3894 4341 responde

2221 4355 2402 4412 stulto
2434 4356 2506 4410 ad
2539 4353 2896 4410 stultititiam
2963 4355 3112 4426 ejus,
3149 4369 3221 4410 ne
3282 4355 3394 4411 sibi
3459 4356 3702 4429 sapiens
3746 4375 3893 4416 esse

2221 4445 2504 4500 videatur.
2573 4443 2680 4507 Qui
2726 4442 3040 4498 insidiatur
3103 4443 3310 4500 amicis
3331 4445 3487 4510 suis,
3537 4461 3676 4501 cum
3703 4447 3893 4504 visus

472 4532 742 4588 cumcide
769 4550 803 4589 a
869 4539 926 4590 te
956 4551 1021 4590 os
1078 4551 1342 4608 pravum,
1375 4538 1432 4590 et
1487 4532 1693 4604 iniqua
1737 4532 1890 4587 labia
1941 4531 2112 4604 longe
2142 4555 2188 4619 ί)
2220 4533 2412 4590 fuerit.
2445 4532 2629 4587 dicit:
2676 4531 2909 4586 Ludens
2951 4530 3103 4619 ‘feci.
3167 4531 3469 4589 Graticula
3493 4533 3896 4603 carbonibus,

474 4619 687 4693 repelle
711 4621 816 4677 abs
838 4629 894 4678 te
914 4641 925 4678 :
951 4623 1151 4680 oculos
1173 4622 1600 4690 contumeliosi,
1617 4621 1879 4694 linguam
1901 4620 2109 4692 iniqui,

473 4725 686 4766 manus
715 4710 1080 4767 eﬁ‘undentes
1103 4711 1452 4785 sanguinem
1478 4710 1649 4783 justi,
1682 4725 1783 4766 cor
1820 4710 2113 4766 fabricans

473 4799 852 4873 cogitationes
882 4799 1086 4868 malas,
1121 4805 1178 4856 et
1207 4801 1383 4874 pedes
1415 4799 1756 4856 festinantes
1805 4800 1876 4855 ad
1936 4798 2112 4855 male-

489 5061 493 5066 .
548 4999 812 5056 'Auctor
865 5003 954 5055 est
1007 4998 1427 5054 Theodoretus.
1492 4995 1809 5066 Eusebium
1850 4994 2114 5066 Nicome-

460 5064 740 5136 diensem
773 5087 904 5126 cum
948 5071 1080 5126 aliis
1131 5071 1358 5125 Arianae
1415 5065 1733 5139 impietatis
1764 5064 2114 5139 satellitibus

455 5135 839 5196 "Antiochiam
873 5143 1299 5212 venisse,atque
1328 5140 1409 5196 ibi
1440 5135 1728 5212 conducta
1748 5135 2110 5212 muliercula,

474 5225 604 5279 quae
664 5227 789 5284 rem
841 5227 976 5268 cum
1029 5207 1333 5269 Eustathio
1382 5211 1654 5284 episcopo
1710 5207 2007 5284 habuisse,
2047 5225 2115 5284 ex

468 5277 660 5357 eoque
702 5281 984 5357 infantem
1043 5277 1631 5357 suscepissefquefn
1694 5277 1971 5357 uberibus
2011 5280 2112 5357 ad-

476 5351 773 5424 movebat,
824 5351 1058 5424 diceret.
1099 5350 1235 5411 eum
1293 5350 1498 5412 fecisse
1549 5350 1782 5424 deponi.
1825 5351 2112 5424 Socrates,

475 5421 708 5492 tametsi
756 5421 1181 5479 Sabellianismi
1232 5443 1410 5482 causa
1492 5421 1862 5480 Eustathium
1950 5421 2114 5477 abdi-

465 5495 670 5551 catum
713 5498 928 5558 narret,
999 5511 1112 5549 non
1144 5497 1389 5553 obscure
1455 5495 1814 5551 calumniam
1843 5491 2114 5550 adulterii

478 5565 691 5626 innuit.

546 5639 567 5680 ³
624 5636 936 5708 Fortassis,
999 5640 1225 5694 mutata
1279 5635 1750 5710 interpunctione
1802 5636 2113 5708 legendum

2221 4627 2277 4678 et
2306 4621 2465 4692 ligna
2496 4620 2616 4693 igni
2647 4624 2705 4676 et
2733 4619 2820 4674 vir
2849 4617 3176 4677 maledicus
3205 4621 3280 4676 ad
3337 4621 3666 4678 tumultum
3707 4623 3900 4681 rixa.

2222 4711 2281 4768 Si
2311 4715 2368 4766 te
2401 4707 2687 4782 rogaverit
2715 4707 2995 4763 inimicus
3024 4712 3183 4776 tuus,
3215 4725 3430 4780 pacens
3457 4726 3598 4767 voce
3635 4727 3902 4786 magna,

2221 4815 2293 4855 ne
2323 4797 2654 4854 consentias
2683 4796 2733 4852 ei
2762 4815 2774 4854 :
2810 4802 3038 4869 septem
3107 4797 3266 4854 enim
3293 4799 3574 4871 nequitiae
3633 4806 3788 4856 sunt
3833 4802 3902 4858 in

2223 5000 2312 5052 est
2342 5013 2355 5052 :
2390 4997 2588 5052 Anima
2621 4993 2904 5066 benedicta
2922 4995 3112 5066 omnis
3137 4995 3414 5066 simplex;
3445 4997 3904 5066 vir__animom,

2225 5073 2334 5123 etc.
2371 5068 2552 5141 Locus
2577 5069 2667 5141 e_s_t
2694 5065 2979 5141 ‘Proverb.
3011 5081 3092 5129 x1,
3147 5062 3437 5141 25.'an1$
3494 5062 3906 5141 εύλᾳγουμὲγή

2224 5144 2366 5208 πᾶσα
2397 5135 2568 5205 ἁπλῆ.
2601 5136 2707 5208 Ubi
2765 5136 2825 5208 id
2857 5151 3090 5208 quoque
3141 5135 3463 5194 notandum
3502 5135 3754 5192 verbum
3793 5137 3909 5194 εὗφ

2225 5207 2498 5281 λογορμαι
2531 5208 2626 5281 hic
2657 5207 2728 5281 ab
2754 5207 3130 5280 Hieronymo,
3153 5213 3220 5264 ut
3243 5226 3277 5264 a
3307 5209 3418 5281 SS.
3436 5208 3920 5281 Chrysostomo,

2224 5278 2426 5336 homil'.
2463 5281 2530 5334 16
2559 5279 2617 5332 in
2645 5278 2954 5345 Joannem,
2981 5278 3045 5334 'et
3070 5281 3378 5336 Ambrosio
3406 5279 3488 5334 lib
3516 5281 3591 5334 de
3623 5279 3814 5337 Isaac
3839 5278 3916 5338 et.

2224 5357 2283 5425 et
2305 5351 2538 5425 Anima,
2568 5367 2618 5404 c.
2647 5353 2712 5425 2,
2735 5348 2795 5405 in
2825 5365 3008 5425 sensu
3033 5351 3476 5425 passivo‘accipi
3507 5352 3710 5425 minus
3745 5358 3919 5424 apte

2226 5421 2276 5476 si
2307 5439 2421 5477 non
2453 5422 2524 5476 ad
2558 5424 2817 5476 mentem
2844 5423 2952 5473 τῶν
2986 5421 3148 5486 LXX,
3202 5421 3435 5480 salt-emi
3467 5421 3919 5479 adveritatbm

2225 5493 2590 5618 Hetbraicam.
2626 5492 2973 5549 Benedicere
3002 5493 3296 5552 idiotismo
3325 5494 3608 5552 Hebraico
3656 5497 3756 5550 est
3791 5495 3923 5553 be-

2226 5579 2300 5618 ne
2327 5579 2515 5618 acere.

2226 5579 2515 5620 nctacere.
