4110 6162
211 231 325 309 ΜΞ

962 240 1351 310 DIALOGUS
1398 234 1709 308 CONTRA
1754 234 1873 307 PEl

1991 232 2276 308 imos.
2312 242 2389 291 -‘-
2415 242 2881 312 ADMONlTIO.

3505 242 3629 319 8ίῆ

202 379 400 437 anima
422 381 578 451 ejus.
603 380 808 436 Gravis
830 386 918 437 est
939 372 1111 455 lapis,
1140 384 1196 437 et
1217 379 1311 435 vix
1336 378 1640 452 portabilis
1662 395 1858 447 arena;
1892 381 1945 446 Α
1979 379 2190 447 surdae,
2221 384 2276 435 et
2308 380 2637 437 obturantis
2668 396 2841 437 aures
2884 399 3042 449 suas,
3087 395 3212 457 quae.
3259 402 3374 443 non
3427 388 3632 446 audiat

199 469 298 525 sed
330 470 422 524 ira
455 468 617 526 572
669 470 835 525 stulti
889 469 1121 544 gravior
1166 472 1434 541 utroque,
1488 467 1740 525 crudelis
1783 472 1871 523 est

197 558 555 631 indignatio,
590 563 651 614 et
679 563 851 615 acuta
880 558 967 613 ira
998 563 1053 613 et
1081 557 1241 614 zelus
1271 558 1587 630 impatiens
1618 560 1726 613 est.
1762 558 1873 611 Im-

199 648 335 721 pius
368 648 779 704 calumniatur
806 664 1128 720 pauperes:
1159 650 1217 703 et
1246 647 1346 719 qui
1382 645 1623 702 confidit
1652 646 1710 699 in
1742 662 1869 700 cor-

202 738 297 793 dis
331 738 587 793 audacia
613 738 718 810 [AL
755 736 1043 809 avaritia,]
1084 733 1471 792 stultissimus
1510 739 1619 790 est.
1663 736 1869 789 Totam

210 827 374 882 iram
426 843 589 882 suam
637 826 857 898 profert
908 825 1231 897 insipiens:
1289 825 1524 896 sapiens
1570 824 1875 894 dispensat

213 916 277 971 in
326 920 541 987 partes.
582 914 765 971 Filius
811 915 1005 969 malus
1062 914 1289 987 gladios
1347 913 1549 968 dentes
1589 912 1784 979 habet,
1820 916 1875 966 et

216 1004 433 1061 cultros
463 1002 677 1075 molas,
712 1008 778 1059 ut
831 1008 1142 1059 consumat
1185 1002 1453 1057 inﬁrmos
1510 1003 1580 1056 de
1609 1006 1784 1066 terra,
1818 1004 1877 1056 et

209 1108 505 1166 pauperes
551 1110 619 1147 ex
666 1092 1010 1148 hominibus
1054 1091 1239 1163 (Prov.
1292 1109 1350 1159 x,
1400 1095 1451 1146 et
1506 1093 1712 1162 passim
1748 1106 1871 1145 ‘sec.

204 1184 368 1253 L3G“).
404 1204 436 1232 κ
468 1182 579 1239 His
609 1198 750 1255 ergo
786 1182 991 1237 doctus
1040 1180 1343 1253 exemplis,
1395 1180 1555 1235 nolui
1608 1180 1874 1234 mordere

208 1271 612 1337 mordentem,
642 1288 750 1327 nec
780 1271 962 1327 vicem
994 1269 1231 1326 talionis
1260 1269 1619 1341 implodere:
1656 1268 1874 1323 malui-

205 1377 317 1433 que
347 1361 659 1416 insaniam
706 1365 1014 1416 excantare
1062 1357 1387 1427 furibundi,
1427 1362 1484 1413 et
1532 1357 1710 1413 unius
1742 1356 1874 1412 libri

203 1449 550 1504 antidotum
580 1453 867 1505 venenato
899 1448 1116 1521 pectori
1166 1447 1474 1502 infundere
1507 1448 1614 1517 [AL
1658 1446 1874 1501 insere-

205 1539 307 1608 re].
342 1538 463 1594 Sed
495 1553 706 1594 vereor
754 1554 825 1592 ne
874 1536 1019 1592 nihil
1070 1534 1399 1608 proficiens,
1451 1534 1593 1590 illud
1644 1534 1875 1590 Davidi-

205 1644 339 1682 cum
393 1633 645 1683 cantare
698 1624 1035 1697 compellar,
1095 1630 1153 1680 et
1208 1625 1301 1679 his
1356 1641 1449 1679 me
1506 1622 1877 1680 sermonibus

207 1716 507 1772 consolari
537 1733 551 1771 :
588 1740 615 1766 α
652 1715 902 1771 Alienati
931 1719 1069 1770 sunt
1099 1718 1429 1785 peccatores
1455 1732 1485 1768 a
1506 1713 1695 1777 vulva,
1728 1729 1877 1768 erra-

206 1811 421 1861 verunt
454 1806 534 1861 ab
563 1809 751 1861 utero.
804 1804 1007 1859 Locuti
1058 1807 1197 1859 sunt
1245 1802 1411 1871 falsa,
1445 1803 1608 1858 furor
1637 1802 1753 1856 illis
1787 1818 1874 1857 se-

1983 484 2180 523 vocem
2215 468 2665 537 incantantium,
2691 474 2748 525 et
2768 472 3003 526 venefici
3027 472 3381 531 incantantis
3405 478 3633 550 sapien-

1984 562 2091 612 ter.
2130 558 2279 612 Deus
2310 562 2567 613 conteret
2592 558 2794 613 dentes
2824 576 3025 616 eorum
3070 561 3127 616 in
3176 580 3272 619 ore
3323 564 3627 637 ipsorum:

1985 646 2173 699 molas
2205 644 2437 699 leonum
2469 648 2793 719 confringet
2841 649 3125 706 Dominus
3169 652 3275 721 [ΑΙ.
3316 652 3509 725 Deus).
3546 656 3629 711 Ad

1986 734 2237 788 nihilum
2272 735 2596 803 devenient,
2644 740 2924 808 tanquam
2972 756 3120 809 aqua
3168 741 3503 798 decurrens.
3542 744 3632 799 ln-

1985 822 2173 877 tendit
2200 840 2401 879 arcum
2436 838 2633 890 suum,
2667 825 2849 880 donec
2875 827 3267 884 infirmantur.
3293 830 3454 885 Sicut
3480 846 3633 898 cera;

1987 927 2113 981 quas
2147 911 2294 976 ﬂuit,
2328 912 2698 968 auferentur:
2746 915 3135 985 supcrcecidit
3180 918 3354 989 ignis,
3415 923 3471 974 et
3517 936 3635 976 non

1986 998 2256 1054 viderunt
2320 1000 2502 1055 solem
2560 1002 2732 1067 (Psal.
2785 1019 2917 1069 Lvn,
2986 1004 3124 1075 4-9).
3180 1029 3207 1054 ››
3257 1007 3324 1061 Et
3383 1007 3633 1064 iterum:

1992 1111 2011 1135 α
2052 1088 2609 1157 Laztabiturjustus,
2643 1107 2774 1144 cum
2820 1091 3027 1146 viderit
3067 1093 3382 1150 vindictam
3424 1096 3656 1169 impio:

1986 1193 2147 1231 rum:
2174 1192 2386 1231 manus
2418 1195 2556 1233 suas
2586 1178 2872 1234 lavabitin
2898 1181 3182 1252 sanguine
3202 1184 3545 1253 peccatoris.
3564 1186 3634 1241 Et

1988 1266 2140 1321 dicet
2169 1266 2343 1321 homo
2371 1283 2384 1319 :
2420 1267 2466 1321 si
2502 1268 2702 1338 utique
2732 1272 2821 1323 est
2856 1270 3076 1325 fructus
3098 1271 3287 1340 justo,
3311 1272 3514 1344 utique
3546 1276 3636 1329 est

1990 1360 2139 1410 Deus
2164 1355 2439 1426 judicans
2471 1372 2569 1411 eos
2600 1357 2655 1411 in
2686 1361 2841 1412 terra
2868 1358 3031 1428 (Ibid.
3066 1359 3176 1426 42).
3218 1383 3238 1409 ι

2060 1445 2146 1498 44.
2182 1444 2243 1497 In
2276 1449 2532 1499 extrema
2554 1445 2811 1516 Epistola
2829 1446 3039 1503 scribis
3070 1465 3205 1503 mau
3257 1453 3358 1505 tua
3384 1468 3395 1505 :
3422 1472 3451 1500 «
3472 1450 3659 1523 Opto

1988 1537 2043 1587 te
2073 1548 2273 1603 pacem
2307 1533 2566 1606 diligere.
2603 1557 2630 1583 »
2665 1536 2749 1589 Ad
2774 1537 2927 1606 quod
2950 1537 3203 1591 breviter
3226 1539 3590 1611 respondebo
3611 1556 3631 1596 τ

1987 1621 2046 1675 Si
2080 1637 2280 1691 pacem
2316 1622 2635 1687 desideras,
2668 1640 2830 1677 arma
2868 1624 3115 1695 depone.
3147 1624 3637 1699 Blandienti‘pos-

1988 1728 2121 1765 sum
2145 1711 2655 1782 acquiescere,non
2678 1713 2851 1768 timeo
2874 1714 3351 1771 comminantem.
3376 1715 3461 1771 Sit
3484 1715 3639 1772 inter

1992 1817 2096 1855 nos
2131 1817 2245 1855 una
2275 1802 2441 1868 fides,
2475 1803 2531 1855 et
2558 1800 2710 1857 illico
2746 1817 2854 1873 pax
2882 1809 3179 1875 sequetur.

207 1895 481 1950 cundum
542 1891 991 1950 similitudinem
1052 1891 1381 1964 serpentis:
1444 1891 1594 1946 sicut
1654 1890 1877 1962 aspidis

207 2044 448 2095 3N0“.
474 2044 607 2097 Huic
633 2044 938 2107 Hieronymi
968 2047 1154 2094 contra
1182 2042 1456 2107 Ruﬁnum,
1488 2041 1665 2107 Ruﬁni
1686 2045 1883 2107 contra
1914 2041 2296 2107 Hieronymum
2325 2041 2631 2106 Apologiam
2659 2042 2890 2107 subjicit,
2910 2044 2966 2093 in
2987 2045 3301 2107 appendice.
3330 2048 3638 2098 Vallarsius.

213 2108 391 2157 Nobis
423 2120 569 2166 vero,
601 2108 718 2169 quia
746 2104 1152 2169 Ruﬁnianorum
1186 2119 1412 2169 operum
1444 2104 1922 2169 locupletissimam
1957 2104 2244 2153 editionem
2276 2104 2331 2169 in
2362 2104 2856 2169 tomo'praecedenti
2886 2104 3208 2167 recudimus,
3240 2110 3368 2158 satis
3392 2111 3490 2159 erit
3511 2110 3637 2161 illuc

210 2172 476 2281 lectoretm
507 2165 773 2229 revocare,
813 2182 921 2219 non
948 2168 1057 2232 jam
1088 2168 1154 2218 de
1184 2165 1376 2217 la'cuna
1406 2165 1685 2230 quam‘bic
1716 2166 1852 2215 inter
1882 2179 2138 2215 numeros
2166 2166 2411 2215 crassiori
2442 2165 2743 2217 charactere
2790 2181 3068 2231 expressos
3105 2165 3528 2221 animadvertere
3559 2177 3638 2222 est

210 2246 402 2281 anona
430 2244 612 2281 arum.

207 2246 589 2296 aponamrum
600 2269 612 2280 .

961 2482 1029 2537 IN
1070 2480 1221 2544 SEO.
1263 2479 1621 2536 DIALOGOS
1662 2478 1950 2534 CONTRA
1988 2477 2435 2534 PELAGIANOS
2472 2442 2898 2534 ADMONlTlO.

285 2770 308 2822 1
366 2766 484 2820 Vix
515 2763 665 2818 dum
697 2758 1051 2833 Origeniana
1078 2756 1325 2831 perﬁdia
1352 2772 1590 2828 quaqua
1619 2755 1812 2827 patuit
1841 2753 2211 2811 Christianus
2241 2753 2402 2809 orbis
2434 2754 2729 2821 damnata,
2764 2755 3114 2828 Hieronymo
3147 2758 3403 2815 cervices
3429 2760 3636 2817 subdi-

215 2860 401 2923 derat,
433 2869 580 2912 cum
615 2852 811 2908 subito
843 2848 1218 2920 Pelagianum
1251 2846 1469 2905 bellum
1501 2845 1797 2913 exardere,
1830 2843 2119 2899 Ecclesiae
2150 2844 2261 2898 late
2294 2844 2616 2914 pervagari,
2648 2849 2968 2917 natumque
3015 2847 3156 2902 adeo
3207 2849 3491 2905 monstris
3524 2848 3637 2905 eli-

214 2946 423 3003 dandis
450 2945 766 3000 doctorem
796 2938 1143 3003 maximum,
1171 2936 1407 2991 tametsi
1427 2936 1554 3006 jam
1588 2935 1751 2990 senio
1783 2934 2132 3001 confectum,
2168 2937 2231 2987 ut
2259 2933 2318 2987 in
2350 2932 2533 2988 aciem
2583 2933 2977 3004 descenderet,
3018 2936 3303 2992 excitare:
3359 2942 3423 2993 ut
3451 2938 3633 3005 nulla,

217 3037 444 3108 opinor,
480 3032 617 3088 laus
649 3032 1103 3101 unquam'esset
1124 3024 1406 3097 jugulatae
1438 3024 1745 3090 haereseos,
1798 3038 1913 3093 qua
1961 3021 2057 3077 ille
2105 3027 2206 3077 aut
2243 3020 2403 3077 solus
2435 3038 2550 3077 non
2580 3022 2917 3091 donaretur,
2951 3028 3051 3079 aut
3080 3026 3325 3097 primus.
3358 3027 3635 3083 Exsecrao

216 3125 391 3181 bilem
422 3118 763 3178 doctrinam
793 3133 971 3188 quam
1006 3116 1202 3171 Romae
1233 3114 1520 3169 didicerat
1549 3129 1582 3166 a
1611 3112 1822 3166 Ruﬁno
1872 3111 2125 3182 quodam
2168 3110 2311 3181 Syro
2362 3109 2646 3182 Pelagius,
2693 3110 3063 3167 Palmatinam
3120 3114 3457 3185 importavit
3483 3115 3639 3177 circa

216 3228 443 3269 annum
471 3208 694 3266 Christi
734 3208 863 3273 412,
895 3210 951 3261 et
980 3203 1393 3275 Hierosolymis
1431 3201 1757 3264 docuit,ubi
1807 3204 2101 3255 annuente
2148 3199 2277 3270 ejus
2322 3198 2488 3254 urbis
2534 3199 2804 3271 episcopo
2834 3200 3078 3268 Joanne,
3110 3218 3297 3274 usque
3326 3204 3469 3259 adeo
3499 3220 3640 3276 pro-

219 3303 378 3371 fecit,
420 3307 490 3356 ut
519 3302 717 3355 essent
749 3295 850 3368 qui
883 3311 989 3350 suo
1021 3295 1091 3349 de
1141 3293 1380 3348 nomine
1434 3290 1887 3363 appellarentur.
1944 3293 2186 3343 Summa
2234 3287 2521 3343 haereseos
2576 3305 2678 3360 per
2708 3290 2763 3343 id
2795 3291 3075 3363 temporis
3104 3289 3227 3347 haec
3269 3296 3429 3348 erat:
3462 3294 3642 3349 Posse

221 3391 505 3447 homines
530 3389 656 3443 sine
683 3389 920 3458 peccato
950 3400 1078 3440 esse
1102 3383 1151 3438 si
1180 3381 1359 3438 velint
1388 3406 1401 3449 ;
1434 3380 1640 3435 divina:
1673 3378 1873 3451 gratim
1919 3378 2326 3434 necessitatem
2379 3378 2604 3433 arbitrii
2651 3378 2903 3435 libertati
2942 3380 3195 3447 officere,
3228 3386 3305 3448 et,
3339 3383 3492 3453 quod
3526 3382 3641 3437 mi-

223 3479 364 3534 nori
397 3476 599 3532 studio
628 3475 853 3530 videtur
883 3478 1024 3528 tunc
1063 3471 1268 3527 saltem
1285 3472 1601 3541 jactatum,
1633 3485 1750 3524 non
1780 3484 1908 3523 esse
1938 3468 2238 3522 traducem
2270 3465 2513 3538 peccati.
2557 3467 2943 3540 Hieronymus
2972 3469 3031 3523 in
3064 3468 3253 3535 libris,
3286 3486 3434 3540 quos
3464 3470 3536 3525 ab
3567 3484 3640 3527 eo

226 3572 507 3637 tempore
536 3562 833 3618 elaboravit
859 3560 1127 3617 maxime
1148 3558 1596 3616 Commentariis
1627 3557 1687 3611 in
1718 3556 2031 3612 Jeremiam
2063 3556 2465 3610 detestandam
2498 3556 2837 3626 superbiam
2867 3555 3186 3627 suggillare
3217 3562 3447 3629 arrepta
3469 3574 3637 3614 occa-

219 3656 397 3711 sione
431 3669 544 3707 non
577 3652 828 3718 destitit;
863 3650 964 3705 sed
1026 3648 1365 3704 nominibus
1421 3647 1700 3703 continuo
1759 3645 2034 3717 pepercit,
2096 3660 2245 3714 quos
2300 3659 2388 3698 eos
2443 3644 2635 3697 mallet
2672 3644 2877 3713 corripi
2907 3660 3074 3714 quam
3100 3645 3391 3713 infamari.
3420 3645 3638 3702 Verum

210 3748 359 3814 post
384 3743 568 3797 ferme
600 3741 924 3804 biennium,
956 3744 1012 3794 et
1040 3737 1133 3791 vix
1162 3736 1353 3809 primo
1385 3736 1533 3791 libro
1566 3735 1624 3790 in
1654 3734 1956 3789 laudatum
1991 3731 2334 3804 prophetam
2360 3729 2607 3801 expleto,
2637 3730 2855 3802 stylum
2877 3735 3078 3787 contra
3100 3732 3435 3789 haereticum
3457 3734 3639 3803 acuit,

210 3832 493 3903 deditque
523 3828 887 3901 Ctesiphonti
929 3824 1258 3898 epistolam,
1292 3840 1469 3896 quam
1501 3824 1562 3878 in
1594 3822 1772 3895 priori
1806 3826 1963 3876 tomo
1995 3819 2339 3875 excudimus
2371 3818 2481 3873 sub
2512 3834 2757 3873 numero
2787 3819 2911 3888 433,
2946 3820 3006 3875 ίῐὶ
3038 3838 3154 3893 qua
3193 3826 3391 3878 natam
3422 3839 3454 3877 e
3482 3826 3640 3880 vetes

212 3934 346 3975 rum
377 3920 718 3975 Stoicorum
752 3915 1011 3971 fontibus
1042 3912 1296 3967 ἀπάθειαν
1330 3911 1693 3984 itajugulat,
1727 3914 1793 3964 ut
1820 3914 2015 3964 tamen
2052 3907 2164 3962 nisi
2209 3907 2542 3963 velitatione
2590 3907 2690 3962 illa
2740 3906 2993 3964 haeretici
3038 3910 3465 3983 resipiscerent,
3502 3926 3640 3969 con-

205 4009 471 4063 ditorum
504 4025 569 4063 se
603 4007 789 4061 libros
818 4004 1145 4069 minitetur,
1177 4002 1395 4073 quibus
1422 4001 1615 4072 impia:
1650 3999 1918 4054 factionis
1952 3995 2254 4053 cuniculos
2300 4012 2505 4052 omnes
2550 3996 2929 4053 subverteret.
2979 3998 3057 4053 Re
3088 3998 3217 4072 ipsa
3257 4000 3414 4057 haud
3450 4001 3639 4063 multo

208 4104 347 4170 post
373 4102 622 4169 rogatus
654 4111 690 4149 a
721 4094 1000 4149 fratribus
1033 4097 1150 4147 tres
1185 4091 1357 4146 hosce
1385 4090 1570 4145 libros
1601 4086 1918 4160 evulgavit,
1970 4086 2027 4140 in
2081 4085 2298 4157 quibus
2328 4084 2620 4140 Socratico
2675 4102 2835 4140 more
2882 4103 2950 4141 ex
2993 4093 3239 4156 utraque
3282 4092 3461 4160 parte
3498 4088 3638 4160 quid

209 4202 322 4259 pro
348 4186 553 4241 hau-esi
588 4184 680 4239 vel
715 4188 919 4238 contra
947 4180 1061 4236 dici
1094 4183 1293 4253 posset
1321 4196 1636 4251 exponens,
1690 4176 1868 4232 Attici
1911 4180 1968 4231 et
2013 4174 2296 4230 Critobuli
2342 4190 2625 4246 personas
2668 4174 2897 4229 induxit
2936 4192 3134 4231 secum
3168 4177 3416 4233 invicem
3450 4177 3640 4233 disce-

208 4282 465 4347 ptantes,
498 4280 565 4329 ut
593 4278 659 4328 et
687 4272 1075 4328 orthodoxum
1128 4270 1341 4341 dogma
1390 4267 1605 4323 clarius
1656 4269 1991 4339 exponeret,
2038 4270 2095 4321 et
2123 4263 2459 4319 haereticum
2507 4264 2879 4336 impugnaret
2929 4264 3155 4321 fortius.
3206 4266 3324 4322 Hoc
3373 4265 3639 4325 versihul

207 4361 676 4436 elegantissimis
704 4361 767 4416 S.
802 4360 1046 4431 Prosper
1075 4358 1268 4413 Carm.
1301 4357 1366 4412 de
1396 4358 1635 4427 [ngratis
1665 4355 1942 4426 praedicat
1968 4371 1979 4408 :

1250 4501 1395 4549 Tunc
1424 4499 1581 4548 etiam
1613 4498 1809 4548 Bethlei
1842 4496 2087 4560 praeclari
2128 4496 2360 4546 nominis
2389 4497 2601 4560 hospes,

1252 4562 1476 4611 Hebraro
1508 4561 1665 4611 simul
1695 4564 1746 4610 et
1776 4558 2237 4621 Graio,7Latioque
2268 4558 2527 4621 venustus

1252 4625 1494 4687 Eloquio,
1526 4637 1736 4687 morum
1767 4620 2417 4687 exemplumtmuudiqu‘e
2440 4623 2713 4685 magister,

1250 4682 1587 4743 Hiaionucs,
1619 4686 1768 4735 libris
1790 4682 1942 4734 valde
1972 4682 2355 4733 excellentibus
2382 4682 2591 4733 hostem

1252 4750 1534 4808 Disaecuit,
1567 4749 1825 4811 noscique
1854 4745 2017 4811 dedit,
2048 4745 2193 4807 quod
2222 4745 2436 4811 turbine
2466 4760 2647 4796 veram

1250 4811 1453 4862 Vellent
1481 4814 1677 4860 exorta:
1708 4808 1879 4860 lucem
1911 4809 2197 4858 obscurare
2226 4808 2464 4858 tenebrae

267 4959 329 5012 2.
364 4961 636 5021 Annum,
672 4967 789 5024 quo
816 4947 1019 5022 scripti
1050 4949 1211 5014 sunt,
1243 4961 1311 5001 ex
1339 4941 1527 4999 Orosii
1560 4941 1800 5014 Hispani
1830 4940 2173 5014 presbyteri,
2210 4938 2308 5011 qui
2339 4943 2485 4995 tunc
2532 4940 2606 4995 ad
2646 4942 2968 5015 Hieronymi
3006 4944 3164 5015 pedes
3212 4943 3372 5013 sedit,
3429 4942 3639 5017 Apoloo

196 5047 301 5119 gia
328 5045 473 5102 licet
504 5042 807 5109 ediscere;
835 5040 1007 5110 cujus
1038 5052 1273 5109 quoque
1302 5048 1541 5090 causam
1587 5030 1863 5087 brevibus
1912 5047 2219 5103 exponam,
2270 5033 2334 5083 ut
2378 5028 2558 5085 simul
2607 5030 2924 5104 intelligas,
2968 5050 3094 5106 qua:
3124 5049 3226 5106 per
3263 5034 3320 5089 id
3350 5034 3637 5108 tempuris

190 5139 364 5191 esset
417 5132 764 5191 orthodoxa:
819 5126 1120 5185 sententia
1177 5124 1345 5193 ratio,
1408 5122 1540 5194 quis
1583 5137 1778 5177 rerum
1820 5124 2009 5175 status
2063 5124 2237 5191 atque
2281 5119 2443 5186 ordo,
2504 5124 2755 5189 quantas
2803 5120 2973 5191 vires,
3016 5139 3236 5195 quosve
3266 5122 3377 5180 sibi
3407 5122 3639 5182 animos

196 5222 574 5297 sumpsisset
603 5219 865 5275 harresis.
903 5220 1045 5271 Cum
1078 5212 1333 5270 multum
1366 5212 1424 5268 in
1460 5215 1773 5282 utramque
1820 5212 2042 5281 partem
2072 5208 2291 5280 agitata
2321 5208 2564 5279 qumstio
2595 5209 2665 5264 de
2696 5210 2919 5283 origine
2952 5210 3160 5267 animae
3190 5212 3332 5269 viris
3364 5212 3638 5270 ecclesia-

194 5313 373 5369 sticis
408 5310 713 5382 negotium
758 5309 1088 5368 facesseret,
1123 5320 1195 5358 ne
1220 5303 1442 5357 diutius
1475 5302 1815 5355 ﬂuctuarest
1845 5299 2097 5370 ingenia,
2123 5299 2183 5353 S.
2210 5296 2577 5369 Augustinus
2607 5298 3033 5356 consulendum
3058 5302 3285 5357 censuit
3311 5302 3638 5360 maximum

194 5400 610 5458 Ecclesiarum
646 5397 1000 5469 magistrum
1033 5394 1447 5464 Hieronymum
1480 5409 1492 5458 ;
1528 5390 1756 5462 ipsique
1789 5390 1931 5444 adeo
1966 5395 2103 5442 tunc
2137 5388 2288 5458 apud
2316 5404 2377 5441 se
2408 5387 2598 5458 agenti
2631 5386 2831 5445 Oresio
2866 5396 3066 5445 auctor
3110 5391 3239 5458 fuit,
3281 5395 3347 5445 ut
3394 5390 3465 5445 ad
3498 5407 3638 5459 eum

194 5492 479 5563 pergeret
510 5486 1002 5559 Hierosolymam,
1036 5495 1295 5553 suasque
1322 5478 1405 5533 illi
1448 5479 1789 5535 deferendas
1823 5477 2043 5533 litteras
2074 5476 2234 5530 dedit
2278 5492 2343 5531 eo
2388 5491 2566 5547 super
2608 5484 2976 5550 argumento,
3010 5496 3136 5552 quae
3167 5479 3226 5536 in
3268 5479 3289 5534 Ι
3326 5482 3484 5533 tomo
3523 5493 3639 5553 nua

195 5560 399 5642 meris
430 5577 528 5636 131
563 5579 627 5636 et
649 5574 755 5634 132
783 5572 1165 5634 exhibemus:
1206 5567 1389 5628 libros
1437 5582 1667 5646 quoque
1718 5567 1783 5628 de
1833 5569 2182 5629 Peccatorum
2241 5565 2455 5628 meriti:
2483 5568 2539 5625 et
2593 5570 2933 5643 remissione,
2981 5573 3040 5632 et
3094 5566 3401 5657 epistolam
3428 5563 3502 5629 ad
3528 5560 3646 5665 Bg}
