4094 6166
422 321 540 402 515
1678 308 1742 371 s.
1790 308 2039 372 EUSEB

2210 306 2584 373 [ERONYMI
2597 353 2611 367 .
3703 301 3827 364 5⁷16

425 451 659 517 larium,
695 448 911 520 quibus
941 444 1175 518 scriptis
1207 461 1333 517 qua:
1365 443 1662 515 Pelagiani
1696 442 1970 514 discipuli
2022 445 2196 513 atque
2237 441 2294 496 in
2338 441 2545 513 primis
2593 440 2897 496 leestius
2941 437 3272 496 clanculum
3310 437 3644 494 effutierunt
3674 434 3828 492 mala

424 542 700 614 dogmata
729 536 1087 593 confutabat.
1122 534 1223 589 His
1252 533 1578 588 instructus
1613 529 2010 586 monumentis
2039 531 2454 602 Hieronymum
2487 529 2631 585 adiit
2659 529 2917 595 Orosius,
2951 529 3044 584 cui
3076 528 3250 585 etiam
3303 528 3374 583 de
3403 542 3501 582 ore
3531 542 3659 597 quae
3691 541 3826 581 con-

424 636 514 686 tra
543 626 874 684 Cwlestium
905 623 1251 694 Carthagine
1281 625 1512 694 peracta
1541 620 1772 676 fuerant
1797 618 2080 690 exposuit.
2113 618 2398 674 Continuo
2430 619 2502 673 ad
2535 617 2690 690 vulgi
2739 635 2909 674 aures
2957 619 3079 674 haec
3110 619 3407 682 devenere,
3440 614 3826 688 pluribusque

423 719 794 790 Hieronymo,
827 713 1128 769 nonnullis
1158 712 1335 767 etiam
1369 709 1601 780 Pelagio
1633 707 2114 779 astipulantibus,
2146 708 2415 763 obortum
2442 706 2770 762 dissidium
2821 712 2927 774 est,
2981 707 3138 779 quod
3186 707 3444 761 Joannes
3491 702 3826 775 Hierosoly-

424 808 706 871 mitanus,
741 803 841 876 qui
872 803 1091 874 primas
1124 799 1392 856 hzeretico
1426 798 1742 862 det'erebat,
1775 796 1975 852 volens
2003 813 2393 868 compescere,
2420 796 2689 851 Orosium
2720 796 3179 869 Hierosolymam
3211 794 3437 863 accivit,
3470 792 3572 848 ubi
3610 791 3830 847 indicta

420 896 602 951 totius
633 893 769 948 cleri
801 891 1044 964 synodo,
1076 887 1305 959 Pelagio
1338 887 1464 958 ipso
1495 887 1787 955 adstante,
1823 885 1961 956 quid
1993 883 2090 940 ille
2121 901 2189 940 ex
2217 884 2409 939 Africa
2438 889 2639 940 contra
2682 885 2809 955 ejus
2859 885 3183 941 doctrinam
3233 882 3578 947 advexisset,
3612 881 3826 953 quibus

421 984 531 1039 iste
562 999 623 1038 se
653 986 914 1037 tueretur
943 977 1326 1050 argumentis,
1359 991 1648 1046 exponere
1685 973 1840 1045 jussi
1890 978 2048 1028 sunt.
2101 973 2173 1028 Ut
2221 990 2344 1029 rem
2393 973 2735 1030 brevissime
2779 974 3102 1045 expediam,
3135 972 3404 1045 Pelagius
3449 969 3651 1042 judice
3681 986 3826 1025 usus

422 1087 665 1128 suarum
700 1069 952 1142 partium
985 1067 1268 1132 studioso,
1303 1081 1540 1135 suaeque
1573 1062 1841 1119 factionis
1871 1062 2305 1133 interpretibus,
2338 1063 2440 1133 qui
2473 1063 2658 1118 Orosii
2691 1063 2892 1118 Latine
2922 1063 3076 1118 dicta
3107 1062 3300 1117 Graece
3349 1061 3655 1116 redderent
3692 1059 3831 1114 sub-

421 1159 555 1217 dola
584 1160 717 1227 fide,
746 1159 826 1212 ita
856 1155 1060 1228 synodi
1083 1154 1376 1226 judicium
1413 1152 1613 1219 evasit,
1659 1155 1723 1207 ut
1780 1149 2166 1223 periculosam
2225 1151 2504 1206 invidiam
2562 1151 2621 1207 in
2679 1155 3052 1206 accusantem
3111 1150 3477 1216 converterit,
3532 1149 3630 1220 qui
3665 1147 3830 1203 edita

419 1247 703 1320 Apologia
730 1244 1126 1316 suspicionem
1159 1243 1446 1298 haereseos
1478 1259 1512 1296 a
1544 1257 1606 1296 se
1637 1257 1868 1295 omnem
1903 1243 2141 1294 coactus
2171 1243 2258 1294 est
2287 1256 2573 1295 amovere.
2610 1240 2672 1294 ln
2705 1239 2812 1295 hac
2842 1256 2973 1295 vero
3004 1238 3286 1312 Apologia
3324 1236 3827 1309 quemadmodum

419 1354 512 1393 res
544 1339 708 1406 gesta
735 1338 844 1399 est,
879 1350 979 1405 per
1009 1331 1272 1404 singulas
1304 1335 1499 1402 partes
1533 1333 1766 1384 enarrat
1804 1328 2098 1400 Hispanus
2129 1328 2450 1400 presbyter,
2511 1333 2684 1400 atque
2743 1329 2800 1382 in
2857 1328 3062 1400 primis
3115 1331 3348 1399 tempus
3387 1325 3678 1398 designat,
3713 1341 3828 1397 quo

417 1426 542 1498 ipse
573 1438 896 1480 consensus
927 1419 1492 1492 Hierosoylmitanus
1527 1421 1616 1474 est
1647 1415 1921 1471 habitus:
1975 1420 2194 1486 septem
2235 1431 2444 1487 nempe
2493 1421 2546 1473 et
2578 1417 2968 1488 quadraginta
3010 1417 3135 1471 dies
3166 1419 3297 1471 ante
3327 1415 3579 1488 primam
3630 1415 3828 1470 Eucte-

419 1515 652 1569 niorum
684 1513 812 1582 ejus
839 1509 1040 1581 templi
1075 1509 1248 1562 diem.
1286 1509 1520 1562 Festum
1578 1505 1722 1559 illud
1774 1511 1916 1560 teste
1947 1503 2268 1575 Nicephoro
2310 1504 2510 1559 Πέδιον.
2547 1503 2649 1558 lib.
2684 1522 2781 1559 vm
2812 1505 2870 1559 in
2904 1505 3060 1560 diem
3118 1504 3412 1560 incidebat
3463 1503 3829 1575 Septembris

418 1601 710 1658 decimum
744 1602 1042 1670 quartum,
1080 1596 1232 1650 unde
1265 1595 1557 1649 subducta
1592 1593 1812 1648 ratione
1862 1597 2227 1664 compertum
2281 1595 2370 1654 est
2420 1593 2710 1664 synodum
2768 1593 3029 1650 habitam
3073 1597 3318 1649 exeunte
3346 1592 3526 1648 Julio.
3560 1592 3640 1647 De
3671 1609 3828 1648 anno

418 1689 564 1744 nihil
599 1692 688 1744 est
718 1686 965 1740 dubium
997 1685 1191 1756 ipsum
1225 1681 1471 1754 intelligi
1507 1681 2152 1753 quadringentesimum
2186 1681 2480 1736 decimum
2511 1681 2818 1753 quintum;
2871 1699 3006 1736 nam
3054 1682 3152 1754 qui
3201 1682 3310 1737 hoc
3349 1698 3501 1737 anno
3533 1681 3826 1736 Bethleem

417 1779 728 1834 advenerat
756 1774 1018 1838 Orosius,
1051 1773 1160 1827 sub
1194 1771 1564 1842 insequentis
1598 1771 1758 1825 verni
1793 1774 2022 1841 tempus
2055 1770 2111 1823 in
2144 1768 2399 1824 Africam
2431 1771 2620 1825 denuo
2644 1770 2832 1826 solvit.
2862 1770 2994 1826 Jam
3016 1787 3148 1826 vero
3170 1770 3280 1826 hoc
3305 1787 3478 1838 anno,
3507 1787 3573 1826 eo
3599 1785 3825 1835 mense,

417 1867 606 1937 deque
636 1880 704 1919 ea
733 1863 952 1935 synodo
987 1861 1253 1932 loquens,
1288 1865 1495 1916 contra
1524 1859 1741 1932 Pelagii
1775 1875 2053 1925 errorem,
2087 1859 2242 1930 quod
2297 1859 2471 1913 homo
2524 1859 2711 1931 possit
2763 1860 3038 1914 mandata
3089 1860 3189 1915 Dei
3247 1859 3373 1915 sine
3429 1859 3615 1932 gratia
3655 1859 3826 1915 facile

417 1953 730 2020 custodire,
764 1951 813 2006 si
845 1951 1000 2017 velit,
1036 1972 1061 1998 ‹‹
1096 1950 1234 2015 Hoc,
1268 1949 1486 2020 inquit,
1517 1949 1724 2003 beatus
1757 1947 2166 2018 Hieronymus,
2218 1947 2386 2016 cujus
2436 1947 2735 2018 eloquium
2787 1949 3095 2004 universus
3140 1948 3421 2004 Occidens
3451 1948 3600 2004 sicut
3631 1965 3728 2003 ros
3762 1948 3825 2003 in

416 2041 602 2097 vellus
633 2042 931 2110 exspectat
962 2037 1155 2108 (multi
1187 2036 1343 2091 enim
1378 2035 1504 2106 jam
1555 2035 1812 2091 haeretici
1862 2051 1996 2089 cum
2046 2035 2422 2106 dogmatibus
2473 2035 2596 2090 suis
2647 2036 2772 2106 ipso
2823 2041 3197 2108 oppugnante
3243 2035 3507 2108 supplosi
3544 2039 3730 2106 sunt),
3764 2037 3827 2091 in

416 2128 662 2202 epistola
692 2144 819 2191 sua,
851 2143 1026 2197 quam
1061 2141 1248 2196 nuper
1269 2125 1340 2179 ad
1371 2123 1811 2195 Ctesiphontem
1844 2124 2044 2189 edidit,
2077 2124 2521 2192 condemnavit;
2555 2123 2824 2179 similiter
2869 2129 2926 2179 et
2967 2125 3026 2179 in
3077 2124 3245 2193 libro,
3285 2142 3458 2197 quem
3490 2142 3646 2180 nunc
3676 2125 3828 2180 scri-

417 2220 503 2273 bit
531 2217 743 2274 collata
771 2215 831 2270 in
866 2217 1106 2271 modum
1141 2214 1358 2286 Dialogi
1422 2213 1800 2269 altercatione
1858 2214 2140 2268 confutet.
2179 2236 2206 2261 ››
2262 2213 2459 2284 Neque
2512 2229 2646 2268 vero
2702 2212 2949 2269 dilatum
2983 2231 3131 2286 opus
3171 2214 3230 2269 in
3262 2219 3604 2285 sequentem
3636 2232 3827 2287 usque

418 2323 638 2363 annum
671 2323 776 2378 par
814 2309 903 2360 est
931 2303 1179 2375 opinari,
1214 2302 1695 2374 quandoquidem
1763 2301 2084 2357 discedenti
2140 2301 2361 2369 Orosio,
2426 2305 2491 2356 ut
2524 2301 2819 2370 ‘diximus,
2873 2320 3048 2358 verno
3098 2307 3377 2375 tempore,
3412 2303 3639 2360 litteras
3669 2306 3828 2361 dedit

420 2397 808 2468 Hieronymus
837 2394 895 2448 in
929 2397 1129 2448 nostra
1159 2392 1496 2447 recensione
1533 2393 1648 2458 13-5,
1685 2392 1752 2446 ad
1787 2391 2179 2463 Augustinum
2221 2391 2614 2462 perferendas,
2666 2390 2722 2444 in
2773 2392 2988 2463 quibus
3037 2392 3232 2464 ipsum
3264 2392 3571 2464 alloquens
3601 2394 3825 2466 Hippo—

420 2502 660 2541 nensem
691 2484 1030 2554 episcopum
1060 2499 1222 2536 num.
1259 2499 1273 2535 Ι
1301 2497 1312 2535 :
1349 2505 1376 2530 «
1409 2482 1592 2546 Certe,
1627 2481 1838 2552 inquit,
1863 2485 1918 2534 et
1949 2480 2005 2534 in
2045 2479 2299 2552 Dialogo,
2323 2496 2497 2551 quem
2521 2497 2708 2551 nuper
2727 2478 2902 2545 edidi,
2928 2485 3040 2534 tua:
3064 2480 3460 2545 beatitudinis,
3493 2487 3556 2536 ut
3578 2483 3823 2555 dignum

421 2576 626 2637 fuerat,
659 2589 790 2628 sum
823 2571 1179 2626 recordatus.
1213 2592 1240 2618 ››
1277 2569 1395 2624 Ηοο
1427 2575 1620 2624 autem
1657 2571 1765 2624 sub
1799 2569 1952 2625 tertii
1984 2567 2113 2623 libri
2149 2569 2346 2635 ﬁnem,
2379 2573 2552 2640 atque
2583 2570 2725 2624 adeo
2775 2585 2945 2640 opere
2981 2569 3107 2638 jam
3139 2568 3428 2636 absoluto,
3470 2571 3726 2642 scripsit,
3763 2577 3827 2628 ut

421 2662 566 2717 nulli
598 2661 841 2716 dubium
877 2660 953 2713 sit
984 2659 1213 2714 exeunti
1247 2675 1400 2713 anno
1433 2658 2013 2730 quadringentesimo
2042 2658 2266 2713 decimo
2299 2658 2501 2729 quinto
2533 2657 2675 2712 illud
2714 2674 2841 2713 esse
2871 2659 3306 2713 ascribendum.

490 2753 542 2805 3.
577 2753 789 2805 Contra
819 2748 1006 2803 editos
1037 2765 1070 2800 a
1100 2747 1158 2800 S.
1197 2751 1434 2801 Doctore
1466 2745 1647 2800 libros
1678 2747 1935 2817 primum
1967 2747 2270 2800 Annianus
2301 2745 2650 2812 Celedensis,
2676 2751 2740 2800 ut
2770 2746 2940 2819 vulgo
2973 2747 3270 2816 scribitur,
3293 2748 3594 2814 diaconus,
3617 2751 3826 2807 deinde

421 2837 694 2910 Pelagius
722 2837 847 2908 ipse
877 2835 1033 2890 haud
1067 2834 1251 2889 multo
1283 2838 1435 2906 post,
1468 2851 1601 2888 cum
1633 2833 2093 2906 Diospolitanam
2127 2833 2518 2889 miserabilem
2549 2836 2836 2906 synodum
2864 2835 3183 2902 fefellisset,
3206 2837 3456 2910 denique
3483 2838 3826 2896 Theodorus

424 2930 873 3001 Mopsuestenus
904 2931 1235 2998 episcopus,
1269 2925 1585 2978 traduntur
1614 2923 1831 2995 stylum
1865 2924 2110 2979 acuisse.
2146 2928 2361 2978 Verum
2405 2924 2655 2979 Anniani
2706 2929 2762 2979 et
2807 2924 3044 2997 Pelagii,
3080 2942 3194 2980 non
3226 2927 3362 2992 duo,
3399 2931 3460 2981 ut
3491 2929 3828 2985 communis

424 3019 533 3074 fert
562 3015 777 3090 opinio,
811 3015 911 3070 sed
945 3030 1130 3069 unum
1161 3017 1337 3085 atque
1367 3012 1518 3068 idem
1545 3012 1851 3084 scriptum,
1883 3013 2035 3084 quod
2069 3011 2277 3068 collata
2306 3029 2480 3083 opera
2509 3011 2953 3082 elaboraverint,
2984 3030 3052 3070 ex
3081 3018 3360 3080 veterum,
3394 3014 3494 3086 qui
3541 3017 3670 3087 ejus
3701 3035 3824 3075 me-

426 3107 748 3171 minerunt,
809 3102 1161 3158 testimoniis
1214 3102 1408 3174 colligi
1468 3117 1638 3173 posse
1694 3100 1961 3155 videatur
2038 3100 2369 3155 Annianum
2429 3100 2644 3173 Pelagii
2707 3103 3064 3174 armigerum
3112 3107 3277 3158 vocat
3306 3104 3584 3160 Orosius:
3619 3111 3824 3176 «Stat,

422 3194 634 3265 inquit,
669 3191 944 3262 superbia
971 3190 1441 3245 immanissimus
1475 3189 1702 3244 Goliath
1739 3189 2040 3259 (Pelagius)
2073 3189 2294 3244 habens
2337 3194 2468 3260 post
2518 3205 2579 3244 se
2627 3191 2985 3262 armigerum
3031 3208 3227 3258 suum,
3262 3192 3360 3260 qui
3411 3193 3520 3248 etsi
3552 3193 3676 3265 ipse
3705 3214 3828 3254 non

416 3281 678 3346 dimicat,
712 3283 923 3334 cuncta
953 3283 1147 3333 tamen
1181 3279 1310 3333 aeris
1341 3283 1397 3334 et
1430 3277 1563 3332 ferri
1596 3277 1875 3348 suffragia
1901 3277 2330 3332 subministrat.
2364 3300 2391 3328 ››
2427 3278 2809 3351 Hieronymus
2841 3278 3029 3346 illum,
3062 3279 3229 3352 epist.
3261 3280 3385 3344 H3,
3417 3281 3826 3352 adAuguslz'n.,

417 3369 558 3425 dicit
588 3391 613 3418 α
650 3365 1054 3438 copiosissime
1087 3365 1268 3436 pasci,
1303 3369 1368 3419 ut
1396 3364 1597 3420 alienae
1629 3364 2008 3435 blasphemiae
2038 3366 2212 3420 verba
2242 3364 2445 3420 frivola
2475 3366 2921 3434 subministret;
2961 3390 2980 3414 υ
3016 3365 3355 3423 Gennadius
3406 3386 3510 3426 nec
3557 3372 3833 3431 nominat

417 3453 936 3530 quidem;Pelagii
969 3457 1164 3508 autem
1196 3455 1396 3524 scripta
1455 3453 1653 3508 haeresi
1708 3469 1821 3509 sua:
1876 3455 2121 3524 faventia
2180 3469 2292 3508 non
2352 3457 2538 3508 tacet:
2595 3459 2797 3510 contra
2853 3455 3212 3528 Sigebertus,
3247 3457 3346 3528 qui
3378 3457 3524 3513 alios
3573 3461 3832 3536 Anniani

416 3547 598 3604 libros
627 3549 908 3610 recenset,
945 3560 1091 3614 quos
1113 3548 1317 3598 contra
1348 3543 1764 3614 Hieronymum
1801 3543 2124 3614 scripserit,
2185 3559 2300 3597 non
2359 3543 2644 3614 agnoscit.
2703 3544 2813 3599 Sed
2873 3561 3107 3616 quoque
3165 3562 3227 3600 se
3258 3547 3430 3602 modo
3463 3564 3555 3604 res
3587 3548 3831 3621 habeat,

418 3636 638 3707 scripta
670 3631 840 3688 malis
871 3631 1150 3704 auspiciis
1183 3637 1318 3686 nata
1350 3630 1502 3686 male
1529 3631 1780 3703 perdidit
1811 3631 2050 3701 sequior
2096 3637 2253 3686 aetas.
2303 3635 2551 3686 Sanctus
2599 3630 2768 3686 Pater
2811 3631 2935 3702 ipse
2982 3633 3123 3688 dum
3172 3650 3240 3688 ea
3267 3635 3570 3691 confutare
3599 3636 3832 3696 diutius

418 3725 631 3792 diﬂ'ert,
664 3722 900 3778 tandem
933 3720 1302 3791 contempsit,
1337 3719 1504 3792 quasi
1564 3735 1872 3792 personam
1905 3736 2071 3774 suam
2122 3720 2425 3775 dedecoret
2458 3742 2485 3770 «
2517 3719 2722 3774 namiis
2773 3720 3157 3791 ineptissimis
3202 3724 3570 3794 respondere.
3607 3749 3635 3774 ››
3667 3727 3831 3784 Tan-

419 3820 546 3886 tum
577 3810 906 3884 Augustino
938 3810 1202 3864 insinuat
1232 3809 1444 3865 melius
1477 3811 1616 3878 fore,
1651 3808 1700 3863 si
1729 3809 1837 3864 hoc
1869 3808 1964 3864 ille
1996 3809 2226 3874 faceret,
2291 3832 2315 3858 «
2377 3809 2478 3874 Ne,
2537 3807 2750 3879 inquit,
2805 3809 3225 3881 compellamur
3254 3815 3456 3867 contra
3485 3812 3828 3874 haereticnm

421 3906 622 3958 nostra
662 3899 919 3955 laudare.
956 3922 983 3947 »
1018 3899 1189 3954 Porro
1219 3899 1586 3954 Theodorum
1647 3899 2124 3971 Mopsuestenum
2185 3897 2377 3970 prodit
2433 3896 2752 3969 Pelagiana:
2811 3897 3064 3953 historiae
3115 3899 3380 3954 conditor
3407 3905 3831 3962 conterraneus

422 4007 590 4046 meus
623 3988 904 4044 Henricus
937 3989 1091 4043 card.
1127 3987 1390 4044 Norisius
1421 4005 1487 4044 ex
1518 3988 1609 4043 his
1642 3988 1828 4042 Photii
1861 3988 2122 4042 Bibliolh.
2155 3987 2280 4042 cod.
2325 3987 2456 4041 H7:
2492 4008 2520 4036 ‹‹
2555 3987 2792 4040 Lectum
2837 3992 2926 4042 est
2963 4004 3110 4058 opus
3141 3987 3428 4043 Theodori
3457 3991 3832 4062 Antiocheni,

423 4079 523 4150 qui
557 4078 1004 4149 Mopsuestenus
1037 4076 1131 4131 ille
1162 4078 1474 4149 episcopus
1498 4083 1606 4143 est,
1643 4082 1708 4131 ut
1735 4094 1801 4131 ex
1833 4078 1960 4147 ejus
1991 4076 2344 4147 quibusdam
2381 4074 2642 4146 epistolis
2691 4074 3040 4146 colligimus,
3095 4076 3200 4132 hoe
3231 4075 3422 4145 titulo,
3457 4078 3656 4134 Contra
3685 4097 3838 4138 αδδε-

421 4173 604 4224 rentes
630 4183 855 4238 peccare
885 4166 1132 4220 homines
1179 4173 1413 4232 natura,
1462 4184 1572 4220 non
1624 4167 1922 4220 voluntate.
1985 4169 2062 4218 Ea
2101 4164 2416 4235 disputatio
2467 4163 2727 4234 quinque
2771 4162 2938 4219 libris
2987 4166 3324 4234 absolvitur,
3369 4184 3516 4239 quos
3546 4168 3838 4243 adversus

421 4255 821 4314 Occidentales
853 4256 960 4311 hac
993 4255 1121 4310 labe
1155 4255 1400 4311 infectos
1433 4255 1689 4326 scripsit.
1727 4255 1863 4308 Inde
1894 4253 2050 4308 enim
2085 4253 2398 4308 oriundum
2446 4252 2685 4308 hmresis
2731 4253 2908 4323 hujus
2952 4261 3249 4310 auctorem
3281 4256 3340 4310 in
3374 4255 3624 4313 Orientis
3655 4260 3841 4315 modo

423 4345 761 4418 regionibus
792 4344 1030 4409 versari,
1065 4344 1360 4414 librosque
1389 4345 1458 4398 de
1490 4359 1692 4398 recens
1724 4359 1757 4396 a
1788 4358 1848 4396 se
1881 4343 2202 4414 excogitata
2234 4340 2438 4396 haeresi
2469 4341 2844 4412 compositos,
2877 4344 2948 4396 ad
2982 4343 3292 4414 populares
3324 4362 3462 4402 suos
3489 4347 3547 4400 in
3580 4349 3839 4419 patriam

421 4434 822 4491 transmittere
855 4439 1070 4496 narrat,
1106 4438 1169 4486 ut
1192 4433 1318 4500 jam
1347 4431 1426 4485 ibi
1464 4433 1684 4486 multos
1718 4447 1820 4501 per
1876 4437 2025 4484 hanc
2083 4434 2266 4485 artem
2326 4429 2384 4483 in
2442 4447 2609 4485 suam
2671 4430 3013 4502 pertraxerit
3050 4432 3422 4499 sententiam,
3456 4433 3839 4508 integrosque

424 4523 566 4577 adeo
590 4520 875 4576 Ecclesias
899 4521 1170 4575 absurdis
1194 4519 1310 4574 illis
1333 4520 1613 4574 imbuerit
1635 4518 2034 4590 opinionibus.
2061 4519 2224 4574 Aram
2248 4535 2379 4574 vero
2402 4518 2500 4574 illo
2524 4519 2758 4574 illorum
2782 4519 3063 4575 librorum
3088 4525 3406 4588 auctorem,
3431 4523 3552 4578 sive
3574 4524 3842 4591 nomine,

425 4610 544 4664 sive
603 4607 950 4680 cognomine
1009 4607 1319 4678 incertum,
1381 4606 1653 4680 appellat.
1717 4612 1876 4662 llunc
1935 4608 2112 4662 etiam
2170 4607 2444 4678 quintum
2501 4607 2862 4680 evangelium
2924 4609 3300 4677 confinxisse,
3358 4609 3621 4682 illudque
3679 4613 3841 4669 sein

427 4695 658 4752 Eusebii
714 4694 1006 4750 Palaestini
1066 4695 1435 4751 bibliothecis
1496 4697 1782 4767 reperisse
1835 4697 1951 4752 ait:
1987 4699 2201 4768 rejecta
2234 4701 2508 4767 praeterea
2561 4696 2739 4751 divini
2772 4713 2837 4751 ac
2867 4698 3076 4752 veteris
3131 4699 3491 4754 Testamenti
3543 4701 3837 4772 versione,

427 4801 602 4858 quam
655 4783 1037 4856 Septuaginta
1085 4783 1431 4856 interpretes
1481 4784 1656 4840 simul
1709 4785 2116 4840 convenientes
2165 4784 2495 4850 ediderunt,
2543 4788 2606 4839 ut
2653 4789 2710 4839 et
2758 4785 3090 4857 Symmachi
3121 4790 3178 4841 et
3208 4786 3427 4858 Aquila:
3467 4787 3840 4862 aliorumque

425 4872 927 4946 interpretatione,
960 4873 1257 4945 prepriam
1292 4874 1609 4940 quamdam
1644 4891 1811 4928 suam
1845 4891 2172 4945 novamque
2206 4875 2488 4930 conficere
2519 4891 2753 4941 ausum,
2787 4891 2918 4928 cum
2952 4890 3140 4945 neque
3171 4875 3461 4932 Hebraicae
3500 4876 3735 4950 linguae,
3771 4885 3842 4935 ut

424 4963 530 5032 illi,
565 4979 809 5036 apuero
867 4962 1240 5027 assuevisset,
1302 4979 1488 5033 neque
1546 4969 1798 5017 mentem
1856 4964 1916 5017 S.
1977 4963 2286 5035 Scripturae
2345 4962 2663 5017 didicisset.
2724 4962 2975 5018 Hebraeis
3017 4965 3423 5020 tantummodo
3473 4966 3839 5038 quibusdam

427 5054 665 5124 abjectaa
692 5051 867 5108 sortis
899 5051 956 5106 in
990 5050 1360 5123 disciplinam
1395 5068 1456 5106 se
1487 5051 1819 5116 tradidisse,
1870 5057 2042 5123 atque
2093 5052 2228 5107 hinc
2279 5053 2571 5124 prepriam
2620 5051 2732 5107 sibi
2763 5051 3074 5108 editionem
3110 5053 3361 5109 scribere
3401 5071 3765 5128 aggressum.
3808 5081 3838 5105 ››

427 5142 795 5199 Conviciator
848 5141 1158 5196 haereticus
1207 5140 1623 5213 Hieronymum
1684 5157 1999 5212 suppresso
2053 5141 2289 5196 nomine
2347 5141 2670 5196 describere
2725 5139 2940 5196 clarius
2970 5143 3061 5196 vix
3092 5143 3413 5214 potuisset;
3471 5145 3624 5215 quod
3675 5144 3839 5203 enim

427 5233 707 5284 Aramum
739 5234 928 5295 vocat,
961 5247 1074 5284 non
1107 5228 1342 5284 aliunde
1371 5229 1598 5284 videtur
1626 5245 1754 5284 esse
1786 5245 1962 5299 quam
2022 5231 2177 5299 quod
2236 5229 2410 5284 homo
2469 5229 2806 5285 Pannonius
2864 5231 3095 5301 degeret
3153 5231 3210 5285 in
3265 5231 3582 5288 Orientem.
3615 5233 3838 5291 Verum

434 5332 625 5387 neque
656 5317 811 5372 hisce
842 5317 1006 5372 libris
1038 5319 1100 5370 S.
1144 5323 1348 5372 Doctor
1376 5319 1692 5389 respondit,
1728 5318 1844 5371 imo
1906 5333 1976 5370 ne
2031 5318 2246 5373 vidisse
2307 5319 2543 5390 quidem
2605 5318 2756 5386 illos,
2818 5325 2919 5374 aut
2974 5320 3209 5376 scivisse
3262 5327 3464 5376 contra
3493 5340 3553 5377 se
3585 5323 3842 5396 scriptos

432 5405 721 5460 videatur.
757 5407 1010 5460 Rursum
1045 5423 1157 5460 non
1189 5407 1298 5460 nisi
1333 5409 1597 5478 quaedam
1630 5426 1698 5462 ex
1732 5407 1847 5461 illis
1877 5411 2193 5477 supersunt
2232 5413 2522 5479 excerpta,
2557 5425 2683 5479 quae
2734 5407 2952 5463 Marius
3001 5410 3282 5464 Mercator
3329 5417 3530 5465 contra
3560 5413 3838 5482 Augusti-

435 5510 578 5550 num
613 5494 830 5564 scripta
857 5495 1173 5549 arbitratus
1204 5501 1312 5561 est,
1347 5514 1412 5551 ac
1445 5497 1644 5551 Latine
1676 5514 1708 5551 a
1735 5513 1795 5552 se
1829 5496 2054 5551 reddita
2085 5496 2329 5551 inseruit
2357 5496 2834 5552 Commonitorio.

505 5584 558 5638 at.
594 5581 767 5637 Porro
797 5581 948 5637 inter
975 5587 1198 5649 cratera,
1233 5599 1360 5653 qua:
1392 5585 1465 5642 ad
1496 5583 1929 5657 Hieronymiani
1984 5584 2163 5657 hujus
2219 5585 2407 5658 operis
2465 5585 2796 5658 augendam
2854 5602 2958 5656 pro
2990 5587 3227 5644 modulo
3259 5590 3456 5645 nostro
3486 5587 3836 5660 dignitatem

426 5669 839 5790 prastitimus,
869 5669 1128 5751 ipsailla
1183 5669 1603 5754 ammonens:
1630 5689 1701 5734 ex
1729 5674 1911 5732 Mario
1941 5674 2258 5736 Mercatore
2289 5673 2614 5736 Baluzianac
2643 5673 2917 5737 editionis
2942 5675 3057 5736 huc
3107 5677 3384 5737 duximus
3427 5677 3836 5756 transferenda
