4094 6166
257 329 370 396 3!!

1122 327 1510 392 DlALOGUS
1555 327 1873 390 CONTRA
1919 324 2436 388 PELAGIANOS.
2469 327 2725 388 —LlB.
2772 329 2820 388 Ι.

258 463 679 520 Οιιῐτοθῠιῠεί.
715 461 951 527 Verum,
985 461 1169 516 Attice
1211 462 1312 516 sed
1345 477 1458 515 non
1491 460 1692 515 eodem
1724 475 1900 514 sensu
1932 457 1986 522 Α
2014 457 2107 512 trii
2138 456 2478 524 intelligant.
2505 462 2870 529 potestatem.
2929 462 2988 514 ϐ.
3033 460 3155 514 Non
3215 464 3302 514 est
3359 461 3441 514 ita
3472 465 3538 515 ut
3566 476 3664 516 au-

257 554 327 608 ab
358 550 593 607 amulis
622 549 925 622 accipitur,
959 567 1076 622 quo
1098 567 1132 604 a
1160 566 1254 606 mc
1285 550 1506 606 dictum
1539 553 1647 604 est.
1682 550 1720 602 A
1755 548 1902 613 Quid

254 641 412 698 enim
445 639 852 712 ambiguitatis
899 641 959 694 in
991 639 1143 694 dicto
1174 643 1283 705 est,
1318 642 1384 693 ut
1423 639 1661 692 diversa
1692 635 1905 690 intelli-

192 769 196 772 ν
253 731 466 804 gentia:
498 730 796 784 tribuatur
823 728 1086 784 occasio?
1103 729 1217 782 Nec
1249 741 1443 798 quaero
1461 730 1528 780 ut
1557 726 1628 780 de
1660 729 1908 796 utroque

257 818 490 890 pariter
511 817 885 890 respondeas.
919 817 1044 872 Duo
1075 816 1230 870 enim
1263 833 1297 871 a
1325 820 1382 869 te
1413 814 1710 886 proposita
1739 815 1906 867 sunt:

263 923 488 973 unum,
518 921 679 979 posse
703 905 1002 960 hominem
1036 904 1164 959 sine
1189 907 1424 976 peccato
1472 920 1620 968 esse,
1654 903 1702 956 si
1733 900 1906 966 velit;

263 997 539 1061 alterum,
592 993 780 1049 facilia
810 993 912 1048 Dei
955 1009 1082 1049 esse
1123 996 1428 1064 praecepta.
1467 991 1625 1046 Licet
1662 1005 1797 1062 ergo
1833 989 1909 1042 si-

267 1084 395 1139 mul
423 1083 723 1146 dictasint,
738 1086 934 1136 tamen
968 1097 1072 1152 per
1099 1085 1294 1151 partes
1326 1077 1591 1150 singulas
1624 1079 1915 1133 disseran-

263 1176 374 1238 tur,
397 1176 461 1226 ut
479 1185 730 1242 quorum
749 1185 868 1224 una
884 1168 1115 1222 videtur
1132 1169 1294 1231 ﬁdes,
1319 1166 1482 1221 nulla
1511 1167 1588 1222 sit
1606 1166 1665 1220 in
1686 1169 1915 1222 senten-

257 1259 478 1313 tiarum
512 1256 851 1312 diversitate
880 1255 1191 1310 contentio.
1243 1253 1299 1308 C.
1335 1254 1471 1325 Ego,
1527 1252 1733 1318 Attice,
1795 1253 1914 1307 dixi

253 1346 560 1402 hominem
594 1347 818 1414 absque
847 1347 1083 1415 peccato
1096 1358 1268 1414 posse
1288 1341 1505 1403 esse,si
1536 1341 1694 1408 velit,
1717 1358 1831 1397 non
1850 1347 1917 1396 ut

253 1435 503 1506 quidam
535 1432 808 1490 maledici
839 1431 1295 1496 calumniantur,
1329 1431 1555 1500 absque
1596 1430 1697 1485 Dei
1731 1430 1917 1502 gratia

259 1523 443 1596 (quod
475 1523 654 1578 etiam
689 1520 942 1593 cogitare
974 1519 1346 1591 sacrilegium
1380 1519 1512 1589 est),
1555 1519 1655 1572 sed
1689 1518 1918 1589 simpli-

251 1614 401 1668 citer
426 1626 626 1684 posse,
641 1609 692 1664 si
735 1608 894 1672 velit,
916 1613 982 1663 ut
1012 1607 1407 1663 subaudiatur
1435 1623 1566 1661 cum
1587 1607 1686 1661 Dei
1709 1608 1916 1678 gratia.

253 1704 318 1757 A.
351 1701 506 1772 Ergo
528 1704 589 1754 et
621 1697 911 1753 malorum
945 1697 1003 1750 in
1032 1701 1088 1751 te
1120 1711 1358 1767 operum
1387 1701 1588 1750 auctor
1608 1699 1696 1750 est
1725 1695 1923 1751 Deus?

263 1791 322 1845 C.
365 1789 757 1860 Nequaquam
791 1787 873 1841 ita
920 1791 988 1840 ut
1014 1789 1309 1839 autumas.
1344 1784 1457 1839 Sed
1484 1783 1532 1837 si
1557 1783 1698 1854 quid
1734 1785 1790 1837 in
1825 1799 1918 1839 me

257 1878 395 1934 boni
429 1873 751 1935 babeo.illo
783 1878 1131 1946 suggerente
1147 1878 1204 1928 et
1229 1873 1542 1944 adjuvante
1564 1871 1911 1943 completur.

257 1970 322 2021 Α.
357 1965 488 2021 Non
519 1964 592 2018 de
619 1965 833 2017 natura
861 1978 1078 2033 quaero,
1113 1961 1214 2016 sed
1273 1962 1346 2015 de
1385 1965 1540 2016 actu.
1587 1960 1730 2024 Quis
1759 1961 1917 2015 enim

259 2053 498 2108 dubitat
525 2056 700 2107 Deum
735 2049 999 2104 omnium
1049 2048 1423 2104 Creatorem?
1470 2048 1587 2103 Hoc
1621 2047 1766 2102 mihi
1797 2064 1917 2103 res-

264 2139 536 2214 pondeas
573 2137 778 2192 velim:
828 2138 985 2208 quod
1031 2136 1156 2209 agis
1199 2137 1443 2206 bonum,
1485 2139 1653 2192 tuum
1705 2140 1810 2194 est,
1843 2154 1916 2191 an

260 2228 418 2284 Dei?
454 2226 513 2282 C.
547 2225 728 2287 Meum
757 2230 866 2294 est,
899 2228 956 2280 et
985 2224 1120 2291 Dei;
1155 2229 1219 2278 ut
1245 2241 1349 2297 ego
1382 2240 1585 2296 operer
1613 2228 1670 2279 et
1690 2224 1787 2280 ille
1815 2225 1916 2280 ad-

248 2320 446 2390 juvet.
487 2318 551 2371 A.
600 2315 667 2371 Et
719 2313 1014 2386 quomodo
1057 2313 1178 2368 haec
1227 2314 1495 2368 omnium
1552 2313 1749 2385 opinio
1807 2318 1916 2380 est,

260 2403 422 2480 quod
480 2405 578 2460 Dei
641 2405 871 2459 auferas
926 2402 1198 2473 gratiam,
1243 2407 1299 2456 et
1326 2401 1613 2473 quidquid
1647 2402 1919 2456 homines

258 2497 518 2569 agimus,
567 2493 815 2565 propria:
872 2495 1105 2546 tantum
1167 2507 1396 2545 asseras
1462 2489 1838 2545 voluntatis?
1881 2489 1918 2544 ϐ

259 2586 463 2651 Miror,
493 2583 706 2648 Attice,
738 2598 844 2636 cur
866 2579 1084 2635 erroris
1100 2579 1275 2633 alieni
1305 2596 1340 2634 a
1362 2595 1454 2634 me
1474 2595 1713 2634 causam
1739 2578 1917 2633 ratio-

260 2687 521 2743 nemque
551 2669 806 2741 ﬂagites,
837 2673 894 2722 et
921 2667 975 2721 id
1011 2683 1240 2739 quaeras
1282 2668 1437 2739 quod
1481 2667 1763 2738 scriptum
1801 2684 1916 2722 non

258 2767 369 2828 est,
387 2775 526 2817 cum
540 2758 920 2831 perspicuum
941 2757 1017 2811 sit
1033 2757 1188 2826 quod
1214 2755 1569 2828 scripserim.
1589 2756 1714 2810 Dixi
1734 2755 1919 2811 homi-

263 2867 392 2907 nem
425 2850 557 2904 sine
602 2851 838 2919 peccato
888 2861 1017 2900 esse
1075 2862 1269 2916 posse,
1333 2845 1381 2900 si
1439 2844 1596 2900 velit.
1639 2844 1917 2915 Nunquid

266 2937 482 3004 addidi,
516 2937 742 3006 absque
773 2933 874 2989 Dei
906 2934 1092 3006 gratia
1113 2934 1142 2987 ?
1181 2936 1242 2988 .4.
1273 2933 1384 2989 Sed
1417 2949 1487 2988 ex
1516 2950 1582 2988 eo
1613 2933 1768 3004 quod
1803 2949 1916 2987 non
1949 2977 1952 2980 .

265 3025 566 3095 addidisti,
598 3025 814 3079 videris
859 3039 1088 3095 negare.
1126 3023 1184 3077 C.
1237 3023 1358 3078 Imo
1389 3039 1458 3077 ex
1497 3038 1562 3078 eo
1612 3022 1768 3094 quod
1800 3038 1915 3076 non

263 3117 488 3189 negavi,
511 3114 734 3168 dixisse
755 3111 1182 3168 existimandus
1202 3127 1356 3166 sum.
1373 3112 1527 3166 698
1550 3111 1747 3182 Neque
1760 3109 1918 3164 enim

2021 547 2345 606 tumas,sed
2379 564 2428 600 a-
2446 564 2537 600 me
2553 552 2872 618 utrumque
2905 548 3136 613 dicitur,
3159 553 3224 602 ut
3251 552 3307 603 et
3335 550 3437 604 Dei
3456 549 3665 620 gratias

2015 635 2109 698 sit,
2143 635 2299 704 quod
2324 634 2472 690 tales
2503 634 2722 690 conditi
2752 653 2984 702 sumus,
3009 641 3066 691 et
3094 651 3196 707 per
3225 636 3461 708 singula
3484 654 3667 708 opera

2014 719 2172 776 illius
2203 721 2556 777 adminiculo
2606 723 2939 779 fulciamur.
2973 725 3035 778 A.
3060 724 3298 779 Constat
3327 740 3462 796 ergo
3515 726 3669 780 inter

2017 828 2143 877 nos,
2180 811 2235 864 in
2269 811 2438 866 bonis
2469 812 2746 883 cperibus
2791 817 2922 883 post
2953 798 3247 884 propriam
3274 811 3661 880 voluntatem,

2021 900 2117 955 Dei
2149 917 2255 955 nos
2288 900 2394 954 niti
2417 900 2650 968 auxilio,
2674 899 2733 954 in
2767 900 2937 957 malis
2968 902 3204 956 diaboli.
3241 903 3297 957 C.
3332 901 3590 967 Constat,
3615 905 3675 955 et

2020 1005 2197 1060 super
2217 989 2326 1044 hoc
2350 988 2511 1044 nulla
2533 989 2825 1044 contentio
2855 992 3030 1044 eStJL
3056 989 3202 1044 Malo
3230 1006 3366 1062 ergo
3389 989 3670 1054 sentiunt,

2022 1077 2121 1148 qui
2155 1093 2256 1148 per
2280 1075 2544 1148 singulas
2565 1093 2658 1131 res
2680 1093 2825 1147 quas
2853 1078 3104 1150 agimus,
3138 1078 3235 1132 Dei
3270 1078 3544 1132 auferunt
3573 1079 3671 1133 ad-

2015 1165 2326 1236 jutorium,
2387 1170 2443 1219 et
2497 1164 2641 1219 illud
2703 1168 2860 1237 quod
2921 1165 3230 1221 Psalmista
3260 1167 3452 1220 canit:
3487 1190 3513 1216 ‹‹
3547 1167 3670 1221 Nisi

2024 1253 2311 1308 Dominus
2341 1253 2707 1308 aediﬁcaverit
2764 1255 3027 1319 domum,
3062 1255 3122 1309 in
3153 1271 3370 1310 vanum
3402 1255 3673 1310 laborant

2025 1341 2125 1412 qui
2156 1340 2445 1396 aediﬁcant
2465 1357 2614 1396 eam.
2649 1344 2801 1398 699
2833 1342 2957 1396 Nisi
3016 1343 3300 1398 Dominus
3331 1343 3673 1399 custodierit

2025 1430 2338 1498 civitatem,
2396 1431 2614 1485 frustra
2675 1431 2876 1502 vigilat
2925 1431 3024 1502 qui
3056 1432 3312 1486 custodit
3333 1448 3461 1486 eam
3493 1432 3670 1502 (Psal,

2027 1535 2213 1584 CXXVI,
2250 1521 2302 1584 1)
2330 1537 2341 1584 ;
2373 1540 2400 1566 ››
2445 1523 2502 1573 et
2561 1523 2768 1574 caetera
2817 1520 3246 1590 hujuscemodi,
3280 1521 3674 1591 perversisin-

2029 1607 2562 1679 terpretationibus.
2596 1607 2715 1662 imo
2747 1608 2868 1663 risu
2900 1608 3116 1675 dignis,
3171 1609 3241 1663 ad
3292 1609 3437 1665 alios
3459 1626 3670 1666 sensus

2032 1697 2374 1767 detorquere
2407 1697 2694 1752 nituntur.

2103 1786 2155 1839 3.
2189 1786 2250 1839 In
2267 1786 2509 1857 singulis
2568 1789 2727 1841 rebus
2757 1788 2857 1841 Dei
2884 1803 3016 1857 opus
3046 1803 3154 1842 esse
3190 1787 3478 1856 adiutorio.
3513 1819 3580 1828 -ο
3611 1789 3668 1843 C.

2028 1874 2175 1939 Quid
2230 1874 2375 1928 mihi
2433 1890 2668 1930 necesse
2727 1880 2816 1929 est
2871 1879 3071 1930 contra
3127 1875 3270 1930 alios
3303 1875 3511 1942 dicere,
3538 1892 3670 1931 cum

2030 1979 2226 2017 meum
2284 1979 2630 2034 reaponsum
2675 1963 2930 2019 habeas?
2979 1966 3038 2017 Α.
3073 1966 3266 2019 Tuum
3322 1981 3671 2036 responsum

2028 2051 2357 2121 cujusmodi
2379 2052 2406 2104 ?
2436 2051 2544 2105 Eos
2573 2052 2715 2105 bene
2750 2052 2984 2117 sentire,
3014 2068 3087 2105 an
3126 2052 3323 2106 male?
3363 2053 3419 2106 Ο.
3453 2054 3522 2108 Et
3544 2072 3671 2125 quae

2029 2157 2121 2194 me
2153 2141 2307 2211 cogit
2365 2139 2700 2202 necessitas,
2742 2145 2806 2193 ut
2836 2147 3038 2194 contra
3068 2140 3211 2195 alios
3242 2157 3507 2211 promam
3541 2160 3673 2198 sen-

2028 2229 2268 2283 tentiam
2293 2229 2320 2280 ?
2344 2231 2404 2281 A.
2442 2227 2865 2299 Disputationis
2912 2229 3052 2283 ordo
3103 2237 3156 2282 et
3213 2230 3357 2283 ratio
3389 2231 3670 2293 veritatis.

2026 2322 2110 2372 An
2145 2318 2378 2389 ignoras
2409 2332 2582 2370 omne
2628 2317 2783 2386 quod
2833 2315 3065 2376 dicitur.
3125 2322 3225 2371 aut
3246 2333 3395 2384 esse,
3427 2325 3529 2373 aut
3559 2336 3672 2374 non

2029 2423 2193 2471 esse;
2229 2409 2284 2458 et
2314 2409 2415 2458 aut
2472 2404 2623 2459 inter
2674 2405 2826 2458 bona
2883 2409 2985 2458 aut
3017 2403 3172 2458 mala
3229 2405 3437 2460 debere
3469 2422 3676 2462 nume-

2030 2493 2190 2550 rari?
2223 2494 2340 2548 Hoc
2402 2509 2538 2563 ergo
2570 2493 2641 2547 de
2663 2509 2776 2563 quo
2835 2493 3150 2563 interrogo,
3203 2497 3305 2547 ant
3356 2494 3502 2548 bene
3537 2495 3672 2564 dici,

2029 2586 2129 2639 aut
2162 2581 2335 2645 male,
2362 2581 2608 2652 ingratis
2640 2581 2744 2634 tibi
2790 2582 3088 2636 fatendum
3123 2587 3229 2636 est.
3267 2582 3323 2636 C.
3357 2583 3415 2637 Si
3449 2583 3508 2637 in
3543 2584 3674 2637 sin-

2028 2671 2183 2744 gulis
2215 2671 2391 2725 rebus
2425 2686 2578 2740 quas
2639 2670 2919 2740 gerimus,
2951 2670 3048 2724 Dei
3082 2671 3366 2725 utendum
3393 2677 3483 2726 est
3511 2673 3674 2740 adju-

2029 2759 2175 2816 torio
2234 2774 2369 2830 ergo
2399 2763 2455 2811 et
2483 2757 2774 2812 calamum
2820 2762 3142 2828 temperare
3173 2759 3241 2811 ad
3275 2758 3668 2816 scribendum.

2027 2851 2488 2918 ettemperatum
2547 2845 2778 2915 pumice
2834 2849 3036 2908 terere,
3085 2861 3444 2917 manumque
3475 2854 3674 2918 aptare

2028 2937 2258 3004 litteris,
2293 2939 2501 3001 tacere,
2535 2932 2716 3004 loqui,
2750 2935 2969 2996 sedere,
3004 2937 3178 2999 stare,
3203 2935 3672 3000 ambulare,cur-

2028 3043 2172 3092 rere,
2235 3023 2555 3085 comedere,
2603 3023 2891 3091 jejunare,
2954 3024 3108 3088 flere,
3144 3025 3351 3089 ridere,
3382 3029 3436 3080 et
3466 3031 3672 3081 caetera

2028 3113 2460 3184 hujuscemodi,
2513 3111 2624 3164 nisi
2685 3110 2837 3164 Deus
2880 3111 3116 3180 juverit,
3153 3129 3264 3166 non
3301 3115 3671 3184 poterimus?

264 3203 546 3277 quidquid
580 3218 700 3255 non
750 3200 1026 3262 dicimus,
1059 3215 1271 3270 negare
1313 3198 1631 3253 arbitrandi
1679 3214 1907 3254 sumus.
1942 3192 1984 3257 C
2021 3204 2081 3258 Α.
2113 3203 2287 3258 Juxta
2315 3193 2510 3255 meum
2544 3215 2779 3252 sensum
2815 3215 2929 3253 non
2953 3216 3122 3270 posse
3142 3201 3515 3271 perspicuum
3549 3207 3662 3256 cst.

262 3298 322 3348 Α.
353 3290 664 3348 Confiteris
680 3304 840 3360 ergo,
857 3303 1027 3360 posse
1045 3286 1346 3342 hominem
1365 3288 1490 3342 sine
1507 3291 1739 3357 peccato
1761 3302 1910 3351 esse,

264 3384 324 3437 si.
343 3380 500 3443 velit,
533 3395 667 3434 cum
695 3377 794 3432 Dei
827 3377 1014 3449 gratia
1031 3377 1076 3430 ?.
1111 3376 1168 3431 ϐ.
1202 3376 1325 3431 Non
1367 3374 1559 3430 solum
1584 3376 1785 3441 fateor,
1811 3373 1912 3429 sed

263 3474 323 3524 et
349 3469 532 3524 libere
563 3465 876 3538 proclamo.
920 3465 981 3519 A.
1036 3467 1203 3519 Errat
1233 3481 1368 3535 ergo
1399 3465 1498 3535 qui
1530 3465 1627 3520 Dei
1659 3465 1913 3536 gratiam

264 3557 449 3613 tollit!
472 3555 531 3609 C.
556 3556 739 3609 Errat.
767 3555 920 3619 Quin
954 3553 1540 3625 potiusarbitrandus
1563 3558 1655 3608 est
1675 3554 1912 3624 impius,

270 3660 415 3699 cum
448 3643 550 3697 Dei
581 3647 720 3694 nutu
751 3643 945 3697 omnia
975 3643 1394 3713 gubernentur,
1427 3642 1614 3697 ethoc
1645 3642 1799 3712 quod
1823 3658 1917 3695 su-

276 3748 419 3787 mus
451 3736 513 3785 et
534 3729 802 3785 habemus
827 3731 1152 3803 appetitum
1177 3731 1421 3802 propria:
1444 3731 1781 3795 voluntatis,
1817 3730 1917 3784 Dei

266 3819 600 3875 conditoris
627 3817 702 3872 sit
733 3819 1100 3873 beneficium.
1152 3819 1226 3873 Ut
1253 3819 1407 3873 enim
1441 3819 1690 3874 liberum
1723 3818 1916 3889 possi-

265 3911 516 3966 deamus
550 3907 912 3973 arbitrium’,
936 3912 994 3962 et
1021 3906 1108 3962 vel
1143 3910 1212 3961 ad
1247 3908 1584 3968 bonam,vel
1609 3908 1677 3961 ad
1702 3906 1918 3961 malam

272 4002 499 4070 partem
534 3993 903 4050 declinemus
929 3995 1164 4066 propria
1185 3993 1510 4062 voluntate;
1531 3996 1659 4066 ejus
1693 3999 1781 4050 cst
1796 4011 1920 4066 gra-

266 4087 384 4149 tiae,
416 4084 518 4156 qui
549 4099 661 4138 nos
691 4082 765 4137 ad
797 4083 1138 4155 imaginem,
1159 4088 1217 4138 et
1245 4084 1316 4138 ad
1351 4083 1799 4139 similitudinem
1827 4082 1918 4137 sui

269 4173 416 4229 tales
446 4170 735 4227 condidit.

333 4262 376 4317 2'
396 4262 540 4316 Num
569 4260 773 4329 gratia?
804 4259 900 4314 Dei
926 4259 1313 4314 tribuendum?
1353 4263 1413 4314 Α.
1439 4291 1506 4299 --
1536 4259 1714 4326 Nulli,
1748 4277 1779 4315 ο
1802 4258 1919 4314 Cri-

269 4349 493 4415 tobule,
531 4347 781 4402 dubium
816 4352 922 4414 est,
958 4363 1026 4402 ex
1055 4349 1183 4418 ejus
1209 4353 1419 4404 cuncta
1441 4348 1924 4420 penderejudicio

273 4439 367 4509 qui
387 4440 625 4492 creator
645 4438 733 4490 est
751 4437 1040 4502 omnium,
1057 4443 1110 4491 et
1125 4437 1409 4508 quidquid
1433 4437 1741 4506 habemus,
1767 4437 1926 4491 illius

2024 3292 2080 3346 C.
2118 3294 2175 3346 ln
2201 3306 2314 3359 quo
2343 3287 2790 3360 igiturliberum
2823 3287 3108 3344 habemus
3135 3289 3533 3355 arbitrium,et
3565 3291 3664 3345 Dei

2025 3382 2082 3434 in
2113 3395 2219 3434 nos
2250 3377 2436 3449 gratia
2480 3376 2828 3443 custoditur,
2855 3377 2903 3430 si
2937 3394 3008 3431 ne
3037 3377 3143 3431 hoc
3171 3379 3406 3448 quidem
3442 3380 3668 3450 absque

2023 3469 2140 3524 Deo
2171 3481 2485 3539 possumus
2519 3465 2744 3519 facere?

2096 3563 2146 3610 4.
2183 3555 2458 3626 Quomodo
2489 3555 2686 3610 datum
2747 3554 2981 3607 liberum
3046 3555 3360 3609 arbitrium.
3407 3557 3674 3611 Liberraii

2025 3663 2132 3701 non
2165 3645 2337 3714 officit
2395 3644 2490 3696 Dei
2536 3644 2735 3712 gratia.
2771 3673 2836 3680 —-
2864 3645 2923 3694 Α.
2968 3642 3090 3693 Non
3125 3643 3209 3695 sic
3242 3643 3456 3697 donata
3481 3649 3568 3698 est
3601 3645 3673 3698 li-

2027 3735 2148 3789 heri
2177 3730 2400 3786 arbitrii
2433 3730 2825 3801 gratia,utDei
2848 3745 2950 3798 per
2970 3729 3202 3800 singula
3232 3730 3469 3784 tollatur
3493 3732 3676 3785 admi-

2029 3819 2312 3876 niculum.
2373 3818 2428 3871 C.
2486 3819 2608 3871 Non
2667 3816 2894 3871 tollitur
2949 3816 3047 3870 Dei
3104 3818 3485 3887 adjutorium,
3541 3837 3673 3874 cum

2032 3913 2308 3964 creaturae
2341 3922 2406 3958 ex
2433 3903 2610 3958 semel
2643 3903 2760 3956 dati
2795 3903 2958 3958 liberi
2992 3905 3214 3958 arbitrii
3243 3907 3432 3976 gratia
3454 3923 3681 3964 conscr-

2031 3996 2298 4053 venturi‘.
2323 3993 2384 4048 Si
2438 3995 2592 4047 enim
2645 3993 2866 4062 absque
2897 3993 3035 4057 Deo,
3085 3999 3140 4047 et
3170 3994 3282 4048 nisi
3315 4012 3417 4066 per
3445 3996 3679 4068 singula

2031 4085 2127 4148 ille
2160 4099 2251 4137 me
2273 4081 2512 4152 juverit,
2549 4079 2691 4134 nihil
2725 4097 2966 4150 possum
3000 4099 3204 4152 agerc:
3241 4100 3345 4138 nec
3377 4102 3478 4154 pro
3509 4085 3678 4149 bonis

2034 4191 2126 4229 me
2148 4176 2308 4243 juste
2331 4169 2604 4241 cperibus
2633 4169 3067 4236 coronabit,ne3
3098 4171 3317 4242 afﬂiget
3348 4190 3449 4242 pro
3482 4173 3675 4238 malis;

2033 4263 2133 4318 sed
2167 4262 2224 4315 in
2259 4264 2507 4330 utroque
2560 4275 2733 4313 suum
2781 4257 2864 4311 vel
2935 4257 3190 4329 recipiet,
3247 4259 3332 4314 vel
3375 4261 3682 4323 damnabit

2034 4350 2336 4407 auxilium.
2371 4351 2431 4403 Α.
2469 4347 2568 4402 Dic
2599 4363 2735 4418 ergo
2763 4346 3125 4416 simpliciter,
3156 4364 3261 4401 cur
3293 4349 3386 4403 Dei
3423 4350 3683 4404 auferas‘

2034 4441 2306 4512 gratiam.
2342 4435 2634 4507 Quidquid
2669 4436 2822 4490 enim
2857 4435 3014 4490 tollis
3040 4436 3099 4489 in
3130 4437 3412 4507 partibus,
3450 4455 3682 4494 necnssc

273 4524 552 4579 beneﬁcio
587 4523 1011 4594 deputandum.
1037 4525 1146 4580 Sed
1173 4542 1390 4596 quaero,
1424 4525 1532 4580 hoc
1553 4526 1746 4596 ipsum
1772 4525 1925 4596 quod
1960 4563 2002 4626 D
2035 4535 2124 4584 est
2149 4533 2210 4582 ut
2241 4534 2295 4581 et
2320 4528 2372 4580 in
2401 4541 2610 4597 genere
2643 4539 2837 4596 neges.
2875 4525 3063 4580 C.N0n
3093 4543 3238 4598 nego
3273 4527 3682 4598 gratiammm

273 4612 369 4668 Dei
399 4611 625 4667 asseris
642 4612 863 4682 gratiae,
893 4617 1109 4679 utrum,
1131 4616 1201 4667 ad
1225 4614 1579 4669 conditionis
1604 4617 1820 4669 referas
1835 4615 1927 4668 be-

275 4701 574 4766 neficium,
607 4715 685 4753 an
713 4699 772 4753 in
805 4699 1056 4770 singulis
1075 4701 1250 4756 rebus
1281 4708 1449 4772 putes
1467 4718 1595 4756 esse
1613 4719 1761 4773 quas
1779 4705 1928 4774 geri-

277 4803 431 4853 mus,
463 4794 528 4842 ut
554 4787 781 4843 scilicet
810 4787 968 4842 illius
999 4788 1058 4843 in
1091 4791 1367 4845 omnibus
1403 4795 1644 4845 utamur
1675 4791 1926 4857 auxilio;

275 4895 352 4933 an
388 4876 564 4930 semel
595 4877 669 4932 ab
701 4893 766 4932 eo
797 4876 963 4932 liberi
989 4878 1212 4932 arbitrii
1234 4879 1474 4944 conditi,
1511 4886 1708 4934 nostra
1727 4879 1929 4935 volun-

274 4970 398 5020 tate
454 4964 541 5019 vel
597 4965 821 5020 viribus
879 4982 1125 5038 agamus
1197 4969 1348 5039 quod
1403 4967 1732 5023 volumus?
1791 4969 1932 5024 Novi

277 5054 459 5118 enim,
494 5052 810 5124 plerosque
838 5059 1097 5109 vestrum
1131 5055 1213 5110 ila
1242 5057 1311 5110 ad
1346 5055 1443 5111 Dei
1484 5061 1691 5112 cuncta
1722 5057 1934 5113 referre

279 5143 557 5215 gratiam,
592 5146 658 5195 ut
689 5157 800 5196 non
834 5142 892 5196 in
924 5143 1209 5213 partibus,
1244 5145 1342 5199 sed
1365 5145 1422 5198 in
1447 5160 1674 5216 genere,
1700 5143 1808 5199 hoc
1826 5150 1934 5210 est,

280 5247 660 5304 nequaquam
678 5230 738 5285 in
767 5230 1018 5304 singulis
1032 5233 1341 5300 rebus,sed
1365 5233 1422 5287 in
1441 5232 1770 5288 conditione
1789 5234 1938 5288 arbi-

339 5419 366 5461 -¹
405 5424 772 5499 Benedictini
794 5426 1062 5499 monachi
1091 5428 1148 5482 S.
1171 5427 1480 5499 Augustini
1502 5429 1753 5486 editores
1774 5445 1938 5486 cons-

285 5503 476 5554 tanter
506 5498 854 5553 Cretobulum
886 5498 1167 5554 scribunt.

356 5575 376 5606 ⁸
411 5571 538 5625 V’id.
573 5585 780 5624 rursus
809 5571 1119 5643 Augustini
1154 5572 1370 5627 librum
1401 5572 1465 5629 de
1495 5572 1668 5629 Gestis
1699 5574 1936 5643 Pelagii,

293 5659 343 5698 c.
384 5644 472 5712 10,
505 5660 562 5699 n.
595 5645 686 5710 22,
717 5646 774 5696 et
805 5642 892 5709 14,
925 5659 982 5695 n.
1015 5643 1104 5699 30.

617 5770 876 5839 ΡΑτεοι.
923 5768 1136 5834 ΧΧΙΙΙ.

2042 4619 2120 4671 ita
2137 4633 2229 4670 me
2261 4633 2294 4670 a
2325 4616 2420 4669 Dei
2457 4631 2714 4668 asseram
2749 4615 3144 4678 conditum,ut
3175 4633 3274 4686 per
3305 4616 3403 4670 Dei
3436 4618 3681 4688 gratiam

2040 4723 2180 4759 mere
2216 4704 2416 4758 datum
2451 4703 2528 4756 sit
2565 4704 2876 4767 voluntati,
2908 4705 2994 4758 vel
3041 4705 3226 4759 facere
3255 4706 3419 4775 quid.
3450 4705 3534 4760 vel
3570 4722 3684 4758 non

2042 4795 2248 4848 facere.
2284 4794 2344 4845 Α.
2381 4792 2666 4845 Dormitat
2695 4808 2830 4861 ergo
2862 4793 3014 4846 Deus
3055 4793 3110 4846 in
3145 4793 3419 4864 operibus
3443 4793 3682 4857 nostris,

2041 4880 2219 4937 semel
2243 4879 2556 4933 datalibcri
2578 4878 2801 4933 arbitrii
2833 4885 3149 4950 potestate:
3185 4897 3287 4934 nec
3319 4867 3573 4934 orandus
3599 4886 3688 4934 cst

2043 4974 2106 5024 ut
2139 4971 2194 5022 in
2229 4966 2478 5038 singulis
2532 4966 2807 5037 operibus
2866 4985 2969 5022 nos
2993 4969 3176 5038 juvet,
3207 4984 3338 5021 cum
3372 4968 3687 5024 voluntatis

2043 5063 2250 5113 nostra)
2282 5055 2358 5109 sit
2383 5059 2438 5108 et
2458 5053 2674 5125 proprii
2706 5055 2953 5120 arbitrii,
2985 5056 3071 5110 vel
3104 5056 3290 5110 facere
3313 5058 3358 5110 si
3391 5056 3683 5126 volumus,

2043 5147 2127 5202 vel
2164 5163 2278 5201 non
2309 5145 2493 5199 facere
2526 5143 2571 5197 si
2606 5143 2900 5199 nolumus.

2122 5236 2272 5290 700
2302 5235 2356 5287 5.
2391 5232 2447 5286 C.
2499 5232 2797 5296 Quomodo
2842 5232 2898 5285 in
2933 5233 3152 5287 caeteris
3182 5235 3461 5291 creaturis
3481 5205 3688 5293 condi-

2116 5433 2137 5466 ³
2162 5430 2274 5494 AL,
2309 5431 2442 5485 Cum
2470 5437 2739 5486 creatura?
2803 5430 2899 5487 hoc
2940 5434 3101 5488 semel
3131 5433 3247 5488 dmi
3276 5436 3439 5490 liberi
3466 5437 3690 5491 arbitrii

2047 5505 2225 5572 gratia
2266 5506 2634 5557 conservet-ur.

2119 5577 2139 5609 ⁴
2163 5574 2452 5647 Victorius
2481 5591 2511 5628 e
2529 5574 2771 5647 vetustis
2794 5576 3225 5647 exemplaribus
3257 5580 3690 5634 emendandum

2050 5645 2366 5714 contendit,
2400 5645 2537 5718 quod
2567 5646 2666 5703 Dei
2695 5650 2937 5717 auferas,
2965 5645 3104 5721 etc.,
3132 5667 3234 5720 pro
3264 5669 3382 5716 cur,
3405 5657 3510 5707 etc.

3301 5781 3370 5836 17
