4110 6162
440 259 566 327 823

1677 258 1743 323 S.
1788 257 2100 323 EUSEBII
2142 255 2610 322 HIERONYMI.

3668 271 3770 333 δελ

442 389 618 446 tionis
675 389 814 446 ordo
866 394 1171 448 servatur:
1207 391 1292 446 sic
1351 407 1626 447 concessa
1682 391 1861 447 semel
1917 389 2085 444 liberi
2114 389 2170 455 Α
2199 390 2492 448 abstinere
2521 409 2554 446 a
2584 396 2837 463 peccato,
2870 409 3039 464 posse
3089 395 3146 449 et
3175 393 3392 450 altero:
3423 395 3511 467 qui
3555 396 3778 464 duobus,

441 479 664 535 arbitrii
698 483 1003 551 potestate,
1037 483 1247 534 nostris
1269 479 1553 534 voluntati
1585 479 1783 535 omnia
1811 478 2089 534 derelicta

440 573 598 626 sunt.
621 577 685 623 A.
717 569 888 641 Ergo,
921 573 986 622 ut
1005 568 1144 635 dixi,
1178 585 1294 624 non
1317 569 1496 624 debeo
1527 586 1561 624 a
1594 570 1703 624 Deo
1724 585 1826 640 per
1856 566 2088 639 singula

441 656 723 716 auxilium
755 657 1074 728 deprecari,
1107 658 1261 728 quod
1295 657 1474 712 semel
1507 674 1634 712 meo
1665 657 1867 711 datum
1893 659 1982 710 est
1994 656 2088 727 ju-

439 746 640 802 dicio?
670 745 732 800 Ο.
775 745 834 800 Si
879 745 939 800 in
987 745 1260 801 omnibus
1317 745 1411 800 ille
1457 750 1817 816 cooperatur,
1862 761 1975 799 non
1997 747 2088 799 est

443 851 661 901 meum,
721 834 821 890 sed
876 834 1002 903 ejus
1061 834 1159 906 qui
1211 835 1467 906 adjuvat,
1509 835 1627 889 imo
1650 834 1749 906 qui
1785 834 1844 888 in
1877 850 1967 889 me
1989 850 2084 888 co-

441 927 748 994 operatur:
810 923 1129 994 praesertim
1187 939 1320 978 cum
1371 923 1594 995 absque
1625 939 1690 978 eo
1721 922 1906 978 facere
1938 921 2084 976 nihil

442 1011 874 1084 possim.A.Oro
896 1015 970 1078 te,
1006 1027 1119 1066 non
1137 1010 1360 1082 legisti’
1392 1028 1403 1066 :
1440 1034 1466 1061 ‹‹
1499 1012 1622 1067 Non
1651 1012 1806 1067 enim
1837 1010 2085 1066 volentis

443 1116 630 1172 neque
667 1099 975 1164 currentis,
1008 1099 1108 1154 sed
1168 1099 1500 1155 miserentis
1548 1103 1637 1155 est
1664 1099 1765 1155 Dei
1797 1101 1968 1170 (Rom.
2007 1116 2081 1164 1x,

444 1190 531 1256 16)
552 1189 609 1244 τ»
644 1189 725 1243 Ex
755 1187 970 1259 quibus
999 1187 1382 1260 intelligimus
1410 1193 1676 1243 nostrum
1700 1188 1935 1258 quidem
1958 1203 2087 1242 esse

439 1275 585 1331 velle
610 1279 666 1331 et
696 1291 926 1330 currere
951 1293 965 1341 ;
989 1275 1089 1330 sed
1113 1279 1178 1329 ut
1206 1275 1476 1331 voluntas
1496 1280 1694 1330 nostra
1724 1275 2086 1346 compleatur

442 1368 497 1418 et
525 1379 757 1429 cursus,
791 1363 861 1417 ad
895 1363 994 1418 Dei
1025 1363 1493 1420 misericordiam
1561 1366 1874 1436 pertinere,
1907 1368 2086 1434 atque

441 1451 524 1506 ita
555 1451 700 1520 fieri,
734 1455 798 1506 ut
816 1455 875 1506 et
927 1451 984 1505 in
1031 1450 1332 1509 voluntate
1366 1457 1586 1519 nostra,
1619 1459 1676 1507 et
1707 1453 1763 1506 in
1797 1469 1996 1517 cursu,
2022 1451 2087 1505 1i-

442 1541 648 1596 berum
671 1543 932 1596 servetur
951 1541 1348 1609 arbitrium,et
1373 1541 1431 1596 in
1464 1539 1974 1596 consummatione
1995 1554 2086 1593 vo-

442 1627 687 1685 luntatis
708 1633 763 1684 et
783 1629 1117 1702 cursus,D_ei
1140 1634 1353 1684 cuncta
1367 1630 1633 1702 potentiae
1659 1629 2084 1700 relinquantur.

444 1716 675 1773 Scilicet
699 1733 854 1772 nunc
884 1715 1030 1771 mihi
1085 1716 1518 1788 Scripturarum
1548 1716 1882 1772 testimonia
1913 1715 2086 1788 repli-

443 1805 626 1861 cando
659 1809 816 1874 sunt,
878 1805 1168 1877 quomodo
1225 1823 1326 1878 per
1382 1805 1614 1878 singula
1662 1805 1762 1861 Dei
1796 1823 1830 1860 a
1869 1803 2087 1860 sanctis

445 1893 740 1966 ﬂagitetur
764 1893 1046 1948 auxilium
1079 1895 1136 1948 ét
1169 1894 1227 1948 in
1255 1893 1505 1966 singulis
1536 1894 1809 1966 operibus
1839 1892 2088 1958 suis,illo

446 1983 711 2053 adjutore
741 1987 798 2037 et
855 1987 1176 2054 protectore
1225 1983 1309 2038 uti
1343 1983 1692 2038 desiderent.
1731 1989 1873 2054 Lege
1905 1986 2088 2036 totum

449 2070 820 2137 Psalterium,
850 2088 1054 2126 omnes
1077 2075 1412 2127 sanctorum
1444 2087 1632 2136 voces,
1664 2069 1807 2124 nihil
1841 2068 2091 2133 erit,nisi

447 2161 519 2216 ad
557 2162 735 2215 Deum
765 2159 824 2214 in
881 2159 1108 2214 cunctis
1167 2159 1440 2231 operibus
1470 2158 1817 2231 deprecatio.
1866 2157 1946 2211 Ex
1976 2172 2090 2227 quo

450 2246 754 2322 perspicue
783 2247 1132 2315 ostenditur,
1201 2253 1258 2302 te
1312 2252 1415 2302 aut
1444 2247 1543 2302 Dei
1577 2261 1788 2318 negare
1819 2243 2089 2316 gratiam,

449 2354 628 2410 quam
659 2335 817 2392 tollis
847 2336 907 2392 in
929 2336 1230 2408 partibus;
1265 2340 1367 2391 aut
1397 2335 1444 2390 si
1478 2335 1536 2389 in
1570 2333 1833 2406 partibus
1865 2331 2094 2388 dederis

451 2427 606 2498 quod
638 2441 1008 2497 nequaquam
1067 2430 1125 2480 te
1153 2423 1298 2480 velle
1358 2424 1733 2479 manifestum
1759 2427 1866 2488 est,
1899 2422 1957 2475 in
1992 2437 2094 2476 no-

451 2519 634 2572 stram
666 2512 1013 2570 sententiam
1067 2513 1442 2585 transire,qui
1485 2513 1567 2567 sic
1597 2512 1846 2566 liberum
1872 2510 2092 2567 homini

451 2618 754 2661 servamus
784 2601 1184 2666 arbitrium,ut
1214 2601 1314 2655 Dei
1342 2617 1444 2672 per
1472 2599 1706 2672 singula
1737 2598 2094 2670 adjutorium

455 2709 570 2748 non
601 2705 905 2762 negemus.

523 2782 578 2836 6.
623 2778 942 2850 SIrangutat
1000 2778 1428 2848 Pelagianorum
1475 2776 1693 2847 dogma.
1753 2806 1820 2815 —-
1878 2775 1935 2829 C.
1993 2775 2096 2830 Ca-

457 2869 649 2944 ptiosa
679 2869 792 2924 ista
812 2871 902 2922 est
955 2865 1277 2933 conclusio,
1321 2869 1378 2920 et
1407 2865 1477 2920 de
1508 2863 1945 2920 dialecticorum
1977 2867 2098 2919 arte

455 2959 834 3016 descendens.
897 2955 1038 3012 Mihi
1098 2959 1293 3011 autem
1353 2953 1551 3010 nullus
1608 2953 1835 3009 auferre
1894 2952 2101 3025 poterit

454 3048 622 3104 liberi
653 3045 879 3102 arbitrii
938 3049 1302 3117 potestatem,
1361 3060 1451 3110 ne,
1484 3043 1531 3098 si
1560 3042 1618 3096 in
1649 3041 1925 3114 operibus
1956 3043 2101 3098 meis

2199 495 2368 549 posse
2399 484 2456 534 et
2486 480 2710 547 tribus;
2747 482 2846 553 qui
2896 481 3082 536 tribus
3111 498 3284 553 posse
3333 487 3385 538 et
3412 483 3661 554 triginta;
3705 490 3777 541 at-

2197 585 2309 638 que
2345 568 2453 623 hoc
2485 570 2686 624 ordine
2715 587 2884 640 posse
2935 575 2992 624 et
3021 571 3310 635 trecentis,
3341 575 3395 627 et
3420 571 3595 628 tribus
3622 573 3782 628 milli-

2195 656 2326 723 bus,
2382 661 2438 711 et
2489 658 2982 730 quandiucunque
3039 657 3283 714 voluerit
3333 658 3605 715 abstinere
3645 661 3680 714 ².
3724 662 3779 717 Α.

2197 743 2298 798 Dic
2321 761 2456 816 ergo
2488 746 2836 818 simpliciter
2868 763 3037 818 posse
3067 746 3360 802 hominem
3388 747 3444 802 in
3473 752 3783 819 perpetuum

2195 847 2323 887 esse
2355 833 2480 887 sine
2511 839 2744 904 peccato
2772 835 2820 890 si
2851 834 3005 890 velit.
3040 834 3426 891 Possumusne
3467 851 3626 891 omne
3652 837 3784 907 quod

2196 919 2508 976 volumus?
2557 922 2612 976 C.
2676 923 3078 994 Nequaquam.
3131 923 3326 994 Neque
3375 920 3526 978 enim
3575 929 3789 995 possum

2197 1009 2480 1080 quidquid
2516 1011 2785 1079 voluero;
2830 1013 2930 1067 sed
2971 1013 3079 1067 hoc
3111 1011 3298 1068 solum
3347 1011 3492 1078 dico,
3523 1011 3787 1068 hominem

2196 1097 2322 1152 sine
2353 1103 2583 1168 peccato
2613 1117 2784 1171 posse
2809 1116 2957 1167 esse,
2992 1101 3040 1156 si
3071 1100 3224 1156 velit.
3257 1102 3316 1155 A.
3347 1100 3542 1164 Quaeso
3569 1103 3630 1154 ut
3667 1099 3792 1154 mihi

2197 1187 2571 1258 respondeas.
2606 1188 2914 1244 Hominem
2946 1205 3038 1244 me
3059 1193 3252 1261 putas,
3283 1205 3355 1244 an
3371 1187 3615 1243 belluam
3631 1187 3656 1242 ?
3674 1188 3723 1244 (Σ.
3739 1187 3792 1242 Si

2195 1275 2264 1327 de
2295 1279 2348 1328 te
2378 1275 2631 1346 ambigo,
2667 1282 2865 1332 utrum
2899 1277 3092 1344 homo,
3125 1294 3196 1331 an
3230 1275 3422 1332 bellua
3451 1275 3548 1342 sis,
3579 1275 3691 1347 ipse
3715 1291 3796 1330 me

2199 1361 2454 1418 belluam
2512 1366 2845 1420 confitebor.
2906 1368 2968 1420 Α.
3029 1366 3084 1420 Si
3129 1381 3287 1436 ergo,
3344 1369 3409 1418 ut
3457 1363 3618 1430 dicis,
3648 1363 3798 1418 homo

2198 1468 2353 1518 sum,
2389 1452 2679 1522 quomodo
2733 1469 2868 1508 cum
2928 1452 3126 1521 velim,
3166 1458 3222 1508 et
3274 1452 3416 1508 satis
3446 1450 3662 1523 cupiam
3701 1467 3800 1506 non

2198 1555 2454 1610 peccare,
2487 1539 2812 1613 delinquo?
2869 1543 2925 1596 (Σ.
2986 1541 3131 1606 Quia
3189 1539 3458 1595 voluntas
3504 1539 3806 1611 imperfecta

2197 1632 2303 1690 est.
2337 1629 2395 1683 Si
2419 1628 2574 1684 enim
2593 1647 2722 1685 vere
2741 1629 2935 1697 velles,
2951 1647 3081 1686 vere
3101 1630 3304 1702 utique
3328 1645 3441 1684 non
3469 1643 3737 1699 peccares.
3753 1628 3804 1681 A.

2200 1716 2344 1788 Ergo
2376 1721 2435 1772 tu
2467 1718 2566 1788 qui
2601 1735 2692 1773 me
2723 1717 2912 1790 aiguis
2934 1735 3049 1774 non
3081 1735 3213 1774 vere
3235 1734 3473 1790 cupere,
3494 1717 3612 1772 sine
3637 1732 3811 1787 pecca-

2195 1809 2254 1860 to
2286 1821 2368 1868 es,
2403 1807 2542 1878 quia
2569 1823 2700 1862 vere
2731 1808 2938 1880 cupis?
2961 1810 2998 1863 Α
3081 1808 3266 1872 Quasi
3295 1823 3400 1879 ego
3430 1806 3499 1860 de
3526 1804 3809 1869 medicam,

2198 1910 2371 1966 quem
2407 1900 2764 1966 peccatorem
2798 1912 2926 1951 esse
2975 1896 3280 1962 conﬁteor,
3314 1901 3370 1951 et
3401 1911 3513 1950 non
3540 1893 3604 1949 de
3632 1889 3812 1964 paucis

2198 1990 2256 2038 et
2287 1984 2452 2051 raris,
2487 1984 2536 2040 si
2569 1985 2664 2054 qui
2697 1984 2983 2040 voluerint
3014 2002 3128 2040 non
3159 2000 3423 2056 peccare.

2269 2073 2321 2126 8.
2346 2073 2475 2143 Ejus
2494 2075 2576 2129 rei
2593 2074 2814 2128 nullum
2833 2071 3175 2145 exemplum.
3199 2073 3344 2128 —-A.
3372 2071 3601 2128 Interim
3620 2086 3682 2125 ex
3702 2081 3815 2124 meo

2200 2161 2673 2233 tuoquejudicio,
2691 2166 2745 2216 et
2759 2178 2862 2233 ego
2886 2161 2984 2233 qui
3005 2161 3326 2233 interrogo,
3341 2165 3397 2216 et
3417 2164 3479 2215 tu
3496 2158 3593 2230 qui
3613 2171 3822 2230 respon-

2202 2249 2669 2321 des,peccatores
2701 2267 2930 2306 sumus.
2949 2250 3001 2305 C.
3029 2252 3137 2305 Sed
3169 2266 3496 2322 possumus
3523 2265 3633 2303 non
3653 2245 3821 2303 essesi

2201 2337 2470 2393 velimus.
2491 2340 2550 2393 Α.
2568 2339 2694 2394 Dixi
2719 2355 2810 2394 me
2824 2338 2967 2394 velle
2992 2356 3106 2394 non
3131 2356 3397 2411 peccare,
3418 2342 3473 2393 te
3495 2353 3717 2409 quoque
3731 2335 3822 2390 hoc

2204 2426 2420 2482 sentire
2443 2444 2556 2483 non
2575 2426 2819 2482 dubium
2834 2432 2940 2484 est.
2960 2427 3261 2494 Quomodo
3283 2443 3422 2499 ergo
3447 2426 3597 2498 quod
3614 2428 3827 2494 uterque

2205 2514 2503 2581 volumus,
2557 2520 2803 2586 uterque
2846 2532 2960 2570 non
2994 2515 3367 2587 possumus?
3401 2514 3458 2569 C.
3511 2513 3654 2580 Quia
3692 2510 3834 2584 plene

2207 2621 2320 2659 non
2352 2603 2643 2658 volumus.
2677 2606 2738 2658 Λ.
2775 2603 2857 2658 Da
2885 2619 3020 2676 ergo
3053 2604 3151 2675 qui
3185 2607 3486 2674 majorum
3528 2607 3832 2657 nostrorum

2207 2693 2372 2765 plene
2403 2691 2689 2748 voluerint
2727 2696 2783 2746 et
2815 2691 3126 2764 potuerint.
3180 2692 3236 2746 C.
3302 2693 3424 2748 Hoc
3476 2689 3704 2763 quidem
3733 2701 3833 2742 non

2209 2782 2375 2836 facile
2413 2787 2500 2836 est
2537 2781 2862 2836 ostendere.
2895 2781 3093 2853 Neque
3126 2781 3286 2836 enim
3323 2780 3564 2853 quando
3595 2778 3714 2833 dico
3743 2775 3830 2830 ho-

2208 2870 2426 2926 minem
2459 2885 2628 2942 posse
2676 2886 2804 2924 esse
2865 2869 2990 2924 sine
3048 2874 3284 2943 peccato
3337 2870 3389 2924 si
3429 2867 3591 2936 velit,
3632 2864 3835 2936 aliquos

2211 2960 2412 3026 fuisse,
2429 2959 2743 3024 contendo;
2766 2959 2865 3014 sed
2881 2957 3227 3030 simpliciter
3249 2976 3431 3031 posse
3446 2973 3576 3014 esse
3594 2956 3641 3012 si
3659 2953 3835 3010 velint.

2211 3049 2379 3104 Aliud
2412 3065 2664 3120 namque
2685 3051 2774 3103 est
2792 3063 2906 3102 esse
2928 3063 3103 3119 posse,
3137 3049 3290 3119 quod
3327 3050 3527 3102 Graece
3556 3043 3758 3100 dicitur
3780 3038 3838 3108 τή

455 3136 612 3191 Deus
641 3135 874 3205 adjutor
900 3133 1205 3199 exstiterit,
1231 3148 1344 3186 non
1376 3131 1518 3186 mihi
1546 3131 1824 3186 debeatur
1855 3147 2096 3199 merces,
2132 3123 2174 3189 C
2213 3135 2435 3191 δυνάυιει
2465 3139 2486 3171 ³
2528 3136 2954 3208 (possibilitate);
3017 3135 3176 3191 aliud
3222 3140 3320 3191 est:
3364 3152 3503 3202 esse,
3553 3134 3702 3207 quod
3747 3127 3842 3202 ipsi

455 3225 557 3280 sed
618 3223 670 3278 ei
728 3222 828 3294 qui
877 3222 936 3276 in
959 3238 1051 3276 me
1097 3225 1369 3293 operatus
1410 3225 1518 3276 est.
1577 3221 1637 3274 Α.
1691 3220 1899 3276 Fruere
1930 3219 2097 3275 liberi

456 3311 679 3370 arbitrii
713 3315 1016 3383 potestate,
1050 3314 1113 3363 ut
1166 3314 1368 3364 contra
1424 3309 1578 3364 Deus
1608 3325 1801 3364 armes
1833 3307 2092 3380 linguam

454 3409 641 3471 tuam,
669 3406 726 3457 et
769 3401 830 3456 in
888 3416 954 3454 eo
1003 3397 1254 3454 liberum
1287 3398 1516 3469 probes,
1555 3397 1603 3452 si
1633 3397 1739 3452 tibi
1773 3397 1941 3453 liceat
1973 3398 2092 3454 bla-

453 3488 1006 3566 sphemare.Verum
1033 3504 1209 3560 super
1238 3486 1345 3542 hoc
1377 3486 1515 3558 quid
1540 3486 1776 3553 sentias,
1811 3485 1956 3542 nulli
1987 3487 2090 3542 du-

451 3583 615 3639 bium
645 3582 819 3648 est,et
848 3575 1138 3650 praestigia
1168 3574 1553 3630 confessionis
1581 3577 1690 3628 tua:
1723 3575 2096 3646 apertissima

448 3672 576 3728 luce
634 3669 985 3726 claruerunt.
1052 3667 1217 3722 Nunc
1275 3668 1632 3722 revertamur
1679 3664 1748 3718 ad
1797 3663 1877 3730 id,
1937 3665 2092 3719 unde

449 3762 736 3818 disserere
794 3757 1099 3830 coepimus.
1164 3755 1262 3810 Dic
1286 3754 1451 3824 mihi,
1477 3753 1527 3808 si
1559 3752 1663 3808 tibi
1702 3752 1951 3819 videtur,
1984 3753 2091 3808 hoc

447 3849 603 3921 quod
627 3863 760 3903 cum
789 3846 890 3902 Dei
948 3845 1240 3915 adjutorio
1273 3842 1443 3915 paulo
1476 3847 1608 3897 ante
1634 3841 1889 3906 dicebas,
1921 3858 2090 3913 posse

447 3935 744 3993 hominem
777 3951 893 3989 non
925 3949 1160 4004 peccare
1190 3931 1238 3987 si
1268 3931 1426 3996 velit,
1459 3931 1517 3985 in
1549 3935 1896 4002 perpetuum
1928 3931 2088 3986 dicas

445 4043 519 4082 an
552 4026 624 4081 ad
674 4029 904 4096 tempus
947 4027 1005 4078 et
1032 4022 1247 4078 breve?
1282 4023 1423 4078 701
1463 4021 1520 4077 Ε.
1583 4019 2086 4092 Supertluainter-

443 4114 666 4190 rogatio
695 4118 803 4170 est.
851 4111 910 4168 Si
967 4111 1122 4167 enim
1165 4112 1237 4166 ad
1291 4116 1522 4182 tempus
1579 4114 1637 4164 et
1669 4110 1836 4164 breve
1867 4108 2084 4176 dixero,

443 4202 828 4260 nihilominus
886 4202 1166 4257 referetur
1240 4201 1310 4256 ad
1370 4204 1734 4272 perpetuum.
1792 4196 2082 4268 Quidquid

441 4294 600 4350 enim
627 4292 700 4349 ad
732 4293 903 4348 breve
949 4290 1201 4359 dederis,
1254 4289 1361 4344 hoc
1392 4287 1674 4343 concedes
1703 4292 1759 4341 et
1789 4285 1847 4340 in
1882 4301 2081 4356 perpe-

442 4389 634 4438 tuum.
658 4381 719 4436 A.
767 4379 914 4445 Quid
948 4378 1130 4442 dicas,
1192 4394 1305 4432 non
1339 4376 1484 4432 satis
1515 4373 1796 4447 intelligo.
1833 4374 1889 4429 ϐ.
1924 4375 2082 4430 Itane

441 4471 618 4526 dures
651 4485 734 4535 es,
770 4473 836 4522 ut
868 4466 1176 4521 manifesta
1206 4482 1318 4520 non
1351 4464 1608 4520 sentias?

507 4561 562 4612 7.
617 4559 764 4611 Num
817 4555 888 4610 ad
943 4563 1152 4627 tempus
1182 4571 1252 4608 an
1316 4555 1374 4609 in
1429 4561 1748 4624 perpetuum
1803 4553 2081 4609 abstinere

435 4649 593 4706 homo
622 4662 658 4702 a
685 4649 900 4716 peccato
922 4645 1114 4715 possit.
1147 4673 1215 4682 —-
1247 4643 1306 4698 A.
1342 4642 1464 4696 Non
1523 4658 1614 4697 me
1647 4643 1826 4714 pudet
1857 4644 2080 4698 nescire

433 4738 589 4811 quod
623 4734 839 4792 nescio.
874 4733 942 4788 Et
998 4733 1069 4788 de
1099 4749 1213 4804 quo
1257 4733 1456 4787 futura
1487 4737 1576 4787 est
1606 4731 1944 4804 disputatio,
1978 4732 2074 4786 de-

432 4829 530 4884 bet
559 4827 712 4884 inter
773 4830 1088 4894 utrumque
1139 4821 1443 4878 convenire
1501 4839 1675 4892 quem
1707 4838 1947 4877 sensum
1980 4821 2078 4876 ha-

431 4916 582 4974 beat.
635 4916 692 4971 C.
727 4915 844 4988 Ego
901 4913 1008 4969 hoc
1041 4927 1256 4980 assero,
1320 4910 1419 4982 qui
1479 4915 1669 4983 potest
1727 4927 1840 4966 uno
1899 4909 1990 4964 die
2013 4927 2075 4964 se

503 5074 737 5146 '_Vatic.
770 5075 958 5131 Nonne
987 5076 1188 5144 legisti,
1221 5089 1336 5146 quo
1368 5070 1491 5127 loco
1525 5071 1665 5126 satis
1697 5070 2068 5146 antiquama-

432 5144 658 5217 nu,h_iec
689 5146 924 5217 additur
952 5149 1022 5201 ad
1037 5143 1360 5217 marginem
1385 5149 1520 5198 nota
1542 5160 1554 5198 :
1573 5143 1989 5217 _uAugus__tinus
2003 5143 2072 5198 de

430 5214 648 5287 Spiritu
701 5221 758 5270 et
812 5216 1039 5271 littera:
1095 5213 1238 5272 Ecce
1287 5221 1437 5287 Deus
1481 5214 1613 5287 agit
1644 5219 1707 5287 ut
1730 5213 1986 5287 velimus
2016 5220 2073 5287 et

431 5286 740 5340 credamus
760 5302 781 5346 ,ο
813 5287 911 5340 sed
931 5289 1257 5342 consentire
1315 5285 1402 5342 vel
1433 5285 1743 5342 dissentire
1761 5285 2069 5351 vocationi,

431 5357 676 5410 nronriaa
706 5355 1024 5410 voluntatis
1053 5364 1162 5410 est.
1201 5381 1228 5407 »

1201 5381 1213 5405 )

431 5362 676 5483 propria)
706 5362 1024 5412 voluntatis
1053 5364 1162 5412 est.
1201 5381 1228 5407 »

500 5429 521 5463 ³
576 5445 609 5483 n
642 5426 772 5482 aliis
802 5426 968 5482 libris
987 5429 1217 5484 voluerit
1231 5429 1531 5484 observare.

498 5499 730 5558 δϐνεεοε
783 5497 1115 5571 (ιιέἰιιινητῆ
1164 5495 1421 5571 omne.”
1521 5498 1840 5571 Depravate
1898 5504 2069 5560 verba

429 5573 626 5641 Greca
681 5586 912 5646 semper
958 5570 1114 5629 edita
1159 5569 1418 5626 invenies
1471 5569 1623 5644 apud
1675 5573 1982 5632 Erasmum
2013 5582 2070 5633 et

2207 3225 2506 3298 appellant
2533 3229 2599 3290 τῆ
2646 3221 2862 3296 ἐνεργίᾴ
2893 3224 3038 3295 (actu
3077 3224 3236 3294 ipso).
3271 3223 3533 3280 Possum
3563 3238 3687 3278 esse
3733 3234 3842 3275 me-

2206 3316 2408 3383 dicus;
2443 3313 2544 3369 scd
2575 3313 2808 3367 interim
2843 3329 2956 3367 non
2999 3329 3150 3367 sum.
3196 3316 3460 3369 Possum
3495 3329 3624 3368 esse
3667 3310 3837 3374 faber;

2206 3405 2306 3460 sed
2339 3405 2586 3459 necdum
2619 3402 2816 3457 didici.
2867 3401 3160 3472 Quidquid
3207 3401 3396 3473 igitur
3427 3418 3693 3474 possum.
3722 3396 3839 3452 licet

2210 3495 2358 3550 702
2391 3493 2641 3549 necdum
2669 3492 2802 3556 sim,
2835 3495 3030 3546 tamen
3061 3507 3156 3545 ero
3189 3490 3238 3546 si
3268 3490 3544 3547 voluero.

2272 3584 2326 3638 9.
2363 3582 2510 3650 Quod
2539 3585 2791 3652 futurum
2815 3596 3098 3650 nunquam
3127 3587 3225 3644 est,
3259 3597 3336 3634 an
3379 3578 3645 3652 possibile
3671 3577 3755 3631 sit.
3784 3601 3843 3612 -—

2203 3680 2270 3728 A.
2305 3671 2476 3726 Aliud
2508 3673 2646 3726 sunt
2675 3673 2852 3736 artes,
2883 3667 3042 3722 aliud
3072 3667 3128 3721 id
3173 3667 3334 3738 quod
3364 3684 3475 3740 per
3518 3670 3672 3723 artes
3701 3667 3784 3720 est
3809 3662 3845 3714 ‘.

2202 3759 2489 3816 Medicina
2545 3763 2604 3813 et
2651 3757 2891 3823 fabrica,
2931 3761 2987 3811 et
3017 3760 3170 3810 artes
3214 3761 3448 3813 caetera:
3479 3754 3848 3811 inveniuntur

2201 3851 2259 3904 in
2319 3846 2622 3921 plurimis:
2679 3845 2803 3901 sine
2835 3849 3068 3917 peccato
3120 3847 3316 3898 autem
3379 3862 3518 3902 esse
3559 3845 3844 3916 perpetuo,

2198 3939 2404 3994 divinae
2449 3937 2634 3993 solius
2664 3941 2752 3991 est
2798 3933 3122 4006 potestatis.
3159 3932 3367 4004 Itaque
3400 3939 3511 3990 aut
3567 3933 3638 3987 da
3663 3942 3845 3985 exem-

2198 4027 2358 4100 plum
2394 4026 2492 4098 qui
2537 4025 2757 4096 absque
2812 4026 3047 4094 peccato
3106 4021 3325 4076 fuerint
3359 4023 3423 4078 in
3458 4025 3846 4096 perpetuum:

2196 4121 2298 4172 aut
2354 4115 2402 4170 si
2464 4114 2600 4168 dare
2661 4129 2774 4166 non
2808 4115 2990 4184 potes,
3049 4111 3325 4166 confitere
3383 4108 3847 4167 imbecillitatem

2196 4211 2379 4270 tuam,
2425 4207 2481 4257 et
2510 4200 2648 4256 nolli
2682 4217 2894 4272 ponere
2945 4199 3004 4254 in
3033 4199 3241 4254 emtum
3291 4217 3358 4255 os
3395 4205 3602 4265 tuum,
3658 4199 3725 4252 ut.
3751 4207 3847 4266 per

2193 4311 2342 4357 esse,
2402 4297 2458 4347 et
2506 4307 2632 4346 esse
2686 4306 2876 4362 posse,
2938 4287 3251 4344 stultorum
3305 4287 3539 4344 illudas
3599 4285 3850 4344 auribus.

2192 4383 2329 4448 Quis
2361 4381 2516 4437 enim
2550 4379 2655 4435 tibi
2712 4380 3006 4446 concedet,
3069 4394 3240 4450 posse
3290 4376 3612 4433 hominem
3676 4373 3852 4428 facere

2111 4495 2155 4559 Ι)
2190 4473 2341 4544 quod
2375 4469 2573 4559 nullus
2597 4557 2606 4559 Α
2633 4483 2910 4559 unquam
2937 4467 3251 4559 hominum
3313 4465 3636 4559 potuerit?
3665 4463 3760 4559 Ne.
3797 4463 3855 4559 tu

2189 4559 2454 4617 dialectis
2511 4557 2773 4612 imbutus
2815 4555 3052 4627 quidem
3109 4556 3253 4610 es“?
3311 4555 3370 4610 Si
3441 4554 3613 4610 enim
3671 4548 3854 4622 potest

2190 4651 2382 4718 homo,
2418 4663 2533 4702 non
2583 4661 2754 4717 posse
2803 4643 3045 4699 tollitur.
3107 4643 3164 4697 Si
3223 4648 3427 4696 autem
3484 4659 3613 4698 non
3648 4638 3853 4713 potest,

2186 4754 2358 4810 posse
2388 4734 2762 4790 subvertitur.
2816 4736 2928 4786 Aut
2975 4733 3221 4788 concede
3253 4730 3401 4786 mihi
3453 4731 3726 4803 aliquem
3758 4740 3855 4797 po-

2183 4827 2390 4892 tuisse,
2423 4823 2579 4896 quod
2629 4823 2749 4877 tieri
2783 4838 2952 4892 posse
3011 4820 3350 4876 contendis:
3385 4825 3506 4876 aut
3571 4819 3628 4876 si
3661 4815 3859 4874 nullus

2186 4915 2293 4971 hoc
2337 4914 2542 4987 potuit,
2596 4911 2811 4966 invitus
2844 4911 3153 4977 teneberis,
3188 4908 3426 4964 nullum
3464 4925 3676 4981 posse,
3711 4903 3858 4978 quod

2180 5075 2524 5161 Marianum,
2585 5072 2684 5172 qui
2736 5071 2936 5142 legunt
2991 5070 3100 5160 hotc
3158 5069 3282 5158 loc?
3343 5065 3598 5172 δύνξιμις
3656 5083 3764 5141 pro
3792 5063 3860 5133 τῇ

2185 5147 2400 5172 '....,.'..__-
2447 5153 2499 5172 Αι
2533 5142 2583 5172 2..
2624 5163 2770 5172 ..-υ-η.
2805 5160 2904 5172 “nn
2935 5145 2997 5172 ..ζ
3063 5160 3301 5172 “unum...
3335 5159 3346 5170 ο
3397 5157 3430 5172 Α
3496 5142 3660 5172 .nt'nn
3726 5151 3860 5172 θηη-

2182 5143 2404 5216 δυνάμει
2445 5153 2503 5201 et
2533 5140 2772 5217 ἐνέργεεᾳ
2797 5140 2905 5217 pro
3062 5140 3302 5215 ἐνεργείᾳ
3334 5159 3348 5217 _;
3397 5145 3462 5217 (3t
3496 5140 3672 5217 infra
3698 5151 3861 5217 £011-

2178 5209 2358 5274 trario
2395 5235 2568 5274 sensu
2620 5209 2750 5288 ’πἐρὶ
2807 5209 3071 5266 adsvetae
3103 5209 3206 5284 pro
3227 5213 3348 5286 περὶ
3401 5209 3663 5265 δυνατοῦ
3698 5209 3866 5265 MAB-n

2176 5308 2322 5344 TIAN.

2250 5362 2270 5393 ⁴
2297 5360 2494 5414 Victor
2524 5374 2656 5414 cum
2707 5357 2948 5428 antiqua
2995 5355 3156 5428 edit.,
3188 5356 3326 5428 quod
3355 5371 3535 5428 super
3572 5359 3733 5410 artes
3761 5353 3864 5408 est.

2249 5433 2269 5466 °
2299 5432 2506 5487 Confer
2536 5425 3052 5501 SnAugust—inum,
3113 5425 3215 5484 lib.
3249 5444 3314 5485 iu
3368 5425 3436 5501 de
3480 5427 3865 5501 Peccatornm

2179 5503 2391 5632 megih's
2423 5501 2553 5612 Μοέ
2581 5497 2892 5566 νίοὶιῖινίυε,
2943 5500 3022 5556 An
3054 5507 3114 5556 tu
3158 5499 3462 5558 dialecticis
3497 5515 3578 5558 ne
3611 5497 3865 5554 imbutus

2179 5592 2266 5632 aut
2307 5589 2392 5631 om
2423 5588 2478 5632 es
2513 5615 2522 5632 .

2175 5576 2392 5652 quidem
2423 5588 2478 5632 es
2513 5576 2537 5632 γ
