4094 6166
322 306 529 371 525’

1183 304 1573 370 DIOLOGUS
1618 304 1933 368 CONTRA
1972 303 2493 369 PELAGIANOS.
2528 340 2605 354 —
2635 308 2783 371 LIB.
2832 308 2879 369 Ι.

3592 314 3733 377 t1526

325 438 609 511 possibile
661 437 919 510 jactitas.
999 439 1152 494 Inter
1218 440 1530 493 Diodorum
1591 444 1646 493 et
1703 438 1971 509 Clirysip-
2006 440 2055 505 Α
2091 440 2239 494 Dum
2274 441 2482 506 nescis,
2518 442 2749 512 proprio
2781 444 2988 512 captus
3019 457 3081 496 es
3109 442 3337 513 laqueo.
3372 444 3433 497 A.
3468 446 3730 507 Quonam

324 546 467 601 pum
550 527 985 584 valentissimos
1097 528 1430 584 dialecticos
1538 527 1658 599 περὶ
1748 523 1977 579 δυνατοῦ

327 620 443 674 ista
490 618 785 673 contentio
836 626 941 672 est.
989 617 1273 672 Diodorus
1322 618 1379 670 id
1429 616 1619 671 solum
1656 634 1823 687 posse
1856 617 1976 671 fieri

316 707 483 773 dicit,
542 706 699 777 quod
761 710 863 760 aut
917 711 994 759 Sit
1022 722 1244 773 verum,
1279 710 1377 760 aut
1441 722 1647 759 verum
1712 704 1975 758 futurum

319 796 420 851 sit.
456 796 526 849 Et
555 794 837 865 quidquid
874 794 1135 848 futurum
1179 794 1274 859 sit,
1312 793 1365 848 id
1401 794 1521 849 fieri
1559 809 1794 848 necesse
1825 809 1973 848 esse.

324 883 623 955 Quidquid
673 888 867 938 autem
927 899 1041 937 non
1101 883 1179 937 sit
1235 884 1522 949 futurum,
1584 881 1643 935 id
1704 882 1825 935 fieri
1860 898 1975 935 non

333 989 529 1045 posse.
562 971 918 1043 Chrysippus
948 987 1082 1025 vero
1123 974 1177 1025 et
1228 988 1354 1041 quae
1404 987 1515 1025 non
1570 974 1710 1024 sunt
1758 970 1973 1024 futura.

334 1078 509 1133 posse
539 1061 658 1114 fieri
692 1061 868 1115 dicit:
905 1064 969 1115 ut
1002 1060 1188 1131 frangi
1221 1059 1328 1114 hoc
1356 1060 1765 1131 margaritum,
1799 1059 1975 1113 etiam

331 1152 381 1206 si
410 1149 467 1203 id
502 1166 807 1220 nunquam
842 1149 1106 1204 futurum
1149 1150 1243 1203 sit.
1281 1148 1387 1211 Qui
1420 1165 1555 1217 ergo
1589 1149 1752 1202 aiunt
1783 1148 1975 1202 homi-

325 1255 462 1293 nem
498 1254 670 1309 posse
700 1253 827 1292 esse
858 1238 1079 1309 absque
1111 1242 1342 1308 peccato
1371 1238 1421 1291 si
1451 1235 1607 1304 velit,
1660 1252 1773 1291 non
1816 1241 1974 1307 pote-

320 1332 461 1383 runt
492 1327 606 1382 hoc
635 1343 839 1381 verum
873 1327 1139 1397 probare,
1176 1324 1291 1381 nisi
1336 1326 1601 1380 futurum
1647 1325 1971 1379 docuerint.

318 1418 470 1471 Cum
503 1418 700 1470 autem
728 1415 927 1469 futura
957 1414 1177 1469 incerta
1207 1415 1327 1469 sint
1357 1415 1574 1479 omnia,
1618 1417 1676 1467 et
1722 1412 1975 1467 maxime

320 1521 390 1561 ea
437 1521 569 1575 qua:
620 1520 922 1575 nunquam
971 1503 1121 1558 facta
1164 1507 1321 1569 sunt,
1372 1502 1705 1573 perspicum
1758 1505 1847 1556 est
1877 1518 1975 1557 eos

319 1594 379 1648 id
413 1594 685 1647 futurum
718 1592 929 1655 dicere,
964 1592 1115 1662 quod
1158 1608 1273 1645 non
1324 1590 1401 1645 sit
1450 1591 1710 1644 futurum
1738 1608 1749 1655 ;
1783 1585 1974 1645 Eccle-

314 1684 500 1739 siaste
531 1682 684 1736 hanc
715 1681 1097 1736 conﬁrmante
1126 1680 1512 1735 sententiam:
1550 1702 1576 1727 «
1611 1680 1795 1733 Omne
1817 1680 1970 1749 quod

314 1772 588 1827 futurum
621 1775 730 1833 est,
757 1771 880 1839 jam
925 1769 1145 1823 factum
1198 1773 1287 1823 est
1337 1768 1395 1821 in
1447 1768 1627 1838 priori
1679 1767 1908 1821 saeculo.
1941 1788 1969 1817 ››
2005 1808 2051 1871 Β

394 1863 485 1916 10.
545 1858 846 1914 Possibilia
904 1859 1005 1912 Dei
1059 1857 1341 1911 mandata.
1376 1887 1443 1896 —
1485 1856 1541 1909 ϐ.
1603 1855 1713 1910 Oro
1774 1861 1848 1915 te,
1908 1859 1974 1909 ut

323 1952 431 2006 hoc
463 1948 609 2003 mihi
642 1947 998 2018 respondeas
1023 1962 1036 2001 :
1071 1945 1377 2017 possibilia
1404 1945 1558 2000 Deus
1581 1945 1861 2000 mandata
1882 1945 1975 1999 de-

323 2040 436 2105 dit,
468 2056 543 2093 an
582 2034 1018 2107 impossibilia?
1077 2037 1138 2089 Α.
1199 2034 1382 2088 Cerno
1441 2050 1555 2104 quo
1610 2038 1711 2087 tua
1770 2033 1974 2087 tendat

332 2126 601 2183 assertio.
631 2125 738 2180 Sed
770 2124 843 2179 de
874 2123 982 2178 hoc
1012 2122 1068 2177 in
1102 2121 1521 2194 posterioribus
1560 2122 1972 2177 disserendum

332 2222 445 2282 est,
482 2230 551 2269 ne
582 2215 710 2268 dum
759 2212 1081 2268 miscemus
1129 2210 1550 2282 quaestionibus
1599 2210 1972 2281 queestiones,

326 2306 639 2360 obscuram
662 2302 1039 2358 audientibus
1065 2300 1513 2371 intelligentiam
1542 2298 1969 2371 relinquamus.

324 2396 637 2451 Reservato
658 2392 841 2463 igitur
862 2390 971 2446 hoc
999 2391 1149 2461 quod
1182 2390 1431 2445 fatemur
1451 2388 1756 2460 possibilia
1788 2389 1970 2443 Deum

320 2484 557 2539 dedisse
589 2482 887 2545 mandata,
922 2496 993 2534 ne
1025 2480 1149 2551 ipse
1170 2483 1373 2533 auctor
1393 2477 1694 2548 injustitize
1722 2478 1816 2539 sit,
1842 2477 1889 2531 si
1914 2476 1969 2531 id

320 2574 515 2645 exigat
545 2572 693 2637 fieri,
745 2570 901 2641 quod
961 2568 1085 2623 fieri
1144 2585 1260 2621 non
1328 2571 1553 2637 potest:
1614 2582 1767 2620 nunc
1827 2565 1970 2620 illud

320 2662 503 2734 imple
562 2660 719 2732 quod
779 2673 1186 2730 proposueras,
1249 2672 1418 2726 posse
1490 2654 1785 2709 hominem
1848 2655 1974 2709 sine

327 2756 565 2825 peccato
598 2765 727 2805 esse
758 2748 806 2803 si
836 2746 991 2802 velit.
1026 2749 1140 2800 Aut
1169 2744 1325 2799 enim
1374 2744 1542 2798 dabis
1591 2760 1688 2799 eos
1737 2743 1837 2814 qui
1870 2760 1971 2814 po-

325 2845 604 2905 tuerunt;
640 2843 740 2893 aut
773 2836 819 2891 si
853 2835 1050 2891 nullus
1092 2833 1301 2906 potuit,
1347 2832 1570 2904 liquido
1602 2832 1972 2887 confiteberis

321 2931 626 2987 hominem
658 2927 715 2981 in
749 2929 1099 2999 perpetuum
1130 2924 1311 2977 vitare
1350 2926 1583 2994 peccata
1632 2939 1744 2976 non
1780 2938 1969 2993 posse.

327 3023 381 3077 ε.
414 3019 706 3087 Quoniam
746 3015 894 3071 703
935 3030 1108 3086 urges
1162 3028 1275 3078 me,
1338 3015 1403 3065 ut
1461 3012 1590 3065 dem
1650 3011 1803 3082 quod
1836 3011 1973 3064 dare

324 3128 437 3166 non
472 3108 678 3169 debeo,
712 3104 878 3170 illud,
915 3118 1131 3175 quaeso,
1166 3100 1664 3170 considera,quod
1690 3099 1973 3154 Dominus

2095 529 2309 582 modo?
2341 529 2394 582 (ἶ.
2430 530 2511 583 Ex
2542 530 2827 584 sententia
2860 530 3086 584 Domini
3122 531 3334 586 asseris
3359 550 3526 603 posse
3549 535 3735 589 homi-

2094 635 2222 671 nem
2258 636 2386 672 esse
2420 621 2760 688 perfectum.
2795 620 3037 683 Quando
3071 621 3224 674 enim
3266 621 3440 675 dicit:
3498 646 3523 671 ‹‹
3556 625 3614 677 Si
3646 624 3734 679 vis

2090 707 2412 776 perfectum
2446 723 2596 773 esse,
2625 709 2809 762 vende
2832 709 3029 763 omnia
3052 726 3177 779 quae
3206 708 3405 777 habes,
3428 716 3481 767 et
3501 714 3574 765 da
3597 730 3734 783 pau-

2089 794 2350 865 peribus,
2385 803 2442 849 et
2471 796 2620 860 veni,
2656 813 2898 867 sequere
2929 814 3042 865 me,
3080 821 3106 845 ››
3138 799 3389 852 ostendit
3411 799 3729 867 hominem,

2089 883 2135 936 si
2168 883 2433 948 voluerit,
2488 888 2544 938 et
2595 885 2792 939 fecerit
2839 902 2965 956 quze
3018 892 3303 957 praecepta
3354 892 3512 953 sunt,
3562 906 3731 958 posse

2088 988 2213 1027 esse
2246 974 2591 1042 perfectum.
2627 976 2691 1028 Α.
2733 974 3109 1029 Validissimo
3140 976 3377 1045 quidem
3410 992 3605 1047 pugno
3639 994 3732 1033 me

2087 1061 2451 1131 percussisti,
2478 1061 2560 1114 ita
2582 1065 2646 1114 ut
2669 1062 2854 1133 caligo
2881 1062 3022 1115 mihi
3050 1068 3183 1117 ante
3216 1064 3416 1119 oculos
3434 1066 3732 1121 obversari

2086 1148 2362 1220 cmperit:
2394 1149 2492 1204 sed
2545 1154 2739 1204 tamen
2792 1150 2897 1204 hoc
2945 1151 3140 1221 ipsum
3198 1154 3351 1221 quod
3394 1153 3567 1207 dicit:
3608 1177 3633 1201 ‹‹
3669 1154 3728 1209 Si

2084 1238 2169 1291 vis
2203 1238 2495 1309 perfectus
2545 1255 2693 1306 esse,
2731 1262 2757 1287 ››
2807 1240 2855 1293 ei
2908 1240 3143 1303 dicitur,
3197 1241 3297 1310 qui
3354 1258 3468 1295 non
3522 1244 3727 1313 potuit,

2086 1327 2203 1381 imo
2262 1326 2513 1381 nbluit:
2584 1332 2640 1382 et
2715 1328 2930 1389 idcirco
3007 1346 3119 1382 non
3201 1330 3408 1400 potuit.
3486 1332 3568 1384 Tu
3621 1349 3729 1386 au-

2084 1419 2201 1470 tem
2236 1416 2475 1470 ostende
2529 1416 2695 1485 mihi,
2766 1416 2863 1487 qui
2921 1422 2977 1471 et
3050 1417 3295 1471 voluerit
3360 1424 3415 1473 et
3456 1420 3726 1489 potuerit,

2085 1505 2236 1575 quod
2272 1521 2426 1558 nunc
2469 1504 2764 1575 pollicitus
2809 1522 2889 1560 es.
2956 1506 3011 1559 C.
3075 1508 3209 1572 Qua:
3254 1507 3409 1561 enim
3456 1524 3547 1562 me
3578 1508 3733 1579 cogit

2084 1591 2401 1646 necessitas
2462 1593 2787 1657 ostendere,
2849 1594 2945 1664 qui
3007 1595 3238 1665 perfecti
3308 1595 3541 1654 fuerint.
3593 1614 3728 1651 cum

2084 1680 2461 1751 perspicuum
2498 1682 2575 1735 sit
2606 1698 2777 1752 posse
2826 1699 2953 1737 esse
3006 1683 3312 1753 perfectos,
3362 1701 3429 1738 ex
3476 1702 3540 1738 eo
3573 1686 3728 1755 quod

2084 1769 2183 1822 uni
2216 1785 2248 1822 a
2288 1768 2584 1825 Salvatore
2617 1770 2693 1824 sit
2722 1771 2964 1835 dictum,
2999 1776 3055 1824 et
3086 1786 3187 1841 per
3216 1787 3399 1825 unum
3431 1771 3729 1840 omnibus,

2083 1882 2108 1905 ‹‹
2146 1857 2193 1911 si
2224 1857 2310 1911 vis
2342 1874 2470 1912 esse
2519 1860 2828 1928 perfectus.
2866 1882 2892 1908 ››
2948 1862 3007 1913 Α.
3061 1860 3512 1931 Tergiversaris:
3544 1861 3598 1914 in
3633 1878 3729 1916 eo-

2082 1947 2211 2000 dem
2245 1945 2366 1999 luto
2400 1946 2654 2002 haesitas.
2689 1951 2801 2001 Aut
2832 1949 2986 2003 enim
3019 1949 3170 2018 quod
3208 1954 3397 2019 potest
3442 1950 3585 2017 ﬁeri,
3621 1949 3725 2004 ali-

2082 2035 2316 2106 quando
2350 2035 2567 2089 factum
2602 2041 2689 2090 est
2720 2054 2730 2090 :
2769 2041 2869 2091 aut
2908 2038 2957 2091 si
3012 2054 3316 2107 nunquam
3367 2038 3583 2092 factum
3616 2043 3728 2107 est,

2084 2122 2203 2175 ﬁeri
2236 2139 2349 2177 non
2382 2140 2552 2194 posse
2583 2125 2853 2178 concede.

2156 2214 2238 2265 12.
2277 2212 2331 2265 C.
2376 2213 2521 2276 Quid
2575 2212 2728 2266 ultra
2777 2213 3027 2266 differo?
3086 2214 3235 2267 704
3294 2214 3725 2284 Scripturarum

2082 2302 2425 2355 auctoritate
2456 2302 2777 2355 vincendus
2811 2318 2891 2355 es.
2946 2301 3017 2355 Ut
3064 2306 3269 2355 caetera
3312 2302 3716 2370 intermittam,

2085 2388 2369 2443 nonnehis
2406 2390 2639 2443 duobus
2668 2390 3019 2444 testimoniis
3050 2390 3151 2443 tibi
3186 2390 3521 2461 imponetur
3550 2391 3725 2446 silen-

2082 2479 2253 2544 tium,
2286 2477 2344 2530 in
2378 2478 2595 2547 quibus
2648 2478 2778 2542 Job,
2833 2482 2888 2531 et
2934 2478 3260 2539 Zacharias,
3314 2478 3727 2549 Elisabethque

2083 2566 2398 2621 laudantur
2419 2567 2445 2619 ?
2468 2566 2589 2620 Nisi
2610 2567 2765 2619 enim
2795 2566 2960 2619 fallor
2983 2566 3039 2620 in
3061 2566 3171 2620 Job
3193 2566 3275 2621 ita
3298 2566 3579 2636 scriptum
3604 2574 3723 2621 cst:

2086 2678 2112 2704 ‹‹
2148 2656 2328 2711 Homo
2370 2656 2611 2725 quidam
2671 2660 2794 2709 erat
2854 2656 2911 2708 in
2976 2656 3207 2725 regione
3267 2656 3534 2709 Ausitide
3570 2658 3581 2688 ¹
3618 2655 3725 2727 [AL

2084 2744 2247 2814 Hus],
2292 2744 2526 2798 nomine
2552 2743 2682 2807 Job,
2714 2749 2769 2798 et
2799 2749 2922 2797 erat
2958 2744 3134 2798 homo
3190 2743 3286 2799 ille
3316 2761 3485 2798 verax
3516 2750 3568 2798 et
3602 2744 3727 2799 sine

2083 2832 2347 2895 crimine,
2383 2849 2551 2887 verus
2583 2833 2683 2887 Dei
2715 2832 2921 2899 cultor,
2959 2834 3260 2888 abstinens
3293 2849 3354 2887 se
3386 2834 3455 2887 ab
3485 2833 3642 2887 omni
3668 2850 3727 2888 re

2083 2920 2237 2975 mala
2269 2923 2382 2991 (Job
2422 2940 2456 2988 ι,
2493 2924 2545 2988 1,
2578 2939 2680 2977 sec.
2728 2924 2879 2978 LXX.
2920 2946 2944 2969 ››
2987 2923 3054 2977 Et
3102 2923 3352 2976 iterum:
3409 2946 3433 2969 ‹‹
3471 2924 3609 2986 Quis
3640 2926 3729 2977 est

2084 3012 2181 3083 qui
2215 3011 2409 3081 arguit
2432 3012 2663 3081 justum
2694 3012 2819 3066 sine
2853 3013 3139 3083 peccato”,
3173 3017 3227 3067 et
3255 3010 3514 3081 loquitur
3536 3011 3726 3064 verbis

2084 3100 2208 3155 suis
2239 3115 2343 3170 per
2374 3098 2763 3171 ignorantiam
2798 3101 2911 3169 (Job
2942 3117 3017 3160 γι.
3052 3102 3139 3167 1‘5)
3165 3100 3192 3152 ‘?
3228 3122 3253 3147 ››
3306 3100 3365 3153 In
3418 3098 3726 3169 Evangelio

321 3199 533 3256 dixerit
563 3194 796 3251 facilius
828 3192 1112 3248 camelum
1146 3208 1248 3261 per
1278 3192 1535 3244 foramen
1578 3206 1719 3243 acus
1752 3189 1969 3243 intrare
2002 3173 2043 3238 C
2086 3204 2319 3259 quoque
2351 3188 2670 3242 secundum
2699 3189 2908 3241 Lucam
2939 3206 2951 3242 :
2981 3210 3005 3234 ‹‹
3032 3187 3235 3241 Fuitin
3258 3186 3462 3240 diebus
3480 3186 3721 3240 Herodis

322 3305 517 3363 posse,
556 3301 732 3357 quam
767 3282 1004 3337 divitem
1039 3281 1096 3335 in
1131 3296 1375 3351 regnum
1417 3277 1693 3333 cmlorum
1726 3278 1741 3347 (
1776 3277 1968 3333 Matth.

322 3397 439 3447 xxx,
468 3380 578 3441 21:;
612 3380 661 3430 et
690 3375 854 3428 Marc.
884 3388 937 3439 x,
970 3372 1084 3437 25).
1122 3370 1190 3423 Et
1218 3373 1415 3423 tamen
1450 3367 1593 3421 dixit
1625 3366 1747 3421 fieri
1781 3382 1971 3437 posse,

326 3468 489 3541 quod
524 3478 824 3534 nunquam
857 3461 1074 3514 factum
1110 3461 1218 3513 est.
1253 3457 1451 3527 Neque
1500 3455 1653 3510 enim
1716 3454 1975 3509 camelus

325 3564 599 3627 unquam
629 3570 728 3623 per
758 3553 1019 3605 foramen
1055 3564 1194 3602 acus
1223 3546 1523 3617 ingressus
1551 3549 1658 3599 est.
1706 3545 1765 3598 Α.
1803 3544 1979 3598 Miror

332 3646 639 3701 hominem
654 3643 987 3713 prudentem
1006 3636 1379 3711 proposuisse
1392 3634 1685 3689 testimoni
1698 3651 1729 3687 u
1742 3650 1792 3686 m
1805 3633 1980 3705 ,quod

349 3736 560 3789 contra
591 3748 649 3785 se
682 3730 866 3786 faciat:
900 3730 960 3783 In
994 3728 1103 3782 hoc
1134 3726 1286 3782 enim
1318 3742 1431 3779 non
1458 3724 1610 3794 quod
1634 3723 1751 3777 fieri
1774 3722 1981 3793 possit,

332 3824 563 3878 dictum
580 3820 789 3882 est,sed
806 3814 1174 3890 impossibile
1188 3811 1541 3885 impossibili
1556 3814 1978 3881 comparatum.

325 3910 637 3979 Quomodo
668 3908 823 3963 enim
884 3905 1144 3962 camelus
1207 3921 1317 3959 non
1381 3904 1569 3973 potest
1623 3899 1841 3955 intrare
1883 3915 1985 3971 per

327 4002 599 4057 foramen
633 4012 805 4064 acus,
828 3996 908 4051 ita
936 3999 990 4051 et
1023 3995 1180 4050 dives
1203 4009 1313 4047 non
1346 3990 1707 4062 ingredietur
1728 3989 1785 4043 in
1808 4004 1985 4059 regna

332 4088 637 4145 caelorum.
673 4090 787 4141 Aut
838 4084 887 4138 si
936 4082 1196 4154 potueris
1248 4081 1572 4145 ostendere,
1624 4078 1775 4149 quod
1825 4077 1984 4131 dives

330 4178 709 4251 ingrediatur
743 4190 921 4245 regna
952 4171 1253 4235 cmlorum,
1279 4169 1544 4240 sequitur
1566 4172 1629 4221 ut
1649 4172 1704 4221 et
1727 4165 1985 4220 camelus

330 4270 509 4323 intret
543 4283 648 4339 per
679 4266 938 4319 foramen
970 4278 1127 4317 acus.
1162 4259 1275 4314 Nec
1308 4257 1448 4312 mihi
1479 4255 1775 4311 Abraham
1809 4258 1863 4309 et
1883 4272 1986 4309 cce-

332 4365 511 4423 teros,
548 4372 701 4427 quos
733 4354 793 4408 in
814 4351 987 4407 veteri
1035 4351 1407 4405 Testamento
1451 4347 1660 4403 divites
1709 4345 1982 4418 legimus,

331 4444 603 4515 exemplo
637 4458 949 4515 proponas,
982 4440 1080 4512 qui
1109 4438 1315 4493 divites
1348 4436 1593 4509 ingressi
1636 4440 1774 4489 sunt
1808 4450 1987 4505 regna

2082 3277 2235 3349 regis
2265 3276 2425 3330 Judae
2458 3278 2730 3331 sacerdos
2764 3277 2999 3348 quidam
3034 3276 3267 3330 nomine
3290 3275 3618 3340 Zacharias,
3654 3274 3724 3328 de

2082 3368 2204 3421 vice
2237 3366 2399 3432 Abia,
2435 3372 2491 3419 et
2520 3383 2663 3419 uxor
2693 3364 2774 3418 illi
2809 3366 2878 3419 de
2907 3364 3139 3419 ﬁliabus
3170 3367 3381 3427 Aaron,
3424 3368 3480 3417 et
3513 3378 3726 3417 nomen

2085 3454 2244 3509 illius
2311 3453 2625 3508 Elisabeth.
2685 3455 2858 3507 Erant
2916 3470 3116 3507 aurem
3178 3453 3348 3505 ambo
3402 3452 3547 3520 justi
3595 3455 3730 3505 ante

2088 3545 2295 3609 Deum,
2332 3544 2661 3597 incedentes
2706 3542 2763 3595 in
2814 3542 3089 3596 omnibus
3140 3540 3430 3594 mandatis
3475 3539 3731 3608 etjusti-

2092 3622 2461 3686 ticationibus
2493 3631 2743 3695 Domini,
2780 3632 2903 3685 sine
2927 3629 3161 3699 querela
3184 3631 3334 3699 (Lm‘.
3365 3646 3401 3693 1,
3424 3629 3459 3680 5
3480 3628 3671 3698 seq/1.).
3704 3649 3732 3674 ››

2092 3721 2149 3774 Si
2184 3737 2352 3775 verus
2383 3720 2481 3774 Dei
2533 3718 2720 3772 cultor
2769 3723 2874 3783 est,
2922 3723 2977 3772 et
3024 3716 3460 3777 immaculatus,
3513 3732 3577 3769 ac
3608 3716 3735 3769 sine

2093 3808 2358 3874 crimine,
2392 3812 2448 3861 et
2479 3808 2577 3877 qui
2628 3806 3009 3861 ambulabant
3058 3806 3115 3858 in
3169 3805 3395 3859 cunctis
3440 3804 3735 3872 justitica-

2095 3897 2355 3953 tionibus
2386 3896 2641 3961 Domini,
2670 3894 2814 3963 justi
2840 3899 2979 3949 sunt
3004 3894 3058 3947 in
3086 3898 3396 3965 conspectu
3417 3895 3563 3963 ejus,
3596 3896 3735 3964 puto

2095 3986 2249 4057 quod
2285 3992 2519 4056 peccato
2546 3988 2799 4047 careant,
2846 3990 2901 4038 et
2938 3982 3100 4037 nulla
3149 4000 3207 4037 re
3255 3983 3575 4052 indigeant,
3609 3999 3735 4052 qua:

2096 4080 2164 4135 ad
2205 4074 2500 4147 justitiam
2552 4072 2819 4145 pertinet.
2874 4074 2934 4125 Α.
2986 4072 3345 4143 Proposuisti
3400 4069 3740 4124 testimonia

2098 4184 2224 4239 qua:
2260 4181 2372 4218 non
2408 4163 2477 4216 de
2522 4161 2762 4215 alterius
2813 4160 3121 4231 Scriptura:
3165 4159 3311 4223 loco,
3360 4160 3457 4212 sed
3505 4160 3574 4211 de
3606 4173 3737 4227 pro-

2098 4256 2239 4328 priis
2272 4251 2438 4306 libris
2470 4249 2737 4306 absoluta
2773 4253 2929 4303 sunt.
2982 4249 3125 4303 Nam
3158 4253 3215 4302 et
3261 4248 3369 4299 Job
3422 4251 3737 4316 postquam

2098 4358 2414 4417 percussus
2431 4344 2517 4395 est
2540 4338 2711 4410 plaga
2735 4338 2919 4392 multa
2942 4339 3221 4392 adversus
3244 4336 3341 4390 Dei
3366 4332 3739 4397 sententiam,

2099 4448 2417 4506 provocans
2447 4446 2579 4483 eum
2614 4429 2683 4482 ad
2728 4427 3043 4497 judicium,
3078 4425 3292 4480 dixisse
3342 4423 3738 4478 convincitur:

337 4513 936 4602 cmlorum,‘cumipsi
964 4530 1071 4600 [ΑΙ.
1102 4528 1310 4599 ipsius]
1335 4526 1551 4581 divitiis
1576 4525 1644 4579 ad
1661 4525 1812 4580 bona
1828 4529 1988 4578 uten-
2020 4540 2063 4603 ι)
2098 4548 2123 4572 ‹‹
2169 4525 2355 4592 Atque
2387 4520 2612 4573 utinam
2646 4517 2730 4573 sic
2753 4516 3116 4586 judicaretur
3144 4516 3230 4568 vir
3258 4530 3389 4569 cum
3424 4513 3558 4578 Deo,
3592 4526 3740 4581 quo-

341 4621 869 4690 tesopera,divites
888 4635 1016 4674 esse
1049 4616 1367 4679 desierint;
1398 4615 1512 4668 imo
1536 4629 1669 4667 cum
1702 4629 1815 4667 non
1850 4612 1987 4676 sibi,

337 4714 441 4768 sed
468 4712 602 4767 aliis
633 4709 839 4764 divites
864 4707 1095 4769 fuerint,
1128 4705 1628 4775 etdispensatores
1662 4701 1851 4772 magis
1866 4700 1986 4767 Dei,

348 4817 526 4871 quam
558 4800 764 4854 divites
796 4793 1123 4869 appellandi
1155 4793 1290 4848 sint.
1319 4792 1429 4847 Sed
1460 4790 1627 4845 nobis
1660 4789 1994 4861 evangelica

354 4888 625 4960 perfectio
646 4885 999 4959 requirenda
1018 4887 1125 4947 est,
1156 4882 1211 4935 in
1238 4897 1354 4952 qua
1382 4880 1733 4951 precipitur:
1769 4900 1793 4925 ‹‹
1826 4878 1886 4932 Si
1909 4877 1995 4931 vis

352 4977 645 5050 perfectus
663 4991 813 5039 esse,
828 4973 969 5029 vade
982 4981 1031 5027 et
1049 4971 1231 5025 vende
1253 4969 1451 5023 omnia
1478 4984 1603 5039 qua:
1622 4967 1822 5031 habes,
1847 4970 1902 5020 et
1923 4965 1998 5019 da

348 5068 736 5140 pauperibus,
771 5068 827 5119 et
854 5061 1004 5127 veni,
1039 5076 1277 5132 sequere
1309 5074 1400 5112 me
1432 5057 1638 5128 (Matth.
1674 5073 1788 5121 x1x,
1820 5056 1931 5125 21).
1968 5077 1996 5103 ››

425 5158 515 5211 11.
552 5154 850 5226 Respondet
878 5151 1171 5220 objectiom'
1208 5166 1277 5203 ex
1330 5148 1547 5203 Domini
1583 5146 1869 5199 sententia.
1904 5144 1999 5197 Di-

350 5247 459 5302 luit
488 5244 745 5316 exempla
775 5243 840 5297 de
896 5242 1011 5307 Job,
1069 5238 1338 5294 Zacharia
1392 5241 1444 5291 et
1501 5234 1797 5291 Elisabeth.
1840 5265 1907 5272 —
1940 5232 1997 5287 C.

425 5429 439 5463 '
476 5432 543 5483 In
574 5418 1090 5495 νεθίοηιςᾼμδρέᾴξ·
1126 5417 1209 5495 Its
1237 5415 1439 5495 1.689!“
1486 5428 1690 5495 οῑξιηθε
1730 5428 1873 5466 ωεεο
1907 5426 2003 5495 οοῖ

355 5499 513 5555 dices
535 5485 711 5568 jux'ta
742 5492 901 5568 LXX.
935 5490 1083 5547 Editi
1128 5488 1262 5545 libri
1299 5485 1464 5542 falso
1518 5486 1627 5542 Ha:
1683 5486 2006 5556 posuerunt

364 5564 760 5648 ρι’ρέίὶιςςριίάε.
796 5564 1127 5648 ΜΑΠΤΙΑΝ..
1208 5632 1217 5644 υ
1300 5628 1364 5648 ω
1428 5626 1743 5648 AHUML
1805 5626 1820 5648 1

424 5627 454 5680 "
477 5627 711 5717 Regina:
742 5652 854 5695 ms.
886 5652 1024 5695 cum
1046 5632 1221 5692 veteri
1249 5628 1389 5688 edit.
1422 5632 1478 5685 et
1496 5627 1770 5697 Viotorio,
1792 5627 2007 5699 justum

2105 4612 2277 4666 modo
2311 4608 2614 4679 judicatur
2666 4606 2821 4659 filius
2882 4604 3138 4659 hominis
3195 4620 3327 4657 cum
3389 4602 3609 4671 collega
3639 4616 3745 4654 suo

2106 4700 2221 4769 (Job
2248 4714 2361 4759 xvn,
2394 4696 2522 4762 22)!
2557 4716 2583 4741 ι)
2633 4695 2701 4747 Et
2760 4695 3010 4747 iterum:
3079 4717 3096 4739 α
3136 4692 3275 4757 Quis
3337 4690 3474 4745 mihi
3532 4688 3750 4741 tribuat

2106 4787 2452 4849 auditorem,
2474 4784 2905 4837 utdesiderium
2930 4800 3121 4836 meum
3146 4780 3512 4849 omnipotens
3530 4774 3747 4844 audiat,

2109 4882 2164 4932 et
2197 4876 2411 4929 librum
2446 4872 2665 4926 scribat
2692 4872 2813 4942 ipse
2837 4871 2936 4940 qui
2963 4870 3190 4939 judicat
3214 4868 3335 4938 (Job
3365 4883 3515 4919 xxxi.
3551 4862 3688 4928 35)?
3721 4884 3748 4910 ››

2113 4966 2179 5019 Et
2214 4977 2487 5017 rursum:
2554 4982 2572 5005 α
2620 4958 2677 5013 Si
2737 4958 2891 5013 enim
2954 4958 3113 5010 fuero
3167 4957 3389 5026 justus,
3450 4970 3511 5005 os
3555 4965 3751 5004 meum

2108 5052 2290 5124 impia
2332 5049 2627 5120 loquetur,
2677 5051 2731 5100 et
2756 5046 2801 5099 si
2830 5046 3050 5115 absque
3075 5044 3336 5105 crimine,
3361 5056 3571 5111 pravus
3593 5038 3751 5093 inve-

2110 5142 2274 5196 niar:
2310 5144 2366 5194 et
2396 5137 2442 5193 si
2474 5136 2815 5208 puriﬁcatus
2849 5134 2975 5187 nive
3006 5136 3061 5187 et
3089 5130 3242 5185 lotus
3285 5130 3579 5191 manibus,
3612 5126 3754 5182 satis

2112 5247 2205 5285 me
2237 5229 2406 5285 sorde
2432 5224 2677 5281 tinxisti.
2720 5223 3092 5277 Exsecratum
3129 5225 3218 5275 est
3265 5236 3356 5274 me
3385 5220 3405 5253 ³
3436 5218 3754 5273 vestimen-

2110 5424 2293 5465 meum
2320 5408 2439 5460 sine
2464 5404 2697 5474 peccato.

2184 5481 2205 5515 ³
2234 5478 2411 5533 Vetus
2442 5466 2618 5531 editio
2652 5477 2709 5531 et
2738 5472 3036 5537 Erasmus,
3072 5488 3246 5546 quem
3270 5469 3560 5529 Victorius
3593 5466 3761 5524 casti-

2115 5556 2235 5625 gat,
2270 5552 2333 5603 in
2363 5562 2465 5603 me.
