4094 6166
355 361 478 432 529

1220 362 1604 429 DIALOGUS
1647 358 1959 425 CONTRA
2002 358 2517 429 PELAGIANOS.
2551 398 2628 411 --
2658 364 2803 432 LlB.
2851 357 2899 432 Ῐ.

3622 354 3767 431 ’830

354 508 483 583 ipsa
513 502 933 579 consequentia
966 507 1021 561 et
1077 519 1271 560 rerum
1303 504 1505 561 ordine
1533 504 1749 562 invitus
1781 507 1889 563 hoc
1920 506 2003 563 lo-
2032 498 2088 563 Α
2120 504 2262 563 dum
2295 524 2600 581 nunquam
2631 507 2691 565 in
2731 507 3000 576 statione,
3050 505 3152 565 sed
3199 524 3429 583 semper
3472 498 3534 565 in
3583 520 3761 565 cursu

354 599 579 672 queris.
634 596 695 653 Si
738 595 895 651 enim
943 598 1136 666 potest
1176 610 1304 651 esse
1352 594 1527 651 homo
1570 596 1697 652 sine
1750 602 2004 669 peccato,

2117 602 2227 662 est,
2251 597 2655 669 imperfectum
2681 598 2901 665 doceat,
2930 598 3084 671 quod
3110 597 3377 655 homines
3404 597 3757 671 putabamus

353 688 515 761 quod
546 683 847 759 apostolos
879 701 993 738 non
1027 684 1206 739 fuisse
1255 685 1630 755 perspicuum
1672 693 1777 753 est,
1812 692 2010 759 posset
2117 702 2246 741 esse
2278 687 2635 758 perfectum:
2671 686 2974 760 solamque
3023 688 3431 759 perfectionem
3478 691 3534 743 et
3561 703 3760 743 veram

352 794 488 834 esse
515 792 694 849 super
719 773 1016 846 apostolos
1049 772 1262 828 homo:
1297 778 1362 828 ut
1390 778 1613 830 taceam
1646 776 1715 831 de
1760 777 2005 848 patriar-

359 867 495 922 chis
525 870 582 921 et
604 863 926 937 prophetis,
960 879 1209 933 quorum
1243 862 1301 916 in
1332 862 1458 934 lege
1484 882 1597 920 non
1623 865 1732 919 fuit
1754 865 2007 936 perfecta

356 954 609 1027 justitia,
640 953 963 1008 secundum
998 951 1144 1006 illud
1190 952 1483 1023 Apostoli:
1533 978 1559 1004 ‹‹
1594 954 1808 1009 Omnes
1848 955 2005 1010 enim

364 1047 765 1116 peccaverunt,
799 1046 855 1096 et
884 1041 1150 1111 indigent
1178 1041 1363 1108 gloria
1384 1044 1515 1107 Dei;
1544 1043 1848 1113 justiﬁcati
1881 1060 2007 1113 gra-

360 1133 435 1188 tis
465 1148 568 1203 per
594 1131 695 1186 Dei
728 1130 977 1202 gratiam
1000 1131 1038 1198 ί,
1072 1147 1174 1201 per
1206 1131 1311 1201 [Αἰ.
1361 1131 1486 1185 add.
1528 1132 1737 1203 ipsius]
1780 1133 2004 1186 redem-

348 1220 618 1291 ptionem
651 1236 779 1290 quae
811 1223 900 1274 est
930 1219 989 1273 in
1021 1218 1248 1274 Christo
1278 1218 1417 1274 Jesu
1448 1239 1460 1285 ;
1496 1237 1670 1292 quem
1704 1221 2007 1292 proposuit

349 1310 506 1365 Deus
532 1307 972 1380 prepitiatorem
1007 1309 1178 1372 (Rom.
1212 1324 1295 1372 ιιι,
1329 1310 1418 1372 23,
1449 1310 1559 1378 24).
1594 1332 1621 1357 ››

420 1399 512 1452 14.
545 1398 787 1469 Oppmzit
823 1398 1199 1451 testimonium
1240 1397 1406 1451 Pauli
1451 1397 1521 1450 ad
1572 1398 1809 1469 Philipp.
1846 1430 1911 1438 ——
1945 1399 2000 1452 C.

342 1488 479 1543 Haec
538 1484 973 1556 argumentatio
1046 1488 1309 1539 tortuosa
1372 1490 1480 1549 est,
1549 1485 2002 1541 ecclesiasticam

345 1573 793 1647 simplicitatem
850 1572 1003 1626 inter
1049 1570 1532 1643 philosophorum
1584 1573 1811 1644 spineta
1862 1591 2001 1629 con-

342 1664 616 1720 eludens.
650 1662 799 1726 Quid
826 1660 1120 1733 Aristoteli
1154 1665 1211 1715 et
1240 1660 1419 1716 Paulo
1441 1661 1468 1715 ‘?
1497 1662 1643 1725 Quid
1694 1662 1916 1717 Platoni
1948 1668 2006 1717 et

343 1754 516 1809 Petro
536 1744 671 1831 {Ut
700 1750 797 1805 ille
849 1749 1005 1804 enim
1057 1749 1327 1821 princeps
1378 1749 1882 1822 philos0phorum,
1924 1749 2004 1806 ita

268 1850 277 1855 "
343 1843 442 1898 hic
475 1838 878 1913 apostolorum
912 1838 1040 1905 fuit,
1076 1854 1253 1910 super
1276 1855 1450 1909 quem
1482 1840 1739 1896 Ecclesia
1770 1840 1999 1895 Domini
2031 1872 2079 1936 B

346 1929 547 1990 stabili
578 1928 731 1984 mole
761 1928 1003 1983 fundata
1034 1933 1141 1992 est,
1176 1945 1303 1999 quae
1334 1945 1440 1983 nec
1470 1929 1688 2001 impetu
1714 1930 1995 1997 fluminis,

346 2037 460 2077 nec
487 2018 614 2074 ulla
640 2020 987 2089 tempestate
1019 2018 1367 2072 concutitur.
1399 2019 1461 2071 Α.
1498 2018 1910 2085 Rhetoricaris,
1945 2024 2001 2074 et

356 2110 505 2164 dum
532 2106 674 2161 mihi
701 2106 907 2176 objicis
956 2104 1411 2176 philosophiam,
1463 2108 1536 2161 ad
1581 2112 1875 2163 oratorum
1906 2124 1998 2163 ca-

359 2200 492 2251 stra
527 2193 902 2250 transcendis.
934 2192 1149 2248 Verum
1177 2193 1313 2248 audi
1346 2194 1486 2265 quid
1518 2194 1671 2249 idem
1704 2195 1859 2251 dicat
1880 2213 2002 2251 ora-

355 2288 453 2340 tor
482 2289 652 2339 tuus:
686 2306 711 2331 «
746 2282 959 2337 Desine
987 2283 1401 2338 communibus
1430 2283 1608 2349 locis;
1643 2285 1798 2339 domi
1832 2286 2001 2340 nobis

344 2373 469 2431 ista
524 2376 852 2428 nascuntur
898 2371 1037 2440 (CIC.
1092 2370 1189 2427 lib.
1245 2389 1299 2425 ιν
1342 2374 1511 2427 Acad.
1566 2375 1811 2444 Quaest).
1870 2398 1889 2423 »
1942 2374 1997 2428 C.

344 2460 527 2519 Nulla
555 2460 652 2515 hic
681 2458 1010 2529 eloquentia
1058 2466 1148 2514 est
1191 2459 1389 2515 nullus
1438 2465 1734 2516 oratorum
1784 2468 1998 2529 tumor,

344 2565 602 2623 quorum
618 2548 876 2604 deﬁnitio
890 2547 1195 2612 est,dicere
1209 2549 1278 2603 ad
1295 2550 1764 2620 persuadendum
1780 2568 2002 2607 accom-

345 2640 609 2705 modate,
644 2638 743 2693 sed
777 2653 982 2709 puram
1016 2653 1161 2708 puro
1206 2654 1474 2693 sermone
1506 2638 1824 2709 quaarimus
1854 2640 1999 2694 veri-

345 2732 563 2783 tatem:
588 2729 693 2780 aut
712 2725 1026 2780 Dominum
1044 2723 1412 2795 impossibila
1433 2742 1547 2780 non
1568 2727 2002 2797 praecepissemt

348 2818 472 2873 sint
504 2816 563 2870 in
593 2804 767 2885 culpa
788 2814 888 2884 qui
911 2812 1215 2884 possibilia
1236 2830 1349 2868 non
1375 2813 1613 2868 fecerint
1638 2833 1651 2881 ;
1685 2820 1786 2870 aut
1813 2816 1861 2871 si
1885 2833 1999 2871 non

347 2908 607 2978 possunt
634 2902 781 2968 ﬁeri,
815 2920 929 2958 non
953 2919 1052 2957 eos
1075 2902 1175 2972 qui
1196 2902 1589 2972 impossibilia
1610 2920 1723 2959 non
1756 2905 1997 2971 faciunt,

347 2995 449 3051 sed
484 3009 623 3049 eum
648 2992 749 3062 qui
779 2990 1169 3062 impossibilia
1200 2992 1492 3063 precepit,
1526 2993 1681 3063 quod
1714 2994 1876 3049 nefas
1908 2994 1999 3049 di-

348 3092 448 3142 ctu
484 3083 582 3149 sit,
645 3079 909 3135 convinci
965 3080 1286 3150 injustitiae.
1347 3082 1409 3135 A.
1466 3080 1645 3137 Video
1706 3088 1760 3137 te
1799 3088 2001 3138 contra

348 3187 547 3228 mores
590 3174 725 3225 tuos
773 3168 1146 3223 vehementer
1191 3184 1318 3223 esse
1361 3175 1739 3238 commotum,
1773 3176 1829 3225 et
1866 3188 1997 3243 pro-

2110 774 2425 845 justitiam,
2480 776 2583 830 Dei
2652 780 2881 831 tantum
2958 776 3273 832 virtutibus
3348 778 3755 849 coaptandam.

2118 887 2145 913 ‹‹
2180 865 2513 919 Secundum
2538 865 2922 936 propositum,
2946 865 3159 936 inquit,
3183 882 3503 938 prosequor
3524 867 3593 923 ad
3626 867 3760 921 bra-

2114 950 2274 1005 vium
2310 968 2579 1023 supernae
2609 952 2925 1008 vocationis
2955 953 3054 1007 Dei
3098 952 3157 1007 in
3204 953 3432 1009 Christo
3462 953 3625 1010 Jesu.
3658 975 3685 1002 »
3715 952 3760 1008 Ο

2116 1038 2373 1110 apostolo
2434 1038 2622 1109 Paule,
2682 1041 2919 1111 ignosce
2975 1041 3120 1096 mihi
3180 1042 3347 1112 quasi
3405 1041 3761 1098 homunculo

2116 1144 2246 1182 mea
2275 1127 2415 1183 vitia
2446 1128 2763 1195 conﬁtenti,
2798 1128 2847 1183 si
2875 1129 3151 1183 audacter
3192 1129 3567 1202 interrogem.
3603 1129 3759 1186 Dicis

2115 1219 2169 1270 te
2202 1217 2449 1271 necdum
2479 1215 2791 1287 accepisse,
2834 1221 2889 1270 et
2926 1216 3174 1271 necdum
3225 1218 3758 1288 comprehendisse,

2115 1310 2171 1359 et
2200 1305 2449 1359 necdum
2480 1320 2608 1359 esse
2634 1305 2973 1375 perfectum,
2999 1310 3055 1359 et
3077 1306 3500 1376 praeteritorum
3528 1324 3760 1379 semper

2115 1393 2396 1457 oblivisci,
2430 1398 2483 1448 et
2513 1395 2583 1447 ad
2644 1394 2839 1465 priora
2894 1398 2952 1449 te
3010 1394 3277 1462 extendi;
3342 1395 3389 1450 si
3431 1411 3543 1465 quo
3582 1396 3756 1451 modo

2114 1482 2305 1553 possis
2336 1498 2637 1537 occurrere
2685 1483 2743 1537 in
2794 1482 3213 1538 resurrectione
3261 1489 3649 1550 mortuorum,
3701 1487 3759 1539 et

2114 1570 2393 1642 consequi
2424 1570 2689 1625 brevium
2723 1588 2987 1642 supernas
3009 1572 3349 1628 vocationis.
3374 1574 3443 1628 Et
3463 1574 3757 1644 quomodo

2114 1658 2313 1714 statim
2354 1659 2571 1713 infers:
2610 1682 2635 1708 «
2671 1661 2964 1730 Quotquot
3015 1676 3150 1730 ergo
3205 1661 3442 1731 perfecti
3483 1662 3586 1731 (Al.
3628 1661 3755 1717 add.

2112 1750 2364 1819 sumus),
2398 1748 2508 1802 hoc
2560 1748 2847 1820 sapimus,
2902 1751 3043 1805 sive
3075 1749 3423 1820 sapiamus?
3452 1771 3481 1800 »
3532 1750 3762 1805 diversa

2113 1837 2269 1892 enim
2301 1839 2438 1890 sunt
2468 1836 2855 1907 exemplaria:
2902 1840 2959 1891 et
3008 1837 3149 1908 quid
3194 1837 3481 1909 sapimus,
3513 1838 3633 1896 sive
3664 1852 3757 1895 sa-

2110 1927 2363 1998 piamus,
2396 1942 2503 1981 nos
2533 1942 2663 1981 esse
2692 1927 2973 1998 perfectos
2994 1926 3023 1980 ‘I
3061 1927 3573 1999 comprehendisse
3601 1929 3757 2001 quod

2111 2032 2225 2070 non
2268 2015 2841 2087 comprehendimus,
2877 2016 3172 2086 accepisse
3201 2016 3356 2087 quod
3390 2033 3506 2071 non
3532 2018 3757 2090 accepi-

2110 2122 2267 2171 mus,
2299 2121 2426 2160 esse
2457 2105 2740 2176 perfectos
2780 2104 2879 2175 qui
2913 2106 3174 2159 nondum
3215 2106 3452 2177 perfecti
3502 2124 3709 2162 sumus
3730 2108 3759 2162 ?

2112 2194 2257 2259 Quid
2289 2210 2423 2265 ergo
2458 2194 2743 2265 sapimus,
2777 2192 2895 2247 imo
2926 2194 3067 2264 quid
3100 2210 3303 2265 sapere
3345 2195 3628 2252 debemus
3658 2197 3759 2267 qui

2112 2282 2351 2353 perfecti
2384 2300 2498 2337 non
2541 2280 2797 2337 sumus?
2830 2282 3206 2352 Imperfectos
3254 2299 3361 2337 nos
3409 2300 3539 2339 esse
3577 2285 3756 2340 conﬁ-

2112 2372 2237 2439 teri,
2262 2376 2319 2427 et
2341 2372 2588 2426 necdum
2612 2370 3148 2441 comprehendisse,
3173 2372 3421 2426 necdum
3442 2372 3754 2444 accepisse.

2112 2461 2245 2516 Hac
2276 2478 2377 2516 ns'r
2408 2460 2665 2516 hominis
2696 2477 2830 2516 vera
2859 2459 3170 2531 sapientia,
3201 2460 3607 2530 imperfectum
3628 2478 3759 2519 esse

2112 2566 2173 2605 se
2232 2566 2442 2606 nosce:
2500 2555 2695 2622 atque,
2756 2555 2821 2604 ut
2876 2550 2958 2605 ita
3016 2549 3245 2621 loquar,
3297 2555 3639 2607 cunctorum
3696 2552 3755 2607 in

2111 2655 2283 2694 carne
2319 2640 2620 2710 justorum
2666 2639 3009 2711 imperfecta
3053 2638 3327 2711 perfectio
3373 2644 3481 2695 est.
3514 2640 3678 2699 Unde
3702 2646 3759 2698 et

2110 2728 2170 2783 in
2203 2728 2525 2784 Proverbiis
2571 2726 2864 2799 legimus:
2916 2752 2943 2777 ‹‹
2980 2729 3062 2783 Ad
3114 2728 3551 2803 intelligendam
3576 2732 3761 2803 justi-

2110 2817 2253 2872 tiam
2285 2834 2479 2873 veram
2510 2818 2692 2888 (Prov.
2754 2835 2793 2883 ι,
2848 2818 2901 2883 3,
2960 2835 3063 2874 sec.
3127 2819 3287 2887 LXX).
3350 2840 3378 2868 »
3434 2818 3558 2875 Nisi
3601 2820 3759 2876 enim

2111 2912 2264 2962 esset
2287 2912 2343 2962 et
2376 2906 2522 2962 falsa
2561 2906 2815 2977 justitia,
2869 2924 3169 2978 nunquam
3215 2907 3315 2963 Dei
3364 2924 3498 2963 vera
3526 2907 3762 2979 justitia

2110 2995 2418 3051 diceretur.
2477 2996 2543 3050 Et
2591 2995 2651 3050 in
2705 2996 2908 3050 eodem
2962 2994 3221 3067 Apostoli
3278 2994 3404 3050 loco
3453 2996 3755 3067 sequitur:

2116 3108 2135 3132 α
2174 3086 2316 3139 Etsi
2344 3085 2485 3157 quid
2518 3085 2685 3139 aliter
2715 3084 2967 3150 sentitis,
3018 3090 3074 3140 et
3120 3084 3229 3140 hoc
3280 3084 3444 3141 vobis
3482 3089 3635 3141 Deus
3668 3101 3756 3141 re-

2109 3173 2365 3229 velabit3
2396 3174 2665 3244 (Philipp.
2700 3189 2787 3239 ιιι,
2820 3174 2927 3240 15).
2960 3196 2979 3223 ι
3011 3174 3153 3228 Rem
3184 3190 3394 3228 novam
3427 3173 3620 3230 audio.
3645 3173 3755 3237 Qui

344 3266 546 3331 pterea
574 3257 974 3330 argumentari
1005 3257 1292 3312 desinam.
1327 3256 1437 3311 Sed
1478 3274 1796 3329 parumper
1822 3240 1883 3314 te
1907 3260 1994 3315 in-
2027 3240 2068 3306 C
2109 3262 2283 3335 paulo
2315 3240 2447 3317 ante
2479 3240 2723 3317 dixe-rat.
2759 3284 2787 3310 ι(
2816 3262 2943 3317 Non
2965 3263 3103 3333 quia
3115 3263 3242 3333 jam
3264 3262 3481 3333 accepi,
3504 3265 3605 3317 aut
3626 3263 3754 3333 jam

346 3348 677 3420 terrogabo,
710 3346 853 3418 quid
889 3346 959 3400 de
980 3344 1080 3401 illo
1107 3344 1367 3417 Apostoli
1394 3344 1518 3400 loco
1549 3347 1792 3412 sentias,
1817 3365 1990 3419 quem

347 3435 558 3492 scribit
587 3437 657 3491 ad
682 3434 1127 3506 Philippenses:
1169 3454 1191 3482 ε
1225 3434 1349 3488 Νοιι
1409 3433 1548 3505 quia
1603 3437 1718 3505 iam
1774 3438 1989 3509 accepi,

350 3530 457 3581 aut
484 3525 608 3593 jam
639 3524 926 3595 perfectus
975 3523 1108 3578 sim.
1161 3524 1485 3595 Persequor
1532 3530 1727 3579 autem
1758 3526 1808 3580 si
1836 3543 1991 3581 com-

351 3610 734 3683 prehendam,
760 3613 819 3666 in
852 3629 968 3681 quo
1000 3612 1401 3683 apprehensus
1444 3615 1619 3667 sum’
1664 3630 1697 3667 a
1740 3613 1990 3668 Christo.

355 3700 616 3765 Fratres,
646 3713 744 3770 ego
772 3716 864 3755 me
894 3700 1146 3754 necdum
1177 3700 1429 3755 arbitror
1457 3700 1990 3771 comprehendisse.

356 3786 551 3844 Unum
584 3792 790 3856 autem,
824 3789 1217 3860 posteriorum
1257 3788 1623 3856 obliviscens,
1669 3790 1742 3844 ad
1773 3807 1840 3845 ea
1868 3807 1993 3862 quae

342 3877 549 3949 priora
581 3885 716 3932 sunt
763 3894 857 3933 me
903 3879 1243 3942 extendens,
1285 3880 1455 3948 juxta
1504 3879 1869 3949 propositum
1897 3898 1984 3935 se-

342 3981 518 4036 quor,
550 3965 626 4021 ad
657 3966 927 4020 bravium
960 3982 1226 4038 superum
1254 3968 1574 4022 vocationis
1606 3968 1707 4023 Dei
1738 3970 1796 4023 in
1829 3970 1994 4025 Chri-

345 4060 439 4108 sto
468 4053 633 4109 Jesu.
667 4055 963 4125 Quotquot
989 4071 1125 4125 ergo
1148 4055 1406 4125 perfecti,
1435 4055 1543 4110 hoc
1571 4058 1872 4129 sapiamus
1898 4074 1909 4112 :
1942 4063 1999 4113 et

342 4140 393 4197 si
426 4142 566 4212 quid
602 4140 774 4196 aliter
802 4142 1029 4213 sapitis,
1061 4143 1170 4199 hoc
1201 4160 1337 4215 ergo
1377 4161 1609 4216 quoque
1652 4146 1805 4201 Deus
1836 4147 1999 4202 vobis

339 4228 629 4285 revelabit
657 4229 926 4302 (Philipp.
972 4249 1054 4296 ιιι,
1088 4232 1157 4286 l2
1187 4249 1331 4303 seqq.
1363 4237 1405 4299 ),
1444 4256 1470 4280 ››
1507 4235 1655 4289 708
1686 4240 1741 4288 et
1770 4240 1995 4301 caetera,

339 4335 469 4390 quae
498 4324 559 4373 te
594 4320 744 4374 scire
776 4335 891 4374 non
946 4320 1147 4374 dubito
1201 4326 1259 4375 et
1310 4338 1415 4377 nos
1474 4323 1771 4377 brevitatis
1803 4324 1995 4378 studio

340 4409 745 4481 prmterimus.
782 4410 931 4465 Dicit
962 4428 1023 4466 se
1073 4412 1325 4466 necdum
1374 4412 1909 4483 comprehendisse,
1943 4421 2000 4469 et

340 4512 727 4568 nequaquam
758 4513 885 4552 esse
927 4499 1271 4569 perfectum,
1325 4500 1425 4554 sed
1476 4499 1661 4555 instar
1711 4502 2000 4574 sagittarii

2103 3350 2395 3423 perlectus
2420 3366 2575 3415 sum,
2612 3373 2637 3399 ››
2696 3351 2845 3406 709
2892 3355 2950 3405 et
2998 3368 3099 3405 vas
3148 3348 3469 3419 electionis,
3517 3350 3619 3423 qui
3651 3368 3755 3425 pro

2102 3439 2455 3494 confidentia
2479 3438 2802 3494 habitantis
2833 3439 2890 3494 in
2924 3457 2985 3495 se
3016 3439 3230 3494 Christi
3262 3439 3517 3495 audebat
3547 3439 3743 3512 loqui;

2107 3550 2133 3578 ι(
2161 3531 2245 3582 An
2276 3529 2736 3599 experimentum
2769 3527 3029 3597 quaeritis
3077 3530 3223 3598 ejus,
3275 3527 3375 3597 qui
3422 3528 3483 3582 in
3535 3545 3627 3583 me
3662 3527 3751 3586 lo-

2105 3616 2303 3686 quitur
2358 3615 2624 3670 Christus
2656 3616 2728 3685 (II
2761 3616 2880 3670 Cor.
2940 3634 3066 3681 x111,
3097 3617 3199 3687 3)?
3233 3641 3259 3667 »
3293 3622 3351 3672 et
3380 3620 3581 3671 tamen
3615 3615 3755 3670 sim-

2103 3703 2332 3774 pliciter
2359 3704 2647 3757 fatebatur
2694 3720 2754 3757 se
2822 3700 3123 3759 non'esse
3180 3706 3534 3775 perfectum;
3598 3719 3755 3758 nunc

2105 3793 2262 3862 quod
2290 3792 2401 3846 sibi
2435 3791 2667 3862 proprie
2714 3792 3061 3862 denegabat,
3092 3792 3272 3846 mittit
3290 3792 3349 3846 in
3366 3792 3757 3862 turbam,jun-

2106 3881 2305 3952 gitque
2364 3895 2425 3933 se
2485 3895 2619 3933 cum
2678 3878 2921 3946 caeteris,
2981 3884 3037 3935 et
3094 3879 3269 3935 ait:»
3295 3882 3588 3951 Quotquot
3616 3895 3753 3952 ergo

2106 3967 2367 4040 perfecti,
2412 3966 2521 4021 hoc
2580 3967 2902 4037 sapiamus.
2942 3992 2962 4016 »
3026 3968 3135 4023 Sed
3196 3984 3313 4040 qua
3367 3966 3589 4023 ratione
3646 3966 3756 4023 hoc

2106 4055 2333 4122 dixerit,
2368 4053 2603 4126 exponit
2634 4054 2691 4109 in
2728 4056 3132 4126 sequentibus.
3169 4055 3307 4122 Hoc,
3336 4056 3547 4128 inquit,
3563 4055 3755 4128 sapia-

2108 4162 2241 4200 mus
2273 4143 2373 4213 qui
2409 4142 2680 4198 volumus
2739 4144 3064 4199 secundum
3106 4144 3379 4200 humanae
3420 4142 3757 4216 fragilitatis

2109 4232 2415 4289 modulum
2476 4248 2605 4287 esse
2658 4230 2918 4303 perfecti,
2979 4233 3228 4287 necdum
3288 4247 3397 4286 nos
3438 4230 3756 4302 accepisse,

2108 4323 2357 4378 necdum
2416 4319 2953 4392 comprehendisse,
3013 4320 3262 4374 necdum
3294 4335 3423 4374 esse
3453 4318 3757 4390 perfectos.

2106 4411 2168 4466 Ei
2201 4410 2339 4481 quia
2370 4410 2614 4465 necdum
2650 4409 2889 4481 perfecti
2959 4425 3188 4472 sumus,
3223 4413 3279 4463 et
3320 4408 3564 4463 forsitan
3594 4406 3763 4463 aliter

2110 4499 2393 4571 sapimus,
2458 4515 2634 4570 quam
2686 4498 2871 4570 poscit
2902 4514 3033 4553 vera
3062 4500 3118 4552 et
3150 4497 3403 4570 perfecta
3442 4494 3757 4569 perfectio:

336 4586 409 4641 ad
439 4586 814 4656 propositum
845 4591 903 4641 et
933 4588 1003 4641 ad
1038 4588 1489 4659 signumjacula
1518 4587 1786 4660 dirigere,
1819 4606 1992 4660 quem
2026 4608 2074 4672 Β
2107 4590 2155 4642 si
2190 4588 2329 4659 quid
2361 4587 2529 4643 aliter
2559 4587 2848 4659 sapimus,
2881 4596 2937 4642 et
2966 4585 3134 4641 aliter
3162 4585 3760 4672 intelligimus,quam

338 4675 452 4745 [AL
487 4674 673 4745 quod)
733 4674 1166 4746 significantius
1224 4676 1402 4732 Graeci
1436 4675 1633 4729 mea.
1670 4678 1995 4747 nominant,

343 4779 417 4817 ne
445 4762 671 4835 sagista
696 4764 766 4819 ad
796 4769 1022 4836 partem
1050 4765 1349 4822 declinans
1372 4766 1635 4838 alteram,
1662 4767 1999 4839 imperitum

354 4850 623 4906 ostendat
668 4852 1064 4924 sagittarium.
1114 4857 1182 4907 Et
1228 4853 1437 4909 asserit
1485 4857 1906 4926 prazteritorum
1940 4873 2001 4911 se

350 4954 585 5010 semper
613 4939 898 5009 oblivisci,
960 4948 1016 4998 et
1075 4944 1146 4997 ad
1199 4942 1394 5014 priora
1444 4960 1677 5015 semper
1729 4945 1998 5001 extendi:

348 5044 457 5100 per
487 5044 615 5099 qua:
648 5029 815 5085 docet
844 5031 1135 5100 praeterita
1183 5031 1550 5103 negligenda,
1584 5036 1640 5086 et
1670 5032 1865 5086 futura
1904 5050 2001 5087 cu-

349 5115 605 5189 pienda;
640 5122 707 5171 ut
736 5119 892 5190 quod
924 5118 1096 5174 hodie
1127 5120 1445 5190 perfectum
1481 5110 1722 5190 putavit,
1758 5120 1900 5174 dum
1932 5121 2003 5175 ad

350 5205 601 5261 meliora
654 5210 711 5261 et
763 5206 957 5277 priora
1016 5208 1366 5275 extenditur,
1424 5226 1551 5263 cras
1599 5209 2004 5278 imperfectum

353 5292 542 5351 fuisse
572 5294 901 5351 convincat.
934 5300 1121 5368 Atque
1154 5296 1235 5351 ita
1292 5314 1393 5367 per
1452 5296 1719 5369 singulos
1766 5298 2002 5367 gradus,

425 5475 443 5547 ’_
475 5475 637 5547 Idem
668 5473 808 5547 legit
836 5476 1345 5547 Justiﬁcatigratis
1379 5490 1477 5544 per
1511 5477 1767 5547 gratiam
1794 5478 2009 5547 ipsius

355 5545 447 5629 cui
478 5551 538 5601 et
567 5542 754 5601 Graec:
783 5542 1473 5615 consentitﬁémzobpavo:
1506 5542 1707 5618 δωρεὰν
1740 5542 2006 5614 cina-.05

352 5634 567 5671 Ἲαοιτι.

362 5636 699 5748 “illarum
730 5688 969 5760 Victor.,
995 5690 1057 5747 In
1089 5706 1193 5763 quo
1225 5692 1275 5746 et
1302 5691 1672 5762 apprehensus
1705 5706 1845 5761 sum,
1873 5707 2009 5747 cum

2109 4676 2211 4731 Dei
2244 4676 2419 4730 habet
2475 4676 2719 4731 scientia
2754 4694 2767 4743 ;
2810 4681 2867 4731 et
2922 4675 3030 4731 hoc
3079 4674 3247 4732 nobis
3279 4675 3434 4731 Deus
3464 4671 3761 4739 revelabit,

2109 4769 2175 4819 ut
2204 4780 2511 4835 precemur
2576 4781 2710 4818 cum
2753 4765 2955 4829 David,
3014 4768 3187 4836 atque
3251 4763 3557 4818 dicamus:
3598 4784 3618 4809 α
3654 4759 3764 4814 Re-

2109 4852 2237 4907 vela
2267 4851 2465 4907 oculos
2500 4869 2660 4908 meos
2690 4858 2746 4907 et
2805 4852 3185 4909 considerabo
3226 4850 3520 4908 mirabilia
3549 4850 3619 4905 de
3639 4846 3767 4919 lege

2110 4946 2213 4996 tua
2244 4940 2415 5011 (Psal.
2450 4957 2647 5005 cxvm,
2683 4942 2791 5011 18).
2828 4963 2855 4989 ››

2186 5031 2269 5083 15.
2304 5029 2521 5099 Duplex
2575 5030 2835 5099 perfectio
2893 5036 2944 5083 et
2988 5029 3246 5099 justitia.
3279 5058 3348 5067 —-
3379 5027 3463 5081 Ex
3495 5040 3611 5097 quo
3641 5041 3769 5097 per-

2114 5118 2389 5189 spicuum
2418 5122 2526 5185 est,
2560 5118 2708 5171 duas
2748 5117 2808 5171 in
2870 5115 3185 5187 Scripturis
3242 5114 3462 5169 sanctis
3491 5129 3619 5169 esse
3649 5129 3771 5185 per-

2116 5207 2438 5274 fectiones;
2506 5206 2775 5276 duasque
2834 5204 3114 5276 justitias,
3174 5208 3231 5260 et
3305 5204 3451 5259 duos
3505 5202 3768 5260 timores.

2115 5295 2373 5351 Primam
2404 5294 2846 5366 perfectionem,
2869 5299 2928 5349 et
2958 5292 3415 5366 comparabilem
3442 5292 3767 5360 veritatem,

2119 5476 2315 5530 Graeco
2343 5472 2423 5548 ἐφ’
2456 5474 2487 5524 ἅ
2514 5471 2602 5524 καὶ
2635 5468 3001 5547 κατελήφθην.

2190 5548 2211 5579 ³
2242 5542 2474 5616 Regina:
2507 5542 2884 5599 ms.secunda
2910 5562 3089 5601 manu
3123 5543 3219 5599 hic
3250 5546 3425 5615 atque
3456 5542 3610 5598 infra
3638 5556 3771 5596 cum

2120 5618 2297 5673 veteri
2330 5616 2587 5672 editione
2618 5617 2897 5671 reuelauit.
