4110 6162
202 1537 570 1615 ,δεουηᾶυω
608 1536 763 1606 quod
796 1535 920 1606 ipse
986 1536 1109 1590 vult
1139 1536 1411 1608 Spiritus.
1480 1540 1676 1610 Neque
1731 1540 1886 1595 enim

248 235 358 309 533
1102 241 1491 311 DIALOGUS
1537 242 1849 308 CONTRA
1894 239 2413 307 PELAGIANOS.
2447 276 2522 290 --
2550 242 2698 306 LIB.
2744 236 2792 306 Ῑ.
3522 237 3647 310 834

243 394 364 457 pes.
396 382 604 455 agunt.
641 378 803 438 Unde
833 386 892 437 et
954 380 1269 455 Apostolus
1334 382 1509 441 dicit:
1542 407 1569 436 ‹‹
1632 384 1756 441 Non
1789 400 1889 456 po-
1920 380 1974 445 A
2073 380 2162 437 l7.
2204 379 2264 436 Id
2291 382 2458 438 etiam
2518 399 2577 440 in
2643 385 2936 445 collatione
2994 389 3339 457 peccatorum
3400 382 3646 455 intelligi

242 476 353 530 test
382 469 595 527 oculus
626 470 817 526 dicere
848 470 1068 539 manui,
1106 488 1219 527 non
1249 489 1312 528 es
1345 472 1489 528 mihi
1521 472 1886 542 necessaria;
2000 501 2066 512 -
2126 470 2272 533 Quid
2334 472 2547 528 mirum
2614 474 2674 530 in
2706 475 3017 533 collatione
3082 482 3439 548 sanctorum,
3492 480 3641 537 alios

245 566 343 618 aut
368 561 587 617 iterum
620 564 796 632 caput
862 560 1129 632 pedibus,
1164 578 1277 617 non
1328 563 1591 619 desidero
1654 580 1888 636 operam
1999 575 2127 615 esse
2158 559 2447 629 meliores,
2500 568 2555 618 et
2587 564 2731 621 alios
2796 566 3121 633 inferiores,
3154 584 3288 623 cum
3347 586 3378 624 e
3409 574 3639 626 contra-

241 667 515 707 veszram.
542 650 821 721 Nunquid
864 666 1068 704 omnes
1116 650 1361 721 apostoli
1391 654 1413 706 Ρ
1451 652 1718 725 nunquid
1761 669 1886 707 om-
1999 647 2084 704 rio
2117 648 2172 702 in
2208 648 2517 707 collatione
2547 659 2918 724 peccatorum
2950 656 3059 711 hoc
3126 655 3373 729 intelligi
3392 658 3643 729 possit?

247 737 997 812 nespmphetse‘munquid
1021 754 1223 793 omnes
1269 740 1585 812 magistri?
1618 742 1883 812 nunquid
1998 737 2083 791 Ad
2148 739 2473 794 Jerusalem
2542 743 2776 811 dicitur,
2848 763 2975 817 quae
3034 745 3233 801 multis
3266 753 3635 819 peccatorum

255 846 457 887 omnes
484 832 717 883 cunctas
749 827 967 882 habent
1022 827 1263 883 virtutes
1288 828 1315 882 ‘l
1365 830 1629 901 nunquid
1682 846 1887 886 omnes
1999 830 2122 881 erat
2151 828 2420 885 confossa
2476 830 2852 890 vulneribus:
2892 856 2920 884 «
2976 835 3306 893 Justiﬁcata
3335 842 3425 894 est
3463 837 3644 894 Sodo-

262 918 585 976 donationes
614 916 837 971 habent
866 915 1230 971 sanitatum?
1260 918 1525 989 nunquid
1559 935 1764 973 omnes
1786 919 1891 973 lin-
2000 931 2097 974 ma
2126 931 2195 969 ex
2225 920 2280 970 te
2311 920 2325 987 (
2364 920 2558 973 Thren.
2594 938 2669 986 1v,
2702 924 2791 992 6);
2830 946 2856 972 ››
2888 941 3002 979 non
3071 927 3227 997 quod
3259 926 3514 982 Sodoma
3545 942 3647 998 per

2000 1020 2062 1061 se
2084 1005 2249 1073 justa
2280 1006 2373 1071 sit,
2412 1024 2537 1077 quae
2580 1009 2636 1063 in
2670 1014 2915 1067 aeternos
2945 1012 3203 1085 collapsa
3227 1014 3450 1071 cineres
3484 1014 3641 1085 (Gen.

2000 1109 2110 1155 xxx,
2143 1094 2255 1162 24),
2290 1095 2454 1150 audit
2500 1113 2603 1167 per
2671 1099 3023 1156 Ezechielem
3051 1120 3063 1158 :
3089 1124 3115 1151 ‹‹
3187 1103 3442 1158 Sodoma
3472 1104 3636 1160 resti-

1998 1185 2197 1237 tuetur
2226 1182 2283 1235 in
2317 1185 2624 1257 antiquum
2658 1189 2878 1255 (Ezech.
2910 1207 3027 1254 xw,
3093 1191 3185 1257 55)
3220 1212 3240 1241 ι
3272 1207 3284 1244 :
3342 1192 3443 1247 sed
3485 1193 3641 1263 quod

1999 1272 2432 1341 comparatione
2499 1275 2884 1333 sceleratioris
2946 1279 3271 1336 Jerusalem
3329 1280 3450 1337 haec
3474 1281 3640 1351 justa

1999 1357 2279 1414 videatur.
2317 1360 2421 1416 Illa
2485 1365 2640 1420 enim
2706 1366 2807 1421 Dei
2877 1366 3087 1423 Filium
3152 1368 3486 1437 trucidavit,
3522 1368 3644 1424 hac

2000 1452 2235 1519 propter
2263 1450 2726 1509 abundantiam3
2758 1456 2949 1527 panis,
2982 1460 3039 1511 et
3067 1473 3169 1527 per
3222 1457 3463 1514 luxuriaa
3515 1475 3639 1514 ma-

1998 1536 2368 1610 gnitudinem
2404 1542 2652 1598 excessit
2682 1545 2922 1599 modum
2970 1544 3256 1601 libidinis.
3290 1545 3645 1603 Publicanus

1998 1626 2055 1680 in
2088 1626 2402 1699 Evangelio
2431 1631 2583 1697 (Luc.
2616 1650 2776 1688 xvm.
2811 1634 2920 1704 13),
2989 1635 3089 1705 qui
3156 1635 3518 1707 peroutiebat
3545 1650 3644 1706 pe-

1998 1719 2148 1783 ctus,
2181 1716 2351 1785 quasi
2386 1718 2732 1776 thesaurum
2763 1721 3183 1793 cogitationum
3230 1723 3648 1796 pessimarum,

2006 1806 2063 1857 et
2128 1805 2485 1862 conscientia
2549 1808 2917 1878 delictorum,
2988 1812 3187 1869 oculos
3252 1830 3369 1869 non
3400 1812 3652 1869 audebat

2005 1890 2286 1961 attollere,
2319 1897 2716 1967 superbientis
2768 1899 3047 1956 Pharisaei
3111 1900 3416 1958 collatione
3460 1902 3527 1957 ﬁt
3547 1901 3648 1971 ju-

2006 1981 2168 2035 stior.
2203 1982 2271 2037 Et
2301 1983 2557 2040 Thamar
2599 1988 2709 2042 sub
2740 1989 2933 2059 specie
3000 1990 3321 2046 meretricis
3352 1989 3501 2046 fallit
3545 1988 3652 2045 Ju-

2006 2068 2162 2133 dam,
2197 2074 2253 2124 et
2278 2070 2465 2142 ipsius
2498 2075 2788 2130 sententia
2819 2075 2918 2146 qui
2949 2078 3227 2148 deceptus
3258 2082 3366 2146 est,
3396 2082 3655 2133 meretur

2008 2156 2211 2211 audire
2236 2174 2247 2213 :
2279 2181 2307 2209 «
2338 2160 2669 2217 Justiﬁcata
2696 2167 2785 2217 est
2814 2164 3073 2220 Thamar
3101 2165 3290 2237 magis
3337 2182 3515 2237 quam
3545 2180 3651 2236 ego

2009 2244 2140 2315 (Gen
2164 2263 2399 2313 xxxvm,
2432 2251 2541 2319 26).
2576 2271 2605 2299 ››
2669 2253 2818 2308 713
2848 2253 2929 2307 Ex
2977 2254 3192 2324 quibus
3224 2255 3502 2309 omnibus
3545 2270 3649 2324 ap-

2010 2334 2313 2404 probatur,
2348 2336 2538 2393 solum
2572 2356 2687 2394 non
2720 2341 3297 2414 adcomparationem
3313 2342 3519 2401 divinae
3534 2359 3654 2399 ma-

2004 2421 2238 2491 jestatis
2270 2423 2537 2482 homines
2564 2445 2936 2501 nequaquam
2959 2447 3088 2486 esse
3119 2434 3425 2503 perfectos,
3457 2432 3558 2487 sed
3579 2447 3654 2487 ne

2011 2508 2352 2580 angelorum
2400 2514 2639 2584 quidem
2685 2519 2742 2570 et
2789 2520 3129 2572 ceterorum
3187 2518 3518 2585 hominum,
3550 2517 3651 2590 qui

2010 2596 2313 2666 virtutum,
2350 2600 2609 2658 culmina
2637 2606 3143 2673 conscenderunt;
3177 2623 3310 2663 cum
3342 2611 3401 2663 et
3446 2611 3508 2663 tu
3551 2607 3653 2679 qui

2013 2685 2220 2742 melior
2257 2705 2319 2744 es
2379 2689 2617 2748 alterius
2678 2692 3005 2760 collatione,
3039 2711 3215 2767 quem
3245 2696 3652 2768 imperfectum

256 1008 375 1081 guis
404 1004 773 1075 loquuntur?
804 1004 1070 1075 nunquid
1103 1021 1307 1061 omnes
1337 1006 1802 1078 interpretantur
1823 1010 1837 1042 ¹
1862 1008 1889 1061 ‘l

246 1092 613 1152 Emulamini
644 1093 797 1147 dona
828 1093 1069 1162 majora.
1105 1093 1316 1149 Omnia
1348 1100 1543 1151 autem
1598 1096 1719 1151 haec
1753 1113 1887 1167 ope-

244 1188 401 1240 ratur
423 1200 581 1237 unus
612 1185 830 1253 utaque
862 1182 1018 1236 idem
1049 1183 1322 1253 Spiritus,
1381 1183 1648 1240 dividens
1681 1185 1887 1258 singu-

241 1273 304 1329 lis
338 1272 668 1343 unicuique
698 1269 893 1342 proult
922 1270 1080 1325 vult’
1124 1272 1172 1341 (Ι
1198 1272 1318 1327 Cor.
1352 1291 1453 1341 χιι,
1487 1276 1551 1327 21
1589 1292 1751 1346 seqq.
1787 1276 1821 1345 ).
1860 1296 1887 1323 »

243 1362 295 1416 In
339 1376 460 1430 quo
489 1358 807 1430 diligenter
863 1359 1117 1427 attende,
1149 1361 1303 1431 quod
1366 1377 1479 1415 non
1512 1362 1740 1429 dixerit,
1794 1378 1888 1417 se—

242 1448 499 1505 cundum
530 1447 691 1518 quod
724 1448 1185 1519 unumquodque
1216 1450 1546 1505 membrum
1575 1451 1753 1522 cupit,
1788 1452 1886 1507 sed

240 1625 429 1681 dicere
461 1626 659 1695 potest
687 1639 788 1678 vas
819 1622 996 1695 ﬁgulo
1028 1641 1167 1679 suo:
1236 1626 1423 1689 Quare
1456 1626 1535 1681 ita
1562 1626 1648 1682 vel
1682 1626 1764 1682 ita
1796 1642 1886 1681 me

238 1712 425 1770 fecisti
450 1712 479 1767 ?
508 1714 594 1766 An
623 1727 739 1765 non
767 1711 943 1766 habet
973 1712 1187 1784 figulus
1219 1718 1563 1784 potestatem
1598 1716 1669 1769 de
1683 1716 1885 1769 eodem

240 1802 386 1865 luto,
420 1801 583 1857 aliud
614 1817 718 1854 vas
750 1800 938 1855 facere
969 1800 1027 1855 in
1060 1800 1363 1869 honorem,
1416 1802 1573 1858 aliud
1604 1802 1663 1857 in
1695 1808 1893 1858 contu-

242 1890 484 1948 meliam
504 1890 677 1960 (Rom.
716 1906 793 1956 Ix,
810 1890 899 1960 21)
921 1890 949 1943 ‘l
975 1910 1001 1936 ››
1025 1889 1187 1945 Unde
1209 1896 1636 1964 consequenter
1656 1892 1889 1963 adjecit,

255 2002 281 2030 ιι
310 1977 690 2033 :Emulamini
723 1978 878 2032 dona
944 1979 1204 2048 majora;
1240 1982 1303 2033 ut
1367 1979 1427 2034 in
1498 1980 1610 2035 fide
1639 1984 1695 2035 et
1724 1981 1894 2035 indu-

254 2068 401 2123 stria
429 2066 555 2138 plus
578 2065 801 2121 caeteris
824 2065 1243 2122 chrismatibus
1276 2068 1487 2123 habere
1532 2086 1883 2137 mereamur,

250 2157 638 2228 melioresque
670 2156 860 2212 simus
890 2156 1004 2223 his,
1033 2156 1131 2228 qui
1159 2159 1593 2229 comparatione
1626 2159 1808 2213 nostri
1839 2158 1897 2212 in

244 2245 509 2303 secundo
535 2244 628 2301 vel
659 2246 828 2300 tertio
886 2246 1070 2317 gradu
1128 2245 1299 2317 positi
1359 2251 1515 2301 sunt.
1578 2247 1640 2301 In
1690 2263 1901 2319 magna

243 2337 424 2392 domo
481 2351 628 2390 vasa
655 2334 885 2389 diversa
915 2339 1071 2401 sunt,
1105 2334 1219 2390 alia
1249 2352 1444 2401 aurea,
1472 2336 1585 2391 alia
1605 2341 1898 2408 argentea,

246 2440 426 2491 enea,
461 2423 675 2488 ferrea,
712 2423 1038 2494 ligneaque.
1075 2424 1142 2478 Et
1164 2429 1362 2480 tamen
1404 2425 1729 2481 secundum
1778 2441 1902 2479 mo-

242 2513 452 2569 dulum
528 2527 727 2579 suum,
797 2528 930 2566 cum
990 2529 1215 2567 azneum
1284 2530 1386 2569 vas
1415 2514 1734 2585 perfectum
1804 2513 1900 2580 sit,

242 2601 687 2673 comparatione
744 2602 1000 2673 argentei
1067 2603 1219 2658 712
1285 2604 1439 2657 vasis
1489 2603 1901 2675 imperfectum

246 2692 480 2757 dicitur,
520 2708 883 2762 rursumque
904 2696 1242 2764 argenteum
1274 2692 1433 2747 aurei
1465 2691 1772 2747 collatione
1803 2693 1901 2747 de-

245 2782 423 2837 terius
496 2784 613 2835 est.
642 2781 833 2850 Atque
897 2779 1003 2835 hoc
1036 2781 1230 2846 modo,
1300 2781 1442 2835 dum
1509 2780 1619 2835 sibi
1653 2781 1900 2835 invicem
2012 2791 2139 2830 esse
2172 2781 2611 2850 monstraveris,
2682 2799 2918 2839 rursum
2986 2784 3058 2838 ab
3089 2784 3200 2839 alio
3265 2788 3323 2841 te
3360 2787 3655 2857 praeeunte

247 2873 697 2941 comparantur,
732 2869 1072 2941 imperfecta
1100 2874 1157 2925 et
1222 2870 1474 2942 perfecta
1503 2874 1643 2925 sunt
1685 2870 1901 2925 omnia.
2012 2864 2301 2921 vinceris:
2337 2885 2402 2923 ac
2434 2885 2535 2939 per
2560 2870 2668 2926 hoc
2700 2888 2813 2927 non
2846 2872 3064 2928 habeas
3108 2889 3304 2928 veram
3348 2870 3652 2945 perfectio-

248 2958 306 3014 ln
336 2974 483 3032 agro
516 2964 693 3013 terra:
724 2958 908 3024 bonae,
943 2963 998 3013 et
1027 2976 1092 3013 ex
1123 2976 1241 3014 una
1261 2963 1522 3014 semente
1559 2959 1906 3014 tricenarius
2015 2968 2169 3019 nem,
2205 2972 2329 3025 quae
2360 2958 2405 3011 si
2441 2958 2693 3028 perfecta
2724 2960 2819 3028 sit,
2853 2959 3020 3015 nulla
3043 2960 3365 3033 reindiget.

252 3047 747 3121 etsexagenarius
778 3046 1906 3118 etcentenariusfructusexoritur:ipsis
1954 3120 1963 3121 ί
2089 3042 2171 3095 18.
2245 3046 2513 3112 Quomodo
2574 3050 2802 3118 perfecti
2850 3044 3154 3120 ‘jubeamur
3216 3065 3345 3105 esse.
3378 3082 3447 3091 —
3497 3050 3555 3105 C.
3588 3050 3657 3104 Et

251 3120 520 3192 numeris
552 3135 1073 3207 indicaturvimpar
1101 3153 1227 3191 esse
1258 3137 1408 3207 quod
1444 3135 1725 3201 nascitur,
1749 3140 1806 3191 et
1826 3141 1907 3190 ta-
1937 3120 1979 3185 C
2018 3132 2331 3201 quomodo,
2365 3135 2568 3202 Attice,
2599 3137 2669 3192 ad
2728 3138 3141 3208 perfectionem
3197 3138 3430 3194 divinus
3462 3154 3654 3195 sermo

257 3241 394 3278 men
422 3225 485 3279 in
518 3241 632 3279 suo
664 3239 877 3295 genere
907 3224 1159 3294 perfecta
1187 3223 1588 3295 suntsingula.
1614 3224 1906 3281 Elisabeth
2017 3235 2124 3275 nos
2144 3221 2165 3253 ⁴
2228 3225 2541 3292 provocat?
2572 3225 2632 3278 Α.
2703 3226 2821 3282 Hac
2864 3227 3087 3282 ratione
3145 3242 3263 3298 qua
3300 3227 3441 3295 dixi,
3472 3231 3540 3283 ut
3568 3242 3661 3283 se-

266 3317 325 3366 et
353 3312 685 3378 Zacharias,
721 3328 839 3382 quo
876 3312 1212 3367 testimonio
1279 3313 1445 3384 quasi
1478 3312 1907 3385 impenetrabili
2019 3312 2277 3365 cundum
2309 3311 2457 3367 vires
2513 3319 2744 3369 nostras
2797 3314 3225 3386 unusquisque,
3250 3319 3537 3386 quantum
3567 3331 3661 3370 va-

262 3401 449 3456 uteris
478 3402 701 3473 clypeo,
736 3418 844 3457 nos
874 3401 1911 3473 docerepossunt,quantoinferiores
2020 3399 2215 3467 luerit,
2250 3401 2615 3468 extendatur,
2649 3402 2698 3456 si
2730 3420 2846 3473 quo
2879 3403 3052 3457 modo
3111 3403 3297 3474 possit
3338 3403 3660 3475 pervenire,

278 3493 427 3542 sunt
450 3490 630 3544 beatae
659 3490 857 3546 Mariae
887 3490 1092 3545 matris
1134 3490 1362 3545 Domini
1424 3490 1751 3557 sanctitate,
1785 3507 1910 3557 quae
2022 3493 2079 3543 et
2106 3488 2602 3559 comprehendere
2665 3490 2932 3546 bravium
2993 3505 3261 3561 superna
3318 3491 3664 3547 vocationis.

280 3575 633 3631 conscientia
662 3578 711 3633 in
746 3595 808 3634 se
839 3578 1158 3633 habitantis
1184 3578 1283 3633 Dei
1341 3578 1521 3634 libere
1550 3577 1908 3649 proclamat:
2025 3576 2284 3647 Denique
2327 3577 2695 3648 omnipotens
2743 3579 2918 3643 Deus,
2978 3578 3070 3633 cui
3133 3578 3300 3634 docet
3354 3577 3670 3649 Apostolus

277 3662 627 3720 «Ecceenim
640 3682 706 3720 ex
734 3666 847 3721 hoc
874 3666 1107 3720 beatam
1133 3682 1224 3720 me
1244 3665 1441 3721 dicent
1460 3681 1915 3738 omnesgenera-
2016 3666 2186 3735 juxta
2215 3665 2711 3735 dispensationem
2744 3667 2936 3721 carnis
3003 3671 3319 3738 assumpta:
3351 3666 3670 3737 subjicien-

264 3752 477 3822 tiones,
509 3753 651 3825 quia
678 3754 815 3810 fecit
882 3754 1024 3809 mihi
1059 3770 1271 3827 magna
1340 3755 1439 3825 qui
1473 3759 1676 3826 potens
1718 3759 1827 3815 est,
1860 3758 1918 3808 et
2026 3753 2165 3807 dum
2191 3752 2424 3819 Filium,
2452 3776 2479 3802 ‹‹
2504 3758 2569 3808 ut
2597 3754 2674 3809 sit
2701 3755 2855 3810 Deus
2886 3754 3084 3810 omnia
3104 3754 3162 3809 in
3181 3754 3456 3811 omnibus
3479 3757 3528 3827 (Ι
3547 3754 3671 3810 Cor.

253 3846 533 3899 sanctum
569 3840 1919 3913 nomenejus.Etmisericordiaejusaprogenie
2025 3859 2117 3908 xv,
2187 3842 2360 3912 28),»
2431 3844 2737 3914 perspicue
2803 3844 3185 3911 demonstrat,
3245 3845 3677 3915 nequaquam“

250 3931 315 3985 in
329 3932 648 4005 progenies
674 3930 1188 3986 timentibuseum.
1208 3930 1768 4001 Fecitpotentiamin
1791 3931 1918 3985 bra-
2029 3930 2138 3986 sibi
2172 3935 2383 3986 cuncta
2411 3947 2537 3986 esse
2568 3931 2849 4002 subjecta.
2886 3932 3047 3989 Unde
3076 3937 3133 3989 et
3162 3933 3450 4004 Propheta
3479 3933 3609 4003 subj
3622 3949 3677 3988 e-

260 4018 394 4075 cbio
432 4036 543 4076 suo
576 4021 735 4093 (Luc.
774 4037 810 4074 ι.
846 4020 912 4073 48
938 4028 992 4075 et
1016 4018 1206 4089 seqq.).
1246 4040 1272 4067 ››
1298 4017 1359 4073 In
1375 4035 1488 4089 quo
1504 4018 1916 4085 animadverte,
2030 4022 2281 4074 ctionem
2313 4018 2404 4074 sui
2438 4019 2497 4073 in
2556 4019 2731 4075 finem
2790 4022 3091 4092 prasumit
3120 4021 3359 4077 dicens:
3394 4043 3423 4071 «
3465 4021 3679 4077 Nonne

250 4109 409 4179 quod
442 4110 689 4164 beatam
724 4122 787 4161 se
820 4122 947 4162 esse
979 4106 1133 4160 dicat
1157 4121 1272 4159 non
1304 4104 1537 4176 proprio
1587 4105 1790 4159 merito
1830 4110 1918 4160 at-
2031 4109 2147 4164 Deo
2179 4107 2286 4163 soli
2319 4107 2580 4177 subjecta
2610 4107 2718 4162 erit
2748 4108 2946 4164 anima
2976 4110 3181 4165 mea“?
3211 4110 3283 4165 ab
3341 4110 3468 4179 ipso
3518 4108 3675 4164 enim

256 4212 366 4267 que
395 4198 655 4259 virtute,
714 4194 816 4249 sed
848 4193 948 4249 Dei
1017 4192 1076 4247 in
1109 4208 1169 4247 se
1235 4191 1559 4247 habitantis
1589 4192 1918 4248 clementia.
2033 4202 2121 4252 est
2152 4196 2405 4252 salutare
2436 4212 2630 4251 meum
2661 4198 2831 4267 (Psal.
2858 4215 2968 4266 LXI,
3005 4198 3077 4269 1).
3110 4217 3137 4250 ι
3175 4200 3243 4252 Et
3273 4197 3411 4268 quia
3449 4195 3509 4252 in
3541 4212 3680 4252 cor-

257 4284 384 4356 Ipse
411 4300 668 4358 quoque
696 4283 973 4350 Joannes,
1006 4298 1121 4352 quo
1152 4282 1341 4351 major
1370 4298 1484 4336 non
1516 4281 1627 4335 fuit
1649 4281 1801 4336 inter
1821 4298 1921 4335 na-
2035 4303 2172 4357 pore
2238 4284 2503 4341 Ecclesiae
2574 4290 2749 4357 caput
2814 4285 3079 4341 Christus
3145 4289 3256 4352 est,
3324 4285 3683 4357 quibusdam

252 4377 341 4428 tos
406 4372 776 4437 mulierum,
812 4371 1154 4441 parentibus
1222 4369 1347 4424 suis
1373 4369 1576 4424 melior
1640 4375 1747 4425 est.
1795 4371 1920 4425 Non
2036 4375 2227 4429 adhuc
2296 4373 2759 4446 repugnantibus
2827 4374 3129 4441 membris,
3186 4373 3417 4429 videtur
3469 4388 3685 4446 corpus

242 4464 404 4518 enim
436 4462 651 4518 solum
684 4458 1047 4549 hominibus,
1081 4459 1182 4514 sed
1220 4463 1279 4513 et
1328 4458 1552 4549 angelis
1586 4461 1921 4549 testimonio
1956 4485 2001 4549 Ι)
2037 4480 2269 4534 quoque
2367 4463 2541 4533 capiti
2619 4479 2735 4518 non
2801 4479 2931 4519 esse
2997 4464 3350 4534 subjectum.
3410 4462 3688 4534 Namque

243 4550 490 4607 Domini
532 4553 934 4621 comparatur.
971 4547 1036 4601 Et
1064 4551 1256 4602 tamen
1291 4545 1391 4617 qui
1415 4546 1644 4602 cunctis
1676 4547 1924 4603 homini-
1961 4545 1989 4549 “
2034 4551 2083 4607 si
2117 4552 2337 4621 patitur
2369 4568 2551 4606 unum
2584 4551 2937 4617 membrum,
2987 4551 3434 4623 compatiuntur
3458 4550 3681 4615 omnia,

241 4641 359 4696 bus
399 4646 547 4696 erat
578 4638 773 4707 major
803 4637 862 4691 in
894 4641 1068 4703 terra,
1125 4636 1368 4691 minimo
1416 4635 1476 4690 in
1536 4652 1711 4708 regno
1752 4636 1924 4693 ccelo-
2035 4644 2091 4703 et
2130 4644 2315 4694 totum
2382 4656 2594 4712 corpus
2690 4639 2887 4696 dolore
2990 4640 3166 4697 unius
3231 4640 3480 4697 membri
3547 4654 3684 4693 cru-

256 4744 384 4784 rum
418 4730 640 4785 minor
666 4725 850 4781 fuisse
879 4724 1237 4797 perhibetur.
2037 4728 2241 4784 ciatur.
2277 4730 2441 4794 Quod
2507 4729 2635 4785 dico
2686 4730 2767 4785 ita
2806 4729 3175 4786 manifestius
3242 4729 3361 4784 ﬁet.
3413 4724 3684 4791 Quandiu

320 4857 335 4888 ¹
366 4854 513 4911 Duo
552 4867 702 4907 mss.
730 4849 915 4905 Vatic.
950 4854 1007 4905 et
1034 4850 1261 4921 Regin.,
1296 4849 1546 4920 nunquid
1603 4866 1786 4906 omnes
1816 4869 1925 4906 vir-

242 4931 433 4980 tutes?
466 4922 762 4993 nunquid,
794 4925 901 4976 etc.
1387 4945 1390 4950 -

310 4999 337 5033 ι
376 4992 640 5068 Reginae
673 5010 789 5068 ms.
812 4992 1067 5068 dividens
1103 4995 1339 5068 propria
1371 5067 1375 5068 ί
1405 4992 1706 5068 unicuique
1770 4998 1928 5064 prout

237 5070 381 5125 vult.
417 5063 637 5124 Vitic.
672 5064 921 5121 dividens
948 5065 1186 5135 singulis
1216 5067 1377 5134 prout
1408 5063 1545 5117 vult.

312 5143 337 5173 ³
371 5141 703 5198 Lacunam
736 5135 981 5208 implore
1014 5136 1240 5190 videtur
1267 5135 1584 5208 Vaticanus
1632 5135 1795 5208 liber,
1829 5138 1928 5208 qui

238 5213 369 5269 hac
402 5210 616 5268 addit.
658 5209 774 5276 Qua
805 5206 1089 5278 impietate
1118 5208 1280 5273 nihil,
1314 5206 1500 5277 majus
1529 5211 1642 5269 est;
1674 5207 1787 5262 haec
1827 5206 1927 5263 du-

238 5294 349 5341 lcm
377 5281 719 5355 superbivit
744 5279 1420 5355 proptenabundantiam,
1457 5282 1562 5355 etc.

310 5359 333 5390 ⁵
364 5350 687 5411 Vdculam
719 5367 815 5404 nos
838 5367 904 5405 ex
935 5350 1217 5406 Vaticano
1279 5350 1667 5419 reposuimus.
1718 5350 1844 5405 Mox
1870 5350 1930 5404 in

240 5428 570 5485 hactenus
599 5422 775 5479 editis
801 5425 925 5492 erat
948 5422 1315 5492 unusquisque
1337 5429 1649 5476 nostrorum
1669 5425 1935 5491 quantum

242 5508 354 5555 etc.
439 5498 589 5553 Non
690 5491 1108 5564 displicuisset
1154 5493 1424 5554 nostrum,
1497 5492 1583 5546 vel
1646 5494 1933 5563 justorum

249 5572 353 5630 sed
424 5583 589 5627 cum
658 5581 847 5637 neque
905 5564 966 5623 in
1026 5564 1317 5627 Vaticano,
1377 5579 1564 5636 neque
1610 5564 1669 5620 in
1700 5565 1933 5637 Reginae

2037 4871 2149 4910 ms.
2207 4871 2313 4908 vox
2342 4854 2441 4909 illa
2473 4855 2777 4919 habeatur,
2809 4855 2998 4910 satius
3030 4851 3306 4907 duximus
3337 4866 3683 4923 expungen-

2039 4928 2196 4981 dam.

2110 4999 2130 5031 ⁵
2160 4996 2421 5077 Negapdi
2470 4995 2816 5077 particulam
2847 4997 3440 5077 nequaquqni,‘utpote
3484 4992 3690 5049 sensui

2040 5063 2455 5149 necessariam,
2475 5063 2816 5149 suliecimus
2846 5063 3083 5149 eamea.
3120 5063 3410 5149 Victorius
3443 5080 3698 5149 quoque

2040 5139 2378 5197 interseruit
2410 5140 2605 5210 (quem
2638 5137 2952 5210 aliquando
2984 5135 3290 5192 consulere
3312 5135 3700 5194 Martianaéus

2042 5213 2341 5268 debuisset
2372 5209 2429 5267 et
2443 5209 2652 5265 fiedum
2679 5209 2899 5264 Erasmi
2931 5223 3186 5263 errorem
3210 5210 3523 5266 emendare
3554 5224 3709 5281 pro~

2042 5285 2235 5338 fessus
2266 5287 2372 5337 est.

2112 5356 2132 5388 ⁶
2162 5354 2368 5418 Vatic.,
2402 5353 2588 5408 Nonne
2646 5353 2748 5406 Deo
2805 5351 3047 5423 subjecta
3100 5354 3247 5407 erit?
3299 5355 3413 5423 etc.
3464 5351 3733 5420 absun

2041 5427 2164 5490 sibi,
2201 5441 2378 5495 quam
2413 5438 2612 5496 vocem
2646 5427 2836 5479 textus
2864 5421 3083 5491 nullus,
3118 5424 3271 5496 quod
3336 5421 3519 5478 sciam
3568 5424 3735 5483 aut-

2040 5496 2227 5553 versio
2262 5496 2385 5552 ulla
2416 5495 2643 5566 recipit.
