4110 6162
466 327 473 335 ’
498 311 617 381 885

1739 310 1806 380 S.
1850 307 2169 382 EUSEBII
2205 314 2676 385 HIERONYML

3698 325 3826 393 ~m

462 508 465 511 .
501 461 791 520 habemus
820 460 1162 520 thesaurum
1193 461 1374 521 istum
1424 458 1483 515 in
1514 455 1669 515 vasis
1727 452 2027 520 fictilibus,
2088 455 2146 506 et
2172 452 2228 520 Α
2258 454 2414 523 fecit,
2464 454 2605 527 quia
2651 455 2840 512 facere
2884 450 3085 524 vluit,
3137 453 3219 512 ita
3265 456 3321 513 et
3356 453 3416 513 in
3462 426 3544 527 eo,
3568 475 3663 533 per
3684 464 3826 534 quod

411 573 415 579 ‘
502 556 697 632 fragili
729 571 902 613 carne
964 552 1420 617 circumdamur,
1486 547 1606 604 imo
1637 542 1873 603 mortali
1935 546 1991 632 et
2022 557 2151 597 cor-

501 630 788 721 ruptibili,
821 646 1021 701 beatos
1050 660 1178 699 esse
1208 658 1315 698 nos
1362 637 1678 703 credimus,
1712 634 1762 690 si
1810 633 1869 688 in
1901 630 2151 721 singulis

503 718 820 793 virtutibus
853 733 1235 805 partibusque
1298 729 1581 783 virtutum
1612 724 1727 779 Deo
1795 719 2041 791 subjecti
2072 718 2152 773 si-

513 842 648 883 mus
672 826 789 897 [Αἰ.
819 824 1071 892 sumus].
1104 820 1249 875 Cum
1282 821 1477 873 autem
1497 811 1858 868 mortalehoc
1875 808 2150 864 indutum

514 913 691 970 fuerit
721 909 1180 975 immortalitate,
1214 911 1271 962 et
1317 901 1713 974 corruptivum
1746 899 1855 955 hoc
1887 897 2149 952 incorru-

514 1003 714 1075 ptione
778 1000 1074 1063 vestitum,
1142 1001 1199 1051 et
1262 996 1539 1064 absorpta
1604 1005 1763 1046 mors
1825 986 2005 1075 fuerit
2088 984 2148 1040 in

508 1072 722 1148 Christi
741 1088 1003 1151 victoria,
1025 1090 1166 1141 tunc
1202 1084 1351 1139 Deus
1380 1080 1488 1137 erit
1517 1078 1714 1134 omnia
1745 1077 1801 1131 in
1833 1072 2143 1131 omnibus:

504 1184 573 1235 ut
596 1195 711 1234 non
743 1178 820 1232 sit
847 1180 1075 1231 tantum
1110 1172 1167 1227 in
1194 1171 1501 1227 Salomone
1530 1164 1833 1239 sapientia,
1867 1164 1927 1219 in
1968 1159 2146 1217 David

502 1268 684 1324 animi
715 1264 1126 1329 mansuetudo,
1194 1262 1252 1316 in
1285 1260 1407 1316 Elia
1473 1263 1531 1314 et
1559 1256 1806 1312 Phinees
1861 1252 2041 1319 zelus,
2086 1251 2146 1306 in

500 1355 797 1413 Abraham
829 1355 995 1422 ﬁdes,
1029 1353 1090 1407 in
1127 1356 1313 1418 Petro,
1337 1349 1429 1405 cui
1460 1347 1682 1402 dictum
1723 1348 1846 1400 est:
1881 1364 1908 1392 ‹‹
1943 1340 2146 1397 Simon

495 1444 765 1510 Joannis,
798 1459 961 1500 amas
993 1457 1087 1496 me
1115 1439 1289 1511 (Joan.
1325 1454 1438 1505 xxx,
1474 1436 1603 1505 13)?
1635 1455 1663 1482 ››
1696 1431 1950 1504 perfecta
1977 1427 2146 1484 dilec-

499 1538 621 1601 tio;
691 1535 751 1588 in
816 1528 1116 1587 electionis
1182 1543 1318 1583 vase
1400 1523 1664 1581 studium
1767 1517 2142 1592 praedicandi,

498 1629 557 1683 et
590 1625 741 1680 714
805 1619 1027 1675 caeteris
1092 1616 1181 1670 vel
1211 1615 1372 1681 bina,
1442 1611 1530 1667 vel
1561 1610 1751 1665 trina:
1821 1607 1922 1663 sed
1985 1610 2144 1662 totus

500 1714 563 1769 in
594 1709 823 1768 cunctis
853 1707 952 1772 sit,
1020 1709 1077 1760 et
1106 1704 1165 1758 in
1232 1701 1391 1757 omni
1430 1700 1714 1754 virtutum
1760 1695 1937 1752 choro
1969 1710 2143 1753 sanc-

2262 544 2636 617 impertectus
2667 548 2775 611 est,
2843 543 2983 616 quia
3046 560 3162 601 non
3197 544 3346 612 fecit,
3408 547 3701 619 perfectum
3720 566 3833 609 me

2262 632 2543 704 potuisse,
2575 633 2624 689 si
2658 634 2844 690 facere
2866 633 3160 690 voluisset.
3191 640 3254 691 A.
3287 635 3422 701 Quis
3438 637 3585 692 enim
3601 653 3709 694 non
3730 639 3835 697 vult

2261 722 2447 779 facere
2486 722 2641 794 quod
2674 722 2994 794 perfectum
3024 724 3159 779 est?
3186 725 3298 779 Aut
3327 723 3455 796 quis
3510 741 3618 781 non
3643 728 3836 785 cunctis

2260 811 2459 883 cupiat
2470 811 2673 867 ﬂorere
2695 811 3011 868 virtutibus
3030 812 3059 866 ‘I
3076 811 3332 869 Sitotum
3344 813 3591 884 requiris
3605 814 3671 870 ab
3683 815 3837 872 omni-

2259 899 2394 970 bus,
2428 901 2578 958 7-15
2614 898 2773 957 tollis
2804 915 3001 957 rerum
3032 899 3435 968 diversitatem,
3472 904 3527 955 et
3569 902 3841 973 gratiarum

2260 988 2621 1051 distantiam.
2655 991 2710 1044 et
2738 988 3023 1044 Creatoris
3051 988 3289 1045 artiﬁcis
3318 988 3661 1056 varietatem,
3701 990 3841 1061 cidae

2260 1094 2425 1139 sacro
2455 1076 2743 1148 Propheta
2771 1080 2944 1133 sonat
2971 1077 3263 1133 carmine:
3329 1076 3533 1132 Omnia
3550 1076 3601 1131 in
3640 1076 3841 1149 sapien-

2257 1164 2339 1221 tia
2402 1164 2589 1221 fecisti
2655 1165 2824 1235 (Psat.
2892 1181 3012 1231 c111,
3042 1163 3156 1234 24).
3202 1188 3230 1215 ››
3293 1164 3615 1237 Indignatur
3652 1163 3840 1241 lucifer,

2256 1266 2437 1325 quare
2465 1250 2747 1326 fulgorem
2776 1252 2927 1309 lunae
2961 1271 3076 1308 non
3106 1253 3335 1309 habeat.
3368 1254 3528 1309 Luna
3550 1269 3708 1325 super
3736 1255 3843 1311 suis

2255 1341 2577 1398 defectibus
2605 1346 2662 1398 et
2709 1340 2906 1398 labore
2972 1347 3210 1398 causetu
3224 1360 3271 1409 r,
3334 1358 3437 1397 cur
3462 1357 3704 1397 annuum
3728 1340 3845 1401 solis

2253 1429 2543 1485 circulum
2575 1430 2826 1503 singulis
2856 1429 3165 1487 mensibus
3193 1429 3434 1502 expleat.
3470 1428 3562 1485 Sol
3589 1434 3843 1500 queratur,

2253 1519 2395 1591 quid
2425 1518 2730 1575 offenderit
2761 1523 2824 1574 ut
2840 1517 2993 1576 luna:
3014 1536 3187 1576 cursu
3209 1517 3530 1575 tardiorsit.
3561 1516 3846 1575 Clamemus

2253 1613 2312 1664 et
2341 1623 2447 1663 nos
2478 1605 2843 1675 homunculi,
2874 1605 3018 1678 quid
3047 1622 3244 1662 causa».
3276 1605 3572 1671 exstiterit,
3607 1608 3667 1660 ut
3692 1604 3846 1665 homi-

2253 1712 2356 1752 nes
2384 1700 2586 1752 etnon
2617 1694 2808 1767 angeli
2849 1695 2984 1751 facti
3031 1695 3263 1752 simus:
3315 1710 3638 1767 quanquam
3688 1692 3846 1764 magi-

499 1806 719 1863 torum,
754 1811 1037 1852 numerus
1066 1791 1369 1865 glorietur,
1437 1792 1493 1845 et
1550 1787 1626 1843 sit
1663 1786 1817 1842 Deus
1859 1783 2057 1841 omnia
2082 1784 2139 1839 in
2168 1825 2217 1891 Β
2251 1789 2371 1841 ster
2397 1789 2602 1850 vester,
2632 1780 2660 1836 ὀ
2728 1783 2969 1858 ἀρχαῖος
2988 1783 3029 1851 ³,
3062 1784 3132 1840 de
3199 1785 3377 1856 cujus
3403 1783 3521 1839 hinc
3560 1782 3707 1838 fonte
3741 1797 3852 1853 pro-

502 1888 957 2044 oniglhgzondiu
983 1972 1218 2027 vivimus
1247 1973 1469 2025 cuncta:
1526 1969 1751 2022 virtutes
1804 1964 2007 2020 habere
2035 1978 2147 2018 non

501 2081 811 2141 possumus.
845 2094 914 2103 -—-
945 2062 1002 2116 C.
1033 2058 1243 2116 Nullus
1275 2073 1412 2129 ergo
1442 2055 1836 2121 sanctorum‘,
1881 2051 2145 2141 quandiu

502 2140 565 2221 in
630 2155 742 2210 isto
809 2148 1156 2221 corpusculo
1211 2151 1323 2213 est,
1389 2150 1632 2201 cunctas
1699 2146 1895 2215 potest
1931 2140 2146 2196 habere

500 2246 745 2302 virtutes
765 2242 793 2296 ?
823 2242 888 2295 Α.
920 2236 1152 2304 Nullus,
1185 2235 1325 2307 quia
1352 2252 1510 2290 nunc
1537 2251 1606 2290 ex
1630 2238 1791 2306 parte
1831 2229 2142 2303 propheta-

504 2350 659 2400 mus,
693 2334 750 2386 et
781 2345 849 2385 ex
871 2331 1035 2399 parte
1066 2323 1495 2396 cognoscimus.
1527 2322 1642 2377 Nec
1696 2319 1854 2375 enim
1895 2319 2146 2392 possunt

501 2421 701 2480 omnia
727 2434 854 2474 esse
885 2416 944 2471 in
977 2414 1253 2470 omnibus
1320 2411 1700 2468 hominibus:
1743 2408 1881 2481 quia
1911 2424 2027 2463 non
2059 2410 2146 2461 est

498 2504 856 2567 immortalis
889 2503 1047 2560 filius
1076 2500 1353 2559 hominis.
1388 2498 1837 2571 C.thuomodo
1860 2496 2140 2569 legimus:

499 2598 609 2663 Qui
636 2611 815 2651 unam
881 2592 1173 2656 habuerit,
1205 2606 1409 2645 omnes
1470 2589 1734 2646 videtur'
1784 2586 1999 2642 habere
2030 2583 2143 2639 vir-

498 2690 655 2742 tutes
674 2684 702 2739 ?
730 2685 792 2738 A.
824 2679 1292 2751 Participatione,
1325 2695 1442 2733 non
1486 2675 1854 2749 proprietate.
1897 2674 2144 2729 Necesse

499 2779 590 2832 est
614 2772 792 2838 enim,
815 2775 880 2825 ut
900 2767 1120 2841 singuli
1140 2766 1426 2823 excellant
1446 2766 1505 2820 in
1537 2765 1925 2837 quibusdam:
1958 2765 2016 2816 et
2057 2765 2143 2815 ta-

500 2880 635 2923 men
664 2862 773 2918 hoc
795 2860 949 2933 quod
1010 2857 1226 2930 legisse
1253 2860 1310 2912 te
1374 2854 1540 2920 dicis,
1575 2854 1674 2909 ubi
1741 2851 2025 2923 scriptum
2067 2848 2144 2904 sit

502 2952 726 3011 nescio.
759 2950 816 3004 C.
848 2949 1091 3019 Ignoras
1114 2945 1264 3002 hanc
1313 2941 1795 3017 philosophorum
1851 2955 1980 2994 esse
2004 2953 2141 2993 sen-

502 3039 793 3099 tentiam?
824 3039 886 3093 Α.
946 3036 1058 3092 Sed
1089 3051 1206 3089 non
1268 3030 1684 3105 apostolorum.
1718 3029 1917 3099 Neque
1982 3025 2141 3081 enim

504 3129 651 3185 mihi
681 3145 833 3183 curae
865 3130 955 3180 est
1017 3124 1158 3194 quid
1190 3119 1552 3188 Aristoteles,
1584 3120 1680 3175 sed
1752 3117 1893 3189 quid
1923 3113 2142 3171 Paulus

2256 1874 2494 1941 cedunt,
2526 1889 2730 1930 omnes
2772 1872 3088 1930 rationales
3118 1877 3419 1929 creaturas
3480 1886 3628 1943 aequo
3650 1872 3850 1927 asserat

2247 1963 2383 2034 jure
2412 1962 2698 2029 conditas,
2731 1967 2796 2018 ut
2824 1962 3012 2018 instar
3070 1963 3494 2035 quadrigarum
3520 1965 3572 2018 et
3601 1975 3849 2017 curruum

2255 2051 2325 2107 de
2353 2050 2684 2107 carceribus
2749 2055 3044 2118 exeuntes,
3079 2049 3139 2106 in
3176 2049 3374 2106 medio
3404 2049 3581 2122 Spatia
3642 2047 3725 2103 vel
3747 2062 3851 2102 eor-

2255 2145 2449 2210 ruant,
2481 2140 2569 2195 vel
2602 2139 3022 2211 pretervolent.
3050 2140 3120 2195 Et
3156 2140 3232 2196 ad
3302 2142 3498 2212 optata
3538 2134 3851 2210 perveniant.

2253 2227 2560 2301 Elephanti
2590 2233 2763 2285 tantae
2790 2227 2985 2297 molis,
3008 2232 3066 2285 et
3091 2229 3350 2302 gryphas
3378 2228 3437 2284 in
3469 2244 3575 2284 sua
3614 2223 3856 2299 gravitate

2255 2318 2624 2383 causentur‘,
2658 2334 2761 2373 cur
2791 2317 3094 2389 quaternis
3126 2317 3384 2389 pedibus
3431 2315 3717 2381 incedant,
3747 2327 3859 2369 eum

2254 2423 2491 2475 musca,
2525 2405 2878 2478 culicesque,
2910 2410 2967 2462 et
3029 2411 3235 2461 caetera
3268 2403 3607 2477 hujusmodi
3633 2402 3860 2458 animan-

2253 2494 2335 2551 tia
2363 2496 2472 2551 sub
2531 2495 2805 2566 pennulis
2863 2511 3035 2552 senos
3065 2495 3242 2567 pedes
3306 2495 3575 2557 habeant,
3624 2496 3678 2549 et
3701 2488 3854 2562 aliqui

2251 2582 2551 2639 vermiculi
2583 2583 2721 2651 sint,
2752 2582 2853 2655 qui
2882 2583 3065 2638 tantis
3088 2582 3343 2655 pedibus
3374 2585 3651 2648 scateant,
3701 2584 3761 2636 ut
3777 2577 3856 2633 in-

2253 2671 2646 2728 numerabiles
2677 2670 2855 2727 simul
2886 2676 3080 2728 motus
3110 2670 3279 2728 nulla
3336 2671 3491 2728 acies
3516 2667 3857 2742 comprehea-
3950 2730 3955 2735 _

2251 2762 2370 2816 dat.
2402 2760 2567 2816 Dicat
2597 2760 2719 2816 haec
2771 2760 3028 2815 Marcion
3067 2764 3125 2816 et
3190 2776 3404 2818 omnes
3472 2758 3732 2825 haeretici,
3775 2754 3854 2828 qui

2252 2848 2539 2905 Creatoris
2594 2848 2869 2920 operibus
2928 2846 3209 2905 illudunt.
3279 2848 3558 2906 Vestrum
3594 2848 3855 2904 decretum

2249 2935 2555 3009 hucusque
2585 2937 2901 3010 perveniet,
2929 2941 2995 2991 ut
3020 2937 3164 2992 dum
3176 2936 3422 3011 singula
3437 2936 3854 2999 calumniantur,

2250 3043 2493 3082 manum
2550 3026 2816 3098 injiciant
2871 3030 3006 3095 Deo,
3073 3042 3179 3081 cur
3235 3026 3405 3085 solus
3471 3026 3623 3083 Deus
3659 3025 3748 3090 sit,
3771 3034 3856 3078 cur

2249 3114 2524 3170 inviderit
2552 3115 2855 3181 creaturis,
2888 3119 2955 3169 ut
2983 3131 3098 3170 non
3125 3131 3335 3172 omnes
3403 3114 3607 3173 eadem
3640 3111 3860 3187 polleant

487 3217 711 3271 doceat.
749 3213 806 3267 C.
839 3192 1089 3267 Obsecro
1155 3215 1230 3273 te,
1266 3225 1460 3264 nonne
1523 3207 1778 3264 Jacobus
1834 3202 2137 3278 apostolus
2169 3192 2212 3258 C
2250 3204 2569 3272 majestate.
2636 3203 2799 3267 Quod
2861 3203 2996 3259 licet
3051 3220 3168 3259 non
3224 3203 3445 3261 dicatis
3503 3198 3858 3275 (nequeenim

483 3300 690 3359 scribit
719 3300 855 3371 (Jac.
892 3316 955 3353 ιι.
1028 3300 1133 3365 10),
1170 3298 1272 3369 qui
1338 3298 1397 3351 in
1429 3314 1545 3352 uno
1611 3295 1934 3362 offenderit,
1992 3307 2129 3348 eum

478 3406 613 3448 esse
642 3387 909 3443 omnium
940 3384 1148 3440 reum?
1178 3386 1238 3439 Α.
1271 3384 1400 3455 Ipse
1428 3382 1591 3439 locus
1621 3400 1683 3439 se
1714 3383 2131 3454 interpretatur

485 3478 612 3534 Non
642 3476 801 3532 enim
831 3473 977 3530 dixit
1006 3473 1162 3528 unde
1189 3478 1439 3544 cmperat
1468 3469 1809 3543 disputatio,
1843 3470 1943 3542 qui
1976 3469 2129 3525 divi-

485 3573 604 3624 tem
636 3563 879 3638 pauperi
912 3564 969 3617 in
1002 3562 1221 3618 honore
1252 3560 1586 3634 praetulerit,
1614 3577 1748 3617 reus
1779 3564 1868 3615 est
1897 3559 2128 3615 adulte-

484 3655 556 3712 rii
580 3654 670 3711 vel
701 3652 1018 3709 homicidii.
1056 3652 1114 3706 In
1134 3651 1243 3708 hoc
1270 3649 1424 3706 enim
1447 3649 1695 3705 delirant
1741 3648 1940 3715 Stoici,
1965 3648 2129 3721 paria

483 3744 903 3801 contendentes
958 3756 1086 3797 esse
1144 3744 1399 3813 peccata.
1435 3740 1544 3795 Sed
1606 3740 1718 3795 ita:
1768 3737 1929 3802 «Qui
1959 3738 2123 3809 dixit,

479 3849 597 3889 non
626 3830 1034 3897 mmchaberis,
1066 3830 1213 3884 dixit
1242 3834 1315 3894 et,
1350 3846 1464 3885 non
1528 3827 1795 3895 occides;
1829 3828 1982 3899 quod
2016 3826 2125 3883 etsi

477 3937 593 3976 non
642 3920 880 3985 occidis,
947 3919 1241 3975 macharis
1308 3923 1523 3982 autem,
1592 3917 1782 3973 factus
1848 3932 1911 3971 es
1940 3922 2127 3972 trans-

474 4003 710 4082 gressor
776 4008 923 4080 legis
955 4008 1113 4077 (Ibid.
1180 4008 1291 4077 41).
1325 4030 1353 4058 ››
1390 4007 1563 4063 Levia
1592 4022 1721 4062 cum
1791 4005 2035 4072 levibus,
2068 4009 2125 4060 et

478 4097 679 4171 gravia
705 4114 840 4152 cum
875 4096 1152 4168 gravibus
1181 4100 1617 4167 comparantur.
1682 4095 1797 4150 Nec
1820 4092 2008 4150 ferula
2035 4093 2121 4149 di-

479 4202 663 4259 gnum
692 4185 921 4254 vitium,
954 4185 1147 4256 gladio
1178 4184 1593 4240 vindicandum
1624 4189 1711 4239 est
1736 4201 1750 4249 ;
1793 4199 1897 4239 nec
1926 4181 2120 4253 gladio

477 4275 724 4347 dignum
792 4275 1004 4345 scelus,
1053 4274 1241 4330 ferula
1304 4274 1711 4329 coercendum.
1746 4272 1802 4327 C.
1870 4272 2026 4338 Esto,
2056 4277 2121 4327 ut

474 4363 675 4421 nullus
741 4368 1082 4420 sanctorum
1143 4378 1346 4419 omnes
1386 4362 1629 4415 virtutes
1695 4359 1943 4426 habeat;
2011 4359 2120 4415 hoc

469 4455 625 4507 certe
658 4452 848 4517 dabis,
882 4452 943 4506 in
1002 4468 1067 4506 eo
1100 4452 1253 4522 quod
1312 4453 1506 4521 potest
1555 4448 1763 4513 facere,
1815 4446 1863 4502 si
1898 4447 2116 4513 fecerit,

2239 3296 2360 3347 tam
2392 3291 2586 3349 insani
2614 3291 2777 3359 estis,
2802 3295 2868 3347 ut
2896 3296 3091 3363 aperte
3119 3292 3466 3365 repugnetis
3486 3292 3508 3328 ⁵
3535 3291 3671 3357 Deo,
3691 3293 3859 3346 tamen

2239 3380 2370 3437 aliis
2398 3382 2590 3437 verbis
2619 3379 2956 3451 loquimini,
2988 3396 3111 3436 rem
3142 3380 3244 3436 Dei
3269 3380 3508 3439 homini
3536 3377 3861 3452 copulantes,

2238 3475 2304 3526 ut
2369 3471 2446 3527 sit
2473 3470 2694 3541 absque
2763 3474 3017 3541 peccato,
3067 3469 3223 3540 quod
3257 3474 3315 3525 et
3391 3469 3550 3531 Deus
3594 3473 3697 3525 est.
3723 3463 3864 3523 Unde

2235 3557 2555 3631 Apostolus
2568 3575 2743 3630 super
2775 3559 3022 3614 diversis
3051 3557 3330 3614 intonsus
3368 3558 3585 3632 gratiis
3600 3554 3860 3628 loquitur:

2238 3671 2267 3700 «
2298 3646 2624 3704 Divisiones
2652 3646 3035 3703 donationum
3065 3650 3224 3713 sunt,
3245 3646 3411 3704 idem
3472 3651 3668 3705 autem
3706 3639 3864 3716 Spiri-

2234 3740 2368 3804 tus;
2401 3741 2459 3792 et
2485 3734 2801 3791 divisiones
2851 3734 3309 3791 ministeriorum
3378 3740 3544 3805 sunt,
3577 3735 3675 3793 sed
3728 3732 3864 3788 idem

2234 3824 2514 3881 Dominus
2548 3842 2561 3880 :
2595 3829 2652 3880 et
2709 3823 3022 3880 divisiones
3052 3825 3470 3895 operationum
3527 3828 3680 3890 sunt,
3720 3834 3863 3878 unus

2232 3919 2427 3970 autem
2453 3922 2628 3981 Deus,
2661 3914 2761 3985 qui
2793 3921 3065 3985 operatur
3093 3913 3293 3969 omnia
3313 3913 3379 3970 in
3401 3915 3672 3972 omnibus
3692 3908 3861 3982 (Mor.

2232 4021 2331 4059 χιι.
2368 4006 2420 4058 4.
2450 4004 2531 4074 5.)

2302 4094 2390 4147 20.
2425 4093 2701 4160 Quantum
2746 4091 2905 4147 homo
2960 4107 2995 4144 a
3021 4090 3127 4147 Deo
3191 4091 3439 4164 differat.
3475 4092 3626 4148 --C.
3655 4086 3868 4146 Nimias

2229 4195 2291 4235 es
2322 4180 2382 4235 in
2414 4197 2531 4236 una
2562 4184 2735 4251 atque
2763 4179 2962 4235 eadem
2999 4178 3341 4251 quaestione,
3414 4187 3485 4237 ut
3535 4176 3866 4253 persuadere

2229 4268 2456 4324 coneris
2487 4268 2785 4323 hominem
2815 4267 3087 4323 universa
3115 4267 3293 4323 simul
3321 4268 3549 4329 habere
3572 4267 3741 4325 »τη
3766 4279 3868 4320 non

2229 4375 2422 4432 posse,
2456 4356 2627 4429 quasi
2659 4360 2761 4412 aut
2790 4356 3061 4414 inviderit
3089 4360 3193 4413 aut
3244 4374 3363 4414 non
3430 4357 3696 4430 potuerit
3732 4356 3867 4411 Deus

2229 4450 2503 4520 praestare
2530 4444 2774 4518 imagini
2805 4449 2862 4501 et
2891 4444 3245 4501 simultidini
3275 4462 3416 4517 suae,
3446 4452 3527 4503 .ut
3590 4446 3656 4502 in
3696 4441 3869 4501 omni-

466 4554 597 4594 esse
626 4539 969 4609 perfectum.
1004 4542 1064 4595 A.
1098 4540 1223 4595 Non
1260 4543 1418 4594 tenes
1437 4536 1578 4626 quid
1613 4552 1792 4607 supra
1822 4535 2066 4626 dixerim
2088 4536 2116 4592 ?
2140 4560 2190 4626 Ι)
2226 4537 2337 4592 bus
2366 4535 2718 4607 respondeat
2746 4551 2851 4590 suo
2881 4533 3154 4591 Creatori.
3180 4539 3249 4590 A.
3282 4535 3485 4608 Egone
3534 4534 3776 4599 nimius,
3804 4546 3867 4626 an

468 4626 525 4682 ο.
561 4626 853 4694 Quidnam
918 4627 1064 4682 illud
1096 4628 1237 4683 est?
1302 4630 1362 4681 Α.
1404 4624 1731 4681 Perfectum
1797 4641 1927 4681 esse
1954 4625 2013 4681 in
2046 4642 2111 4683 eo

468 4715 627 4789 quod
658 4715 813 4780 fecit,
844 4720 902 4771 et
966 4716 1375 4787 imperfectum
1439 4714 1501 4780 in
1567 4730 1655 4780 eo,
1727 4714 1881 4785 quod
1926 4715 2112 4771 facere

467 4822 588 4863 non
618 4806 831 4877 potuit.
865 4806 922 4861 C.
955 4805 1064 4860 Sed
1099 4803 1253 4860 sicut
1282 4804 1573 4875 perfectus
1634 4807 1728 4858 est
1757 4802 1816 4858 in
1857 4820 1923 4859 co
1954 4803 2109 4875 quod

532 4929 548 4963 ¹
581 4929 714 4985 Vid.
746 4930 962 4986 librum
993 4930 1058 4986 de
1092 4930 1260 4986 ϐαθείας
1308 4928 1525 4996 Pelagii
1549 4944 1675 4998 cap.
1699 4929 1786 4990 tt,
1811 4944 1975 4983 num.
2016 4928 2104 4983 32.

531 4998 554 5033 ²
582 5000 837 5057 Verbum
866 5002 1078 5058 videtur
1143 5001 1202 5056 in
1273 5000 1506 5072 Reginae
1555 5016 1684 5072 gms.
1719 4999 2105 5072 desideratur.

462 5068 975 5153 Creterumcnnt‘er
1003 5072 1312 5153 Augustini
1357 5068 1669 5153 cpistolam
1725 5072 1809 5150 'ad
1838 5070 2111 5153 Hierony-

463 5153 633 5218 mum
682 5141 1371 5218 i_nter_tlieron37mianas
1399 5141 1461 5218 in
1509 5141 1851 5218 recensione
1909 5141 2110 5218 nostra

459 5206 565 5261 432
594 5211 663 5289 de
690 5211 816 5267 loco
840 5214 1043 5271 Jacobi
1072 5206 1222 5286 :"Quz'
1250 5216 1559 5288 offenderit,
1591 5216 1653 5269 in
1676 5230 1786 5269 uno
1812 5215 1992 5284 [hctus
2031 5218 2108 5269 est

466 5293 714 5333 ommum
744 5298 889 5338 rcus.

527 5350 550 5423 εξ
580 5348 639 5423 id
672 5356 760 5405 est
824 5355 1102 5423 antiquus.
1138 5362 1255 5412 Hoc
1322 5357 1557 5413 nomine
1606 5354 1907 5411 Platonem
1938 5355 2105 5410 innui

432 5417 692 5476 ‘volebat
723 5417 1017 5480 Erasmus.
1053 5427 1345 5483 Victorius
1399 5435 1457 5483 et
1518 5428 1854 5483 Martinmus
1909 5427 2105 5483 Orige-

462 5509 595 5565 nem
626 5493 983 5565 intelligunt.
1016 5497 1158 5552 Vide
1191 5498 1536 5554 Garnerium
1569 5498 1865 5555 dissortat.
1898 5498 1958 5554 in
1991 5493 2107 5556 Ma-

458 5564 613 5645 rium
648 5566 1049 5645 Mercatorem.
1084 5568 1237 5645 Veri_
1275 5569 1449 5623 etiam
1518 5567 1712 5645 simile
1766 5570 2102 5645 sit_a‘sza'iov

457 5637 763 5712 Origenem
793 5637 1052 5696 convicio
1084 5639 1345 5713 quodam
1364 5622 1868 5710 appellariquod
1882 5622 1885 5623 ν
1898 5622 2106 5700 auctor

2220 4626 2334 4681 tu?
2365 4623 2467 4697 qui
2490 4624 2681 4680 soluta
2738 4623 3049 4696 proponis;
3081 4628 3140 4679 et
3193 4641 3309 4680 non
3368 4624 3668 4698 intelligis
3723 4618 3869 4680 aliud

2218 4731 2348 4771 esse
2379 4712 2849 4779 similitudinem,
2873 4711 3027 4767 aliud
3055 4712 3449 4784 aequalitatem
3475 4730 3494 4770 :
3516 4712 3674 4769 illud
3698 4710 3869 4785 ps'otu-

2220 4820 2365 4870 ram,
2400 4802 2510 4858 hoc
2536 4818 2663 4858 esse
2691 4797 3271 4857 veritatem5.Verus'
3300 4818 3497 4874 equus
3529 4811 3868 4875 camporum

2218 4926 2661 5006 extiteritOperis
2729 4924 2855 5006 περῇ
2912 4924 3168 5006 ζᾼρχῶνς
3232 4941 3498 4997 eumque
3569 4924 3871 4982 festivitate

2218 5001 2475 5072 quadam
2508 4996 2809 5072 sermonis
2830 4996 3079 5072 irrideri.

2286 5074 2308 5106 ‘
2337 5076 2466 5125 Haec
2496 5069 2766 5125 videlicet
2795 5067 3040 5123 celebris
3090 5067 3336 5138 qumstio
3400 5072 3540 5124 erat
3609 5083 3794 5139 quam
3822 5066 3874 5139 et

2216 5143 2275 5198 S.
2309 5143 2585 5199 Barnabas
2615 5141 2676 5195 in
2692 5133 3211 5211 Recognitionihus
3235 5133 3791 5211 PseudogClementi
3807 5133 3873 5190 ad

2217 5215 2453 5286 scriptis
2482 5210 2818 5286 philosophi
2851 5208 3279 5286 proposuerant
3300 5281 3313 5286 _
3335 5210 3407 5265 ad
3463 5208 3875 5286 illudendum.

2213 5281 2355 5341 Jam'
2376 5281 2547 5340 antea
2574 5282 2656 5337 lib
2686 5281 2750 5336 m
2779 5281 2967 5337 contra
2995 5283 3254 5352 Ruﬁnum
3299 5281 3450 5337 hanc
3490 5282 3622 5337 sibi
3670 5293 3876 5352 propo-

2218 5373 2362 5411 nens
2394 5356 2800 5425 Hieronymus,
2821 5357 3102 5424 tanquam
3134 5352 3402 5412 inutilem
3448 5352 3876 5409 difficultatem

2215 5427 2761 5578 exglﬁcstitliajtiugnctis
2792 5494 3355 5578 renitentibus__mss.

2284 5571 2304 5603 θ
2336 5569 2502 5638 Mss,
2526 5568 2633 5623 Hoc
2652 5584 2762 5624 esse
2790 5569 3035 5639 corporis
3064 5569 3371 5624 veritatem.
