4094 6166
424 311 542 383 839

1604 377 1612 383 .
1655 315 1720 382 S.
1766 317 2080 384 EUSEBII
2124 315 2601 385 HIERONYMI.

3707 309 3834 384 840

421 463 540 507 non
558 446 804 506 habuit?
826 448 1101 520 Deinde,-
1126 450 1304 510 unius
1327 451 1525 510 uxoris
1546 452 1762 519 virum,
1781 454 2068 522 sobrium,
2101 455 2154 522 Α
2183 454 2336 525 quod
2379 469 2494 511 non
2524 452 2718 522 habet,
2749 453 2848 510 sed
2884 469 2953 510 ex
2982 467 3048 510 eo
3080 449 3477 522 coronabitur,
3509 448 3665 523 quod
3689 465 3832 522 pos-

418 538 723 612 pudicum,
753 543 1048 608 ornatum,
1073 539 1446 615 hospitalem,
1473 565 1499 592 ››
1519 546 1580 598 ut
1605 543 1860 614 reperias
1883 560 1895 598 :
1921 540 2067 597 illud

418 632 570 684 certe
592 629 749 706 quod
801 630 1068 702 sequitur
1115 626 1444 699 διδακτικόν,
1498 655 1524 680 ‹‹
1585 633 1686 703 qui
1740 631 1924 704 possit
1972 632 2068 688 do-

419 733 586 785 cere;
623 740 650 766 »
682 735 797 773 non
832 722 894 775 ut
925 718 1342 792 interpretatur
1368 720 1570 776 Latina
1585 719 1950 792 simplicitas,
1974 719 2065 776 do-

418 806 605 875 cilem,
640 825 772 863 cum
798 808 1021 864 caeteris
1053 809 1367 864 virtutibus
1417 809 1728 865 difﬁculter
1784 810 2064 867 invenies.

417 919 446 946 «
463 895 837 951 Vinolentum
857 913 1090 968 quoque
1103 902 1600 968 etpercussorem,
1620 902 1675 953 et
1698 898 1887 970 turpis
1921 897 2065 953 lucri

421 985 726 1057 cupidum,
765 1008 790 1031 η
825 986 1095 1057 repudiat
1124 985 1441 1057 Apostolus
1473 1003 1486 1040 :
1521 992 1578 1041 et
1606 1003 1709 1058 pro
1767 986 1858 1042 his
1905 987 2068 1053 cupit

419 1097 447 1125 «
493 1077 888 1138 mansuetum,
916 1096 942 1122 »
958 1074 1406 1146 absquejurgio,
1421 1075 1546 1130 sine
1559 1075 1799 1130 avaritia
1812 1080 1869 1131 et
1883 1081 1948 1130 ut
1965 1076 2065 1130 do-

419 1179 583 1218 mum
616 1179 784 1217 suam
826 1163 1044 1233 optime
1087 1169 1268 1234 regat,
1326 1163 1600 1236 quodque
1650 1164 2063 1220 difﬁcillimum

420 1256 551 1317 est;
632 1275 657 1299 ‹‹
715 1257 777 1305 ut
835 1250 985 1306 ﬁlios
1044 1252 1254 1307 habeat
1320 1254 1637 1324 subjectos,
1707 1270 1841 1308 cum
1907 1253 2068 1308 omni

418 1339 724 1411 pudicitia,
780 1360 806 1390 ι»
861 1339 947 1396 vel
1018 1340 1170 1396 ﬁlios
1235 1342 1448 1405 carnis,
1511 1341 1594 1397 vel
1665 1342 1815 1398 ﬁlios
1894 1342 2050 1397 ﬁdei.

421 1453 450 1478 ‹‹
493 1430 635 1485 Cum
657 1429 836 1495 omni,
857 1428 1070 1501 inquit,
1109 1429 1408 1502 pudicitia:
1427 1453 1453 1480 ››
1477 1431 1601 1486 Non
1621 1431 1668 1485 ei
1690 1431 1909 1486 sufﬁcit
1939 1448 2071 1502 pro-

418 1518 608 1590 priam
633 1517 846 1573 habere
882 1519 1256 1590 pudicitiam‘
1283 1519 1397 1574 nisi
1418 1535 1486 1575 ea
1508 1519 1759 1574 ﬁliorum
1805 1525 1862 1575 et
1892 1519 2068 1575 comi-

417 1612 541 1662 tum
577 1623 643 1662 ac
677 1606 1083 1662 ministrorum
1113 1608 1335 1680 pudore
1367 1608 1690 1674 decoretur,
1716 1609 1940 1664 dicente
1963 1609 2068 1663 Da-

433 1695 527 1750 vid
554 1694 904 1750 :Ambulans
927 1695 1088 1750 invia
1104 1695 1601 1762 immaculata,hic
1620 1697 1761 1752 mihi
1779 1697 2070 1752 ministra-

422 1782 511 1838 bit
533 1784 552 1816 ³
582 1783 757 1854 (Psal.
791 1800 841 1851 ι’,
871 1784 946 1854 6).
985 1806 1010 1832 ››
1043 1783 1492 1839 Consideremus
1537 1801 1769 1856 quoque
1827 1783 2066 1838 ἑπὶτασιν

421 1871 527 1942 [AL
564 1869 834 1943 σύντασιν]
871 1872 1185 1943 pudicitiae,
1234 1871 1383 1928 ﬁlios
1433 1873 1744 1929 habentem
1793 1873 2062 1930 subditos

419 1959 480 2015 in
510 1962 669 2016 omni
706 1961 1022 2032 pudicitia;
1058 1984 1086 2010 ››
1120 1965 1322 2016 utnon
1355 1961 1547 2018 solum
1579 1979 1772 2034 opere,
1805 1963 1907 2018 sed
1939 1979 2060 2017 ser-

421 2064 591 2103 mone
616 2066 847 2121 quoque
876 2053 933 2105 et
973 2050 1214 2105 nutibus
1259 2067 1320 2106 se
1366 2051 1697 2106 abstineant
1747 2051 1818 2106 ab
1867 2050 2062 2123 impu-

421 2135 638 2192 dicitiis
671 2155 684 2192 :
719 2154 790 2193 ne
821 2138 966 2194 forte
991 2137 1134 2194 illud
1163 2139 1388 2194 incidat
1410 2139 1555 2207 Heli,
1583 2140 1683 2212 qui
1708 2140 2064 2196 certeincre-

419 2227 577 2299 pavit
608 2226 758 2282 ﬁlios
788 2243 927 2283 suos
959 2227 1160 2284 dicens
1195 2247 1206 2283 :
1242 2252 1269 2278 «
1305 2227 1512 2294 Nolite,
1538 2227 1648 2285 ﬁlii
1674 2229 1812 2295 mei,
1837 2229 2014 2285 nolite
2044 2245 2057 2283 :

419 2332 536 2372 non
568 2310 783 2372 bonam
815 2317 1031 2372 famam
1051 2317 1229 2382 audio
1270 2333 1376 2390 ego
1429 2318 1498 2374 de
1545 2319 1710 2374 vobis
1731 2320 1779 2390 (Ι
1827 2335 1940 2388 reg.
1998 2337 2058 2374 ιι.

418 2405 530 2476 24).
568 2429 594 2455 ››
635 2405 945 2478 Corripuit,
970 2410 1028 2462 et
1059 2407 1300 2478 punitus
1330 2411 1440 2474 est,
1473 2407 1610 2479 quia
1639 2425 1753 2464 non
1773 2408 2062 2480 corripere

421 2494 645 2561 debuit,
672 2495 770 2548 sed
820 2495 1089 2566 abjicere.
1143 2495 1290 2558 Quid
1328 2496 1520 2563 faciet,
1581 2497 1680 2569 qui
1727 2498 1942 2569 gaudet
1989 2496 2060 2552 ad

418 2581 579 2650 vitia,
614 2582 712 2652 qui
745 2584 1059 2638 emendare
1091 2600 1205 2639 non
1246 2584 1470 2639 audet?
1499 2586 1600 2657 qui
1643 2587 2060 2642 conscientiam

425 2687 594 2726 suam
629 2671 828 2726 metit3
860 2689 873 2738 ;
909 2676 966 2726 et
995 2673 1150 2743 quod
1181 2677 1429 2728 cunctus
1472 2672 1723 2745 populus
1781 2673 2060 2742 clamitat,

421 2758 644 2814 nescire
675 2776 738 2816 se
774 2759 1047 2816 simulat?
1067 2760 1348 2833 Quodque
1389 2763 1544 2817 719
1579 2761 1864 2833 sequitur,
1904 2761 2058 2834 ἀνὲγ-

419 2843 652 2921 κλῃτονδ
687 2866 699 2904 :
729 2853 792 2903 ut
821 2848 994 2906 etiam
1046 2865 1079 2904 a
1125 2849 1286 2905 nullo
1338 2855 1694 2906 accusetur:
1742 2854 1806 2906 ut
1848 2851 2063 2905 bonam

419 2936 753 3010 opinionem
786 2939 858 2994 ab
884 2938 976 2995 his
1006 2938 1105 3010 qui
1139 2938 1278 2994 foris
1310 2943 1451 2996 sunt
1481 2939 1694 2995 habeat
1727 2956 1738 2994 :
1786 2943 1850 2994 ut
1889 2939 2062 2994 etiam

419 3026 747 3084 maledictis
777 3027 1242 3083 adversariorum
1259 3033 1454 3084 careat
1488 3032 1574 3096 ;et
1601 3027 1818 3099 quibus
1857 3027 2066 3084 doctri-

420 3133 498 3171 na
527 3115 815 3188 displicet,
849 3115 1073 3187 placeat
1119 3117 1478 3172 conversatio
1507 3133 1520 3170 :
1555 3121 1695 3189 puto
1743 3117 1894 3188 quod
1949 3133 2064 3172 non

2179 543 2348 600 sidetv.
2381 543 2590 600 Omnia
2619 543 2775 600 enim
2806 542 3038 611 habere,
3060 546 3117 600 et
3139 541 3298 600 nullo
3322 540 3605 614 indigere,
3640 539 3830 598 virtu-

2176 631 2253 688 tis
2283 633 2410 703 ejus
2442 633 2570 688 est6
2605 651 2618 700 ;
2653 656 2681 683 ‹‹
2715 633 2822 698 Qui
2853 637 3154 706 peccatum
3191 649 3305 688 non
3338 630 3496 698 fecit,
3533 646 3640 686 nec
3659 628 3833 685 dolus

2176 721 2449 778 inventus
2479 725 2567 777 est
2596 721 2653 776 in
2686 738 2784 777 ore
2812 723 2978 792 ejus;
3021 721 3123 794 qui
3171 737 3307 776 cum
3357 717 3828 783 malediceretur,

2175 827 2289 866 non
2322 809 2688 866 remaledixit
2715 812 2734 845 ⁷
2766 811 2817 881 (Ι
2845 812 2994 866 Petr.
3027 828 3087 878 ιι,
3122 810 3214 880 22)
3241 826 3301 876 ;‹‹
3329 808 3428 882 qui
3461 809 3831 864 conﬁdenter

2175 900 2457 954 virtutum
2489 899 2844 954 conscientia
2871 898 3221 970 loquebatur
3255 915 3268 954 :
3301 898 3442 952 Ecce
3471 897 3632 952 venit
3662 895 3831 967 prin-

2175 1004 2311 1059 ceps
2345 988 2551 1043 mundi
2582 989 2782 1057 hujus,
2819 992 2873 1043 et
2922 989 2979 1042 in
3031 1004 3124 1043 me
3168 986 3390 1042 invenit
3440 984 3586 1040 nihil
3636 985 3825 1055 (Joan.

2173 1094 2288 1143 xw,
2321 1077 2435 1147 30).
2475 1099 2502 1124 »
2537 1107 2606 1117 —
2639 1099 2666 1126 «
2701 1075 2808 1139 Qui
2839 1093 2973 1131 cum
3000 1081 3156 1132 esset
3177 1075 3234 1130 in
3263 1075 3451 1129 forma
3469 1073 3585 1140 Dei,
3610 1091 3834 1146 nequa-

2175 1182 2350 1237 quam
2386 1165 2654 1236 rapinam
2689 1165 3012 1220 arbitratus
3037 1167 3125 1218 est
3146 1162 3430 1235 aequalem
3461 1177 3524 1218 se
3539 1179 3664 1219 esse
3685 1163 3829 1231 Deo,

2175 1254 2275 1308 sed
2309 1270 2370 1308 se
2400 1252 2740 1318 exinanivit,
2771 1253 3019 1308 formam
3044 1251 3192 1308 servi
3217 1251 3530 1324 accipiens,
3554 1257 3612 1306 et
3638 1251 3831 1306 factus

2176 1347 2264 1398 est
2293 1342 2571 1398 obediens
2627 1358 2811 1413 usque
2861 1343 2932 1398 ad
2994 1345 3263 1409 mortem,
3324 1345 3572 1396 mortem
3630 1346 3828 1397 autem

2177 1429 2388 1487 crucis.
2426 1431 2740 1503 Propterea
2769 1431 3004 1486 donavit
3033 1429 3082 1487 ei
3121 1431 3271 1486 Deus
3301 1446 3536 1499 nomen,
3570 1430 3728 1501 quod
3743 1435 3836 1486 est

2177 1537 2356 1592 supra
2386 1535 2563 1576 omne
2592 1535 2828 1587 nomen,
2862 1523 2926 1574 ut
2983 1519 3043 1574 in
3102 1518 3339 1574 nomine
3391 1518 3532 1574 Jesu
3594 1517 3834 1574 ﬂectant

2177 1624 2330 1681 genu
2362 1607 2638 1674 cmiestia,
2673 1607 2973 1665 terrestria
3001 1611 3061 1663 et
3107 1607 3336 1662 inferna
3378 1607 3648 1678 (Philipp.
3705 1624 3770 1675 ιι,
3796 1609 3832 1660 6

2177 1698 2336 1770 seq.).
2370 1723 2390 1745 -
2424 1697 2481 1752 Si
2513 1712 2650 1769 ergo
2679 1696 2736 1751 in
2771 1713 2887 1752 una
2917 1695 3175 1769 episcopi
3207 1711 3456 1766 persona
3472 1711 3660 1767 pauca
3680 1711 3827 1766 prai-

2178 1792 2344 1858 cepta
2390 1790 2492 1841 aut
2551 1801 2949 1856 nequaquam,
3021 1789 3123 1839 aut
3161 1783 3478 1839 difﬁculter
3537 1783 3823 1849 invenies,

2177 1875 2318 1946 quid
2391 1875 2567 1929 facies
2613 1874 2684 1929 de
2731 1874 2892 1929 omni
2944 1873 3202 1943 homine,
3254 1873 3353 1943 qui
3404 1877 3611 1930 cuncta
3657 1872 3836 1930 debet

2177 1963 2424 2036 implere
2455 1963 2734 2020 mandata
2753 1962 2780 2017 ?

2248 2053 2337 2106 23.
2374 2053 2553 2107 Etiam
2583 2053 2643 2106 in
2671 2049 3045 2122 corporalibus
3083 2065 3195 2108 non
3243 2052 3433 2106 omnia
3489 2065 3674 2106 omnes
3725 2050 3835 2106 ha-

2175 2140 2320 2196 bere.
2353 2171 2421 2181 —
2451 2140 2533 2195 Ex
2561 2137 2966 2211 corporalibus
2995 2138 3435 2197 consideremus
3476 2137 3830 2211 spiritalia.

2170 2230 2338 2286 Alius
2367 2228 2531 2284 velox
2561 2233 2651 2284 est
2681 2227 2951 2300 pedibus,
2979 2227 3078 2282 sed
3113 2244 3226 2284 non
3261 2228 3430 2284 fortis
3477 2244 3681 2283 manu.
3728 2227 3829 2284 Ille

2170 2319 2374 2375 tardus
2414 2317 2670 2382 incessu,
2702 2317 2804 2375 sed
2837 2316 3066 2372 stabilis
3098 2316 3157 2372 in
3187 2316 3384 2389 prselio
3415 2321 3524 2372 est.
3556 2317 3660 2372 Hic
3696 2315 3826 2387 pul-

2173 2407 2373 2462 chram
2402 2406 2578 2462 habet
2607 2405 2834 2470 faciem,
2889 2405 2989 2460 sed
3030 2421 3218 2461 rauca:
3266 2405 3425 2461 vocis
3473 2409 3580 2460 est.
3651 2405 3820 2461 Alius

2172 2501 2405 2564 tetram,
2429 2495 2530 2551 sed
2560 2493 2718 2550 dulci
2748 2493 3152 2550 modulatione
3180 2497 3396 2550 cantat.
3437 2493 3612 2549 Illum
3656 2493 3822 2566 inge-

2173 2585 2428 2652 niosum,
2483 2585 2586 2640 sed
2635 2582 3036 2639 obliviosum:
3086 2582 3242 2638 hunc
3306 2599 3649 2648 memorem,
3715 2583 3819 2640 sed

2171 2675 2324 2731 tardi
2367 2673 2630 2729 videmus
2677 2673 2921 2745 ingenii.
2977 2672 3038 2728 In
3083 2672 3228 2745 ipsis
3267 2671 3702 2737 controversiis,
3759 2671 3820 2726 in

2173 2763 2389 2834 quibus
2421 2761 2719 2834 quondam
2769 2760 2933 2831 pueri
2988 2760 3264 2824 lusimus,
3308 2778 3422 2818 non
3482 2777 3687 2817 omnes
3737 2761 3820 2816 si-

2173 2851 2391 2907 militer
2443 2849 2530 2906 vel
2596 2850 2657 2904 in
2724 2850 3041 2920 promiis,
3105 2851 3257 2907 720
3323 2849 3411 2906 vel
3485 2851 3546 2906 in
3614 2866 3821 2906 narra-

2170 2937 2452 3005 tionibus,
2515 2937 2605 2994 vel
2664 2937 2722 2992 in
2780 2938 3138 3006 excessibus,
3211 2937 3300 2994 vel
3375 2937 3436 2993 in
3506 2954 3822 3011 argumen-

2171 3028 2270 3091 tis,
2309 3033 2411 3083 aut
2467 3027 2866 3098 exemplorum
2926 3028 3114 3099 copia,
3163 3032 3222 3083 et
3275 3026 3640 3100 epilogorum
3689 3027 3822 3083 dul-

2175 3115 2374 3172 cedine
2397 3132 2458 3172 se
2497 3120 2726 3188 agunt:
2775 3116 2876 3170 sed
2928 3115 3274 3188 eloquentiae
3320 3132 3438 3172 suae
3482 3116 3598 3172 alia
3645 3121 3823 3187 atque

420 3203 587 3259 facile
617 3204 694 3258 sit
721 3203 998 3275 reperire,
1034 3205 1400 3276 maximeque
1433 3204 1601 3273 illud,
1643 3228 1669 3254 «
1689 3210 1753 3260 ut
1770 3205 2065 3276 potenssit
2094 3195 2142 3261 C
2176 3204 2291 3260 alia
2316 3204 2374 3259 in
2406 3210 2567 3276 parte
2615 3203 2935 3260 dissimiles
2976 3209 3132 3260 sunt.
3186 3204 3266 3260 De
3311 3203 3452 3260 viris
3494 3206 3686 3279 magis
3737 3221 3825 3260 ec-

418 3291 764 3346 adversariis
796 3291 1086 3359 resistere,
1126 3315 1145 3340 ι
1181 3298 1239 3348 et
1289 3310 1589 3365 perversae
1637 3293 1962 3367 opprimere
2011 3298 2068 3348 et

419 3396 696 3452 superare
726 3379 1040 3436 doctrinas.
1073 3380 1245 3436 Vult“
1286 3386 1349 3437 ut
1376 3399 1487 3439 non
1520 3384 1822 3455 necphytus
1843 3383 2064 3454 episco-

418 3485 530 3541 pus
559 3468 879 3536 ordinetur,
911 3471 1064 3542 quod
1117 3470 1385 3526 videmus
1444 3471 1660 3528 nostris
1704 3471 2066 3544 temporibus

418 3574 523 3629 pro
555 3574 792 3614 summa
839 3557 975 3630 eligi
1023 3559 1279 3630 justitia.
1334 3559 1394 3615 Si
1451 3559 1814 3632 baptismum
1865 3560 2064 3615 statim

409 3646 643 3718 justum
665 3647 895 3715 faceret,
915 3651 973 3703 et
990 3647 1148 3703 omni
1170 3647 1611 3721 plenumjustiti
1623 3665 1675 3718 a,
1693 3665 2066 3722 nequaquam

417 3736 621 3808 utique
649 3736 961 3808 Apostolus
994 3737 1350 3810 neophytum
1385 3738 1702 3794 refutaret:
1739 3739 1839 3794 sed
1884 3737 2068 3810 bapti-

420 3841 587 3881 smus
616 3831 809 3881 vetera
837 3830 1074 3897 peccata
1097 3825 1444 3894 conscindit,
1477 3844 1655 3883 novas
1683 3828 1928 3882 virtutes
1950 3843 2064 3882 non

417 3913 898 3979 tribuit,dimittit
927 3931 958 3970 e
989 3931 1238 3983 carcere,
1263 3920 1320 3970 et
1340 3916 1675 3983 dimisso,si
1693 3915 2062 3982 laboraverit,

417 4001 659 4073 praemia
688 4001 1018 4074 pollicetur.
1047 4007 1163 4059 Aut
1193 4003 1415 4078 nullus,
1449 4005 1713 4078 inquam,
1765 4011 1865 4061 aut
1899 4021 2066 4060 rarus

416 4094 525 4159 est,
560 4091 660 4162 qui
681 4091 878 4147 omnia
899 4091 1266 4165 habeat,qua3
1288 4093 1502 4150 habere
1527 4095 1699 4151 debet
1732 4095 2062 4167 episcopus.

417 4181 484 4236 Et
518 4187 710 4236 tamen
743 4181 792 4236 si
826 4199 1007 4238 unum
1038 4181 1123 4238 vel
1165 4182 1281 4239 duo
1341 4184 1410 4240 de
1467 4183 1730 4256 catalogo
1780 4185 2062 4239 virtutum

415 4268 689 4342 episcopo
720 4271 996 4343 cuiquam
1028 4271 1340 4342 defuerint,
1391 4289 1506 4328 non
1540 4277 1736 4329 tamen
1780 4273 1885 4343 [Αι.
1949 4277 2064 4329 sta-

414 4357 545 4430 tim]
567 4357 716 4432 justi
747 4360 967 4416 carebit
992 4360 1272 4417 vocabulo
1306 4378 1318 4416 :
1355 4376 1460 4416 nec
1481 4377 1548 4416 ex
1578 4377 1644 4416 eo
1667 4359 2064 4428 damnabitur,

491 4501 710 4556 'Vatic
769 4520 878 4561 ms.
930 4520 1066 4558 cum
1125 4503 1378 4558 Victorio
1436 4509 1493 4559 et
1548 4502 1836 4560 Brixianis
1892 4505 2062 4562 codd.

417 4571 711 4646 Non_._;_nim
739 4575 1291 4646 sufﬁc‘itepiscop-um
1336 4575 1618 4646 propriam
1670 4575 1896 4642 habere,
1957 4580 2065 4632 etc.

485 4644 504 4676 ³
536 4642 1169 4719 Victor_ex_Brjxianis
1211 4642 1384 4719 codd.
1432 4642 1809 4702 ministrabat.
1857 4648 2068 4719 Sisque

417 4719 509 4772 est
537 4716 690 4790 apud
727 4716 889 4782 LXX,
923 4713 1258 4790 ὲλειτούριίςι
1287 4715 1561 4790 Hebrmus
1593 4723 1784 4773 tamen
1821 4719 1878 4774 in
1908 4713 2066 4774 futu-

419 4805 502 4863 ro.
521 4787 718 4863 ΔΡιιυιο
750 4792 883 4861 post
911 4805 1014 4860 pro
1045 4787 1412 4861 impudiciliis
1442 4805 1584 4844 mss.
1619 4790 1802 4846 nostri
1828 4791 2068 4863 impudi-

418 4862 496 4916 cis
521 4857 760 4914 habent;

487 4932 510 4965 ³
540 4932 646 5005 Qui
673 4933 1065 5005 conscientiam
1093 4947 1271 5005 suam.
1308 4930 1606 5005 Marianus
1636 4931 1730 4988 hic
1756 4933 1916 4987 addit
1937 4950 2068 5005 par-

420 5003 659 5058 ticulam
719 5003 1068 5076 negativam.
1125 5003 1230 5071 Qui
1294 5004 1682 5076 conscientiam
1747 5021 1904 5059 suam
1940 5003 2069 5060 'non

419 5077 631 5148 metuit,
655 5075 1161 5148 vocaﬁtquefmdum
1179 5090 1434 5129 errorem
1457 5075 1705 5143 Erasmi,
1750 5076 1902 5147 quod
1944 5076 2068 5132 sine

422 5145 727 5269 negatione
785 5145 1009 5219 legerit,
1057 5147 1164 5215 Qui
1208 5148 1599 5202 conscientiam
1645 5145 1812 5202 suam
1855 5149 2065 5202 metuit.

422 5216 493 5269 Se
573 5222 694 5269 erat
733 5217 857 5269 inse
905 5219 1222 5269 Marianus.
1253 5235 1368 5269 non
1423 5217 1764 5269 intelligens
1815 5224 2065 5269 mentem

421 5216 530 5290 _S_ed
573 5222 694 5271 erat
733 5216 866 5290 ipse
905 5219 1222 5290 Marianos,
1253 5235 1368 5273 non
1423 5217 1764 5290 intelligens
1815 5224 2068 5273 mentem

421 5286 780 5360 Hieronymi,
805 5288 1053 5360 dicentis
1107 5290 1450 5360 episcopum
1508 5286 1889 5344 criminosum
1952 5306 2068 5345 non

419 5357 803 5443 audere’vitia
820 5358 1006 5443 aliena
1033 5357 1401 5443 redarguere,
1417 5360 1557 5432 quia
1575 5362 1741 5416 timet
1769 5360 2066 5443 propriam

421 5429 844 5505 conscientiam
871 5448 890 5505 :_
920 5429 1471 5505 ideoquesitnulare
1503 5449 1565 5488 se
1625 5429 2067 5505 nescirefquod

422 5503 671 5556 cunctus
718 5500 969 5572 populus
1011 5500 1292 5556 clamitat.
1350 5503 1629 5560 Prmtcrea
1673 5521 1878 5560 omnes
1922 5500 2066 5560 mss.

423 5572 655 5628 codices
689 5571 868 5656 nostri
903 5571 1104 5656 legunt
1134 5572 1257 5656 sine
1291 5580 1537 5655 negante
1558 5576 1880 5656 particula.
1918 5577 2070 5656 Maa-

419 5660 574 5708 τιΑΝ.
616 5676 682 5684 -
714 5643 983 5703 Vaticani
1027 5643 1421 5704 Comcientiam
1476 5643 1820 5707 sui'metuit.
1877 5647 2068 5706 Victo-

2175 3291 2517 3350 clesiasticis
2573 3293 2797 3363 loquar.
2847 3291 3013 3348 Multi
3063 3309 3239 3364 super
3291 3291 3605 3364 Evangelia
3673 3293 3824 3349 bene

2175 3381 2495 3448 disserunt,
2522 3381 2622 3437 sed
2656 3381 2714 3436 in
2745 3381 3151 3452 explanatione
3166 3379 3427 3452 Apostoli
3451 3380 3706 3453 impares
3729 3381 3820 3438 sui

2175 3475 2335 3527 sunt.
2369 3471 2478 3526 Alii
2513 3487 2646 3525 cum
2681 3469 2737 3525 in
2779 3469 3172 3526 instrumento
3206 3486 3353 3526 novo
3379 3470 3598 3542 optime
3622 3486 3823 3526 sense-

2175 3560 2312 3627 rint,
2344 3561 2404 3615 in
2437 3559 2684 3616 Psalmis
2715 3563 2772 3614 et
2800 3559 2975 3614 veteri
3023 3559 3400 3615 Testamento
3464 3559 3613 3614 muti
3660 3564 3822 3614 sunt.

2175 3649 2292 3705 Hoc
2324 3654 2513 3706 totum
2544 3648 2696 3713 dico,
2729 3647 2886 3719 quod
2916 3663 3026 3703 non
3060 3649 3252 3702 omnia
3297 3663 3582 3719 possumus
3634 3663 3822 3703 omnes

2177 3738 2364 3808 (VIRG.
2399 3737 2578 3808 Eclog.
2609 3738 2711 3808 vn)
2747 3753 2760 3792 :
2792 3752 3079 3808 rarusque
3097 3740 3201 3792 aut
3215 3736 3417 3792 nullus
3439 3740 3530 3792 est
3548 3736 3822 3799 divitum,

2175 3827 2276 3900 qui
2299 3827 2358 3882 in
2380 3827 2539 3882 omni
2565 3825 2896 3882 substantia
2915 3841 3025 3880 sua
3046 3824 3209 3896 paria
3231 3824 3503 3880 universa
3523 3825 3828 3902 possideat

2174 3913 2478 3988 possibilia
2516 3913 2787 3986 praecepit
2815 3913 2990 3983 Deus,
3021 3918 3079 3968 et
3125 3929 3231 3986 ego
3284 3913 3489 3970 fateor.
3541 3913 3648 3968 Sed
3698 3913 3828 3971 haec

2176 4002 2482 4060 Possibilia
2510 4007 2723 4058 cuncta
2752 4001 2965 4074 singuli
3016 4001 3232 4058 habere
3281 4019 3398 4058 non
3448 4018 3768 4076 possumus
3799 4019 3812 4057 :

2175 4109 2291 4149 non
2343 4090 2742 4147 imbecillitate
2800 4095 3042 4161 naturae,
3114 4108 3185 4147 ne
3233 4091 3590 4149 calumniam
3642 4091 3826 4148 facias

2176 4184 2310 4248 Deo,
2342 4181 2442 4236 sed
2486 4178 2666 4235 animi
2696 4178 3066 4250 lassitudine,
3099 4180 3200 4252 qui
3249 4185 3492 4237 cunctas
3541 4179 3720 4237 simul
3769 4184 3832 4236 et

2174 4285 2406 4342 semper
2445 4285 2559 4324 non
2601 4271 2790 4340 potest
2819 4267 3032 4324 habere
3059 4269 3323 4324 virtutes.
3367 4270 3531 4337 Quod
3562 4274 3622 4325 et
3664 4269 3715 4325 si
3762 4269 3826 4325 in

2174 4376 2240 4416 eo
2273 4356 2471 4432 arguis
2525 4361 2874 4423 Creatorem,
2922 4373 3103 4428 quare
3148 4361 3205 4413 te
3241 4357 3419 4414 talem
3476 4358 3826 4427 condiderit,

2179 4500 2299 4555 rius
2329 4499 2586 4556 auctoris
2618 4503 2875 4555 mentem
2909 4515 3023 4554 non
3046 4504 3352 4556 assecutus
3375 4501 3446 4557 de
3470 4517 3576 4558 suo
3599 4499 3831 4558 addidit

2098 4563 2145 4628 D
2177 4571 2430 4643 negandi
2462 4570 2834 4643 particulam,
2863 4585 2974 4626 non
3001 4575 3217 4637 metuit,
3249 4575 3358 4627 etc.

2249 4639 2285 4678 ῖ
2299 4639 2556 4716 Sequitur
2585 4639 2940 4716 ἀνέγκλῂξῑον.
2974 4642 3142 4713 Apud
3186 4642 3552 4714 Apostolum,
3611 4644 3633 4700 Ι
3669 4641 3828 4700 Tim.

2179 4713 2575 4790 m,_sequitur
2615 4713 2699 4786 μὴ’
2743 4713 3026 4790 νέόξρυῖρν,
3048 4729 3158 4770 non
3202 4713 3538 4790 neophylum
3566 4732 3585 4769 :
3615 4719 3697 4790 at
3722 4731 3831 4786 pro

2176 4803 2242 4842 eo
2275 4787 2334 4842 in
2365 4782 2593 4841 cunctis
2617 4782 3056 4858 exemplaribus
3097 4782 3402 4858 mssslégo
3459 4782 3826 4858 ἆνὲγκλήὲον,

2176 4862 2296 4913 sine
2319 4859 2578 4924 crimine,
2611 4857 2751 4931 sive,
2785 4855 2850 4912 ut
2889 4873 3068 4931 supra
3097 4855 3198 4931 ait
3247 4855 3655 4931 Hieronymus,
3705 4860 3833 4931 sine

2176 4931 2531 5001 accusatione
2543 4947 2564 5001 _;
2596 4929 2749 5001 quod
2781 4927 3048 5001 convenit
3096 4928 3232 4983 huic
3283 4928 3431 4995 loco,
3465 4927 3543 4984 'ut
3587 4927 3645 5001 ag
3669 4930 3831 4984 nullo

2179 5011 2477 5058 accusetur.
2515 4999 2630 5055 Hoc
2661 5017 2752 5056 me
2785 4999 3070 5072 compulit
3100 5003 3327 5055 mutare
3356 5005 3607 5072 veterem
3632 4999 3833 5072 lectio-

2180 5090 2314 5129 nem
2345 5073 2634 5128 editorum
2663 5069 2970 5126 librorum.
3012 5072 3292 5127 ΜΑιιτιΑΝ.
3330 5103 3392 5112 -
3423 5071 3576 5127 Olim
3603 5071 3678 5142 μή
3711 5069 3832 5126 vio-

2181 5165 2368 5221 φυτον,
2405 5144 2564 5216 quod
2589 5143 2762 5215 paulo
2791 5143 3038 5198 inferius
3070 5142 3433 5214 expenditur.

2251 5217 2272 5249 ⁵
2299 5217 2552 5272 Verbum
2584 5216 2699 5272 vult
2728 5231 2872 5270 mss.
2906 5214 3090 5286 nostri
3132 5231 3246 5271 non
3275 5217 3604 5286 agnoscunt

2249 5287 2514 5353 6Vatic.,
2549 5292 2600 5342 et
2633 5286 2791 5342 nulla
2838 5285 3086 5355 indigere
3131 5285 3352 5356 virtute,
3390 5287 3508 5357 ejus
3541 5289 3638 5350 est,
3692 5289 3832 5352 etc.,

2179 5358 2273 5413 cui
2304 5375 2371 5415 ex
2403 5364 2568 5431 parte
2600 5358 2828 5431 Reginae
2859 5357 3008 5413 liber
3041 5358 3348 5431 consentit.

2253 5431 2271 5463 ⁷
2323 5427 2421 5487 Sic
2461 5447 2644 5498 mss.;
2686 5427 2830 5485 editi
2877 5445 3010 5484 vero
3055 5428 3365 5485 maledixit.
3430 5427 3608 5492 Paulo
3669 5427 3832 5483 infra

2178 5499 2421 5626 \2ictor.,
2455 5501 2556 5557 Sed
2584 5503 2931 5572 semetipsum
2962 5516 3019 5556 ea
3034 5501 3295 5568 inanivit,
3325 5517 3394 5556 ex
3441 5500 3636 5556 Graece
3694 5498 3826 5552 ἑαυ-

2178 5590 2206 5624 τ
2247 5594 2294 5626 ν.

2177 5590 2294 5629 τον.
