4110 6162
268 330 361 407 tu

1096 345 1486 411 DIALOGUS
1510 340 1845 411 CONTRA
1888 346 2407 417 PELAGIANOS.
2440 387 2517 402 —
2549 357 2697 420 LIB.
2742 358 2792 421 Ῑ.

3529 343 3657 430 δή

261 476 350 572 qui
376 474 611 572 deﬁcias
650 481 826 572 atque
871 476 1203 572 lassescas;
1250 479 1440 572 dicam
1491 481 1728 549 iterum.
1761 498 1887 537 ma-
1917 480 1972 549 Α
1999 505 2133 547 vera
2164 510 2293 563 quze
2319 493 2584 551 dicturus
2616 511 2768 562 sum,
2802 511 2935 551 cum
2968 494 3222 554 audieris
3250 500 3391 555 tunc
3427 498 3655 572 proba?

250 568 338 641 jor
379 567 485 622 erit
543 566 945 640 reprehensio,
1014 570 1063 623 si
1132 586 1266 625 eum
1307 570 1557 627 volueris
1597 587 1890 639 accusare,

261 673 425 730 quare
451 662 505 712 te
539 660 722 712 Deum
756 672 870 711 non
906 656 1124 713 fecerit.
1160 658 1271 714 Sed
1305 658 1485 727 dices,
1534 660 1589 715 Si
1622 677 1736 716 non
1769 678 1895 733 pose

260 762 405 813 sum,
435 761 570 817 ergo
600 750 906 816 peccatum
939 762 1053 800 non
1087 746 1299 804 habeo.
1364 749 1555 804 Habes
1591 754 1891 821 peccatum

262 850 444 906 quare
474 851 587 889 non
619 834 841 899 feceris,
875 835 1028 905 quod
1070 835 1221 891 alius
1272 838 1460 909 potuit
1508 839 1711 894 facere.
1747 840 1893 894 Rur-

270 939 515 995 sumque
545 922 653 989 ille,
685 924 858 993 cujus
882 929 942 978 tu
967 927 1401 997 comparatione
1424 928 1678 983 deterior
1699 946 1782 993 es,
1806 927 1893 983 vel

272 1012 356 1067 tui
396 1013 445 1065 in
505 1012 612 1067 alia
674 1012 906 1080 virtute,
976 1013 1064 1068 vel
1130 1014 1371 1071 alterius
1424 1017 1533 1071 erit
1589 1016 1893 1072 collatione

275 1104 554 1172 peccator;
580 1104 756 1172 atque
782 1101 861 1155 ita
885 1102 963 1165 fit,
992 1107 1057 1156 ut
1080 1120 1490 1176 quemcunque
1511 1106 1767 1176 primum
1791 1123 1895 1177 pu-

270 1189 483 1257 taveris,
517 1190 713 1243 minor
743 1190 821 1244 sit
840 1207 927 1256 eo,
956 1190 1057 1261 qui
1085 1207 1145 1246 se
1170 1192 1226 1246 in
1251 1192 1364 1248 alia
1387 1197 1548 1264 parte
1581 1195 1768 1265 major
1784 1199 1890 1249 est.

324 1278 405 1331 24.
438 1277 579 1331 Deus
607 1284 779 1348 potest
806 1293 1026 1333 servare
1071 1280 1349 1335 hominem
1394 1283 1514 1337 sine
1553 1290 1791 1352 peccato.
1828 1314 1894 1321 ——

260 1365 310 1420 ϐ.
338 1364 390 1420 Si
422 1381 543 1421 non
568 1369 765 1437 potest
794 1366 970 1422 homo
1002 1384 1130 1423 esse
1162 1369 1289 1424 sine
1319 1374 1575 1442 peccato,
1602 1372 1894 1443 quomodo

253 1454 425 1511 Judas
453 1453 671 1509 scribit
700 1454 1036 1526 apostolus:
1074 1481 1099 1507 κ
1134 1458 1197 1512 Ei
1231 1463 1425 1514 autem
1458 1460 1559 1531 qui
1582 1466 1786 1532 potens
1808 1465 1897 1515 est

255 1559 347 1600 vos
391 1559 746 1599 conservare
790 1544 917 1599 sine
960 1551 1219 1618 peccato,
1262 1552 1318 1603 et
1364 1549 1718 1605 constituere
1762 1554 1896 1605 ante

255 1636 629 1704 conspectum
662 1631 859 1705 glorias
889 1650 1009 1688 suae
1042 1635 1453 1693 immaculatos
1480 1638 1655 1707 (Iudae
1684 1639 1775 1710 24)
1806 1639 1833 1694 ?
1868 1662 1889 1688 ι

255 1722 360 1786 Quo
389 1720 740 1776 testimonio
773 1723 1191 1794 comprobatur
1220 1742 1392 1797 posse
1439 1727 1739 1783 hominem
1772 1744 1896 1784 ser-

253 1811 537 1918 varq‘sine
567 1814 828 1881 peccato,
863 1815 919 1865 et
948 1815 1242 1869 maculam
1270 1832 1385 1871 non
1408 1815 1620 1873 habere
1641 1816 1669 1871 ?
1688 1818 1748 1872 A.
1769 1818 1892 1872 Non
1929 1854 1975 1918 B

256 1897 527 1970 intelligis
550 1914 682 1968 que
700 1901 1096 1970 proposueris.
1118 1902 1317 1974 Neque
1337 1903 1490 1959 enim
1515 1904 1690 1960 homo
1712 1910 1901 1977 potest

256 1988 536 2043 essesine
602 1992 862 2058 peccato,
925 1990 1081 2060 quod
1153 1996 1256 2047 tua
1321 1992 1495 2049 habet
1560 1994 1894 2063 sententia;

259 2076 360 2130 sed
387 2080 603 2147 potest,
634 2076 679 2130 si
710 2076 959 2133 voluerit
988 2078 1165 2148 Deus,
1195 2081 1495 2137 hominem
1523 2099 1750 2138 servare
1773 2083 1899 2139 sine

261 2164 1029 2236 peceato,etimmaculatum
1044 2185 1151 2225 sua
1168 2170 1567 2226 misericordia
1580 2172 1804 2227 custodi
1816 2189 1894 2227 re.

258 2252 374 2307 Hoc
390 2257 447 2307 et
460 2269 567 2324 ego
579 2253 722 2321 dico,
746 2256 901 2326 quod
918 2256 1031 2312 Deo
1046 2263 1256 2313 cuncta
1270 2260 1576 2331 possibilia
1589 2265 1727 2316 sunt
1755 2287 1767 2328 ;
1792 2262 1897 2316 ho-

251 2340 389 2396 mini
414 2346 618 2396 autem
639 2359 754 2397 non
779 2344 1069 2416 quidquid
1090 2345 1338 2403 voluerit
1368 2349 1648 2420 possibile
1677 2354 1765 2405 est
1789 2368 1801 2417 ;
1837 2355 1896 2405 et

250 2429 500 2485 maxime
522 2430 581 2484 id
606 2446 756 2498 esse,
781 2433 938 2503 quod
964 2434 1184 2490 nullam
1212 2436 1420 2508 legeris
1441 2437 1655 2495 habere
1679 2443 1900 2494 creatu-

251 2534 389 2573 ram.
435 2519 498 2573 (2.
558 2518 686 2574 Non
748 2520 876 2575 dico
936 2520 1234 2579 hominem
1287 2541 1416 2581 esse
1476 2527 1603 2582 sine
1642 2531 1896 2598 peccato,

248 2608 389 2678 quod
421 2607 536 2662 tibi
571 2608 819 2664 forsitan
852 2611 1132 2681 possibile
1162 2613 1424 2670 videtur:
1451 2616 1550 2670 sed
1574 2632 1745 2687 posse
1770 2631 1897 2671 esse

247 2695 294 2750 si
323 2695 695 2751 velit.-Aliud
743 2703 833 2752 est
885 2698 1038 2754 enim
1090 2717 1235 2769 esse,
1291 2701 1447 2758 aliud
1492 2707 1700 2775 posse.’
1736 2705 1897 2771 Esse,

252 2786 445 2856 quaerit
491 2784 880 2857 exemplum:
934 2804 1126 2859 posse,
1177 2791 1433 2846 ostendit
1483 2792 1711 2865 imperii
1746 2794 1891 2849 721

249 2874 577 2929 veritatem.
614 2875 677 2928 Α.
712 2874 987 2946 Nugaris,
1021 2894 1126 2932 nec
1179 2879 1501 2936 meministi
1551 2880 1713 2937 illius
1762 2899 1899 2954 pro-

252 2962 421 3017 verbii
451 2981 465 3017 :
499 2987 529 3010 ‹‹
564 2966 782 3017 Actum
816 2980 889 3018 ne
919 2981 1058 3037 agas
1084 2984 1096 3033 ;
1128 2989 1153 3015 »
1178 2972 1233 3023 et
1256 2968 1313 3022 in
1337 2970 1538 3024 eodem
1562 2986 1721 3026 cceno
1743 2970 1900 3025 volu-

252 3052 404 3117 tatis,
434 3052 562 3106 imo
609 3051 853 3107 laterem
919 3053 1099 3111 lavas.
1167 3056 1277 3111 Pro
1345 3074 1460 3129 quo
1528 3058 1673 3113 nihil
1740 3058 1896 3115 aliud

249 3139 463 3207 audies,
502 3139 621 3194 nisi
680 3139 790 3195 hoc
859 3145 1012 3213 quod
1074 3145 1352 3200 omnibus
1414 3151 1609 3217 patet:
1679 3163 1801 3202 rem
1842 3151 1897 3202 te

252 3227 395 3283 velle
424 3228 689 3297 ﬁrmare,
724 3246 849 3300 quae
881 3247 985 3286 nec
1014 3237 1120 3299 est,
1158 3249 1262 3289 nec
1282 3234 1408 3302 fuit,
1432 3240 1489 3290 et
1526 3236 1767 3291 forsitan
1792 3253 1896 3292 nec
1928 3222 1970 3289 C

260 3314 458 3370 futura
487 3322 594 3371 est.
632 3320 821 3389 Atque
850 3323 911 3373 ut
944 3321 1071 3391 ipso
1102 3322 1275 3378 verbo
1316 3327 1465 3391 utar,
1507 3328 1562 3379 et
1591 3324 1898 3380 stultitiam

252 3402 545 3456 ἀσυστάτου
594 3408 745 3476 [mss
795 3411 1087 3480 asystatue]
1118 3411 1250 3482 (non
1302 3415 1667 3484 consistentis)
1727 3431 1897 3485 argu-

253 3492 634 3547 mentationis
679 3496 1007 3565 ostendam,
1063 3514 1187 3553 esse
1240 3517 1412 3571 posse
1460 3506 1515 3556 te
1564 3503 1654 3557 aio
1709 3504 1901 3558 dicere

254 3579 419 3649 quod
447 3596 574 3634 esse
604 3598 711 3636 non
744 3584 944 3656 possit.
983 3586 1099 3642 Hoc
1146 3589 1324 3658 enim,
1377 3592 1529 3662 quod
1589 3592 1895 3663 proposui-

263 3666 366 3734 sti,
395 3682 567 3738 posse
594 3668 879 3728 hominem
914 3676 1041 3730 sine
1072 3681 1308 3746 peccato
1339 3694 1467 3734 esse
1516 3678 1563 3734 si
1606 3678 1765 3749 velit,
1801 3683 1902 3735 aut

261 3763 601 3827 verumest,
634 3764 729 3814 aut
756 3762 971 3818 falsum
1004 3770 1113 3819 est.
1160 3766 1212 3820 Si
1247 3783 1448 3822 verum
1497 3772 1608 3834 est,
1660 3770 1900 3825 ostende

256 3845 395 3916 quis
450 3846 660 3903 fuerit:
730 3852 779 3905 si
847 3851 1086 3919 falsum,
1156 3856 1443 3928 quidquid
1513 3856 1727 3913 falsum
1788 3864 1897 3927 est,

251 3950 559 4007 nunquam
592 3938 717 3993 ﬁeri
751 3944 961 4011 potest.
1004 3942 1219 3998 Verum
1267 3945 1386 3999 haec
1442 3947 1610 4017 quasi
1662 3946 1900 4011 explosa

246 4027 571 4095 taceantur,
605 4031 663 4082 et
694 4027 754 4082 in
803 4030 1096 4087 scriniolis
1142 4033 1349 4088 vestris
1402 4037 1631 4090 tantum
1680 4035 1896 4090 mussi-

240 4116 389 4179 tant,
424 4115 726 4185 publicam
758 4118 967 4174 faciem
995 4120 1393 4177 formidantia.

301 4203 392 4257 25.
424 4205 659 4258 Librum
707 4207 927 4277 Pelagii
971 4210 1239 4279 confutet.
1276 4240 1341 4249 —-
1372 4211 1771 4267 Transeamus
1822 4213 1893 4267 ad

230 4288 359 4357 alia,
388 4291 451 4347 in
483 4292 707 4365 quibus
742 4300 1026 4368 perpetua
1056 4298 1321 4353 oratione
1352 4300 1637 4355 utendum
1669 4305 1777 4367 est,
1812 4300 1896 4357 ita

228 4380 538 4447 duntaxat,
584 4386 652 4437 ut
681 4382 900 4440 habeas
932 4390 1276 4457 potestatem
1308 4388 1607 4443 refellendi
1640 4394 1697 4445 et
1733 4406 1889 4461 quaa-

229 4470 389 4527 rendi
419 4471 472 4526 si
506 4470 651 4542 quid
681 4472 956 4529 volueris.
994 4474 1049 4528 C.
1102 4474 1352 4530 Audiam
1404 4476 1712 4547 patienter,
1770 4496 1885 4535 non

2003 580 2114 636 bis.
2151 583 2206 637 C.
2242 584 2499 655 Loquere
2530 590 2593 641 ut
2618 585 2722 653 vis,
2775 585 2917 640 mihi
2965 587 3259 642 decretum
3310 593 3415 658 est,
3466 589 3515 645 si
3548 607 3642 646 re-

2004 674 2289 743 spondere
2316 692 2433 731 non
2475 680 2736 748 potuero,
2789 676 2978 748 magis
3028 675 3220 743 silere,
3274 693 3451 749 quam
3479 696 3643 736 men-

2004 760 2168 817 dacio
2243 765 2632 835 acquiescere.
2701 765 2759 820 A.
2822 764 2973 830 Quid
3035 764 3273 820 interest
3331 770 3527 822 utrum
3588 772 3644 823 te

2004 855 2311 920 tacentem,
2346 870 2417 909 an
2448 853 2783 927 loquentem
2824 871 3115 927 superem,
3168 858 3223 909 et
3262 855 3429 925 juxta
3459 856 3643 911 Protei

2005 940 2261 998 fabulam
2295 944 2629 1015 vigilantem
2662 944 2910 1015 capiam,
2944 961 3015 998 an
3060 945 3449 999 dormientem
3480 945 3502 978 ²
3525 944 3553 999 ?
3585 946 3641 1000 C.

2004 1030 2149 1086 Cum
2182 1032 2395 1088 dixeris
2427 1051 2553 1105 quze
2583 1032 2856 1098 volueris,
2889 1033 3090 1089 audies
3122 1051 3247 1105 quae
3272 1050 3643 1106 nequaquam

2004 1120 2167 1175 velis.
2202 1121 2431 1177 Veritas
2463 1123 2617 1177 enim
2651 1121 2914 1177 laborare
2946 1126 3153 1194 potest,
3203 1122 3354 1177 vinci
3403 1140 3517 1177 non
3550 1140 3652 1195 po-

2003 1214 2136 1265 test.
2173 1213 2231 1266 A.
2268 1212 2427 1268 Libet
2457 1212 2779 1267 sententias
2798 1213 2819 1245 3
2840 1217 2971 1267 tuas
2994 1227 3310 1282 parumper
3332 1211 3644 1267 discutere.

2006 1305 2070 1353 ut
2102 1300 2430 1373 intelligant
2459 1305 2770 1356 sectatores
2818 1301 2927 1369 tui,
2977 1317 3152 1372 quam
3199 1300 3462 1356 divinum
3493 1300 3553 1355 in
3586 1307 3642 1356 te

2005 1388 2292 1445 mirentur
2319 1389 2641 1461 ingenium.
2676 1390 2849 1457 Dicis,
2886 1390 3057 1445 «Sine
3089 1392 3322 1459 peccato
3372 1404 3497 1443 esse
3530 1405 3646 1443 non

2006 1494 2197 1549 posse,
2232 1478 2347 1534 nisi
2380 1480 2479 1551 qui
2510 1480 2814 1535 scientiam
2838 1478 2985 1551 legis
3006 1477 3296 1543 habuerit,
3322 1498 3349 1525 ››
3375 1493 3476 1547 per
3496 1478 3650 1549 quod

2008 1582 2279 1637 magnam
2312 1557 2535 1639 partem
2568 1568 3031 1623 Christianorum
3054 1565 3314 1621 excludis
3336 1582 3369 1620 a
3390 1566 3653 1635 justitia,

2006 1661 2057 1709 et
2086 1655 2187 1726 qui
2249 1656 2587 1725 praedicator
2640 1673 2702 1712 es
2761 1654 3175 1727 impeccantiaa,
3236 1670 3440 1708 omnes
3474 1670 3653 1726 prope

2008 1748 2338 1814 peccatores
2368 1762 2495 1801 esse
2527 1745 2895 1818 pronuntias.
2948 1746 3169 1810 Quotus
3215 1742 3369 1798 enim
3403 1742 3653 1814 quisque

2006 1830 2470 1889 Christianorum
2531 1833 2708 1889 habet
2764 1832 2911 1905 legis
2966 1830 3293 1897 scientiam,
3354 1846 3533 1901 quam
3590 1829 3649 1884 in

2010 1920 2213 1976 multis
2244 1922 2583 1977 doctoribus
2612 1922 2917 1988 Ecclesiae;
2951 1924 3053 1975 aut
3085 1936 3236 1986 raro,
3271 1923 3374 1974 aut
3398 1918 3653 1974 difﬁcul-

2006 2013 2095 2064 ter
2150 2010 2463 2066 iuvenias?
2518 2012 2733 2067 Verum
2792 2015 2855 2066 tu
2915 2014 3086 2065 tantae
3143 2024 3205 2063 es
3264 2006 3654 2076 liberalitatis,

2012 2096 2161 2152 722
2194 2102 2258 2152 ut
2289 2098 2542 2154 favorem
2574 2098 2681 2153 tibi
2712 2098 2865 2170 apud
2916 2099 3241 2151 Amazonas
3286 2098 3417 2149 tuas
3468 2094 3657 2151 conci-

2006 2182 2133 2249 lies,
2168 2190 2232 2240 ut
2260 2186 2319 2240 in
2346 2185 2459 2241 alio
2488 2186 2615 2242 loco
2673 2185 2998 2258 scripseris,
3063 2205 3090 2232 ‹‹
3140 2182 3458 2239 Scientiam
3505 2183 3651 2256 legis

2008 2274 2184 2328 etiam
2237 2274 2486 2331 feminas
2532 2275 2746 2330 habere
2796 2275 3039 2341 debere;
3077 2295 3104 2322 »
3154 2288 3289 2326 cum
3338 2273 3655 2343 Apostolus

2008 2360 2211 2417 doceat
2240 2378 2369 2418 esse
2398 2363 2708 2418 tacendum
2763 2362 3110 2418 mulieribus
3160 2359 3217 2413 in
3277 2358 3522 2415 ecclesia
3553 2385 3566 2427 ;
3600 2365 3657 2414 et

2008 2448 2057 2505 si
2089 2451 2230 2521 quid
2264 2450 2552 2521 ignorant,
2586 2451 2741 2507 domi
2774 2452 2927 2506 viros
2949 2466 3089 2505 suos
3116 2448 3323 2504 debere
3350 2447 3653 2503 consulere

2008 2538 2056 2609 (1
2080 2542 2204 2597 Cor.
2255 2541 2393 2611 inv).
2441 2541 2555 2596 Nec
2604 2540 2822 2596 sufficit
2864 2540 2967 2593 tibi
3018 2536 3249 2592 dedisse
3297 2536 3517 2608 agmini
3549 2541 3647 2593 tuo

2008 2626 2312 2682 scientiam
2344 2628 2804 2701 Scripturarum,
2839 2627 2950 2682 nisi
2983 2642 3183 2681 earum
3239 2641 3375 2680 voce
3423 2632 3480 2680 et
3510 2643 3644 2681 can-

2008 2713 2140 2770 ticis
2185 2716 2510 2784 delecteris,
2561 2718 2770 2790 Jungis
2820 2716 2977 2772 enim
3029 2718 3085 2770 et
3133 2714 3302 2786 ponis
3346 2714 3405 2769 in
3456 2714 3650 2783 titulo,

2010 2826 2037 2853 ‹‹
2071 2805 2232 2870 Quod
2279 2810 2336 2861 et
2387 2806 2616 2863 feminas
2663 2808 2779 2862 Deo
2830 2804 3078 2878 psallere
3127 2803 3461 2859 debeant.»
3512 2803 3652 2867 Quis

2006 2892 2162 2947 enim
2194 2893 2422 2966 ignorat
2450 2895 2822 2968 psallendum
2847 2911 2973 2950 esse
3005 2891 3240 2948 feminis
3270 2892 3330 2947 in
3363 2892 3649 2948 cubiculis

2008 2981 2154 3045 suis,
2187 2987 2244 3038 et
2262 2984 2484 3055 absque
2499 2985 2755 3039 virorum
2776 2981 3101 3055 frequentia
3122 2986 3178 3036 et
3199 2980 3643 3053 congregatione

2006 3070 2311 3126 turbarum
2339 3073 2365 3126 ‘?
2405 3076 2619 3128 Verum
2670 3077 2732 3127 tu
2781 3073 2964 3127 donas
3014 3070 3167 3143 quod
3214 3072 3331 3125 non
3380 3069 3550 3137 licet;
3588 3076 3652 3125 ut

2008 3160 2160 3228 quod
2222 3163 2545 3216 verecunde
2608 3161 2792 3216 facere
2837 3161 3106 3227 debeant,
3154 3162 3212 3214 et
3260 3158 3484 3230 absque
3531 3157 3651 3213 ullo

2008 3246 2249 3314 arbitro,
2283 3249 2548 3321 magistri
2579 3250 2924 3304 auctoritate
2955 3246 3336 3320 proclament.

2077 3337 2167 3390 26.
2208 3339 2338 3392 Item
2386 3338 2587 3393 librum
2639 3338 2851 3408 Pelagii
2892 3338 3158 3407 con/utut.
3194 3366 3262 3375 —-
3295 3334 3476 3389 Addis
3507 3350 3655 3405 prae-

2008 3425 2167 3478 terea
2197 3425 2217 3457 ⁴
2246 3425 2355 3497 (tit.
2398 3443 2523 3494 xm,
2554 3425 2635 3481 al.
2669 3426 2811 3497 xxv).
2847 3448 2874 3477 ‹‹
2908 3426 3149 3483 Servum
3181 3422 3284 3480 Dei
3316 3421 3461 3478 nihil
3492 3439 3653 3479 ama-

2009 3527 2142 3566 rum
2174 3514 2245 3567 de
2273 3531 2369 3569 ore
2418 3532 2545 3580 suo,
2604 3515 2705 3570 sed
2762 3524 2992 3585 semper
3044 3514 3201 3585 quod
3260 3511 3429 3566 dulce
3472 3516 3563 3566 est
3595 3515 3652 3566 et

2009 3615 2187 3655 suave
2218 3602 2447 3669 debere,
2479 3604 2738 3675 proferre
2767 3626 2795 3654 »
2830 3608 2887 3659 et
2921 3602 3089 3673 quasi
3141 3600 3293 3656 alius
3342 3599 3420 3654 sit
3449 3616 3651 3656 servus

2009 3678 2131 3745 Dei,
2164 3679 2315 3737 alius
2346 3683 2547 3737 doctor
2571 3687 2628 3737 et
2657 3683 2930 3737 sacerdos
2950 3680 3232 3745 Ecclesiae,
3259 3679 3472 3750 prioris
3503 3678 3649 3733 obli-

2007 3771 2103 3823 tus
2130 3772 2450 3835 sententiae,
2502 3771 2669 3842 ponis
2702 3771 2761 3826 in
2807 3769 2920 3824 alio
2949 3767 3121 3824 titulo
3178 3768 3304 3838 (Tit.
3364 3782 3537 3833 xxvn,
3570 3768 3646 3820 al.

2005 3856 2165 3928 xxn),
2204 3882 2231 3907 ‹‹
2267 3860 2625 3915 sacerdotem
2672 3858 2792 3914 sive
2839 3859 3132 3914 doctorem
3183 3855 3451 3912 omnium
3482 3858 3648 3910 actus

2008 3945 2291 4017 speculari
2326 3947 2554 4013 debere,
2590 3952 2647 4001 et
2676 3946 3025 4002 ﬁducialiter
3072 3944 3363 4017 corripere
3396 3960 3648 4015 peccan-

2005 4039 2115 4104 tes,
2147 4051 2219 4089 ne
2248 4052 2353 4106 pro
2383 4035 2591 4090 iisdem
2628 4035 2911 4091 rationem
2961 4034 3164 4089 reddat
3193 4034 3301 4105 [Αἱ.
3390 4033 3645 4104 reddas].

2005 4128 2063 4178 et
2092 4139 2294 4178 eorum
2326 4123 2569 4196 sanguis
2617 4124 2687 4179 de
2734 4123 2857 4178 suis
2906 4123 3180 4178 manibus
3230 4121 3580 4193 requiratur.
3615 4144 3643 4170 ››

2003 4211 2118 4268 Nec
2166 4211 2345 4267 semel
2396 4212 2611 4267 dixisse
2661 4215 2968 4267 contentus
3010 4211 3068 4265 id
3119 4210 3314 4281 ipsum
3371 4208 3641 4280 replicas,

2002 4296 2059 4355 et
2089 4299 2348 4355 inculcas
2380 4300 2488 4372 (tit.
2519 4302 2673 4369 xxxx)
2708 4321 2736 4349 «
2769 4299 3130 4356 sacerdotem
3181 4298 3300 4353 sive
3345 4297 3642 4352 doctorem

2002 4389 2221 4445 nemini
2256 4388 2482 4444 adulari
2514 4390 2743 4456 debere,
2777 4389 2875 4444 sed
2908 4388 3190 4443 audenter
3228 4401 3433 4441 omnes
3464 4384 3643 4440 corri-

2001 4494 2155 4549 pere,
2192 4495 2263 4534 ne
2293 4482 2350 4533 et
2380 4494 2441 4533 se
2470 4481 2527 4533 et
2572 4494 2672 4534 eos
2720 4477 2843 4548 qui-
2867 4494 3001 4532 eum
3052 4475 3305 4530 audiunt
3353 4474 3579 4546 perdat.
3617 4496 3638 4522 ι

224 4559 375 4614 enim
414 4559 614 4614 dicam
650 4560 935 4629 libenter;
966 4568 1024 4617 et
1054 4564 1244 4636 magis
1276 4564 1533 4621 mirabor
1561 4566 1884 4638 ingenium,
1918 4596 1965 4660 Β
2002 4568 2264 4621 Tantane
2295 4567 2464 4622 estin
2488 4584 2604 4621 uno
2626 4582 2798 4638 opere
2819 4564 3207 4630 dissonantia,
3232 4566 3295 4618 ut
3316 4562 3459 4634 quid
3483 4561 3645 4632 prius

223 4649 383 4717 cujus
416 4654 634 4721 stupeo
668 4650 988 4706 falsitatem
1022 4654 1060 4705 ¹.
1099 4658 1174 4707 Α.
1232 4653 1433 4709 Utrum
1486 4654 1631 4711 falsa
1661 4656 1782 4712 sint
1811 4675 1883 4712 an

296 4826 312 4858 ³
348 4826 469 4909 Duo
520 4846 683 4909 mss._
721 4832 927 4909 nostri,
980 4834 1046 4888 Et
1096 4834 1344 4889 mirabor
1391 4836 1694 4906 ingenium,
1728 4840 1884 4909 cujus

221 4900 405 4971 mag};
431 4908 621 4971 stupeo
653 4902 971 4963 falsitatem.

286 4969 1000 5047 ’Vitiose_Martianaaus
1052 4992 1164 5029 non
1221 4992 1323 5045 pro
1386 4993 1485 5043 an,
1550 4978 1701 5047 quod
1738 4996 1881 5033 mss.

221 5055 430 5097 omnes
462 5044 1137 5118 praeferuntLVietorius
1180 5044 1415 5118 quoque
1461 5044 1661 5103 eodem
1705 5066 1883 5104 sensu

213 5128 345 5193 nam
378 5120 753 5193 reposuerat.
787 5116 1001 5172 Notum
1035 5134 1228 5189 porro,
1261 5116 1415 5190 quod
1451 5118 1721 5174 Proteum
1754 5121 1885 5175 dor-

214 5188 505 5241 mientem
539 5188 713 5257 cepit.

305 5290 502 5341 Pastor
530 5291 793 5342 Aristaeus
822 5293 1035 5357 fugiens
1067 5294 1260 5345 Peneia
1286 5296 1499 5359 Tempe,

212 5398 382 5470 quod
410 5396 622 5470 Virgil.
659 5416 715 5454 IV
745 5400 935 5469 Georg
966 5401 1145 5455 canit.

276 5467 299 5499 ³
328 5467 873 5547 Natat—sententias
901 5467 1121 5547 Pelagii
1156 5488 1223 5526 ex
1255 5473 1386 5547 eius
1438 5473 1585 5529 libro
1618 5476 1879 5547 Eulogia-

206 5552 333 5614 rane
393 5556 470 5594 ea:
497 5542 731 5614 divini:
786 5544 1088 5614 Scriptum}
1135 5544 1505 5614 capitulorum
1554 5542 1779 5603 κἠίίὶσίίέ
1816 5566 1878 5603 in

206 5610 441 5692 modum
472 5611 629 5681 (libri
655 5610 1146 5692 ATeAstimoitiorugn)
1295 5616 1561 5692 Cypriani
1608 5622 1874 5692 martyris

197 5686 570 5756 prasignato,
606 5690 673 5744 ut
704 5684 1043 5746 Gennadius
1073 5684 1466 5761 loquitur'cap
1496 5689 1582 5746 42.

1996 4655 2211 4711 dixeris
2245 4656 2471 4710 nescias
2492 4657 2519 4711 ‘?
2548 4656 2606 4711 Si
2637 4656 2793 4711 enim
2825 4672 3027 4712 servus
3064 4653 3165 4711 Dei
3198 4652 3343 4709 nihil
3376 4668 3642 4708 amarum

2064 4834 2085 4865 ‘
2111 4832 2432 4904 Numerum
2465 4833 2935 4904 uniuscujusque
2966 4833 3119 4888 tituli
3173 4827 3643 4904 addit_vetustis-

1997 4904 2185 4980 simus
2216 4903 2446 4980 Reginae
2480 4921 2593 4967 ms.
2629 4902 3127 4980 quemadmodum
3158 4908 3291 4959 aute
3321 4902 3641 4980 Erasmum

1993 4975 2399 5052 editi._/ttque
2436 4981 2612 5052 esset
2650 4973 2904 5052 quidem
2963 4973 3462 5052 cpermnpretium
3522 4973 3640 5052 sin-

1992 5047 2131 5129 gula
2163 5044 2455 5129 Pelagiani
2484 5045 2616 5127 libri
2662 5044 2937 5129 capitula,
2992 5044 3022 5100 ὁ
3071 5044 3288 5129 quibus
3336 5044 3641 5129 sentcntiae

1993 5114 2116 5195 ista:
2166 5114 2557 5195 proferuntur,
2593 5114 2845 5195 intextu
2894 5114 3331 5195 representarc,
3368 5114 3525 5187 quod
3557 5115 3639 5195 si:

1993 5190 2130 5246 mile
2168 5188 2278 5244 est
2308 5191 2525 5244 factum
2560 5189 2630 5242 ab
2664 5188 3035 5258 Hieronymo.
3076 5188 3185 5242 Sed
3241 5204 3374 5241 cum
3409 5188 3638 5258 numeri

1992 5261 2351 5318 notationem
2368 5259 2589 5315 nullam
2606 5259 2849 5331 habant,
2865 5257 2979 5314 alia
2994 5259 3265 5331 quaedam
3290 5257 3646 5331 exemplaria

1992 5332 2427 5403 antiquissima,
2458 5338 2583 5386 tum
2616 5348 2741 5403 quae
2764 5330 3101 5403 habeant,in
3134 5330 3452 5403 numericis
3488 5331 3642 5403 notis

1990 5400 2285 5459 inter—dum
2320 5400 2661 5467 dissideant,
2708 5402 2832 5474 ipse
2882 5419 3015 5457 vero
3063 5402 3459 5474 hazresiarcha}
3492 5400 3642 5474 liber

1981 5476 2212 5547 jamdiu
2244 5474 2501 5547 perierit,
2533 5472 2895 5545 neque—adeo
2926 5474 2991 5547 in
3018 5478 3291 5547 promptu
3336 5473 3412 5527 sit
3442 5472 3641 5529 lectio-

1992 5544 2123 5602 nem
2197 5562 2266 5600 ex
2352 5545 2447 5600 illo
2534 5544 2814 5612 asserere,
2888 5546 3073 5602 satius
3128 5544 3405 5601 duximus
3464 5549 3641 5600 notas

1990 5618 2121 5702 illas
2151 5632 2219 5702 ex
2251 5616 2429 5702 Regio
2479 5617 2607 5702 eqd.
2656 5617 2716 5702 in
2749 5616 3013 5702 margine
3060 5631 3374 5691 apponere,
3413 5615 3647 5672 varian-

1987 5690 2146 5748 tibus
2174 5689 2584 5749 tantummodo
2616 5689 2974 5751 subnotaﬁs.
