4094 6166
415 307 534 378 848
1648 312 1712 380 S.
1759 310 2075 379 EUSEBII
2119 309 2590 382 HIERONYMI.
3695 309 3820 382 5“

415 448 487 507 de
517 465 625 508 suo
658 450 829 509 debet
863 468 960 509 ore
987 453 1263 527 proferre,
1300 455 1399 512 sed
1432 471 1661 528 semper
1698 456 1853 528 quod
1884 453 2052 512 dulce
2081 448 2136 516 Α
2167 445 2537 526 intelligitur,
2566 453 2707 510 dum
2740 451 2990 527 gratiam
3021 450 3150 525 ejus
3180 467 3298 509 non
3346 451 3417 510 ad
3467 448 3705 524 singula
3732 463 3818 506 re-

415 544 473 598 et
501 557 679 598 suave
709 549 832 599 est:
867 547 968 601 aut
999 546 1269 602 sacerdos
1299 551 1355 602 et
1380 546 1580 603 doctor
1617 547 1768 603 servi
1811 546 1913 602 Dei
1944 563 2060 602 non
2172 543 2287 601 fers
2317 561 2512 617 opera,
2541 545 2640 601 sed
2673 543 2744 600 ad
2777 542 3130 600 conditionis
3160 559 3225 599 ac
3256 541 3403 615 legis
3435 547 3491 599 et
3521 539 3688 598 liberi
3723 556 3815 598 ar-

415 636 608 698 erunt,
637 633 736 704 qui
767 633 1120 690 fiducialiter
1149 636 1363 692 debent
1401 637 1687 708 corripere
1733 641 2056 708 peccantes,
2170 633 2326 689 bilrii
2357 637 2725 705 potestatem.

414 725 472 774 et
492 720 635 776 nulli
661 723 909 792 adulari,
931 725 1031 780 sed
1057 725 1334 780 audacter
1365 742 1568 780 omnes
1597 726 1895 797 increpare
1922 745 1934 792 ;
1958 731 2060 780 aut
2238 723 2326 780 28.
2352 723 2654 795 Impiorum
2673 727 2727 780 et
2746 725 3068 795 iniquorum
3082 724 3390 780 diversitas.
3413 753 3481 762 ——
3503 719 3654 776 Illud
3681 735 3815 776 vero

414 809 464 864 si
496 812 766 867 sacerdos
797 818 853 867 et
903 813 1121 877 doctor,
1173 831 1287 869 non
1341 813 1530 869 solum
1588 814 1738 870 servi
1795 814 1918 882 Dei,
1953 815 2054 870 sed
2168 813 2324 884 quod
2383 813 2442 867 in
2501 812 2769 883 sequenti
2823 812 2993 884 ponis
3051 812 3306 884 capitulo
3363 814 3468 884 (ιίι.
3536 827 3672 878 ιλιι,
3739 809 3819 865 al.

412 898 564 954 inter
589 916 786 956 servos
807 903 936 973 ejus
958 901 1336 974 principalem
1372 902 2058 970 tenentlocum;t'rustra
2167 905 2379 971 Lxxu):
2424 926 2450 952 ‹‹
2501 903 2563 957 In
2613 902 2708 957 die
2756 903 2966 972 judicii
3026 902 3246 974 iniquis
3297 908 3354 958 et
3409 897 3817 973 peccatoribus

410 988 593 1044 servis
628 989 720 1044 Dei
748 989 1064 1047 blanditias
1095 996 1150 1048 et
1179 991 1522 1048 dulcedines
1553 992 1884 1060 reservasti,
1921 1009 2055 1047 cum
2166 1009 2280 1047 non
2340 993 2722 1063 parcendum,
2783 992 2882 1046 sed
2925 993 3154 1048 aeternis
3217 1008 3316 1047 eos
3375 989 3609 1060 ignibus
3669 1005 3818 1043 exu-

411 1076 519 1131 hoe
552 1079 782 1149 proprie
813 1078 1218 1136 haereticorum
1250 1081 1349 1149 sit,
1371 1086 1427 1136 et
1448 1099 1649 1138 eorum
1673 1081 1771 1152 qui
1794 1082 2056 1152 decipere
2165 1082 2397 1137 rendos.
2435 1104 2461 1130 »
2494 1081 2641 1136 ferre
2678 1081 2811 1153 quis
2841 1087 3049 1153 potest,
3081 1086 3138 1137 et
3166 1082 3186 1116 ‘
3233 1080 3581 1136 interdicere
3612 1083 3666 1132 te
3699 1076 3813 1132 mi-

409 1166 662 1238 cupiunt
693 1169 1016 1237 audientes,
1051 1171 1666 1243 dicenteApostolo:«
1703 1170 2052 1241 Hujusmodi
2165 1171 2543 1226 sericordiam
2604 1170 2728 1237 Dei,
2788 1176 2846 1226 et
2902 1175 3035 1226 ante
3086 1171 3241 1226 diem
3280 1169 3491 1241 judicii
3551 1168 3618 1223 de
3676 1183 3816 1222 sen-

407 1256 564 1311 enim
600 1256 831 1313 Christo
863 1259 1109 1315 Domino
1143 1265 1338 1316 nostro
1370 1278 1484 1317 non
1518 1261 1800 1325 serviunt,
1825 1261 1923 1315 sed
1949 1276 2054 1314 suo
2161 1260 2343 1314 tentia
2410 1259 2631 1330 judicis
2722 1261 2879 1316 1‘34
2937 1259 3226 1330 judicare,
3304 1263 3370 1313 ut
3443 1258 3494 1314 si
3565 1254 3817 1311 voluerit

405 1347 611 1400 ventri.
635 1347 1036 1418 Etperdulces
1059 1366 1357 1406 sermones
1379 1349 2052 1415 etbenedictiones723
2164 1348 2382 1421 iniquis
2413 1355 2470 1404 et
2498 1349 2905 1420 peccatoribus
2963 1365 3219 1420 parcere,
3269 1353 3326 1404 te
3374 1345 3812 1418 praescribente,
3900 1355 3905 1361 '

408 1435 694 1489 seducunt
723 1436 897 1492 corda
922 1437 1320 1494 innocentium
1349 1438 1538 1509 (Rom.
1563 1456 1676 1504 xvr,
1702 1438 1810 1508 18).
1839 1460 1864 1487 »ο
1889 1439 2054 1494 Sem-
2163 1455 2278 1492 non
2311 1438 2546 1509 possit?
2576 1437 2735 1493 Dicis
2757 1438 2915 1493 enim
2943 1453 2954 1493 :
2979 1438 3277 1510 Scriptum
3297 1440 3388 1493 est
3407 1435 3469 1490 in
3488 1433 3813 1490 centesimo

407 1540 512 1595 per
542 1524 848 1592 insidiosa,
885 1525 1341 1594 callida,blanda
1361 1532 1450 1582 est
1470 1527 1750 1582 adulatio.
1776 1525 2052 1581 Pulchre-
2163 1526 2331 1582 tertio
2384 1526 2650 1598 psalmo:
2703 1549 2730 1576 ‹‹
2780 1527 3064 1583 Deﬁciant
3110 1531 3443 1598 peccatores
3489 1542 3525 1580 a
3569 1529 3726 1579 terra
3754 1525 3815 1576 et

408 1628 522 1681 que
553 1611 821 1667 adulator
863 1615 1015 1685 apud
1064 1615 1444 1688 philosophos
1493 1616 1773 1671 delinitur
1821 1615 2052 1671 blandus
2161 1615 2370 1687 iniqui,
2404 1616 2484 1671 ita
2514 1619 2579 1671 ut
2610 1632 2723 1672 non
2757 1616 2874 1671 sint
2907 1616 3081 1686 (Psal.
3104 1633 3224 1672 cm.
3247 1616 3359 1686 35).
3385 1638 3412 1667 ››
3439 1615 3510 1670 Et
3533 1614 3592 1670 in
3617 1610 3809 1668 Isaia:

407 1701 689 1756 inimicus.
711 1702 932 1758 Veritas
949 1720 1147 1760 amara
1163 1710 1270 1774 est,
1295 1721 1516 1776 rugosas
1534 1704 1740 1759 frontis
1757 1721 1822 1758 ac
1841 1703 2048 1769 tristis,
2163 1727 2188 1754 ‹‹
2225 1705 2653 1760 Comburentur
2684 1705 2870 1777 iniqui
2905 1709 2961 1760 et
2989 1710 3320 1777 peccatores
3368 1703 3567 1769 simul,
3618 1707 3675 1756 et
3705 1697 3809 1771 qui

404 1789 760 1861 oti‘enditque
791 1795 1155 1862 correptos‘.
1191 1794 1354 1848 Unde
1404 1798 1461 1850 et
1505 1792 1821 1864 Apostolus
1852 1792 2048 1864 loqui-
2079 1823 2127 1887 Β
2160 1793 2503 1866 relinquunt
2551 1799 2756 1860 Deum,
2808 1794 3382 1850 consummabuntur
3428 1794 3557 1864 (1.5a.
3602 1805 3806 1854 xxxiii,

404 1881 500 1932 tur
528 1893 539 1931 :
576 1901 602 1928 «
632 1878 910 1936 Inimicus
934 1880 1098 1936 vobis
1122 1883 1309 1938 factus
1328 1899 1483 1947 sum,
1514 1881 1820 1938 veritatem
1846 1881 2047 1937 dicens
2079 1878 2124 1887 ”
2158 1881 2266 1950 Η).
2301 1904 2328 1933 ››
2359 1887 2426 1938 Et
2455 1900 2570 1939 non
2603 1883 2884 1955 intelligis
2931 1882 3450 1940 comminationem
3496 1883 3596 1938 Dei
3625 1882 3809 1938 inter-

400 1965 564 2022 vobis
597 1967 798 2036 (Galat.
833 1986 908 2037 ιν,
942 1969 1050 2041 46),
1089 1993 1115 2018 ››
1147 1972 1218 2026 Et
1248 1971 1545 2027 comicus:
2156 1972 2300 2028 dum
2341 1989 2551 2028 sonare
2603 1973 2974 2028 clementiam
3004 1973 3032 2028 ?
3089 1973 3213 2028 Non
3265 1971 3420 2027 enim
3468 1971 3607 2027 dicit
3654 1988 3758 2028 eos
3786 1974 3811 2008 ⁸

495 2055 816 2120 Obsequium
852 2058 1071 2116 amiCOS.
1102 2060 1300 2110 Veritas
1330 2060 1513 2110 odium
1545 2062 1703 2124 parit.
2156 2061 2387 2116 aeternis
2417 2061 2658 2133 ignibus
2689 2063 3034 2126 exurendos,
3071 2062 3172 2117 sed
3203 2078 3238 2116 a
3265 2066 3421 2116 terra
3451 2061 3718 2128 deficere,
3748 2066 3811 2117 et

404 2142 766 2215 Quapropter
820 2149 877 2202 et
933 2147 1154 2203 Pascha
1211 2166 1345 2204 cum
1412 2149 1906 2206 amaritudinibus
1954 2167 2047 2205 co-
2156 2148 2390 2221 iniquos
2419 2167 2548 2206 esse
2579 2167 2828 2206 cessare.
2874 2149 3046 2205 Aliud
3076 2150 3233 2206 enim
3265 2156 3354 2206 est
3402 2150 3563 2222 ipsos
3617 2166 3811 2220 apec-

403 2232 717 2302 medimus,
751 2238 807 2289 et
835 2253 935 2291 vas
967 2235 1268 2294 electionis
1298 2239 1467 2295 docet
1494 2238 1718 2295 Pascha
1749 2237 2047 2294 celebran-
2156 2244 2281 2295 cato
2313 2243 2369 2294 et
2398 2239 2706 2310 iniquitate
2738 2239 3042 2307 desistere,
3091 2245 3148 2294 et
3194 2239 3352 2295 aliud
3405 2239 3566 2311 ipsos
3615 2239 3805 2310 perire

404 2320 546 2377 dum
577 2321 636 2377 in
665 2323 907 2380 veritate
939 2329 996 2381 et
1044 2325 1377 2382 sinceritate
1426 2328 1469 2398 (Ι
1515 2326 1636 2398 Cor,
1689 2328 1782 2398 v);
1835 2327 2047 2382 veritas
2155 2327 2216 2384 in
2246 2333 2615 2400 perpetuum,
2649 2331 2706 2382 et
2735 2327 2966 2383 eternis
2996 2327 3232 2399 ignibus
3275 2326 3656 2384 concremari.
3689 2331 3803 2382 De-

402 2409 460 2465 in
496 2409 664 2467 nobis
697 2412 775 2468 sit
805 2412 1130 2483 sinceritas,
1163 2420 1221 2472 et
1263 2416 1592 2474 amaritudo
1639 2415 1794 2472 illico
1843 2431 2044 2472 conse-
2157 2416 2332 2488 nique
2362 2415 2544 2472 Isaias
2569 2417 2641 2471 de
2672 2432 2787 2488 quo
2819 2415 2991 2488 ponis
3021 2416 3449 2483 testimonium,
3490 2439 3509 2464 α
3547 2415 3804 2472 Combu-

405 2503 639 2572 quetur.
2155 2514 2376 2575 rentur,
2405 2505 2618 2577 inquit,
2652 2508 2986 2578 peccatores
3025 2509 3083 2560 et
3127 2505 3316 2577 iniqui
3368 2503 3586 2571 simul;
3623 2527 3650 2554 »
3685 2521 3802 2560 non

471 2591 560 2643 27.
595 2590 800 2646 Omnia
835 2592 934 2648 Dei
957 2594 1234 2650 voluntate
1257 2597 1391 2665 regi.
1425 2625 1492 2636 -—
1524 2594 1673 2651 Illud
1724 2611 1855 2650 vero
1887 2593 2040 2666 quod
2155 2595 2337 2660 addit,
2380 2594 2440 2649 in
2491 2598 2805 2650 aeternum:
2859 2616 2888 2644 «
2942 2594 3009 2649 Et
3052 2589 3153 2666 qui
3203 2593 3544 2664 relinquunt
3589 2593 3800 2661 Deum,

399 2675 458 2736 in
491 2675 602 2735 alio
656 2678 826 2749 ponis
877 2680 1003 2736 loco
1053 2685 1158 2752 (tit.
1192 2683 1366 2753 xxxn),
1400 2705 1428 2733 »
1485 2683 1702 2739 Omnes
1749 2683 2046 2738 voluntate
2153 2683 2748 2740 consummabuntur.
2785 2704 2814 2731 ››
2846 2682 3085 2755 Proprie
3126 2681 3236 2738 hoc
3283 2683 3354 2737 de
3395 2681 3685 2737 haereticis
3714 2681 3802 2737 lo-

402 2766 638 2837 propria
666 2768 810 2841 regi,
843 2791 872 2820 ››
899 2770 1032 2841 quis
1062 2771 1527 2829 Christianorum
1573 2778 1764 2844 potest
1794 2770 2045 2827 audire?
2154 2772 2372 2842 quitur,
2435 2771 2535 2842 qui
2593 2776 2818 2826 rectum
2872 2771 3006 2826 ﬁdei
3051 2771 3346 2827 tramitem
3400 2771 3804 2843 relinquentes

402 2854 459 2908 Si
491 2854 648 2910 enim
705 2874 820 2913 non
880 2875 1054 2927 unus,
1115 2876 1218 2917 nec
1285 2861 1476 2932 pauci,
1546 2877 1652 2916 nec
1718 2859 1907 2926 multi,
1941 2859 2043 2914 sed
2153 2858 3798 2927 consummabuntur,sinoluerintadDomiuumreverti,

403 2960 607 3004 omnes
637 2953 921 3019 reguntur
952 2949 1188 3022 propria
1225 2950 1548 3014 voluntate.
1595 2950 1695 3006 ubi
1745 2949 1856 3006 erit
1880 2948 2044 3005 auxi-
2153 2965 2326 3019 quem
2359 2947 2817 3019 dereliquerunt.
2852 2950 2986 3012 Quae
3027 2950 3316 3006 sententia
3343 2954 3400 3004 et
3443 2949 3550 3004 tibi
3593 2955 3802 3020 parata

399 3031 546 3094 lium
577 3034 727 3091 Dei?
756 3037 825 3092 Et
853 3039 1146 3108 quomodo
1177 3039 1324 3096 illud
1355 3040 1594 3112 exponis
1614 3039 1642 3093 ?
1669 3060 1689 3087 ι
1721 3041 1768 3095 Α
1797 3027 2044 3095 Domino
2153 3042 2260 3106 est,
2294 3037 2343 3093 si
2368 3036 2692 3109 neglexeris
2719 3038 2791 3092 ad
2823 3037 3068 3093 meliora
3117 3038 3392 3094 converti.
3443 3038 3666 3095 Deinde
3693 3056 3799 3095 cu-

400 3137 640 3193 gressus
689 3123 946 3181 hominis
991 3127 1328 3199 diriguntur
1369 3129 1554 3200 (Prov.
1607 3146 1700 3195 xx,
1730 3129 1822 3198 24)
1853 3146 1865 3195 ;
1901 3149 1929 3176 ››
1960 3130 2038 3192 et,
2082 3194 2114 3200 _
2147 3129 2248 3199 jus
2279 3130 2368 3182 est
2408 3125 2774 3193 temeritatis,
2826 3126 3061 3198 iniquos
3110 3131 3170 3182 et
3217 3131 3550 3198 peccatores
3598 3128 3802 3199 impiis

407 3230 428 3256 α
463 3207 587 3263 Non
620 3215 710 3264 est
741 3211 799 3266 in
829 3211 1063 3268 homine
1088 3194 1180 3270 via
1204 3217 1334 3287 ejus
1365 3216 1579 3285 (Ierem.
1632 3233 1688 3284 x,
1741 3216 1834 3287 22)
1861 3234 1874 3283 ;
1906 3237 1932 3264 ››
1961 3219 2037 3281 et,
2071 3194 2114 3262 (ἶ
2144 3217 2414 3288 jungerc,
2449 3213 2607 3284 quia
2627 3213 2796 3269 nobis
2816 3213 2900 3270 sic
2921 3214 3330 3270 definiuntur?
3352 3215 3555 3272 Omnis
3576 3216 3800 3288 impius

401 3295 640 3352 «Nemo
699 3303 890 3368 potest
947 3303 1270 3373 quidquam
1329 3305 1606 3376 accipere,
1669 3305 1779 3362 nisi
1835 3304 2041 3360 datum
2149 3305 2389 3376 iniquus
2419 3308 2507 3359 est
2537 3309 2596 3359 et
2625 3308 2915 3374 peccator,
2945 3320 3050 3359 nec
3100 3305 3509 3376 reciprocatur,
3551 3310 3616 3360 nt
3654 3322 3798 3378 pos-

399 3384 578 3442 fuerit
605 3385 656 3441 ei
689 3387 936 3458 desuper
962 3391 1142 3456 (Joan.
1177 3407 1292 3462 nux,
1328 3392 1413 3463 il)
1443 3409 1455 3446 ε
1490 3414 1518 3444 ››
1553 3398 1609 3448 et
1657 3393 1716 3448 in
1749 3392 1861 3448 alio
1891 3391 2038 3458 loco,
2149 3395 2340 3449 simus
2389 3391 2598 3460 dicere,
2661 3393 2857 3448 omnis
2913 3397 3182 3465 peccator
3236 3398 3292 3448 et
3347 3393 3588 3465 iniquus
3616 3395 3796 3450 etiam

400 3495 428 3524 «
462 3473 611 3538 Quid
643 3475 801 3532 enim
833 3476 1018 3534 habes
1049 3479 1204 3551 quod
1236 3496 1351 3535 non
1383 3481 1658 3553 accepisti
1680 3482 1707 3534 ?
1728 3481 1858 3537 Etsi
1887 3496 2043 3536 acce-
2148 3483 2367 3554 impius
2388 3485 2477 3537 est
2499 3483 2540 3537 ⁸.
2573 3481 2847 3552 Impietas
2870 3481 3026 3537 enim
3051 3481 3285 3554 proprie
3304 3482 3375 3536 ad
3398 3497 3498 3537 eos
3519 3481 3796 3553 pertinet,

397 3563 557 3634 pisti,
591 3564 730 3635 quid
778 3564 1068 3637 gloriaris,
1118 3568 1287 3639 quasi
1335 3586 1450 3626 non
1504 3569 1794 3642 acceperis
1842 3571 1888 3642 (I
1917 3569 2037 3626 Cor.
2149 3572 2250 3644 qui
2280 3570 2544 3626 notitiam
2572 3570 2673 3626 Dei
2707 3587 2821 3626 non
2867 3569 3101 3637 hebent,
3148 3570 3238 3626 vel
3269 3570 3566 3643 cognitam
3596 3575 3794 3626 trans-

396 3669 475 3716 ιν,
522 3656 626 3719 7)?
676 3676 703 3703 »
752 3654 980 3710 dicente
1028 3656 1275 3713 Domino
1323 3657 1651 3715 Salvatore:
1708 3683 1734 3709 ‹‹
1777 3659 1901 3715 Non
1942 3659 2039 3714 de-
2148 3659 2445 3734 gressione
2474 3665 2799 3715 mutarunt.
2827 3664 3134 3716 Peccatum
3173 3664 3363 3716 autem
3413 3663 3472 3715 et
3511 3659 3802 3732 iniquitas

398 3741 598 3796 scendi
629 3744 699 3797 de
732 3742 875 3799 coelo
909 3748 972 3800 ut
1014 3745 1221 3801 faciam
1268 3745 1626 3804 voluntatem
1679 3765 1892 3814 meam,
1937 3743 2039 3802 Sed
2147 3766 2250 3821 pro
2284 3748 2564 3820 qualitate
2596 3748 2895 3816 vitiorum,
2931 3753 3062 3821 post
3091 3749 3312 3820 peccati
3359 3751 3419 3803 et
3463 3747 3798 3820 iniquitatis

397 3828 756 3886 voluntatem
787 3834 915 3903 ejus
968 3835 1068 3905 qui
1129 3852 1221 3891 me
1281 3836 1447 3891 misit
1503 3837 1690 3892 Patris
1749 3839 1923 3909 (Joan.
1957 3853 2038 3901 v1,
2147 3837 2406 3907 vulnera,
2461 3837 2669 3909 recipit
2725 3837 3057 3894 sanitatem.
3117 3837 3280 3892 Unde
3336 3837 3617 3909 scriptum
3665 3843 3797 3893 est:

398 3918 490 3982 38)
521 3936 533 3983 ;
560 3939 588 3967 »
611 3919 743 3973 etin
768 3919 880 3976 alio
901 3919 1026 3977 loco
1053 3939 1066 3977 :
1092 3946 1119 3973 «
1145 3924 1331 3988 Pater,
1353 3925 1402 3980 si
1425 3925 1548 3980 fieri
1572 3928 1816 3997 potest”,
1844 3931 2039 3981 trans-
2155 3948 2177 3976 ι
2212 3925 2396 3982 Multa
2435 3925 2664 3997 flagella
2712 3924 3030 3997 peccatoris
3079 3925 3255 3996 (Psal.
3313 3943 3466 3994 xxxx,
3511 3925 3634 3992 40);
3673 3947 3701 3973 ››
3735 3929 3800 3980 et

399 4010 494 4060 eat
525 4023 558 4060 a
607 4023 699 4062 me
744 4007 892 4063 calix
939 4010 1067 4066 iste.
1119 4012 1533 4069 Verumtamen
1585 4032 1700 4069 non
1752 4017 1903 4086 quod
1936 4031 2040 4086 ego
2150 4031 2264 4070 non
2296 4014 2570 4070 interitus
2599 4013 3012 4084 sempiternus.
3053 4014 3124 4068 Et
3170 4030 3272 4085 per
3319 4014 3518 4070 omnia
3563 4012 3798 4086 ﬂagella

399 4093 550 4164 volo,
584 4096 681 4151 sed
714 4097 867 4153 sicut
897 4104 956 4153 tu
987 4100 1138 4168 (Luc.
1171 4118 1312 4163 xxu,
1345 4103 1456 4173 42).
1490 4124 1520 4152 »
1570 4105 1641 4158 Et
1679 4105 1738 4159 in
1769 4103 2043 4159 Oratione
2151 4109 2325 4174 atque
2356 4103 2651 4158 cruciatus
2709 4103 3057 4158 emendatur
3104 4103 3301 4158 Israel.
3346 4126 3374 4152 «
3424 4103 3606 4167 Quem
3635 4103 3800 4158 enim

399 4183 745 4241 Dominica:
782 4186 969 4244 «Fiat
1017 4189 1288 4246 voluntas
1333 4195 1456 4258 tua,
1510 4193 1661 4247 sicut
1706 4192 1766 4247 in
1819 4192 1960 4248 ccelo
1987 4198 2044 4248 et
2151 4191 2342 4264 diligit
2369 4191 2654 4247 Dominus
2685 4190 2972 4262 corripit:
3019 4190 3276 4264 ﬂagellat
3321 4196 3516 4248 autem
3562 4208 3803 4247 omnem

402 4275 463 4330 in
517 4280 673 4330 terra
723 4277 931 4346 (Matth.
963 4295 1044 4346 vr,
1105 4280 1212 4350 10).
1267 4302 1295 4329 ››
1349 4281 1474 4345 Qua
1512 4281 1816 4336 sententiae
1864 4285 2043 4338 teme-
2151 4279 2338 4335 ﬁlium
2367 4295 2543 4351 quem
2577 4279 2785 4351 recipit
2835 4281 3014 4350 (Hebr.
3066 4297 3168 4350 xu,
3220 4281 3297 4352 6).
3348 4279 3520 4335 Aliud
3575 4284 3664 4335 est
3694 4296 3806 4334 ca:-

401 4363 574 4419 ritate
619 4365 814 4420 aufers
860 4365 961 4422 Dei
1013 4383 1186 4423 omne
1232 4368 1620 4438 praesidium?
1666 4368 1735 4423 Et
1780 4370 1934 4440 quod
1984 4371 2044 4427 in
2151 4369 2286 4425 dere
2317 4367 2583 4441 magistri
2642 4374 2698 4424 et
2753 4368 3010 4440 parentis
3067 4369 3313 4425 affectu:
3374 4368 3532 4426 aliud
3593 4374 3808 4424 contra

403 4451 516 4507 alio
546 4451 672 4508 loco
705 4453 923 4510 frustra
949 4456 1179 4511 conaris
1212 4456 1552 4528 adjungere,
1605 4481 1632 4506 «
1666 4458 1790 4513 Non
1824 4459 2046 4532 absque
2155 4458 2519 4515 adversarios
2553 4457 2773 4513 crudeli
2809 4459 3006 4514 animo
3047 4459 3339 4515 desaevire.
3364 4460 3548 4524 Quam
3572 4458 3643 4514 ob
3676 4475 3811 4514 cau-

400 4539 480 4595 De
512 4538 724 4613 igratia
752 4543 794 4608 ³,
830 4565 858 4592 ››
890 4545 1179 4614 quomodo
1222 4544 1425 4600 sentiri
1472 4545 1634 4613 velis,
1684 4563 1752 4602 ex
1783 4547 1892 4604 hoc
1918 4549 2042 4606 loco
2075 4565 2121 4631 D
2152 4564 2277 4604 sem
2308 4549 2327 4582 ⁷
2361 4552 2418 4604 et
2478 4547 2537 4601 in
2598 4547 2788 4618 primo
2843 4547 3070 4618 psalmo
3130 4548 3393 4604 canitur:
3455 4572 3482 4599 ‹‹
3517 4547 3807 4616 Quoniam

534 4794 803 4871 Vatican.
836 4795 1048 4866 Rugosa
1092 4797 1247 4866 frons
1294 4813 1358 4852 ac
1388 4797 1564 4852 iristis
1605 4796 1832 4867 offendit
1867 4802 2055 4871 utique
2163 4798 2317 4856 infra
2347 4797 2725 4871 ostendemus
2765 4813 2833 4852 ex
2880 4797 3061 4868 Epist.
3109 4795 3314 4852 Hilarii
3358 4797 3705 4871 Syracusani
3737 4798 3808 4852 ad

406 4869 701 4950 correptos,
734 4871 844 4923 etc.
1209 4938 1238 4950 η
1267 4939 1297 4950 η
1426 4947 1434 4950 _
1692 4940 1741 4950 υ
1788 4941 1822 4950 Α.
1958 4867 1975 4871 ’
2161 4868 2578 4950 Augustinum,
2612 4867 2848 4940 iniquos
2877 4867 3290 4950 et’peccatores
3312 4867 3688 4950 appellabant
3710 4885 3814 4950 e_o_s

475 4941 495 4972 ²
526 4938 774 5012 Quidam
808 4955 951 5012 mss.
987 4938 1046 4993 Si
1072 4938 1475 5012 possibileiest;
1520 4956 1653 4995 mox
1692 4940 1881 4995 Vatic.
1917 4959 2051 4996 cum
2164 4938 2352 5012 qui'in
2384 4939 2604 4995 divitiis
2638 4938 3069 5012 permanerent,
3103 4939 3280 4996 etiam
3323 4938 3495 4996 si'de
3543 4940 3690 5011 ipsis
3723 4942 3810 4995 di-

403 5009 602 5082 Regio,
635 5012 756 5066 Non
785 5011 926 5082 quod
955 5026 1056 5083 ego
1073 5009 1226 5076 ’volo,
1255 5011 1346 5066 sed
1376 5015 1455 5066 tu.
1503 5011 1783 5082 Denique,
1817 5013 1968 5068 Sicut
1992 5014 2055 5070 in
2162 5009 2318 5068 vitiis
2370 5009 2769 5083 eleemosynas
2818 5016 2875 5066 et
2921 5010 3038 5066 alia
3084 5028 3262 5082 opera
3331 5011 3482 5068 bona
3530 5009 3813 5079 facerent,

407 5083 756 5157 CLII/Oiliaft
787 5085 846 5138 in
876 5088 1047 5157 terra.
1182 5156 1188 5157 ί
1255 5155 1268 5157 _
1329 5154 1339 5157 _
1427 5155 1456 5157 η
1716 5154 1735 5157 Δ
1915 5155 1920 5157 _
2165 5085 2373 5157 sicque
2389 5085 2464 5157 ad
2497 5083 2723 5157 majora
2751 5087 2805 5137 et
2855 5083 3212 5157 perfectiora
3242 5083 3648 5157 hortabantur,
3669 5089 3751 5157 ut
3781 5101 3817 5142 θ.

476 5154 498 5186 ³
527 5152 655 5207 Vid.
690 5155 904 5210 librum
944 5155 1009 5210 de
1039 5156 1213 5209 Gestis
1243 5154 1477 5224 Pelagii,
1531 5171 1657 5225 cap.
1710 5154 1766 5220 3,
1821 5172 1877 5208 ιι.
1912 5155 1967 5223 5,
2001 5159 2057 5211 et
2167 5152 2494 5212 minoribus
2538 5152 2912 5209 deterrerent.
2964 5153 3074 5209 Vid
3126 5155 3276 5209 infra
3327 5153 3426 5210 lib.
3479 5173 3542 5223 ιι,
3592 5155 3704 5211 sub
3740 5157 3816 5211 fi-

407 5226 671 5300 sequ’ro
702 5228 920 5300 sentiri,
955 5227 1110 5296 quod
1146 5227 1471 5300 praeferunt
1494 5231 1814 5300 mss.,erat
1832 5229 2053 5282 sentire.
2166 5244 2344 5296 nem;
2391 5225 2606 5281 librum
2653 5241 2886 5298 quoque
2943 5226 3011 5282 de
3070 5225 3238 5283 Gestis
3297 5227 3534 5298 Pelagii,
3595 5243 3724 5300 cap.
3757 5228 3815 5282 3.

409 5294 571 5350 Patet
606 5311 736 5369 vero
768 5294 1020 5369 maxime
1068 5294 1164 5351 eis
1186 5297 1571 5369 sequentibus
1616 5297 1958 5369 Pelagianos
1989 5315 2056 5356 ea
2173 5294 2339 5354 num.
2368 5300 2422 5352 (δ.

407 5366 702 5437 sententia
730 5367 929 5437 gratiae
962 5366 1367 5424 necessitatem
1403 5367 1602 5423 tollere
1632 5366 1909 5425 voluisse.
2237 5371 2256 5404 ⁵
2289 5369 2450 5435 Quod
2483 5369 2680 5424 deerat
2703 5384 2788 5424 eos
2838 5367 3128 5426 sufficitur
3171 5385 3202 5424 e
3250 5385 3396 5425 mss.
3448 5373 3506 5425 et
3532 5369 3815 5428 Victorio.

479 5440 500 5470 ‘
529 5436 806 5513 Voculam
833 5439 1132 5513 et_rectius
1163 5455 1305 5513 mss.
1363 5440 1655 5513 ignorant.
1711 5442 1880 5497 Porro
1911 5439 2058 5513 falsa
2219 5442 2259 5513 7°
2292 5441 2518 5513 Iisdem
2554 5456 2699 5513 pene
2755 5439 2948 5495 verbis
3007 5441 3065 5496 S.
3127 5440 3402 5509 Hilarius,
3464 5441 3524 5498 in
3568 5440 3717 5513 psal.
3754 5460 3773 5496 ι
3803 5461 3816 5498 :

410 5508 688 5586 hisceret
716 5507 928 5586 Pelagii
965 5510 1306 5586 propositio,
1331 5507 1469 5586 quia
1493 5513 1741 5586 nimium
1768 5512 2058 5586 generalis
2169 5512 2342 5568 «Non
2365 5507 2579 5577 omnis,
2605 5512 2703 5583 qui
2728 5516 2996 5583 peccator
3016 5516 3122 5578 est,
3147 5516 3204 5567 et
3221 5507 3442 5585 impius
3471 5507 3587 5580 est;
3593 5513 3826 5586 impius

409 5588 467 5637 et
498 5579 786 5655 absoluta,
839 5579 1029 5655 neque
1073 5579 1475 5655 distinguebat
1528 5583 1679 5639 inter
1726 5579 2058 5655 graviorum
2171 5590 2366 5640 autem
2400 5600 2513 5638 non
2545 5579 2745 5655 potest
2763 5600 2876 5644 non
2909 5600 3038 5642 esse
3065 5579 3359 5655 peccator.
3401 5607 3429 5636 ››
3461 5579 3569 5642 etc.

412 5660 470 5720 et
498 5652 782 5710 leviorum
813 5652 1129 5714 criminum
1162 5667 1312 5712 reos.
1343 5653 1626 5714 Prwterea
1653 5652 1973 5727 Pelagiani,
1997 5661 2061 5714 ut
2241 5658 2258 5693 ⁷
2290 5655 2454 5722 Quod
2486 5652 2655 5716 ca‘ute
2701 5655 3016 5728 legendum
3065 5652 3266 5719 inoth
3301 5655 3693 5734 Martiannus,
3727 5656 3824 5716 lo-
