  <div class='ocr_page' id='page_1' title='image "/cluster/home/n/w/nwhite01/storage/ocr_20150623/23/hvd.32044052772480/280.png"; bbox 0 0 4110 6162; ppageno 0'>
   <div class='ocr_carea' id='block_1_1' title="bbox 231 196 344 259">
    <p class='ocr_par' dir='ltr' id='par_1_1' title="bbox 231 196 344 259">
     <span class='ocr_line' id='line_1_1' title="bbox 231 196 344 259; baseline -0.018 0"><span class='ocrx_word' id='word_1_1' title='bbox 231 196 344 259; x_wconf 70' lang='grc'>545</span> 
     </span>
    </p>
   </div>
   <div class='ocr_carea' id='block_1_2' title="bbox 1087 179 2790 256">
    <p class='ocr_par' dir='ltr' id='par_1_2' title="bbox 1087 179 2790 256">
     <span class='ocr_line' id='line_1_2' title="bbox 1087 179 2790 256; baseline 0 -4"><span class='ocrx_word' id='word_1_2' title='bbox 1087 181 1478 256; x_wconf 84' lang='lat' dir='ltr'>DlALOGUS</span> <span class='ocrx_word' id='word_1_3' title='bbox 1523 186 1838 254; x_wconf 78' lang='lat' dir='ltr'>CONTRA</span> <span class='ocrx_word' id='word_1_4' title='bbox 1883 179 2396 254; x_wconf 77' lang='lat' dir='ltr'>PELAGIANOS.</span> <span class='ocrx_word' id='word_1_5' title='bbox 2429 224 2505 236; x_wconf 84' lang='grc'><strong><em>-</em></strong></span> <span class='ocrx_word' id='word_1_6' title='bbox 2546 192 2695 253; x_wconf 87' lang='lat' dir='ltr'>LIB.</span> <span class='ocrx_word' id='word_1_7' title='bbox 2740 187 2790 252; x_wconf 84' lang='grc' dir='ltr'>ι.</span> 
     </span>
    </p>
   </div>
   <div class='ocr_carea' id='block_1_3' title="bbox 3503 148 3639 259">
    <p class='ocr_par' dir='ltr' id='par_1_3' title="bbox 3503 148 3639 259">
     <span class='ocr_line' id='line_1_3' title="bbox 3503 148 3639 259; baseline 0 0"><span class='ocrx_word' id='word_1_8' title='bbox 3503 148 3639 259; x_wconf 58' lang='grc' dir='ltr'>ω</span> 
     </span>
    </p>
   </div>
   <div class='ocr_carea' id='block_1_4' title="bbox 229 313 3637 398">
    <p class='ocr_par' dir='ltr' id='par_1_4' title="bbox 229 313 3637 398">
     <span class='ocr_line' id='line_1_4' title="bbox 229 313 3637 398; baseline 0 -12"><span class='ocrx_word' id='word_1_9' title='bbox 229 347 340 386; x_wconf 89' lang='lat' dir='ltr'>non</span> <span class='ocrx_word' id='word_1_10' title='bbox 369 328 698 398; x_wconf 86' lang='lat' dir='ltr'>resurgunt</span> <span class='ocrx_word' id='word_1_11' title='bbox 723 317 886 395; x_wconf 92' lang='lat' dir='ltr'>impii</span> <span class='ocrx_word' id='word_1_12' title='bbox 923 313 980 376; x_wconf 89' lang='lat' dir='ltr'>in</span> <span class='ocrx_word' id='word_1_13' title='bbox 1004 321 1265 393; x_wconf 86' lang='lat' dir='ltr'>judicio;</span> <span class='ocrx_word' id='word_1_14' title='bbox 1306 324 1473 392; x_wconf 67' lang='lat' dir='ltr'>njam</span> <span class='ocrx_word' id='word_1_15' title='bbox 1496 322 1653 378; x_wconf 89' lang='lat' dir='ltr'>enim</span> <span class='ocrx_word' id='word_1_16' title='bbox 1673 323 1732 378; x_wconf 88' lang='lat' dir='ltr'>in</span> <span class='ocrx_word' id='word_1_17' title='bbox 1755 325 1881 394; x_wconf 88' lang='lat' dir='ltr'>per-</span> <span class='ocrx_word' id='word_1_18' title='bbox 1907 323 1963 389; x_wconf 76' lang='grc' dir='ltr'><strong>Α</strong></span> <span class='ocrx_word' id='word_1_19' title='bbox 1995 322 2276 378; x_wconf 88' lang='lat' dir='ltr'>mentaris</span> <span class='ocrx_word' id='word_1_20' title='bbox 2311 322 2611 378; x_wconf 87' lang='lat' dir='ltr'>hominem</span> <span class='ocrx_word' id='word_1_21' title='bbox 2644 340 2759 378; x_wconf 92' lang='lat' dir='ltr'>non</span> <span class='ocrx_word' id='word_1_22' title='bbox 2788 339 2916 378; x_wconf 90' lang='lat' dir='ltr'>esse</span> <span class='ocrx_word' id='word_1_23' title='bbox 2943 321 3066 378; x_wconf 86' lang='lat' dir='ltr'>sine</span> <span class='ocrx_word' id='word_1_24' title='bbox 3096 329 3351 396; x_wconf 84' lang='lat' dir='ltr'>peccato,</span> <span class='ocrx_word' id='word_1_25' title='bbox 3384 329 3482 384; x_wconf 87' lang='lat' dir='ltr'>sed</span> <span class='ocrx_word' id='word_1_26' title='bbox 3508 345 3637 385; x_wconf 89' lang='lat' dir='ltr'>esse</span> 
     </span>
    </p>
   </div>
   <div class='ocr_carea' id='block_1_5' title="bbox 226 411 1884 483">
    <p class='ocr_par' dir='ltr' id='par_1_5' title="bbox 226 411 1884 483">
     <span class='ocr_line' id='line_1_5' title="bbox 226 411 1884 483; baseline -0.004 -11"><span class='ocrx_word' id='word_1_27' title='bbox 226 418 510 473; x_wconf 84' lang='lat' dir='ltr'>ditionem</span> <span class='ocrx_word' id='word_1_28' title='bbox 575 416 718 469; x_wconf 89' lang='lat' dir='ltr'>sunt</span> <span class='ocrx_word' id='word_1_29' title='bbox 777 411 1162 483; x_wconf 78' lang='lat' dir='ltr'>praejudicati,</span> <span class='ocrx_word' id='word_1_30' title='bbox 1198 433 1226 459; x_wconf 89' lang='grc'>‹‹</span> <span class='ocrx_word' id='word_1_31' title='bbox 1295 426 1486 482; x_wconf 91' lang='lat' dir='ltr'>neque</span> <span class='ocrx_word' id='word_1_32' title='bbox 1555 415 1884 483; x_wconf 89' lang='lat' dir='ltr'>peccatores</span> 
     </span>
    </p>
   </div>
   <div class='ocr_carea' id='block_1_6' title="bbox 229 498 1885 570">
    <p class='ocr_par' dir='ltr' id='par_1_6' title="bbox 229 498 1885 570">
     <span class='ocr_line' id='line_1_6' title="bbox 229 498 1885 570; baseline -0.005 -8"><span class='ocrx_word' id='word_1_33' title='bbox 229 505 378 562; x_wconf 70' lang='lat'>725</span> <span class='ocrx_word' id='word_1_34' title='bbox 455 505 514 558; x_wconf 91' lang='lat' dir='ltr'>in</span> <span class='ocrx_word' id='word_1_35' title='bbox 581 499 828 557; x_wconf 91' lang='lat' dir='ltr'>consilio</span> <span class='ocrx_word' id='word_1_36' title='bbox 887 499 1184 570; x_wconf 83' lang='lat' dir='ltr'>justorum</span> <span class='ocrx_word' id='word_1_37' title='bbox 1255 498 1431 570; x_wconf 81' lang='lat' dir='ltr'>(Psal.</span> <span class='ocrx_word' id='word_1_38' title='bbox 1468 517 1507 567; x_wconf 90' lang='lat'>1,</span> <span class='ocrx_word' id='word_1_39' title='bbox 1539 500 1615 569; x_wconf 80' lang='grc'>5).</span> <span class='ocrx_word' id='word_1_40' title='bbox 1649 521 1676 549; x_wconf 82' lang='grc'><strong>››</strong></span> <span class='ocrx_word' id='word_1_41' title='bbox 1710 499 1885 554; x_wconf 87' lang='lat' dir='ltr'>Aliud</span> 
     </span>
    </p>
   </div>
   <div class='ocr_carea' id='block_1_7' title="bbox 226 587 1886 664">
    <p class='ocr_par' dir='ltr' id='par_1_7' title="bbox 226 587 1886 664">
     <span class='ocr_line' id='line_1_7' title="bbox 226 587 1886 664; baseline -0.005 -13"><span class='ocrx_word' id='word_1_42' title='bbox 226 595 384 651; x_wconf 87' lang='lat' dir='ltr'>enim</span> <span class='ocrx_word' id='word_1_43' title='bbox 414 597 507 649; x_wconf 87' lang='lat' dir='ltr'>est</span> <span class='ocrx_word' id='word_1_44' title='bbox 537 587 786 664; x_wconf 82' lang='lat' dir='ltr'>gloriam</span> <span class='ocrx_word' id='word_1_45' title='bbox 810 588 1048 660; x_wconf 80' lang='lat' dir='ltr'>perdere</span> <span class='ocrx_word' id='word_1_46' title='bbox 1105 587 1472 659; x_wconf 88' lang='lat' dir='ltr'>resurgendi,</span> <span class='ocrx_word' id='word_1_47' title='bbox 1505 587 1661 642; x_wconf 82' lang='lat' dir='ltr'>aliud</span> <span class='ocrx_word' id='word_1_48' title='bbox 1700 589 1886 659; x_wconf 90' lang='lat' dir='ltr'>perire</span> 
     </span>
    </p>
   </div>
   <div class='ocr_carea' id='block_1_8' title="bbox 228 675 1886 756">
    <p class='ocr_par' dir='ltr' id='par_1_8' title="bbox 228 675 1886 756">
     <span class='ocr_line' id='line_1_8' title="bbox 228 675 1886 756; baseline -0.004 -18"><span class='ocrx_word' id='word_1_49' title='bbox 228 688 556 756; x_wconf 86' lang='lat' dir='ltr'>perpetuo:</span> <span class='ocrx_word' id='word_1_50' title='bbox 595 701 619 730; x_wconf 73' lang='grc' dir='ltr'>α</span> <span class='ocrx_word' id='word_1_51' title='bbox 645 678 876 742; x_wconf 82' lang='lat' dir='ltr'>Veniet,</span> <span class='ocrx_word' id='word_1_52' title='bbox 910 675 1122 749; x_wconf 82' lang='lat' dir='ltr'>inquit,</span> <span class='ocrx_word' id='word_1_53' title='bbox 1189 675 1354 741; x_wconf 86' lang='lat' dir='ltr'>hora,</span> <span class='ocrx_word' id='word_1_54' title='bbox 1421 675 1478 729; x_wconf 91' lang='lat' dir='ltr'>in</span> <span class='ocrx_word' id='word_1_55' title='bbox 1538 693 1652 747; x_wconf 87' lang='lat' dir='ltr'>qua</span> <span class='ocrx_word' id='word_1_56' title='bbox 1684 693 1886 731; x_wconf 87' lang='lat' dir='ltr'>omnes</span> 
     </span>
    </p>
   </div>
   <div class='ocr_carea' id='block_1_9' title="bbox 234 763 1884 843">
    <p class='ocr_par' dir='ltr' id='par_1_9' title="bbox 234 763 1884 843">
     <span class='ocr_line' id='line_1_9' title="bbox 234 763 1884 843; baseline -0.004 -17"><span class='ocrx_word' id='word_1_57' title='bbox 234 771 343 843; x_wconf 88' lang='lat' dir='ltr'>qui</span> <span class='ocrx_word' id='word_1_58' title='bbox 373 772 439 824; x_wconf 89' lang='lat' dir='ltr'>in</span> <span class='ocrx_word' id='word_1_59' title='bbox 469 765 738 840; x_wconf 75' lang='lat' dir='ltr'>sepulcris</span> <span class='ocrx_word' id='word_1_60' title='bbox 771 770 929 833; x_wconf 88' lang='lat' dir='ltr'>sunt,</span> <span class='ocrx_word' id='word_1_61' title='bbox 963 764 1203 820; x_wconf 89' lang='lat' dir='ltr'>audient</span> <span class='ocrx_word' id='word_1_62' title='bbox 1231 781 1432 819; x_wconf 85' lang='lat' dir='ltr'>vocem</span> <span class='ocrx_word' id='word_1_63' title='bbox 1462 763 1612 835; x_wconf 88' lang='lat' dir='ltr'>ejus,</span> <span class='ocrx_word' id='word_1_64' title='bbox 1636 768 1693 819; x_wconf 90' lang='lat' dir='ltr'>et</span> <span class='ocrx_word' id='word_1_65' title='bbox 1723 780 1884 837; x_wconf 87' lang='lat' dir='ltr'>egre-</span> 
     </span>
    </p>
   </div>
   <div class='ocr_carea' id='block_1_10' title="bbox 240 852 1882 927">
    <p class='ocr_par' dir='ltr' id='par_1_10' title="bbox 240 852 1882 927">
     <span class='ocr_line' id='line_1_10' title="bbox 240 852 1882 927; baseline -0.006 -12"><span class='ocrx_word' id='word_1_66' title='bbox 240 861 501 923; x_wconf 89' lang='lat' dir='ltr'>dientur,</span> <span class='ocrx_word' id='word_1_67' title='bbox 534 855 626 927; x_wconf 88' lang='lat' dir='ltr'>qui</span> <span class='ocrx_word' id='word_1_68' title='bbox 659 855 811 909; x_wconf 88' lang='lat' dir='ltr'>bona</span> <span class='ocrx_word' id='word_1_69' title='bbox 835 854 1115 918; x_wconf 85' lang='lat' dir='ltr'>fecerunt,</span> <span class='ocrx_word' id='word_1_70' title='bbox 1136 852 1195 906; x_wconf 90' lang='lat' dir='ltr'>in</span> <span class='ocrx_word' id='word_1_71' title='bbox 1220 852 1707 907; x_wconf 82' lang='lat' dir='ltr'>resurrectionem</span> <span class='ocrx_word' id='word_1_72' title='bbox 1727 853 1882 918; x_wconf 79' lang='lat' dir='ltr'>vitae;</span> 
     </span>
    </p>
   </div>
   <div class='ocr_carea' id='block_1_11' title="bbox 243 940 1883 1020">
    <p class='ocr_par' dir='ltr' id='par_1_11' title="bbox 243 940 1883 1020">
     <span class='ocr_line' id='line_1_11' title="bbox 243 940 1883 1020; baseline -0.005 -18"><span class='ocrx_word' id='word_1_73' title='bbox 243 948 346 1020; x_wconf 89' lang='lat' dir='ltr'>qui</span> <span class='ocrx_word' id='word_1_74' title='bbox 411 950 603 1000; x_wconf 84' lang='lat' dir='ltr'>autem</span> <span class='ocrx_word' id='word_1_75' title='bbox 691 942 845 997; x_wconf 89' lang='lat' dir='ltr'>mala</span> <span class='ocrx_word' id='word_1_76' title='bbox 927 947 1193 1014; x_wconf 89' lang='lat' dir='ltr'>egerunt,</span> <span class='ocrx_word' id='word_1_77' title='bbox 1265 941 1322 994; x_wconf 91' lang='lat' dir='ltr'>in</span> <span class='ocrx_word' id='word_1_78' title='bbox 1399 940 1883 996; x_wconf 80' lang='lat' dir='ltr'>resurrectionem</span> 
     </span>
    </p>
   </div>
   <div class='ocr_carea' id='block_1_12' title="bbox 230 1029 1887 1106">
    <p class='ocr_par' dir='ltr' id='par_1_12' title="bbox 230 1029 1887 1106">
     <span class='ocr_line' id='line_1_12' title="bbox 230 1029 1887 1106; baseline -0.004 -16"><span class='ocrx_word' id='word_1_79' title='bbox 230 1033 440 1106; x_wconf 83' lang='lat' dir='ltr'>judicii</span> <span class='ocrx_word' id='word_1_80' title='bbox 468 1034 648 1103; x_wconf 81' lang='lat' dir='ltr'>(Joan.</span> <span class='ocrx_word' id='word_1_81' title='bbox 685 1050 739 1097; x_wconf 88' lang='lat' dir='ltr'>v,</span> <span class='ocrx_word' id='word_1_82' title='bbox 771 1031 862 1098; x_wconf 83' lang='lat'>28,</span> <span class='ocrx_word' id='word_1_83' title='bbox 885 1031 997 1102; x_wconf 84' lang='lat'>29).</span> <span class='ocrx_word' id='word_1_84' title='bbox 1030 1054 1056 1078; x_wconf 89' lang='grc'><strong>››</strong></span> <span class='ocrx_word' id='word_1_85' title='bbox 1081 1030 1244 1086; x_wconf 91' lang='lat' dir='ltr'>Unde</span> <span class='ocrx_word' id='word_1_86' title='bbox 1270 1033 1328 1084; x_wconf 86' lang='lat' dir='ltr'>et</span> <span class='ocrx_word' id='word_1_87' title='bbox 1345 1029 1662 1102; x_wconf 81' lang='lat' dir='ltr'>Apostolus</span> <span class='ocrx_word' id='word_1_88' title='bbox 1684 1031 1887 1085; x_wconf 89' lang='lat' dir='ltr'>eodem</span> 
     </span>
    </p>
   </div>
   <div class='ocr_carea' id='block_1_13' title="bbox 228 1119 1888 1192">
    <p class='ocr_par' dir='ltr' id='par_1_13' title="bbox 228 1119 1888 1192">
     <span class='ocr_line' id='line_1_13' title="bbox 228 1119 1888 1192; baseline -0.004 -13"><span class='ocrx_word' id='word_1_89' title='bbox 228 1140 435 1188; x_wconf 87' lang='lat' dir='ltr'>sensu,</span> <span class='ocrx_word' id='word_1_90' title='bbox 501 1120 642 1192; x_wconf 88' lang='lat' dir='ltr'>quia</span> <span class='ocrx_word' id='word_1_91' title='bbox 698 1121 901 1176; x_wconf 88' lang='lat' dir='ltr'>eodem</span> <span class='ocrx_word' id='word_1_92' title='bbox 958 1125 1015 1176; x_wconf 90' lang='lat' dir='ltr'>et</span> <span class='ocrx_word' id='word_1_93' title='bbox 1071 1119 1306 1190; x_wconf 85' lang='lat' dir='ltr'>spiritu,</span> <span class='ocrx_word' id='word_1_94' title='bbox 1364 1119 1626 1190; x_wconf 86' lang='lat' dir='ltr'>loquitur</span> <span class='ocrx_word' id='word_1_95' title='bbox 1658 1120 1729 1175; x_wconf 84' lang='lat' dir='ltr'>ad</span> <span class='ocrx_word' id='word_1_96' title='bbox 1772 1120 1888 1174; x_wconf 79' lang='lat' dir='ltr'>Ro-</span> 
     </span>
    </p>
   </div>
   <div class='ocr_carea' id='block_1_14' title="bbox 228 1207 1885 1280">
    <p class='ocr_par' dir='ltr' id='par_1_14' title="bbox 228 1207 1885 1280">
     <span class='ocr_line' id='line_1_14' title="bbox 228 1207 1885 1280; baseline -0.002 -14"><span class='ocrx_word' id='word_1_97' title='bbox 228 1227 470 1266; x_wconf 87' lang='lat' dir='ltr'>manos:</span> <span class='ocrx_word' id='word_1_98' title='bbox 507 1233 535 1258; x_wconf 84' lang='lat'><strong><em>«</em></strong></span> <span class='ocrx_word' id='word_1_99' title='bbox 573 1208 922 1280; x_wconf 85' lang='lat' dir='ltr'>Quicunque</span> <span class='ocrx_word' id='word_1_100' title='bbox 952 1207 1106 1262; x_wconf 90' lang='lat' dir='ltr'>enim</span> <span class='ocrx_word' id='word_1_101' title='bbox 1138 1208 1263 1263; x_wconf 87' lang='lat' dir='ltr'>sine</span> <span class='ocrx_word' id='word_1_102' title='bbox 1321 1207 1447 1278; x_wconf 86' lang='lat' dir='ltr'>lege</span> <span class='ocrx_word' id='word_1_103' title='bbox 1478 1213 1885 1279; x_wconf 88' lang='lat' dir='ltr'>peccaverunt,</span> 
     </span>
    </p>
   </div>
   <div class='ocr_carea' id='block_1_15' title="bbox 229 1295 1886 1370">
    <p class='ocr_par' dir='ltr' id='par_1_15' title="bbox 229 1295 1886 1370">
     <span class='ocr_line' id='line_1_15' title="bbox 229 1295 1886 1370; baseline -0.004 -14"><span class='ocrx_word' id='word_1_104' title='bbox 229 1301 358 1356; x_wconf 88' lang='lat' dir='ltr'>sine</span> <span class='ocrx_word' id='word_1_105' title='bbox 391 1299 521 1370; x_wconf 91' lang='lat' dir='ltr'>lege</span> <span class='ocrx_word' id='word_1_106' title='bbox 553 1297 853 1369; x_wconf 89' lang='lat' dir='ltr'>peribunt.</span> <span class='ocrx_word' id='word_1_107' title='bbox 887 1297 954 1351; x_wconf 87' lang='lat' dir='ltr'>Et</span> <span class='ocrx_word' id='word_1_108' title='bbox 984 1296 1319 1368; x_wconf 88' lang='lat' dir='ltr'>quicunque</span> <span class='ocrx_word' id='word_1_109' title='bbox 1350 1296 1409 1350; x_wconf 92' lang='lat' dir='ltr'>in</span> <span class='ocrx_word' id='word_1_110' title='bbox 1460 1295 1582 1368; x_wconf 89' lang='lat' dir='ltr'>lege</span> <span class='ocrx_word' id='word_1_111' title='bbox 1614 1312 1886 1367; x_wconf 84' lang='lat' dir='ltr'>peccave-</span> 
     </span>
    </p>
   </div>
   <div class='ocr_carea' id='block_1_16' title="bbox 227 1383 1889 1458">
    <p class='ocr_par' dir='ltr' id='par_1_16' title="bbox 227 1383 1889 1458">
     <span class='ocr_line' id='line_1_16' title="bbox 227 1383 1889 1458; baseline -0.003 -15"><span class='ocrx_word' id='word_1_112' title='bbox 227 1391 388 1456; x_wconf 85' lang='lat' dir='ltr'>runt,</span> <span class='ocrx_word' id='word_1_113' title='bbox 422 1402 531 1458; x_wconf 90' lang='lat' dir='ltr'>per</span> <span class='ocrx_word' id='word_1_114' title='bbox 565 1386 751 1458; x_wconf 85' lang='lat' dir='ltr'>legem</span> <span class='ocrx_word' id='word_1_115' title='bbox 778 1383 1204 1455; x_wconf 88' lang='lat' dir='ltr'>judicabuntur</span> <span class='ocrx_word' id='word_1_116' title='bbox 1235 1387 1392 1452; x_wconf 80' lang='lat' dir='ltr'>(Rom</span> <span class='ocrx_word' id='word_1_117' title='bbox 1451 1401 1512 1449; x_wconf 91' lang='lat'>11,</span> <span class='ocrx_word' id='word_1_118' title='bbox 1545 1384 1655 1454; x_wconf 69' lang='lat'>4‘2).</span> <span class='ocrx_word' id='word_1_119' title='bbox 1693 1405 1720 1432; x_wconf 83' lang='lat'>»</span> <span class='ocrx_word' id='word_1_120' title='bbox 1755 1384 1889 1438; x_wconf 88' lang='lat' dir='ltr'>Sine</span> 
     </span>
    </p>
   </div>
   <div class='ocr_carea' id='block_1_17' title="bbox 224 1471 1891 1548">
    <p class='ocr_par' dir='ltr' id='par_1_17' title="bbox 224 1471 1891 1548">
     <span class='ocr_line' id='line_1_17' title="bbox 224 1471 1891 1548; baseline -0.004 -16"><span class='ocrx_word' id='word_1_121' title='bbox 224 1477 352 1548; x_wconf 88' lang='lat' dir='ltr'>lege</span> <span class='ocrx_word' id='word_1_122' title='bbox 384 1475 612 1546; x_wconf 90' lang='lat' dir='ltr'>impius</span> <span class='ocrx_word' id='word_1_123' title='bbox 644 1477 756 1540; x_wconf 88' lang='lat' dir='ltr'>est,</span> <span class='ocrx_word' id='word_1_124' title='bbox 787 1473 888 1544; x_wconf 90' lang='lat' dir='ltr'>qui</span> <span class='ocrx_word' id='word_1_125' title='bbox 921 1473 978 1527; x_wconf 91' lang='lat' dir='ltr'>in</span> <span class='ocrx_word' id='word_1_126' title='bbox 1048 1477 1328 1528; x_wconf 55' lang='lat' dir='ltr'>aeternum</span> <span class='ocrx_word' id='word_1_127' title='bbox 1364 1471 1591 1544; x_wconf 85' lang='lat' dir='ltr'>peribit.</span> <span class='ocrx_word' id='word_1_128' title='bbox 1664 1473 1725 1527; x_wconf 90' lang='lat' dir='ltr'>In</span> <span class='ocrx_word' id='word_1_129' title='bbox 1765 1472 1891 1544; x_wconf 87' lang='lat' dir='ltr'>lege</span> 
     </span>
    </p>
   </div>
   <div class='ocr_carea' id='block_1_18' title="bbox 229 1559 1890 1635">
    <p class='ocr_par' dir='ltr' id='par_1_18' title="bbox 229 1559 1890 1635">
     <span class='ocr_line' id='line_1_18' title="bbox 229 1559 1890 1635; baseline -0.004 -15"><span class='ocrx_word' id='word_1_130' title='bbox 229 1567 506 1635; x_wconf 84' lang='lat' dir='ltr'>peccator</span> <span class='ocrx_word' id='word_1_131' title='bbox 537 1561 784 1617; x_wconf 89' lang='lat' dir='ltr'>credens</span> <span class='ocrx_word' id='word_1_132' title='bbox 813 1561 872 1615; x_wconf 93' lang='lat' dir='ltr'>in</span> <span class='ocrx_word' id='word_1_133' title='bbox 904 1560 1111 1626; x_wconf 89' lang='lat' dir='ltr'>Deum,</span> <span class='ocrx_word' id='word_1_134' title='bbox 1146 1561 1246 1632; x_wconf 89' lang='lat' dir='ltr'>qui</span> <span class='ocrx_word' id='word_1_135' title='bbox 1278 1576 1382 1632; x_wconf 90' lang='lat' dir='ltr'>per</span> <span class='ocrx_word' id='word_1_136' title='bbox 1446 1559 1630 1630; x_wconf 87' lang='lat' dir='ltr'>legem</span> <span class='ocrx_word' id='word_1_137' title='bbox 1655 1560 1890 1630; x_wconf 90' lang='lat' dir='ltr'>judica-</span> 
     </span>
    </p>
   </div>
   <div class='ocr_carea' id='block_1_19' title="bbox 231 1649 1890 1721">
    <p class='ocr_par' dir='ltr' id='par_1_19' title="bbox 231 1649 1890 1721">
     <span class='ocr_line' id='line_1_19' title="bbox 231 1649 1890 1721; baseline -0.003 -14"><span class='ocrx_word' id='word_1_138' title='bbox 231 1654 412 1718; x_wconf 90' lang='lat' dir='ltr'>bitur,</span> <span class='ocrx_word' id='word_1_139' title='bbox 445 1655 507 1705; x_wconf 90' lang='lat' dir='ltr'>et</span> <span class='ocrx_word' id='word_1_140' title='bbox 537 1667 655 1704; x_wconf 88' lang='lat' dir='ltr'>non</span> <span class='ocrx_word' id='word_1_141' title='bbox 689 1649 919 1721; x_wconf 86' lang='lat' dir='ltr'>peribit.</span> <span class='ocrx_word' id='word_1_142' title='bbox 953 1649 1010 1703; x_wconf 90' lang='lat' dir='ltr'>Si</span> <span class='ocrx_word' id='word_1_143' title='bbox 1044 1653 1377 1720; x_wconf 85' lang='lat' dir='ltr'>peccatores</span> <span class='ocrx_word' id='word_1_144' title='bbox 1409 1653 1465 1704; x_wconf 91' lang='lat' dir='ltr'>et</span> <span class='ocrx_word' id='word_1_145' title='bbox 1506 1649 1692 1720; x_wconf 90' lang='lat' dir='ltr'>iniqui</span> <span class='ocrx_word' id='word_1_146' title='bbox 1724 1656 1890 1704; x_wconf 83' lang='lat' dir='ltr'>aeter-</span> 
     </span>
    </p>
   </div>
   <div class='ocr_carea' id='block_1_20' title="bbox 229 1737 1884 1810">
    <p class='ocr_par' dir='ltr' id='par_1_20' title="bbox 229 1737 1884 1810">
     <span class='ocr_line' id='line_1_20' title="bbox 229 1737 1884 1810; baseline -0.002 -16"><span class='ocrx_word' id='word_1_147' title='bbox 229 1740 322 1794; x_wconf 90' lang='lat' dir='ltr'>nis</span> <span class='ocrx_word' id='word_1_148' title='bbox 352 1739 599 1810; x_wconf 87' lang='lat' dir='ltr'>ignibus</span> <span class='ocrx_word' id='word_1_149' title='bbox 625 1741 968 1804; x_wconf 77' lang='lat' dir='ltr'>exuruntur,</span> <span class='ocrx_word' id='word_1_150' title='bbox 1001 1753 1113 1792; x_wconf 89' lang='lat' dir='ltr'>non</span> <span class='ocrx_word' id='word_1_151' title='bbox 1131 1737 1305 1792; x_wconf 83' lang='lat' dir='ltr'>times</span> <span class='ocrx_word' id='word_1_152' title='bbox 1329 1737 1884 1804; x_wconf 82' lang='lat' dir='ltr'>sententiamtuam,</span> 
     </span>
    </p>
   </div>
   <div class='ocr_carea' id='block_1_21' title="bbox 229 1824 1888 1900">
    <p class='ocr_par' dir='ltr' id='par_1_21' title="bbox 229 1824 1888 1900">
     <span class='ocr_line' id='line_1_21' title="bbox 229 1824 1888 1900; baseline -0.001 -18"><span class='ocrx_word' id='word_1_153' title='bbox 229 1829 334 1900; x_wconf 91' lang='lat' dir='ltr'>qui</span> <span class='ocrx_word' id='word_1_154' title='bbox 363 1827 641 1897; x_wconf 90' lang='lat' dir='ltr'>iniquum</span> <span class='ocrx_word' id='word_1_155' title='bbox 673 1829 730 1879; x_wconf 86' lang='lat' dir='ltr'>et</span> <span class='ocrx_word' id='word_1_156' title='bbox 759 1831 1124 1896; x_wconf 88' lang='lat' dir='ltr'>peccatorem</span> <span class='ocrx_word' id='word_1_157' title='bbox 1156 1829 1210 1880; x_wconf 90' lang='lat' dir='ltr'>te</span> <span class='ocrx_word' id='word_1_158' title='bbox 1239 1842 1367 1881; x_wconf 90' lang='lat' dir='ltr'>esse</span> <span class='ocrx_word' id='word_1_159' title='bbox 1398 1825 1543 1881; x_wconf 90' lang='lat' dir='ltr'>dicis</span> <span class='ocrx_word' id='word_1_160' title='bbox 1564 1825 1591 1878; x_wconf 89' lang='lat'><strong>?</strong></span> <span class='ocrx_word' id='word_1_161' title='bbox 1616 1824 1685 1879; x_wconf 87' lang='lat' dir='ltr'>Et</span> <span class='ocrx_word' id='word_1_162' title='bbox 1715 1842 1888 1898; x_wconf 83' lang='lat' dir='ltr'>argu-</span> 
     </span>
    </p>
   </div>
   <div class='ocr_carea' id='block_1_22' title="bbox 237 1938 1891 2010">
    <p class='ocr_par' dir='ltr' id='par_1_22' title="bbox 237 1938 1891 2010">
     <span class='ocr_line' id='line_1_22' title="bbox 237 1938 1891 2010; baseline -0.001 -13"><span class='ocrx_word' id='word_1_163' title='bbox 237 1958 384 1998; x_wconf 83' lang='lat' dir='ltr'>cum</span> <span class='ocrx_word' id='word_1_164' title='bbox 415 1939 648 1995; x_wconf 79' lang='lat' dir='ltr'>adducit</span> <span class='ocrx_word' id='word_1_165' title='bbox 676 1939 951 1994; x_wconf 85' lang='lat' dir='ltr'>Servatus</span> <span class='ocrx_word' id='word_1_166' title='bbox 978 1940 1176 2010; x_wconf 90' lang='lat' dir='ltr'>Lupus</span> <span class='ocrx_word' id='word_1_167' title='bbox 1198 1938 1257 1994; x_wconf 90' lang='lat' dir='ltr'>in</span> <span class='ocrx_word' id='word_1_168' title='bbox 1282 1940 1614 1996; x_wconf 80' lang='lat' dir='ltr'>Collectaneo</span> <span class='ocrx_word' id='word_1_169' title='bbox 1635 1941 1891 1996; x_wconf 77' lang='lat' dir='ltr'>detribus</span> 
     </span>
    </p>
   </div>
   <div class='ocr_carea' id='block_1_23' title="bbox 241 2010 1892 2088">
    <p class='ocr_par' dir='ltr' id='par_1_23' title="bbox 241 2010 1892 2088">
     <span class='ocr_line' id='line_1_23' title="bbox 241 2010 1892 2088; baseline 0.003 -25"><span class='ocrx_word' id='word_1_170' title='bbox 241 2012 757 2088; x_wconf 32' lang='lat' dir='ltr'>qustionibastut</span> <span class='ocrx_word' id='word_1_171' title='bbox 789 2027 960 2064; x_wconf 89' lang='lat' dir='ltr'>suam</span> <span class='ocrx_word' id='word_1_172' title='bbox 991 2010 1062 2064; x_wconf 91' lang='lat' dir='ltr'>de</span> <span class='ocrx_word' id='word_1_173' title='bbox 1119 2011 1629 2088; x_wconf 68' lang='lat' dir='ltr'>przedestinatione</span> <span class='ocrx_word' id='word_1_174' title='bbox 1663 2017 1892 2068; x_wconf 88' lang='lat' dir='ltr'>senten-</span> 
     </span>
    </p>
   </div>
   <div class='ocr_carea' id='block_1_24' title="bbox 219 2080 1890 2154">
    <p class='ocr_par' dir='ltr' id='par_1_24' title="bbox 219 2080 1890 2154">
     <span class='ocr_line' id='line_1_24' title="bbox 219 2080 1890 2154; baseline 0 -16"><span class='ocrx_word' id='word_1_175' title='bbox 219 2080 398 2138; x_wconf 80' lang='lat' dir='ltr'>&#39;tiam</span> <span class='ocrx_word' id='word_1_176' title='bbox 432 2083 646 2154; x_wconf 83' lang='lat' dir='ltr'>probet,</span> <span class='ocrx_word' id='word_1_177' title='bbox 673 2080 734 2135; x_wconf 91' lang='lat' dir='ltr'>in</span> <span class='ocrx_word' id='word_1_178' title='bbox 751 2097 928 2154; x_wconf 82' lang='lat' dir='ltr'>quem</span> <span class='ocrx_word' id='word_1_179' title='bbox 951 2080 1191 2136; x_wconf 78' lang='lat' dir='ltr'>sensum</span> <span class='ocrx_word' id='word_1_180' title='bbox 1215 2082 1329 2137; x_wconf 91' lang='lat' dir='ltr'>alia</span> <span class='ocrx_word' id='word_1_181' title='bbox 1350 2099 1416 2136; x_wconf 86' lang='lat' dir='ltr'>ex</span> <span class='ocrx_word' id='word_1_182' title='bbox 1437 2083 1786 2154; x_wconf 77' lang='lat' dir='ltr'>Hieronymo</span> <span class='ocrx_word' id='word_1_183' title='bbox 1810 2089 1890 2138; x_wconf 88' lang='lat' dir='ltr'>te-</span> 
     </span>
    </p>
   </div>
   <div class='ocr_carea' id='block_1_25' title="bbox 223 2153 1893 2226">
    <p class='ocr_par' dir='ltr' id='par_1_25' title="bbox 223 2153 1893 2226">
     <span class='ocr_line' id='line_1_25' title="bbox 223 2153 1893 2226; baseline 0 -16"><span class='ocrx_word' id='word_1_184' title='bbox 223 2153 529 2211; x_wconf 75' lang='lat' dir='ltr'>stimonia</span> <span class='ocrx_word' id='word_1_185' title='bbox 555 2169 621 2207; x_wconf 83' lang='lat' dir='ltr'>ex</span> <span class='ocrx_word' id='word_1_186' title='bbox 646 2154 819 2226; x_wconf 82' lang='lat' dir='ltr'>tertio</span> <span class='ocrx_word' id='word_1_187' title='bbox 851 2153 1028 2226; x_wconf 80' lang='lat' dir='ltr'>hujus</span> <span class='ocrx_word' id='word_1_188' title='bbox 1059 2155 1252 2224; x_wconf 90' lang='lat' dir='ltr'>operis</span> <span class='ocrx_word' id='word_1_189' title='bbox 1283 2154 1429 2209; x_wconf 90' lang='lat' dir='ltr'>libro</span> <span class='ocrx_word' id='word_1_190' title='bbox 1462 2155 1520 2209; x_wconf 93' lang='lat' dir='ltr'>in</span> <span class='ocrx_word' id='word_1_191' title='bbox 1550 2153 1684 2220; x_wconf 84' lang='lat' dir='ltr'>ﬁne,</span> <span class='ocrx_word' id='word_1_192' title='bbox 1718 2161 1893 2226; x_wconf 89' lang='lat' dir='ltr'>atque</span> 
     </span>
    </p>
   </div>
   <div class='ocr_carea' id='block_1_26' title="bbox 230 2223 1893 2283">
    <p class='ocr_par' dir='ltr' id='par_1_26' title="bbox 230 2223 1893 2283">
     <span class='ocr_line' id='line_1_26' title="bbox 230 2223 1893 2283; baseline -0.001 -1"><span class='ocrx_word' id='word_1_193' title='bbox 230 2243 302 2283; x_wconf 83' lang='lat' dir='ltr'>ex</span> <span class='ocrx_word' id='word_1_194' title='bbox 335 2224 794 2281; x_wconf 84' lang='lat' dir='ltr'>Commentariis</span> <span class='ocrx_word' id='word_1_195' title='bbox 850 2223 908 2278; x_wconf 91' lang='lat' dir='ltr'>in</span> <span class='ocrx_word' id='word_1_196' title='bbox 968 2223 1180 2280; x_wconf 80' lang='lat' dir='ltr'>Isaiam</span> <span class='ocrx_word' id='word_1_197' title='bbox 1240 2226 1463 2280; x_wconf 89' lang='lat' dir='ltr'>recitat.</span> <span class='ocrx_word' id='word_1_198' title='bbox 1526 2227 1674 2280; x_wconf 86' lang='lat' dir='ltr'>Hinc</span> <span class='ocrx_word' id='word_1_199' title='bbox 1740 2223 1893 2281; x_wconf 74' lang='lat' dir='ltr'>certe</span> 
     </span>
    </p>
   </div>
   <div class='ocr_carea' id='block_1_27' title="bbox 231 2295 1892 2367">
    <p class='ocr_par' dir='ltr' id='par_1_27' title="bbox 231 2295 1892 2367">
     <span class='ocr_line' id='line_1_27' title="bbox 231 2295 1892 2367; baseline -0.001 -13"><span class='ocrx_word' id='word_1_200' title='bbox 231 2296 444 2354; x_wconf 85' lang='lat' dir='ltr'>hausit</span> <span class='ocrx_word' id='word_1_201' title='bbox 471 2295 1116 2367; x_wconf 73' lang='lat' dir='ltr'>Pseudo-llieronymus</span> <span class='ocrx_word' id='word_1_202' title='bbox 1148 2296 1207 2350; x_wconf 91' lang='lat' dir='ltr'>in</span> <span class='ocrx_word' id='word_1_203' title='bbox 1267 2296 1550 2352; x_wconf 90' lang='lat' dir='ltr'>Breviario</span> <span class='ocrx_word' id='word_1_204' title='bbox 1586 2298 1641 2351; x_wconf 88' lang='lat' dir='ltr'>in</span> <span class='ocrx_word' id='word_1_205' title='bbox 1676 2297 1892 2352; x_wconf 86' lang='lat' dir='ltr'>Psalte-</span> 
     </span>
    </p>
   </div>
   <div class='ocr_carea' id='block_1_28' title="bbox 234 2365 1896 2439">
    <p class='ocr_par' dir='ltr' id='par_1_28' title="bbox 234 2365 1896 2439">
     <span class='ocr_line' id='line_1_28' title="bbox 234 2365 1896 2439; baseline -0.001 -15"><span class='ocrx_word' id='word_1_206' title='bbox 234 2371 392 2425; x_wconf 87' lang='lat' dir='ltr'>rium</span> <span class='ocrx_word' id='word_1_207' title='bbox 419 2385 514 2439; x_wconf 11' lang='grc' dir='ltr'><em>.’γ‹‹λ</em></span> <span class='ocrx_word' id='word_1_208' title='bbox 541 2366 668 2420; x_wconf 90' lang='grc' dir='ltr'>Νοιι</span> <span class='ocrx_word' id='word_1_209' title='bbox 701 2365 867 2433; x_wconf 87' lang='lat' dir='ltr'>dixit,</span> <span class='ocrx_word' id='word_1_210' title='bbox 901 2365 1038 2437; x_wconf 87' lang='lat' dir='ltr'>quia</span> <span class='ocrx_word' id='word_1_211' title='bbox 1087 2384 1199 2422; x_wconf 91' lang='lat' dir='ltr'>non</span> <span class='ocrx_word' id='word_1_212' title='bbox 1250 2373 1577 2439; x_wconf 87' lang='lat' dir='ltr'>resurgant,</span> <span class='ocrx_word' id='word_1_213' title='bbox 1625 2369 1724 2422; x_wconf 89' lang='lat' dir='ltr'>sed</span> <span class='ocrx_word' id='word_1_214' title='bbox 1758 2368 1896 2439; x_wconf 90' lang='lat' dir='ltr'>quia</span> 
     </span>
    </p>
   </div>
   <div class='ocr_carea' id='block_1_29' title="bbox 235 2437 1893 2511">
    <p class='ocr_par' dir='ltr' id='par_1_29' title="bbox 235 2437 1893 2511">
     <span class='ocr_line' id='line_1_29' title="bbox 235 2437 1893 2511; baseline -0.001 -16"><span class='ocrx_word' id='word_1_215' title='bbox 235 2445 295 2495; x_wconf 87' lang='lat' dir='ltr'>in</span> <span class='ocrx_word' id='word_1_216' title='bbox 321 2437 558 2511; x_wconf 88' lang='lat' dir='ltr'>judicio</span> <span class='ocrx_word' id='word_1_217' title='bbox 591 2453 710 2492; x_wconf 91' lang='lat' dir='ltr'>non</span> <span class='ocrx_word' id='word_1_218' title='bbox 741 2442 1058 2509; x_wconf 88' lang='lat' dir='ltr'>resurgunt</span> <span class='ocrx_word' id='word_1_219' title='bbox 1081 2456 1093 2505; x_wconf 91' lang='lat'><strong>;</strong></span> <span class='ocrx_word' id='word_1_220' title='bbox 1114 2439 1239 2509; x_wconf 89' lang='lat' dir='ltr'>jam</span> <span class='ocrx_word' id='word_1_221' title='bbox 1271 2437 1530 2494; x_wconf 41' lang='lat' dir='ltr'>enim—de</span> <span class='ocrx_word' id='word_1_222' title='bbox 1563 2439 1654 2494; x_wconf 90' lang='lat' dir='ltr'>bis</span> <span class='ocrx_word' id='word_1_223' title='bbox 1686 2437 1893 2510; x_wconf 72' lang='lat' dir='ltr'>pracju-</span> 
     </span>
    </p>
   </div>
   <div class='ocr_carea' id='block_1_30' title="bbox 233 2512 1680 2576">
    <p class='ocr_par' dir='ltr' id='par_1_30' title="bbox 233 2512 1680 2576">
     <span class='ocr_line' id='line_1_30' title="bbox 233 2512 1680 2576; baseline -0.004 -9"><span class='ocrx_word' id='word_1_224' title='bbox 233 2512 434 2571; x_wconf 78' lang='lat' dir='ltr'>dicatu</span> <span class='ocrx_word' id='word_1_225' title='bbox 445 2525 507 2562; x_wconf 83' lang='grc' dir='ltr'>ιιι</span> <span class='ocrx_word' id='word_1_226' title='bbox 534 2513 646 2564; x_wconf 89' lang='lat' dir='ltr'>est.</span> <span class='ocrx_word' id='word_1_227' title='bbox 684 2530 711 2554; x_wconf 71' lang='grc' dir='ltr'>δ)</span> <span class='ocrx_word' id='word_1_228' title='bbox 1676 2571 1680 2576; x_wconf 38' lang='grc'><strong><em>,</em></strong></span> 
     </span>
    </p>
   </div>
   <div class='ocr_carea' id='block_1_31' title="bbox 309 2579 1896 2651">
    <p class='ocr_par' dir='ltr' id='par_1_31' title="bbox 309 2579 1896 2651">
     <span class='ocr_line' id='line_1_31' title="bbox 309 2579 1896 2651; baseline 0 -15"><span class='ocrx_word' id='word_1_229' title='bbox 309 2587 324 2617; x_wconf 74' lang='grc' dir='ltr'>ι</span> <span class='ocrx_word' id='word_1_230' title='bbox 359 2579 565 2636; x_wconf 84' lang='lat' dir='ltr'>[nouit</span> <span class='ocrx_word' id='word_1_231' title='bbox 593 2580 850 2651; x_wconf 85' lang='lat' dir='ltr'>proceris</span> <span class='ocrx_word' id='word_1_232' title='bbox 881 2584 1116 2635; x_wconf 78' lang='lat' dir='ltr'>staturae</span> <span class='ocrx_word' id='word_1_233' title='bbox 1158 2580 1456 2635; x_wconf 88' lang='lat' dir='ltr'>hominem</span> <span class='ocrx_word' id='word_1_234' title='bbox 1506 2581 1688 2637; x_wconf 86' lang='lat' dir='ltr'>fuisse</span> <span class='ocrx_word' id='word_1_235' title='bbox 1736 2580 1896 2638; x_wconf 86' lang='lat' dir='ltr'>Pela-</span> 
     </span>
    </p>
   </div>
   <div class='ocr_carea' id='block_1_32' title="bbox 236 2650 1898 2776">
    <p class='ocr_par' dir='ltr' id='par_1_32' title="bbox 236 2650 1898 2776">
     <span class='ocr_line' id='line_1_32' title="bbox 236 2650 1898 2776; baseline -0.001 -66"><span class='ocrx_word' id='word_1_236' title='bbox 236 2656 424 2727; x_wconf 86' lang='lat' dir='ltr'>gium,</span> <span class='ocrx_word' id='word_1_237' title='bbox 458 2667 642 2776; x_wconf 77' lang='lat' dir='ltr'>quem</span> <span class='ocrx_word' id='word_1_238' title='bbox 675 2655 734 2706; x_wconf 88' lang='lat' dir='ltr'>et</span> <span class='ocrx_word' id='word_1_239' title='bbox 761 2650 820 2705; x_wconf 89' lang='lat' dir='ltr'>in</span> <span class='ocrx_word' id='word_1_240' title='bbox 853 2652 1071 2722; x_wconf 59' lang='lat' dir='ltr'>praefat.</span> <span class='ocrx_word' id='word_1_241' title='bbox 1104 2651 1204 2706; x_wconf 91' lang='lat' dir='ltr'>lib.</span> <span class='ocrx_word' id='word_1_242' title='bbox 1240 2670 1301 2707; x_wconf 88' lang='lat'>111</span> <span class='ocrx_word' id='word_1_243' title='bbox 1333 2653 1392 2706; x_wconf 92' lang='lat' dir='ltr'>in</span> <span class='ocrx_word' id='word_1_244' title='bbox 1444 2653 1760 2708; x_wconf 86' lang='lat' dir='ltr'>Jeremiam</span> <span class='ocrx_word' id='word_1_245' title='bbox 1798 2671 1898 2708; x_wconf 85' lang='lat' dir='ltr'>vo-</span> 
     </span>
     <span class='ocr_line' id='line_1_33' title="bbox 242 2722 1897 2776; baseline 0 0"><span class='ocrx_word' id='word_1_246' title='bbox 242 2731 333 2776; x_wconf 85' lang='lat' dir='ltr'>cat</span> <span class='ocrx_word' id='word_1_247' title='bbox 369 2749 388 2773; x_wconf 81' lang='grc' dir='ltr'>ι</span> <span class='ocrx_word' id='word_1_248' title='bbox 425 2726 473 2776; x_wconf 73' lang='grc' dir='ltr'>Α</span> <span class='ocrx_word' id='word_1_249' title='bbox 505 2723 718 2776; x_wconf 89' lang='lat' dir='ltr'>ninum</span> <span class='ocrx_word' id='word_1_250' title='bbox 759 2722 891 2776; x_wconf 70' lang='lat' dir='ltr'>(leg.</span> <span class='ocrx_word' id='word_1_251' title='bbox 958 2722 1259 2776; x_wconf 69' lang='lat' dir='ltr'>Albinum)</span> <span class='ocrx_word' id='word_1_252' title='bbox 1317 2740 1544 2776; x_wconf 90' lang='lat' dir='ltr'>canem.</span> <span class='ocrx_word' id='word_1_253' title='bbox 1613 2725 1897 2776; x_wconf 68' lang='lat' dir='ltr'>grandem</span> 
     </span>
    </p>
   </div>
   <div class='ocr_carea' id='block_1_33' title="bbox 242 2722 1897 2796">
    <p class='ocr_par' dir='ltr' id='par_1_33' title="bbox 242 2722 1897 2796">
     <span class='ocr_line' id='line_1_34' title="bbox 242 2722 1897 2796; baseline 0 -17"><span class='ocrx_word' id='word_1_254' title='bbox 242 2722 333 2781; x_wconf 74' lang='lat' dir='ltr'>Eat</span> <span class='ocrx_word' id='word_1_255' title='bbox 369 2749 388 2773; x_wconf 81' lang='grc' dir='ltr'>ι</span> <span class='ocrx_word' id='word_1_256' title='bbox 425 2722 718 2796; x_wconf 69' lang='lat' dir='ltr'>Alpinum</span> <span class='ocrx_word' id='word_1_257' title='bbox 759 2722 891 2795; x_wconf 87' lang='lat' dir='ltr'>(leg.</span> <span class='ocrx_word' id='word_1_258' title='bbox 958 2722 1259 2796; x_wconf 70' lang='lat' dir='ltr'>Albinum)</span> <span class='ocrx_word' id='word_1_259' title='bbox 1317 2740 1544 2796; x_wconf 86' lang='lat' dir='ltr'>canem,</span> <span class='ocrx_word' id='word_1_260' title='bbox 1613 2725 1897 2796; x_wconf 86' lang='lat' dir='ltr'>grandem</span> 
     </span>
    </p>
   </div>
   <div class='ocr_carea' id='block_1_34' title="bbox 239 2741 1900 2868">
    <p class='ocr_par' dir='ltr' id='par_1_34' title="bbox 239 2741 1900 2868">
     <span class='ocr_line' id='line_1_35' title="bbox 242 2741 1897 2847; baseline 0 -68"><span class='ocrx_word' id='word_1_261' title='bbox 242 2741 333 2781; x_wconf 82' lang='lat' dir='ltr'>cat</span> <span class='ocrx_word' id='word_1_262' title='bbox 369 2749 388 2773; x_wconf 80' lang='grc' dir='ltr'>ι</span> <span class='ocrx_word' id='word_1_263' title='bbox 425 2741 718 2847; x_wconf 65' lang='lat' dir='ltr'>Alpinum</span> <span class='ocrx_word' id='word_1_264' title='bbox 759 2741 891 2795; x_wconf 76' lang='lat' dir='ltr'>(ieg.</span> <span class='ocrx_word' id='word_1_265' title='bbox 958 2741 1259 2791; x_wconf 75' lang='lat' dir='ltr'>Albinum)</span> <span class='ocrx_word' id='word_1_266' title='bbox 1317 2741 1544 2786; x_wconf 90' lang='lat' dir='ltr'>canem,</span> <span class='ocrx_word' id='word_1_267' title='bbox 1613 2741 1897 2796; x_wconf 82' lang='lat' dir='ltr'>grandem</span> 
     </span>
     <span class='ocr_line' id='line_1_36' title="bbox 239 2793 1900 2868; baseline -0.001 -16"><span class='ocrx_word' id='word_1_268' title='bbox 239 2805 293 2852; x_wconf 84' lang='lat' dir='ltr'>et</span> <span class='ocrx_word' id='word_1_269' title='bbox 319 2813 504 2868; x_wconf 88' lang='lat' dir='ltr'>corpu</span> <span class='ocrx_word' id='word_1_270' title='bbox 539 2799 771 2868; x_wconf 77' lang='lat' dir='ltr'>entum,</span> <span class='ocrx_word' id='word_1_271' title='bbox 805 2802 860 2847; x_wconf 92' lang='lat' dir='ltr'>et</span> <span class='ocrx_word' id='word_1_272' title='bbox 889 2793 988 2865; x_wconf 90' lang='lat' dir='ltr'>qui</span> <span class='ocrx_word' id='word_1_273' title='bbox 1019 2794 1277 2849; x_wconf 84' lang='lat' dir='ltr'>calcibus</span> <span class='ocrx_word' id='word_1_274' title='bbox 1311 2795 1500 2866; x_wconf 89' lang='lat' dir='ltr'>magis</span> <span class='ocrx_word' id='word_1_275' title='bbox 1523 2797 1709 2867; x_wconf 88' lang='lat' dir='ltr'>possit</span> <span class='ocrx_word' id='word_1_276' title='bbox 1741 2798 1900 2852; x_wconf 62' lang='lat' dir='ltr'>secvi-</span> 
     </span>
    </p>
   </div>
   <div class='ocr_carea' id='block_1_35' title="bbox 239 2865 916 2939">
    <p class='ocr_par' dir='ltr' id='par_1_35' title="bbox 239 2865 916 2939">
     <span class='ocr_line' id='line_1_37' title="bbox 239 2865 916 2939; baseline -0.009 -14"><span class='ocrx_word' id='word_1_277' title='bbox 239 2885 300 2925; x_wconf 82' lang='lat' dir='ltr'>re</span> <span class='ocrx_word' id='word_1_278' title='bbox 331 2865 515 2939; x_wconf 75' lang='lat' dir='ltr'>quam</span> <span class='ocrx_word' id='word_1_279' title='bbox 549 2865 857 2939; x_wconf 52' lang='lat' dir='ltr'>dentibus,</span> <span class='ocrx_word' id='word_1_280' title='bbox 889 2889 916 2915; x_wconf 85' lang='lat'>»</span> 
     </span>
    </p>
   </div>
   <div class='ocr_carea' id='block_1_36' title="bbox 311 2935 1899 3008">
    <p class='ocr_par' dir='ltr' id='par_1_36' title="bbox 311 2935 1899 3008">
     <span class='ocr_line' id='line_1_38' title="bbox 311 2935 1899 3008; baseline -0.001 -14"><span class='ocrx_word' id='word_1_281' title='bbox 311 2943 330 2975; x_wconf 83' lang='grc'>³</span> <span class='ocrx_word' id='word_1_282' title='bbox 351 2935 533 2994; x_wconf 74' lang='lat' dir='ltr'>Hunc</span> <span class='ocrx_word' id='word_1_283' title='bbox 573 2937 771 2992; x_wconf 89' lang='lat' dir='ltr'>locum</span> <span class='ocrx_word' id='word_1_284' title='bbox 805 2935 1066 3008; x_wconf 87' lang='lat' dir='ltr'>plerique</span> <span class='ocrx_word' id='word_1_285' title='bbox 1094 2953 1298 2992; x_wconf 86' lang='lat' dir='ltr'>omnes</span> <span class='ocrx_word' id='word_1_286' title='bbox 1329 2936 1669 3008; x_wconf 83' lang='lat' dir='ltr'>suggillant,</span> <span class='ocrx_word' id='word_1_287' title='bbox 1703 2941 1760 2993; x_wconf 90' lang='lat' dir='ltr'>et</span> <span class='ocrx_word' id='word_1_288' title='bbox 1800 2955 1899 2994; x_wconf 90' lang='lat' dir='ltr'>ca-</span> 
     </span>
    </p>
   </div>
   <div class='ocr_carea' id='block_1_37' title="bbox 243 3008 1902 3080">
    <p class='ocr_par' dir='ltr' id='par_1_37' title="bbox 243 3008 1902 3080">
     <span class='ocr_line' id='line_1_39' title="bbox 243 3008 1902 3080; baseline -0.002 -13"><span class='ocrx_word' id='word_1_289' title='bbox 243 3012 644 3070; x_wconf 85' lang='lat' dir='ltr'>lumniantur,</span> <span class='ocrx_word' id='word_1_290' title='bbox 681 3025 746 3062; x_wconf 85' lang='lat' dir='ltr'>ac</span> <span class='ocrx_word' id='word_1_291' title='bbox 795 3025 908 3063; x_wconf 89' lang='lat' dir='ltr'>non</span> <span class='ocrx_word' id='word_1_292' title='bbox 958 3008 1129 3063; x_wconf 90' lang='lat' dir='ltr'>modo</span> <span class='ocrx_word' id='word_1_293' title='bbox 1182 3008 1540 3076; x_wconf 77' lang='lat' dir='ltr'>heterodoxi,</span> <span class='ocrx_word' id='word_1_294' title='bbox 1591 3009 1782 3080; x_wconf 87' lang='lat' dir='ltr'>qualis</span> <span class='ocrx_word' id='word_1_295' title='bbox 1814 3015 1902 3065; x_wconf 89' lang='lat' dir='ltr'>est</span> 
     </span>
    </p>
   </div>
   <div class='ocr_carea' id='block_1_38' title="bbox 242 3063 1974 3150">
    <p class='ocr_par' dir='ltr' id='par_1_38' title="bbox 242 3063 1974 3150">
     <span class='ocr_line' id='line_1_40' title="bbox 242 3063 1974 3150; baseline -0.002 -11"><span class='ocrx_word' id='word_1_296' title='bbox 242 3063 581 3139; x_wconf 38' lang='lat' dir='ltr'>Signi—islaus</span> <span class='ocrx_word' id='word_1_297' title='bbox 613 3063 952 3134; x_wconf 45' lang='lat' dir='ltr'>Sannonius</span> <span class='ocrx_word' id='word_1_298' title='bbox 981 3080 1381 3150; x_wconf 80' lang='lat' dir='ltr'>Anabaptista,</span> <span class='ocrx_word' id='word_1_299' title='bbox 1443 3063 1544 3134; x_wconf 56' lang='lat' dir='ltr'>lib:</span> <span class='ocrx_word' id='word_1_300' title='bbox 1607 3063 1688 3134; x_wconf 9' lang='lat' dir='ltr'>iter</span> <span class='ocrx_word' id='word_1_301' title='bbox 1710 3063 1899 3137; x_wconf 54' lang='lat' dir='ltr'>(tibine</span> <span class='ocrx_word' id='word_1_302' title='bbox 1933 3063 1974 3129; x_wconf 61' lang='grc' dir='ltr'>(ἶ</span> 
     </span>
    </p>
   </div>
   <div class='ocr_carea' id='block_1_39' title="bbox 247 3150 1897 3223">
    <p class='ocr_par' dir='ltr' id='par_1_39' title="bbox 247 3150 1897 3223">
     <span class='ocr_line' id='line_1_41' title="bbox 247 3150 1897 3223; baseline -0.002 -13"><span class='ocrx_word' id='word_1_303' title='bbox 247 3152 700 3223; x_wconf 75' lang='lat' dir='ltr'>Philanthropia,</span> <span class='ocrx_word' id='word_1_304' title='bbox 737 3151 808 3204; x_wconf 91' lang='lat' dir='ltr'>ad</span> <span class='ocrx_word' id='word_1_305' title='bbox 841 3150 1121 3223; x_wconf 80' lang='lat' dir='ltr'>nefariam</span> <span class='ocrx_word' id='word_1_306' title='bbox 1153 3150 1419 3206; x_wconf 69' lang='lat' dir='ltr'>haeresim</span> <span class='ocrx_word' id='word_1_307' title='bbox 1452 3154 1897 3222; x_wconf 88' lang='lat' dir='ltr'>perstruendam</span> 
     </span>
    </p>
   </div>
   <div class='ocr_carea' id='block_1_40' title="bbox 246 3222 1900 3296">
    <p class='ocr_par' dir='ltr' id='par_1_40' title="bbox 246 3222 1900 3296">
     <span class='ocr_line' id='line_1_42' title="bbox 246 3222 1900 3296; baseline -0.002 -15"><span class='ocrx_word' id='word_1_308' title='bbox 246 3229 541 3296; x_wconf 84' lang='lat' dir='ltr'>usurpant</span> <span class='ocrx_word' id='word_1_309' title='bbox 566 3222 594 3290; x_wconf 60' lang='grc' dir='ltr'><em>ζ</em></span> <span class='ocrx_word' id='word_1_310' title='bbox 617 3239 818 3296; x_wconf 85' lang='lat' dir='ltr'>verum</span> <span class='ocrx_word' id='word_1_311' title='bbox 851 3222 1024 3277; x_wconf 87' lang='lat' dir='ltr'>etiam</span> <span class='ocrx_word' id='word_1_312' title='bbox 1056 3223 1379 3296; x_wconf 85' lang='lat' dir='ltr'>doctissimi</span> <span class='ocrx_word' id='word_1_313' title='bbox 1410 3223 1523 3296; x_wconf 80' lang='lat' dir='ltr'>viri</span> <span class='ocrx_word' id='word_1_314' title='bbox 1569 3241 1635 3278; x_wconf 87' lang='lat' dir='ltr'>ac</span> <span class='ocrx_word' id='word_1_315' title='bbox 1668 3240 1900 3278; x_wconf 90' lang='lat' dir='ltr'>summe</span> 
     </span>
    </p>
   </div>
   <div class='ocr_carea' id='block_1_41' title="bbox 245 3294 1900 3366">
    <p class='ocr_par' dir='ltr' id='par_1_41' title="bbox 245 3294 1900 3366">
     <span class='ocr_line' id='line_1_43' title="bbox 245 3294 1900 3366; baseline -0.001 -15"><span class='ocrx_word' id='word_1_316' title='bbox 245 3294 549 3360; x_wconf 80' lang='lat' dir='ltr'>catholici,</span> <span class='ocrx_word' id='word_1_317' title='bbox 582 3294 775 3365; x_wconf 90' lang='lat' dir='ltr'>qualis</span> <span class='ocrx_word' id='word_1_318' title='bbox 808 3365 812 3366; x_wconf 19' lang='grc' dir='ltr'><em>ν</em></span> <span class='ocrx_word' id='word_1_319' title='bbox 841 3297 949 3366; x_wconf 14' lang='lat' dir='ltr'>est,</span> <span class='ocrx_word' id='word_1_320' title='bbox 977 3299 1142 3366; x_wconf 81' lang='lat' dir='ltr'>certe</span> <span class='ocrx_word' id='word_1_321' title='bbox 1190 3294 1560 3366; x_wconf 85' lang='lat' dir='ltr'>Abrincensis</span> <span class='ocrx_word' id='word_1_322' title='bbox 1591 3297 1900 3366; x_wconf 90' lang='lat' dir='ltr'>episcopus</span> 
     </span>
    </p>
   </div>
   <div class='ocr_carea' id='block_1_42' title="bbox 249 3365 1900 3434">
    <p class='ocr_par' dir='ltr' id='par_1_42' title="bbox 249 3365 1900 3434">
     <span class='ocr_line' id='line_1_44' title="bbox 249 3365 1900 3434; baseline -0.002 -11"><span class='ocrx_word' id='word_1_323' title='bbox 249 3367 461 3423; x_wconf 80' lang='lat' dir='ltr'>Daniel</span> <span class='ocrx_word' id='word_1_324' title='bbox 494 3366 761 3430; x_wconf 77' lang='lat' dir='ltr'>Bustius,</span> <span class='ocrx_word' id='word_1_325' title='bbox 802 3365 860 3419; x_wconf 88' lang='lat' dir='ltr'>in</span> <span class='ocrx_word' id='word_1_326' title='bbox 919 3365 1303 3434; x_wconf 81' lang='lat' dir='ltr'>Origenianis,</span> <span class='ocrx_word' id='word_1_327' title='bbox 1373 3365 1472 3420; x_wconf 88' lang='lat' dir='ltr'>lib.</span> <span class='ocrx_word' id='word_1_328' title='bbox 1543 3383 1604 3430; x_wconf 88' lang='lat'>11,</span> <span class='ocrx_word' id='word_1_329' title='bbox 1629 3365 1900 3421; x_wconf 80' lang='lat' dir='ltr'>alienum</span> 
     </span>
    </p>
   </div>
   <div class='ocr_carea' id='block_1_43' title="bbox 272 3435 1902 3510">
    <p class='ocr_par' dir='ltr' id='par_1_43' title="bbox 272 3435 1902 3510">
     <span class='ocr_line' id='line_1_45' title="bbox 272 3435 1902 3510; baseline -0.001 -18"><span class='ocrx_word' id='word_1_330' title='bbox 272 3437 701 3510; x_wconf 79' lang='lat' dir='ltr'>pronuntianta</span> <span class='ocrx_word' id='word_1_331' title='bbox 723 3444 876 3491; x_wconf 83' lang='lat' dir='ltr'>recta</span> <span class='ocrx_word' id='word_1_332' title='bbox 898 3437 1029 3510; x_wconf 69' lang='lat' dir='ltr'>fide.</span> <span class='ocrx_word' id='word_1_333' title='bbox 1058 3435 1170 3491; x_wconf 83' lang='lat' dir='ltr'>Nec</span> <span class='ocrx_word' id='word_1_334' title='bbox 1186 3436 1496 3510; x_wconf 11' lang='lat' dir='ltr'>dubiumgsi</span> <span class='ocrx_word' id='word_1_335' title='bbox 1523 3439 1902 3510; x_wconf 82' lang='lat' dir='ltr'>quemadmo-</span> 
     </span>
    </p>
   </div>
   <div class='ocr_carea' id='block_1_44' title="bbox 267 3507 1903 3578">
    <p class='ocr_par' dir='ltr' id='par_1_44' title="bbox 267 3507 1903 3578">
     <span class='ocr_line' id='line_1_46' title="bbox 267 3507 1903 3578; baseline 0.001 -16"><span class='ocrx_word' id='word_1_336' title='bbox 267 3507 413 3562; x_wconf 76' lang='lat' dir='ltr'>dum</span> <span class='ocrx_word' id='word_1_337' title='bbox 450 3508 914 3576; x_wconf 86' lang='lat' dir='ltr'>interpetrantur,</span> <span class='ocrx_word' id='word_1_338' title='bbox 964 3507 1350 3578; x_wconf 72' lang='lat' dir='ltr'>Hieronymus</span> <span class='ocrx_word' id='word_1_339' title='bbox 1401 3507 1630 3572; x_wconf 79' lang='lat' dir='ltr'>dixerit,</span> <span class='ocrx_word' id='word_1_340' title='bbox 1674 3508 1903 3564; x_wconf 89' lang='lat' dir='ltr'>diabolo</span> 
     </span>
    </p>
   </div>
   <div class='ocr_carea' id='block_1_45' title="bbox 269 3579 1903 3650">
    <p class='ocr_par' dir='ltr' id='par_1_45' title="bbox 269 3579 1903 3650">
     <span class='ocr_line' id='line_1_47' title="bbox 269 3579 1903 3650; baseline 0.001 -16"><span class='ocrx_word' id='word_1_341' title='bbox 269 3585 504 3634; x_wconf 81' lang='lat' dir='ltr'>tantum</span> <span class='ocrx_word' id='word_1_342' title='bbox 536 3582 703 3650; x_wconf 79' lang='lat' dir='ltr'>atque</span> <span class='ocrx_word' id='word_1_343' title='bbox 763 3579 961 3650; x_wconf 90' lang='lat' dir='ltr'>impiis</span> <span class='ocrx_word' id='word_1_344' title='bbox 992 3602 1018 3628; x_wconf 86' lang='grc'><strong>‹‹</strong></span> <span class='ocrx_word' id='word_1_345' title='bbox 1053 3579 1414 3643; x_wconf 89' lang='lat' dir='ltr'>hominibus,</span> <span class='ocrx_word' id='word_1_346' title='bbox 1477 3581 1573 3649; x_wconf 88' lang='lat' dir='ltr'>qui</span> <span class='ocrx_word' id='word_1_347' title='bbox 1637 3580 1903 3636; x_wconf 87' lang='lat' dir='ltr'>notitiam</span> 
     </span>
    </p>
   </div>
   <div class='ocr_carea' id='block_1_46' title="bbox 266 3649 1902 3722">
    <p class='ocr_par' dir='ltr' id='par_1_46' title="bbox 266 3649 1902 3722">
     <span class='ocr_line' id='line_1_48' title="bbox 266 3649 1902 3722; baseline -0.001 -15"><span class='ocrx_word' id='word_1_348' title='bbox 266 3652 366 3707; x_wconf 75' lang='lat' dir='ltr'>Dei</span> <span class='ocrx_word' id='word_1_349' title='bbox 399 3667 516 3705; x_wconf 83' lang='lat' dir='ltr'>non</span> <span class='ocrx_word' id='word_1_350' title='bbox 551 3649 780 3719; x_wconf 80' lang='lat' dir='ltr'>habent,</span> <span class='ocrx_word' id='word_1_351' title='bbox 813 3649 1294 3722; x_wconf 32' lang='lat' dir='ltr'>{sempiternas</span> <span class='ocrx_word' id='word_1_352' title='bbox 1356 3651 1634 3705; x_wconf 89' lang='lat' dir='ltr'>destinari</span> <span class='ocrx_word' id='word_1_353' title='bbox 1667 3668 1902 3722; x_wconf 72' lang='lat' dir='ltr'>pinnas;</span> 
     </span>
    </p>
   </div>
   <div class='ocr_carea' id='block_1_47' title="bbox 256 3721 1904 3796">
    <p class='ocr_par' dir='ltr' id='par_1_47' title="bbox 256 3721 1904 3796">
     <span class='ocr_line' id='line_1_49' title="bbox 256 3721 1904 3796; baseline 0.001 -19"><span class='ocrx_word' id='word_1_354' title='bbox 256 3721 1045 3796; x_wconf 81' lang='lat' dir='ltr'>iniquis_vero_Cbristianis,</span> <span class='ocrx_word' id='word_1_355' title='bbox 1092 3722 1323 3796; x_wconf 87' lang='lat' dir='ltr'>tametsi</span> <span class='ocrx_word' id='word_1_356' title='bbox 1354 3721 1685 3796; x_wconf 74' lang='lat' dir='ltr'>graviorum</span> <span class='ocrx_word' id='word_1_357' title='bbox 1725 3723 1904 3778; x_wconf 87' lang='lat' dir='ltr'>scele-</span> 
     </span>
    </p>
   </div>
   <div class='ocr_carea' id='block_1_48' title="bbox 252 3793 1905 3865">
    <p class='ocr_par' dir='ltr' id='par_1_48' title="bbox 252 3793 1905 3865">
     <span class='ocr_line' id='line_1_50' title="bbox 252 3793 1905 3865; baseline -0.001 -15"><span class='ocrx_word' id='word_1_358' title='bbox 252 3793 387 3850; x_wconf 81' lang='lat' dir='ltr'>rum</span> <span class='ocrx_word' id='word_1_359' title='bbox 422 3793 561 3859; x_wconf 85' lang='lat' dir='ltr'>reis,</span> <span class='ocrx_word' id='word_1_360' title='bbox 597 3793 966 3848; x_wconf 82' lang='lat' dir='ltr'>solummodo</span> <span class='ocrx_word' id='word_1_361' title='bbox 999 3794 1400 3865; x_wconf 86' lang='lat' dir='ltr'>temporarias.</span> <span class='ocrx_word' id='word_1_362' title='bbox 1461 3793 1570 3848; x_wconf 89' lang='lat' dir='ltr'>Sed</span> <span class='ocrx_word' id='word_1_363' title='bbox 1605 3811 1718 3847; x_wconf 93' lang='lat' dir='ltr'>non</span> <span class='ocrx_word' id='word_1_364' title='bbox 1776 3810 1905 3848; x_wconf 91' lang='lat' dir='ltr'>eam</span> 
     </span>
    </p>
   </div>
   <div class='ocr_carea' id='block_1_49' title="bbox 254 3865 1908 3936">
    <p class='ocr_par' dir='ltr' id='par_1_49' title="bbox 254 3865 1908 3936">
     <span class='ocr_line' id='line_1_51' title="bbox 254 3865 1908 3936; baseline -0.001 -16"><span class='ocrx_word' id='word_1_365' title='bbox 254 3868 441 3921; x_wconf 79' lang='lat' dir='ltr'>fuisse</span> <span class='ocrx_word' id='word_1_366' title='bbox 475 3869 607 3936; x_wconf 86' lang='lat' dir='ltr'>ejus</span> <span class='ocrx_word' id='word_1_367' title='bbox 638 3871 900 3936; x_wconf 9' lang='lat' dir='ltr'>mentem,</span> <span class='ocrx_word' id='word_1_368' title='bbox 944 3866 1250 3936; x_wconf 79' lang='lat' dir='ltr'>contendo,</span> <span class='ocrx_word' id='word_1_369' title='bbox 1279 3865 1328 3918; x_wconf 90' lang='lat' dir='ltr'>si</span> <span class='ocrx_word' id='word_1_370' title='bbox 1387 3866 1690 3936; x_wconf 87' lang='lat' dir='ltr'>commode</span> <span class='ocrx_word' id='word_1_371' title='bbox 1723 3865 1908 3936; x_wconf 85' lang='lat' dir='ltr'>possit</span> 
     </span>
    </p>
   </div>
   <div class='ocr_carea' id='block_1_50' title="bbox 247 3935 1904 4007">
    <p class='ocr_par' dir='ltr' id='par_1_50' title="bbox 247 3935 1904 4007">
     <span class='ocr_line' id='line_1_52' title="bbox 247 3935 1904 4007; baseline -0.001 -15"><span class='ocrx_word' id='word_1_372' title='bbox 247 3935 538 3992; x_wconf 83' lang='lat' dir='ltr'>catholico</span> <span class='ocrx_word' id='word_1_373' title='bbox 573 3952 752 3991; x_wconf 87' lang='lat' dir='ltr'>sensu</span> <span class='ocrx_word' id='word_1_374' title='bbox 786 3935 988 4007; x_wconf 77' lang='lat' dir='ltr'>accipi,</span> <span class='ocrx_word' id='word_1_375' title='bbox 1015 3951 1084 3990; x_wconf 87' lang='lat' dir='ltr'>ne</span> <span class='ocrx_word' id='word_1_376' title='bbox 1104 3935 1573 3991; x_wconf 68' lang='lat' dir='ltr'>invidiosissimaa</span> <span class='ocrx_word' id='word_1_377' title='bbox 1598 3935 1904 3991; x_wconf 70' lang='lat' dir='ltr'>calumniae</span> 
     </span>
    </p>
   </div>
   <div class='ocr_carea' id='block_1_51' title="bbox 247 4006 1906 4082">
    <p class='ocr_par' dir='ltr' id='par_1_51' title="bbox 247 4006 1906 4082">
     <span class='ocr_line' id='line_1_53' title="bbox 247 4006 1906 4082; baseline -0.001 -19"><span class='ocrx_word' id='word_1_378' title='bbox 247 4013 454 4082; x_wconf 82' lang='lat' dir='ltr'>pateat</span> <span class='ocrx_word' id='word_1_379' title='bbox 519 4006 1141 4082; x_wconf 64' lang='lat' dir='ltr'>sanctissimil’atris</span> <span class='ocrx_word' id='word_1_380' title='bbox 1197 4007 1477 4082; x_wconf 79' lang='lat' dir='ltr'>doctrina.</span> <span class='ocrx_word' id='word_1_381' title='bbox 1542 4007 1906 4082; x_wconf 10' lang='lat' dir='ltr'>Equidemisi</span> 
     </span>
    </p>
   </div>
   <div class='ocr_carea' id='block_1_52' title="bbox 245 4078 1903 4150">
    <p class='ocr_par' dir='ltr' id='par_1_52' title="bbox 245 4078 1903 4150">
     <span class='ocr_line' id='line_1_54' title="bbox 245 4078 1903 4150; baseline -0.001 -15"><span class='ocrx_word' id='word_1_382' title='bbox 245 4078 431 4150; x_wconf 74' lang='lat' dir='ltr'>huius</span> <span class='ocrx_word' id='word_1_383' title='bbox 492 4078 909 4150; x_wconf 77' lang='lat' dir='ltr'>tantummodo</span> <span class='ocrx_word' id='word_1_384' title='bbox 970 4078 1079 4134; x_wconf 90' lang='lat' dir='ltr'>loci</span> <span class='ocrx_word' id='word_1_385' title='bbox 1147 4079 1403 4149; x_wconf 89' lang='lat' dir='ltr'>suspicio</span> <span class='ocrx_word' id='word_1_386' title='bbox 1469 4079 1775 4150; x_wconf 86' lang='lat' dir='ltr'>purganda</span> <span class='ocrx_word' id='word_1_387' title='bbox 1805 4081 1903 4147; x_wconf 90' lang='lat' dir='ltr'>sit,</span> 
     </span>
    </p>
   </div>
   <div class='ocr_carea' id='block_1_53' title="bbox 247 4149 1903 4221">
    <p class='ocr_par' dir='ltr' id='par_1_53' title="bbox 247 4149 1903 4221">
     <span class='ocr_line' id='line_1_55' title="bbox 247 4149 1903 4221; baseline 0 -15"><span class='ocrx_word' id='word_1_388' title='bbox 247 4149 421 4207; x_wconf 77' lang='lat' dir='ltr'>facile</span> <span class='ocrx_word' id='word_1_389' title='bbox 454 4149 857 4221; x_wconf 75' lang='lat' dir='ltr'>praestiterim,</span> <span class='ocrx_word' id='word_1_390' title='bbox 893 4149 972 4203; x_wconf 90' lang='lat' dir='ltr'>ita</span> <span class='ocrx_word' id='word_1_391' title='bbox 1000 4151 1357 4220; x_wconf 82' lang='lat' dir='ltr'>exponendo,</span> <span class='ocrx_word' id='word_1_392' title='bbox 1407 4149 1903 4219; x_wconf 79' lang='lat' dir='ltr'>quemadmodum</span> 
     </span>
    </p>
   </div>
   <div class='ocr_carea' id='block_1_54' title="bbox 243 4220 1908 4291">
    <p class='ocr_par' dir='ltr' id='par_1_54' title="bbox 243 4220 1908 4291">
     <span class='ocr_line' id='line_1_56' title="bbox 243 4220 1908 4291; baseline -0.001 -13"><span class='ocrx_word' id='word_1_393' title='bbox 243 4220 489 4278; x_wconf 79' lang='lat' dir='ltr'>nativus</span> <span class='ocrx_word' id='word_1_394' title='bbox 558 4220 846 4276; x_wconf 88' lang='lat' dir='ltr'>orationis</span> <span class='ocrx_word' id='word_1_395' title='bbox 875 4237 1084 4276; x_wconf 89' lang='lat' dir='ltr'>sensus</span> <span class='ocrx_word' id='word_1_396' title='bbox 1117 4237 1226 4291; x_wconf 79' lang='lat' dir='ltr'>prae</span> <span class='ocrx_word' id='word_1_397' title='bbox 1295 4236 1356 4276; x_wconf 90' lang='lat' dir='ltr'>se</span> <span class='ocrx_word' id='word_1_398' title='bbox 1399 4221 1540 4276; x_wconf 87' lang='lat' dir='ltr'>fert:</span> <span class='ocrx_word' id='word_1_399' title='bbox 1569 4221 1908 4278; x_wconf 74' lang='lat' dir='ltr'>Christianos</span> 
     </span>
    </p>
   </div>
   <div class='ocr_carea' id='block_1_55' title="bbox 245 4292 1907 4363">
    <p class='ocr_par' dir='ltr' id='par_1_55' title="bbox 245 4292 1907 4363">
     <span class='ocr_line' id='line_1_57' title="bbox 245 4292 1907 4363; baseline 0 -15"><span class='ocrx_word' id='word_1_400' title='bbox 245 4311 366 4349; x_wconf 87' lang='lat' dir='ltr'>non</span> <span class='ocrx_word' id='word_1_401' title='bbox 395 4301 604 4349; x_wconf 86' lang='lat' dir='ltr'>tamen</span> <span class='ocrx_word' id='word_1_402' title='bbox 635 4294 1106 4363; x_wconf 54' lang='lat' dir='ltr'>prava-rz&#39;catores,</span> <span class='ocrx_word' id='word_1_403' title='bbox 1139 4308 1287 4362; x_wconf 90' lang='lat' dir='ltr'>quos</span> <span class='ocrx_word' id='word_1_404' title='bbox 1307 4293 1477 4347; x_wconf 90' lang='lat' dir='ltr'>modo</span> <span class='ocrx_word' id='word_1_405' title='bbox 1506 4292 1701 4363; x_wconf 90' lang='lat' dir='ltr'>impiis</span> <span class='ocrx_word' id='word_1_406' title='bbox 1723 4311 1907 4348; x_wconf 89' lang='lat' dir='ltr'>annu-</span> 
     </span>
    </p>
   </div>
   <div class='ocr_carea' id='block_1_56' title="bbox 243 4364 1904 4438">
    <p class='ocr_par' dir='ltr' id='par_1_56' title="bbox 243 4364 1904 4438">
     <span class='ocr_line' id='line_1_58' title="bbox 243 4364 1904 4438; baseline -0.002 -17"><span class='ocrx_word' id='word_1_407' title='bbox 243 4366 498 4435; x_wconf 84' lang='lat' dir='ltr'>meravi,</span> <span class='ocrx_word' id='word_1_408' title='bbox 529 4367 583 4420; x_wconf 81' lang='grc' dir='ltr'>.ςί</span> <span class='ocrx_word' id='word_1_409' title='bbox 605 4366 666 4438; x_wconf 60' lang='grc' dir='ltr'>ξπ</span> <span class='ocrx_word' id='word_1_410' title='bbox 695 4372 904 4438; x_wconf 70' lang='lat' dir='ltr'>peccato</span> <span class='ocrx_word' id='word_1_411' title='bbox 966 4366 1232 4438; x_wconf 66' lang='lat' dir='ltr'>praeuenti</span> <span class='ocrx_word' id='word_1_412' title='bbox 1285 4364 1527 4438; x_wconf 75' lang='lat' dir='ltr'>fuerint,</span> <span class='ocrx_word' id='word_1_413' title='bbox 1594 4365 1794 4438; x_wconf 89' lang='lat' dir='ltr'>utique</span> <span class='ocrx_word' id='word_1_414' title='bbox 1826 4364 1904 4438; x_wconf 81' lang='lat' dir='ltr'>le-</span> 
     </span>
    </p>
   </div>
   <div class='ocr_carea' id='block_1_57' title="bbox 1919 1692 1966 1758">
    <p class='ocr_par' dir='ltr' id='par_1_57' title="bbox 1919 1692 1966 1758">
     <span class='ocr_line' id='line_1_59' title="bbox 1919 1692 1966 1758; baseline 0 0"><span class='ocrx_word' id='word_1_415' title='bbox 1919 1692 1966 1758; x_wconf 88' lang='lat' dir='ltr'><strong>B</strong></span> 
     </span>
    </p>
   </div>
   <div class='ocr_carea' id='block_1_58' title="bbox 1995 411 3634 487">
    <p class='ocr_par' dir='ltr' id='par_1_58' title="bbox 1995 411 3634 487">
     <span class='ocr_line' id='line_1_60' title="bbox 1995 411 3634 487; baseline 0.004 -21"><span class='ocrx_word' id='word_1_416' title='bbox 1995 429 2185 483; x_wconf 91' lang='lat' dir='ltr'>posse.</span> <span class='ocrx_word' id='word_1_417' title='bbox 2226 413 2372 483; x_wconf 87' lang='lat' dir='ltr'>Ergo</span> <span class='ocrx_word' id='word_1_418' title='bbox 2403 412 2565 467; x_wconf 89' lang='lat' dir='ltr'>solus</span> <span class='ocrx_word' id='word_1_419' title='bbox 2597 411 2692 466; x_wconf 90' lang='lat' dir='ltr'>ille</span> <span class='ocrx_word' id='word_1_420' title='bbox 2723 411 2995 481; x_wconf 88' lang='lat' dir='ltr'>salvetur,</span> <span class='ocrx_word' id='word_1_421' title='bbox 3029 413 3129 483; x_wconf 90' lang='lat' dir='ltr'>qui</span> <span class='ocrx_word' id='word_1_422' title='bbox 3160 431 3459 487; x_wconf 86' lang='lat' dir='ltr'>nunquam</span> <span class='ocrx_word' id='word_1_423' title='bbox 3507 419 3634 485; x_wconf 85' lang='lat' dir='ltr'>fuit,</span> 
     </span>
    </p>
   </div>
   <div class='ocr_carea' id='block_1_59' title="bbox 1995 499 3637 567">
    <p class='ocr_par' dir='ltr' id='par_1_59' title="bbox 1995 499 3637 567">
     <span class='ocr_line' id='line_1_61' title="bbox 1995 499 3637 567; baseline 0.005 -13"><span class='ocrx_word' id='word_1_424' title='bbox 1995 518 2098 556; x_wconf 91' lang='lat' dir='ltr'>nec</span> <span class='ocrx_word' id='word_1_425' title='bbox 2130 505 2238 564; x_wconf 90' lang='lat' dir='ltr'>est,</span> <span class='ocrx_word' id='word_1_426' title='bbox 2290 501 2390 555; x_wconf 89' lang='lat' dir='ltr'>sed</span> <span class='ocrx_word' id='word_1_427' title='bbox 2442 501 2677 555; x_wconf 85' lang='lat' dir='ltr'>futurus</span> <span class='ocrx_word' id='word_1_428' title='bbox 2723 505 2832 567; x_wconf 87' lang='lat' dir='ltr'>est,</span> <span class='ocrx_word' id='word_1_429' title='bbox 2891 499 3041 556; x_wconf 65' lang='lat'>7‘26</span> <span class='ocrx_word' id='word_1_430' title='bbox 3090 506 3192 556; x_wconf 92' lang='lat' dir='ltr'>aut</span> <span class='ocrx_word' id='word_1_431' title='bbox 3239 504 3479 559; x_wconf 89' lang='lat' dir='ltr'>forsitan</span> <span class='ocrx_word' id='word_1_432' title='bbox 3532 524 3637 562; x_wconf 87' lang='lat' dir='ltr'>nec</span> 
     </span>
    </p>
   </div>
   <div class='ocr_carea' id='block_1_60' title="bbox 1995 583 3636 660">
    <p class='ocr_par' dir='ltr' id='par_1_60' title="bbox 1995 583 3636 660">
     <span class='ocr_line' id='line_1_62' title="bbox 1995 583 3636 660; baseline 0.005 -18"><span class='ocrx_word' id='word_1_433' title='bbox 1995 589 2262 642; x_wconf 82' lang='lat' dir='ltr'>futurus:</span> <span class='ocrx_word' id='word_1_434' title='bbox 2301 592 2358 641; x_wconf 89' lang='lat' dir='ltr'>et</span> <span class='ocrx_word' id='word_1_435' title='bbox 2417 593 2652 658; x_wconf 82' lang='lat' dir='ltr'>pereant</span> <span class='ocrx_word' id='word_1_436' title='bbox 2691 606 2916 656; x_wconf 89' lang='lat' dir='ltr'>omnes,</span> <span class='ocrx_word' id='word_1_437' title='bbox 2952 605 3099 660; x_wconf 89' lang='lat' dir='ltr'>quos</span> <span class='ocrx_word' id='word_1_438' title='bbox 3167 594 3317 646; x_wconf 90' lang='lat' dir='ltr'>retro</span> <span class='ocrx_word' id='word_1_439' title='bbox 3349 583 3528 648; x_wconf 77' lang='lat' dir='ltr'>fuisse</span> <span class='ocrx_word' id='word_1_440' title='bbox 3556 594 3636 652; x_wconf 85' lang='lat' dir='ltr'>le-</span> 
     </span>
    </p>
   </div>
   <div class='ocr_carea' id='block_1_61' title="bbox 1995 676 3638 751">
    <p class='ocr_par' dir='ltr' id='par_1_61' title="bbox 1995 676 3638 751">
     <span class='ocr_line' id='line_1_63' title="bbox 1995 676 3638 751; baseline 0.005 -22"><span class='ocrx_word' id='word_1_441' title='bbox 1995 676 2210 749; x_wconf 87' lang='lat' dir='ltr'>gimus.</span> <span class='ocrx_word' id='word_1_442' title='bbox 2245 677 2330 730; x_wconf 87' lang='lat' dir='ltr'>Tu</span> <span class='ocrx_word' id='word_1_443' title='bbox 2363 677 2488 746; x_wconf 88' lang='lat' dir='ltr'>ipse</span> <span class='ocrx_word' id='word_1_444' title='bbox 2524 676 2623 747; x_wconf 91' lang='lat' dir='ltr'>qui</span> <span class='ocrx_word' id='word_1_445' title='bbox 2656 676 2974 731; x_wconf 89' lang='lat' dir='ltr'>Catoniana</span> <span class='ocrx_word' id='word_1_446' title='bbox 3006 677 3112 747; x_wconf 80' lang='lat' dir='ltr'>(Al.</span> <span class='ocrx_word' id='word_1_447' title='bbox 3168 678 3499 751; x_wconf 86' lang='lat' dir='ltr'>Catoniaca)</span> <span class='ocrx_word' id='word_1_448' title='bbox 3534 700 3638 737; x_wconf 90' lang='lat' dir='ltr'>no-</span> 
     </span>
    </p>
   </div>
   <div class='ocr_carea' id='block_1_62' title="bbox 1996 763 3643 835">
    <p class='ocr_par' dir='ltr' id='par_1_62' title="bbox 1996 763 3643 835">
     <span class='ocr_line' id='line_1_64' title="bbox 1996 763 3643 835; baseline 0.003 -16"><span class='ocrx_word' id='word_1_449' title='bbox 1996 765 2087 819; x_wconf 91' lang='lat' dir='ltr'>bis</span> <span class='ocrx_word' id='word_1_450' title='bbox 2122 765 2344 818; x_wconf 80' lang='lat' dir='ltr'>inﬂaris</span> <span class='ocrx_word' id='word_1_451' title='bbox 2378 764 2673 835; x_wconf 77' lang='lat' dir='ltr'>superbia,</span> <span class='ocrx_word' id='word_1_452' title='bbox 2727 769 2782 818; x_wconf 90' lang='lat' dir='ltr'>et</span> <span class='ocrx_word' id='word_1_453' title='bbox 2813 763 3046 820; x_wconf 85' lang='lat' dir='ltr'>Milonis</span> <span class='ocrx_word' id='word_1_454' title='bbox 3098 765 3362 821; x_wconf 84' lang='lat' dir='ltr'>humeris</span> <span class='ocrx_word' id='word_1_455' title='bbox 3392 767 3643 824; x_wconf 81' lang='lat' dir='ltr'>intume-</span> 
     </span>
    </p>
   </div>
   <div class='ocr_carea' id='block_1_63' title="bbox 1997 853 3637 927">
    <p class='ocr_par' dir='ltr' id='par_1_63' title="bbox 1997 853 3637 927">
     <span class='ocr_line' id='line_1_65' title="bbox 1997 853 3637 927; baseline 0.004 -21"><span class='ocrx_word' id='word_1_456' title='bbox 1997 853 2168 916; x_wconf 77' lang='lat' dir='ltr'>scis‘,</span> <span class='ocrx_word' id='word_1_457' title='bbox 2238 869 2349 923; x_wconf 84' lang='lat' dir='ltr'>qua</span> <span class='ocrx_word' id='word_1_458' title='bbox 2409 853 2754 917; x_wconf 87' lang='lat' dir='ltr'>temeritate,</span> <span class='ocrx_word' id='word_1_459' title='bbox 2791 858 3075 924; x_wconf 86' lang='lat' dir='ltr'>peccator,</span> <span class='ocrx_word' id='word_1_460' title='bbox 3111 856 3379 927; x_wconf 85' lang='lat' dir='ltr'>magistri</span> <span class='ocrx_word' id='word_1_461' title='bbox 3426 874 3637 913; x_wconf 88' lang='lat' dir='ltr'>nomen</span> 
     </span>
    </p>
   </div>
   <div class='ocr_carea' id='block_1_64' title="bbox 2001 939 3645 1011">
    <p class='ocr_par' dir='ltr' id='par_1_64' title="bbox 2001 939 3645 1011">
     <span class='ocr_line' id='line_1_66' title="bbox 2001 939 3645 1011; baseline 0.005 -17"><span class='ocrx_word' id='word_1_462' title='bbox 2001 941 2260 995; x_wconf 85' lang='lat' dir='ltr'>assumis</span> <span class='ocrx_word' id='word_1_463' title='bbox 2280 939 2307 994; x_wconf 84' lang='lat'><strong>?</strong></span> <span class='ocrx_word' id='word_1_464' title='bbox 2336 944 2454 994; x_wconf 91' lang='lat' dir='ltr'>Aut</span> <span class='ocrx_word' id='word_1_465' title='bbox 2483 939 2529 994; x_wconf 93' lang='lat' dir='ltr'>si</span> <span class='ocrx_word' id='word_1_466' title='bbox 2555 941 2754 1011; x_wconf 85' lang='lat' dir='ltr'>justus</span> <span class='ocrx_word' id='word_1_467' title='bbox 2781 958 2864 1008; x_wconf 90' lang='lat' dir='ltr'>es,</span> <span class='ocrx_word' id='word_1_468' title='bbox 2933 947 2989 997; x_wconf 87' lang='lat' dir='ltr'>et</span> <span class='ocrx_word' id='word_1_469' title='bbox 3019 942 3349 999; x_wconf 88' lang='lat' dir='ltr'>humilitate</span> <span class='ocrx_word' id='word_1_470' title='bbox 3393 946 3645 1002; x_wconf 89' lang='lat' dir='ltr'>simulas</span> 
     </span>
    </p>
   </div>
   <div class='ocr_carea' id='block_1_65' title="bbox 1998 1029 3644 1102">
    <p class='ocr_par' dir='ltr' id='par_1_65' title="bbox 1998 1029 3644 1102">
     <span class='ocr_line' id='line_1_67' title="bbox 1998 1029 3644 1102; baseline 0.005 -20"><span class='ocrx_word' id='word_1_471' title='bbox 1998 1033 2382 1101; x_wconf 88' lang='lat' dir='ltr'>peccatorem,</span> <span class='ocrx_word' id='word_1_472' title='bbox 2410 1029 2761 1082; x_wconf 88' lang='lat' dir='ltr'>mirabimur</span> <span class='ocrx_word' id='word_1_473' title='bbox 2791 1035 2965 1102; x_wconf 90' lang='lat' dir='ltr'>atque</span> <span class='ocrx_word' id='word_1_474' title='bbox 2995 1031 3388 1101; x_wconf 86' lang='lat' dir='ltr'>gaudebimus</span> <span class='ocrx_word' id='word_1_475' title='bbox 3428 1035 3644 1091; x_wconf 69' lang='lat' dir='ltr'>habere</span> 
     </span>
    </p>
   </div>
   <div class='ocr_carea' id='block_1_66' title="bbox 1998 1117 3644 1193">
    <p class='ocr_par' dir='ltr' id='par_1_66' title="bbox 1998 1117 3644 1193">
     <span class='ocr_line' id='line_1_68' title="bbox 1998 1117 3644 1193; baseline 0.004 -21"><span class='ocrx_word' id='word_1_476' title='bbox 1998 1124 2052 1172; x_wconf 88' lang='lat' dir='ltr'>te</span> <span class='ocrx_word' id='word_1_477' title='bbox 2086 1117 2277 1172; x_wconf 90' lang='lat' dir='ltr'>solum</span> <span class='ocrx_word' id='word_1_478' title='bbox 2309 1121 2364 1171; x_wconf 87' lang='lat' dir='ltr'>et</span> <span class='ocrx_word' id='word_1_479' title='bbox 2393 1117 2690 1188; x_wconf 90' lang='lat' dir='ltr'>possidere</span> <span class='ocrx_word' id='word_1_480' title='bbox 2721 1134 2851 1173; x_wconf 90' lang='lat' dir='ltr'>cum</span> <span class='ocrx_word' id='word_1_481' title='bbox 2887 1119 3081 1189; x_wconf 87' lang='lat' dir='ltr'>sociis,</span> <span class='ocrx_word' id='word_1_482' title='bbox 3106 1121 3261 1191; x_wconf 90' lang='lat' dir='ltr'>quod</span> <span class='ocrx_word' id='word_1_483' title='bbox 3285 1137 3389 1175; x_wconf 92' lang='lat' dir='ltr'>nec</span> <span class='ocrx_word' id='word_1_484' title='bbox 3404 1124 3644 1193; x_wconf 88' lang='lat' dir='ltr'>patriar-</span> 
     </span>
    </p>
   </div>
   <div class='ocr_carea' id='block_1_67' title="bbox 1997 1205 3643 1282">
    <p class='ocr_par' dir='ltr' id='par_1_67' title="bbox 1997 1205 3643 1282">
     <span class='ocr_line' id='line_1_69' title="bbox 1997 1205 3643 1282; baseline 0.004 -22"><span class='ocrx_word' id='word_1_485' title='bbox 1997 1206 2268 1272; x_wconf 88' lang='lat' dir='ltr'>charum,</span> <span class='ocrx_word' id='word_1_486' title='bbox 2299 1221 2404 1259; x_wconf 88' lang='lat' dir='ltr'>nec</span> <span class='ocrx_word' id='word_1_487' title='bbox 2438 1205 2877 1276; x_wconf 89' lang='lat' dir='ltr'>prophetarum,</span> <span class='ocrx_word' id='word_1_488' title='bbox 2913 1224 3018 1262; x_wconf 89' lang='lat' dir='ltr'>nec</span> <span class='ocrx_word' id='word_1_489' title='bbox 3048 1205 3445 1279; x_wconf 89' lang='lat' dir='ltr'>apostolorum</span> <span class='ocrx_word' id='word_1_490' title='bbox 3481 1214 3643 1282; x_wconf 88' lang='lat' dir='ltr'>quis-</span> 
     </span>
    </p>
   </div>
   <div class='ocr_carea' id='block_1_68' title="bbox 1999 1293 3642 1369">
    <p class='ocr_par' dir='ltr' id='par_1_68' title="bbox 1999 1293 3642 1369">
     <span class='ocr_line' id='line_1_70' title="bbox 1999 1293 3642 1369; baseline 0.005 -21"><span class='ocrx_word' id='word_1_491' title='bbox 1999 1295 2156 1367; x_wconf 90' lang='lat' dir='ltr'>piam</span> <span class='ocrx_word' id='word_1_492' title='bbox 2188 1294 2414 1347; x_wconf 90' lang='lat' dir='ltr'>habuit.</span> <span class='ocrx_word' id='word_1_493' title='bbox 2449 1293 2505 1347; x_wconf 89' lang='lat' dir='ltr'>Si</span> <span class='ocrx_word' id='word_1_494' title='bbox 2539 1294 2642 1363; x_wconf 76' lang='grc' dir='ltr'>(Αἱ.</span> <span class='ocrx_word' id='word_1_495' title='bbox 2676 1296 2788 1362; x_wconf 82' lang='lat' dir='ltr'>sin)</span> <span class='ocrx_word' id='word_1_496' title='bbox 2857 1299 3050 1350; x_wconf 87' lang='lat' dir='ltr'>autem</span> <span class='ocrx_word' id='word_1_497' title='bbox 3093 1297 3370 1369; x_wconf 87' lang='lat' dir='ltr'>Origenes</span> <span class='ocrx_word' id='word_1_498' title='bbox 3437 1317 3642 1356; x_wconf 87' lang='lat' dir='ltr'>omnes</span> 
     </span>
    </p>
   </div>
   <div class='ocr_carea' id='block_1_69' title="bbox 2000 1381 3644 1457">
    <p class='ocr_par' dir='ltr' id='par_1_69' title="bbox 2000 1381 3644 1457">
     <span class='ocr_line' id='line_1_71' title="bbox 2000 1381 3644 1457; baseline 0.004 -19"><span class='ocrx_word' id='word_1_499' title='bbox 2000 1381 2375 1438; x_wconf 85' lang='lat' dir='ltr'>rationabiles</span> <span class='ocrx_word' id='word_1_500' title='bbox 2405 1387 2702 1437; x_wconf 88' lang='lat' dir='ltr'>creaturas</span> <span class='ocrx_word' id='word_1_501' title='bbox 2735 1383 2875 1438; x_wconf 89' lang='lat' dir='ltr'>dicit</span> <span class='ocrx_word' id='word_1_502' title='bbox 2903 1402 3016 1439; x_wconf 92' lang='lat' dir='ltr'>non</span> <span class='ocrx_word' id='word_1_503' title='bbox 3050 1401 3178 1440; x_wconf 88' lang='lat' dir='ltr'>esse</span> <span class='ocrx_word' id='word_1_504' title='bbox 3203 1387 3549 1457; x_wconf 76' lang='lat' dir='ltr'>perdendus,</span> <span class='ocrx_word' id='word_1_505' title='bbox 3585 1395 3644 1444; x_wconf 87' lang='lat' dir='ltr'>et</span> 
     </span>
    </p>
   </div>
   <div class='ocr_carea' id='block_1_70' title="bbox 1998 1471 3644 1547">
    <p class='ocr_par' dir='ltr' id='par_1_70' title="bbox 1998 1471 3644 1547">
     <span class='ocr_line' id='line_1_72' title="bbox 1998 1471 3644 1547; baseline 0.003 -21"><span class='ocrx_word' id='word_1_506' title='bbox 1998 1471 2226 1526; x_wconf 90' lang='lat' dir='ltr'>diabolo</span> <span class='ocrx_word' id='word_1_507' title='bbox 2253 1471 2456 1526; x_wconf 88' lang='lat' dir='ltr'>tribuit</span> <span class='ocrx_word' id='word_1_508' title='bbox 2521 1472 2947 1543; x_wconf 65' lang='lat' dir='ltr'>paenitentiam,</span> <span class='ocrx_word' id='word_1_509' title='bbox 2982 1473 3122 1544; x_wconf 89' lang='lat' dir='ltr'>quid</span> <span class='ocrx_word' id='word_1_510' title='bbox 3156 1474 3228 1528; x_wconf 88' lang='lat' dir='ltr'>ad</span> <span class='ocrx_word' id='word_1_511' title='bbox 3292 1491 3420 1540; x_wconf 86' lang='lat' dir='ltr'>nos,</span> <span class='ocrx_word' id='word_1_512' title='bbox 3453 1477 3555 1547; x_wconf 90' lang='lat' dir='ltr'>qui</span> <span class='ocrx_word' id='word_1_513' title='bbox 3588 1483 3644 1531; x_wconf 87' lang='lat' dir='ltr'>et</span> 
     </span>
    </p>
   </div>
   <div class='ocr_carea' id='block_1_71' title="bbox 2001 1557 3646 1634">
    <p class='ocr_par' dir='ltr' id='par_1_71' title="bbox 2001 1557 3646 1634">
     <span class='ocr_line' id='line_1_73' title="bbox 2001 1557 3646 1634; baseline 0.003 -21"><span class='ocrx_word' id='word_1_514' title='bbox 2001 1557 2302 1614; x_wconf 89' lang='lat' dir='ltr'>diabolum</span> <span class='ocrx_word' id='word_1_515' title='bbox 2337 1564 2391 1612; x_wconf 87' lang='lat' dir='ltr'>et.</span> <span class='ocrx_word' id='word_1_516' title='bbox 2408 1559 2685 1615; x_wconf 89' lang='lat' dir='ltr'>satellites</span> <span class='ocrx_word' id='word_1_517' title='bbox 2708 1561 2834 1630; x_wconf 84' lang='lat' dir='ltr'>ejus</span> <span class='ocrx_word' id='word_1_518' title='bbox 2852 1577 3168 1630; x_wconf 87' lang='lat' dir='ltr'>omnesque</span> <span class='ocrx_word' id='word_1_519' title='bbox 3187 1561 3400 1633; x_wconf 90' lang='lat' dir='ltr'>impios</span> <span class='ocrx_word' id='word_1_520' title='bbox 3421 1570 3476 1618; x_wconf 90' lang='lat' dir='ltr'>et</span> <span class='ocrx_word' id='word_1_521' title='bbox 3503 1582 3646 1634; x_wconf 70' lang='lat' dir='ltr'>pran-</span> 
     </span>
    </p>
   </div>
   <div class='ocr_carea' id='block_1_72' title="bbox 2001 1647 3648 1720">
    <p class='ocr_par' dir='ltr' id='par_1_72' title="bbox 2001 1647 3648 1720">
     <span class='ocr_line' id='line_1_74' title="bbox 2001 1647 3648 1720; baseline 0.004 -20"><span class='ocrx_word' id='word_1_522' title='bbox 2001 1647 2352 1702; x_wconf 87' lang='lat' dir='ltr'>varicatores</span> <span class='ocrx_word' id='word_1_523' title='bbox 2384 1647 2636 1702; x_wconf 89' lang='lat' dir='ltr'>dicimus</span> <span class='ocrx_word' id='word_1_524' title='bbox 2666 1649 2854 1719; x_wconf 91' lang='lat' dir='ltr'>perire</span> <span class='ocrx_word' id='word_1_525' title='bbox 2880 1654 3180 1720; x_wconf 84' lang='lat' dir='ltr'>perpetuo,</span> <span class='ocrx_word' id='word_1_526' title='bbox 3207 1658 3262 1704; x_wconf 85' lang='lat' dir='ltr'>et</span> <span class='ocrx_word' id='word_1_527' title='bbox 3283 1650 3648 1707; x_wconf 87' lang='lat' dir='ltr'>Christianos</span> 
     </span>
    </p>
   </div>
   <div class='ocr_carea' id='block_1_73' title="bbox 1999 1736 3644 1807">
    <p class='ocr_par' dir='ltr' id='par_1_73' title="bbox 1999 1736 3644 1807">
     <span class='ocr_line' id='line_1_75' title="bbox 1999 1736 3644 1807; baseline 0.004 -16"><span class='ocrx_word' id='word_1_528' title='bbox 1999 1737 2048 1791; x_wconf 92' lang='lat' dir='ltr'>si</span> <span class='ocrx_word' id='word_1_529' title='bbox 2095 1736 2153 1790; x_wconf 90' lang='lat' dir='ltr'>in</span> <span class='ocrx_word' id='word_1_530' title='bbox 2203 1741 2439 1806; x_wconf 87' lang='lat' dir='ltr'>peccato</span> <span class='ocrx_word' id='word_1_531' title='bbox 2502 1739 2772 1807; x_wconf 70' lang='lat' dir='ltr'>praeventi</span> <span class='ocrx_word' id='word_1_532' title='bbox 2833 1738 3108 1803; x_wconf 60' lang='lat' dir='ltr'>fuerint”,</span> <span class='ocrx_word' id='word_1_533' title='bbox 3162 1738 3474 1796; x_wconf 86' lang='lat' dir='ltr'>salvandos</span> <span class='ocrx_word' id='word_1_534' title='bbox 3516 1758 3644 1798; x_wconf 87' lang='lat' dir='ltr'>esse</span> 
     </span>
    </p>
   </div>
   <div class='ocr_carea' id='block_1_74' title="bbox 2001 1826 2420 1898">
    <p class='ocr_par' dir='ltr' id='par_1_74' title="bbox 2001 1826 2420 1898">
     <span class='ocr_line' id='line_1_76' title="bbox 2001 1826 2420 1898; baseline -0.005 -17"><span class='ocrx_word' id='word_1_535' title='bbox 2001 1829 2132 1898; x_wconf 90' lang='lat' dir='ltr'>post</span> <span class='ocrx_word' id='word_1_536' title='bbox 2171 1842 2374 1896; x_wconf 85' lang='lat' dir='ltr'>poenas</span> <span class='ocrx_word' id='word_1_537' title='bbox 2393 1826 2420 1879; x_wconf 89' lang='lat'><strong><em>?</em></strong></span> 
     </span>
    </p>
   </div>
   <div class='ocr_carea' id='block_1_75' title="bbox 2001 1941 3648 2016">
    <p class='ocr_par' dir='ltr' id='par_1_75' title="bbox 2001 1941 3648 2016">
     <span class='ocr_line' id='line_1_77' title="bbox 2001 1941 3648 2016; baseline 0.002 -20"><span class='ocrx_word' id='word_1_538' title='bbox 2001 1941 2413 2016; x_wconf 84' lang='lat' dir='ltr'>diabolo__non_</span> <span class='ocrx_word' id='word_1_539' title='bbox 2457 1946 2578 1996; x_wconf 90' lang='lat' dir='ltr'>tam</span> <span class='ocrx_word' id='word_1_540' title='bbox 2632 1941 2837 2016; x_wconf 74' lang='lat' dir='ltr'>fratres</span> <span class='ocrx_word' id='word_1_541' title='bbox 2899 1943 3042 1997; x_wconf 90' lang='lat' dir='ltr'>mihi</span> <span class='ocrx_word' id='word_1_542' title='bbox 3103 1943 3318 2016; x_wconf 86' lang='lat' dir='ltr'>videris</span> <span class='ocrx_word' id='word_1_543' title='bbox 3363 1955 3648 2016; x_wconf 87' lang='lat' dir='ltr'>premere,</span> 
     </span>
    </p>
   </div>
   <div class='ocr_carea' id='block_1_76' title="bbox 2003 2010 3650 2087">
    <p class='ocr_par' dir='ltr' id='par_1_76' title="bbox 2003 2010 3650 2087">
     <span class='ocr_line' id='line_1_78' title="bbox 2003 2010 3650 2087; baseline 0.004 -22"><span class='ocrx_word' id='word_1_544' title='bbox 2003 2010 2525 2087; x_wconf 71' lang='lat' dir='ltr'>quam_iiiabolum</span> <span class='ocrx_word' id='word_1_545' title='bbox 2571 2013 2893 2087; x_wconf 73' lang='lat' dir='ltr'>sublevare,</span> <span class='ocrx_word' id='word_1_546' title='bbox 2963 2030 3098 2087; x_wconf 84' lang='lat' dir='ltr'>cum</span> <span class='ocrx_word' id='word_1_547' title='bbox 3172 2010 3383 2070; x_wconf 80' lang='lat' dir='ltr'>iisdeni</span> <span class='ocrx_word' id='word_1_548' title='bbox 3434 2010 3650 2087; x_wconf 78' lang='lat' dir='ltr'>quibus</span> 
     </span>
    </p>
   </div>
   <div class='ocr_carea' id='block_1_77' title="bbox 2002 2082 3651 2159">
    <p class='ocr_par' dir='ltr' id='par_1_77' title="bbox 2002 2082 3651 2159">
     <span class='ocr_line' id='line_1_79' title="bbox 2002 2082 3651 2159; baseline 0.004 -24"><span class='ocrx_word' id='word_1_549' title='bbox 2002 2082 2316 2137; x_wconf 84' lang='lat' dir='ltr'>Christiani</span> <span class='ocrx_word' id='word_1_550' title='bbox 2351 2083 2588 2159; x_wconf 75' lang='lat' dir='ltr'>ignibus</span> <span class='ocrx_word' id='word_1_551' title='bbox 2618 2083 2951 2159; x_wconf 82' lang='lat' dir='ltr'>puniendus</span> <span class='ocrx_word' id='word_1_552' title='bbox 2983 2085 3078 2159; x_wconf 87' lang='lat' dir='ltr'>sit.</span> <span class='ocrx_word' id='word_1_553' title='bbox 3116 2107 3142 2133; x_wconf 72' lang='lat' dir='ltr'>n</span> <span class='ocrx_word' id='word_1_554' title='bbox 3174 2086 3273 2140; x_wconf 85' lang='lat' dir='ltr'>His</span> <span class='ocrx_word' id='word_1_555' title='bbox 3306 2087 3354 2159; x_wconf 83' lang='lat' dir='ltr'>si</span> <span class='ocrx_word' id='word_1_556' title='bbox 3397 2082 3651 2159; x_wconf 75' lang='lat' dir='ltr'>oppona-</span> 
     </span>
    </p>
   </div>
   <div class='ocr_carea' id='block_1_78' title="bbox 2004 2154 3643 2228">
    <p class='ocr_par' dir='ltr' id='par_1_78' title="bbox 2004 2154 3643 2228">
     <span class='ocr_line' id='line_1_80' title="bbox 2004 2154 3643 2228; baseline 0.003 -20"><span class='ocrx_word' id='word_1_557' title='bbox 2004 2171 2138 2209; x_wconf 89' lang='lat' dir='ltr'>mus</span> <span class='ocrx_word' id='word_1_558' title='bbox 2169 2161 2441 2228; x_wconf 77' lang='lat' dir='ltr'>sexcenta</span> <span class='ocrx_word' id='word_1_559' title='bbox 2469 2154 2658 2228; x_wconf 86' lang='lat' dir='ltr'>ipsius</span> <span class='ocrx_word' id='word_1_560' title='bbox 2690 2155 3024 2228; x_wconf 69' lang='lat' dir='ltr'>Hieronymi</span> <span class='ocrx_word' id='word_1_561' title='bbox 3057 2157 3395 2211; x_wconf 89' lang='lat' dir='ltr'>testimonia</span> <span class='ocrx_word' id='word_1_562' title='bbox 3426 2154 3643 2228; x_wconf 76' lang='lat' dir='ltr'>quibus</span> 
     </span>
    </p>
   </div>
   <div class='ocr_carea' id='block_1_79' title="bbox 2003 2225 3652 2298">
    <p class='ocr_par' dir='ltr' id='par_1_79' title="bbox 2003 2225 3652 2298">
     <span class='ocr_line' id='line_1_81' title="bbox 2003 2225 3652 2298; baseline 0.002 -18"><span class='ocrx_word' id='word_1_563' title='bbox 2003 2231 2248 2298; x_wconf 68' lang='lat' dir='ltr'>aeternas</span> <span class='ocrx_word' id='word_1_564' title='bbox 2284 2225 2570 2298; x_wconf 87' lang='lat' dir='ltr'>malorum</span> <span class='ocrx_word' id='word_1_565' title='bbox 2602 2225 3092 2298; x_wconf 86' lang='lat' dir='ltr'>Christianorum,</span> <span class='ocrx_word' id='word_1_566' title='bbox 3127 2228 3227 2297; x_wconf 91' lang='lat' dir='ltr'>qui</span> <span class='ocrx_word' id='word_1_567' title='bbox 3279 2225 3500 2298; x_wconf 82' lang='lat' dir='ltr'>absque</span> <span class='ocrx_word' id='word_1_568' title='bbox 3532 2247 3652 2298; x_wconf 73' lang='lat' dir='ltr'>pm-</span> 
     </span>
    </p>
   </div>
   <div class='ocr_carea' id='block_1_80' title="bbox 2008 2296 3651 2370">
    <p class='ocr_par' dir='ltr' id='par_1_80' title="bbox 2008 2296 3651 2370">
     <span class='ocr_line' id='line_1_82' title="bbox 2008 2296 3651 2370; baseline 0.002 -19"><span class='ocrx_word' id='word_1_569' title='bbox 2008 2296 2251 2370; x_wconf 69' lang='lat' dir='ltr'>nitentia</span> <span class='ocrx_word' id='word_1_570' title='bbox 2283 2297 2661 2370; x_wconf 78' lang='lat' dir='ltr'>decesserint,</span> <span class='ocrx_word' id='word_1_571' title='bbox 2699 2297 2924 2370; x_wconf 75' lang='lat' dir='ltr'>futuras</span> <span class='ocrx_word' id='word_1_572' title='bbox 2956 2296 3158 2368; x_wconf 71' lang='lat' dir='ltr'>pinnas</span> <span class='ocrx_word' id='word_1_573' title='bbox 3177 2296 3451 2370; x_wconf 76' lang='lat' dir='ltr'>expresse</span> <span class='ocrx_word' id='word_1_574' title='bbox 3472 2296 3651 2354; x_wconf 84' lang='lat' dir='ltr'>tradi-</span> 
     </span>
    </p>
   </div>
   <div class='ocr_carea' id='block_1_81' title="bbox 2005 2367 3653 2440">
    <p class='ocr_par' dir='ltr' id='par_1_81' title="bbox 2005 2367 3653 2440">
     <span class='ocr_line' id='line_1_83' title="bbox 2005 2367 3653 2440; baseline 0.003 -20"><span class='ocrx_word' id='word_1_575' title='bbox 2005 2368 2109 2440; x_wconf 87' lang='lat' dir='ltr'>dit,</span> <span class='ocrx_word' id='word_1_576' title='bbox 2145 2367 2225 2420; x_wconf 91' lang='lat' dir='ltr'>nil</span> <span class='ocrx_word' id='word_1_577' title='bbox 2253 2368 2507 2440; x_wconf 83' lang='lat' dir='ltr'>amplius</span> <span class='ocrx_word' id='word_1_578' title='bbox 2532 2368 2716 2440; x_wconf 82' lang='lat' dir='ltr'>evinci</span> <span class='ocrx_word' id='word_1_579' title='bbox 2743 2367 2972 2435; x_wconf 74' lang='lat' dir='ltr'>volunt,</span> <span class='ocrx_word' id='word_1_580' title='bbox 2995 2385 3170 2440; x_wconf 89' lang='lat' dir='ltr'>quam</span> <span class='ocrx_word' id='word_1_581' title='bbox 3206 2367 3653 2426; x_wconf 80' lang='lat' dir='ltr'>mutasseillum</span> 
     </span>
    </p>
   </div>
   <div class='ocr_carea' id='block_1_82' title="bbox 2007 2438 3655 2513">
    <p class='ocr_par' dir='ltr' id='par_1_82' title="bbox 2007 2438 3655 2513">
     <span class='ocr_line' id='line_1_84' title="bbox 2007 2438 3655 2513; baseline 0.003 -21"><span class='ocrx_word' id='word_1_582' title='bbox 2007 2438 2321 2513; x_wconf 72' lang='lat' dir='ltr'>aliquando</span> <span class='ocrx_word' id='word_1_583' title='bbox 2353 2439 2725 2513; x_wconf 82' lang='lat' dir='ltr'>sententiam,</span> <span class='ocrx_word' id='word_1_584' title='bbox 2752 2455 2864 2513; x_wconf 81' lang='lat' dir='ltr'>nec</span> <span class='ocrx_word' id='word_1_585' title='bbox 2886 2438 3077 2513; x_wconf 71' lang='lat' dir='ltr'>unice</span> <span class='ocrx_word' id='word_1_586' title='bbox 3133 2457 3365 2513; x_wconf 91' lang='lat' dir='ltr'>semper</span> <span class='ocrx_word' id='word_1_587' title='bbox 3394 2443 3655 2513; x_wconf 91' lang='lat' dir='ltr'>opinioni</span> 
     </span>
    </p>
   </div>
   <div class='ocr_carea' id='block_1_83' title="bbox 2007 2509 3656 2586">
    <p class='ocr_par' dir='ltr' id='par_1_83' title="bbox 2007 2509 3656 2586">
     <span class='ocr_line' id='line_1_85' title="bbox 2007 2509 3656 2586; baseline 0.002 -22"><span class='ocrx_word' id='word_1_588' title='bbox 2007 2509 2341 2586; x_wconf 71' lang='lat' dir='ltr'>adhresisse.</span> <span class='ocrx_word' id='word_1_589' title='bbox 2376 2511 2552 2586; x_wconf 82' lang='lat' dir='ltr'>Quasi</span> <span class='ocrx_word' id='word_1_590' title='bbox 2583 2526 2714 2586; x_wconf 85' lang='lat' dir='ltr'>vero</span> <span class='ocrx_word' id='word_1_591' title='bbox 2747 2511 2807 2564; x_wconf 88' lang='lat' dir='ltr'>in</span> <span class='ocrx_word' id='word_1_592' title='bbox 2840 2509 2975 2586; x_wconf 86' lang='lat' dir='ltr'>his,_</span> <span class='ocrx_word' id='word_1_593' title='bbox 3011 2527 3159 2586; x_wconf 85' lang='lat' dir='ltr'>quos</span> <span class='ocrx_word' id='word_1_594' title='bbox 3224 2509 3535 2586; x_wconf 74' lang='lat' dir='ltr'>tantopere</span> <span class='ocrx_word' id='word_1_595' title='bbox 3561 2533 3656 2568; x_wconf 84' lang='lat' dir='ltr'>ca-</span> 
     </span>
    </p>
   </div>
   <div class='ocr_carea' id='block_1_84' title="bbox 2007 2581 3653 2652">
    <p class='ocr_par' dir='ltr' id='par_1_84' title="bbox 2007 2581 3653 2652">
     <span class='ocr_line' id='line_1_86' title="bbox 2007 2581 3653 2652; baseline 0.003 -16"><span class='ocrx_word' id='word_1_596' title='bbox 2007 2581 2376 2636; x_wconf 86' lang='lat' dir='ltr'>lumniantur</span> <span class='ocrx_word' id='word_1_597' title='bbox 2404 2582 2568 2645; x_wconf 89' lang='lat' dir='ltr'>locis,</span> <span class='ocrx_word' id='word_1_598' title='bbox 2601 2582 2902 2636; x_wconf 88' lang='lat' dir='ltr'>abnormis</span> <span class='ocrx_word' id='word_1_599' title='bbox 2925 2583 3054 2652; x_wconf 86' lang='lat' dir='ltr'>ejus</span> <span class='ocrx_word' id='word_1_600' title='bbox 3087 2584 3363 2639; x_wconf 72' lang='lat' dir='ltr'>doctrinae</span> <span class='ocrx_word' id='word_1_601' title='bbox 3379 2581 3541 2640; x_wconf 80' lang='lat' dir='ltr'>error</span> <span class='ocrx_word' id='word_1_602' title='bbox 3559 2588 3653 2641; x_wconf 77' lang='lat' dir='ltr'>sit.</span> 
     </span>
    </p>
   </div>
   <div class='ocr_carea' id='block_1_85' title="bbox 2008 2652 3652 2722">
    <p class='ocr_par' dir='ltr' id='par_1_85' title="bbox 2008 2652 3652 2722">
     <span class='ocr_line' id='line_1_87' title="bbox 2008 2652 3652 2722; baseline 0.003 -15"><span class='ocrx_word' id='word_1_603' title='bbox 2008 2653 2196 2708; x_wconf 82' lang='lat' dir='ltr'>Dixit:</span> <span class='ocrx_word' id='word_1_604' title='bbox 2236 2675 2256 2701; x_wconf 71' lang='grc' dir='ltr'>α</span> <span class='ocrx_word' id='word_1_605' title='bbox 2332 2652 2728 2717; x_wconf 89' lang='lat' dir='ltr'>Peccatorum,</span> <span class='ocrx_word' id='word_1_606' title='bbox 2761 2654 2860 2707; x_wconf 87' lang='lat' dir='ltr'>sed</span> <span class='ocrx_word' id='word_1_607' title='bbox 2927 2659 3122 2708; x_wconf 89' lang='lat' dir='ltr'>tamen</span> <span class='ocrx_word' id='word_1_608' title='bbox 3164 2655 3652 2722; x_wconf 88' lang='lat' dir='ltr'>Christianorum,</span> 
     </span>
    </p>
   </div>
   <div class='ocr_carea' id='block_1_86' title="bbox 2009 2723 3653 2805">
    <p class='ocr_par' dir='ltr' id='par_1_86' title="bbox 2009 2723 3653 2805">
     <span class='ocr_line' id='line_1_88' title="bbox 2009 2723 3653 2805; baseline 0.004 -27"><span class='ocrx_word' id='word_1_609' title='bbox 2009 2740 2265 2805; x_wconf 78' lang='lat' dir='ltr'>quorum</span> <span class='ocrx_word' id='word_1_610' title='bbox 2295 2723 2621 2805; x_wconf 68' lang='lat' dir='ltr'>operaigne</span> <span class='ocrx_word' id='word_1_611' title='bbox 2644 2725 2946 2805; x_wconf 84' lang='lat' dir='ltr'>probanda</span> <span class='ocrx_word' id='word_1_612' title='bbox 2967 2732 3143 2805; x_wconf 74' lang='lat' dir='ltr'>atque</span> <span class='ocrx_word' id='word_1_613' title='bbox 3166 2729 3468 2805; x_wconf 79' lang='lat' dir='ltr'>purganda</span> <span class='ocrx_word' id='word_1_614' title='bbox 3490 2735 3653 2796; x_wconf 87' lang='lat' dir='ltr'>sunt,</span> 
     </span>
    </p>
   </div>
   <div class='ocr_carea' id='block_1_87' title="bbox 2011 2795 3656 2858">
    <p class='ocr_par' dir='ltr' id='par_1_87' title="bbox 2011 2795 3656 2858">
     <span class='ocr_line' id='line_1_89' title="bbox 2011 2795 3656 2858; baseline 0.002 -9"><span class='ocrx_word' id='word_1_615' title='bbox 2011 2796 2368 2849; x_wconf 86' lang='lat' dir='ltr'>moderatam</span> <span class='ocrx_word' id='word_1_616' title='bbox 2404 2795 2675 2850; x_wconf 85' lang='lat' dir='ltr'>arbitrari</span> <span class='ocrx_word' id='word_1_617' title='bbox 2710 2812 2792 2858; x_wconf 88' lang='lat' dir='ltr'>se,</span> <span class='ocrx_word' id='word_1_618' title='bbox 2815 2801 2872 2850; x_wconf 92' lang='lat' dir='ltr'>et</span> <span class='ocrx_word' id='word_1_619' title='bbox 2902 2795 3138 2850; x_wconf 82' lang='lat' dir='ltr'>mistam</span> <span class='ocrx_word' id='word_1_620' title='bbox 3169 2795 3491 2854; x_wconf 69' lang='lat' dir='ltr'>clementia:</span> <span class='ocrx_word' id='word_1_621' title='bbox 3524 2795 3656 2855; x_wconf 48' lang='lat' dir='ltr'>seu;</span> 
     </span>
    </p>
   </div>
   <div class='ocr_carea' id='block_1_88' title="bbox 2011 2865 3661 2935">
    <p class='ocr_par' dir='ltr' id='par_1_88' title="bbox 2011 2865 3661 2935">
     <span class='ocr_line' id='line_1_90' title="bbox 2011 2865 3661 2935; baseline 0.002 -13"><span class='ocrx_word' id='word_1_622' title='bbox 2011 2867 2254 2922; x_wconf 89' lang='lat' dir='ltr'>tentiam</span> <span class='ocrx_word' id='word_1_623' title='bbox 2280 2865 2518 2935; x_wconf 78' lang='lat' dir='ltr'>judicia.</span> <span class='ocrx_word' id='word_1_624' title='bbox 2553 2889 2578 2914; x_wconf 73' lang='grc' dir='ltr'>υ</span> <span class='ocrx_word' id='word_1_625' title='bbox 2603 2865 2764 2920; x_wconf 87' lang='lat' dir='ltr'>Pauli</span> <span class='ocrx_word' id='word_1_626' title='bbox 2799 2867 2954 2920; x_wconf 90' lang='lat' dir='ltr'>enim</span> <span class='ocrx_word' id='word_1_627' title='bbox 2987 2884 3119 2922; x_wconf 88' lang='lat' dir='ltr'>vero</span> <span class='ocrx_word' id='word_1_628' title='bbox 3144 2869 3544 2925; x_wconf 86' lang='lat' dir='ltr'>testimonium</span> <span class='ocrx_word' id='word_1_629' title='bbox 3571 2876 3661 2925; x_wconf 84' lang='lat' dir='ltr'>est</span> 
     </span>
    </p>
   </div>
   <div class='ocr_carea' id='block_1_89' title="bbox 2013 2937 3656 3014">
    <p class='ocr_par' dir='ltr' id='par_1_89' title="bbox 2013 2937 3656 3014">
     <span class='ocr_line' id='line_1_91' title="bbox 2013 2937 3656 3014; baseline 0.001 -20"><span class='ocrx_word' id='word_1_630' title='bbox 2013 2941 2044 3014; x_wconf 92' lang='lat' dir='ltr'>I_</span> <span class='ocrx_word' id='word_1_631' title='bbox 2066 2939 2186 3014; x_wconf 78' lang='lat' dir='ltr'>Cor.</span> <span class='ocrx_word' id='word_1_632' title='bbox 2216 2954 2299 3005; x_wconf 89' lang='lat'>111,</span> <span class='ocrx_word' id='word_1_633' title='bbox 2326 2938 2411 3002; x_wconf 88' lang='grc'>13,</span> <span class='ocrx_word' id='word_1_634' title='bbox 2438 2939 2526 3014; x_wconf 65' lang='lat' dir='ltr'>t4,</span> <span class='ocrx_word' id='word_1_635' title='bbox 2547 2937 3011 3014; x_wconf 81' lang='lat' dir='ltr'>Christianorum</span> <span class='ocrx_word' id='word_1_636' title='bbox 3034 2954 3207 3014; x_wconf 83' lang='lat' dir='ltr'>opera</span> <span class='ocrx_word' id='word_1_637' title='bbox 3235 2940 3372 3014; x_wconf 83' lang='lat' dir='ltr'>igne</span> <span class='ocrx_word' id='word_1_638' title='bbox 3403 2944 3624 3014; x_wconf 88' lang='lat' dir='ltr'>proban</span> <span class='ocrx_word' id='word_1_639' title='bbox 3641 2973 3656 2983; x_wconf 83' lang='lat'><strong>-</strong></span> 
     </span>
    </p>
   </div>
   <div class='ocr_carea' id='block_1_90' title="bbox 2014 3009 3662 3089">
    <p class='ocr_par' dir='ltr' id='par_1_90' title="bbox 2014 3009 3662 3089">
     <span class='ocr_line' id='line_1_92' title="bbox 2014 3009 3662 3089; baseline 0.002 -25"><span class='ocrx_word' id='word_1_640' title='bbox 2014 3011 2087 3089; x_wconf 81' lang='lat' dir='ltr'>da</span> <span class='ocrx_word' id='word_1_641' title='bbox 2109 3013 2172 3089; x_wconf 84' lang='lat' dir='ltr'>_et</span> <span class='ocrx_word' id='word_1_642' title='bbox 2204 3010 2528 3089; x_wconf 56' lang='lat' dir='ltr'>purganda,</span> <span class='ocrx_word' id='word_1_643' title='bbox 2588 3014 2651 3063; x_wconf 91' lang='lat' dir='ltr'>ut</span> <span class='ocrx_word' id='word_1_644' title='bbox 2681 3009 3008 3089; x_wconf 86' lang='lat' dir='ltr'>mercedem</span> <span class='ocrx_word' id='word_1_645' title='bbox 3046 3009 3375 3089; x_wconf 63' lang='lat' dir='ltr'>accipiant,</span> <span class='ocrx_word' id='word_1_646' title='bbox 3403 3009 3662 3068; x_wconf 63' lang='lat' dir='ltr'>&#39;scilicet</span> 
     </span>
    </p>
   </div>
   <div class='ocr_carea' id='block_1_91' title="bbox 2013 3079 3660 3156">
    <p class='ocr_par' dir='ltr' id='par_1_91' title="bbox 2013 3079 3660 3156">
     <span class='ocr_line' id='line_1_93' title="bbox 2013 3079 3660 3156; baseline 0.002 -21"><span class='ocrx_word' id='word_1_647' title='bbox 2013 3087 2078 3135; x_wconf 89' lang='lat' dir='ltr'>ut</span> <span class='ocrx_word' id='word_1_648' title='bbox 2109 3079 2336 3156; x_wconf 72' lang='lat' dir='ltr'>leviora</span> <span class='ocrx_word' id='word_1_649' title='bbox 2356 3079 2624 3156; x_wconf 76' lang='lat' dir='ltr'>crimina,</span> <span class='ocrx_word' id='word_1_650' title='bbox 2659 3085 2714 3134; x_wconf 91' lang='lat' dir='ltr'>et</span> <span class='ocrx_word' id='word_1_651' title='bbox 2743 3097 2870 3151; x_wconf 67' lang='lat' dir='ltr'>quae</span> <span class='ocrx_word' id='word_1_652' title='bbox 2902 3079 3337 3156; x_wconf 46' lang='lat' dir='ltr'>graviorafjam</span> <span class='ocrx_word' id='word_1_653' title='bbox 3388 3091 3526 3138; x_wconf 90' lang='lat' dir='ltr'>sunt</span> <span class='ocrx_word' id='word_1_654' title='bbox 3556 3103 3660 3156; x_wconf 84' lang='lat' dir='ltr'>per</span> 
     </span>
    </p>
   </div>
   <div class='ocr_carea' id='block_1_92' title="bbox 2013 3151 3649 3224">
    <p class='ocr_par' dir='ltr' id='par_1_92' title="bbox 2013 3151 3649 3224">
     <span class='ocr_line' id='line_1_94' title="bbox 2013 3151 3649 3224; baseline 0.003 -18"><span class='ocrx_word' id='word_1_655' title='bbox 2013 3151 2712 3224; x_wconf 15' lang='lat' dir='ltr'>pmnitentiamidimissa,</span> <span class='ocrx_word' id='word_1_656' title='bbox 2743 3151 3074 3224; x_wconf 81' lang='lat' dir='ltr'>purgatorio</span> <span class='ocrx_word' id='word_1_657' title='bbox 3109 3151 3242 3223; x_wconf 84' lang='lat' dir='ltr'>igne</span> <span class='ocrx_word' id='word_1_658' title='bbox 3271 3151 3649 3212; x_wconf 75' lang='lat' dir='ltr'>mandentur.</span> 
     </span>
    </p>
   </div>
   <div class='ocr_carea' id='block_1_93' title="bbox 2012 3223 3654 3304">
    <p class='ocr_par' dir='ltr' id='par_1_93' title="bbox 2012 3223 3654 3304">
     <span class='ocr_line' id='line_1_95' title="bbox 2012 3223 3654 3304; baseline 0.003 -27"><span class='ocrx_word' id='word_1_659' title='bbox 2012 3223 2076 3277; x_wconf 82' lang='lat' dir='ltr'>Et</span> <span class='ocrx_word' id='word_1_660' title='bbox 2093 3229 2303 3304; x_wconf 66' lang='lat' dir='ltr'>noster</span> <span class='ocrx_word' id='word_1_661' title='bbox 2332 3223 2581 3304; x_wconf 63' lang='lat' dir='ltr'>quidem</span> <span class='ocrx_word' id='word_1_662' title='bbox 2605 3240 2718 3277; x_wconf 89' lang='lat' dir='ltr'>non</span> <span class='ocrx_word' id='word_1_663' title='bbox 2742 3223 3016 3279; x_wconf 85' lang='lat' dir='ltr'>omnibus</span> <span class='ocrx_word' id='word_1_664' title='bbox 3040 3225 3258 3304; x_wconf 83' lang='lat' dir='ltr'>passim</span> <span class='ocrx_word' id='word_1_665' title='bbox 3285 3227 3654 3304; x_wconf 75' lang='lat' dir='ltr'>Christianis,</span> 
     </span>
    </p>
   </div>
   <div class='ocr_carea' id='block_1_94' title="bbox 2012 3293 3662 3369">
    <p class='ocr_par' dir='ltr' id='par_1_94' title="bbox 2012 3293 3662 3369">
     <span class='ocr_line' id='line_1_96' title="bbox 2012 3293 3662 3369; baseline 0.002 -19"><span class='ocrx_word' id='word_1_666' title='bbox 2012 3295 2111 3350; x_wconf 90' lang='lat' dir='ltr'>sed</span> <span class='ocrx_word' id='word_1_667' title='bbox 2145 3295 2216 3348; x_wconf 92' lang='lat' dir='ltr'>iis</span> <span class='ocrx_word' id='word_1_668' title='bbox 2249 3293 2424 3369; x_wconf 62' lang='lat' dir='ltr'>dixit;</span> <span class='ocrx_word' id='word_1_669' title='bbox 2461 3317 2480 3342; x_wconf 83' lang='grc' dir='ltr'>ιι</span> <span class='ocrx_word' id='word_1_670' title='bbox 2544 3295 2799 3369; x_wconf 82' lang='lat' dir='ltr'>Quorum</span> <span class='ocrx_word' id='word_1_671' title='bbox 2833 3310 3010 3369; x_wconf 86' lang='lat' dir='ltr'>opera</span> <span class='ocrx_word' id='word_1_672' title='bbox 3041 3293 3192 3366; x_wconf 73' lang='lat' dir='ltr'>igne</span> <span class='ocrx_word' id='word_1_673' title='bbox 3224 3299 3528 3369; x_wconf 87' lang='lat' dir='ltr'>probanda</span> <span class='ocrx_word' id='word_1_674' title='bbox 3571 3293 3662 3354; x_wconf 58' lang='lat' dir='ltr'>at”-</span> 
     </span>
    </p>
   </div>
   <div class='ocr_carea' id='block_1_95' title="bbox 2011 3366 3658 3437">
    <p class='ocr_par' dir='ltr' id='par_1_95' title="bbox 2011 3366 3658 3437">
     <span class='ocr_line' id='line_1_97' title="bbox 2011 3366 3658 3437; baseline 0.002 -17"><span class='ocrx_word' id='word_1_675' title='bbox 2011 3382 2125 3437; x_wconf 88' lang='lat' dir='ltr'>que</span> <span class='ocrx_word' id='word_1_676' title='bbox 2155 3366 2461 3436; x_wconf 86' lang='lat' dir='ltr'>purganda</span> <span class='ocrx_word' id='word_1_677' title='bbox 2491 3371 2650 3420; x_wconf 90' lang='lat' dir='ltr'>sunt.</span> <span class='ocrx_word' id='word_1_678' title='bbox 2677 3388 2714 3437; x_wconf 16' lang='grc' dir='ltr'>ν»</span> <span class='ocrx_word' id='word_1_679' title='bbox 2745 3366 2968 3428; x_wconf 88' lang='lat' dir='ltr'>Quibus</span> <span class='ocrx_word' id='word_1_680' title='bbox 2997 3374 3152 3422; x_wconf 86' lang='lat' dir='ltr'>certe</span> <span class='ocrx_word' id='word_1_681' title='bbox 3182 3366 3374 3423; x_wconf 78' lang='lat' dir='ltr'>verbis</span> <span class='ocrx_word' id='word_1_682' title='bbox 3423 3371 3658 3426; x_wconf 86' lang='lat' dir='ltr'>nonnisi</span> 
     </span>
    </p>
   </div>
   <div class='ocr_carea' id='block_1_96' title="bbox 2012 3436 3660 3509">
    <p class='ocr_par' dir='ltr' id='par_1_96' title="bbox 2012 3436 3660 3509">
     <span class='ocr_line' id='line_1_98' title="bbox 2012 3436 3660 3509; baseline 0.002 -18"><span class='ocrx_word' id='word_1_683' title='bbox 2012 3436 2388 3509; x_wconf 79' lang='lat' dir='ltr'>purgatoriis,</span> <span class='ocrx_word' id='word_1_684' title='bbox 2453 3442 2516 3490; x_wconf 92' lang='lat' dir='ltr'>ut</span> <span class='ocrx_word' id='word_1_685' title='bbox 2572 3436 2946 3509; x_wconf 87' lang='lat' dir='ltr'>ecclcsastico</span> <span class='ocrx_word' id='word_1_686' title='bbox 3005 3455 3180 3492; x_wconf 86' lang='lat' dir='ltr'>sensu</span> <span class='ocrx_word' id='word_1_687' title='bbox 3248 3455 3315 3493; x_wconf 91' lang='lat' dir='ltr'>ac</span> <span class='ocrx_word' id='word_1_688' title='bbox 3377 3441 3660 3496; x_wconf 89' lang='lat' dir='ltr'>vocabulo</span> 
     </span>
    </p>
   </div>
   <div class='ocr_carea' id='block_1_97' title="bbox 2013 3508 3661 3578">
    <p class='ocr_par' dir='ltr' id='par_1_97' title="bbox 2013 3508 3661 3578">
     <span class='ocr_line' id='line_1_99' title="bbox 2013 3508 3661 3578; baseline 0.002 -16"><span class='ocrx_word' id='word_1_689' title='bbox 2013 3508 2286 3573; x_wconf 85' lang='lat' dir='ltr'>dicimus,</span> <span class='ocrx_word' id='word_1_690' title='bbox 2320 3524 2520 3578; x_wconf 86' lang='lat' dir='ltr'>pccnas</span> <span class='ocrx_word' id='word_1_691' title='bbox 2551 3508 2620 3561; x_wconf 85' lang='lat' dir='ltr'>ad</span> <span class='ocrx_word' id='word_1_692' title='bbox 2656 3511 2885 3578; x_wconf 85' lang='lat' dir='ltr'>tempus</span> <span class='ocrx_word' id='word_1_693' title='bbox 2917 3508 3251 3574; x_wconf 76' lang='lat' dir='ltr'>duraturae,</span> <span class='ocrx_word' id='word_1_694' title='bbox 3283 3513 3340 3564; x_wconf 90' lang='lat' dir='ltr'>et</span> <span class='ocrx_word' id='word_1_695' title='bbox 3385 3511 3661 3565; x_wconf 77' lang='lat' dir='ltr'>fidelibus</span> 
     </span>
    </p>
   </div>
   <div class='ocr_carea' id='block_1_98' title="bbox 2014 3578 3662 3652">
    <p class='ocr_par' dir='ltr' id='par_1_98' title="bbox 2014 3578 3662 3652">
     <span class='ocr_line' id='line_1_100' title="bbox 2014 3578 3662 3652; baseline 0.003 -20"><span class='ocrx_word' id='word_1_696' title='bbox 2014 3578 2229 3633; x_wconf 84' lang='lat' dir='ltr'>levium</span> <span class='ocrx_word' id='word_1_697' title='bbox 2288 3578 2592 3652; x_wconf 78' lang='lat' dir='ltr'>culparum</span> <span class='ocrx_word' id='word_1_698' title='bbox 2663 3578 2801 3652; x_wconf 77' lang='lat' dir='ltr'>reis,</span> <span class='ocrx_word' id='word_1_699' title='bbox 2854 3585 2955 3652; x_wconf 80' lang='lat' dir='ltr'>aut</span> <span class='ocrx_word' id='word_1_700' title='bbox 3033 3579 3365 3652; x_wconf 73' lang='lat' dir='ltr'>graviorum</span> <span class='ocrx_word' id='word_1_701' title='bbox 3427 3597 3662 3652; x_wconf 87' lang='lat' dir='ltr'>quoque</span> 
     </span>
    </p>
   </div>
   <div class='ocr_carea' id='block_1_99' title="bbox 2014 3649 3662 3721">
    <p class='ocr_par' dir='ltr' id='par_1_99' title="bbox 2014 3649 3662 3721">
     <span class='ocr_line' id='line_1_101' title="bbox 2014 3649 3662 3721; baseline 0.002 -16"><span class='ocrx_word' id='word_1_702' title='bbox 2014 3655 2164 3721; x_wconf 90' lang='lat' dir='ltr'>post,</span> <span class='ocrx_word' id='word_1_703' title='bbox 2193 3649 2614 3720; x_wconf 69' lang='lat' dir='ltr'>paenitentiam,</span> <span class='ocrx_word' id='word_1_704' title='bbox 2676 3649 3056 3720; x_wconf 34' lang='lat' dir='ltr'>inﬂigendas’</span> <span class='ocrx_word' id='word_1_705' title='bbox 3112 3649 3459 3715; x_wconf 48' lang='lat' dir='ltr'>significatf</span> <span class='ocrx_word' id='word_1_706' title='bbox 3489 3649 3662 3709; x_wconf 71' lang='lat' dir='ltr'>Pol-ro</span> 
     </span>
    </p>
   </div>
   <div class='ocr_carea' id='block_1_100' title="bbox 2015 3721 3663 3792">
    <p class='ocr_par' dir='ltr' id='par_1_100' title="bbox 2015 3721 3663 3792">
     <span class='ocr_line' id='line_1_102' title="bbox 2015 3721 3663 3792; baseline 0.002 -15"><span class='ocrx_word' id='word_1_707' title='bbox 2015 3723 2260 3777; x_wconf 89' lang='lat' dir='ltr'>alterum</span> <span class='ocrx_word' id='word_1_708' title='bbox 2318 3721 2720 3792; x_wconf 75' lang='lat' dir='ltr'>testimonium</span> <span class='ocrx_word' id='word_1_709' title='bbox 2789 3721 3256 3792; x_wconf 13' lang='lat' dir='ltr'>exiApologetz&#39;t-o</span> <span class='ocrx_word' id='word_1_710' title='bbox 3339 3723 3663 3781; x_wconf 84' lang='lat' dir='ltr'>adductum</span> 
     </span>
    </p>
   </div>
   <div class='ocr_carea' id='block_1_101' title="bbox 2014 3791 3662 3867">
    <p class='ocr_par' dir='ltr' id='par_1_101' title="bbox 2014 3791 3662 3867">
     <span class='ocr_line' id='line_1_103' title="bbox 2014 3791 3662 3867; baseline 0.004 -21"><span class='ocrx_word' id='word_1_711' title='bbox 2014 3810 2130 3847; x_wconf 89' lang='lat' dir='ltr'>non</span> <span class='ocrx_word' id='word_1_712' title='bbox 2157 3807 2377 3867; x_wconf 74' lang='lat' dir='ltr'>moror,</span> <span class='ocrx_word' id='word_1_713' title='bbox 2409 3808 2588 3861; x_wconf 87' lang='lat' dir='ltr'>supra</span> <span class='ocrx_word' id='word_1_714' title='bbox 2617 3791 2772 3867; x_wconf 90' lang='lat' dir='ltr'>enim</span> <span class='ocrx_word' id='word_1_715' title='bbox 2832 3791 2902 3846; x_wconf 88' lang='lat' dir='ltr'>ad</span> <span class='ocrx_word' id='word_1_716' title='bbox 2935 3791 3090 3867; x_wconf 24' lang='lat' dir='ltr'>eum’</span> <span class='ocrx_word' id='word_1_717' title='bbox 3128 3793 3351 3867; x_wconf 84' lang='lat' dir='ltr'>locum_</span> <span class='ocrx_word' id='word_1_718' title='bbox 3378 3797 3500 3867; x_wconf 82' lang='lat' dir='ltr'>(col.</span> <span class='ocrx_word' id='word_1_719' title='bbox 3533 3799 3662 3866; x_wconf 74' lang='grc'>449,</span> 
     </span>
    </p>
   </div>
   <div class='ocr_carea' id='block_1_102' title="bbox 2013 3863 3654 3933">
    <p class='ocr_par' dir='ltr' id='par_1_102' title="bbox 2013 3863 3654 3933">
     <span class='ocr_line' id='line_1_104' title="bbox 2013 3863 3654 3933; baseline 0.004 -15"><span class='ocrx_word' id='word_1_720' title='bbox 2013 3869 2126 3919; x_wconf 81' lang='lat' dir='ltr'>not.</span> <span class='ocrx_word' id='word_1_721' title='bbox 2154 3864 2192 3931; x_wconf 75' lang='grc'>⁸)</span> <span class='ocrx_word' id='word_1_722' title='bbox 2220 3863 2386 3924; x_wconf 84' lang='lat' dir='ltr'>satis,</span> <span class='ocrx_word' id='word_1_723' title='bbox 2432 3867 2495 3916; x_wconf 92' lang='lat' dir='ltr'>ut</span> <span class='ocrx_word' id='word_1_724' title='bbox 2551 3863 2775 3933; x_wconf 91' lang='lat' dir='ltr'>opinor,</span> <span class='ocrx_word' id='word_1_725' title='bbox 2811 3864 3122 3918; x_wconf 88' lang='lat' dir='ltr'>manifesto</span> <span class='ocrx_word' id='word_1_726' title='bbox 3154 3863 3402 3933; x_wconf 77' lang='lat' dir='ltr'>ostendi,</span> <span class='ocrx_word' id='word_1_727' title='bbox 3435 3885 3546 3922; x_wconf 92' lang='lat' dir='ltr'>non</span> <span class='ocrx_word' id='word_1_728' title='bbox 3582 3863 3654 3924; x_wconf 83' lang='lat' dir='ltr'>de</span> 
     </span>
    </p>
   </div>
   <div class='ocr_carea' id='block_1_103' title="bbox 2016 3934 3670 4007">
    <p class='ocr_par' dir='ltr' id='par_1_103' title="bbox 2016 3934 3670 4007">
     <span class='ocr_line' id='line_1_105' title="bbox 2016 3934 3670 4007; baseline 0.002 -18"><span class='ocrx_word' id='word_1_729' title='bbox 2016 3935 2179 4007; x_wconf 87' lang='lat' dir='ltr'>ignis</span> <span class='ocrx_word' id='word_1_730' title='bbox 2211 3934 2534 4007; x_wconf 12' lang='lat' dir='ltr'>gazternitate</span> <span class='ocrx_word' id='word_1_731' title='bbox 2565 3934 2627 3988; x_wconf 90' lang='lat' dir='ltr'>S.</span> <span class='ocrx_word' id='word_1_732' title='bbox 2669 3937 2967 4007; x_wconf 86' lang='lat' dir='ltr'>Doctorem</span> <span class='ocrx_word' id='word_1_733' title='bbox 3001 3934 3181 4006; x_wconf 89' lang='lat' dir='ltr'>loqui,</span> <span class='ocrx_word' id='word_1_734' title='bbox 3204 3939 3304 3992; x_wconf 90' lang='lat' dir='ltr'>sed</span> <span class='ocrx_word' id='word_1_735' title='bbox 3330 3943 3555 3993; x_wconf 84' lang='lat' dir='ltr'>tantum</span> <span class='ocrx_word' id='word_1_736' title='bbox 3589 3942 3670 3994; x_wconf 86' lang='lat' dir='ltr'>vi-</span> 
     </span>
    </p>
   </div>
   <div class='ocr_carea' id='block_1_104' title="bbox 2016 4004 3665 4075">
    <p class='ocr_par' dir='ltr' id='par_1_104' title="bbox 2016 4004 3665 4075">
     <span class='ocr_line' id='line_1_106' title="bbox 2016 4004 3665 4075; baseline 0.004 -15"><span class='ocrx_word' id='word_1_737' title='bbox 2016 4004 2136 4060; x_wconf 54' lang='lat' dir='ltr'>d&#39;eri</span> <span class='ocrx_word' id='word_1_738' title='bbox 2174 4004 2284 4059; x_wconf 89' lang='lat' dir='ltr'>sibi</span> <span class='ocrx_word' id='word_1_739' title='bbox 2316 4004 2612 4060; x_wconf 90' lang='lat' dir='ltr'>diabolum</span> <span class='ocrx_word' id='word_1_740' title='bbox 2645 4005 2959 4070; x_wconf 84' lang='lat' dir='ltr'>sublevari,</span> <span class='ocrx_word' id='word_1_741' title='bbox 2991 4004 3143 4075; x_wconf 86' lang='lat' dir='ltr'>quod</span> <span class='ocrx_word' id='word_1_742' title='bbox 3188 4024 3323 4062; x_wconf 91' lang='lat' dir='ltr'>eum</span> <span class='ocrx_word' id='word_1_743' title='bbox 3355 4009 3563 4064; x_wconf 87' lang='lat' dir='ltr'>iisdem</span> <span class='ocrx_word' id='word_1_744' title='bbox 3599 4029 3665 4066; x_wconf 90' lang='lat' dir='ltr'>ac</span> 
     </span>
    </p>
   </div>
   <div class='ocr_carea' id='block_1_105' title="bbox 2014 4076 3666 4152">
    <p class='ocr_par' dir='ltr' id='par_1_105' title="bbox 2014 4076 3666 4152">
     <span class='ocr_line' id='line_1_107' title="bbox 2014 4076 3666 4152; baseline 0.002 -20"><span class='ocrx_word' id='word_1_745' title='bbox 2014 4076 2376 4152; x_wconf 83' lang='lat' dir='ltr'>Christianos</span> <span class='ocrx_word' id='word_1_746' title='bbox 2407 4076 2762 4152; x_wconf 78' lang='lat' dir='ltr'>cruciatibus</span> <span class='ocrx_word' id='word_1_747' title='bbox 2796 4077 3044 4152; x_wconf 76' lang='lat' dir='ltr'>Rufinus</span> <span class='ocrx_word' id='word_1_748' title='bbox 3075 4078 3368 4152; x_wconf 82' lang='lat' dir='ltr'>addiceret</span> <span class='ocrx_word' id='word_1_749' title='bbox 3394 4095 3406 4134; x_wconf 91' lang='lat'>:</span> <span class='ocrx_word' id='word_1_750' title='bbox 3445 4081 3666 4152; x_wconf 86' lang='lat' dir='ltr'>quippe</span> 
     </span>
    </p>
   </div>
   <div class='ocr_carea' id='block_1_106' title="bbox 2018 4147 3660 4222">
    <p class='ocr_par' dir='ltr' id='par_1_106' title="bbox 2018 4147 3660 4222">
     <span class='ocr_line' id='line_1_108' title="bbox 2018 4147 3660 4222; baseline 0.002 -19"><span class='ocrx_word' id='word_1_751' title='bbox 2018 4149 2115 4220; x_wconf 90' lang='lat' dir='ltr'>qui</span> <span class='ocrx_word' id='word_1_752' title='bbox 2151 4148 2455 4222; x_wconf 88' lang='lat' dir='ltr'>sentiebat,</span> <span class='ocrx_word' id='word_1_753' title='bbox 2491 4147 2814 4222; x_wconf 78' lang='lat' dir='ltr'>acerbiores</span> <span class='ocrx_word' id='word_1_754' title='bbox 2863 4149 3227 4222; x_wconf 76' lang='lat' dir='ltr'>daemonibus</span> <span class='ocrx_word' id='word_1_755' title='bbox 3258 4166 3388 4222; x_wconf 84' lang='lat' dir='ltr'>pro</span> <span class='ocrx_word' id='word_1_756' title='bbox 3420 4147 3660 4208; x_wconf 77' lang='lat' dir='ltr'>sceleris</span> 
     </span>
    </p>
   </div>
   <div class='ocr_carea' id='block_1_107' title="bbox 2016 4217 3664 4292">
    <p class='ocr_par' dir='ltr' id='par_1_107' title="bbox 2016 4217 3664 4292">
     <span class='ocr_line' id='line_1_109' title="bbox 2016 4217 3664 4292; baseline 0.002 -17"><span class='ocrx_word' id='word_1_757' title='bbox 2016 4217 2313 4292; x_wconf 81' lang='lat' dir='ltr'>gravitate,</span> <span class='ocrx_word' id='word_1_758' title='bbox 2350 4236 2524 4292; x_wconf 87' lang='lat' dir='ltr'>quam</span> <span class='ocrx_word' id='word_1_759' title='bbox 2558 4217 2827 4292; x_wconf 80' lang='lat' dir='ltr'>fidelibus</span> <span class='ocrx_word' id='word_1_760' title='bbox 2857 4219 3152 4292; x_wconf 75' lang='lat' dir='ltr'>damnatis</span> <span class='ocrx_word' id='word_1_761' title='bbox 3181 4217 3397 4276; x_wconf 78' lang='lat' dir='ltr'>deberi.</span> <span class='ocrx_word' id='word_1_762' title='bbox 3449 4224 3664 4287; x_wconf 84' lang='lat' dir='ltr'>Quam-</span> 
     </span>
    </p>
   </div>
   <div class='ocr_carea' id='block_1_108' title="bbox 2016 4289 3663 4362">
    <p class='ocr_par' dir='ltr' id='par_1_108' title="bbox 2016 4289 3663 4362">
     <span class='ocr_line' id='line_1_110' title="bbox 2016 4289 3663 4362; baseline 0.002 -15"><span class='ocrx_word' id='word_1_763' title='bbox 2016 4289 2214 4347; x_wconf 77' lang='lat' dir='ltr'>obrem</span> <span class='ocrx_word' id='word_1_764' title='bbox 2248 4289 2436 4361; x_wconf 84' lang='lat' dir='ltr'>neque</span> <span class='ocrx_word' id='word_1_765' title='bbox 2466 4291 2514 4344; x_wconf 91' lang='lat' dir='ltr'>si</span> <span class='ocrx_word' id='word_1_766' title='bbox 2550 4289 2906 4362; x_wconf 87' lang='lat' dir='ltr'>propositam</span> <span class='ocrx_word' id='word_1_767' title='bbox 2958 4290 3050 4345; x_wconf 87' lang='lat' dir='ltr'>hic</span> <span class='ocrx_word' id='word_1_768' title='bbox 3099 4290 3206 4346; x_wconf 87' lang='lat' dir='ltr'>loci</span> <span class='ocrx_word' id='word_1_769' title='bbox 3257 4293 3663 4351; x_wconf 83' lang='lat' dir='ltr'>difficultatem</span> 
     </span>
    </p>
   </div>
   <div class='ocr_carea' id='block_1_109' title="bbox 2015 4362 3666 4432">
    <p class='ocr_par' dir='ltr' id='par_1_109' title="bbox 2015 4362 3666 4432">
     <span class='ocr_line' id='line_1_111' title="bbox 2015 4362 3666 4432; baseline 0.002 -14"><span class='ocrx_word' id='word_1_770' title='bbox 2015 4365 2259 4418; x_wconf 89' lang='lat' dir='ltr'>seorsim</span> <span class='ocrx_word' id='word_1_771' title='bbox 2287 4362 2676 4427; x_wconf 77' lang='lat' dir='ltr'>extendimus,</span> <span class='ocrx_word' id='word_1_772' title='bbox 2713 4378 2899 4432; x_wconf 90' lang='lat' dir='ltr'>neque</span> <span class='ocrx_word' id='word_1_773' title='bbox 2930 4362 2977 4415; x_wconf 91' lang='lat' dir='ltr'>si</span> <span class='ocrx_word' id='word_1_774' title='bbox 3009 4378 3143 4418; x_wconf 91' lang='lat' dir='ltr'>cum</span> <span class='ocrx_word' id='word_1_775' title='bbox 3175 4363 3305 4418; x_wconf 89' lang='lat' dir='ltr'>aliis</span> <span class='ocrx_word' id='word_1_776' title='bbox 3354 4364 3491 4420; x_wconf 91' lang='lat' dir='ltr'>hinc</span> <span class='ocrx_word' id='word_1_777' title='bbox 3524 4367 3666 4432; x_wconf 25' lang='lat' dir='ltr'>inde,</span> 
     </span>
    </p>
   </div>
   <div class='ocr_carea' id='block_1_110' title="bbox 241 4433 3658 4510">
    <p class='ocr_par' dir='ltr' id='par_1_110' title="bbox 241 4433 3658 4510">
     <span class='ocr_line' id='line_1_112' title="bbox 241 4433 3658 4510; baseline 0.001 -21"><span class='ocrx_word' id='word_1_778' title='bbox 241 4438 427 4502; x_wconf 76' lang='lat' dir='ltr'>vicre,</span> <span class='ocrx_word' id='word_1_779' title='bbox 462 4433 628 4507; x_wconf 86' lang='lat' dir='ltr'>quod</span> <span class='ocrx_word' id='word_1_780' title='bbox 661 4433 706 4489; x_wconf 69' lang='grc' dir='ltr'>δ’</span> <span class='ocrx_word' id='word_1_781' title='bbox 724 4435 848 4506; x_wconf 91' lang='lat' dir='ltr'>lege</span> <span class='ocrx_word' id='word_1_782' title='bbox 880 4433 1422 4510; x_wconf 45' lang='lat' dir='ltr'>prévaricatio’non</span> <span class='ocrx_word' id='word_1_783' title='bbox 1483 4433 1913 4510; x_wconf 24' lang='lat' dir='ltr'>sit,_‘salvando.s</span> <span class='ocrx_word' id='word_1_784' title='bbox 1940 4443 1989 4506; x_wconf 79' lang='grc' dir='ltr'>ι)</span> <span class='ocrx_word' id='word_1_785' title='bbox 2018 4435 2398 4510; x_wconf 74' lang='lat' dir='ltr'>contulimus,</span> <span class='ocrx_word' id='word_1_786' title='bbox 2462 4433 2878 4510; x_wconf 72' lang='lat' dir='ltr'>Hieronymus_</span> <span class='ocrx_word' id='word_1_787' title='bbox 2901 4438 3122 4510; x_wconf 78' lang='lat' dir='ltr'>temere</span> <span class='ocrx_word' id='word_1_788' title='bbox 3147 4436 3433 4510; x_wconf 62' lang='lat' dir='ltr'>videatur,</span> <span class='ocrx_word' id='word_1_789' title='bbox 3487 4438 3658 4510; x_wconf 78' lang='lat' dir='ltr'>atque</span> 
     </span>
    </p>
   </div>
   <div class='ocr_carea' id='block_1_111' title="bbox 239 4505 1912 4580">
    <p class='ocr_par' dir='ltr' id='par_1_111' title="bbox 239 4505 1912 4580">
     <span class='ocr_line' id='line_1_113' title="bbox 239 4505 1912 4580; baseline -0.004 -14"><span class='ocrx_word' id='word_1_790' title='bbox 239 4526 364 4566; x_wconf 68' lang='lat' dir='ltr'>esse</span> <span class='ocrx_word' id='word_1_791' title='bbox 390 4505 553 4580; x_wconf 61' lang='lat' dir='ltr'>poise</span> <span class='ocrx_word' id='word_1_792' title='bbox 581 4505 804 4578; x_wconf 62' lang='lat' dir='ltr'>poenas,</span> <span class='ocrx_word' id='word_1_793' title='bbox 831 4505 1051 4580; x_wconf 67' lang='lat' dir='ltr'>scilicet</span> <span class='ocrx_word' id='word_1_794' title='bbox 1080 4508 1470 4580; x_wconf 83' lang='lat' dir='ltr'>purgatorias,</span> <span class='ocrx_word' id='word_1_795' title='bbox 1497 4505 1710 4580; x_wconf 76' lang='lat' dir='ltr'>quibus</span> <span class='ocrx_word' id='word_1_796' title='bbox 1735 4508 1912 4562; x_wconf 91' lang='lat' dir='ltr'>deleri</span> 
     </span>
    </p>
   </div>
   <div class='ocr_carea' id='block_1_112' title="bbox 245 4577 1911 4651">
    <p class='ocr_par' dir='ltr' id='par_1_112' title="bbox 245 4577 1911 4651">
     <span class='ocr_line' id='line_1_114' title="bbox 245 4577 1911 4651; baseline -0.002 -16"><span class='ocrx_word' id='word_1_797' title='bbox 245 4577 563 4651; x_wconf 70' lang='lat' dir='ltr'>pewatum</span> <span class='ocrx_word' id='word_1_798' title='bbox 582 4577 798 4651; x_wconf 80' lang='lat' dir='ltr'>queat.</span> <span class='ocrx_word' id='word_1_799' title='bbox 831 4578 1040 4633; x_wconf 91' lang='lat' dir='ltr'>Verum</span> <span class='ocrx_word' id='word_1_800' title='bbox 1062 4577 1284 4651; x_wconf 80' lang='lat' dir='ltr'>scimus</span> <span class='ocrx_word' id='word_1_801' title='bbox 1306 4579 1375 4633; x_wconf 91' lang='lat' dir='ltr'>de</span> <span class='ocrx_word' id='word_1_802' title='bbox 1399 4577 1576 4651; x_wconf 81' lang='lat' dir='ltr'>hujus</span> <span class='ocrx_word' id='word_1_803' title='bbox 1598 4577 1708 4651; x_wconf 82' lang='lat' dir='ltr'>loci</span> <span class='ocrx_word' id='word_1_804' title='bbox 1733 4595 1911 4634; x_wconf 89' lang='lat' dir='ltr'>sensu</span> 
     </span>
    </p>
   </div>
   <div class='ocr_carea' id='block_1_113' title="bbox 242 4648 1914 4706">
    <p class='ocr_par' dir='ltr' id='par_1_113' title="bbox 242 4648 1914 4706">
     <span class='ocr_line' id='line_1_115' title="bbox 242 4648 1914 4706; baseline -0.001 0"><span class='ocrx_word' id='word_1_805' title='bbox 242 4648 331 4706; x_wconf 60' lang='lat' dir='ltr'>ex</span> <span class='ocrx_word' id='word_1_806' title='bbox 359 4648 632 4706; x_wconf 13' lang='lat' dir='ltr'>duorum,</span> <span class='ocrx_word' id='word_1_807' title='bbox 679 4649 927 4704; x_wconf 89' lang='lat' dir='ltr'>aliorum</span> <span class='ocrx_word' id='word_1_808' title='bbox 989 4648 1295 4704; x_wconf 76' lang='lat' dir='ltr'>collatibne</span> <span class='ocrx_word' id='word_1_809' title='bbox 1350 4649 1494 4703; x_wconf 87' lang='lat' dir='ltr'>velle</span> <span class='ocrx_word' id='word_1_810' title='bbox 1551 4650 1914 4705; x_wconf 83' lang='lat' dir='ltr'>adversarios</span> 
     </span>
    </p>
   </div>
   <div class='ocr_carea' id='block_1_114' title="bbox 249 4720 1914 4792">
    <p class='ocr_par' dir='ltr' id='par_1_114' title="bbox 249 4720 1914 4792">
     <span class='ocr_line' id='line_1_116' title="bbox 249 4720 1914 4792; baseline 0 -16"><span class='ocrx_word' id='word_1_811' title='bbox 249 4723 415 4776; x_wconf 82' lang='lat' dir='ltr'>sumi</span> <span class='ocrx_word' id='word_1_812' title='bbox 437 4721 764 4792; x_wconf 88' lang='lat' dir='ltr'>judicium.</span> <span class='ocrx_word' id='word_1_813' title='bbox 798 4721 1056 4775; x_wconf 80' lang='lat' dir='ltr'>Alterum</span> <span class='ocrx_word' id='word_1_814' title='bbox 1093 4726 1396 4792; x_wconf 91' lang='lat' dir='ltr'>opponunt</span> <span class='ocrx_word' id='word_1_815' title='bbox 1424 4736 1491 4792; x_wconf 72' lang='lat' dir='ltr'>ex</span> <span class='ocrx_word' id='word_1_816' title='bbox 1546 4720 1914 4777; x_wconf 84' lang='lat' dir='ltr'>Commenta-</span> 
     </span>
    </p>
   </div>
   <div class='ocr_carea' id='block_1_115' title="bbox 243 4791 1918 4864">
    <p class='ocr_par' dir='ltr' id='par_1_115' title="bbox 243 4791 1918 4864">
     <span class='ocr_line' id='line_1_117' title="bbox 243 4791 1918 4864; baseline -0.002 -14"><span class='ocrx_word' id='word_1_817' title='bbox 243 4794 361 4850; x_wconf 81' lang='lat' dir='ltr'>riis</span> <span class='ocrx_word' id='word_1_818' title='bbox 391 4791 455 4848; x_wconf 81' lang='lat' dir='ltr'>in</span> <span class='ocrx_word' id='word_1_819' title='bbox 487 4794 707 4849; x_wconf 87' lang='lat' dir='ltr'>Isaiam</span> <span class='ocrx_word' id='word_1_820' title='bbox 744 4809 868 4864; x_wconf 90' lang='lat' dir='ltr'>cap.</span> <span class='ocrx_word' id='word_1_821' title='bbox 907 4792 1111 4864; x_wconf 87' lang='lat' dir='ltr'>ultimo</span> <span class='ocrx_word' id='word_1_822' title='bbox 1139 4809 1150 4845; x_wconf 93' lang='lat'><strong>:</strong></span> <span class='ocrx_word' id='word_1_823' title='bbox 1178 4791 1212 4864; x_wconf 55' lang='grc' dir='ltr'>ίι</span> <span class='ocrx_word' id='word_1_824' title='bbox 1249 4791 1410 4847; x_wconf 90' lang='lat' dir='ltr'>Sicut</span> <span class='ocrx_word' id='word_1_825' title='bbox 1439 4791 1678 4864; x_wconf 84' lang='lat' dir='ltr'>diaboli,</span> <span class='ocrx_word' id='word_1_826' title='bbox 1713 4798 1765 4847; x_wconf 92' lang='lat' dir='ltr'>et</span> <span class='ocrx_word' id='word_1_827' title='bbox 1799 4809 1918 4847; x_wconf 88' lang='lat' dir='ltr'>om-</span> 
     </span>
    </p>
   </div>
   <div class='ocr_carea' id='block_1_116' title="bbox 239 4863 1916 4936">
    <p class='ocr_par' dir='ltr' id='par_1_116' title="bbox 239 4863 1916 4936">
     <span class='ocr_line' id='line_1_118' title="bbox 239 4863 1916 4936; baseline -0.002 -15"><span class='ocrx_word' id='word_1_828' title='bbox 239 4867 422 4922; x_wconf 84' lang='lat' dir='ltr'>nium</span> <span class='ocrx_word' id='word_1_829' title='bbox 458 4863 826 4936; x_wconf 26' lang='lat' dir='ltr'>negatorum’</span> <span class='ocrx_word' id='word_1_830' title='bbox 854 4867 1028 4936; x_wconf 88' lang='lat' dir='ltr'>atque</span> <span class='ocrx_word' id='word_1_831' title='bbox 1054 4863 1391 4936; x_wconf 80' lang='lat' dir='ltr'>impiorum,</span> <span class='ocrx_word' id='word_1_832' title='bbox 1425 4863 1523 4932; x_wconf 92' lang='lat' dir='ltr'>qui</span> <span class='ocrx_word' id='word_1_833' title='bbox 1558 4863 1827 4918; x_wconf 79' lang='lat' dir='ltr'>dixerunt</span> <span class='ocrx_word' id='word_1_834' title='bbox 1857 4865 1916 4918; x_wconf 91' lang='lat' dir='ltr'>in</span> 
     </span>
    </p>
   </div>
   <div class='ocr_carea' id='block_1_117' title="bbox 237 4934 1914 5002">
    <p class='ocr_par' dir='ltr' id='par_1_117' title="bbox 237 4934 1914 5002">
     <span class='ocr_line' id='line_1_119' title="bbox 237 4934 1914 5002; baseline -0.003 -9"><span class='ocrx_word' id='word_1_835' title='bbox 237 4937 431 4993; x_wconf 83' lang='lat' dir='ltr'>corde</span> <span class='ocrx_word' id='word_1_836' title='bbox 468 4934 601 5002; x_wconf 85' lang='lat' dir='ltr'>suo,</span> <span class='ocrx_word' id='word_1_837' title='bbox 636 4951 746 4988; x_wconf 85' lang='lat' dir='ltr'>non.</span> <span class='ocrx_word' id='word_1_838' title='bbox 777 4943 856 4990; x_wconf 73' lang='lat' dir='ltr'>est</span> <span class='ocrx_word' id='word_1_839' title='bbox 889 4935 1050 5001; x_wconf 79' lang='lat' dir='ltr'>Deus,</span> <span class='ocrx_word' id='word_1_840' title='bbox 1085 4934 1377 4990; x_wconf 86' lang='lat' dir='ltr'>credimus</span> <span class='ocrx_word' id='word_1_841' title='bbox 1408 4939 1622 4988; x_wconf 65' lang='lat' dir='ltr'>aeterna</span> <span class='ocrx_word' id='word_1_842' title='bbox 1653 4938 1914 4988; x_wconf 89' lang='lat' dir='ltr'>tormen-</span> 
     </span>
    </p>
   </div>
   <div class='ocr_carea' id='block_1_118' title="bbox 235 5006 1917 5079">
    <p class='ocr_par' dir='ltr' id='par_1_118' title="bbox 235 5006 1917 5079">
     <span class='ocr_line' id='line_1_120' title="bbox 235 5006 1917 5079; baseline -0.004 -13"><span class='ocrx_word' id='word_1_843' title='bbox 235 5018 350 5076; x_wconf 77' lang='lat' dir='ltr'>ta;</span> <span class='ocrx_word' id='word_1_844' title='bbox 386 5009 474 5064; x_wconf 86' lang='lat' dir='ltr'>sic</span> <span class='ocrx_word' id='word_1_845' title='bbox 552 5011 931 5079; x_wconf 88' lang='lat' dir='ltr'>peccatorum</span> <span class='ocrx_word' id='word_1_846' title='bbox 974 5010 1146 5077; x_wconf 89' lang='lat' dir='ltr'>atque</span> <span class='ocrx_word' id='word_1_847' title='bbox 1211 5006 1550 5079; x_wconf 84' lang='lat' dir='ltr'>impiorum,</span> <span class='ocrx_word' id='word_1_848' title='bbox 1629 5010 1684 5079; x_wconf 83' lang='lat' dir='ltr'>et</span> <span class='ocrx_word' id='word_1_849' title='bbox 1723 5010 1917 5060; x_wconf 88' lang='lat' dir='ltr'>tamen</span> 
     </span>
    </p>
   </div>
   <div class='ocr_carea' id='block_1_119' title="bbox 236 5074 1918 5150">
    <p class='ocr_par' dir='ltr' id='par_1_119' title="bbox 236 5074 1918 5150">
     <span class='ocr_line' id='line_1_121' title="bbox 236 5074 1918 5150; baseline -0.002 -14"><span class='ocrx_word' id='word_1_850' title='bbox 236 5074 752 5141; x_wconf 78' lang='lat' dir='ltr'>Christianorum,</span> <span class='ocrx_word' id='word_1_851' title='bbox 783 5094 1031 5149; x_wconf 91' lang='lat' dir='ltr'>quorum</span> <span class='ocrx_word' id='word_1_852' title='bbox 1051 5074 1234 5147; x_wconf 52' lang='lat' dir='ltr'>&#39;Opera</span> <span class='ocrx_word' id='word_1_853' title='bbox 1264 5074 1396 5150; x_wconf 84' lang='lat' dir='ltr'>igne</span> <span class='ocrx_word' id='word_1_854' title='bbox 1415 5077 1712 5148; x_wconf 87' lang='lat' dir='ltr'>proganda</span> <span class='ocrx_word' id='word_1_855' title='bbox 1743 5081 1918 5150; x_wconf 83' lang='lat' dir='ltr'>atque</span> 
     </span>
    </p>
   </div>
   <div class='ocr_carea' id='block_1_120' title="bbox 234 5149 1918 5226">
    <p class='ocr_par' dir='ltr' id='par_1_120' title="bbox 234 5149 1918 5226">
     <span class='ocr_line' id='line_1_122' title="bbox 234 5149 1918 5226; baseline -0.002 -18"><span class='ocrx_word' id='word_1_856' title='bbox 234 5151 572 5226; x_wconf 78' lang='lat' dir='ltr'>purganda</span> <span class='ocrx_word' id='word_1_857' title='bbox 605 5155 768 5217; x_wconf 87' lang='lat' dir='ltr'>sunt,</span> <span class='ocrx_word' id='word_1_858' title='bbox 802 5150 1170 5226; x_wconf 70' lang='lat' dir='ltr'>moderatam</span> <span class='ocrx_word' id='word_1_859' title='bbox 1194 5149 1570 5226; x_wconf 75' lang='lat' dir='ltr'>arbitramur,</span> <span class='ocrx_word' id='word_1_860' title='bbox 1593 5153 1651 5202; x_wconf 89' lang='lat' dir='ltr'>et</span> <span class='ocrx_word' id='word_1_861' title='bbox 1679 5149 1918 5204; x_wconf 85' lang='lat' dir='ltr'>mistam</span> 
     </span>
    </p>
   </div>
   <div class='ocr_carea' id='block_1_121' title="bbox 231 5218 1916 5291">
    <p class='ocr_par' dir='ltr' id='par_1_121' title="bbox 231 5218 1916 5291">
     <span class='ocr_line' id='line_1_123' title="bbox 231 5218 1916 5291; baseline -0.002 -10"><span class='ocrx_word' id='word_1_862' title='bbox 231 5218 591 5282; x_wconf 60' lang='lat' dir='ltr'>clementia;</span> <span class='ocrx_word' id='word_1_863' title='bbox 627 5221 982 5277; x_wconf 87' lang='lat' dir='ltr'>sententiam</span> <span class='ocrx_word' id='word_1_864' title='bbox 1045 5219 1281 5291; x_wconf 81' lang='lat' dir='ltr'>judicia.</span> <span class='ocrx_word' id='word_1_865' title='bbox 1322 5243 1342 5268; x_wconf 78' lang='grc' dir='ltr'><strong>υ</strong></span> <span class='ocrx_word' id='word_1_866' title='bbox 1409 5218 1674 5275; x_wconf 85' lang='lat' dir='ltr'>Alterum</span> <span class='ocrx_word' id='word_1_867' title='bbox 1705 5237 1771 5274; x_wconf 84' lang='lat' dir='ltr'>ex</span> <span class='ocrx_word' id='word_1_868' title='bbox 1829 5237 1916 5286; x_wconf 89' lang='lat' dir='ltr'>eo,</span> 
     </span>
    </p>
   </div>
   <div class='ocr_carea' id='block_1_122' title="bbox 234 5291 1915 5368">
    <p class='ocr_par' dir='ltr' id='par_1_122' title="bbox 234 5291 1915 5368">
     <span class='ocr_line' id='line_1_124' title="bbox 234 5291 1915 5368; baseline -0.002 -18"><span class='ocrx_word' id='word_1_869' title='bbox 234 5296 420 5368; x_wconf 71' lang='lat' dir='ltr'>quod</span> <span class='ocrx_word' id='word_1_870' title='bbox 455 5295 668 5368; x_wconf 81' lang='lat' dir='ltr'>eadem</span> <span class='ocrx_word' id='word_1_871' title='bbox 698 5292 762 5368; x_wconf 68' lang='lat' dir='ltr'>in</span> <span class='ocrx_word' id='word_1_872' title='bbox 792 5291 1244 5368; x_wconf 62' lang='lat' dir='ltr'>Commentariis</span> <span class='ocrx_word' id='word_1_873' title='bbox 1263 5291 1642 5368; x_wconf 77' lang='lat' dir='ltr'>quoque_sui_s</span> <span class='ocrx_word' id='word_1_874' title='bbox 1664 5291 1723 5368; x_wconf 80' lang='lat' dir='ltr'>in</span> <span class='ocrx_word' id='word_1_875' title='bbox 1745 5293 1915 5363; x_wconf 88' lang='lat' dir='ltr'>epist.</span> 
     </span>
    </p>
   </div>
   <div class='ocr_carea' id='block_1_123' title="bbox 233 5363 1916 5438">
    <p class='ocr_par' dir='ltr' id='par_1_123' title="bbox 233 5363 1916 5438">
     <span class='ocr_line' id='line_1_125' title="bbox 233 5363 1916 5438; baseline -0.001 -17"><span class='ocrx_word' id='word_1_876' title='bbox 233 5363 318 5438; x_wconf 50' lang='lat' dir='ltr'>ad</span> <span class='ocrx_word' id='word_1_877' title='bbox 365 5365 659 5438; x_wconf 83' lang='lat' dir='ltr'>Ephesios</span> <span class='ocrx_word' id='word_1_878' title='bbox 693 5364 750 5420; x_wconf 91' lang='lat' dir='ltr'>S.</span> <span class='ocrx_word' id='word_1_879' title='bbox 773 5364 987 5438; x_wconf 73' lang='lat' dir='ltr'>doctor</span> <span class='ocrx_word' id='word_1_880' title='bbox 1026 5363 1370 5438; x_wconf 64' lang='lat' dir='ltr'>asperserit,</span> <span class='ocrx_word' id='word_1_881' title='bbox 1393 5367 1468 5438; x_wconf 76' lang='lat' dir='ltr'>et</span> <span class='ocrx_word' id='word_1_882' title='bbox 1496 5363 1691 5419; x_wconf 84' lang='lat' dir='ltr'>Ruﬁni</span> <span class='ocrx_word' id='word_1_883' title='bbox 1726 5380 1916 5436; x_wconf 87' lang='lat' dir='ltr'>repre-</span> 
     </span>
    </p>
   </div>
   <div class='ocr_carea' id='block_1_124' title="bbox 211 5429 1915 5506">
    <p class='ocr_par' dir='ltr' id='par_1_124' title="bbox 211 5429 1915 5506">
     <span class='ocr_line' id='line_1_126' title="bbox 211 5429 1915 5506; baseline -0.002 -12"><span class='ocrx_word' id='word_1_884' title='bbox 211 5429 584 5495; x_wconf 47' lang='lat' dir='ltr'>&quot;hensiones</span> <span class='ocrx_word' id='word_1_885' title='bbox 663 5435 992 5502; x_wconf 89' lang='lat' dir='ltr'>declinans,</span> <span class='ocrx_word' id='word_1_886' title='bbox 1025 5429 1125 5491; x_wconf 67' lang='lat' dir='ltr'>liti.</span> <span class='ocrx_word' id='word_1_887' title='bbox 1159 5452 1197 5491; x_wconf 86' lang='grc' dir='ltr'>ιι</span> <span class='ocrx_word' id='word_1_888' title='bbox 1232 5433 1542 5506; x_wconf 76' lang='lat' dir='ltr'>Apologiae,</span> <span class='ocrx_word' id='word_1_889' title='bbox 1619 5429 1808 5490; x_wconf 50' lang='lat' dir='ltr'>numf</span> <span class='ocrx_word' id='word_1_890' title='bbox 1861 5439 1915 5490; x_wconf 85' lang='lat'>7.</span> 
     </span>
    </p>
   </div>
   <div class='ocr_carea' id='block_1_125' title="bbox 235 5506 1917 5582">
    <p class='ocr_par' dir='ltr' id='par_1_125' title="bbox 235 5506 1917 5582">
     <span class='ocr_line' id='line_1_127' title="bbox 235 5506 1917 5582; baseline -0.003 -15"><span class='ocrx_word' id='word_1_891' title='bbox 235 5510 569 5582; x_wconf 73' lang='lat' dir='ltr'>scripserit</span> <span class='ocrx_word' id='word_1_892' title='bbox 590 5524 620 5582; x_wconf 87' lang='lat'>:_</span> <span class='ocrx_word' id='word_1_893' title='bbox 643 5529 670 5556; x_wconf 86' lang='lat'><strong>«</strong></span> <span class='ocrx_word' id='word_1_894' title='bbox 697 5507 875 5582; x_wconf 75' lang='lat' dir='ltr'>Quod</span> <span class='ocrx_word' id='word_1_895' title='bbox 897 5577 929 5582; x_wconf 89' lang='lat'><strong>__</strong></span> <span class='ocrx_word' id='word_1_896' title='bbox 949 5511 1166 5582; x_wconf 85' lang='lat' dir='ltr'>autem_</span> <span class='ocrx_word' id='word_1_897' title='bbox 1211 5506 1554 5578; x_wconf 89' lang='lat' dir='ltr'>imprecaris</span> <span class='ocrx_word' id='word_1_898' title='bbox 1583 5576 1594 5582; x_wconf 85' lang='lat'><strong>_</strong></span> <span class='ocrx_word' id='word_1_899' title='bbox 1619 5507 1917 5573; x_wconf 87' lang='lat' dir='ltr'>fratribus,</span> 
     </span>
    </p>
   </div>
   <div class='ocr_carea' id='block_1_126' title="bbox 233 5576 1919 5652">
    <p class='ocr_par' dir='ltr' id='par_1_126' title="bbox 233 5576 1919 5652">
     <span class='ocr_line' id='line_1_128' title="bbox 233 5576 1919 5652; baseline -0.003 -10"><span class='ocrx_word' id='word_1_900' title='bbox 233 5576 494 5643; x_wconf 67' lang='lat' dir='ltr'>hoc&#39;est</span> <span class='ocrx_word' id='word_1_901' title='bbox 539 5577 1030 5638; x_wconf 82' lang='lat' dir='ltr'>criminatoribus</span> <span class='ocrx_word' id='word_1_902' title='bbox 1083 5578 1202 5638; x_wconf 79' lang='lat' dir='ltr'>tuis</span> <span class='ocrx_word' id='word_1_903' title='bbox 1271 5576 1514 5636; x_wconf 70' lang='lat' dir='ltr'>aeternos</span> <span class='ocrx_word' id='word_1_904' title='bbox 1580 5576 1744 5652; x_wconf 81' lang='lat' dir='ltr'>ignes</span> <span class='ocrx_word' id='word_1_905' title='bbox 1784 5594 1919 5638; x_wconf 88' lang='lat' dir='ltr'>cum</span> 
     </span>
    </p>
   </div>
   <div class='ocr_carea' id='block_1_127' title="bbox 2027 4505 3665 4586">
    <p class='ocr_par' dir='ltr' id='par_1_127' title="bbox 2027 4505 3665 4586">
     <span class='ocr_line' id='line_1_129' title="bbox 2027 4505 3665 4586; baseline 0.004 -28"><span class='ocrx_word' id='word_1_906' title='bbox 2027 4506 2439 4586; x_wconf 74' lang='lat' dir='ltr'>imprudenter_</span> <span class='ocrx_word' id='word_1_907' title='bbox 2474 4505 2720 4586; x_wconf 75' lang='lat' dir='ltr'>locutus.</span> <span class='ocrx_word' id='word_1_908' title='bbox 2753 4505 2881 4586; x_wconf 46' lang='lat' dir='ltr'>.Sed</span> <span class='ocrx_word' id='word_1_909' title='bbox 2932 4509 2996 4559; x_wconf 88' lang='lat' dir='ltr'>ut</span> <span class='ocrx_word' id='word_1_910' title='bbox 3042 4506 3189 4586; x_wconf 78' lang='lat' dir='ltr'>nihil</span> <span class='ocrx_word' id='word_1_911' title='bbox 3248 4505 3665 4586; x_wconf 59' lang='lat' dir='ltr'>calu_mn_iae&#39;sit</span> 
     </span>
    </p>
   </div>
   <div class='ocr_carea' id='block_1_128' title="bbox 2026 4575 3667 4648">
    <p class='ocr_par' dir='ltr' id='par_1_128' title="bbox 2026 4575 3667 4648">
     <span class='ocr_line' id='line_1_130' title="bbox 2026 4575 3667 4648; baseline 0.002 -16"><span class='ocrx_word' id='word_1_912' title='bbox 2026 4575 2340 4648; x_wconf 87' lang='lat' dir='ltr'>reliquum,</span> <span class='ocrx_word' id='word_1_913' title='bbox 2385 4575 2524 4648; x_wconf 79' lang='lat' dir='ltr'>illud</span> <span class='ocrx_word' id='word_1_914' title='bbox 2559 4581 2648 4631; x_wconf 91' lang='lat' dir='ltr'>est</span> <span class='ocrx_word' id='word_1_915' title='bbox 2672 4575 3302 4648; x_wconf 87' lang='lat' dir='ltr'>animorepetendum,</span> <span class='ocrx_word' id='word_1_916' title='bbox 3355 4580 3412 4634; x_wconf 93' lang='lat' dir='ltr'>S.</span> <span class='ocrx_word' id='word_1_917' title='bbox 3458 4580 3667 4636; x_wconf 89' lang='lat' dir='ltr'>Docto-</span> 
     </span>
    </p>
   </div>
   <div class='ocr_carea' id='block_1_129' title="bbox 2025 4646 3662 4721">
    <p class='ocr_par' dir='ltr' id='par_1_129' title="bbox 2025 4646 3662 4721">
     <span class='ocr_line' id='line_1_131' title="bbox 2025 4646 3662 4721; baseline 0.002 -19"><span class='ocrx_word' id='word_1_918' title='bbox 2025 4646 2381 4721; x_wconf 33' lang='lat' dir='ltr'>rcmlcontra</span> <span class='ocrx_word' id='word_1_919' title='bbox 2413 4646 2751 4719; x_wconf 81' lang='lat' dir='ltr'>Pelagianos</span> <span class='ocrx_word' id='word_1_920' title='bbox 2783 4646 3057 4721; x_wconf 41' lang='lat' dir='ltr'>scribe—re,</span> <span class='ocrx_word' id='word_1_921' title='bbox 3091 4649 3319 4721; x_wconf 85' lang='lat' dir='ltr'>sibique</span> <span class='ocrx_word' id='word_1_922' title='bbox 3350 4651 3504 4704; x_wconf 91' lang='lat' dir='ltr'>hunc</span> <span class='ocrx_word' id='word_1_923' title='bbox 3534 4668 3662 4706; x_wconf 90' lang='lat' dir='ltr'>esse</span> 
     </span>
    </p>
   </div>
   <div class='ocr_carea' id='block_1_130' title="bbox 2026 4719 3669 4792">
    <p class='ocr_par' dir='ltr' id='par_1_130' title="bbox 2026 4719 3669 4792">
     <span class='ocr_line' id='line_1_132' title="bbox 2026 4719 3669 4792; baseline 0.002 -18"><span class='ocrx_word' id='word_1_924' title='bbox 2026 4719 2388 4792; x_wconf 86' lang='lat' dir='ltr'>propositum</span> <span class='ocrx_word' id='word_1_925' title='bbox 2438 4734 2703 4792; x_wconf 78' lang='lat' dir='ltr'>scopum,</span> <span class='ocrx_word' id='word_1_926' title='bbox 2755 4723 2956 4792; x_wconf 83' lang='lat' dir='ltr'>contra</span> <span class='ocrx_word' id='word_1_927' title='bbox 2992 4719 3239 4792; x_wconf 79' lang='lat' dir='ltr'>illorum</span> <span class='ocrx_word' id='word_1_928' title='bbox 3289 4720 3549 4776; x_wconf 89' lang='lat' dir='ltr'>insanias</span> <span class='ocrx_word' id='word_1_929' title='bbox 3598 4723 3669 4778; x_wconf 84' lang='lat' dir='ltr'>de</span> 
     </span>
    </p>
   </div>
   <div class='ocr_carea' id='block_1_131' title="bbox 2028 4789 3669 4862">
    <p class='ocr_par' dir='ltr' id='par_1_131' title="bbox 2028 4789 3669 4862">
     <span class='ocr_line' id='line_1_133' title="bbox 2028 4789 3669 4862; baseline 0.001 -16"><span class='ocrx_word' id='word_1_930' title='bbox 2028 4789 2395 4862; x_wconf 76' lang='lat' dir='ltr'>peccatorum</span> <span class='ocrx_word' id='word_1_931' title='bbox 2424 4789 2653 4862; x_wconf 5' lang='lat' dir='ltr'>emeritis</span> <span class='ocrx_word' id='word_1_932' title='bbox 2686 4795 2740 4843; x_wconf 91' lang='lat' dir='ltr'>et</span> <span class='ocrx_word' id='word_1_933' title='bbox 2774 4790 3136 4862; x_wconf 82' lang='lat' dir='ltr'>remissione,</span> <span class='ocrx_word' id='word_1_934' title='bbox 3171 4792 3325 4860; x_wconf 91' lang='lat' dir='ltr'>quod</span> <span class='ocrx_word' id='word_1_935' title='bbox 3358 4797 3416 4845; x_wconf 90' lang='lat' dir='ltr'>et</span> <span class='ocrx_word' id='word_1_936' title='bbox 3444 4797 3499 4846; x_wconf 88' lang='lat' dir='ltr'>S.</span> <span class='ocrx_word' id='word_1_937' title='bbox 3551 4796 3669 4848; x_wconf 89' lang='lat' dir='ltr'>Au-</span> 
     </span>
    </p>
   </div>
   <div class='ocr_carea' id='block_1_132' title="bbox 2027 4859 3670 4936">
    <p class='ocr_par' dir='ltr' id='par_1_132' title="bbox 2027 4859 3670 4936">
     <span class='ocr_line' id='line_1_134' title="bbox 2027 4859 3670 4936; baseline 0.002 -18"><span class='ocrx_word' id='word_1_938' title='bbox 2027 4859 2298 4936; x_wconf 82' lang='lat' dir='ltr'>gustinus</span> <span class='ocrx_word' id='word_1_939' title='bbox 2331 4861 2484 4936; x_wconf 71' lang='lat' dir='ltr'>fecit,</span> <span class='ocrx_word' id='word_1_940' title='bbox 2517 4859 2835 4936; x_wconf 65' lang='lat' dir='ltr'>dispnlare,</span> <span class='ocrx_word' id='word_1_941' title='bbox 2873 4859 3314 4932; x_wconf 73' lang='lat' dir='ltr'>Pelagianorum</span> <span class='ocrx_word' id='word_1_942' title='bbox 3363 4863 3519 4936; x_wconf 83' lang='lat' dir='ltr'>enim</span> <span class='ocrx_word' id='word_1_943' title='bbox 3549 4865 3670 4922; x_wconf 62' lang='lat' dir='ltr'>ha’c</span> 
     </span>
    </p>
   </div>
   <div class='ocr_carea' id='block_1_133' title="bbox 2027 4931 3670 5006">
    <p class='ocr_par' dir='ltr' id='par_1_133' title="bbox 2027 4931 3670 5006">
     <span class='ocr_line' id='line_1_135' title="bbox 2027 4931 3670 5006; baseline 0.002 -17"><span class='ocrx_word' id='word_1_944' title='bbox 2027 4931 2151 4990; x_wconf 71' lang='lat' dir='ltr'>crat</span> <span class='ocrx_word' id='word_1_945' title='bbox 2183 4932 2551 5006; x_wconf 82' lang='lat' dir='ltr'>hypocris_is,_</span> <span class='ocrx_word' id='word_1_946' title='bbox 2577 4949 2606 4986; x_wconf 88' lang='lat' dir='ltr'>e</span> <span class='ocrx_word' id='word_1_947' title='bbox 2665 4931 2989 4986; x_wconf 91' lang='lat' dir='ltr'>Stoicorum</span> <span class='ocrx_word' id='word_1_948' title='bbox 3015 4931 3158 5006; x_wconf 77' lang='lat' dir='ltr'>nata</span> <span class='ocrx_word' id='word_1_949' title='bbox 3209 4934 3461 5006; x_wconf 73' lang='lat' dir='ltr'>comesis</span> <span class='ocrx_word' id='word_1_950' title='bbox 3495 4937 3670 4992; x_wconf 88' lang='lat' dir='ltr'>fonti-</span> 
     </span>
    </p>
   </div>
   <div class='ocr_carea' id='block_1_134' title="bbox 2028 5003 3680 5080">
    <p class='ocr_par' dir='ltr' id='par_1_134' title="bbox 2028 5003 3680 5080">
     <span class='ocr_line' id='line_1_136' title="bbox 2028 5003 3680 5080; baseline 0.002 -19"><span class='ocrx_word' id='word_1_951' title='bbox 2028 5007 2158 5080; x_wconf 81' lang='lat' dir='ltr'>bus,</span> <span class='ocrx_word' id='word_1_952' title='bbox 2191 5003 2412 5080; x_wconf 42' lang='lat' dir='ltr'>atquae</span> <span class='ocrx_word' id='word_1_953' title='bbox 2447 5003 2594 5080; x_wconf 72' lang='lat' dir='ltr'>levia</span> <span class='ocrx_word' id='word_1_954' title='bbox 2623 5008 2789 5080; x_wconf 83' lang='lat' dir='ltr'>erant</span> <span class='ocrx_word' id='word_1_955' title='bbox 2820 5010 3074 5080; x_wconf 77' lang='lat' dir='ltr'>peccata,</span> <span class='ocrx_word' id='word_1_956' title='bbox 3107 5003 3216 5080; x_wconf 85' lang='lat' dir='ltr'>ipsi</span> <span class='ocrx_word' id='word_1_957' title='bbox 3251 5005 3422 5080; x_wconf 82' lang='lat' dir='ltr'>longe</span> <span class='ocrx_word' id='word_1_958' title='bbox 3454 5007 3680 5080; x_wconf 74' lang='lat' dir='ltr'>gravis-</span> 
     </span>
    </p>
   </div>
   <div class='ocr_carea' id='block_1_135' title="bbox 2029 5072 3677 5146">
    <p class='ocr_par' dir='ltr' id='par_1_135' title="bbox 2029 5072 3677 5146">
     <span class='ocr_line' id='line_1_137' title="bbox 2029 5072 3677 5146; baseline 0.004 -14"><span class='ocrx_word' id='word_1_959' title='bbox 2029 5077 2179 5132; x_wconf 90' lang='lat' dir='ltr'>sima</span> <span class='ocrx_word' id='word_1_960' title='bbox 2208 5072 2488 5140; x_wconf 79' lang='lat' dir='ltr'>dicerent,</span> <span class='ocrx_word' id='word_1_961' title='bbox 2512 5074 2630 5128; x_wconf 88' lang='lat' dir='ltr'>imo</span> <span class='ocrx_word' id='word_1_962' title='bbox 2662 5079 2726 5126; x_wconf 92' lang='lat' dir='ltr'>ut</span> <span class='ocrx_word' id='word_1_963' title='bbox 2771 5072 2968 5146; x_wconf 81' lang='lat' dir='ltr'>paulo</span> <span class='ocrx_word' id='word_1_964' title='bbox 2998 5072 3269 5146; x_wconf 77' lang='lat' dir='ltr'>superius</span> <span class='ocrx_word' id='word_1_965' title='bbox 3320 5072 3677 5140; x_wconf 69' lang='lat' dir='ltr'>adncilatum</span> 
     </span>
    </p>
   </div>
   <div class='ocr_carea' id='block_1_136' title="bbox 2027 5144 3688 5222">
    <p class='ocr_par' dir='ltr' id='par_1_136' title="bbox 2027 5144 3688 5222">
     <span class='ocr_line' id='line_1_138' title="bbox 2027 5144 3688 5222; baseline 0.001 -17"><span class='ocrx_word' id='word_1_966' title='bbox 2027 5154 2135 5222; x_wconf 86' lang='lat' dir='ltr'>est,</span> <span class='ocrx_word' id='word_1_967' title='bbox 2169 5165 2280 5222; x_wconf 83' lang='lat' dir='ltr'>non</span> <span class='ocrx_word' id='word_1_968' title='bbox 2313 5146 2740 5217; x_wconf 88' lang='lat' dir='ltr'>distinguerent</span> <span class='ocrx_word' id='word_1_969' title='bbox 2769 5144 3234 5222; x_wconf 81' lang='lat' dir='ltr'>inter_leviorum</span> <span class='ocrx_word' id='word_1_970' title='bbox 3261 5151 3688 5222; x_wconf 74' lang='lat' dir='ltr'>etgraviorum</span> 
     </span>
    </p>
   </div>
   <div class='ocr_carea' id='block_1_137' title="bbox 2028 5216 3698 5290">
    <p class='ocr_par' dir='ltr' id='par_1_137' title="bbox 2028 5216 3698 5290">
     <span class='ocr_line' id='line_1_139' title="bbox 2028 5216 3698 5290; baseline 0.002 -15"><span class='ocrx_word' id='word_1_971' title='bbox 2028 5221 2340 5275; x_wconf 91' lang='lat' dir='ltr'>criminum</span> <span class='ocrx_word' id='word_1_972' title='bbox 2392 5216 2716 5290; x_wconf 12' lang='lat' dir='ltr'>reos,_qugo</span> <span class='ocrx_word' id='word_1_973' title='bbox 2767 5216 3069 5273; x_wconf 88' lang='lat' dir='ltr'>severioris</span> <span class='ocrx_word' id='word_1_974' title='bbox 3126 5216 3368 5290; x_wconf 65' lang='lat' dir='ltr'>justitize</span> <span class='ocrx_word' id='word_1_975' title='bbox 3432 5225 3698 5284; x_wconf 58' lang='lat' dir='ltr'>asseclze</span> 
     </span>
    </p>
   </div>
   <div class='ocr_carea' id='block_1_138' title="bbox 2028 5287 3698 5364">
    <p class='ocr_par' dir='ltr' id='par_1_138' title="bbox 2028 5287 3698 5364">
     <span class='ocr_line' id='line_1_140' title="bbox 2028 5287 3698 5364; baseline -0.001 -18"><span class='ocrx_word' id='word_1_976' title='bbox 2028 5293 2149 5364; x_wconf 82' lang='lat' dir='ltr'>ipsi</span> <span class='ocrx_word' id='word_1_977' title='bbox 2165 5292 2532 5364; x_wconf 79' lang='lat' dir='ltr'>viderentur._</span> <span class='ocrx_word' id='word_1_978' title='bbox 2552 5287 2920 5364; x_wconf 77' lang='lat' dir='ltr'>Prol‘eramus</span> <span class='ocrx_word' id='word_1_979' title='bbox 2945 5287 3192 5364; x_wconf 76' lang='lat' dir='ltr'>exempli</span> <span class='ocrx_word' id='word_1_980' title='bbox 3250 5292 3439 5364; x_wconf 86' lang='lat' dir='ltr'>gratia</span> <span class='ocrx_word' id='word_1_981' title='bbox 3470 5311 3534 5349; x_wconf 81' lang='lat' dir='ltr'>ex</span> <span class='ocrx_word' id='word_1_982' title='bbox 3568 5295 3698 5349; x_wconf 54' lang='lat' dir='ltr'>Hi-</span> 
     </span>
    </p>
   </div>
   <div class='ocr_carea' id='block_1_139' title="bbox 2028 5359 3708 5435">
    <p class='ocr_par' dir='ltr' id='par_1_139' title="bbox 2028 5359 3708 5435">
     <span class='ocr_line' id='line_1_141' title="bbox 2028 5359 3708 5435; baseline -0.001 -18"><span class='ocrx_word' id='word_1_983' title='bbox 2028 5359 2152 5418; x_wconf 77' lang='lat' dir='ltr'>larii</span> <span class='ocrx_word' id='word_1_984' title='bbox 2187 5359 2537 5435; x_wconf 70' lang='lat' dir='ltr'>Syracusani</span> <span class='ocrx_word' id='word_1_985' title='bbox 2566 5375 2659 5435; x_wconf 74' lang='lat' dir='ltr'>ep.</span> <span class='ocrx_word' id='word_1_986' title='bbox 2707 5360 2778 5435; x_wconf 77' lang='lat' dir='ltr'>ad</span> <span class='ocrx_word' id='word_1_987' title='bbox 2829 5359 3450 5435; x_wconf 48' lang='lat' dir='ltr'>Augustinuquuod</span> <span class='ocrx_word' id='word_1_988' title='bbox 3475 5369 3708 5435; x_wconf 57' lang='lat' dir='ltr'>jacta‘</span> 
     </span>
    </p>
   </div>
   <div class='ocr_carea' id='block_1_140' title="bbox 2029 5430 3722 5502">
    <p class='ocr_par' dir='ltr' id='par_1_140' title="bbox 2029 5430 3722 5502">
     <span class='ocr_line' id='line_1_142' title="bbox 2029 5430 3722 5502; baseline -0.004 -14"><span class='ocrx_word' id='word_1_989' title='bbox 2029 5441 2151 5489; x_wconf 86' lang='lat' dir='ltr'>tum</span> <span class='ocrx_word' id='word_1_990' title='bbox 2187 5430 2574 5502; x_wconf 52' lang='lat' dir='ltr'>a&#39;Pclagianis</span> <span class='ocrx_word' id='word_1_991' title='bbox 2605 5430 2854 5487; x_wconf 87' lang='lat' dir='ltr'>dicitur:</span> <span class='ocrx_word' id='word_1_992' title='bbox 2900 5430 3205 5489; x_wconf 59' lang='lat' dir='ltr'>«(Divitem</span> <span class='ocrx_word' id='word_1_993' title='bbox 3241 5430 3573 5490; x_wconf 53' lang='lat' dir='ltr'>manentem</span> <span class='ocrx_word' id='word_1_994' title='bbox 3605 5437 3722 5500; x_wconf 51' lang='lat' dir='ltr'>in</span> 
     </span>
    </p>
   </div>
   <div class='ocr_carea' id='block_1_141' title="bbox 2028 5503 2994 5632">
    <p class='ocr_par' dir='ltr' id='par_1_141' title="bbox 2028 5503 2994 5632">
     <span class='ocr_line' id='line_1_143' title="bbox 2028 5503 2994 5632; baseline -0.003 -71"><span class='ocrx_word' id='word_1_995' title='bbox 2028 5504 2250 5561; x_wconf 86' lang='lat' dir='ltr'>divitiis</span> <span class='ocrx_word' id='word_1_996' title='bbox 2281 5503 2404 5560; x_wconf 88' lang='lat' dir='ltr'>suis</span> <span class='ocrx_word' id='word_1_997' title='bbox 2441 5517 2685 5632; x_wconf 57' lang='lat' dir='ltr'>regnum</span> <span class='ocrx_word' id='word_1_998' title='bbox 2732 5503 2829 5559; x_wconf 90' lang='lat' dir='ltr'>Dei</span> <span class='ocrx_word' id='word_1_999' title='bbox 2878 5520 2994 5560; x_wconf 91' lang='lat' dir='ltr'>non</span> 
     </span>
     <span class='ocr_line' id='line_1_144' title="bbox 2029 5573 2994 5632; baseline 0 0"><span class='ocrx_word' id='word_1_1000' title='bbox 2029 5576 2228 5632; x_wconf 87' lang='lat' dir='ltr'>omnia</span> <span class='ocrx_word' id='word_1_1001' title='bbox 2257 5592 2366 5632; x_wconf 84' lang='lat' dir='ltr'>sua</span> <span class='ocrx_word' id='word_1_1002' title='bbox 2394 5590 2501 5632; x_wconf 89' lang='lat' dir='ltr'>ven</span> <span class='ocrx_word' id='word_1_1003' title='bbox 2549 5573 2758 5632; x_wconf 85' lang='lat' dir='ltr'>iderit:</span> <span class='ocrx_word' id='word_1_1004' title='bbox 2791 5591 2900 5632; x_wconf 86' lang='lat' dir='ltr'>nec</span> <span class='ocrx_word' id='word_1_1005' title='bbox 2929 5591 2994 5632; x_wconf 89' lang='lat' dir='ltr'>nr</span> 
     </span>
    </p>
   </div>
   <div class='ocr_carea' id='block_1_142' title="bbox 2174 5504 3718 5590">
    <p class='ocr_par' dir='ltr' id='par_1_142' title="bbox 2174 5504 3718 5590">
     <span class='ocr_line' id='line_1_145' title="bbox 2174 5504 3718 5590; baseline -0.001 -31"><span class='ocrx_word' id='word_1_1006' title='bbox 2174 5505 2250 5590; x_wconf 74' lang='lat' dir='ltr'>iis</span> <span class='ocrx_word' id='word_1_1007' title='bbox 2281 5504 2404 5560; x_wconf 88' lang='lat' dir='ltr'>suis</span> <span class='ocrx_word' id='word_1_1008' title='bbox 2441 5504 2829 5590; x_wconf 44' lang='lat' dir='ltr'>regnpmuDei</span> <span class='ocrx_word' id='word_1_1009' title='bbox 2878 5520 2994 5560; x_wconf 91' lang='lat' dir='ltr'>non</span> <span class='ocrx_word' id='word_1_1010' title='bbox 3044 5521 3212 5590; x_wconf 82' lang='lat' dir='ltr'>posse</span> <span class='ocrx_word' id='word_1_1011' title='bbox 3267 5506 3515 5590; x_wconf 64' lang='lat' dir='ltr'>ingredi,</span> <span class='ocrx_word' id='word_1_1012' title='bbox 3549 5504 3718 5566; x_wconf 78' lang='lat' dir='ltr'>nisi</span> 
     </span>
    </p>
   </div>
   <div class='ocr_carea' id='block_1_143' title="bbox 2029 5590 2501 5639">
    <p class='ocr_par' dir='ltr' id='par_1_143' title="bbox 2029 5590 2501 5639">
     <span class='ocr_line' id='line_1_146' title="bbox 2029 5590 2501 5639; baseline -0.015 0"><span class='ocrx_word' id='word_1_1013' title='bbox 2029 5593 2228 5639; x_wconf 79' lang='lat' dir='ltr'>omnia</span> <span class='ocrx_word' id='word_1_1014' title='bbox 2257 5592 2366 5636; x_wconf 75' lang='lat'>8118.</span> <span class='ocrx_word' id='word_1_1015' title='bbox 2394 5590 2501 5633; x_wconf 89' lang='lat' dir='ltr'>ven</span> 
     </span>
    </p>
   </div>
   <div class='ocr_carea' id='block_1_144' title="bbox 2549 5573 3724 5652">
    <p class='ocr_par' dir='ltr' id='par_1_144' title="bbox 2549 5573 3724 5652">
     <span class='ocr_line' id='line_1_147' title="bbox 2549 5573 3724 5652; baseline -0.004 -20"><span class='ocrx_word' id='word_1_1016' title='bbox 2549 5573 2758 5648; x_wconf 84' lang='lat' dir='ltr'>iderit;</span> <span class='ocrx_word' id='word_1_1017' title='bbox 2791 5591 2900 5636; x_wconf 86' lang='lat' dir='ltr'>nec</span> <span class='ocrx_word' id='word_1_1018' title='bbox 2929 5573 3203 5652; x_wconf 81' lang='lat' dir='ltr'>prodesse</span> <span class='ocrx_word' id='word_1_1019' title='bbox 3249 5573 3437 5636; x_wconf 51' lang='lat' dir='ltr'>eid&#39;em</span> <span class='ocrx_word' id='word_1_1020' title='bbox 3467 5585 3724 5648; x_wconf 61' lang='lat' dir='ltr'>posse-</span> 
     </span>
    </p>
   </div>
   <div class='ocr_carea' id='block_1_145' title="bbox 3563 5773 3599 5795">
    <p class='ocr_par' dir='ltr' id='par_1_145' title="bbox 3563 5773 3599 5795">
     <span class='ocr_line' id='line_1_148' title="bbox 3563 5773 3599 5795; baseline 0 0"><span class='ocrx_word' id='word_1_1021' title='bbox 3563 5773 3599 5795; x_wconf 72' lang='grc' dir='ltr'>Α·</span> 
     </span>
    </p>
   </div>
  </div>
