4110 6162
448 271 564 348 547
1035 321 1042 328 .
1687 273 1755 335 S.
1800 267 2071 336 EUSEB]

2230 263 2623 334 ERONYMI.
3711 263 3853 328 διε

515 407 606 462 29.
657 407 770 462 Duo
816 405 1032 476 Pelagii
1078 404 1319 477 capitula
1387 401 1531 463 iriter
1595 423 1651 462 se
1705 407 2092 476 discrepantia.
2124 407 2176 472 Α
2211 409 2303 460 tra
2357 405 2565 472 Deum,
2597 403 2645 458 si
2714 397 2986 475 pretiosis
3017 401 3192 473 atque
3257 397 3579 456 nitentibus
3609 401 3857 454 utantur

447 525 515 536 —-
545 495 756 568 Jungis
788 498 1070 566 praeterea
1117 493 1231 550 duo
1282 494 1541 566 capitula
1588 495 1738 550 inter
1784 511 1845 549 se
1877 495 2097 550 discre-
2209 493 2455 548 exuviis.

448 584 668 656 pantia,
703 600 829 654 quae
860 583 908 638 si
939 598 1073 637 vera
1102 581 1240 648 sint,
1293 600 1359 638 os
1407 583 1634 655 aperire
1676 600 1791 638 non
1833 583 2050 653 poteris
2080 601 2093 638 :
2275 583 2365 635 30.
2397 581 2654 652 Capitula
2683 580 2894 648 Pelagii
2924 579 3033 634 sibi
3061 579 3366 633 contraria.
3429 609 3493 618 —
3525 576 3855 634 Audimus

449 693 477 722 ‹‹
507 671 866 744 Sapientiam
915 674 971 725 et
1023 671 1166 726 727
1218 671 1577 726 intellectum
1625 671 2089 742 Scripturarum.
2205 674 2264 724 et
2293 675 2533 724 caetera:
2570 692 2596 717 ‹‹
2647 668 2920 723 Inimicos
2964 671 3030 721 ut
3094 666 3246 723 128
3292 665 3590 738 proximos
3619 664 3861 739 diligen-

457 761 568 817 nisi
602 760 702 831 qui
733 759 1020 828 didicerit,
1075 760 1224 815 scire
1275 777 1389 815 non
1435 777 1625 832 posse.
1662 783 1684 812 ι
1746 760 1813 815 Et
1842 759 2092 815 iterum:
2205 759 2312 814 dos
2343 759 2452 829 (tit.
2519 774 2680 813 currv
2737 759 2809 811 at.
2880 757 3084 827 CLXVI).
3154 755 3474 826 statimque
3538 771 3856 827 oppressus

450 872 479 898 «
509 849 825 905 Scientiam
860 847 1006 919 legis
1055 865 1168 904 non
1217 865 1502 921 usurpare
1547 849 1752 904 debere
1790 848 2092 904 indoctum
2203 845 2553 918 gravissimo
2615 845 2900 917 lethargo,
2967 845 3138 916 ponis
3203 849 3261 899 et
3325 843 3511 899 dicis:
3548 843 3848 900 «Inimico

453 940 563 1008 (tit.
598 938 713 1008 xx).
754 960 779 985 ››
813 941 930 991 Aut
959 935 1113 991 enim
1148 937 1518 1008 magistrum,
1572 954 1605 991 a
1653 953 1769 1008 quo
1803 936 2092 1002 didiceris,
2205 951 2508 1006 nunquam
2539 951 2667 990 esse
2725 934 3082 989 credendum
3151 935 3259 1001 (tit.
3294 949 3441 998 CLXI,
3474 933 3549 986 al.
3585 933 3789 1004 CLXVI),
3823 953 3850 982 »

447 1025 706 1097 proferre
737 1025 984 1097 cogeris,
1019 1028 1082 1078 ut
1112 1023 1216 1079 tibi
1240 1025 1546 1080 scientiam
1570 1023 2094 1097 legisliceatusur-
2203 1023 2357 1095 quod
2394 1023 2502 1079 sibi
2538 1039 2667 1078 esse
2699 1021 3082 1089 contrarium,
3121 1021 3295 1078 etiam
3329 1037 3424 1076 me
3456 1020 3684 1089 silente,
3719 1035 3852 1093 per-

447 1129 586 1186 pare
613 1129 624 1168 :
662 1117 762 1168 aut
794 1113 840 1168 si
876 1114 1159 1184 magister
1185 1112 1322 1169 talis
1353 1118 1442 1169 est
1473 1113 1571 1185 qui
1605 1114 1678 1168 ab
1713 1113 1825 1168 alio
1858 1130 1972 1168 non
2005 1113 2091 1167 di-
2201 1113 2475 1185 spicuum
2508 1116 2614 1167 est.
2648 1111 2758 1167 Sed
2787 1101 2945 1165 dices
2976 1111 3081 1180 (At.
3116 1110 3283 1183 dicis)
3342 1114 3657 1180 utrumque
3682 1109 3851 1165 voci-

443 1201 667 1266 dicerit,
701 1205 757 1255 et
785 1200 1048 1256 docuerit
1079 1204 1134 1256 te
1164 1202 1318 1272 quod
1353 1201 2093 1274 ipseignorabat,restatut
2199 1199 2311 1256 bus
2364 1201 2677 1272 Scriptura:
2701 1198 3006 1264 contineri,
3053 1216 3167 1255 non
3220 1198 3684 1254 animadvertens
3724 1214 3848 1270 quo

444 1305 557 1343 non
591 1293 742 1343 recte
777 1288 978 1355 facias,
1013 1288 1115 1359 qui
1147 1288 1418 1344 indoctus
1478 1306 1729 1362 usurpas
1784 1289 2090 1345 scientiam
2199 1303 2378 1343 sensu
2409 1289 2468 1342 in
2501 1289 2626 1344 suis
2656 1288 2798 1344 locis
2827 1287 2978 1342 dicta
3010 1287 3146 1344 sint.
3180 1287 3534 1358 Praeceptum
3560 1290 3650 1341 est
3672 1285 3843 1354 mihi,

442 1376 876 1448 Scripturarum
908 1381 966 1432 et
993 1376 1276 1449 magister
1333 1378 1499 1448 prius
1547 1395 1726 1450 quam
1767 1377 2090 1450 discipulus
2200 1381 2263 1430 ut
2293 1375 2535 1448 diligam
2566 1376 2860 1446 inimicos,
2893 1381 2950 1431 et
2997 1392 3158 1432 orem
3210 1393 3312 1448 pro
3345 1375 3842 1447 persecutoribus.

440 1481 568 1520 esse
600 1465 846 1536 coepisti.
881 1464 1002 1521 Nisi
1072 1467 1217 1520 forte
1247 1465 1576 1522 humilitate
1645 1467 1838 1534 solita,
1871 1468 2089 1540 magis-
2198 1465 2472 1536 Nunquid
2498 1466 2736 1536 jussum
2768 1469 2875 1531 est,
2911 1469 2976 1520 ut
3027 1465 3109 1519 ita
3161 1463 3421 1536 diligam,
3457 1463 3624 1535 quasi
3657 1463 3847 1536 proxi-

441 1558 596 1609 trum
630 1559 794 1608 tuum
821 1554 1060 1623 jactitas
1115 1555 1446 1621 Dominum,
1498 1555 1597 1625 qui
1647 1555 1815 1610 docet
1855 1571 2087 1611 omnem
2199 1570 2346 1620 mos,
2380 1557 2437 1609 et
2467 1554 2934 1626 consanguineos
2965 1558 3022 1608 et
3044 1554 3284 1622 amicos,
3313 1557 3377 1608 ut
3398 1554 3553 1608 inter
3569 1551 3845 1608 aamulum

441 1642 765 1708 scientiam,
817 1647 874 1697 et
907 1659 1038 1698 cum
1090 1644 1284 1716 Moyse
1335 1643 1525 1713 (Exod.
1576 1661 1766 1712 xxxrv,
1843 1645 1879 1698 5
1921 1647 2088 1718 seqq.)
2197 1647 2255 1697 et
2288 1643 2682 1700 necessarium
2715 1642 2878 1697 nulla
2909 1643 3192 1698 distantia
3217 1641 3342 1697 sit?
3372 1641 3429 1696 Si
3459 1641 3736 1698 inimicos
3765 1641 3847 1696 di-

440 1731 498 1785 in
527 1731 681 1785 nube
708 1736 763 1784 et
795 1730 1042 1802 caligine
1093 1731 1237 1787 facie
1285 1733 1357 1787 ad
1409 1733 1615 1788 faciem
1679 1733 1849 1788 audis
1913 1736 2086 1789 verba
2117 1775 2164 1840 B
2200 1729 2316 1803 ligo
2367 1732 2535 1803 quasi
2595 1732 2920 1803 proximos,
2973 1731 3178 1787 amicis
3208 1730 3350 1802 quid
3403 1730 3658 1803 amplius
3689 1729 3848 1786 exhi-

445 1818 537 1840 ,Χλέ
602 1824 647 1840 ,Δ
682 1819 810 1840 1,.1-
849 1819 1016 1840 ..Δὶ-2-
1055 1824 1280 1840 --.-,___A_
1316 1821 1537 1840 0,,_--1-,
1716 1822 1789 1840 ,I',,
1842 1822 1911 1840 \Y,
1940 1839 1945 1840 ,
1977 1821 2003 1840 l,
2030 1839 2040 1840 κ
2198 1819 2339 1840 ι.-1.-
2367 1820 2394 1840 Ω
2436 1823 2532 1840 Δμ-ι
2569 1820 2609 1840 -2
2644 1820 2747 1840 1..Δ
2794 1821 3052 1840 j:_---_Q
3110 1819 3251 1840 III__-I
3308 1821 3485 1840 D---_.-
3541 1820 3818 1840 .I-I-_--__-_

444 1818 562 1887 Dei,
595 1824 651 1874 et
682 1819 816 1874 inde
849 1819 1019 1874 nobis
1049 1824 1291 1875 cornuta
1315 1821 1499 1876 fronte
1530 1822 1813 1893 procedis.
1842 1822 1956 1877 Nec
1977 1821 2087 1878 hoc
2117 1818 2164 1840 ”
2195 1819 2344 1874 bebo
2367 1820 2394 1874 ‘I
2422 1823 2536 1875 Aut
2565 1820 2613 1876 si
2644 1820 2753 1875 hoc
2785 1821 3011 1875 dixeras
3032 1821 3076 1886 ³,
3110 1819 3253 1874 illud
3308 1821 3492 1874 facere
3533 1820 3839 1884 debueras,

439 1908 680 1970 sufficit,
713 1908 815 1962 sed
849 1912 1086 1979 repente
1118 1908 1368 1963 mutaris
1403 1909 1459 1963 in
1494 1909 1778 1975 Stoicum,
1813 1914 1869 1965 et
1897 1911 1968 1964 de
1996 1912 2089 1967 Ze-
2197 1923 2270 1962 ne
2299 1908 2589 1964 contraria
2621 1909 2730 1964 sibi
2779 1909 2836 1963 in
2885 1908 3086 1962 eodem
3140 1907 3264 1962 loco
3314 1907 3502 1963 dicere
3531 1907 3838 1977 videreris,

439 1997 610 2052 nonis
641 1996 807 2052 nobis
839 2000 1007 2052 tonas
1039 1997 1376 2068 supercilio,
1413 2019 1440 2046 ‹‹
1473 1997 1874 2053 Christianum
1925 1997 2086 2055 illius
2199 2015 2229 2046 «
2261 1996 2505 2052 Inimico
2538 2013 2838 2068 nunquam
2867 2013 2996 2052 esse
3046 1996 3424 2051 credendum.
3461 2019 3482 2044 υ
3531 1997 3639 2051 Sed
3685 2011 3846 2067 quo-

439 2085 648 2140 debcre
676 2101 804 2140 esse
836 2083 1150 2154 patientiae,
1200 2089 1265 2140 ut
1314 2087 1362 2141 si
1411 2085 1543 2158 quis
1582 2103 1689 2142 sua
1737 2088 1964 2142 auferre
1991 2104 2086 2142 vo-
2196 2085 2370 2140 modo
2401 2084 2682 2156 diligatur
2712 2085 3010 2151 inimicus,
3045 2095 3103 2140 et
3132 2083 3225 2140 lex
3255 2085 3424 2140 docet
3453 2084 3642 2155 (Exod.
3676 2099 3839 2151 XXIII,

439 2173 636 2238 luerit,
671 2175 973 2245 gratanter
1003 2173 1672 2244 amittat(tit.r.xxm,al.
1699 2179 1866 2244 LXIV).
1894 2175 2089 2231 nNon-
2198 2175 2222 2227 1
2256 2174 2426 2245 seq.):
2473 2174 2814 2243 jumentum
2859 2173 3173 2228 adversarii
3219 2172 3267 2227 si
3307 2171 3598 2240 ceciderit,
3650 2171 3845 2228 suble-

443 2277 519 2316 ne
548 2261 718 2316 nobis
750 2259 896 2316 satis
913 2264 1001 2316 est
1022 2261 1308 2332 patienter
1349 2263 1588 2334 perdere
1609 2264 1761 2334 quod
1778 2264 2086 2333 habemus,
2195 2263 2451 2318 vandum
2500 2264 2677 2332 (Deut.
2727 2280 2869 2328 XXII,
2919 2263 3016 2332 4):
3064 2266 3122 2317 et
3167 2261 3521 2333 Apostolus:
3557 2284 3585 2310 «
3617 2261 3682 2316 Si
3709 2276 3842 2316 esu-

443 2350 557 2404 nisi
580 2349 832 2405 violento
861 2353 1036 2420 atque
1067 2351 1284 2422 raptori
1327 2367 1573 2422 agamus
1601 2352 1815 2424 gatias,
1866 2357 1922 2407 et
1951 2368 2086 2408 cum
2196 2351 2358 2407 rierit
2387 2351 2664 2407 inimicus
2697 2356 2858 2416 tuus,
2892 2351 3021 2406 ciba
3050 2350 3216 2405 illum
3243 2366 3257 2418 ;
3291 2351 3340 2405 si
3373 2350 3609 2420 sitierit,
3655 2351 3729 2405 da
3755 2349 3840 2404 illi

439 2439 667 2494 cunctis
695 2435 1200 2495 benedictionibus
1223 2442 1693 2511 prosequamur?
1715 2441 1890 2497 Docet
1909 2443 2088 2497 Evan-
2196 2445 2420 2514 potum.
2449 2441 2566 2496 Hoc
2597 2441 2750 2496 enim
2787 2439 3026 2506 faciens,
3058 2439 3340 2495 carbones
3393 2439 3549 2512 ignis
3596 2453 3838 2512 congre-

439 2526 656 2600 gelium
691 2527 878 2597 (Matth
910 2544 963 2593 v,
998 2528 1087 2599 40)
1120 2530 1195 2597 ei,
1229 2529 1329 2600 qui
1363 2531 1669 2586 nobiscum
1702 2529 1840 2586 velit
1865 2531 2085 2601 judicio
2195 2531 2360 2602 gabis
2392 2547 2570 2602 super
2599 2535 2774 2602 caput
2804 2530 3120 2600 ejus(Rom.
3145 2543 3246 2596 xu,
3268 2529 3360 2599 20)
3387 2546 3400 2595 ;
3431 2549 3460 2576 ››
3493 2545 3608 2583 non
3630 2528 3690 2582 in
3722 2544 3844 2583 ma-
3920 2542 3925 2548 '

439 2617 812 2684 contendere,
845 2622 901 2672 et
931 2633 1034 2690 per
1063 2616 1196 2672 lites
1225 2635 1291 2672 ac
1314 2619 1516 2690 jurgia
1543 2621 1770 2675 auferre
1801 2621 2082 2688 tunicam,
2193 2618 2472 2674 ledictum
2534 2624 2591 2674 et
2647 2617 3215 2682 condemnationem,
3266 2621 3331 2672 ut
3356 2614 3618 2687 plerique
3639 2615 3838 2672 existi-

439 2705 614 2760 etiam
646 2704 890 2776 pallium
923 2721 1055 2762 esse
1087 2707 1562 2763 concedendum:
1599 2725 1717 2764 non
1765 2709 2082 2782 praecipiti,
2195 2712 2379 2775 mant,
2448 2708 2548 2764 sed
2596 2709 2651 2761 in
2725 2707 3138 2763 correctionem
3171 2711 3228 2762 et
3293 2705 3740 2777 paenitudinem,
3776 2708 3842 2760 ut

439 2798 510 2860 ut
534 2809 780 2865 agamus
808 2794 1047 2866 gratias,
1079 2799 1136 2849 et
1181 2794 1295 2848 laeti
1343 2801 1542 2851 nostra
1588 2797 1922 2867 perdamus.
1963 2802 2088 2854 Hoc
2196 2801 2506 2869 superatus
2559 2797 2880 2864 beneﬁciis,
2928 2800 3198 2852 excoctus
3244 2796 3462 2850 fervore
3511 2794 3839 2866 cbaritatis,

441 2883 592 2951 dico,
627 2900 742 2939 non
773 2884 929 2955 quod
980 2883 1198 2956 aliquid
1251 2883 1489 2940 sceleris
1534 2885 1590 2939 in
1644 2885 1750 2940 hac
1800 2888 2084 2942 sententia
2195 2885 2470 2942 inimicus
2499 2901 2626 2942 esse
2658 2885 2954 2940 desistat“.

440 2971 534 3039 sit,
569 2972 670 3028 sed
704 2973 858 3044 quod
895 2972 1111 3044 ubique
1145 2965 1520 3046 ὑπερϐολικῶς
1554 2973 1868 3030 mediocria
1894 2980 2085 3032 trans-
2269 2976 2357 3030 3t.
2391 2977 2473 3029 An
2529 2991 2762 3046 regnum
2813 2975 3073 3030 cwlorum
3127 2976 3187 3027 in
3238 2975 3405 3029 reteri
3465 2974 3598 3028 Test.
3651 2989 3841 3044 repro-

439 3077 559 3128 eas,
594 3067 650 3116 et
705 3078 921 3133 magna
974 3062 1236 3116 secteris.
1289 3061 1450 3117 Unde
1503 3062 1796 3135 adjungis,
1848 3064 2089 3120 Gloriam
2193 3067 2442 3120 missum.
2475 3093 2539 3102 ο-
2590 3062 2771 3118 Addis
2822 3068 3119 3136 praeterea,
3153 3085 3180 3110 «
3237 3061 3502 3134 Regnum
3553 3062 3837 3118 caelorum

437 3151 672 3204 vestium
695 3153 745 3204 et
776 3153 1223 3204 ornamentorum
1257 3151 1362 3204 Deo
1393 3166 1504 3205 esse
1547 3154 1904 3208 contrariam.
1948 3155 2081 3217 Quae
2113 3144 2156 3210 C
2193 3155 2367 3210 etiam
2402 3155 2458 3207 in
2487 3153 2863 3208 Testamento
2887 3152 3061 3208 veteri
3083 3151 3407 3224 repromitti
3434 3152 3540 3221 (tit.
3560 3151 3840 3222 cxxm);»

437 3242 595 3304 sunt,
631 3253 792 3309 rogo,
828 3238 1146 3292 inimicitiae
1177 3243 1379 3293 contra
1411 3239 1678 3307 Deum,si
1704 3241 1962 3296 tunicam
1987 3242 2084 3297 ha-
2193 3243 2478 3315 pomisque
2508 3241 2845 3297 testimonia
2895 3243 2967 3296 de
3014 3239 3378 3314 apocrypbis,
3429 3255 3562 3294 cum
3605 3239 3841 3312 perspi-

438 3326 617 3380 buero
650 3324 1044 3392 mundiorem,
1076 3327 1125 3380 si
1157 3327 1490 3398 episcopus,
1525 3330 1845 3401 presbyter,
1876 3335 1933 3386 et
1958 3332 2081 3386 dia-
2194 3349 2372 3388 cuum
2405 3332 2500 3399 sit,
2539 3347 2782 3403 regnum
2815 3330 3092 3386 ccelorum
3126 3331 3383 3400 primum
3432 3328 3490 3384 in
3530 3327 3839 3402 Evangelia

437 3430 643 3480 conus,
678 3418 734 3468 et
763 3412 1025 3484 reliquus
1057 3415 1196 3470 ordo
1256 3416 1686 3472 ecclesiasticus
1737 3419 1794 3472 in
1827 3419 2082 3474 admini-
2192 3420 2492 3492 praedicari
2538 3437 2638 3491 per
2681 3420 2967 3475 Joannem
3022 3419 3367 3490 Baptistam,
3422 3423 3480 3472 et
3523 3417 3839 3474 Dominum

438 3502 720 3558 stratione
738 3501 1157 3558 sacriﬁciorum
1178 3504 1425 3558 candida
1440 3507 1630 3560 veste2
1653 3507 2083 3577 processerint?
2192 3509 2571 3576 Salvatorem,
2607 3513 2664 3564 et
2697 3508 3011 3580 apostolos.
3039 3509 3180 3580 Lege
3211 3507 3535 3578 Evangelia.
3577 3506 3840 3564 Joannes

437 3593 663 3659 Cavete,
698 3590 912 3660 clerici,
947 3597 1162 3658 cavete,
1216 3593 1522 3661 monachi;
1573 3594 1758 3649 viduae
1807 3601 1863 3651 et
1909 3596 2082 3669 virgi-
2192 3598 2455 3670 Baptista
2484 3598 2698 3652 clamat
2729 3598 2786 3652 in
2841 3597 3108 3652 deserto:
3145 3618 3173 3646 ‹‹
3221 3596 3625 3651 Paenitentiam
3661 3594 3838 3667 agite,

439 3697 564 3747 nes,
599 3679 1033 3753 periclitamini,
1071 3682 1181 3736 nisi
1213 3682 1481 3737 sordidas
1511 3701 1612 3738 vos
1653 3689 1825 3756 atque
1857 3703 2084 3757 panno-
2191 3686 2682 3760 appropinquavit
2710 3686 2864 3740 enim
2899 3701 3145 3757 regnum
3177 3684 3455 3740 caelorum
3504 3685 3706 3756 (Matth.
3747 3701 3841 3753 ιη,

437 3786 534 3825 sas
563 3769 774 3842 vulgus
807 3771 1116 3842 aspexerit.
1150 3771 1332 3826 Taceo
1367 3772 1436 3827 de
1487 3771 1828 3829 hominibus
1861 3776 2079 3843 saeculi,
2191 3777 2266 3848 2).
2306 3799 2332 3824 ››
2367 3777 2431 3830 Et
2460 3776 2530 3831 de
2579 3774 2876 3831 Salvatore
2926 3775 3207 3846 scriptum
3239 3778 3364 3840 est;
3399 3797 3425 3822 ‹‹
3482 3774 3560 3828 Ex
3589 3790 3653 3829 eo
3682 3776 3839 3829 tem-

438 3858 654 3930 quibus
683 3863 879 3931 aperte
909 3858 1126 3914 bellum
1159 3859 1457 3926 indicitur,
1491 3865 1547 3916 et
1597 3861 1917 3918 inimicitiae
1946 3881 2082 3920 con-
2193 3881 2330 3936 pore
2359 3863 2530 3936 ccepit
2563 3864 2872 3936 praedicare
2905 3868 2961 3919 et
2982 3863 3204 3919 dicere:
3228 3863 3624 3918 Pcenitentiam
3649 3861 3838 3934 agite,

442 4051 493 4134 si
515 4051 662 4108 forte
694 4068 765 4134 ex
787 4053 1002 4134 iisdem
1020 4054 1460 4134 divitiisfecerit
1481 4059 1778 4115 mandata.
1811 4082 1837 4108 ››
1864 4060 2085 4132 lniquis
2195 4061 2339 4117 culis
2371 4077 2485 4116 non
2535 4059 2666 4115 aliis
2699 4075 2765 4134 ac
2785 4059 3162 4134 saecularibus
3182 4059 3548 4134 indumentis
3591 4055 3843 4134 clericos

441 4128 503 4207 et
533 4125 939 4207 peccatoribus
967 4127 1291 4207 deputandi
1349 4135 1610 4207 erantex
1665 4147 1864 4207 eorum
1907 4125 2083 4207 sensu
2195 4150 2334 4189 usos
2360 4147 2535 4207 esse,
2577 4148 2702 4202 qum
2754 4132 2811 4186 in
2863 4131 3282 4207 sacriﬁciorum
3331 4128 3847 4207 administratione

441 4198 793 4269 (sterilisque
861 4198 1095 4268 ignibus
1163 4200 1462 4265 exurendi,
1530 4202 1762 4256 tametsi
1830 4205 1901 4257 de
1961 4204 2084 4258 suis
2197 4204 2507 4259 mundiora
2536 4198 2766 4258 tantum
2794 4209 3072 4258 essentac
3093 4201 3515 4269 nitidiora;sic
3536 4201 3688 4256 enim
3708 4216 3849 4255 can-

440 4267 660 4353 divitiis
694 4267 1448 4353 elecmosynas'erogarent,
1481 4277 1538 4325 et
1567 4281 1848 4353 przec'epta
1887 4275 2088 4330 omnia
2194 4275 2381 4353 didam
2409 4281 2608 4353 vestem
2638 4275 3122 4353 interpretantur._
3147 4275 3353 4353 confer
3380 4267 3510 4353 quae
3529 4272 3682 4327 idem
3704 4270 3849 4353 Hie.

441 4344 640 4414 sancte
671 4340 1052 4414 custodirent.
1079 4340 1426 4410 Hujusmodi
1462 4340 1678 4411 paznias
1701 4340 2086 4414 Hieronymus
2195 4363 2324 4411 ron,
2357 4345 2610 4400 habetin
2633 4340 3084 4400 Commentariis
3110 4347 3168 4400 in
3192 4340 3470 4401 Ezechiel.
3498 4361 3546 4399 c.
3568 4360 3714 4398 xuv.
3751 4345 3848 4410 17,

443 4414 560 4488 toto
593 4410 700 4464 hoc
734 4410 984 4488 capitulo
1018 4413 1351 4488 impugnat,
1389 4410 1758 4484 ostenditque
1797 4431 1864 4469 ex
1904 4410 2088 4472 haere-
2196 4423 2254 4472 et
2283 4410 2407 4488 quae
2441 4416 2924 4488 ibidadnotamus.
2958 4417 3101 4472 Hinc
3133 4423 3286 4472 certe
3336 4418 3557 4471 factum
3588 4415 3844 4482 videtur,

440 4481 698 4579 ticoruml
725 4482 889 4579 s‘equi
926 4481 1236 4579 sententia,
1267 4487 1363 4579 kut
1413 4499 1584 4579 nemo
1634 4481 2086 4579 unquamaete‘r-
2125 4515 2170 4579 Ι)
2202 4494 2268 4543 ut
2296 4481 2486 4543 vestes
2517 4486 2626 4541 illa:
2659 4487 2962 4579 nitidiores
2992 4495 3166 4560 atque
3196 4487 3447 4579 optime,
3480 4488 3621 4542 dum
3651 4488 3854 4579 rarius

443 4566 578 4632 nam
615 4550 872 4632 salutem
899 4558 1000 4606 aut
1028 4558 1199 4632 antea
1229 4552 1566 4632 obtinuerit,
1613 4550 2090 4632 aut-possitwob-
2125 4550 2170 4579 υ
2202 4564 2585 4632 usurpentur,
2629 4563 2701 4632 et
2734 4550 3145 4615 custodiuntur
3170 4550 3537 4632 (studiosius,
3560 4557 3858 4632 paulatim

442 4623 626 4702 tin‘ere
661 4623 716 4676 in
753 4627 1072 4702 posterum.
1101 4623 1334 4702 Clarum
1369 4625 1509 4680 adeo
1541 4632 1629 4702 est
1657 4623 2087 4702 dog—levioribus
2194 4623 2482 4687 evaserint
2512 4629 2861 4702 singulares,
2910 4647 3044 4686 cum
3091 4631 3341 4686 subinde
3363 4623 3696 4702 communis
3711 4645 3858 4685 ves-

442 4692 640 4783 culpi‘s.
663 4709 796 4775 eum
830 4692 1011 4783 loqui,
1040 4695 1340 4783 in‘quibus
1374 4701 1691 4783 praeventos
1723 4699 2086 4783 (_}bri_stianos
2195 4703 2342 4783 tium
2366 4701 2558 4783 forma
2579 4692 2915 4783 mutantur,
2946 4702 3144 4783 sicque
3168 4701 3276 4783 illa:
3300 4701 3860 4783 sacriﬁciorumed-

442 4765 697 4848 haeretici
769 4771 1048 4848 perpetuo
1100 4765 1465 4848 damnandos
1508 4767 1894 4848 blaterabant,
1963 4775 2088 4848 ipse
2197 4773 2610 4848 ministrationi
2662 4765 2968 4846 assignatas
3017 4765 3154 4848 sint.
3205 4774 3489 4848 caeterum
3530 4771 3860 4848 notissima

442 4836 760 4920 salvand‘os
779 4836 1550 4920 postpu'rgat‘ionishpmnam
1575 4842 1858 4920 catholico
1881 4836 2084 4920 sensit.
2197 4851 2289 4920 est
2317 4836 2816 4920 leestinipapai'
2835 4845 3123 4920 sententia
3149 4861 3161 4899 :
3200 4867 3228 4894 ‹‹
3258 4843 3633 4900 Discernendi
3664 4860 3698 4898 a
3729 4843 3861 4915 ple-

444 4909 507 4991 In
539 4908 841 4991 ﬁnehaud
876 4908 1200 4991 dissimulo.
1221 4926 1256 4990 a
1375 4912 1704 4991 Augustino
1731 4915 1836 4991 lib.
1870 4917 1935 4970 de
1961 4917 2090 4991 fide
2200 4916 2410 4991 be,‘vel
2439 4908 2662 4991 caeteris
2694 4908 2901 4991 sumus
2932 4917 3212 4991 doctrina,
3247 4932 3360 4991 non
3383 4919 3538 4970 veste
3564 4933 3578 4983 ;
3604 4908 3855 4991 conver-

441 4981 813 5060 etloperipus;
847 4985 902 5036 et
932 4981 990 5035 in
1025 4981 1360 5060 Enchir‘idio
1417 4981 1495 5038 dew
1511 4983 1660 5049 Fide,
1721 4985 1822 5060 Spe
1869 4991 1918 5040 et
1951 4987 2088 5041 Cha-
2200 4981 2444 5053 satione,
2474 4988 2828 5060 nonghabitu
2857 5005 2868 5055 ;
2905 4989 3117 5043 mentis
3149 4981 3419 5060 puritate,
3454 4981 3571 5042 non
3599 4984 3790 5043 cultu.
3816 5009 3849 5041 ι

443 5051 629 5132 ritate,
664 5051 1078 5132 deditauopera
1127 5057 1476 5132 sententam,
1522 5071 1698 5132 quam
1741 5051 2089 5132 Hieronymo
2201 5061 2382 5132 Epist.
2419 5051 2490 5114 ad
2525 5051 2894 5132 episc._Vien.

445 5119 761 5206 adversarii
798 5119 1086 5204 tribuunt,
1138 5125 1468 5206 impugnari
1498 5143 1510 5190 ;
1540 5119 1660 5206 'sed
1713 5119 2088 5206 quando'au-
2249 5119 2292 5206 έ³
2320 5135 2503 5186 Antea
2531 5119 2655 5206 erat
2682 5129 2916 5198 dixeris,
2949 5134 3004 5186 et
3033 5146 3165 5185 mox
3190 5129 3423 5185 videaris
3483 5145 3583 5200 pro
3622 5127 3863 5186 videre-

444 5193 623 5281 storis
653 5209 888 5281 nlomen,
920 5195 979 5250 in
1015 5213 1188 5279 quem
1220 5193 1506 5280 velitetur,
1530 5193 1839 5281 episcopus
1871 5199 2090 5281 Hippo-
2202 5205 2286 5281 ris.
2310 5201 2694 5281 renuentibus
2728 5217 2869 5281 mss.

445 5267 652 5342 nensis
679 5267 852 5342 tacet,
875 5281 1004 5342 non,
1029 5267 1142 5322 nisi
1174 5268 1455 5338 injuriose
1487 5267 1692 5339 opinor
1729 5267 1897 5326 hanc
1939 5267 2092 5327 irivi-
2272 5275 2294 5307 ‘
2351 5274 2510 5328 Unus
2562 5271 2746 5326 Vatic.
2807 5274 3034 5327 Excocto
3102 5273 3308 5342 frigore
3363 5271 3494 5336 odii,
3553 5271 3869 5330 charitati:

445 5329 604 5410 diem
639 5331 696 5385 in
759 5333 819 5415 S._
875 5335 1174 5415 D‘ooctorem
1221 5329 1738 5415 nostrum,'quem
1777 5341 2093 5399 orthodoxe
2204 5345 2464 5400 inimicus
2495 5357 2608 5396 esse
2637 5343 2881 5398 desistat.
2935 5329 3282 5415 Alius'ha'ud
3341 5329 3493 5398 satis
3515 5342 3682 5399 bene.
3728 5329 3872 5402 0dii

445 5405 707 5487 sensisse
725 5405 1128 5487 ostendimus,
1161 5426 1332 5487 posse
1363 5405 1638 5487 converti.
1722 5483 1758 5487 υ
1997 5483 2008 5487 _
2204 5418 2330 5487 igne
2357 5419 2590 5487 excocto,
2624 5415 2866 5487 frigore
2921 5414 3232 5481 chariiatis,
3293 5416 3572 5487 inimicus,
3623 5418 3739 5472 etc.
3775 5415 3872 5476 De

519 5473 535 5506 ί
565 5473 984 5565 γρυοιγαῐὶοᾳγη
1020 5473 1307 5565 mss.'si1b
1365 5481 1762 5565 interrogandi
1815 5490 1953 5542 nota
1993 5483 2094 5560 ἰμ-
2205 5473 2588 5565 βῇὺεῳᾳιίθηῖᾓ
2623 5473 2837 5565 Ρθιξεὶἱ
2869 5473 3264 5561 propositione
3294 5485 3480 5546 recole
3511 5473 3570 5545 Si
3591 5473 3876 5565 August;

450 5543 856 5624 φαςιξῳτέρως,
883 5562 1019 5603 num
1042 5552 1319 5624 praecipit,
1341 5557 1459 5624 etc.
1587 5543 1631 5624 vi
2025 5543 2034 5560 ’

1148 5552 1319 5624 eripit,
1341 5557 1459 5624 etc.
1587 5543 1631 5624 νγ
2025 5543 2034 5560 ’
2205 5559 2308 5614 lib.
2341 5543 2605 5614 de'Gestis
2638 5575 2688 5614 c.
2720 5543 2771 5616 5:

461 5603 474 5640 ⁸
519 5618 540 5658 ²
573 5603 1006 5696 Ηὶηοάιιέιιυηι
1035 5603 1882 5700 eruditi,volirn'primisEccles
1997 5647 2026 5690 ε
2073 5663 2096 5680 -
