4110 6162
234 184 347 252 589

1086 180 1480 255 DIALOGUS
1526 190 1842 254 CONTRA
1885 178 2398 252 PELAGIANOS.
2432 216 2510 236 --
2542 184 2693 253 LIB.
2737 184 2786 253 l.

3517 194 3641 261 550

224 322 730 395 appropinquavit
759 324 916 380 enim
950 341 1195 397 regnum
1225 326 1501 382 caelorum
1542 326 1749 394 (Matth.
1804 342 1877 391 ιν,
1912 325 1965 390 Α
1999 340 2068 377 ne
2101 325 2246 378 forte
2280 323 2337 377 in
2370 340 2539 396 opere
2605 329 2661 380 te
2717 324 2931 396 aliquis
2985 324 3200 383 dixisse
3253 328 3635 401 existimaret,

224 412 342 481 47).
377 433 407 462 ››
442 412 515 467 Et
564 412 781 468 iterum
827 430 838 467 :
878 414 1249 470 «.Circuibat
1295 415 1468 471 Jesus
1522 414 1783 470 civitates
1832 418 1888 469 et

212 501 407 567 vicos,
440 502 666 557 docens
698 502 755 557 in
784 504 1095 575 synagogis
1134 505 1254 571 (ΛΖ.
1297 505 1613 576 synagoga)
1661 520 1885 570 eorum,

223 596 283 646 et
312 590 649 661 praedicans
681 607 932 664 regnum
964 592 1062 647 Dei
1098 591 1306 663 (Matth.
1343 609 1420 660 IX,
1449 593 1560 663 35).
1597 614 1625 640 »
1658 596 1727 647 Et
1754 609 1888 663 apo-

222 678 402 735 stolis
434 678 701 752 praecipit
735 697 748 734 :
785 702 812 728 ‹‹
848 680 929 735 Ite
960 684 1016 735 et
1048 681 1378 752 praedicate,
1414 681 1697 747 dicentes,
1744 697 1887 752 quo-

226 768 400 823 niam
454 767 906 841 appopinquavit
954 783 1198 840 regnum
1248 768 1526 825 ccelorum
1574 768 1786 838 (Matth.
1830 786 1887 833 ι.

236 857 325 926 '7).
368 880 396 904 ››
424 857 508 911 Tu
533 860 720 911 autem
754 855 887 912 illos
921 856 1272 913 Manichaeos
1301 873 1494 925 vocas,
1530 856 1667 928 quia
1700 856 1838 928 Legi
1868 858 1882 889 ¹

240 944 615 1017 Evangelium
650 945 1045 1016 praeferentes,
1084 946 1141 1001 in
1176 945 1277 1001 illa
1324 947 1615 1014 umbram,
1668 945 1727 1000 in
1781 946 1889 1000 hoc

240 1034 539 1088 veritatem
616 1049 745 1089 esse
803 1034 1091 1101 dicamus,
1140 1039 1196 1090 et
1244 1051 1358 1090 non
1405 1033 1687 1107 intelligis
1739 1035 1886 1091 729

230 1120 544 1176 stultitim
578 1126 744 1177 tuam
777 1121 1155 1194 impudentiae
1186 1123 1729 1195 copulatam.Aliud
1762 1139 1891 1178 esse

234 1210 342 1281 (At.
376 1212 492 1279 est)
528 1210 815 1267 damnare
844 1211 1055 1284 legem,
1088 1213 1244 1283 quod
1300 1212 1661 1268 Manichacus
1712 1211 1884 1267 facit:

227 1298 385 1354 aliud
420 1298 538 1371 legi
566 1299 840 1372 praeferre
873 1299 1276 1373 Evangelium,
1298 1318 1424 1372 quae
1449 1300 1765 1373 apostolica
1796 1301 1891 1356 do-

220 1388 419 1442 ctrina
451 1392 566 1443 est.
608 1376 671 1442 In
705 1386 809 1442 illa
839 1389 993 1444 enim
1027 1390 1197 1459 servi,
1229 1390 1287 1444 in
1318 1389 1427 1445 hoc
1479 1406 1737 1462 praesens
1780 1390 1890 1444 Do-

227 1478 429 1532 minus
461 1476 734 1548 loquitur
767 1495 780 1543 ;
816 1477 891 1532 ibi
924 1478 1420 1549 promittitur,hic
1451 1478 1726 1550 impletur
1767 1497 1779 1547 ;
1808 1478 1887 1534 ibi

230 1565 418 1630 initia,
452 1565 553 1620 hic
576 1565 854 1637 perfectio
878 1571 966 1621 est
993 1584 1004 1621 :
1035 1566 1093 1621 in
1121 1565 1221 1622 illa
1241 1583 1483 1639 operum
1508 1567 1892 1623 fundamenta

223 1653 551 1722 jaciuntur,
606 1652 703 1707 hic
752 1654 885 1709 fidei
932 1659 989 1709 et
1036 1656 1235 1727 gratiae
1283 1655 1513 1710 culmen
1562 1656 1886 1727 inponitur.
1923 1694 1969 1758 Β

234 1742 349 1797 Hoc
394 1742 737 1813 posuimus,
797 1748 862 1797 ut
919 1743 1135 1816 egregii
1196 1744 1567 1816 praeceptoris
1626 1745 1893 1800 doctrina

238 1835 691 1886 monstraretur.

307 1920 403 1974 32.
465 1922 817 1991 Praecipuum
875 1921 1221 1991 Pelagiorum
1299 1922 1629 1975 sententiam
1709 1923 1890 1993 impu-

244 2015 405 2075 gnat.
434 2038 504 2047 —
532 2008 895 2064 Centesimus
927 2008 1136 2064 titulus
1167 2013 1274 2073 est,
1308 2032 1336 2059 ‹‹
1370 2014 1547 2064 Posse
1591 2009 1889 2065 hominem

232 2096 386 2151 sine
418 2104 648 2167 peccato
672 2113 824 2165 esse,
857 2100 914 2152 et
944 2097 1043 2152 Dei
1074 2098 1348 2153 mandata
1380 2098 1544 2152 facile
1575 2099 1891 2167 custodire,

240 2186 317 2239 sit
356 2184 519 2255 velit,
556 2208 581 2233 »
614 2186 681 2241 de
715 2203 832 2257 quo
864 2186 1094 2241 abunde
1118 2187 1335 2241 dictum
1386 2192 1492 2242 est.
1518 2186 1776 2259 Cumque
1830 2205 1892 2244 se

234 2274 624 2341 imitatorem,
655 2274 773 2330 imo
805 2275 1158 2346 expletorem
1191 2276 1382 2347 operis
1414 2276 1566 2331 beati
1618 2278 1892 2349 martyris

233 2363 537 2434 Cypriani,
572 2363 885 2419 scribentis
916 2365 988 2419 ad
1022 2363 1331 2429 Quirinum
1379 2364 1530 2436 (mss.
1582 2364 1888 2437 Cirinum),

233 2468 360 2507 esse
390 2452 672 2520 fateatur,
708 2470 820 2507 non
853 2452 1129 2524 intelligit
1163 2470 1224 2509 se
1256 2453 1314 2509 in
1347 2454 1552 2508 eodem
1585 2470 1754 2525 opere
1803 2454 1892 2509 di-

230 2540 380 2596 xisse
413 2540 740 2595 contraria.
776 2539 881 2596 Ille
904 2540 962 2596 in
982 2541 1470 2614 quinquagesimo
1494 2546 1700 2615 quarto
1723 2541 1892 2597 titulo

232 2630 383 2684 tertii
418 2628 583 2694 libri,
618 2628 784 2701 ponit
814 2628 1109 2684 neminem
1142 2631 1268 2686 sine
1298 2632 1471 2687 sorde
1519 2636 1574 2686 et
1603 2631 1730 2686 sine
1761 2648 1890 2703 pec-

235 2727 359 2774 cato
386 2735 525 2775 esse
556 2719 601 2783 ’,
636 2717 1171 2790 statimquejungit
1200 2720 1557 2787 testimonia,
1584 2720 1645 2775 in
1677 2720 1893 2791 quibus

236 2808 528 2880 scriptum
560 2810 652 2862 est
682 2808 838 2878 apud
870 2807 982 2863 Job
1013 2825 1032 2862 :
1068 2831 1095 2857 «
1141 2808 1281 2874 Quis
1332 2808 1489 2863 enim
1550 2810 1807 2863 mundus
1861 2826 1895 2864 a

237 2897 513 2951 sordibus
546 2895 575 2949 ?
609 2895 797 2951 necsi
830 2895 1005 2952 unius
1034 2896 1215 2952 etiam
1276 2897 1387 2952 diei
1421 2897 1497 2952 sit
1530 2897 1646 2953 vita
1676 2899 1805 2968 ejus
1835 2898 1893 2953 in

235 2992 385 3040 terra
414 2985 560 3055 (Job.
596 3002 717 3054 xxv,
750 2986 828 3053 4).
866 3008 893 3034 ››
927 2986 994 3041 Et
1022 2986 1079 3040 in
1112 2984 1341 3057 psalmo
1393 2987 1844 3058 quiquagesimo
1878 3003 1891 3042 :

1998 413 2261 468 annectis
2295 429 2307 467 :
2347 413 2561 469 Malum
2592 430 2699 469 nec
2730 414 3105 487 cogitandum
3135 418 3156 450 ⁸
3189 416 3292 487 (tit.
3350 436 3511 485 cxxx,
3578 422 3635 476 at

1996 503 2209 573 cxxxn),
2244 525 2271 552 ‹‹
2304 518 2490 573 neque
2521 502 2681 558 illius
2712 504 3011 559 sententiae
3057 507 3382 563 recordaris
3414 526 3427 563 :
3463 532 3489 559 «
3523 511 3636 565 De-

1996 590 2132 644 licta
2162 590 2295 662 quis
2330 589 2600 662 intelligit
2628 591 2655 645 ?
2685 593 2757 647 ab
2789 592 3034 648 occultis
3066 594 3213 649 meis
3239 597 3394 651 730
3417 599 3637 654 munda

1999 695 2112 744 me,
2148 678 2410 745 Domine,
2443 683 2498 733 et
2518 680 2587 734 ab
2622 680 2827 735 alienis
2860 698 3030 753 parce
3089 699 3251 737 servo
3309 689 3407 739 tuo
3465 687 3633 757 (Psat.

1996 784 2134 823 xvm
2170 767 2257 837 43)
2296 785 2307 833 ;
2346 790 2371 814 υ
2407 784 2537 822 cum
2570 768 2826 823 Ecclesia
2858 769 3033 825 etiam
3066 786 3133 825 ea
3165 788 3291 842 quae
3334 789 3436 843 per
3478 775 3639 845 igno-

1998 857 2249 910 rantiam
2274 855 2757 927 delinquimus,et
2780 857 2903 912 sola
2924 858 3276 930 cogitatione
3307 877 3638 931 peccamus,

1998 943 2211 999 delicta
2240 961 2367 999 esse
2399 945 2649 999 fateatur
2680 970 2694 1011 ;
2726 946 2786 1001 in
2818 952 3071 1011 tantum,
3127 957 3191 1003 ut
3248 949 3471 1005 hostias
3540 967 3641 1021 pro

1997 1049 2191 1088 errore
2212 1033 2420 1103 jubeat
2451 1033 2664 1099 offerri,
2695 1038 2751 1089 et
2781 1036 3035 1104 pontifex
3096 1036 3196 1105 qui
3258 1054 3361 1108 pro
3464 1043 3641 1093 cunto

2000 1121 2213 1193 pOpulo
2244 1122 2609 1193 deprecatur,
2643 1127 2775 1177 ante
2826 1139 2929 1193 pro
2988 1141 3049 1178 se
3107 1125 3309 1180 offerat
3368 1127 3635 1183 victimas

2000 1210 2180 1279 (Hebr,
2204 1228 2306 1279 vn,
2333 1212 2445 1281 26),
2483 1210 2581 1282 qui
2610 1217 2761 1266 certe
2784 1229 3108 1283 numquam
3134 1229 3235 1284 pro
3259 1213 3390 1269 aliis
3408 1216 3645 1286 jubere-

2000 1304 2097 1353 tur
2124 1300 2349 1367 offerre,
2385 1299 2496 1354 nisi
2521 1300 2722 1369 justus
2752 1302 2877 1371 ipse
2906 1308 3080 1369 esset,
3114 1318 3219 1357 nec
3249 1320 3485 1358 rursum
3538 1320 3641 1375 pro

2000 1405 2061 1443 se
2093 1388 2343 1443 offerret.
2379 1388 2425 1443 si
2458 1394 2691 1460 peccato
2738 1393 2955 1444 careret
3001 1390 3359 1462 ignorantize.
3414 1392 3644 1448 Scilicet

2000 1494 2156 1532 nunc
2184 1477 2328 1531 mihi
2394 1477 2687 1533 latissima
2744 1478 3177 1550 Scripturarum
3236 1482 3424 1551 spatia
3479 1499 3643 1553 pera-

2000 1566 2225 1637 granda
2253 1567 2274 1600 ⁸
2306 1572 2444 1620 runt
2478 1610 2489 1620 .
2526 1571 2591 1621 ut
2621 1568 2856 1624 doceam
2890 1584 3145 1623 errorem
3176 1571 3642 1643 etignorantiam

1999 1671 2128 1709 esse
2156 1660 2480 1725 peccatum.

2072 1741 2159 1794 33.
2194 1743 2321 1795 Esse
2346 1751 2570 1812 peccata
2616 1745 2959 1812 ignorantia.
3018 1776 3087 1784 —
3147 1745 3202 1799 C.
3265 1745 3514 1801 Obsecro
3567 1750 3645 1814 te,

2002 1844 2195 1884 nonne
2224 1829 2435 1902 legisti.
2472 1854 2498 1879 ‹‹
2533 1831 2641 1895 Qui
2683 1833 2893 1887 viderit
2952 1832 3257 1889 mulierem
3310 1834 3383 1890 ad
3431 1852 3644 1891 concu-

2003 1916 2344 1986 piscendum
2376 1934 2526 1981 eam,
2554 1922 2680 1989 jam
2713 1920 3039 1976 mcechatus
3070 1927 3158 1978 est
3205 1940 3332 1978 eam
3380 1923 3441 1978 in
3475 1924 3651 1979 corde

2003 2022 2108 2062 suo
2137 2006 2341 2076 (Matth.
2376 2024 2429 2075 v,
2453 2009 2541 2078 28)
2572 2007 2600 2061 ‘?
2636 2031 2661 2056 η
2689 2009 2814 2063 Non
2874 2026 3010 2081 ergo
3070 2010 3231 2066 solus
3285 2016 3559 2084 aspectus
3589 2017 3647 2067 et

2002 2094 2288 2149 incentiva
2319 2096 2589 2150 vitiorum
2624 2100 2970 2168 reputantur
2990 2098 3049 2152 in
3083 2103 3383 2169 peccatum
3414 2118 3435 2160 ;
3467 2102 3650 2156 sedes.

2002 2182 2217 2253 quibus
2248 2184 2630 2238 attribuimus
2662 2188 3114 2241 assensum.Aut
3135 2187 3292 2241 enim
3312 2188 3492 2243 vitare
3520 2206 3649 2260 pos-

2002 2287 2209 2326 sumus
2241 2271 2455 2327 malam
2485 2272 2915 2344 cogitatidnem,
2951 2279 3007 2329 et
3051 2281 3474 2346 consequenter
3514 2294 3646 2347 pos-

2003 2377 2210 2415 sumus
2242 2377 2438 2416 carere
2470 2367 2705 2432 peccato
2740 2380 2752 2428 ;
2786 2369 2891 2418 aut
2911 2363 2959 2418 si
2986 2363 3165 2418 vitare
3190 2380 3303 2418 non
3330 2382 3646 2435 possumus

2004 2466 2118 2503 non
2150 2455 2454 2520 reputatur
2484 2451 2541 2505 in
2575 2458 2877 2522 peccatum
2909 2453 2948 2518 7,
2989 2452 3144 2523 quod
3176 2453 3362 2507 caveri
3396 2470 3508 2508 non
3548 2469 3647 2525 po-

2006 2542 2136 2593 test.
2170 2541 2230 2603 A,
2262 2539 2477 2594 Callide
2508 2540 2745 2611 quidem
2776 2542 3229 2612 argumentaris,
3264 2543 3363 2597 sed
3410 2559 3524 2598 non
3559 2542 3648 2596 in-

2003 2626 2214 2699 telligis
2246 2628 2813 2700 argumentationem
2845 2634 3006 2685 tuam
3035 2636 3237 2686 contra
3264 2648 3461 2686 sacras
3495 2631 3646 2686 Scri-

2005 2721 2206 2787 pturas
2248 2718 2433 2772 facere
2465 2717 2684 2773 Volunt
2714 2719 2869 2773 enim
2920 2717 3153 2790 eloquia
3210 2720 3646 2791 Scripturarum

2004 2805 2180 2859 etiam
2215 2806 2607 2878 ignorantiam
2640 2807 2856 2863 habere
2886 2813 3190 2878 peccatum
3226 2826 3237 2863 :
3272 2809 3426 2863 unde
3452 2816 3508 2863 et
3534 2809 3645 2864 Job

2004 2894 2141 2965 (cap.
2182 2893 2219 2963 ι)
2251 2896 2418 2950 offert
2444 2895 2667 2951 hostias
2700 2912 2837 2967 pros
2887 2896 3023 2951 ﬁliis
3058 2895 3203 2962 suis,
3250 2913 3323 2952 ne
3374 2898 3519 2951 forte
3551 2914 3653 2968 per

2006 2982 2396 3054 ignorantiam
2433 2984 2491 3039 in
2524 2982 2873 3055 cogitatione
2892 2985 3350 3056 peccaverint.Et
3371 2986 3470 3056 qui
3495 2985 3653 3057 iigna

239 3095 264 3123 ι
296 3075 435 3131 Ecce
466 3074 527 3129 in
561 3074 980 3145 iniquitatibus
1012 3080 1327 3146 conceptus
1360 3081 1585 3139 sum,et
1614 3076 1891 3148 in’pecca-
1923 3068 1963 3129 C
2003 3072 2194 3137 caedit,
2224 3073 2271 3127 si
2304 3073 2490 3128 securi
2532 3090 2597 3128 ac
2629 3074 2779 3128 ferro
2815 3073 3070 3145 fugiente
3115 3074 3186 3129 de
3237 3073 3417 3146 ligno,
3476 3075 3647 3129 homo

240 3163 311 3217 tis
343 3162 621 3235 concepit
648 3163 670 3196 ⁸
703 3178 796 3217 me
828 3168 1014 3218 mater
1042 3179 1174 3219 mea
1222 3163 1395 3234 (Psal.
1440 3181 1477 3220 ι.
1510 3166 1586 3231 6).
1636 3184 1661 3214 η
1724 3166 1792 3219 Et
1839 3164 1898 3220 in

248 3252 509 3324 Epistola
538 3252 789 3307 Joannis
824 3268 836 3306 :
877 3274 903 3301 ‹‹
936 3252 993 3307 Si
1025 3252 1349 3308 dixerimus
1405 3252 1544 3325 quia
1595 3259 1898 3326 peccatum

243 3358 357 3398 non
392 3341 706 3409 habemus,
739 3342 1134 3413 nosmetipsos
1156 3342 1577 3414 decipimus,et
1608 3344 1898 3400 veritasin

246 3430 420 3484 nobis
446 3447 566 3484 non
598 3435 683 3485 est
713 3432 755 3501 (Ι
784 3432 942 3486 Joan.
980 3447 1018 3496 ι,
1048 3433 1126 3501 8).
1166 3454 1191 3479 ››
1223 3433 1307 3487 Tu
1338 3448 1367 3486 e
1398 3432 1625 3487 diverso
1660 3432 1896 3499 asseris,

264 3542 291 3567 ιι
328 3517 509 3572 Posse
538 3518 827 3574 hominem
862 3521 989 3576 sine
1024 3525 1257 3592 peccato
1298 3537 1427 3577 esse
1463 3539 1476 3589 ;
1513 3544 1541 3570 »
1574 3526 1630 3575 et
1678 3526 1743 3575 ut
1790 3522 1900 3577 hoc

258 3622 461 3661 verum
498 3605 710 3662 dixisse
732 3608 1005 3675 videaris,
1038 3611 1237 3665 statim
1280 3610 1604 3682 adjungis.,
1640 3633 1665 3659 ‹‹
1700 3611 1769 3664 Et
1799 3610 1899 3666 Dei

253 3695 533 3751 mandata
564 3696 727 3751 facile
756 3697 1071 3768 custodire,
1104 3699 1149 3753 si
1180 3698 1334 3766 velit,
1370 3721 1397 3749 »
1421 3716 1547 3770 qua:
1580 3703 1680 3755 aut
1710 3716 1901 3766 rarus,

255 3790 355 3840 aut
387 3784 592 3840 nullus
624 3785 903 3857 implevit.
937 3786 996 3842 Si
1028 3788 1183 3843 enim
1217 3787 1410 3843 facilia
1437 3792 1596 3855 sunt,
1629 3788 1841 3843 debent
1870 3805 1904 3843 a

251 3874 518 3946 pluribus
550 3874 857 3930 custodiri.
892 3876 993 3930 Sin
1024 3880 1316 3942 autem,ut
1347 3878 1737 3933 concedamus
1770 3876 1899 3944 tibi,

250 3981 417 4019 rarus
444 3964 766 4035 quisquam
800 3980 867 4018 ea
892 3965 1133 4034 implere
1165 3970 1376 4037 potest,
1402 3966 1780 4021 manifestum
1814 3972 1903 4022 est

247 4068 381 4107 esse
411 4053 653 4108 difficile
687 4053 842 4123 quod
868 4070 1063 4108 rarum
1096 4057 1396 4127 est.Atque
1428 4059 1491 4110 ut
1520 4054 1629 4110 hoc
1662 4072 1899 4127 augeas,

250 4149 307 4197 et
351 4142 827 4215 magnitudinem
860 4148 975 4197 tuae
1030 4142 1262 4199 virtutis
1300 4136 1756 4216 ostendas,quod
1790 4144 1901 4200 sci-

241 4230 379 4285 licet
399 4232 469 4286 de
502 4232 660 4287 bono
694 4230 1057 4286 conscientiae
1088 4232 1360 4289 thesauro
1393 4238 1653 4290 eructare
1701 4234 1900 4289 creda-

242 4320 326 4374 ris
362 4322 401 4385 ‘,
436 4320 613 4393 ponis
647 4319 706 4373 in
766 4318 936 4375 titulo
973 4337 983 4374 :
1021 4344 1046 4370 ‹‹
1083 4321 1162 4376 Ne
1221 4320 1423 4377 leviter
1479 4321 1715 4394 quidem
1774 4339 1902 4378 esse

2008 3162 2185 3217 fuerit
2206 3162 2456 3227 occisus,
2491 3179 2725 3234 pergere
2748 3162 2991 3233 jubetur
3022 3162 3092 3217 ad
3139 3163 3343 3218 urbem
3379 3162 3647 3235 fugitivo-

2009 3267 2137 3304 rum
2170 3256 2227 3305 et
2255 3251 2462 3305 tandiu
2492 3251 2570 3305 ibi
2615 3268 2766 3318 esse,
2825 3252 3088 3322 quandiu
3148 3253 3418 3308 sacerdos
3466 3251 3648 3306 maxi-

2010 3356 2142 3394 mus
2178 3339 2461 3394 moriatur
2492 3339 2670 3411 (Deut.
2705 3356 2822 3408 xm,
2849 3341 2901 3407 ἥ,
2953 3340 3031 3411 5),
3062 3339 3121 3394 id
3168 3344 3276 3407 est,
3330 3340 3652 3395 redimatur

2010 3428 2296 3499 sanguine
2327 3427 2664 3497 Salvatoris,
2693 3432 2794 3482 aut
2826 3428 2883 3481 in
2913 3428 3087 3482 domo
3120 3427 3515 3499 baptismatis,
3555 3433 3654 3484 aut

2011 3517 2066 3570 in
2104 3516 2461 3588 poenitentia,
2498 3533 2624 3587 quae
2658 3516 2921 3571 imitatur
2980 3516 3354 3587 baptismatis
3400 3516 3652 3585 gratiam

2012 3622 2113 3677 per
2159 3604 2513 3660 inelfabilem
2580 3604 2950 3659 clementiam
2994 3602 3329 3669 Salvatoris,
3384 3604 3480 3673 qui
3539 3619 3652 3658 non

2009 3694 2134 3750 vult
2163 3695 2351 3766 perire
2381 3710 2737 3765 quemquam
2776 3695 2819 3760 ⁸,
2852 3710 2956 3748 nec
2998 3693 3315 3748 delectatur
3365 3693 3654 3749 mortibus

2011 3788 2406 3856 peccatorum,
2438 3783 2541 3838 sed
2575 3788 2639 3838 ut
2669 3788 3082 3838 convertantur
3111 3787 3168 3837 et
3205 3780 3397 3836 vivant
3437 3782 3651 3853 (Et-ech.

2009 3891 2170 3940 xvm,
2203 3873 2314 3943 23).
2348 3876 2406 3928 C.
2444 3873 2600 3944 Rogo
2631 3890 2757 3943 quae
2789 3876 2877 3927 est
2908 3872 3019 3927 ista
3040 3872 3272 3942 justitia
3303 3876 3367 3925 ut
3414 3874 3470 3926 in
3522 3887 3652 3943 pec-

2012 3967 2138 4018 cato
2170 3968 2370 4018 tenear
2399 3962 2639 4028 erroris,
2671 3962 2843 4031 cujus
2875 3966 3099 4016 reatum
3136 3977 3251 4015 non
3303 3960 3479 4015 habet
3517 3977 3651 4015 con-

2011 4052 2300 4108 scientia?
2332 4052 2535 4108 Ncscio
2588 4068 2680 4105 me
2724 4066 2993 4123 peccasse
3048 4056 3105 4104 et
3153 4051 3281 4120 ejus
3339 4050 3415 4104 rei
3475 4065 3651 4120 quam

2012 4143 2232 4212 nescio,
2266 4158 2466 4214 poenas
2490 4138 2588 4195 luo
2618 4140 2645 4194 ?
2676 4141 2741 4194 Et
2771 4138 2910 4210 quid
2937 4137 3068 4210 plus
3102 4138 3332 4204 faciam,
3364 4136 3410 4191 si
3447 4140 3653 4207 sponte

2012 4248 2322 4304 peccavero
2354 4232 2381 4284 ‘2
2408 4233 2473 4284 A.
2510 4233 2552 4283 A
2585 4246 2676 4284 me
2707 4227 3005 4283 sententiae
3035 4230 3092 4281 et
3121 4225 3521 4297 dispositionis
3552 4225 3654 4280 Dei

2052 4322 2147 4377 Μ
2185 4337 2398 4376 causas
2433 4318 2687 4389 requiris
2718 4317 2745 4371 ?
2778 4316 3112 4388 Respondet
3140 4314 3331 4369 stultae
3362 4314 3656 4385 interroga

240 4410 617 4479 peccandum
647 4410 758 4479 (tit.
794 4410 1013 4477 cxxm).
1047 4432 1072 4459 ››
1104 4410 1174 4464 Et
1222 4409 1362 4481 quid
1410 4410 1486 4466 sit
1533 4411 1640 4467 hoc
1689 4412 1898 4476 leviter,
1932 4434 1979 4497 Β
2014 4410 2157 4465 tioni
2188 4414 2299 4464 tua:
2333 4409 2479 4463 liber
2509 4406 2813 4478 Sapientis:
2847 4423 2859 4461 :
2895 4428 2921 4455 «
2956 4405 3175 4459 Altiora
3204 4408 3259 4459 te
3286 4420 3357 4459 ne
3405 4402 3653 4475 quaesie-

318 4589 332 4620 ¹
369 4588 651 4643 Mendose
672 4604 852 4659 penes
886 4588 1311 4656 Martianaaum,
1345 4588 1608 4661 aliosque
1647 4607 1746 4645 cur
1777 4593 1903 4662 Legi

240 4664 367 4714 etc.

328 4729 350 4761 ²
378 4730 655 4804 Corrupte
687 4730 969 4785 hactenus
1002 4730 1332 4786 obtinuerat
1360 4733 1479 4787 sine
1505 4737 1720 4804 peccato
1750 4749 1903 4801 posse

236 4816 385 4856 esse.
415 4803 620 4858 contra
649 4819 827 4871 quam
859 4808 959 4858 aut
987 4803 1308 4874 Cyprianus
1340 4804 1595 4874 scripsit,
1628 4810 1728 4859 aut
1770 4805 1900 4858 Hie-

231 4890 526 4956 ronymus
558 4873 835 4956 intendit,
868 4878 970 4956 aut
1000 4873 1250 4956 denique
1280 4873 1595 4956 praeferunt
1625 4880 1900 4930 mss.tum

229 4945 464 5017 quibus
495 4962 608 5001 nos
642 4946 886 5012 utimur,
934 4950 1057 4999 tum
1088 4945 1474 5017 (Corbeiensis
1522 4962 1677 5017 unus
1727 4963 1901 5017 penes

229 5016 661 5072 ttenedictinos
694 5016 752 5072 S.
785 5016 1099 5088 Augustini
1131 5017 1401 5089 editores,
1436 5018 1491 5071 in
1526 5016 1741 5089 quibus
1781 5034 1900 5072 om-

232 5089 421 5143 nibus
452 5090 707 5143 verbum
742 5105 892 5143 Dosse
920 5105 1035 5143 non
1069 5088 1380 5143 invenitur.

316 5160 342 5193 ³
368 5160 430 5232 in
467 5160 707 5232 duobus
738 5160 1054 5232 Vaticanis,
1088 5162 1150 5215 1η
1177 5163 1413 5232 peccatis
1438 5162 1652 5232 peperit
1675 5165 1783 5214 etc.

302 5234 329 5313 ξ
365 5230 552 5313 ὶνρωε
582 5230 723 5313 edit.
758 5236 812 5285 et
838 5230 1039 5313 Regia.
1074 5230 1217 5312 ms.,
1247 5230 1771 5313 Eiu'ctiiIe—conaris.

300 5304 326 5337 ⁸
364 5302 459 5357 Sic
498 5319 613 5358 ms.
649 5307 824 5373 atque
853 5302 990 5358 editi
1024 5305 1264 5373 passim.
1300 5302 1402 5358 PP.
1438 5302 1798 5359 Benedictini
1839 5303 1899 5359 S.

219 5374 567 5446 Augustini
602 5374 875 5446 editores,
909 5375 1111 5429 illatum
1153 5391 1249 5431 nec
1291 5377 1527 5444 cogitari
1560 5392 1572 5431 :
1624 5392 1738 5432 non
1782 5374 1900 5446 dis-

218 5444 483 5521 pliceret
515 5444 565 5521 si
596 5445 960 5521 addidissent
988 5446 1231 5521 debere,
1259 5446 1390 5503 Vid.
1436 5447 1493 5505 S.
1540 5450 1788 5521 August.
1838 5445 1904 5505 de

218 5518 414 5583 Ceam
444 5518 691 5593 Pelagii,
725 5533 852 5593 cap.
885 5520 939 5591 4,
974 5533 1138 5593 num,
1173 5519 1260 5576 12.

2080 4586 2100 4619 δ
2129 4589 2437 4656 Perperam
2472 4583 2845 4656 Martianzeus
2868 4654 2876 4656 Α
2901 4581 3211 4656 peragenda
3258 4580 3654 4637 dissentienti-

2010 4657 2122 4711 bus
2155 4654 2296 4710 mss.
2331 4661 2505 4725 atque
2536 4655 2707 4709 editis
2738 4654 3233 4726 castigatioribus.

2081 4729 2100 4760 ⁷
2131 4726 2361 4781 Scilicet
2383 4718 2619 4795 formate
2647 4731 2713 4781 ut
2766 4718 2985 4796 aliquid
3049 4742 3078 4780 e
3129 4723 3463 4780 scholarum
3525 4718 3653 4796 pul-

2013 4815 2140 4854 vere
2172 4794 2536 4853 adducamus
2586 4799 2643 4851 in
2694 4794 2975 4866 medium,
3010 4814 3125 4850 non
3173 4796 3501 4866 materiate;
3538 4794 3655 4866 haec

2012 4871 2166 4925 enim
2200 4871 2323 4949 duo
2348 4868 2639 4949 Pelagiani
2680 4862 3035 4949 confunde'nre
3077 4866 3378 4949 amabant:
3433 4862 3656 4949 Similis

2012 4948 2099 4997 est
2131 4934 2596 5013 pervulgata'illa
2628 4938 2918 5013 sententia
2955 4940 3012 4992 S.
3060 4935 3373 5013 Augustini
3408 4953 3419 4989 :
3456 4960 3480 4983 α
3516 4934 3660 5013 Quis

2012 5007 2211 5085 peccat
2242 5014 2299 5066 in
2330 5007 2410 5085 eo
2432 5012 2585 5085 quod
2628 5011 2812 5065 caveri
2848 5027 2961 5085 non
3004 5007 3252 5085 potest
3283 5028 3308 5057 n
3344 5023 3519 5085 quam
3575 5007 3662 5064 ita.

2012 5079 2292 5140 adversus
2324 5079 2767 5155 Pelagianorum
2798 5080 3126 5155 calumnias
3158 5079 3509 5155 defendit,ut
3540 5094 3671 5155 non

2016 5150 2520 5228 proptereapnegEt
2567 5151 2655 5207 vel
2688 5150 2969 5228 originale
3000 5155 3323 5228 peccatum,
3356 5152 3508 5221 quod
3544 5150 3674 5205 uti—

2012 5223 2341 5304 que—caveri
2385 5223 2497 5304 non
2552 5223 2899 5304 potest,‘vel
2962 5223 3372 5304 necessitatem
3405 5227 3691 5304 ‘peccati

2014 5293 2358 5355 materialis.
2394 5297 2535 5352 Vide
2556 5293 2704 5367 opus
2736 5301 3054 5367 utrumque
3085 5301 3286 5351 contra
3325 5293 3639 5353 Julianum
3665 5348 3701 5366 η

2082 5313 2358 5355 aterians.
2402 5313 2587 5352 vnaeo
2636 5313 2704 5351 us
2736 5313 3054 5367 utrumque
3085 5313 3286 5351 contra
3325 5313 3639 5353 Juuanum
3665 5348 3701 5366 η

2082 5371 2101 5407 ⁸
2138 5370 2297 5427 Unus
2328 5368 2536 5436 Vatic.,
2572 5313 2677 5437 opai
2722 5384 2831 5426 non
2878 5367 2992 5424 vvli
3036 5367 3261 5441 perdere
3306 5381 3739 5465 quemquam‘

2012 5450 2120 5498 elc.
