  <div class='ocr_page' id='page_1' title='image "/cluster/home/n/w/nwhite01/storage/ocr_20150623/23/hvd.32044052772480/283.png"; bbox 0 0 4094 6166; ppageno 0'>
   <div class='ocr_carea' id='block_1_1' title="bbox 358 295 532 367">
    <p class='ocr_par' dir='ltr' id='par_1_1' title="bbox 358 295 532 367">
     <span class='ocr_line' id='line_1_1' title="bbox 358 295 532 367; baseline -0.017 0"><span class='ocrx_word' id='word_1_1' title='bbox 358 299 472 367; x_wconf 72' lang='grc'>551</span> <span class='ocrx_word' id='word_1_2' title='bbox 530 295 532 297; x_wconf 59' lang='grc'><em>’</em></span> 
     </span>
    </p>
   </div>
   <div class='ocr_carea' id='block_1_2' title="bbox 1559 293 2528 387">
    <p class='ocr_par' dir='ltr' id='par_1_2' title="bbox 1559 293 2528 387">
     <span class='ocr_line' id='line_1_2' title="bbox 1559 293 2528 387; baseline -0.001 -26"><span class='ocrx_word' id='word_1_3' title='bbox 1559 301 1671 387; x_wconf 40' lang='grc' dir='ltr'>ιεί</span> <span class='ocrx_word' id='word_1_4' title='bbox 1703 295 2018 363; x_wconf 72' lang='lat' dir='ltr'>unseen</span> <span class='ocrx_word' id='word_1_5' title='bbox 2059 293 2528 363; x_wconf 54' lang='lat' dir='ltr'>manorum.</span> 
     </span>
    </p>
   </div>
   <div class='ocr_carea' id='block_1_3' title="bbox 3639 285 3760 357">
    <p class='ocr_par' dir='ltr' id='par_1_3' title="bbox 3639 285 3760 357">
     <span class='ocr_line' id='line_1_3' title="bbox 3639 285 3760 357; baseline -0.017 0"><span class='ocrx_word' id='word_1_6' title='bbox 3639 285 3760 357; x_wconf 67' lang='lat'>559</span> 
     </span>
    </p>
   </div>
   <div class='ocr_carea' id='block_1_4' title="bbox 361 426 3758 503">
    <p class='ocr_par' dir='ltr' id='par_1_4' title="bbox 361 426 3758 503">
     <span class='ocr_line' id='line_1_4' title="bbox 361 426 3758 503; baseline -0.001 -16"><span class='ocrx_word' id='word_1_7' title='bbox 361 434 462 501; x_wconf 90' lang='lat' dir='ltr'>ris,</span> <span class='ocrx_word' id='word_1_8' title='bbox 494 435 551 487; x_wconf 92' lang='lat' dir='ltr'>et</span> <span class='ocrx_word' id='word_1_9' title='bbox 580 429 818 486; x_wconf 82' lang='lat' dir='ltr'>fortiora</span> <span class='ocrx_word' id='word_1_10' title='bbox 840 433 896 484; x_wconf 91' lang='lat' dir='ltr'>te</span> <span class='ocrx_word' id='word_1_11' title='bbox 942 445 1014 485; x_wconf 89' lang='lat' dir='ltr'>ne</span> <span class='ocrx_word' id='word_1_12' title='bbox 1071 433 1366 486; x_wconf 80' lang='lat' dir='ltr'>scrutatus</span> <span class='ocrx_word' id='word_1_13' title='bbox 1427 430 1604 486; x_wconf 90' lang='lat' dir='ltr'>fueris</span> <span class='ocrx_word' id='word_1_14' title='bbox 1663 433 1849 503; x_wconf 81' lang='lat' dir='ltr'>(Eccli.</span> <span class='ocrx_word' id='word_1_15' title='bbox 1915 447 2001 494; x_wconf 83' lang='lat' dir='ltr'>III,</span> <span class='ocrx_word' id='word_1_16' title='bbox 2035 431 2088 496; x_wconf 79' lang='grc' dir='ltr'><strong>Α</strong></span> <span class='ocrx_word' id='word_1_17' title='bbox 2118 430 2531 501; x_wconf 80' lang='lat' dir='ltr'>ignorantiam,</span> <span class='ocrx_word' id='word_1_18' title='bbox 2565 429 2768 486; x_wconf 85' lang='lat' dir='ltr'>exsilio</span> <span class='ocrx_word' id='word_1_19' title='bbox 2793 429 3236 486; x_wconf 79' lang='lat' dir='ltr'>condemnatur.</span> <span class='ocrx_word' id='word_1_20' title='bbox 3269 428 3333 483; x_wconf 90' lang='lat' dir='ltr'>In</span> <span class='ocrx_word' id='word_1_21' title='bbox 3364 426 3616 483; x_wconf 89' lang='lat' dir='ltr'>Levitico</span> <span class='ocrx_word' id='word_1_22' title='bbox 3663 427 3758 483; x_wconf 76' lang='lat' dir='ltr'>lex</span> 
     </span>
    </p>
   </div>
   <div class='ocr_carea' id='block_1_5' title="bbox 356 518 2006 593">
    <p class='ocr_par' dir='ltr' id='par_1_5' title="bbox 356 518 2006 593">
     <span class='ocr_line' id='line_1_5' title="bbox 356 518 2006 593; baseline -0.002 -17"><span class='ocrx_word' id='word_1_23' title='bbox 356 522 504 593; x_wconf 79' lang='lat'>22).»</span> <span class='ocrx_word' id='word_1_24' title='bbox 537 521 606 574; x_wconf 87' lang='lat' dir='ltr'>Et</span> <span class='ocrx_word' id='word_1_25' title='bbox 639 519 774 574; x_wconf 90' lang='lat' dir='ltr'>alibi</span> <span class='ocrx_word' id='word_1_26' title='bbox 811 535 824 574; x_wconf 95' lang='lat'>:</span> <span class='ocrx_word' id='word_1_27' title='bbox 861 541 888 568; x_wconf 88' lang='grc'>‹‹</span> <span class='ocrx_word' id='word_1_28' title='bbox 922 518 1050 574; x_wconf 91' lang='lat' dir='ltr'>Noli</span> <span class='ocrx_word' id='word_1_29' title='bbox 1083 535 1210 575; x_wconf 89' lang='lat' dir='ltr'>esse</span> <span class='ocrx_word' id='word_1_30' title='bbox 1241 521 1478 591; x_wconf 84' lang='lat' dir='ltr'>sapiens</span> <span class='ocrx_word' id='word_1_31' title='bbox 1511 520 1856 584; x_wconf 88' lang='lat' dir='ltr'>multum,et</span> <span class='ocrx_word' id='word_1_32' title='bbox 1887 519 2006 574; x_wconf 91' lang='lat' dir='ltr'>noli</span> 
     </span>
    </p>
   </div>
   <div class='ocr_carea' id='block_1_6' title="bbox 359 607 2006 682">
    <p class='ocr_par' dir='ltr' id='par_1_6' title="bbox 359 607 2006 682">
     <span class='ocr_line' id='line_1_6' title="bbox 359 607 2006 682; baseline -0.006 -16"><span class='ocrx_word' id='word_1_33' title='bbox 359 608 762 682; x_wconf 80' lang='lat' dir='ltr'>argumentari</span> <span class='ocrx_word' id='word_1_34' title='bbox 792 607 925 679; x_wconf 88' lang='lat' dir='ltr'>plus</span> <span class='ocrx_word' id='word_1_35' title='bbox 955 625 1129 679; x_wconf 88' lang='lat' dir='ltr'>quam</span> <span class='ocrx_word' id='word_1_36' title='bbox 1162 613 1427 679; x_wconf 81' lang='lat' dir='ltr'>oporteat</span> <span class='ocrx_word' id='word_1_37' title='bbox 1454 609 1646 678; x_wconf 78' lang='lat' dir='ltr'>(Eccle.</span> <span class='ocrx_word' id='word_1_38' title='bbox 1700 625 1800 670; x_wconf 84' lang='lat' dir='ltr'>vn,</span> <span class='ocrx_word' id='word_1_39' title='bbox 1838 609 1944 675; x_wconf 90' lang='grc'>17).</span> <span class='ocrx_word' id='word_1_40' title='bbox 1976 629 2006 655; x_wconf 90' lang='grc'><strong>››</strong></span> 
     </span>
    </p>
   </div>
   <div class='ocr_carea' id='block_1_7' title="bbox 361 695 2004 770">
    <p class='ocr_par' dir='ltr' id='par_1_7' title="bbox 361 695 2004 770">
     <span class='ocr_line' id='line_1_7' title="bbox 361 695 2004 770; baseline -0.003 -15"><span class='ocrx_word' id='word_1_41' title='bbox 361 701 428 755; x_wconf 88' lang='lat' dir='ltr'>Et</span> <span class='ocrx_word' id='word_1_42' title='bbox 459 700 517 754; x_wconf 92' lang='lat' dir='ltr'>in</span> <span class='ocrx_word' id='word_1_43' title='bbox 549 699 752 754; x_wconf 89' lang='lat' dir='ltr'>eodem</span> <span class='ocrx_word' id='word_1_44' title='bbox 785 697 910 753; x_wconf 91' lang='lat' dir='ltr'>loco</span> <span class='ocrx_word' id='word_1_45' title='bbox 940 699 957 731; x_wconf 84' lang='grc'>¹</span> <span class='ocrx_word' id='word_1_46' title='bbox 993 715 1004 752; x_wconf 92' lang='lat'>:</span> <span class='ocrx_word' id='word_1_47' title='bbox 1041 720 1068 745; x_wconf 91' lang='grc'><strong><em>‹‹</em></strong></span> <span class='ocrx_word' id='word_1_48' title='bbox 1104 699 1167 752; x_wconf 94' lang='lat' dir='ltr'>In</span> <span class='ocrx_word' id='word_1_49' title='bbox 1217 697 1506 770; x_wconf 86' lang='lat' dir='ltr'>sapientia</span> <span class='ocrx_word' id='word_1_50' title='bbox 1543 703 1599 752; x_wconf 90' lang='lat' dir='ltr'>et</span> <span class='ocrx_word' id='word_1_51' title='bbox 1630 698 1687 752; x_wconf 92' lang='lat' dir='ltr'>in</span> <span class='ocrx_word' id='word_1_52' title='bbox 1723 695 2004 768; x_wconf 87' lang='lat' dir='ltr'>simplici-</span> 
     </span>
    </p>
   </div>
   <div class='ocr_carea' id='block_1_8' title="bbox 359 785 2006 858">
    <p class='ocr_par' dir='ltr' id='par_1_8' title="bbox 359 785 2006 858">
     <span class='ocr_line' id='line_1_8' title="bbox 359 785 2006 858; baseline -0.003 -14"><span class='ocrx_word' id='word_1_53' title='bbox 359 791 478 845; x_wconf 86' lang='lat' dir='ltr'>tate</span> <span class='ocrx_word' id='word_1_54' title='bbox 508 788 702 844; x_wconf 83' lang='lat' dir='ltr'><strong>cordis</strong></span> <span class='ocrx_word' id='word_1_55' title='bbox 736 787 937 858; x_wconf 73' lang='lat' dir='ltr'>qzerito</span> <span class='ocrx_word' id='word_1_56' title='bbox 970 786 1155 842; x_wconf 90' lang='lat' dir='ltr'>Deum</span> <span class='ocrx_word' id='word_1_57' title='bbox 1189 786 1342 858; x_wconf 86' lang='lat' dir='ltr'>(Sap.</span> <span class='ocrx_word' id='word_1_58' title='bbox 1377 805 1413 854; x_wconf 85' lang='grc' dir='ltr'>ι,</span> <span class='ocrx_word' id='word_1_59' title='bbox 1446 786 1522 856; x_wconf 75' lang='grc'>4).</span> <span class='ocrx_word' id='word_1_60' title='bbox 1556 807 1583 836; x_wconf 84' lang='grc'><strong>››</strong></span> <span class='ocrx_word' id='word_1_61' title='bbox 1612 787 1690 840; x_wconf 90' lang='lat' dir='ltr'>Ac</span> <span class='ocrx_word' id='word_1_62' title='bbox 1740 801 1812 839; x_wconf 90' lang='lat' dir='ltr'>ne</span> <span class='ocrx_word' id='word_1_63' title='bbox 1863 785 2006 839; x_wconf 86' lang='lat' dir='ltr'>forte</span> 
     </span>
    </p>
   </div>
   <div class='ocr_carea' id='block_1_9' title="bbox 359 873 2006 945">
    <p class='ocr_par' dir='ltr' id='par_1_9' title="bbox 359 873 2006 945">
     <span class='ocr_line' id='line_1_9' title="bbox 359 873 2006 945; baseline -0.004 -12"><span class='ocrx_word' id='word_1_64' title='bbox 359 878 498 933; x_wconf 89' lang='lat' dir='ltr'>huic</span> <span class='ocrx_word' id='word_1_65' title='bbox 525 876 808 932; x_wconf 88' lang='lat' dir='ltr'>volumini</span> <span class='ocrx_word' id='word_1_66' title='bbox 841 875 1226 942; x_wconf 88' lang='lat' dir='ltr'>contradicas,</span> <span class='ocrx_word' id='word_1_67' title='bbox 1260 873 1395 929; x_wconf 90' lang='lat' dir='ltr'>audi</span> <span class='ocrx_word' id='word_1_68' title='bbox 1433 874 1798 945; x_wconf 87' lang='lat' dir='ltr'>Apostolum,</span> <span class='ocrx_word' id='word_1_69' title='bbox 1834 889 2006 927; x_wconf 90' lang='lat' dir='ltr'>evan-</span> 
     </span>
    </p>
   </div>
   <div class='ocr_carea' id='block_1_10' title="bbox 360 961 2004 1042">
    <p class='ocr_par' dir='ltr' id='par_1_10' title="bbox 360 961 2004 1042">
     <span class='ocr_line' id='line_1_10' title="bbox 360 961 2004 1042; baseline -0.004 -20"><span class='ocrx_word' id='word_1_70' title='bbox 360 966 545 1040; x_wconf 87' lang='lat' dir='ltr'>gelica</span> <span class='ocrx_word' id='word_1_71' title='bbox 572 965 937 1036; x_wconf 84' lang='lat' dir='ltr'>clangentem</span> <span class='ocrx_word' id='word_1_72' title='bbox 993 964 1131 1019; x_wconf 90' lang='lat' dir='ltr'>tuba</span> <span class='ocrx_word' id='word_1_73' title='bbox 1165 979 1177 1017; x_wconf 88' lang='lat'><strong>:</strong></span> <span class='ocrx_word' id='word_1_74' title='bbox 1211 986 1238 1012; x_wconf 92' lang='grc'>‹‹</span> <span class='ocrx_word' id='word_1_75' title='bbox 1369 962 1616 1018; x_wconf 82' lang='lat' dir='ltr'>altitudo</span> <span class='ocrx_word' id='word_1_76' title='bbox 1665 961 2004 1017; x_wconf 79' lang='lat' dir='ltr'>divitiarum</span> 
     </span>
    </p>
   </div>
   <div class='ocr_carea' id='block_1_11' title="bbox 360 1050 2009 1128">
    <p class='ocr_par' dir='ltr' id='par_1_11' title="bbox 360 1050 2009 1128">
     <span class='ocr_line' id='line_1_11' title="bbox 360 1050 2009 1128; baseline -0.005 -16"><span class='ocrx_word' id='word_1_77' title='bbox 360 1054 660 1128; x_wconf 68' lang='lat' dir='ltr'>sapientiae</span> <span class='ocrx_word' id='word_1_78' title='bbox 692 1058 749 1110; x_wconf 89' lang='lat' dir='ltr'>et</span> <span class='ocrx_word' id='word_1_79' title='bbox 780 1053 1034 1108; x_wconf 70' lang='lat' dir='ltr'>scientias</span> <span class='ocrx_word' id='word_1_80' title='bbox 1070 1053 1185 1116; x_wconf 88' lang='lat' dir='ltr'>Dei,</span> <span class='ocrx_word' id='word_1_81' title='bbox 1221 1068 1399 1124; x_wconf 90' lang='lat' dir='ltr'>quam</span> <span class='ocrx_word' id='word_1_82' title='bbox 1430 1050 1840 1107; x_wconf 86' lang='lat' dir='ltr'>inscrutabilia</span> <span class='ocrx_word' id='word_1_83' title='bbox 1869 1055 2009 1106; x_wconf 90' lang='lat' dir='ltr'>sunt</span> 
     </span>
    </p>
   </div>
   <div class='ocr_carea' id='block_1_12' title="bbox 351 1140 2004 1218">
    <p class='ocr_par' dir='ltr' id='par_1_12' title="bbox 351 1140 2004 1218">
     <span class='ocr_line' id='line_1_12' title="bbox 351 1140 2004 1218; baseline -0.004 -17"><span class='ocrx_word' id='word_1_84' title='bbox 351 1145 578 1218; x_wconf 90' lang='lat' dir='ltr'>judicia</span> <span class='ocrx_word' id='word_1_85' title='bbox 609 1145 756 1214; x_wconf 86' lang='lat' dir='ltr'>ejus,</span> <span class='ocrx_word' id='word_1_86' title='bbox 791 1147 847 1198; x_wconf 90' lang='lat' dir='ltr'>et</span> <span class='ocrx_word' id='word_1_87' title='bbox 868 1141 1304 1214; x_wconf 76' lang='lat' dir='ltr'>investigabiles</span> <span class='ocrx_word' id='word_1_88' title='bbox 1325 1143 1346 1175; x_wconf 80' lang='grc'>²</span> <span class='ocrx_word' id='word_1_89' title='bbox 1367 1142 1470 1195; x_wconf 71' lang='lat' dir='ltr'>viae</span> <span class='ocrx_word' id='word_1_90' title='bbox 1486 1143 1614 1211; x_wconf 90' lang='lat' dir='ltr'>ejus</span> <span class='ocrx_word' id='word_1_91' title='bbox 1637 1141 1650 1194; x_wconf 81' lang='lat' dir='ltr'>l</span> <span class='ocrx_word' id='word_1_92' title='bbox 1686 1140 1829 1204; x_wconf 88' lang='lat' dir='ltr'>Quis</span> <span class='ocrx_word' id='word_1_93' title='bbox 1851 1141 2004 1195; x_wconf 88' lang='lat' dir='ltr'>enim</span> 
     </span>
    </p>
   </div>
   <div class='ocr_carea' id='block_1_13' title="bbox 359 1228 2006 1306">
    <p class='ocr_par' dir='ltr' id='par_1_13' title="bbox 359 1228 2006 1306">
     <span class='ocr_line' id='line_1_13' title="bbox 359 1228 2006 1306; baseline -0.003 -17"><span class='ocrx_word' id='word_1_94' title='bbox 359 1233 876 1306; x_wconf 90' lang='lat' dir='ltr'>cognovitsensum</span> <span class='ocrx_word' id='word_1_95' title='bbox 901 1230 1131 1286; x_wconf 88' lang='lat' dir='ltr'>Domini</span> <span class='ocrx_word' id='word_1_96' title='bbox 1160 1232 1188 1285; x_wconf 86' lang='lat'><strong>?</strong></span> <span class='ocrx_word' id='word_1_97' title='bbox 1218 1234 1318 1285; x_wconf 89' lang='lat' dir='ltr'>aut</span> <span class='ocrx_word' id='word_1_98' title='bbox 1339 1230 1472 1301; x_wconf 89' lang='lat' dir='ltr'>quis</span> <span class='ocrx_word' id='word_1_99' title='bbox 1487 1228 1855 1284; x_wconf 87' lang='lat' dir='ltr'>consiliarius</span> <span class='ocrx_word' id='word_1_100' title='bbox 1878 1229 2006 1298; x_wconf 83' lang='lat' dir='ltr'>ejus</span> 
     </span>
    </p>
   </div>
   <div class='ocr_carea' id='block_1_14' title="bbox 357 1318 2007 1392">
    <p class='ocr_par' dir='ltr' id='par_1_14' title="bbox 357 1318 2007 1392">
     <span class='ocr_line' id='line_1_14' title="bbox 357 1318 2007 1392; baseline -0.004 -14"><span class='ocrx_word' id='word_1_101' title='bbox 357 1324 469 1378; x_wconf 87' lang='lat' dir='ltr'>fuit</span> <span class='ocrx_word' id='word_1_102' title='bbox 499 1325 672 1392; x_wconf 83' lang='lat' dir='ltr'>(Rom.</span> <span class='ocrx_word' id='word_1_103' title='bbox 705 1338 782 1386; x_wconf 89' lang='lat' dir='ltr'>XI,</span> <span class='ocrx_word' id='word_1_104' title='bbox 810 1321 899 1387; x_wconf 88' lang='lat'>33,</span> <span class='ocrx_word' id='word_1_105' title='bbox 932 1321 1022 1390; x_wconf 65' lang='lat'>325)</span> <span class='ocrx_word' id='word_1_106' title='bbox 1053 1319 1081 1373; x_wconf 83' lang='lat'><strong>?</strong></span> <span class='ocrx_word' id='word_1_107' title='bbox 1112 1342 1140 1368; x_wconf 82' lang='lat'>»</span> <span class='ocrx_word' id='word_1_108' title='bbox 1190 1319 1317 1374; x_wconf 83' lang='lat' dir='ltr'>Istae</span> <span class='ocrx_word' id='word_1_109' title='bbox 1350 1322 1489 1373; x_wconf 91' lang='lat' dir='ltr'>sunt</span> <span class='ocrx_word' id='word_1_110' title='bbox 1531 1318 1902 1390; x_wconf 67' lang='lat' dir='ltr'>quaestiones,</span> <span class='ocrx_word' id='word_1_111' title='bbox 1935 1319 2007 1372; x_wconf 91' lang='lat' dir='ltr'>de</span> 
     </span>
    </p>
   </div>
   <div class='ocr_carea' id='block_1_15' title="bbox 357 1407 2008 1484">
    <p class='ocr_par' dir='ltr' id='par_1_15' title="bbox 357 1407 2008 1484">
     <span class='ocr_line' id='line_1_15' title="bbox 357 1407 2008 1484; baseline -0.005 -17"><span class='ocrx_word' id='word_1_112' title='bbox 357 1411 576 1484; x_wconf 83' lang='lat' dir='ltr'>quibus</span> <span class='ocrx_word' id='word_1_113' title='bbox 609 1416 665 1465; x_wconf 89' lang='lat' dir='ltr'>et</span> <span class='ocrx_word' id='word_1_114' title='bbox 695 1410 752 1464; x_wconf 93' lang='lat' dir='ltr'>in</span> <span class='ocrx_word' id='word_1_115' title='bbox 787 1408 900 1464; x_wconf 87' lang='lat' dir='ltr'>alio</span> <span class='ocrx_word' id='word_1_116' title='bbox 933 1408 1058 1464; x_wconf 93' lang='lat' dir='ltr'>loco</span> <span class='ocrx_word' id='word_1_117' title='bbox 1092 1407 1296 1462; x_wconf 84' lang='lat' dir='ltr'>scribit</span> <span class='ocrx_word' id='word_1_118' title='bbox 1329 1426 1341 1462; x_wconf 91' lang='lat'>:</span> <span class='ocrx_word' id='word_1_119' title='bbox 1375 1429 1402 1456; x_wconf 83' lang='lat'>«</span> <span class='ocrx_word' id='word_1_120' title='bbox 1433 1407 1654 1463; x_wconf 86' lang='lat' dir='ltr'>Stultas</span> <span class='ocrx_word' id='word_1_121' title='bbox 1703 1411 1901 1462; x_wconf 87' lang='lat' dir='ltr'>autem</span> <span class='ocrx_word' id='word_1_122' title='bbox 1951 1410 2008 1460; x_wconf 88' lang='lat' dir='ltr'>et</span> 
     </span>
    </p>
   </div>
   <div class='ocr_carea' id='block_1_16' title="bbox 357 1495 2008 1570">
    <p class='ocr_par' dir='ltr' id='par_1_16' title="bbox 357 1495 2008 1570">
     <span class='ocr_line' id='line_1_16' title="bbox 357 1495 2008 1570; baseline -0.005 -13"><span class='ocrx_word' id='word_1_123' title='bbox 357 1499 684 1557; x_wconf 88' lang='lat' dir='ltr'>ineruditas</span> <span class='ocrx_word' id='word_1_124' title='bbox 715 1497 1071 1570; x_wconf 67' lang='lat' dir='ltr'>quaestiones</span> <span class='ocrx_word' id='word_1_125' title='bbox 1103 1497 1319 1564; x_wconf 86' lang='lat' dir='ltr'>devita,</span> <span class='ocrx_word' id='word_1_126' title='bbox 1353 1497 1543 1551; x_wconf 89' lang='lat' dir='ltr'>sciens</span> <span class='ocrx_word' id='word_1_127' title='bbox 1567 1495 1845 1567; x_wconf 90' lang='lat' dir='ltr'>quoniam</span> <span class='ocrx_word' id='word_1_128' title='bbox 1877 1495 2008 1549; x_wconf 87' lang='lat' dir='ltr'>lites</span> 
     </span>
    </p>
   </div>
   <div class='ocr_carea' id='block_1_17' title="bbox 357 1584 2005 1664">
    <p class='ocr_par' dir='ltr' id='par_1_17' title="bbox 357 1584 2005 1664">
     <span class='ocr_line' id='line_1_17' title="bbox 357 1584 2005 1664; baseline -0.005 -18"><span class='ocrx_word' id='word_1_129' title='bbox 357 1594 562 1664; x_wconf 83' lang='lat' dir='ltr'>gerant</span> <span class='ocrx_word' id='word_1_130' title='bbox 591 1589 662 1660; x_wconf 85' lang='lat' dir='ltr'>(II</span> <span class='ocrx_word' id='word_1_131' title='bbox 696 1589 828 1642; x_wconf 91' lang='lat' dir='ltr'>Tim.</span> <span class='ocrx_word' id='word_1_132' title='bbox 865 1605 926 1652; x_wconf 69' lang='grc' dir='ltr'>τι,</span> <span class='ocrx_word' id='word_1_133' title='bbox 975 1587 1086 1657; x_wconf 88' lang='lat'>23).</span> <span class='ocrx_word' id='word_1_134' title='bbox 1143 1609 1169 1634; x_wconf 83' lang='grc'><strong>››</strong></span> <span class='ocrx_word' id='word_1_135' title='bbox 1219 1587 1288 1641; x_wconf 86' lang='lat' dir='ltr'>Et</span> <span class='ocrx_word' id='word_1_136' title='bbox 1326 1584 1706 1641; x_wconf 86' lang='lat' dir='ltr'>Ecclesiastes</span> <span class='ocrx_word' id='word_1_137' title='bbox 1747 1585 1840 1653; x_wconf 89' lang='lat' dir='ltr'>(de</span> <span class='ocrx_word' id='word_1_138' title='bbox 1891 1599 2005 1655; x_wconf 91' lang='lat' dir='ltr'>quo</span> 
     </span>
    </p>
   </div>
   <div class='ocr_carea' id='block_1_18' title="bbox 358 1671 2002 1746">
    <p class='ocr_par' dir='ltr' id='par_1_18' title="bbox 358 1671 2002 1746">
     <span class='ocr_line' id='line_1_18' title="bbox 358 1671 2002 1746; baseline -0.005 -12"><span class='ocrx_word' id='word_1_139' title='bbox 358 1683 511 1734; x_wconf 90' lang='lat' dir='ltr'>certe</span> <span class='ocrx_word' id='word_1_140' title='bbox 539 1676 687 1732; x_wconf 90' lang='lat' dir='ltr'>libro</span> <span class='ocrx_word' id='word_1_141' title='bbox 718 1675 880 1730; x_wconf 89' lang='lat' dir='ltr'>nulla</span> <span class='ocrx_word' id='word_1_142' title='bbox 929 1679 1017 1730; x_wconf 89' lang='lat' dir='ltr'>est</span> <span class='ocrx_word' id='word_1_143' title='bbox 1070 1674 1470 1746; x_wconf 83' lang='lat' dir='ltr'>ambiguitas),</span> <span class='ocrx_word' id='word_1_144' title='bbox 1525 1696 1545 1721; x_wconf 78' lang='grc' dir='ltr'>α</span> <span class='ocrx_word' id='word_1_145' title='bbox 1590 1672 1739 1737; x_wconf 83' lang='lat' dir='ltr'>Dixi,</span> <span class='ocrx_word' id='word_1_146' title='bbox 1792 1671 2002 1742; x_wconf 88' lang='lat' dir='ltr'>inquit,</span> 
     </span>
    </p>
   </div>
   <div class='ocr_carea' id='block_1_19' title="bbox 359 1761 2006 1840">
    <p class='ocr_par' dir='ltr' id='par_1_19' title="bbox 359 1761 2006 1840">
     <span class='ocr_line' id='line_1_19' title="bbox 359 1761 2006 1840; baseline -0.007 -16"><span class='ocrx_word' id='word_1_147' title='bbox 359 1767 592 1840; x_wconf 86' lang='lat' dir='ltr'>sapiens</span> <span class='ocrx_word' id='word_1_148' title='bbox 624 1765 863 1829; x_wconf 81' lang='lat' dir='ltr'>efﬁciar,</span> <span class='ocrx_word' id='word_1_149' title='bbox 885 1768 940 1818; x_wconf 92' lang='lat' dir='ltr'>et</span> <span class='ocrx_word' id='word_1_150' title='bbox 971 1763 1100 1835; x_wconf 90' lang='lat' dir='ltr'>ipsa</span> <span class='ocrx_word' id='word_1_151' title='bbox 1138 1763 1306 1834; x_wconf 88' lang='lat' dir='ltr'>longe</span> <span class='ocrx_word' id='word_1_152' title='bbox 1340 1764 1492 1816; x_wconf 90' lang='lat' dir='ltr'>facta</span> <span class='ocrx_word' id='word_1_153' title='bbox 1519 1767 1606 1815; x_wconf 87' lang='lat' dir='ltr'>est</span> <span class='ocrx_word' id='word_1_154' title='bbox 1637 1779 1664 1814; x_wconf 86' lang='lat' dir='ltr'>a</span> <span class='ocrx_word' id='word_1_155' title='bbox 1717 1777 1828 1815; x_wconf 89' lang='lat' dir='ltr'>me.</span> <span class='ocrx_word' id='word_1_156' title='bbox 1864 1761 2006 1814; x_wconf 91' lang='lat' dir='ltr'>Pro-</span> 
     </span>
    </p>
   </div>
   <div class='ocr_carea' id='block_1_20' title="bbox 357 1850 1998 1926">
    <p class='ocr_par' dir='ltr' id='par_1_20' title="bbox 357 1850 1998 1926">
     <span class='ocr_line' id='line_1_20' title="bbox 357 1850 1998 1926; baseline -0.006 -13"><span class='ocrx_word' id='word_1_157' title='bbox 357 1855 540 1913; x_wconf 87' lang='lat' dir='ltr'>funda</span> <span class='ocrx_word' id='word_1_158' title='bbox 567 1851 952 1926; x_wconf 89' lang='lat' dir='ltr'>prefunditas,</span> <span class='ocrx_word' id='word_1_159' title='bbox 986 1851 1120 1922; x_wconf 90' lang='lat' dir='ltr'>quis</span> <span class='ocrx_word' id='word_1_160' title='bbox 1150 1867 1279 1906; x_wconf 90' lang='lat' dir='ltr'>eam</span> <span class='ocrx_word' id='word_1_161' title='bbox 1328 1850 1585 1906; x_wconf 88' lang='lat' dir='ltr'>inveniet</span> <span class='ocrx_word' id='word_1_162' title='bbox 1640 1850 1833 1921; x_wconf 77' lang='lat' dir='ltr'>(Eccle.</span> <span class='ocrx_word' id='word_1_163' title='bbox 1893 1867 1998 1917; x_wconf 85' lang='lat' dir='ltr'>vn,</span> 
     </span>
    </p>
   </div>
   <div class='ocr_carea' id='block_1_21' title="bbox 355 1938 1998 2015">
    <p class='ocr_par' dir='ltr' id='par_1_21' title="bbox 355 1938 1998 2015">
     <span class='ocr_line' id='line_1_21' title="bbox 355 1938 1998 2015; baseline -0.006 -14"><span class='ocrx_word' id='word_1_164' title='bbox 355 1948 445 2011; x_wconf 68' lang='lat'>24,</span> <span class='ocrx_word' id='word_1_165' title='bbox 475 1944 566 2015; x_wconf 86' lang='lat'>25)</span> <span class='ocrx_word' id='word_1_166' title='bbox 597 1943 625 1997; x_wconf 88' lang='lat'><strong>?</strong></span> <span class='ocrx_word' id='word_1_167' title='bbox 656 1965 682 1991; x_wconf 85' lang='grc'><strong>››</strong></span> <span class='ocrx_word' id='word_1_168' title='bbox 705 1945 846 1996; x_wconf 84' lang='lat' dir='ltr'>Ame</span> <span class='ocrx_word' id='word_1_169' title='bbox 875 1941 1112 2012; x_wconf 67' lang='lat' dir='ltr'>quaeris,</span> <span class='ocrx_word' id='word_1_170' title='bbox 1163 1955 1344 2010; x_wconf 91' lang='lat' dir='ltr'>quare</span> <span class='ocrx_word' id='word_1_171' title='bbox 1403 1938 1619 2012; x_wconf 81' lang='lat' dir='ltr'>figulus</span> <span class='ocrx_word' id='word_1_172' title='bbox 1679 1939 1834 1993; x_wconf 89' lang='lat' dir='ltr'>aliud</span> <span class='ocrx_word' id='word_1_173' title='bbox 1894 1954 1998 1992; x_wconf 88' lang='lat' dir='ltr'>vas</span> 
     </span>
    </p>
   </div>
   <div class='ocr_carea' id='block_1_22' title="bbox 359 2026 1998 2096">
    <p class='ocr_par' dir='ltr' id='par_1_22' title="bbox 359 2026 1998 2096">
     <span class='ocr_line' id='line_1_22' title="bbox 359 2026 1998 2096; baseline -0.006 -6"><span class='ocrx_word' id='word_1_174' title='bbox 359 2033 559 2090; x_wconf 86' lang='lat' dir='ltr'>fecerit</span> <span class='ocrx_word' id='word_1_175' title='bbox 580 2033 639 2087; x_wconf 93' lang='lat' dir='ltr'>in</span> <span class='ocrx_word' id='word_1_176' title='bbox 671 2031 971 2096; x_wconf 88' lang='lat' dir='ltr'>honorem,</span> <span class='ocrx_word' id='word_1_177' title='bbox 1005 2028 1163 2084; x_wconf 86' lang='lat' dir='ltr'>aliud</span> <span class='ocrx_word' id='word_1_178' title='bbox 1194 2029 1253 2082; x_wconf 89' lang='lat' dir='ltr'>in</span> <span class='ocrx_word' id='word_1_179' title='bbox 1285 2026 1724 2095; x_wconf 89' lang='lat' dir='ltr'>contumeliam,</span> <span class='ocrx_word' id='word_1_180' title='bbox 1776 2032 1833 2081; x_wconf 89' lang='lat' dir='ltr'>et</span> <span class='ocrx_word' id='word_1_181' title='bbox 1883 2043 1998 2081; x_wconf 90' lang='lat' dir='ltr'>non</span> 
     </span>
    </p>
   </div>
   <div class='ocr_carea' id='block_1_23' title="bbox 356 2115 2000 2193">
    <p class='ocr_par' dir='ltr' id='par_1_23' title="bbox 356 2115 2000 2193">
     <span class='ocr_line' id='line_1_23' title="bbox 356 2115 2000 2193; baseline -0.005 -14"><span class='ocrx_word' id='word_1_182' title='bbox 356 2124 443 2179; x_wconf 88' lang='lat' dir='ltr'>vis</span> <span class='ocrx_word' id='word_1_183' title='bbox 474 2120 840 2193; x_wconf 85' lang='lat' dir='ltr'>acquiescere</span> <span class='ocrx_word' id='word_1_184' title='bbox 888 2117 1087 2186; x_wconf 89' lang='lat' dir='ltr'>Paulo,</span> <span class='ocrx_word' id='word_1_185' title='bbox 1150 2134 1254 2189; x_wconf 89' lang='lat' dir='ltr'>pro</span> <span class='ocrx_word' id='word_1_186' title='bbox 1311 2133 1416 2172; x_wconf 88' lang='lat' dir='ltr'>suo</span> <span class='ocrx_word' id='word_1_187' title='bbox 1461 2115 1706 2172; x_wconf 91' lang='lat' dir='ltr'>Domino</span> <span class='ocrx_word' id='word_1_188' title='bbox 1759 2132 2000 2188; x_wconf 87' lang='lat' dir='ltr'>respon-</span> 
     </span>
    </p>
   </div>
   <div class='ocr_carea' id='block_1_24' title="bbox 358 2204 2001 2278">
    <p class='ocr_par' dir='ltr' id='par_1_24' title="bbox 358 2204 2001 2278">
     <span class='ocr_line' id='line_1_24' title="bbox 358 2204 2001 2278; baseline -0.005 -11"><span class='ocrx_word' id='word_1_189' title='bbox 358 2211 516 2268; x_wconf 86' lang='lat' dir='ltr'>denti</span> <span class='ocrx_word' id='word_1_190' title='bbox 552 2227 565 2264; x_wconf 89' lang='lat'>:</span> <span class='ocrx_word' id='word_1_191' title='bbox 599 2233 626 2259; x_wconf 90' lang='grc'>‹‹</span> <span class='ocrx_word' id='word_1_192' title='bbox 660 2209 702 2264; x_wconf 94' lang='grc' dir='ltr'>Ο</span> <span class='ocrx_word' id='word_1_193' title='bbox 734 2208 944 2263; x_wconf 88' lang='lat' dir='ltr'>homo!</span> <span class='ocrx_word' id='word_1_194' title='bbox 979 2212 1042 2261; x_wconf 91' lang='lat' dir='ltr'>tu</span> <span class='ocrx_word' id='word_1_195' title='bbox 1075 2207 1207 2278; x_wconf 81' lang='lat' dir='ltr'>quis</span> <span class='ocrx_word' id='word_1_196' title='bbox 1238 2222 1321 2272; x_wconf 90' lang='lat' dir='ltr'>es,</span> <span class='ocrx_word' id='word_1_197' title='bbox 1353 2205 1454 2276; x_wconf 89' lang='lat' dir='ltr'>qui</span> <span class='ocrx_word' id='word_1_198' title='bbox 1486 2205 1841 2276; x_wconf 83' lang='lat' dir='ltr'>respondeas</span> <span class='ocrx_word' id='word_1_199' title='bbox 1887 2204 2001 2260; x_wconf 89' lang='lat' dir='ltr'>Deo</span> 
     </span>
    </p>
   </div>
   <div class='ocr_carea' id='block_1_25' title="bbox 360 2298 862 2375">
    <p class='ocr_par' dir='ltr' id='par_1_25' title="bbox 360 2298 862 2375">
     <span class='ocr_line' id='line_1_25' title="bbox 360 2298 862 2375; baseline -0.018 -17"><span class='ocrx_word' id='word_1_200' title='bbox 360 2303 534 2375; x_wconf 84' lang='lat' dir='ltr'>(Rom.</span> <span class='ocrx_word' id='word_1_201' title='bbox 570 2316 647 2363; x_wconf 82' lang='lat' dir='ltr'>IX,</span> <span class='ocrx_word' id='word_1_202' title='bbox 678 2298 801 2365; x_wconf 71' lang='lat'>20)?</span> <span class='ocrx_word' id='word_1_203' title='bbox 835 2319 862 2345; x_wconf 83' lang='grc'>))</span> 
     </span>
    </p>
   </div>
   <div class='ocr_carea' id='block_1_26' title="bbox 428 2382 2000 2460">
    <p class='ocr_par' dir='ltr' id='par_1_26' title="bbox 428 2382 2000 2460">
     <span class='ocr_line' id='line_1_26' title="bbox 428 2382 2000 2460; baseline -0.006 -15"><span class='ocrx_word' id='word_1_204' title='bbox 428 2391 517 2445; x_wconf 70' lang='grc'>84.</span> <span class='ocrx_word' id='word_1_205' title='bbox 565 2389 796 2460; x_wconf 79' lang='lat' dir='ltr'>Opponit</span> <span class='ocrx_word' id='word_1_206' title='bbox 848 2386 1267 2456; x_wconf 79' lang='lat' dir='ltr'>Scrz&#39;plurarum</span> <span class='ocrx_word' id='word_1_207' title='bbox 1326 2386 1658 2439; x_wconf 78' lang='lat' dir='ltr'>testimonia.</span> <span class='ocrx_word' id='word_1_208' title='bbox 1721 2416 1788 2424; x_wconf 85' lang='lat'>——</span> <span class='ocrx_word' id='word_1_209' title='bbox 1848 2382 2000 2437; x_wconf 83' lang='lat' dir='ltr'>Audi</span> 
     </span>
    </p>
   </div>
   <div class='ocr_carea' id='block_1_27' title="bbox 360 2471 2003 2552">
    <p class='ocr_par' dir='ltr' id='par_1_27' title="bbox 360 2471 2003 2552">
     <span class='ocr_line' id='line_1_27' title="bbox 360 2471 2003 2552; baseline -0.006 -16"><span class='ocrx_word' id='word_1_210' title='bbox 360 2497 492 2552; x_wconf 82' lang='lat' dir='ltr'>ergo</span> <span class='ocrx_word' id='word_1_211' title='bbox 523 2478 776 2533; x_wconf 89' lang='lat' dir='ltr'>breviter</span> <span class='ocrx_word' id='word_1_212' title='bbox 804 2474 1141 2530; x_wconf 89' lang='lat' dir='ltr'>testimonia</span> <span class='ocrx_word' id='word_1_213' title='bbox 1183 2473 1634 2544; x_wconf 89' lang='lat' dir='ltr'>Scripturarum,</span> <span class='ocrx_word' id='word_1_214' title='bbox 1687 2477 1754 2527; x_wconf 91' lang='lat' dir='ltr'>ut</span> <span class='ocrx_word' id='word_1_215' title='bbox 1801 2471 2003 2539; x_wconf 90' lang='lat' dir='ltr'>stulta,</span> 
     </span>
    </p>
   </div>
   <div class='ocr_carea' id='block_1_28' title="bbox 359 2561 2003 2638">
    <p class='ocr_par' dir='ltr' id='par_1_28' title="bbox 359 2561 2003 2638">
     <span class='ocr_line' id='line_1_28' title="bbox 359 2561 2003 2638; baseline -0.006 -13"><span class='ocrx_word' id='word_1_216' title='bbox 359 2571 477 2624; x_wconf 91' lang='lat' dir='ltr'>imo</span> <span class='ocrx_word' id='word_1_217' title='bbox 507 2567 690 2638; x_wconf 91' lang='lat' dir='ltr'>impia</span> <span class='ocrx_word' id='word_1_218' title='bbox 719 2563 1034 2620; x_wconf 89' lang='lat' dir='ltr'>sciscitatio</span> <span class='ocrx_word' id='word_1_219' title='bbox 1073 2567 1174 2617; x_wconf 90' lang='lat' dir='ltr'>tua</span> <span class='ocrx_word' id='word_1_220' title='bbox 1219 2562 1279 2616; x_wconf 92' lang='lat' dir='ltr'>in</span> <span class='ocrx_word' id='word_1_221' title='bbox 1330 2567 1701 2634; x_wconf 88' lang='lat' dir='ltr'>perpetuum,</span> <span class='ocrx_word' id='word_1_222' title='bbox 1753 2561 2003 2616; x_wconf 91' lang='lat' dir='ltr'>contice-</span> 
     </span>
    </p>
   </div>
   <div class='ocr_carea' id='block_1_29' title="bbox 363 2649 2003 2726">
    <p class='ocr_par' dir='ltr' id='par_1_29' title="bbox 363 2649 2003 2726">
     <span class='ocr_line' id='line_1_29' title="bbox 363 2649 2003 2726; baseline -0.007 -12"><span class='ocrx_word' id='word_1_223' title='bbox 363 2661 506 2714; x_wconf 90' lang='lat' dir='ltr'>scat.</span> <span class='ocrx_word' id='word_1_224' title='bbox 541 2653 823 2726; x_wconf 88' lang='lat' dir='ltr'>Loquitur</span> <span class='ocrx_word' id='word_1_225' title='bbox 853 2651 1006 2707; x_wconf 89' lang='lat' dir='ltr'>Deus</span> <span class='ocrx_word' id='word_1_226' title='bbox 1031 2652 1089 2705; x_wconf 93' lang='lat' dir='ltr'>in</span> <span class='ocrx_word' id='word_1_227' title='bbox 1121 2652 1351 2719; x_wconf 87' lang='lat' dir='ltr'>Genesi,</span> <span class='ocrx_word' id='word_1_228' title='bbox 1387 2675 1413 2700; x_wconf 86' lang='grc'>‹‹</span> <span class='ocrx_word' id='word_1_229' title='bbox 1449 2651 1574 2706; x_wconf 90' lang='lat' dir='ltr'>Non</span> <span class='ocrx_word' id='word_1_230' title='bbox 1620 2650 1888 2720; x_wconf 86' lang='lat' dir='ltr'>adjiciam</span> <span class='ocrx_word' id='word_1_231' title='bbox 1916 2649 2003 2703; x_wconf 92' lang='lat' dir='ltr'>ul-</span> 
     </span>
    </p>
   </div>
   <div class='ocr_carea' id='block_1_30' title="bbox 360 2737 2005 2811">
    <p class='ocr_par' dir='ltr' id='par_1_30' title="bbox 360 2737 2005 2811">
     <span class='ocr_line' id='line_1_30' title="bbox 360 2737 2005 2811; baseline -0.007 -8"><span class='ocrx_word' id='word_1_232' title='bbox 360 2753 452 2803; x_wconf 88' lang='lat' dir='ltr'>tra</span> <span class='ocrx_word' id='word_1_233' title='bbox 481 2741 828 2799; x_wconf 86' lang='lat' dir='ltr'>maledicere</span> <span class='ocrx_word' id='word_1_234' title='bbox 855 2744 1019 2796; x_wconf 75' lang='lat' dir='ltr'>terrae</span> <span class='ocrx_word' id='word_1_235' title='bbox 1053 2744 1290 2811; x_wconf 85' lang='lat' dir='ltr'>prepter</span> <span class='ocrx_word' id='word_1_236' title='bbox 1320 2755 1495 2809; x_wconf 88' lang='lat' dir='ltr'>opera</span> <span class='ocrx_word' id='word_1_237' title='bbox 1525 2737 2005 2808; x_wconf 88' lang='lat' dir='ltr'>hominum,quia</span> 
     </span>
    </p>
   </div>
   <div class='ocr_carea' id='block_1_31' title="bbox 362 2821 2004 2909">
    <p class='ocr_par' dir='ltr' id='par_1_31' title="bbox 362 2821 2004 2909">
     <span class='ocr_line' id='line_1_31' title="bbox 362 2821 2004 2909; baseline -0.007 -17"><span class='ocrx_word' id='word_1_238' title='bbox 362 2833 630 2909; x_wconf 89' lang='lat' dir='ltr'>apposita</span> <span class='ocrx_word' id='word_1_239' title='bbox 653 2835 742 2886; x_wconf 90' lang='lat' dir='ltr'>est</span> <span class='ocrx_word' id='word_1_240' title='bbox 791 2845 955 2884; x_wconf 91' lang='lat' dir='ltr'>mens</span> <span class='ocrx_word' id='word_1_241' title='bbox 988 2821 1244 2883; x_wconf 85' lang='lat' dir='ltr'>hominis</span> <span class='ocrx_word' id='word_1_242' title='bbox 1277 2827 1588 2900; x_wconf 88' lang='lat' dir='ltr'>diligenter</span> <span class='ocrx_word' id='word_1_243' title='bbox 1644 2827 1714 2880; x_wconf 91' lang='lat' dir='ltr'>ad</span> <span class='ocrx_word' id='word_1_244' title='bbox 1760 2825 1918 2880; x_wconf 90' lang='lat' dir='ltr'>mala</span> <span class='ocrx_word' id='word_1_245' title='bbox 1971 2842 2004 2880; x_wconf 88' lang='lat' dir='ltr'>a</span> 
     </span>
    </p>
   </div>
   <div class='ocr_carea' id='block_1_32' title="bbox 362 2914 2004 2999">
    <p class='ocr_par' dir='ltr' id='par_1_32' title="bbox 362 2914 2004 2999">
     <span class='ocr_line' id='line_1_32' title="bbox 362 2914 2004 2999; baseline -0.008 -17"><span class='ocrx_word' id='word_1_246' title='bbox 362 2924 613 2999; x_wconf 86' lang='lat' dir='ltr'>pueritia</span> <span class='ocrx_word' id='word_1_247' title='bbox 642 2922 791 2988; x_wconf 71' lang='lat' dir='ltr'>(Gen.</span> <span class='ocrx_word' id='word_1_248' title='bbox 825 2936 923 2988; x_wconf 82' lang='lat' dir='ltr'>vn,</span> <span class='ocrx_word' id='word_1_249' title='bbox 956 2920 1068 2987; x_wconf 79' lang='lat'>21).</span> <span class='ocrx_word' id='word_1_250' title='bbox 1105 2939 1132 2966; x_wconf 87' lang='lat'>»</span> <span class='ocrx_word' id='word_1_251' title='bbox 1165 2915 1459 2972; x_wconf 86' lang='lat' dir='ltr'>Abraham</span> <span class='ocrx_word' id='word_1_252' title='bbox 1492 2920 1548 2971; x_wconf 90' lang='lat' dir='ltr'>et</span> <span class='ocrx_word' id='word_1_253' title='bbox 1585 2916 1744 2984; x_wconf 88' lang='lat' dir='ltr'>Sara,</span> <span class='ocrx_word' id='word_1_254' title='bbox 1805 2914 2004 2969; x_wconf 89' lang='lat' dir='ltr'>audita</span> 
     </span>
    </p>
   </div>
   <div class='ocr_carea' id='block_1_33' title="bbox 362 3004 2005 3087">
    <p class='ocr_par' dir='ltr' id='par_1_33' title="bbox 362 3004 2005 3087">
     <span class='ocr_line' id='line_1_33' title="bbox 362 3004 2005 3087; baseline -0.009 -16"><span class='ocrx_word' id='word_1_255' title='bbox 362 3011 806 3087; x_wconf 86' lang='lat' dir='ltr'>repromissione</span> <span class='ocrx_word' id='word_1_256' title='bbox 837 3007 940 3062; x_wconf 84' lang='lat' dir='ltr'>filii</span> <span class='ocrx_word' id='word_1_257' title='bbox 999 3007 1378 3072; x_wconf 87' lang='lat' dir='ltr'>Isaac,rident</span> <span class='ocrx_word' id='word_1_258' title='bbox 1432 3005 1490 3058; x_wconf 92' lang='lat' dir='ltr'>in</span> <span class='ocrx_word' id='word_1_259' title='bbox 1548 3004 1718 3059; x_wconf 92' lang='lat' dir='ltr'>corde</span> <span class='ocrx_word' id='word_1_260' title='bbox 1768 3021 1874 3058; x_wconf 90' lang='lat' dir='ltr'>suo</span> <span class='ocrx_word' id='word_1_261' title='bbox 1948 3007 2005 3058; x_wconf 86' lang='lat' dir='ltr'>et</span> 
     </span>
    </p>
   </div>
   <div class='ocr_carea' id='block_1_34' title="bbox 359 3093 2004 3171">
    <p class='ocr_par' dir='ltr' id='par_1_34' title="bbox 359 3093 2004 3171">
     <span class='ocr_line' id='line_1_34' title="bbox 359 3093 2004 3171; baseline -0.007 -13"><span class='ocrx_word' id='word_1_262' title='bbox 359 3105 536 3158; x_wconf 89' lang='lat' dir='ltr'>tacita</span> <span class='ocrx_word' id='word_1_263' title='bbox 565 3099 836 3171; x_wconf 84' lang='lat' dir='ltr'>cogitatio</span> <span class='ocrx_word' id='word_1_264' title='bbox 868 3114 982 3151; x_wconf 89' lang='lat' dir='ltr'>non</span> <span class='ocrx_word' id='word_1_265' title='bbox 1015 3095 1151 3150; x_wconf 88' lang='lat' dir='ltr'>latet</span> <span class='ocrx_word' id='word_1_266' title='bbox 1181 3095 1483 3150; x_wconf 87' lang='lat' dir='ltr'>scientiam</span> <span class='ocrx_word' id='word_1_267' title='bbox 1517 3093 1632 3148; x_wconf 82' lang='lat' dir='ltr'>Dei.</span> <span class='ocrx_word' id='word_1_268' title='bbox 1661 3095 2004 3164; x_wconf 84' lang='lat' dir='ltr'>Arguuntur</span> 
     </span>
    </p>
   </div>
   <div class='ocr_carea' id='block_1_35' title="bbox 2119 515 3759 592">
    <p class='ocr_par' dir='ltr' id='par_1_35' title="bbox 2119 515 3759 592">
     <span class='ocr_line' id='line_1_35' title="bbox 2119 515 3759 592; baseline -0.002 -17"><span class='ocrx_word' id='word_1_269' title='bbox 2119 520 2357 592; x_wconf 90' lang='lat' dir='ltr'>ponitur</span> <span class='ocrx_word' id='word_1_270' title='bbox 2379 521 2401 554; x_wconf 83' lang='grc'>³</span> <span class='ocrx_word' id='word_1_271' title='bbox 2432 536 2510 574; x_wconf 68' lang='grc' dir='ltr'>;ι‹‹</span> <span class='ocrx_word' id='word_1_272' title='bbox 2549 518 2760 574; x_wconf 85' lang='lat' dir='ltr'>Anima</span> <span class='ocrx_word' id='word_1_273' title='bbox 2789 519 2838 574; x_wconf 92' lang='lat' dir='ltr'>si</span> <span class='ocrx_word' id='word_1_274' title='bbox 2869 518 3188 590; x_wconf 87' lang='lat' dir='ltr'>peccaverit</span> <span class='ocrx_word' id='word_1_275' title='bbox 3211 518 3269 572; x_wconf 89' lang='lat' dir='ltr'>in</span> <span class='ocrx_word' id='word_1_276' title='bbox 3301 521 3613 588; x_wconf 89' lang='lat' dir='ltr'>conspectu</span> <span class='ocrx_word' id='word_1_277' title='bbox 3645 515 3759 572; x_wconf 89' lang='lat' dir='ltr'>Do-</span> 
     </span>
    </p>
   </div>
   <div class='ocr_carea' id='block_1_36' title="bbox 2119 605 3756 680">
    <p class='ocr_par' dir='ltr' id='par_1_36' title="bbox 2119 605 3756 680">
     <span class='ocr_line' id='line_1_36' title="bbox 2119 605 3756 680; baseline -0.002 -17"><span class='ocrx_word' id='word_1_278' title='bbox 2119 609 2263 663; x_wconf 90' lang='lat' dir='ltr'>mini</span> <span class='ocrx_word' id='word_1_279' title='bbox 2297 625 2414 663; x_wconf 92' lang='lat' dir='ltr'>non</span> <span class='ocrx_word' id='word_1_280' title='bbox 2445 613 2672 680; x_wconf 86' lang='lat' dir='ltr'>sponte,</span> <span class='ocrx_word' id='word_1_281' title='bbox 2705 623 2773 663; x_wconf 87' lang='lat' dir='ltr'>ex</span> <span class='ocrx_word' id='word_1_282' title='bbox 2823 607 3100 663; x_wconf 89' lang='lat' dir='ltr'>omnibus</span> <span class='ocrx_word' id='word_1_283' title='bbox 3145 605 3450 678; x_wconf 71' lang='lat' dir='ltr'>praeceptis</span> <span class='ocrx_word' id='word_1_284' title='bbox 3497 605 3756 672; x_wconf 89' lang='lat' dir='ltr'>Domini,</span> 
     </span>
    </p>
   </div>
   <div class='ocr_carea' id='block_1_37' title="bbox 2119 693 3759 770">
    <p class='ocr_par' dir='ltr' id='par_1_37' title="bbox 2119 693 3759 770">
     <span class='ocr_line' id='line_1_37' title="bbox 2119 693 3759 770; baseline -0.003 -17"><span class='ocrx_word' id='word_1_285' title='bbox 2119 715 2245 770; x_wconf 68' lang='lat' dir='ltr'>quae</span> <span class='ocrx_word' id='word_1_286' title='bbox 2277 714 2391 753; x_wconf 91' lang='lat' dir='ltr'>non</span> <span class='ocrx_word' id='word_1_287' title='bbox 2424 700 2649 769; x_wconf 85' lang='lat' dir='ltr'>Oportet</span> <span class='ocrx_word' id='word_1_288' title='bbox 2676 696 2821 763; x_wconf 81' lang='lat' dir='ltr'>ﬁeri,</span> <span class='ocrx_word' id='word_1_289' title='bbox 2851 696 3165 767; x_wconf 87' lang='lat' dir='ltr'>feceritque</span> <span class='ocrx_word' id='word_1_290' title='bbox 3195 709 3379 749; x_wconf 90' lang='lat' dir='ltr'>unum</span> <span class='ocrx_word' id='word_1_291' title='bbox 3401 709 3469 749; x_wconf 85' lang='lat' dir='ltr'>ex</span> <span class='ocrx_word' id='word_1_292' title='bbox 3497 693 3603 758; x_wconf 87' lang='lat' dir='ltr'>eis,</span> <span class='ocrx_word' id='word_1_293' title='bbox 3636 693 3759 748; x_wconf 86' lang='lat' dir='ltr'>sive</span> 
     </span>
    </p>
   </div>
   <div class='ocr_carea' id='block_1_38' title="bbox 2117 781 3759 856">
    <p class='ocr_par' dir='ltr' id='par_1_38' title="bbox 2117 781 3759 856">
     <span class='ocr_line' id='line_1_38' title="bbox 2117 781 3759 856; baseline -0.002 -16"><span class='ocrx_word' id='word_1_294' title='bbox 2117 785 2376 856; x_wconf 84' lang='lat' dir='ltr'>pontifex</span> <span class='ocrx_word' id='word_1_295' title='bbox 2405 785 2598 851; x_wconf 91' lang='lat' dir='ltr'>fuerit,</span> <span class='ocrx_word' id='word_1_296' title='bbox 2633 785 2751 840; x_wconf 88' lang='lat' dir='ltr'>sive</span> <span class='ocrx_word' id='word_1_297' title='bbox 2789 784 2980 840; x_wconf 90' lang='lat' dir='ltr'>omnis</span> <span class='ocrx_word' id='word_1_298' title='bbox 3030 791 3345 856; x_wconf 83' lang='lat' dir='ltr'>synagoga,</span> <span class='ocrx_word' id='word_1_299' title='bbox 3392 787 3450 838; x_wconf 90' lang='lat' dir='ltr'>et</span> <span class='ocrx_word' id='word_1_300' title='bbox 3495 781 3759 852; x_wconf 89' lang='lat' dir='ltr'>reliquus</span> 
     </span>
    </p>
   </div>
   <div class='ocr_carea' id='block_1_39' title="bbox 2116 872 3756 946">
    <p class='ocr_par' dir='ltr' id='par_1_39' title="bbox 2116 872 3756 946">
     <span class='ocr_line' id='line_1_39' title="bbox 2116 872 3756 946; baseline -0.001 -18"><span class='ocrx_word' id='word_1_301' title='bbox 2116 874 2392 946; x_wconf 90' lang='lat' dir='ltr'>populus,</span> <span class='ocrx_word' id='word_1_302' title='bbox 2417 878 2474 929; x_wconf 91' lang='lat' dir='ltr'>et</span> <span class='ocrx_word' id='word_1_303' title='bbox 2504 878 2702 946; x_wconf 90' lang='lat' dir='ltr'>postea</span> <span class='ocrx_word' id='word_1_304' title='bbox 2734 873 2999 928; x_wconf 67' lang='lat' dir='ltr'>didicerit</span> <span class='ocrx_word' id='word_1_305' title='bbox 3028 877 3331 944; x_wconf 89' lang='lat' dir='ltr'>peccatum</span> <span class='ocrx_word' id='word_1_306' title='bbox 3361 888 3560 939; x_wconf 90' lang='lat' dir='ltr'>suum,</span> <span class='ocrx_word' id='word_1_307' title='bbox 3597 872 3756 943; x_wconf 88' lang='lat' dir='ltr'>quod</span> 
     </span>
    </p>
   </div>
   <div class='ocr_carea' id='block_1_40' title="bbox 2115 960 3752 1034">
    <p class='ocr_par' dir='ltr' id='par_1_40' title="bbox 2115 960 3752 1034">
     <span class='ocr_line' id='line_1_40' title="bbox 2115 960 3752 1034; baseline -0.002 -16"><span class='ocrx_word' id='word_1_308' title='bbox 2115 963 2373 1034; x_wconf 89' lang='lat' dir='ltr'>peccavit</span> <span class='ocrx_word' id='word_1_309' title='bbox 2413 979 2515 1034; x_wconf 92' lang='lat' dir='ltr'>per</span> <span class='ocrx_word' id='word_1_310' title='bbox 2544 963 2957 1034; x_wconf 89' lang='lat' dir='ltr'>ignorantiam,</span> <span class='ocrx_word' id='word_1_311' title='bbox 3001 961 3201 1017; x_wconf 84' lang='lat' dir='ltr'>offeret</span> <span class='ocrx_word' id='word_1_312' title='bbox 3249 975 3490 1025; x_wconf 88' lang='lat' dir='ltr'>munus,</span> <span class='ocrx_word' id='word_1_313' title='bbox 3521 960 3752 1016; x_wconf 90' lang='lat' dir='ltr'>hircum</span> 
     </span>
    </p>
   </div>
   <div class='ocr_carea' id='block_1_41' title="bbox 2115 1050 3759 1124">
    <p class='ocr_par' dir='ltr' id='par_1_41' title="bbox 2115 1050 3759 1124">
     <span class='ocr_line' id='line_1_41' title="bbox 2115 1050 3759 1124; baseline 0 -20"><span class='ocrx_word' id='word_1_314' title='bbox 2115 1052 2186 1106; x_wconf 90' lang='lat' dir='ltr'>de</span> <span class='ocrx_word' id='word_1_315' title='bbox 2219 1052 2431 1124; x_wconf 88' lang='lat' dir='ltr'>capris,</span> <span class='ocrx_word' id='word_1_316' title='bbox 2466 1051 2792 1107; x_wconf 88' lang='lat' dir='ltr'>masculum</span> <span class='ocrx_word' id='word_1_317' title='bbox 2817 1050 3294 1105; x_wconf 90' lang='lat' dir='ltr'>immaculatum:</span> <span class='ocrx_word' id='word_1_318' title='bbox 3329 1052 3386 1103; x_wconf 91' lang='lat' dir='ltr'>et</span> <span class='ocrx_word' id='word_1_319' title='bbox 3431 1053 3606 1120; x_wconf 88' lang='lat' dir='ltr'>ponet</span> <span class='ocrx_word' id='word_1_320' title='bbox 3634 1063 3759 1104; x_wconf 77' lang='lat' dir='ltr'>ma-</span> 
     </span>
    </p>
   </div>
   <div class='ocr_carea' id='block_1_42' title="bbox 2116 1138 3756 1213">
    <p class='ocr_par' dir='ltr' id='par_1_42' title="bbox 2116 1138 3756 1213">
     <span class='ocr_line' id='line_1_42' title="bbox 2116 1138 3756 1213; baseline -0.002 -17"><span class='ocrx_word' id='word_1_321' title='bbox 2116 1158 2228 1196; x_wconf 90' lang='lat' dir='ltr'>nus</span> <span class='ocrx_word' id='word_1_322' title='bbox 2251 1158 2390 1196; x_wconf 90' lang='lat' dir='ltr'>suas</span> <span class='ocrx_word' id='word_1_323' title='bbox 2422 1157 2603 1213; x_wconf 88' lang='lat' dir='ltr'>super</span> <span class='ocrx_word' id='word_1_324' title='bbox 2633 1145 2808 1212; x_wconf 88' lang='lat' dir='ltr'>caput</span> <span class='ocrx_word' id='word_1_325' title='bbox 2837 1141 2982 1210; x_wconf 85' lang='lat' dir='ltr'>ejus,</span> <span class='ocrx_word' id='word_1_326' title='bbox 3027 1139 3448 1210; x_wconf 84' lang='lat' dir='ltr'>interﬁcietque</span> <span class='ocrx_word' id='word_1_327' title='bbox 3491 1138 3658 1194; x_wconf 91' lang='lat' dir='ltr'>illum</span> <span class='ocrx_word' id='word_1_328' title='bbox 3691 1139 3756 1193; x_wconf 85' lang='lat' dir='ltr'>in</span> 
     </span>
    </p>
   </div>
   <div class='ocr_carea' id='block_1_43' title="bbox 2120 1226 3754 1294">
    <p class='ocr_par' dir='ltr' id='par_1_43' title="bbox 2120 1226 3754 1294">
     <span class='ocr_line' id='line_1_43' title="bbox 2120 1226 3754 1294; baseline 0 -11"><span class='ocrx_word' id='word_1_329' title='bbox 2120 1228 2248 1285; x_wconf 93' lang='lat' dir='ltr'>loco</span> <span class='ocrx_word' id='word_1_330' title='bbox 2301 1228 2404 1284; x_wconf 88' lang='lat' dir='ltr'>ubi</span> <span class='ocrx_word' id='word_1_331' title='bbox 2459 1233 2792 1284; x_wconf 88' lang='lat' dir='ltr'>mactantur</span> <span class='ocrx_word' id='word_1_332' title='bbox 2845 1228 3186 1284; x_wconf 87' lang='lat' dir='ltr'>holocausta</span> <span class='ocrx_word' id='word_1_333' title='bbox 3231 1242 3425 1283; x_wconf 86' lang='lat' dir='ltr'>coram</span> <span class='ocrx_word' id='word_1_334' title='bbox 3483 1226 3754 1294; x_wconf 89' lang='lat' dir='ltr'>Domino,</span> 
     </span>
    </p>
   </div>
   <div class='ocr_carea' id='block_1_44' title="bbox 2117 1317 3756 1390">
    <p class='ocr_par' dir='ltr' id='par_1_44' title="bbox 2117 1317 3756 1390">
     <span class='ocr_line' id='line_1_44' title="bbox 2117 1317 3756 1390; baseline -0.001 -17"><span class='ocrx_word' id='word_1_335' title='bbox 2117 1319 2256 1389; x_wconf 90' lang='lat' dir='ltr'>quia</span> <span class='ocrx_word' id='word_1_336' title='bbox 2287 1335 2389 1390; x_wconf 93' lang='lat' dir='ltr'>pro</span> <span class='ocrx_word' id='word_1_337' title='bbox 2445 1324 2680 1390; x_wconf 88' lang='lat' dir='ltr'>peccato</span> <span class='ocrx_word' id='word_1_338' title='bbox 2735 1323 2826 1374; x_wconf 89' lang='lat' dir='ltr'>est</span> <span class='ocrx_word' id='word_1_339' title='bbox 2878 1319 3067 1388; x_wconf 73' lang='lat' dir='ltr'>(Lavit.</span> <span class='ocrx_word' id='word_1_340' title='bbox 3129 1335 3207 1383; x_wconf 83' lang='grc' dir='ltr'>ιν,</span> <span class='ocrx_word' id='word_1_341' title='bbox 3239 1317 3273 1371; x_wconf 88' lang='grc'>2</span> <span class='ocrx_word' id='word_1_342' title='bbox 3323 1332 3467 1389; x_wconf 79' lang='lat' dir='ltr'>seqq.</span> <span class='ocrx_word' id='word_1_343' title='bbox 3494 1317 3531 1387; x_wconf 92' lang='lat'>).</span> <span class='ocrx_word' id='word_1_344' title='bbox 3569 1339 3590 1365; x_wconf 82' lang='grc' dir='ltr'><strong>ι</strong></span> <span class='ocrx_word' id='word_1_345' title='bbox 3625 1317 3756 1372; x_wconf 88' lang='lat' dir='ltr'>Sta-</span> 
     </span>
    </p>
   </div>
   <div class='ocr_carea' id='block_1_45' title="bbox 2116 1405 3757 1479">
    <p class='ocr_par' dir='ltr' id='par_1_45' title="bbox 2116 1405 3757 1479">
     <span class='ocr_line' id='line_1_45' title="bbox 2116 1405 3757 1479; baseline 0 -18"><span class='ocrx_word' id='word_1_346' title='bbox 2116 1407 2334 1479; x_wconf 89' lang='lat' dir='ltr'>timque</span> <span class='ocrx_word' id='word_1_347' title='bbox 2366 1407 2423 1462; x_wconf 91' lang='lat' dir='ltr'>in</span> <span class='ocrx_word' id='word_1_348' title='bbox 2455 1409 2837 1479; x_wconf 86' lang='lat' dir='ltr'>sequentibus</span> <span class='ocrx_word' id='word_1_349' title='bbox 2871 1424 2882 1462; x_wconf 92' lang='lat'>:</span> <span class='ocrx_word' id='word_1_350' title='bbox 2919 1431 2946 1457; x_wconf 91' lang='grc'>‹‹</span> <span class='ocrx_word' id='word_1_351' title='bbox 2979 1407 3038 1463; x_wconf 92' lang='lat' dir='ltr'>Si</span> <span class='ocrx_word' id='word_1_352' title='bbox 3068 1405 3324 1478; x_wconf 85' lang='lat' dir='ltr'>tetigerit</span> <span class='ocrx_word' id='word_1_353' title='bbox 3362 1405 3583 1476; x_wconf 90' lang='lat' dir='ltr'>aliquid</span> <span class='ocrx_word' id='word_1_354' title='bbox 3644 1406 3757 1461; x_wconf 90' lang='lat' dir='ltr'>im-</span> 
     </span>
    </p>
   </div>
   <div class='ocr_carea' id='block_1_46' title="bbox 2115 1494 3761 1568">
    <p class='ocr_par' dir='ltr' id='par_1_46' title="bbox 2115 1494 3761 1568">
     <span class='ocr_line' id='line_1_46' title="bbox 2115 1494 3761 1568; baseline 0.001 -18"><span class='ocrx_word' id='word_1_355' title='bbox 2115 1498 2426 1562; x_wconf 89' lang='lat' dir='ltr'>mundum,</span> <span class='ocrx_word' id='word_1_356' title='bbox 2459 1498 2612 1568; x_wconf 91' lang='lat' dir='ltr'>quod</span> <span class='ocrx_word' id='word_1_357' title='bbox 2646 1515 2761 1552; x_wconf 92' lang='lat' dir='ltr'>non</span> <span class='ocrx_word' id='word_1_358' title='bbox 2794 1496 2965 1552; x_wconf 91' lang='lat' dir='ltr'>liceat</span> <span class='ocrx_word' id='word_1_359' title='bbox 3002 1500 3261 1568; x_wconf 89' lang='lat' dir='ltr'>tangere,</span> <span class='ocrx_word' id='word_1_360' title='bbox 3309 1500 3366 1550; x_wconf 91' lang='lat' dir='ltr'>et</span> <span class='ocrx_word' id='word_1_361' title='bbox 3417 1494 3616 1550; x_wconf 82' lang='lat' dir='ltr'>iecerit</span> <span class='ocrx_word' id='word_1_362' title='bbox 3656 1511 3761 1566; x_wconf 84' lang='lat' dir='ltr'>per</span> 
     </span>
    </p>
   </div>
   <div class='ocr_carea' id='block_1_47' title="bbox 2115 1584 3760 1658">
    <p class='ocr_par' dir='ltr' id='par_1_47' title="bbox 2115 1584 3760 1658">
     <span class='ocr_line' id='line_1_47' title="bbox 2115 1584 3760 1658; baseline 0.001 -19"><span class='ocrx_word' id='word_1_363' title='bbox 2115 1585 2529 1656; x_wconf 84' lang='lat' dir='ltr'>ignorantiam,</span> <span class='ocrx_word' id='word_1_364' title='bbox 2563 1590 2619 1640; x_wconf 90' lang='lat' dir='ltr'>et</span> <span class='ocrx_word' id='word_1_365' title='bbox 2665 1589 2866 1658; x_wconf 88' lang='lat' dir='ltr'>postea</span> <span class='ocrx_word' id='word_1_366' title='bbox 2911 1584 3197 1650; x_wconf 88' lang='lat' dir='ltr'>didicerit,</span> <span class='ocrx_word' id='word_1_367' title='bbox 3253 1585 3371 1640; x_wconf 90' lang='lat' dir='ltr'>sive</span> <span class='ocrx_word' id='word_1_368' title='bbox 3422 1584 3760 1655; x_wconf 88' lang='lat' dir='ltr'>promiserit</span> 
     </span>
    </p>
   </div>
   <div class='ocr_carea' id='block_1_48' title="bbox 2117 1673 3754 1746">
    <p class='ocr_par' dir='ltr' id='par_1_48' title="bbox 2117 1673 3754 1746">
     <span class='ocr_line' id='line_1_48' title="bbox 2117 1673 3754 1746; baseline 0 -18"><span class='ocrx_word' id='word_1_369' title='bbox 2117 1673 2362 1745; x_wconf 90' lang='lat' dir='ltr'>aliquid,</span> <span class='ocrx_word' id='word_1_370' title='bbox 2394 1678 2452 1729; x_wconf 89' lang='lat' dir='ltr'>et</span> <span class='ocrx_word' id='word_1_371' title='bbox 2481 1675 2656 1730; x_wconf 86' lang='lat' dir='ltr'>fuerit</span> <span class='ocrx_word' id='word_1_372' title='bbox 2704 1673 2945 1742; x_wconf 90' lang='lat' dir='ltr'>oblitus,</span> <span class='ocrx_word' id='word_1_373' title='bbox 2994 1673 3401 1746; x_wconf 88' lang='lat' dir='ltr'>pronuntiabit</span> <span class='ocrx_word' id='word_1_374' title='bbox 3450 1679 3754 1744; x_wconf 86' lang='lat' dir='ltr'>peccatum</span> 
     </span>
    </p>
   </div>
   <div class='ocr_carea' id='block_1_49' title="bbox 2117 1762 3754 1834">
    <p class='ocr_par' dir='ltr' id='par_1_49' title="bbox 2117 1762 3754 1834">
     <span class='ocr_line' id='line_1_49' title="bbox 2117 1762 3754 1834; baseline 0.001 -18"><span class='ocrx_word' id='word_1_375' title='bbox 2117 1778 2315 1828; x_wconf 90' lang='lat' dir='ltr'>suum,</span> <span class='ocrx_word' id='word_1_376' title='bbox 2346 1762 2405 1817; x_wconf 92' lang='lat' dir='ltr'>in</span> <span class='ocrx_word' id='word_1_377' title='bbox 2438 1779 2554 1833; x_wconf 88' lang='lat' dir='ltr'>quo</span> <span class='ocrx_word' id='word_1_378' title='bbox 2586 1777 2858 1834; x_wconf 88' lang='lat' dir='ltr'>peccasse</span> <span class='ocrx_word' id='word_1_379' title='bbox 2889 1780 2949 1818; x_wconf 91' lang='lat' dir='ltr'>se</span> <span class='ocrx_word' id='word_1_380' title='bbox 2979 1762 3276 1834; x_wconf 87' lang='lat' dir='ltr'>perspicit,</span> <span class='ocrx_word' id='word_1_381' title='bbox 3309 1767 3365 1816; x_wconf 91' lang='lat' dir='ltr'>et</span> <span class='ocrx_word' id='word_1_382' title='bbox 3412 1763 3614 1817; x_wconf 83' lang='lat' dir='ltr'>offeret</span> <span class='ocrx_word' id='word_1_383' title='bbox 3647 1763 3754 1818; x_wconf 85' lang='lat' dir='ltr'>Do-</span> 
     </span>
    </p>
   </div>
   <div class='ocr_carea' id='block_1_50' title="bbox 2112 1850 3758 1923">
    <p class='ocr_par' dir='ltr' id='par_1_50' title="bbox 2112 1850 3758 1923">
     <span class='ocr_line' id='line_1_50' title="bbox 2112 1850 3758 1923; baseline 0.001 -18"><span class='ocrx_word' id='word_1_384' title='bbox 2112 1852 2271 1906; x_wconf 92' lang='lat' dir='ltr'>mino</span> <span class='ocrx_word' id='word_1_385' title='bbox 2303 1867 2407 1923; x_wconf 89' lang='lat' dir='ltr'>pro</span> <span class='ocrx_word' id='word_1_386' title='bbox 2438 1852 2528 1907; x_wconf 90' lang='lat' dir='ltr'>his</span> <span class='ocrx_word' id='word_1_387' title='bbox 2560 1869 2686 1922; x_wconf 69' lang='lat' dir='ltr'>quae</span> <span class='ocrx_word' id='word_1_388' title='bbox 2717 1852 3212 1923; x_wconf 86' lang='lat' dir='ltr'>peccavit,agnam</span> <span class='ocrx_word' id='word_1_389' title='bbox 3245 1850 3363 1906; x_wconf 89' lang='lat' dir='ltr'>sive</span> <span class='ocrx_word' id='word_1_390' title='bbox 3394 1867 3629 1923; x_wconf 85' lang='lat' dir='ltr'>capram</span> <span class='ocrx_word' id='word_1_391' title='bbox 3651 1867 3758 1923; x_wconf 89' lang='lat' dir='ltr'>pro</span> 
     </span>
    </p>
   </div>
   <div class='ocr_carea' id='block_1_51' title="bbox 2109 1939 3756 2012">
    <p class='ocr_par' dir='ltr' id='par_1_51' title="bbox 2109 1939 3756 2012">
     <span class='ocr_line' id='line_1_51' title="bbox 2109 1939 3756 2012; baseline 0.001 -18"><span class='ocrx_word' id='word_1_392' title='bbox 2109 1942 2344 2010; x_wconf 86' lang='lat' dir='ltr'>peccato</span> <span class='ocrx_word' id='word_1_393' title='bbox 2391 1957 2497 1995; x_wconf 91' lang='lat' dir='ltr'>suo</span> <span class='ocrx_word' id='word_1_394' title='bbox 2535 1941 2689 2011; x_wconf 90' lang='lat' dir='ltr'>quod</span> <span class='ocrx_word' id='word_1_395' title='bbox 2739 1940 3016 2011; x_wconf 86' lang='lat' dir='ltr'>peccavit,</span> <span class='ocrx_word' id='word_1_396' title='bbox 3065 1945 3122 1995; x_wconf 89' lang='lat' dir='ltr'>et</span> <span class='ocrx_word' id='word_1_397' title='bbox 3163 1939 3496 2011; x_wconf 86' lang='lat' dir='ltr'>precabitur</span> <span class='ocrx_word' id='word_1_398' title='bbox 3537 1955 3637 2012; x_wconf 90' lang='lat' dir='ltr'>pro</span> <span class='ocrx_word' id='word_1_399' title='bbox 3685 1956 3756 1995; x_wconf 89' lang='lat' dir='ltr'>eo</span> 
     </span>
    </p>
   </div>
   <div class='ocr_carea' id='block_1_52' title="bbox 2111 2028 3762 2100">
    <p class='ocr_par' dir='ltr' id='par_1_52' title="bbox 2111 2028 3762 2100">
     <span class='ocr_line' id='line_1_52' title="bbox 2111 2028 3762 2100; baseline 0.001 -18"><span class='ocrx_word' id='word_1_400' title='bbox 2111 2029 2386 2083; x_wconf 89' lang='lat' dir='ltr'>sacerdos</span> <span class='ocrx_word' id='word_1_401' title='bbox 2417 2033 2880 2100; x_wconf 84' lang='lat' dir='ltr'>superpeccato,</span> <span class='ocrx_word' id='word_1_402' title='bbox 2915 2033 2970 2084; x_wconf 90' lang='lat' dir='ltr'>et</span> <span class='ocrx_word' id='word_1_403' title='bbox 2998 2028 3330 2083; x_wconf 89' lang='lat' dir='ltr'>dimittetur</span> <span class='ocrx_word' id='word_1_404' title='bbox 3348 2028 3401 2084; x_wconf 90' lang='lat' dir='ltr'>ei</span> <span class='ocrx_word' id='word_1_405' title='bbox 3432 2032 3762 2100; x_wconf 86' lang='lat' dir='ltr'>peccatum,</span> 
     </span>
    </p>
   </div>
   <div class='ocr_carea' id='block_1_53' title="bbox 2109 2116 3760 2188">
    <p class='ocr_par' dir='ltr' id='par_1_53' title="bbox 2109 2116 3760 2188">
     <span class='ocr_line' id='line_1_53' title="bbox 2109 2116 3760 2188; baseline 0.001 -17"><span class='ocrx_word' id='word_1_406' title='bbox 2109 2116 2210 2171; x_wconf 90' lang='lat' dir='ltr'>Sin</span> <span class='ocrx_word' id='word_1_407' title='bbox 2243 2121 2438 2171; x_wconf 88' lang='lat' dir='ltr'>autem</span> <span class='ocrx_word' id='word_1_408' title='bbox 2470 2134 2585 2172; x_wconf 91' lang='lat' dir='ltr'>non</span> <span class='ocrx_word' id='word_1_409' title='bbox 2617 2116 2984 2188; x_wconf 81' lang='lat' dir='ltr'>praevaluerit</span> <span class='ocrx_word' id='word_1_410' title='bbox 3011 2133 3224 2172; x_wconf 84' lang='lat' dir='ltr'>manus</span> <span class='ocrx_word' id='word_1_411' title='bbox 3253 2117 3404 2186; x_wconf 89' lang='lat' dir='ltr'>ejus,</span> <span class='ocrx_word' id='word_1_412' title='bbox 3446 2120 3510 2172; x_wconf 88' lang='lat' dir='ltr'>ut</span> <span class='ocrx_word' id='word_1_413' title='bbox 3549 2117 3760 2173; x_wconf 76' lang='lat' dir='ltr'>oﬁ&#39;erat</span> 
     </span>
    </p>
   </div>
   <div class='ocr_carea' id='block_1_54' title="bbox 2112 2205 3758 2278">
    <p class='ocr_par' dir='ltr' id='par_1_54' title="bbox 2112 2205 3758 2278">
     <span class='ocr_line' id='line_1_54' title="bbox 2112 2205 3758 2278; baseline 0.001 -19"><span class='ocrx_word' id='word_1_414' title='bbox 2112 2220 2276 2260; x_wconf 89' lang='lat' dir='ltr'>ovem</span> <span class='ocrx_word' id='word_1_415' title='bbox 2308 2222 2412 2277; x_wconf 89' lang='lat' dir='ltr'>pro</span> <span class='ocrx_word' id='word_1_416' title='bbox 2468 2207 2726 2278; x_wconf 90' lang='lat' dir='ltr'>peccatis</span> <span class='ocrx_word' id='word_1_417' title='bbox 2783 2207 2908 2262; x_wconf 88' lang='lat' dir='ltr'>suis</span> <span class='ocrx_word' id='word_1_418' title='bbox 2968 2206 3185 2278; x_wconf 89' lang='lat' dir='ltr'>quibus</span> <span class='ocrx_word' id='word_1_419' title='bbox 3240 2205 3572 2277; x_wconf 77' lang='lat' dir='ltr'>peccavit‘,</span> <span class='ocrx_word' id='word_1_420' title='bbox 3607 2206 3758 2261; x_wconf 86' lang='lat' dir='ltr'>duos</span> 
     </span>
    </p>
   </div>
   <div class='ocr_carea' id='block_1_55' title="bbox 2109 2294 3756 2366">
    <p class='ocr_par' dir='ltr' id='par_1_55' title="bbox 2109 2294 3756 2366">
     <span class='ocr_line' id='line_1_55' title="bbox 2109 2294 3756 2366; baseline 0.002 -19"><span class='ocrx_word' id='word_1_421' title='bbox 2109 2297 2390 2364; x_wconf 89' lang='lat' dir='ltr'>turtures,</span> <span class='ocrx_word' id='word_1_422' title='bbox 2423 2298 2525 2348; x_wconf 91' lang='lat' dir='ltr'>aut</span> <span class='ocrx_word' id='word_1_423' title='bbox 2553 2295 2701 2350; x_wconf 93' lang='lat' dir='ltr'>duos</span> <span class='ocrx_word' id='word_1_424' title='bbox 2733 2294 2924 2366; x_wconf 90' lang='lat' dir='ltr'>pullos</span> <span class='ocrx_word' id='word_1_425' title='bbox 2954 2294 3361 2350; x_wconf 89' lang='lat' dir='ltr'>columbarum</span> <span class='ocrx_word' id='word_1_426' title='bbox 3415 2295 3616 2350; x_wconf 71' lang='lat' dir='ltr'>offeret</span> <span class='ocrx_word' id='word_1_427' title='bbox 3645 2298 3756 2350; x_wconf 87' lang='lat' dir='ltr'>Do-</span> 
     </span>
    </p>
   </div>
   <div class='ocr_carea' id='block_1_56' title="bbox 2113 2383 3752 2456">
    <p class='ocr_par' dir='ltr' id='par_1_56' title="bbox 2113 2383 3752 2456">
     <span class='ocr_line' id='line_1_56' title="bbox 2113 2383 3752 2456; baseline 0.001 -19"><span class='ocrx_word' id='word_1_428' title='bbox 2113 2383 2273 2438; x_wconf 90' lang='lat' dir='ltr'>mino</span> <span class='ocrx_word' id='word_1_429' title='bbox 2309 2400 2491 2438; x_wconf 92' lang='lat' dir='ltr'>unum</span> <span class='ocrx_word' id='word_1_430' title='bbox 2526 2400 2628 2455; x_wconf 89' lang='lat' dir='ltr'>pro</span> <span class='ocrx_word' id='word_1_431' title='bbox 2661 2389 2912 2456; x_wconf 88' lang='lat' dir='ltr'>peccato,</span> <span class='ocrx_word' id='word_1_432' title='bbox 2946 2389 3004 2440; x_wconf 89' lang='lat' dir='ltr'>et</span> <span class='ocrx_word' id='word_1_433' title='bbox 3032 2400 3216 2438; x_wconf 91' lang='lat' dir='ltr'>unum</span> <span class='ocrx_word' id='word_1_434' title='bbox 3249 2384 3307 2438; x_wconf 92' lang='lat' dir='ltr'>in</span> <span class='ocrx_word' id='word_1_435' title='bbox 3340 2383 3752 2440; x_wconf 87' lang='lat' dir='ltr'>holocaustum</span> 
     </span>
    </p>
   </div>
   <div class='ocr_carea' id='block_1_57' title="bbox 2112 2473 3758 2544">
    <p class='ocr_par' dir='ltr' id='par_1_57' title="bbox 2112 2473 3758 2544">
     <span class='ocr_line' id='line_1_57' title="bbox 2112 2473 3758 2544; baseline 0.002 -17"><span class='ocrx_word' id='word_1_436' title='bbox 2112 2477 2168 2527; x_wconf 90' lang='lat' dir='ltr'>et</span> <span class='ocrx_word' id='word_1_437' title='bbox 2199 2473 2453 2544; x_wconf 90' lang='lat' dir='ltr'>portabit</span> <span class='ocrx_word' id='word_1_438' title='bbox 2480 2491 2548 2529; x_wconf 92' lang='lat' dir='ltr'>ea</span> <span class='ocrx_word' id='word_1_439' title='bbox 2589 2473 2660 2528; x_wconf 90' lang='lat' dir='ltr'>ad</span> <span class='ocrx_word' id='word_1_440' title='bbox 2692 2474 3137 2537; x_wconf 84' lang='lat' dir='ltr'>sacerdotem,et</span> <span class='ocrx_word' id='word_1_441' title='bbox 3157 2474 3357 2529; x_wconf 73' lang='lat' dir='ltr'>offeret</span> <span class='ocrx_word' id='word_1_442' title='bbox 3392 2474 3666 2530; x_wconf 88' lang='lat' dir='ltr'>sacerdos</span> <span class='ocrx_word' id='word_1_443' title='bbox 3696 2475 3758 2531; x_wconf 90' lang='lat' dir='ltr'>id</span> 
     </span>
    </p>
   </div>
   <div class='ocr_carea' id='block_1_58' title="bbox 2113 2562 3760 2634">
    <p class='ocr_par' dir='ltr' id='par_1_58' title="bbox 2113 2562 3760 2634">
     <span class='ocr_line' id='line_1_58' title="bbox 2113 2562 3760 2634; baseline 0.002 -19"><span class='ocrx_word' id='word_1_444' title='bbox 2113 2562 2268 2632; x_wconf 92' lang='lat' dir='ltr'>quod</span> <span class='ocrx_word' id='word_1_445' title='bbox 2296 2579 2398 2633; x_wconf 91' lang='lat' dir='ltr'>pro</span> <span class='ocrx_word' id='word_1_446' title='bbox 2430 2567 2663 2634; x_wconf 88' lang='lat' dir='ltr'>peccato</span> <span class='ocrx_word' id='word_1_447' title='bbox 2694 2566 2783 2618; x_wconf 91' lang='lat' dir='ltr'>est</span> <span class='ocrx_word' id='word_1_448' title='bbox 2814 2563 3091 2634; x_wconf 91' lang='lat' dir='ltr'>primum,</span> <span class='ocrx_word' id='word_1_449' title='bbox 3124 2566 3181 2617; x_wconf 91' lang='lat' dir='ltr'>et</span> <span class='ocrx_word' id='word_1_450' title='bbox 3208 2566 3267 2616; x_wconf 82' lang='lat' dir='ltr'>in</span> <span class='ocrx_word' id='word_1_451' title='bbox 3319 2562 3446 2634; x_wconf 88' lang='lat' dir='ltr'>ipso</span> <span class='ocrx_word' id='word_1_452' title='bbox 3491 2565 3760 2619; x_wconf 85' lang='lat' dir='ltr'>reconci-</span> 
     </span>
    </p>
   </div>
   <div class='ocr_carea' id='block_1_59' title="bbox 2112 2650 3753 2723">
    <p class='ocr_par' dir='ltr' id='par_1_59' title="bbox 2112 2650 3753 2723">
     <span class='ocr_line' id='line_1_59' title="bbox 2112 2650 3753 2723; baseline 0 -15"><span class='ocrx_word' id='word_1_453' title='bbox 2112 2653 2356 2709; x_wconf 90' lang='lat' dir='ltr'>liabitur</span> <span class='ocrx_word' id='word_1_454' title='bbox 2378 2669 2482 2723; x_wconf 90' lang='lat' dir='ltr'>pro</span> <span class='ocrx_word' id='word_1_455' title='bbox 2514 2657 2750 2722; x_wconf 86' lang='lat' dir='ltr'>peccato</span> <span class='ocrx_word' id='word_1_456' title='bbox 2783 2652 2936 2722; x_wconf 91' lang='lat' dir='ltr'>quod</span> <span class='ocrx_word' id='word_1_457' title='bbox 2970 2651 3309 2722; x_wconf 86' lang='lat' dir='ltr'>peccavit,et</span> <span class='ocrx_word' id='word_1_458' title='bbox 3337 2650 3672 2707; x_wconf 85' lang='lat' dir='ltr'>dimittetur</span> <span class='ocrx_word' id='word_1_459' title='bbox 3701 2653 3753 2709; x_wconf 88' lang='lat' dir='ltr'>ei</span> 
     </span>
    </p>
   </div>
   <div class='ocr_carea' id='block_1_60' title="bbox 2113 2738 3758 2813">
    <p class='ocr_par' dir='ltr' id='par_1_60' title="bbox 2113 2738 3758 2813">
     <span class='ocr_line' id='line_1_60' title="bbox 2113 2738 3758 2813; baseline 0.002 -18"><span class='ocrx_word' id='word_1_460' title='bbox 2113 2744 2286 2812; x_wconf 72' lang='lat' dir='ltr'>(Lavit</span> <span class='ocrx_word' id='word_1_461' title='bbox 2314 2758 2371 2806; x_wconf 93' lang='lat' dir='ltr'>v,</span> <span class='ocrx_word' id='word_1_462' title='bbox 2403 2740 2661 2810; x_wconf 64' lang='lat' dir='ltr'>3seqq.),</span> <span class='ocrx_word' id='word_1_463' title='bbox 2713 2762 2739 2788; x_wconf 87' lang='grc'><strong>››</strong></span> <span class='ocrx_word' id='word_1_464' title='bbox 2797 2740 3129 2811; x_wconf 64' lang='lat' dir='ltr'>Caeteraque</span> <span class='ocrx_word' id='word_1_465' title='bbox 3178 2739 3272 2794; x_wconf 89' lang='lat' dir='ltr'>his</span> <span class='ocrx_word' id='word_1_466' title='bbox 3328 2738 3564 2804; x_wconf 76' lang='lat' dir='ltr'>similia,</span> <span class='ocrx_word' id='word_1_467' title='bbox 3626 2758 3758 2813; x_wconf 68' lang='lat' dir='ltr'>quae</span> 
     </span>
    </p>
   </div>
   <div class='ocr_carea' id='block_1_61' title="bbox 2113 2826 3755 2892">
    <p class='ocr_par' dir='ltr' id='par_1_61' title="bbox 2113 2826 3755 2892">
     <span class='ocr_line' id='line_1_61' title="bbox 2113 2826 3755 2892; baseline 0.002 -8"><span class='ocrx_word' id='word_1_468' title='bbox 2113 2829 2312 2884; x_wconf 83' lang='lat' dir='ltr'>studio</span> <span class='ocrx_word' id='word_1_469' title='bbox 2345 2827 2652 2881; x_wconf 86' lang='lat' dir='ltr'>brevitatis</span> <span class='ocrx_word' id='word_1_470' title='bbox 2683 2826 2910 2892; x_wconf 83' lang='lat' dir='ltr'>omitto,</span> <span class='ocrx_word' id='word_1_471' title='bbox 2968 2843 3040 2882; x_wconf 88' lang='lat' dir='ltr'>ne</span> <span class='ocrx_word' id='word_1_472' title='bbox 3093 2826 3394 2882; x_wconf 86' lang='lat' dir='ltr'>fastidium</span> <span class='ocrx_word' id='word_1_473' title='bbox 3449 2830 3755 2887; x_wconf 82' lang='lat' dir='ltr'>stomacho</span> 
     </span>
    </p>
   </div>
   <div class='ocr_carea' id='block_1_62' title="bbox 2112 2915 3760 2992">
    <p class='ocr_par' dir='ltr' id='par_1_62' title="bbox 2112 2915 3760 2992">
     <span class='ocr_line' id='line_1_62' title="bbox 2112 2915 3760 2992; baseline 0.001 -19"><span class='ocrx_word' id='word_1_474' title='bbox 2112 2923 2214 2974; x_wconf 90' lang='lat' dir='ltr'>tuo</span> <span class='ocrx_word' id='word_1_475' title='bbox 2246 2916 2548 2972; x_wconf 85' lang='lat' dir='ltr'>faciam.1n</span> <span class='ocrx_word' id='word_1_476' title='bbox 2579 2915 3074 2986; x_wconf 83' lang='lat' dir='ltr'>consequentibus</span> <span class='ocrx_word' id='word_1_477' title='bbox 3106 2931 3341 2987; x_wconf 89' lang='lat' dir='ltr'>quoque</span> <span class='ocrx_word' id='word_1_478' title='bbox 3371 2921 3570 2970; x_wconf 88' lang='lat' dir='ltr'>narrat</span> <span class='ocrx_word' id='word_1_479' title='bbox 3602 2918 3760 2992; x_wconf 78' lang='lat' dir='ltr'>Moy-</span> 
     </span>
    </p>
   </div>
   <div class='ocr_carea' id='block_1_63' title="bbox 2112 3003 3758 3078">
    <p class='ocr_par' dir='ltr' id='par_1_63' title="bbox 2112 3003 3758 3078">
     <span class='ocr_line' id='line_1_63' title="bbox 2112 3003 3758 3078; baseline -0.001 -13"><span class='ocrx_word' id='word_1_480' title='bbox 2112 3025 2206 3066; x_wconf 89' lang='lat' dir='ltr'>ses</span> <span class='ocrx_word' id='word_1_481' title='bbox 2241 3007 2399 3078; x_wconf 70' lang='lat' dir='ltr'>(Ibid.</span> <span class='ocrx_word' id='word_1_482' title='bbox 2432 3005 2580 3072; x_wconf 87' lang='lat' dir='ltr'>vm).</span> <span class='ocrx_word' id='word_1_483' title='bbox 2606 3005 2759 3076; x_wconf 89' lang='lat' dir='ltr'>quod</span> <span class='ocrx_word' id='word_1_484' title='bbox 2794 3003 2849 3058; x_wconf 91' lang='lat' dir='ltr'>in</span> <span class='ocrx_word' id='word_1_485' title='bbox 2883 3004 3316 3060; x_wconf 90' lang='lat' dir='ltr'>consecratione</span> <span class='ocrx_word' id='word_1_486' title='bbox 3341 3006 3530 3060; x_wconf 87' lang='lat' dir='ltr'>Aaron</span> <span class='ocrx_word' id='word_1_487' title='bbox 3579 3013 3636 3062; x_wconf 90' lang='lat' dir='ltr'>et</span> <span class='ocrx_word' id='word_1_488' title='bbox 3691 3011 3758 3065; x_wconf 79' lang='lat' dir='ltr'>fi-</span> 
     </span>
    </p>
   </div>
   <div class='ocr_carea' id='block_1_64' title="bbox 2112 3093 3758 3170">
    <p class='ocr_par' dir='ltr' id='par_1_64' title="bbox 2112 3093 3758 3170">
     <span class='ocr_line' id='line_1_64' title="bbox 2112 3093 3758 3170; baseline -0.001 -17"><span class='ocrx_word' id='word_1_489' title='bbox 2112 3099 2325 3154; x_wconf 88' lang='lat' dir='ltr'>liorum</span> <span class='ocrx_word' id='word_1_490' title='bbox 2357 3096 2484 3165; x_wconf 87' lang='lat' dir='ltr'>ejus</span> <span class='ocrx_word' id='word_1_491' title='bbox 2516 3094 2796 3149; x_wconf 89' lang='lat' dir='ltr'>obtulerit</span> <span class='ocrx_word' id='word_1_492' title='bbox 2822 3093 3069 3149; x_wconf 89' lang='lat' dir='ltr'>vitulum</span> <span class='ocrx_word' id='word_1_493' title='bbox 3103 3110 3205 3166; x_wconf 91' lang='lat' dir='ltr'>pro</span> <span class='ocrx_word' id='word_1_494' title='bbox 3256 3099 3514 3165; x_wconf 88' lang='lat' dir='ltr'>peccato,</span> <span class='ocrx_word' id='word_1_495' title='bbox 3563 3103 3620 3152; x_wconf 90' lang='lat' dir='ltr'>et</span> <span class='ocrx_word' id='word_1_496' title='bbox 3649 3116 3758 3170; x_wconf 89' lang='lat' dir='ltr'>po-</span> 
     </span>
    </p>
   </div>
   <div class='ocr_carea' id='block_1_65' title="bbox 361 3171 3757 3258">
    <p class='ocr_par' dir='ltr' id='par_1_65' title="bbox 361 3171 3757 3258">
     <span class='ocr_line' id='line_1_65' title="bbox 361 3171 3757 3258; baseline -0.001 -12"><span class='ocrx_word' id='word_1_497' title='bbox 361 3193 421 3246; x_wconf 90' lang='lat' dir='ltr'>in</span> <span class='ocrx_word' id='word_1_498' title='bbox 455 3191 598 3253; x_wconf 83' lang='lat' dir='ltr'>risu,</span> <span class='ocrx_word' id='word_1_499' title='bbox 629 3193 686 3243; x_wconf 89' lang='lat' dir='ltr'>et</span> <span class='ocrx_word' id='word_1_500' title='bbox 714 3188 842 3258; x_wconf 88' lang='lat' dir='ltr'>ipsa</span> <span class='ocrx_word' id='word_1_501' title='bbox 889 3185 1182 3256; x_wconf 83' lang='lat' dir='ltr'>cogitatio,</span> <span class='ocrx_word' id='word_1_502' title='bbox 1229 3183 1397 3254; x_wconf 87' lang='lat' dir='ltr'>quasi</span> <span class='ocrx_word' id='word_1_503' title='bbox 1452 3198 1588 3254; x_wconf 86' lang='lat' dir='ltr'>pars</span> <span class='ocrx_word' id='word_1_504' title='bbox 1637 3180 2000 3235; x_wconf 78' lang='lat' dir='ltr'>inﬁdelitatis</span> <span class='ocrx_word' id='word_1_505' title='bbox 2033 3171 2075 3236; x_wconf 81' lang='lat' dir='ltr'>C</span> <span class='ocrx_word' id='word_1_506' title='bbox 2114 3186 2297 3243; x_wconf 88' lang='lat' dir='ltr'>suerit</span> <span class='ocrx_word' id='word_1_507' title='bbox 2325 3187 2511 3238; x_wconf 87' lang='lat' dir='ltr'>Aaron</span> <span class='ocrx_word' id='word_1_508' title='bbox 2535 3187 2593 3238; x_wconf 92' lang='lat' dir='ltr'>et</span> <span class='ocrx_word' id='word_1_509' title='bbox 2625 3183 2726 3238; x_wconf 83' lang='lat' dir='ltr'>lilii</span> <span class='ocrx_word' id='word_1_510' title='bbox 2759 3184 2886 3253; x_wconf 83' lang='lat' dir='ltr'>ejus</span> <span class='ocrx_word' id='word_1_511' title='bbox 2919 3199 3129 3237; x_wconf 90' lang='lat' dir='ltr'>manus</span> <span class='ocrx_word' id='word_1_512' title='bbox 3163 3199 3339 3254; x_wconf 89' lang='lat' dir='ltr'>super</span> <span class='ocrx_word' id='word_1_513' title='bbox 3386 3200 3544 3250; x_wconf 89' lang='lat' dir='ltr'>eum,</span> <span class='ocrx_word' id='word_1_514' title='bbox 3578 3203 3757 3258; x_wconf 90' lang='lat' dir='ltr'>super</span> 
     </span>
    </p>
   </div>
   <div class='ocr_carea' id='block_1_66' title="bbox 360 3269 1998 3356">
    <p class='ocr_par' dir='ltr' id='par_1_66' title="bbox 360 3269 1998 3350">
     <span class='ocr_line' id='line_1_66' title="bbox 360 3269 1998 3350; baseline -0.007 -15"><span class='ocrx_word' id='word_1_515' title='bbox 360 3275 822 3350; x_wconf 88' lang='lat' dir='ltr'>reprehenditur.</span> <span class='ocrx_word' id='word_1_516' title='bbox 887 3275 1156 3345; x_wconf 75' lang='lat' dir='ltr'>Attamen</span> <span class='ocrx_word' id='word_1_517' title='bbox 1211 3289 1325 3325; x_wconf 89' lang='lat' dir='ltr'>non</span> <span class='ocrx_word' id='word_1_518' title='bbox 1371 3289 1438 3326; x_wconf 85' lang='lat' dir='ltr'>ex</span> <span class='ocrx_word' id='word_1_519' title='bbox 1486 3287 1550 3326; x_wconf 89' lang='lat' dir='ltr'>eo</span> <span class='ocrx_word' id='word_1_520' title='bbox 1599 3271 1753 3341; x_wconf 88' lang='lat' dir='ltr'>quod</span> <span class='ocrx_word' id='word_1_521' title='bbox 1798 3269 1998 3335; x_wconf 87' lang='lat' dir='ltr'>risere,</span> 
     </span>
    </p>
   </div>
   <div class='ocr_carea' id='block_1_67' title="bbox 361 3360 2002 3431">
    <p class='ocr_par' dir='ltr' id='par_1_67' title="bbox 361 3360 2002 3431">
     <span class='ocr_line' id='line_1_67' title="bbox 361 3360 2002 3431; baseline -0.007 -8"><span class='ocrx_word' id='word_1_522' title='bbox 361 3364 696 3423; x_wconf 63' lang='lat' dir='ltr'>difﬁdentia:</span> <span class='ocrx_word' id='word_1_523' title='bbox 741 3361 1225 3422; x_wconf 87' lang='lat' dir='ltr'>condemnantur,</span> <span class='ocrx_word' id='word_1_524' title='bbox 1259 3361 1359 3414; x_wconf 85' lang='lat' dir='ltr'>sed</span> <span class='ocrx_word' id='word_1_525' title='bbox 1401 3378 1467 3415; x_wconf 85' lang='lat' dir='ltr'>ex</span> <span class='ocrx_word' id='word_1_526' title='bbox 1517 3376 1582 3414; x_wconf 89' lang='lat' dir='ltr'>co</span> <span class='ocrx_word' id='word_1_527' title='bbox 1615 3360 1768 3431; x_wconf 90' lang='lat' dir='ltr'>quod</span> <span class='ocrx_word' id='word_1_528' title='bbox 1805 3362 2002 3428; x_wconf 86' lang='lat' dir='ltr'>postea</span> 
     </span>
    </p>
   </div>
   <div class='ocr_carea' id='block_1_68' title="bbox 361 3447 2000 3520">
    <p class='ocr_par' dir='ltr' id='par_1_68' title="bbox 361 3447 2000 3520">
     <span class='ocr_line' id='line_1_68' title="bbox 361 3447 2000 3520; baseline -0.008 -6"><span class='ocrx_word' id='word_1_529' title='bbox 361 3455 749 3517; x_wconf 89' lang='lat' dir='ltr'>crediderunt,</span> <span class='ocrx_word' id='word_1_530' title='bbox 779 3447 1021 3520; x_wconf 70' lang='lat' dir='ltr'>justitiae</span> <span class='ocrx_word' id='word_1_531' title='bbox 1054 3448 1310 3519; x_wconf 87' lang='lat' dir='ltr'>palmam</span> <span class='ocrx_word' id='word_1_532' title='bbox 1342 3452 1709 3520; x_wconf 90' lang='lat' dir='ltr'>acceperunt.</span> <span class='ocrx_word' id='word_1_533' title='bbox 1755 3449 1858 3503; x_wconf 89' lang='lat' dir='ltr'>Lot</span> <span class='ocrx_word' id='word_1_534' title='bbox 1903 3465 2000 3502; x_wconf 87' lang='lat' dir='ltr'>ne-</span> 
     </span>
    </p>
   </div>
   <div class='ocr_carea' id='block_1_69' title="bbox 360 3536 2002 3609">
    <p class='ocr_par' dir='ltr' id='par_1_69' title="bbox 360 3536 2002 3609">
     <span class='ocr_line' id='line_1_69' title="bbox 360 3536 2002 3609; baseline -0.009 -5"><span class='ocrx_word' id='word_1_535' title='bbox 360 3547 470 3605; x_wconf 86' lang='lat' dir='ltr'>scit</span> <span class='ocrx_word' id='word_1_536' title='bbox 499 3545 560 3599; x_wconf 90' lang='lat' dir='ltr'>in</span> <span class='ocrx_word' id='word_1_537' title='bbox 592 3539 902 3598; x_wconf 88' lang='lat' dir='ltr'>concubitu</span> <span class='ocrx_word' id='word_1_538' title='bbox 938 3538 1189 3592; x_wconf 73' lang='lat' dir='ltr'>filiarum</span> <span class='ocrx_word' id='word_1_539' title='bbox 1220 3537 1358 3609; x_wconf 86' lang='lat' dir='ltr'>quid</span> <span class='ocrx_word' id='word_1_540' title='bbox 1396 3536 1611 3605; x_wconf 89' lang='lat' dir='ltr'>fecerit,</span> <span class='ocrx_word' id='word_1_541' title='bbox 1643 3542 1702 3592; x_wconf 88' lang='lat' dir='ltr'>et</span> <span class='ocrx_word' id='word_1_542' title='bbox 1749 3536 2002 3591; x_wconf 89' lang='lat' dir='ltr'>inebria-</span> 
     </span>
    </p>
   </div>
   <div class='ocr_carea' id='block_1_70' title="bbox 359 3627 2000 3694">
    <p class='ocr_par' dir='ltr' id='par_1_70' title="bbox 359 3627 2000 3694">
     <span class='ocr_line' id='line_1_70' title="bbox 359 3627 2000 3694; baseline -0.008 0"><span class='ocrx_word' id='word_1_543' title='bbox 359 3643 457 3694; x_wconf 87' lang='lat' dir='ltr'>tus</span> <span class='ocrx_word' id='word_1_544' title='bbox 488 3635 559 3690; x_wconf 89' lang='lat' dir='ltr'>ah</span> <span class='ocrx_word' id='word_1_545' title='bbox 591 3633 672 3689; x_wconf 88' lang='lat' dir='ltr'>eis</span> <span class='ocrx_word' id='word_1_546' title='bbox 709 3647 822 3685; x_wconf 93' lang='lat' dir='ltr'>non</span> <span class='ocrx_word' id='word_1_547' title='bbox 844 3627 1020 3683; x_wconf 90' lang='lat' dir='ltr'>habet</span> <span class='ocrx_word' id='word_1_548' title='bbox 1052 3627 1270 3682; x_wconf 89' lang='lat' dir='ltr'>crimen</span> <span class='ocrx_word' id='word_1_549' title='bbox 1295 3627 1687 3693; x_wconf 66' lang='lat' dir='ltr'>conscientia),</span> <span class='ocrx_word' id='word_1_550' title='bbox 1722 3630 1779 3680; x_wconf 91' lang='lat' dir='ltr'>et</span> <span class='ocrx_word' id='word_1_551' title='bbox 1804 3630 2000 3681; x_wconf 88' lang='lat' dir='ltr'>tamen</span> 
     </span>
    </p>
   </div>
   <div class='ocr_carea' id='block_1_71' title="bbox 360 3715 1999 3788">
    <p class='ocr_par' dir='ltr' id='par_1_71' title="bbox 360 3715 1999 3788">
     <span class='ocr_line' id='line_1_71' title="bbox 360 3715 1999 3788; baseline -0.009 -5"><span class='ocrx_word' id='word_1_552' title='bbox 360 3742 520 3784; x_wconf 90' lang='lat' dir='ltr'>error</span> <span class='ocrx_word' id='word_1_553' title='bbox 546 3723 606 3777; x_wconf 87' lang='lat' dir='ltr'>in</span> <span class='ocrx_word' id='word_1_554' title='bbox 635 3720 773 3775; x_wconf 90' lang='lat' dir='ltr'>vitio</span> <span class='ocrx_word' id='word_1_555' title='bbox 805 3722 912 3774; x_wconf 90' lang='lat' dir='ltr'>cst.</span> <span class='ocrx_word' id='word_1_556' title='bbox 965 3720 1156 3788; x_wconf 88' lang='lat' dir='ltr'>Argue</span> <span class='ocrx_word' id='word_1_557' title='bbox 1217 3720 1488 3771; x_wconf 90' lang='lat' dir='ltr'>sanctum</span> <span class='ocrx_word' id='word_1_558' title='bbox 1549 3715 1737 3770; x_wconf 83' lang='lat' dir='ltr'>virum</span> <span class='ocrx_word' id='word_1_559' title='bbox 1795 3715 1999 3770; x_wconf 87' lang='lat' dir='ltr'>Jacob.</span> 
     </span>
    </p>
   </div>
   <div class='ocr_carea' id='block_1_72' title="bbox 363 3804 2001 3888">
    <p class='ocr_par' dir='ltr' id='par_1_72' title="bbox 363 3804 2001 3888">
     <span class='ocr_line' id='line_1_72' title="bbox 363 3804 2001 3888; baseline -0.007 -19"><span class='ocrx_word' id='word_1_560' title='bbox 363 3828 545 3888; x_wconf 88' lang='lat' dir='ltr'>quare</span> <span class='ocrx_word' id='word_1_561' title='bbox 575 3807 784 3865; x_wconf 82' lang='lat' dir='ltr'>Rachel</span> <span class='ocrx_word' id='word_1_562' title='bbox 817 3807 1129 3861; x_wconf 81' lang='lat' dir='ltr'>formosam</span> <span class='ocrx_word' id='word_1_563' title='bbox 1164 3804 1446 3873; x_wconf 85' lang='lat' dir='ltr'>dilexerit,</span> <span class='ocrx_word' id='word_1_564' title='bbox 1476 3821 1578 3876; x_wconf 90' lang='lat' dir='ltr'>pro</span> <span class='ocrx_word' id='word_1_565' title='bbox 1611 3821 1729 3876; x_wconf 88' lang='lat' dir='ltr'>qua</span> <span class='ocrx_word' id='word_1_566' title='bbox 1784 3809 1840 3858; x_wconf 91' lang='lat' dir='ltr'>et</span> <span class='ocrx_word' id='word_1_567' title='bbox 1881 3820 2001 3859; x_wconf 88' lang='lat' dir='ltr'>ser-</span> 
     </span>
    </p>
   </div>
   <div class='ocr_carea' id='block_1_73' title="bbox 360 3892 2002 3965">
    <p class='ocr_par' dir='ltr' id='par_1_73' title="bbox 360 3892 2002 3965">
     <span class='ocr_line' id='line_1_73' title="bbox 360 3892 2002 3965; baseline -0.007 -7"><span class='ocrx_word' id='word_1_568' title='bbox 360 3903 500 3958; x_wconf 88' lang='lat' dir='ltr'>vivit</span> <span class='ocrx_word' id='word_1_569' title='bbox 557 3898 740 3954; x_wconf 89' lang='lat' dir='ltr'>multo</span> <span class='ocrx_word' id='word_1_570' title='bbox 798 3900 1077 3965; x_wconf 88' lang='lat' dir='ltr'>tempore,</span> <span class='ocrx_word' id='word_1_571' title='bbox 1125 3898 1182 3948; x_wconf 88' lang='lat' dir='ltr'>et</span> <span class='ocrx_word' id='word_1_572' title='bbox 1228 3894 1287 3947; x_wconf 91' lang='lat' dir='ltr'>in</span> <span class='ocrx_word' id='word_1_573' title='bbox 1321 3893 1431 3948; x_wconf 76' lang='lat' dir='ltr'>Lize</span> <span class='ocrx_word' id='word_1_574' title='bbox 1466 3892 1656 3964; x_wconf 91' lang='lat' dir='ltr'>primo</span> <span class='ocrx_word' id='word_1_575' title='bbox 1683 3893 2002 3947; x_wconf 89' lang='lat' dir='ltr'>concubitu</span> 
     </span>
    </p>
   </div>
   <div class='ocr_carea' id='block_1_74' title="bbox 361 3981 2002 4054">
    <p class='ocr_par' dir='ltr' id='par_1_74' title="bbox 361 3981 2002 4054">
     <span class='ocr_line' id='line_1_74' title="bbox 361 3981 2002 4054; baseline -0.007 -7"><span class='ocrx_word' id='word_1_576' title='bbox 361 3990 538 4047; x_wconf 88' lang='lat' dir='ltr'>fuerit</span> <span class='ocrx_word' id='word_1_577' title='bbox 569 3985 946 4043; x_wconf 89' lang='lat' dir='ltr'>contristatus</span> <span class='ocrx_word' id='word_1_578' title='bbox 980 4001 992 4050; x_wconf 91' lang='lat'><strong>;</strong></span> <span class='ocrx_word' id='word_1_579' title='bbox 1024 3988 1081 4038; x_wconf 85' lang='lat' dir='ltr'>et</span> <span class='ocrx_word' id='word_1_580' title='bbox 1128 3983 1431 4054; x_wconf 87' lang='lat' dir='ltr'>acquiesce</span> <span class='ocrx_word' id='word_1_581' title='bbox 1459 3983 1696 4036; x_wconf 87' lang='lat' dir='ltr'>tandem</span> <span class='ocrx_word' id='word_1_582' title='bbox 1729 3981 2002 4036; x_wconf 69' lang='lat' dir='ltr'>humanae</span> 
     </span>
    </p>
   </div>
   <div class='ocr_carea' id='block_1_75' title="bbox 362 4070 2005 4151">
    <p class='ocr_par' dir='ltr' id='par_1_75' title="bbox 362 4070 2005 4151">
     <span class='ocr_line' id='line_1_75' title="bbox 362 4070 2005 4151; baseline -0.007 -16"><span class='ocrx_word' id='word_1_583' title='bbox 362 4076 684 4151; x_wconf 86' lang='lat' dir='ltr'>fragilitati,</span> <span class='ocrx_word' id='word_1_584' title='bbox 715 4091 842 4146; x_wconf 68' lang='lat' dir='ltr'>quae</span> <span class='ocrx_word' id='word_1_585' title='bbox 875 4073 1048 4127; x_wconf 91' lang='lat' dir='ltr'>etiam</span> <span class='ocrx_word' id='word_1_586' title='bbox 1079 4071 1322 4143; x_wconf 85' lang='lat' dir='ltr'>pulchra</span> <span class='ocrx_word' id='word_1_587' title='bbox 1370 4087 1614 4142; x_wconf 91' lang='lat' dir='ltr'>corpora</span> <span class='ocrx_word' id='word_1_588' title='bbox 1672 4070 1885 4141; x_wconf 89' lang='lat' dir='ltr'>diligit,</span> <span class='ocrx_word' id='word_1_589' title='bbox 1948 4074 2005 4125; x_wconf 89' lang='lat' dir='ltr'>et</span> 
     </span>
    </p>
   </div>
   <div class='ocr_carea' id='block_1_76' title="bbox 361 4158 2001 4233">
    <p class='ocr_par' dir='ltr' id='par_1_76' title="bbox 361 4158 2001 4233">
     <span class='ocr_line' id='line_1_76' title="bbox 361 4158 2001 4233; baseline -0.007 -8"><span class='ocrx_word' id='word_1_590' title='bbox 361 4166 646 4225; x_wconf 91' lang='lat' dir='ltr'>deformia</span> <span class='ocrx_word' id='word_1_591' title='bbox 675 4165 1013 4219; x_wconf 86' lang='lat' dir='ltr'>detestatur.</span> <span class='ocrx_word' id='word_1_592' title='bbox 1049 4161 1234 4233; x_wconf 87' lang='lat' dir='ltr'>Luget</span> <span class='ocrx_word' id='word_1_593' title='bbox 1263 4161 1442 4215; x_wconf 89' lang='lat' dir='ltr'>Jacob</span> <span class='ocrx_word' id='word_1_594' title='bbox 1477 4163 1722 4214; x_wconf 90' lang='lat' dir='ltr'>mortem</span> <span class='ocrx_word' id='word_1_595' title='bbox 1756 4158 1860 4212; x_wconf 82' lang='lat' dir='ltr'>filii</span> <span class='ocrx_word' id='word_1_596' title='bbox 1911 4160 2001 4213; x_wconf 90' lang='lat' dir='ltr'>sui</span> 
     </span>
    </p>
   </div>
   <div class='ocr_carea' id='block_1_77' title="bbox 359 4247 2004 4327">
    <p class='ocr_par' dir='ltr' id='par_1_77' title="bbox 359 4247 2004 4327">
     <span class='ocr_line' id='line_1_77' title="bbox 359 4247 2004 4327; baseline -0.009 -12"><span class='ocrx_word' id='word_1_597' title='bbox 359 4256 601 4327; x_wconf 85' lang='lat' dir='ltr'>Joseph,</span> <span class='ocrx_word' id='word_1_598' title='bbox 635 4259 688 4309; x_wconf 92' lang='lat' dir='ltr'>et</span> <span class='ocrx_word' id='word_1_599' title='bbox 723 4251 904 4307; x_wconf 91' lang='lat' dir='ltr'>multo</span> <span class='ocrx_word' id='word_1_600' title='bbox 936 4255 1196 4321; x_wconf 88' lang='lat' dir='ltr'>tempore</span> <span class='ocrx_word' id='word_1_601' title='bbox 1227 4248 1684 4304; x_wconf 89' lang='lat' dir='ltr'>consolationem</span> <span class='ocrx_word' id='word_1_602' title='bbox 1717 4264 1833 4302; x_wconf 91' lang='lat' dir='ltr'>non</span> <span class='ocrx_word' id='word_1_603' title='bbox 1866 4247 2004 4301; x_wconf 82' lang='lat' dir='ltr'>reei-</span> 
     </span>
    </p>
   </div>
   <div class='ocr_carea' id='block_1_78' title="bbox 360 4337 2003 4420">
    <p class='ocr_par' dir='ltr' id='par_1_78' title="bbox 360 4337 2003 4420">
     <span class='ocr_line' id='line_1_78' title="bbox 360 4337 2003 4420; baseline -0.01 -16"><span class='ocrx_word' id='word_1_604' title='bbox 360 4347 446 4420; x_wconf 92' lang='lat' dir='ltr'>pit</span> <span class='ocrx_word' id='word_1_605' title='bbox 479 4345 629 4402; x_wconf 72' lang='lat'>132</span> <span class='ocrx_word' id='word_1_606' title='bbox 661 4342 939 4404; x_wconf 79' lang='lat' dir='ltr'>filiorum,</span> <span class='ocrx_word' id='word_1_607' title='bbox 973 4338 1399 4409; x_wconf 87' lang='lat' dir='ltr'>respondetque</span> <span class='ocrx_word' id='word_1_608' title='bbox 1433 4354 1445 4391; x_wconf 93' lang='lat'>:</span> <span class='ocrx_word' id='word_1_609' title='bbox 1484 4361 1510 4384; x_wconf 82' lang='lat'><strong><em>«</em></strong></span> <span class='ocrx_word' id='word_1_610' title='bbox 1550 4337 1775 4408; x_wconf 82' lang='lat' dir='ltr'>Lugens</span> <span class='ocrx_word' id='word_1_611' title='bbox 1817 4339 1873 4388; x_wconf 92' lang='lat' dir='ltr'>et</span> <span class='ocrx_word' id='word_1_612' title='bbox 1904 4351 2003 4408; x_wconf 89' lang='lat' dir='ltr'>ge-</span> 
     </span>
    </p>
   </div>
   <div class='ocr_carea' id='block_1_79' title="bbox 361 4424 2006 4501">
    <p class='ocr_par' dir='ltr' id='par_1_79' title="bbox 361 4424 2006 4501">
     <span class='ocr_line' id='line_1_79' title="bbox 361 4424 2006 4501; baseline -0.008 -10"><span class='ocrx_word' id='word_1_613' title='bbox 361 4451 548 4501; x_wconf 91' lang='lat' dir='ltr'>mens,</span> <span class='ocrx_word' id='word_1_614' title='bbox 578 4433 788 4487; x_wconf 85' lang='lat' dir='ltr'>vadam</span> <span class='ocrx_word' id='word_1_615' title='bbox 821 4429 891 4484; x_wconf 86' lang='lat' dir='ltr'>ad</span> <span class='ocrx_word' id='word_1_616' title='bbox 923 4428 1217 4482; x_wconf 81' lang='lat' dir='ltr'>infernum</span> <span class='ocrx_word' id='word_1_617' title='bbox 1248 4425 1381 4496; x_wconf 84' lang='lat' dir='ltr'>(Gen</span> <span class='ocrx_word' id='word_1_618' title='bbox 1431 4441 1643 4490; x_wconf 84' lang='lat' dir='ltr'>xxxvu,</span> <span class='ocrx_word' id='word_1_619' title='bbox 1697 4424 1788 4494; x_wconf 87' lang='grc'>35)</span> <span class='ocrx_word' id='word_1_620' title='bbox 1843 4441 1855 4479; x_wconf 91' lang='lat'><strong>:</strong></span> <span class='ocrx_word' id='word_1_621' title='bbox 1888 4445 1916 4474; x_wconf 85' lang='lat'><strong>»</strong></span> <span class='ocrx_word' id='word_1_622' title='bbox 1949 4428 2006 4479; x_wconf 93' lang='lat' dir='ltr'>et</span> 
     </span>
    </p>
   </div>
   <div class='ocr_carea' id='block_1_80' title="bbox 2113 3270 3760 3346">
    <p class='ocr_par' dir='ltr' id='par_1_80' title="bbox 2113 3270 3760 3346">
     <span class='ocr_line' id='line_1_80' title="bbox 2113 3270 3760 3346; baseline 0 -16"><span class='ocrx_word' id='word_1_623' title='bbox 2113 3280 2286 3346; x_wconf 86' lang='lat' dir='ltr'>caput</span> <span class='ocrx_word' id='word_1_624' title='bbox 2314 3271 2582 3328; x_wconf 88' lang='lat' dir='ltr'>videlicet</span> <span class='ocrx_word' id='word_1_625' title='bbox 2611 3270 2797 3338; x_wconf 87' lang='lat' dir='ltr'>vituli,</span> <span class='ocrx_word' id='word_1_626' title='bbox 2824 3271 2922 3342; x_wconf 91' lang='lat' dir='ltr'>qui</span> <span class='ocrx_word' id='word_1_627' title='bbox 2953 3275 3076 3325; x_wconf 89' lang='lat' dir='ltr'>erat</span> <span class='ocrx_word' id='word_1_628' title='bbox 3100 3287 3202 3342; x_wconf 90' lang='lat' dir='ltr'>pro</span> <span class='ocrx_word' id='word_1_629' title='bbox 3244 3275 3501 3342; x_wconf 89' lang='lat' dir='ltr'>peccato,</span> <span class='ocrx_word' id='word_1_630' title='bbox 3533 3278 3590 3328; x_wconf 86' lang='lat' dir='ltr'>et</span> <span class='ocrx_word' id='word_1_631' title='bbox 3636 3292 3760 3331; x_wconf 88' lang='lat' dir='ltr'>ma-</span> 
     </span>
    </p>
   </div>
   <div class='ocr_carea' id='block_1_81' title="bbox 2112 3359 3753 3433">
    <p class='ocr_par' dir='ltr' id='par_1_81' title="bbox 2112 3359 3753 3433">
     <span class='ocr_line' id='line_1_81' title="bbox 2112 3359 3753 3433; baseline 0.001 -15"><span class='ocrx_word' id='word_1_632' title='bbox 2112 3361 2354 3418; x_wconf 85' lang='lat' dir='ltr'>ctaverit</span> <span class='ocrx_word' id='word_1_633' title='bbox 2383 3364 2604 3425; x_wconf 90' lang='lat' dir='ltr'>eum,et</span> <span class='ocrx_word' id='word_1_634' title='bbox 2634 3361 2832 3414; x_wconf 89' lang='lat' dir='ltr'>tulerit</span> <span class='ocrx_word' id='word_1_635' title='bbox 2863 3362 2933 3414; x_wconf 91' lang='lat' dir='ltr'>de</span> <span class='ocrx_word' id='word_1_636' title='bbox 2963 3361 3090 3428; x_wconf 87' lang='lat' dir='ltr'>ejus</span> <span class='ocrx_word' id='word_1_637' title='bbox 3133 3359 3507 3431; x_wconf 87' lang='lat' dir='ltr'>sanguine.et</span> <span class='ocrx_word' id='word_1_638' title='bbox 3539 3378 3753 3433; x_wconf 85' lang='lat' dir='ltr'>posue-</span> 
     </span>
    </p>
   </div>
   <div class='ocr_carea' id='block_1_82' title="bbox 2116 3447 3760 3521">
    <p class='ocr_par' dir='ltr' id='par_1_82' title="bbox 2116 3447 3760 3521">
     <span class='ocr_line' id='line_1_82' title="bbox 2116 3447 3760 3521; baseline 0.001 -16"><span class='ocrx_word' id='word_1_639' title='bbox 2116 3452 2189 3505; x_wconf 89' lang='lat' dir='ltr'>rit</span> <span class='ocrx_word' id='word_1_640' title='bbox 2221 3465 2398 3521; x_wconf 85' lang='lat' dir='ltr'>super</span> <span class='ocrx_word' id='word_1_641' title='bbox 2428 3465 2648 3503; x_wconf 86' lang='lat' dir='ltr'>cornua</span> <span class='ocrx_word' id='word_1_642' title='bbox 2679 3447 2882 3504; x_wconf 87' lang='lat' dir='ltr'>altaris</span> <span class='ocrx_word' id='word_1_643' title='bbox 2921 3449 2979 3502; x_wconf 89' lang='lat' dir='ltr'>in</span> <span class='ocrx_word' id='word_1_644' title='bbox 3025 3447 3270 3502; x_wconf 88' lang='lat' dir='ltr'>circuitu</span> <span class='ocrx_word' id='word_1_645' title='bbox 3311 3448 3491 3520; x_wconf 89' lang='lat' dir='ltr'>digito</span> <span class='ocrx_word' id='word_1_646' title='bbox 3538 3467 3642 3506; x_wconf 91' lang='lat' dir='ltr'>suo</span> <span class='ocrx_word' id='word_1_647' title='bbox 3674 3457 3760 3506; x_wconf 88' lang='lat' dir='ltr'>at-</span> 
     </span>
    </p>
   </div>
   <div class='ocr_carea' id='block_1_83' title="bbox 2114 3535 3756 3616">
    <p class='ocr_par' dir='ltr' id='par_1_83' title="bbox 2114 3535 3756 3616">
     <span class='ocr_line' id='line_1_83' title="bbox 2114 3535 3756 3616; baseline -0.001 -20"><span class='ocrx_word' id='word_1_648' title='bbox 2114 3558 2226 3616; x_wconf 89' lang='lat' dir='ltr'>que</span> <span class='ocrx_word' id='word_1_649' title='bbox 2254 3539 2433 3595; x_wconf 87' lang='lat' dir='ltr'>altare</span> <span class='ocrx_word' id='word_1_650' title='bbox 2465 3537 2852 3592; x_wconf 89' lang='lat' dir='ltr'>mundaverit.</span> <span class='ocrx_word' id='word_1_651' title='bbox 2911 3535 3187 3591; x_wconf 88' lang='lat' dir='ltr'>Similiter</span> <span class='ocrx_word' id='word_1_652' title='bbox 3242 3536 3300 3590; x_wconf 90' lang='lat' dir='ltr'>in</span> <span class='ocrx_word' id='word_1_653' title='bbox 3362 3539 3512 3594; x_wconf 76' lang='lat'>133</span> <span class='ocrx_word' id='word_1_654' title='bbox 3571 3539 3756 3595; x_wconf 86' lang='lat' dir='ltr'>ariete</span> 
     </span>
    </p>
   </div>
   <div class='ocr_carea' id='block_1_84' title="bbox 2113 3625 3758 3700">
    <p class='ocr_par' dir='ltr' id='par_1_84' title="bbox 2113 3625 3758 3700">
     <span class='ocr_line' id='line_1_84' title="bbox 2113 3625 3758 3700; baseline -0.001 -13"><span class='ocrx_word' id='word_1_655' title='bbox 2113 3631 2393 3696; x_wconf 84' lang='lat' dir='ltr'>tecerit,et</span> <span class='ocrx_word' id='word_1_656' title='bbox 2413 3627 2482 3682; x_wconf 90' lang='lat' dir='ltr'>de</span> <span class='ocrx_word' id='word_1_657' title='bbox 2508 3626 2792 3699; x_wconf 86' lang='lat' dir='ltr'>sanguine</span> <span class='ocrx_word' id='word_1_658' title='bbox 2822 3628 2949 3697; x_wconf 85' lang='lat' dir='ltr'>ejus</span> <span class='ocrx_word' id='word_1_659' title='bbox 2980 3625 3237 3698; x_wconf 89' lang='lat' dir='ltr'>tetigerit</span> <span class='ocrx_word' id='word_1_660' title='bbox 3267 3627 3591 3683; x_wconf 87' lang='lat' dir='ltr'>auriculam</span> <span class='ocrx_word' id='word_1_661' title='bbox 3624 3631 3758 3700; x_wconf 88' lang='lat' dir='ltr'>ejus</span> 
     </span>
    </p>
   </div>
   <div class='ocr_carea' id='block_1_85' title="bbox 2114 3716 3759 3782">
    <p class='ocr_par' dir='ltr' id='par_1_85' title="bbox 2114 3716 3759 3782">
     <span class='ocr_line' id='line_1_85' title="bbox 2114 3716 3759 3782; baseline -0.001 -7"><span class='ocrx_word' id='word_1_662' title='bbox 2114 3722 2431 3782; x_wconf 81' lang='lat' dir='ltr'>dexteram,</span> <span class='ocrx_word' id='word_1_663' title='bbox 2483 3720 2540 3770; x_wconf 90' lang='lat' dir='ltr'>et</span> <span class='ocrx_word' id='word_1_664' title='bbox 2593 3731 2831 3768; x_wconf 89' lang='lat' dir='ltr'>manum</span> <span class='ocrx_word' id='word_1_665' title='bbox 2884 3716 3204 3779; x_wconf 86' lang='lat' dir='ltr'>dexteram,</span> <span class='ocrx_word' id='word_1_666' title='bbox 3253 3720 3310 3769; x_wconf 88' lang='lat' dir='ltr'>et</span> <span class='ocrx_word' id='word_1_667' title='bbox 3353 3717 3759 3774; x_wconf 89' lang='lat' dir='ltr'>summitatem</span> 
     </span>
    </p>
   </div>
   <div class='ocr_carea' id='block_1_86' title="bbox 2113 3803 3764 3880">
    <p class='ocr_par' dir='ltr' id='par_1_86' title="bbox 2113 3803 3764 3880">
     <span class='ocr_line' id='line_1_86' title="bbox 2113 3803 3764 3880; baseline -0.002 -16"><span class='ocrx_word' id='word_1_668' title='bbox 2113 3807 2279 3880; x_wconf 89' lang='lat' dir='ltr'>pedis</span> <span class='ocrx_word' id='word_1_669' title='bbox 2308 3804 2515 3860; x_wconf 85' lang='lat' dir='ltr'>dextri.</span> <span class='ocrx_word' id='word_1_670' title='bbox 2553 3805 2620 3858; x_wconf 84' lang='lat' dir='ltr'>Et</span> <span class='ocrx_word' id='word_1_671' title='bbox 2651 3808 2781 3874; x_wconf 90' lang='lat' dir='ltr'>post</span> <span class='ocrx_word' id='word_1_672' title='bbox 2813 3803 3001 3858; x_wconf 89' lang='lat' dir='ltr'>multa</span> <span class='ocrx_word' id='word_1_673' title='bbox 3030 3803 3165 3867; x_wconf 89' lang='lat' dir='ltr'>alia,</span> <span class='ocrx_word' id='word_1_674' title='bbox 3201 3819 3326 3875; x_wconf 74' lang='lat' dir='ltr'>qua:</span> <span class='ocrx_word' id='word_1_675' title='bbox 3373 3822 3606 3861; x_wconf 86' lang='lat' dir='ltr'>narrare</span> <span class='ocrx_word' id='word_1_676' title='bbox 3637 3806 3764 3862; x_wconf 88' lang='lat' dir='ltr'>lon-</span> 
     </span>
    </p>
   </div>
   <div class='ocr_carea' id='block_1_87' title="bbox 2113 3893 3762 3969">
    <p class='ocr_par' dir='ltr' id='par_1_87' title="bbox 2113 3893 3762 3969">
     <span class='ocr_line' id='line_1_87' title="bbox 2113 3893 3762 3969; baseline -0.001 -19"><span class='ocrx_word' id='word_1_677' title='bbox 2113 3896 2424 3969; x_wconf 88' lang='lat' dir='ltr'>gissimum</span> <span class='ocrx_word' id='word_1_678' title='bbox 2452 3896 2558 3961; x_wconf 84' lang='lat' dir='ltr'>est,</span> <span class='ocrx_word' id='word_1_679' title='bbox 2591 3893 2950 3946; x_wconf 84' lang='lat' dir='ltr'>enumeratis</span> <span class='ocrx_word' id='word_1_680' title='bbox 2982 3893 3196 3947; x_wconf 86' lang='lat' dir='ltr'>diebus</span> <span class='ocrx_word' id='word_1_681' title='bbox 3230 3898 3454 3966; x_wconf 87' lang='lat' dir='ltr'>septem</span> <span class='ocrx_word' id='word_1_682' title='bbox 3507 3895 3585 3950; x_wconf 89' lang='lat' dir='ltr'>ita</span> <span class='ocrx_word' id='word_1_683' title='bbox 3616 3895 3762 3968; x_wconf 85' lang='lat' dir='ltr'>legi-</span> 
     </span>
    </p>
   </div>
   <div class='ocr_carea' id='block_1_88' title="bbox 2115 3980 3763 4052">
    <p class='ocr_par' dir='ltr' id='par_1_88' title="bbox 2115 3980 3763 4052">
     <span class='ocr_line' id='line_1_88' title="bbox 2115 3980 3763 4052; baseline 0.004 -19"><span class='ocrx_word' id='word_1_684' title='bbox 2115 4003 2248 4040; x_wconf 78' lang='lat' dir='ltr'>mus</span> <span class='ocrx_word' id='word_1_685' title='bbox 2282 4003 2294 4040; x_wconf 76' lang='grc' dir='ltr'>ε</span> <span class='ocrx_word' id='word_1_686' title='bbox 2333 4005 2360 4033; x_wconf 84' lang='grc'><strong>‹‹</strong></span> <span class='ocrx_word' id='word_1_687' title='bbox 2389 3985 2623 4037; x_wconf 86' lang='lat' dir='ltr'>Factum</span> <span class='ocrx_word' id='word_1_688' title='bbox 2643 3980 2744 4035; x_wconf 73' lang='lat' dir='ltr'>&#39;est</span> <span class='ocrx_word' id='word_1_689' title='bbox 2774 3997 3007 4052; x_wconf 88' lang='lat' dir='ltr'>quoque</span> <span class='ocrx_word' id='word_1_690' title='bbox 3037 3981 3129 4036; x_wconf 91' lang='lat' dir='ltr'>die</span> <span class='ocrx_word' id='word_1_691' title='bbox 3161 3986 3380 4048; x_wconf 81' lang='lat' dir='ltr'>octavo,</span> <span class='ocrx_word' id='word_1_692' title='bbox 3435 3989 3491 4039; x_wconf 92' lang='lat' dir='ltr'>et</span> <span class='ocrx_word' id='word_1_693' title='bbox 3533 3985 3763 4040; x_wconf 82' lang='lat' dir='ltr'>vocavit</span> 
     </span>
    </p>
   </div>
   <div class='ocr_carea' id='block_1_89' title="bbox 2113 4069 3762 4146">
    <p class='ocr_par' dir='ltr' id='par_1_89' title="bbox 2113 4069 3762 4146">
     <span class='ocr_line' id='line_1_89' title="bbox 2113 4069 3762 4146; baseline 0.001 -17"><span class='ocrx_word' id='word_1_694' title='bbox 2113 4075 2338 4146; x_wconf 84' lang='lat' dir='ltr'>Moyses</span> <span class='ocrx_word' id='word_1_695' title='bbox 2374 4073 2580 4136; x_wconf 85' lang='lat' dir='ltr'>Aaron,</span> <span class='ocrx_word' id='word_1_696' title='bbox 2611 4074 2668 4123; x_wconf 89' lang='lat' dir='ltr'>et</span> <span class='ocrx_word' id='word_1_697' title='bbox 2714 4069 2865 4124; x_wconf 83' lang='lat' dir='ltr'>ﬁlios</span> <span class='ocrx_word' id='word_1_698' title='bbox 2919 4071 3068 4140; x_wconf 87' lang='lat' dir='ltr'>ejus,</span> <span class='ocrx_word' id='word_1_699' title='bbox 3128 4076 3183 4126; x_wconf 93' lang='lat' dir='ltr'>et</span> <span class='ocrx_word' id='word_1_700' title='bbox 3240 4087 3447 4128; x_wconf 88' lang='lat' dir='ltr'>omnes</span> <span class='ocrx_word' id='word_1_701' title='bbox 3500 4074 3762 4130; x_wconf 78' lang='lat' dir='ltr'>seniores</span> 
     </span>
    </p>
   </div>
   <div class='ocr_carea' id='block_1_90' title="bbox 2115 4159 3753 4227">
    <p class='ocr_par' dir='ltr' id='par_1_90' title="bbox 2115 4159 3753 4227">
     <span class='ocr_line' id='line_1_90' title="bbox 2115 4159 3753 4227; baseline 0.001 -9"><span class='ocrx_word' id='word_1_702' title='bbox 2115 4161 2310 4227; x_wconf 89' lang='lat' dir='ltr'>Israel,</span> <span class='ocrx_word' id='word_1_703' title='bbox 2347 4165 2403 4215; x_wconf 92' lang='lat' dir='ltr'>et</span> <span class='ocrx_word' id='word_1_704' title='bbox 2431 4159 2576 4214; x_wconf 89' lang='lat' dir='ltr'>dixit</span> <span class='ocrx_word' id='word_1_705' title='bbox 2603 4159 2675 4211; x_wconf 89' lang='lat' dir='ltr'>ad</span> <span class='ocrx_word' id='word_1_706' title='bbox 2707 4160 2933 4214; x_wconf 87' lang='lat' dir='ltr'>Aaron:</span> <span class='ocrx_word' id='word_1_707' title='bbox 2966 4159 3130 4215; x_wconf 89' lang='lat' dir='ltr'>Tolle</span> <span class='ocrx_word' id='word_1_708' title='bbox 3159 4161 3408 4216; x_wconf 91' lang='lat' dir='ltr'>vitulum</span> <span class='ocrx_word' id='word_1_709' title='bbox 3445 4163 3514 4218; x_wconf 91' lang='lat' dir='ltr'>de</span> <span class='ocrx_word' id='word_1_710' title='bbox 3559 4163 3753 4219; x_wconf 89' lang='lat' dir='ltr'>bobus</span> 
     </span>
    </p>
   </div>
   <div class='ocr_carea' id='block_1_91' title="bbox 2115 4246 3766 4323">
    <p class='ocr_par' dir='ltr' id='par_1_91' title="bbox 2115 4246 3766 4323">
     <span class='ocr_line' id='line_1_91' title="bbox 2115 4246 3766 4323; baseline 0 -16"><span class='ocrx_word' id='word_1_711' title='bbox 2115 4268 2218 4323; x_wconf 89' lang='lat' dir='ltr'>pro</span> <span class='ocrx_word' id='word_1_712' title='bbox 2250 4247 2500 4321; x_wconf 90' lang='lat' dir='ltr'>peccatis</span> <span class='ocrx_word' id='word_1_713' title='bbox 2531 4246 2647 4315; x_wconf 79' lang='grc' dir='ltr'>(Αι.</span> <span class='ocrx_word' id='word_1_714' title='bbox 2682 4249 2960 4318; x_wconf 87' lang='lat' dir='ltr'>peccato),</span> <span class='ocrx_word' id='word_1_715' title='bbox 2991 4253 3047 4302; x_wconf 93' lang='lat' dir='ltr'>et</span> <span class='ocrx_word' id='word_1_716' title='bbox 3090 4248 3330 4305; x_wconf 89' lang='lat' dir='ltr'>arietem</span> <span class='ocrx_word' id='word_1_717' title='bbox 3377 4251 3436 4306; x_wconf 91' lang='lat' dir='ltr'>in</span> <span class='ocrx_word' id='word_1_718' title='bbox 3492 4251 3766 4308; x_wconf 82' lang='lat' dir='ltr'>holocau-</span> 
     </span>
    </p>
   </div>
   <div class='ocr_carea' id='block_1_92' title="bbox 2116 4335 3758 4414">
    <p class='ocr_par' dir='ltr' id='par_1_92' title="bbox 2116 4335 3758 4414">
     <span class='ocr_line' id='line_1_92' title="bbox 2116 4335 3758 4414; baseline 0.001 -19"><span class='ocrx_word' id='word_1_719' title='bbox 2116 4346 2272 4396; x_wconf 85' lang='lat' dir='ltr'>stum</span> <span class='ocrx_word' id='word_1_720' title='bbox 2317 4335 2783 4403; x_wconf 89' lang='lat' dir='ltr'>immaculatum,</span> <span class='ocrx_word' id='word_1_721' title='bbox 2829 4340 2886 4391; x_wconf 92' lang='lat' dir='ltr'>et</span> <span class='ocrx_word' id='word_1_722' title='bbox 2938 4337 3144 4393; x_wconf 84' lang='lat' dir='ltr'>oil&#39;eres</span> <span class='ocrx_word' id='word_1_723' title='bbox 3192 4354 3290 4394; x_wconf 91' lang='lat' dir='ltr'>eos</span> <span class='ocrx_word' id='word_1_724' title='bbox 3342 4339 3399 4394; x_wconf 92' lang='lat' dir='ltr'>in</span> <span class='ocrx_word' id='word_1_725' title='bbox 3441 4346 3758 4414; x_wconf 87' lang='lat' dir='ltr'>conspectu</span> 
     </span>
    </p>
   </div>
   <div class='ocr_carea' id='block_1_93' title="bbox 2118 4425 3762 4498">
    <p class='ocr_par' dir='ltr' id='par_1_93' title="bbox 2118 4425 3762 4498">
     <span class='ocr_line' id='line_1_93' title="bbox 2118 4425 3762 4498; baseline 0.001 -14"><span class='ocrx_word' id='word_1_726' title='bbox 2118 4427 2345 4484; x_wconf 90' lang='lat' dir='ltr'>Domini</span> <span class='ocrx_word' id='word_1_727' title='bbox 2382 4442 2395 4480; x_wconf 89' lang='lat'><strong>:</strong></span> <span class='ocrx_word' id='word_1_728' title='bbox 2429 4431 2486 4481; x_wconf 89' lang='lat' dir='ltr'>et</span> <span class='ocrx_word' id='word_1_729' title='bbox 2518 4425 2850 4480; x_wconf 89' lang='lat' dir='ltr'>senioribus</span> <span class='ocrx_word' id='word_1_730' title='bbox 2876 4425 3055 4481; x_wconf 90' lang='lat' dir='ltr'>Israel</span> <span class='ocrx_word' id='word_1_731' title='bbox 3087 4428 3547 4498; x_wconf 89' lang='lat' dir='ltr'>loquere,dicens</span> <span class='ocrx_word' id='word_1_732' title='bbox 3583 4449 3595 4485; x_wconf 93' lang='lat'>:</span> <span class='ocrx_word' id='word_1_733' title='bbox 3629 4431 3762 4486; x_wconf 87' lang='lat' dir='ltr'>Tol-</span> 
     </span>
    </p>
   </div>
   <div class='ocr_carea' id='block_1_94' title="bbox 361 4510 3766 4606">
    <p class='ocr_par' dir='ltr' id='par_1_94' title="bbox 361 4510 3766 4606">
     <span class='ocr_line' id='line_1_94' title="bbox 361 4510 3766 4606; baseline 0 -32"><span class='ocrx_word' id='word_1_734' title='bbox 361 4521 569 4592; x_wconf 80' lang='lat' dir='ltr'>prnbat</span> <span class='ocrx_word' id='word_1_735' title='bbox 597 4535 657 4573; x_wconf 91' lang='lat' dir='ltr'>se</span> <span class='ocrx_word' id='word_1_736' title='bbox 689 4515 1152 4581; x_wconf 89' lang='lat' dir='ltr'>hominem,dum</span> <span class='ocrx_word' id='word_1_737' title='bbox 1177 4514 1371 4585; x_wconf 87' lang='lat' dir='ltr'>justus</span> <span class='ocrx_word' id='word_1_738' title='bbox 1398 4510 1784 4606; x_wconf 77' lang='lat' dir='ltr'>ignoratquid</span> <span class='ocrx_word' id='word_1_739' title='bbox 1809 4515 2002 4567; x_wconf 90' lang='lat' dir='ltr'>actum</span> <span class='ocrx_word' id='word_1_740' title='bbox 2034 4541 2080 4606; x_wconf 84' lang='lat' dir='ltr'><strong>D</strong></span> <span class='ocrx_word' id='word_1_741' title='bbox 2114 4519 2215 4574; x_wconf 91' lang='lat' dir='ltr'>lite</span> <span class='ocrx_word' id='word_1_742' title='bbox 2248 4516 2479 4571; x_wconf 90' lang='lat' dir='ltr'>hircum</span> <span class='ocrx_word' id='word_1_743' title='bbox 2510 4516 2581 4569; x_wconf 90' lang='lat' dir='ltr'>de</span> <span class='ocrx_word' id='word_1_744' title='bbox 2614 4514 2804 4586; x_wconf 87' lang='lat' dir='ltr'>capris</span> <span class='ocrx_word' id='word_1_745' title='bbox 2834 4531 3020 4569; x_wconf 90' lang='lat' dir='ltr'>unum</span> <span class='ocrx_word' id='word_1_746' title='bbox 3080 4533 3184 4588; x_wconf 90' lang='lat' dir='ltr'>pro</span> <span class='ocrx_word' id='word_1_747' title='bbox 3242 4522 3496 4588; x_wconf 89' lang='lat' dir='ltr'>peccato,</span> <span class='ocrx_word' id='word_1_748' title='bbox 3530 4523 3585 4574; x_wconf 91' lang='lat' dir='ltr'>et</span> <span class='ocrx_word' id='word_1_749' title='bbox 3614 4520 3766 4575; x_wconf 88' lang='lat' dir='ltr'>vitu-</span> 
     </span>
    </p>
   </div>
   <div class='ocr_carea' id='block_1_95' title="bbox 363 4599 1999 4678">
    <p class='ocr_par' dir='ltr' id='par_1_95' title="bbox 363 4599 1999 4678">
     <span class='ocr_line' id='line_1_95' title="bbox 363 4599 1999 4678; baseline -0.005 -14"><span class='ocrx_word' id='word_1_750' title='bbox 363 4609 437 4664; x_wconf 90' lang='lat' dir='ltr'>sit</span> <span class='ocrx_word' id='word_1_751' title='bbox 469 4608 724 4678; x_wconf 88' lang='lat' dir='ltr'>dejusto</span> <span class='ocrx_word' id='word_1_752' title='bbox 759 4605 874 4662; x_wconf 82' lang='lat' dir='ltr'>filio</span> <span class='ocrx_word' id='word_1_753' title='bbox 902 4603 1140 4673; x_wconf 87' lang='lat' dir='ltr'>Joseph.</span> <span class='ocrx_word' id='word_1_754' title='bbox 1177 4604 1239 4656; x_wconf 91' lang='lat' dir='ltr'>In</span> <span class='ocrx_word' id='word_1_755' title='bbox 1272 4602 1464 4656; x_wconf 83' lang='lat' dir='ltr'>Exodo</span> <span class='ocrx_word' id='word_1_756' title='bbox 1525 4599 1811 4671; x_wconf 90' lang='lat' dir='ltr'>scriptum</span> <span class='ocrx_word' id='word_1_757' title='bbox 1862 4605 1952 4656; x_wconf 89' lang='lat' dir='ltr'>est</span> <span class='ocrx_word' id='word_1_758' title='bbox 1988 4619 1999 4656; x_wconf 92' lang='lat'>:</span> 
     </span>
    </p>
   </div>
   <div class='ocr_carea' id='block_1_96' title="bbox 363 4689 2002 4770">
    <p class='ocr_par' dir='ltr' id='par_1_96' title="bbox 363 4689 2002 4770">
     <span class='ocr_line' id='line_1_96' title="bbox 363 4689 2002 4770; baseline -0.002 -22"><span class='ocrx_word' id='word_1_759' title='bbox 363 4722 391 4749; x_wconf 89' lang='grc'><strong><em>‹‹</em></strong></span> <span class='ocrx_word' id='word_1_760' title='bbox 425 4697 485 4754; x_wconf 91' lang='lat' dir='ltr'>Si</span> <span class='ocrx_word' id='word_1_761' title='bbox 517 4694 870 4769; x_wconf 88' lang='lat' dir='ltr'>percusserit</span> <span class='ocrx_word' id='word_1_762' title='bbox 901 4691 1112 4762; x_wconf 89' lang='lat' dir='ltr'>aliquis</span> <span class='ocrx_word' id='word_1_763' title='bbox 1129 4689 1552 4770; x_wconf 85' lang='lat' dir='ltr'>quempiam,et</span> <span class='ocrx_word' id='word_1_764' title='bbox 1582 4694 1850 4744; x_wconf 87' lang='lat' dir='ltr'>mortuus</span> <span class='ocrx_word' id='word_1_765' title='bbox 1875 4690 2002 4744; x_wconf 90' lang='lat' dir='ltr'>fue-</span> 
     </span>
    </p>
   </div>
   <div class='ocr_carea' id='block_1_97' title="bbox 369 4777 2000 4855">
    <p class='ocr_par' dir='ltr' id='par_1_97' title="bbox 369 4777 2000 4855">
     <span class='ocr_line' id='line_1_97' title="bbox 369 4777 2000 4855; baseline -0.006 -11"><span class='ocrx_word' id='word_1_766' title='bbox 369 4788 466 4855; x_wconf 91' lang='lat' dir='ltr'>rit,</span> <span class='ocrx_word' id='word_1_767' title='bbox 498 4788 685 4842; x_wconf 87' lang='lat' dir='ltr'>morte</span> <span class='ocrx_word' id='word_1_768' title='bbox 724 4782 1026 4838; x_wconf 89' lang='lat' dir='ltr'>moriatur.</span> <span class='ocrx_word' id='word_1_769' title='bbox 1077 4780 1174 4834; x_wconf 90' lang='lat' dir='ltr'>Sin</span> <span class='ocrx_word' id='word_1_770' title='bbox 1231 4783 1426 4833; x_wconf 88' lang='lat' dir='ltr'>autem</span> <span class='ocrx_word' id='word_1_771' title='bbox 1483 4795 1598 4833; x_wconf 92' lang='lat' dir='ltr'>non</span> <span class='ocrx_word' id='word_1_772' title='bbox 1647 4777 1866 4846; x_wconf 90' lang='lat' dir='ltr'>volens,</span> <span class='ocrx_word' id='word_1_773' title='bbox 1901 4780 2000 4834; x_wconf 90' lang='lat' dir='ltr'>sed</span> 
     </span>
    </p>
   </div>
   <div class='ocr_carea' id='block_1_98' title="bbox 366 4864 2002 4951">
    <p class='ocr_par' dir='ltr' id='par_1_98' title="bbox 366 4864 2002 4951">
     <span class='ocr_line' id='line_1_98' title="bbox 366 4864 2002 4951; baseline -0.007 -18"><span class='ocrx_word' id='word_1_774' title='bbox 366 4879 520 4933; x_wconf 91' lang='lat' dir='ltr'>Deus</span> <span class='ocrx_word' id='word_1_775' title='bbox 549 4872 795 4936; x_wconf 87' lang='lat' dir='ltr'>tradidit</span> <span class='ocrx_word' id='word_1_776' title='bbox 823 4885 958 4926; x_wconf 89' lang='lat' dir='ltr'>eum</span> <span class='ocrx_word' id='word_1_777' title='bbox 990 4869 1049 4924; x_wconf 89' lang='lat' dir='ltr'>in</span> <span class='ocrx_word' id='word_1_778' title='bbox 1081 4867 1356 4922; x_wconf 88' lang='lat' dir='ltr'>manibus</span> <span class='ocrx_word' id='word_1_779' title='bbox 1386 4867 1534 4936; x_wconf 90' lang='lat' dir='ltr'>ejus,</span> <span class='ocrx_word' id='word_1_780' title='bbox 1564 4866 1713 4921; x_wconf 90' lang='lat' dir='ltr'>dabo</span> <span class='ocrx_word' id='word_1_781' title='bbox 1763 4867 1870 4921; x_wconf 89' lang='lat' dir='ltr'>tibi</span> <span class='ocrx_word' id='word_1_782' title='bbox 1919 4864 2002 4951; x_wconf 64' lang='lat' dir='ltr'>lo:</span> 
     </span>
    </p>
   </div>
   <div class='ocr_carea' id='block_1_99' title="bbox 372 4955 2002 5035">
    <p class='ocr_par' dir='ltr' id='par_1_99' title="bbox 372 4955 2002 5035">
     <span class='ocr_line' id='line_1_99' title="bbox 372 4955 2002 5035; baseline -0.01 -12"><span class='ocrx_word' id='word_1_783' title='bbox 372 4982 529 5033; x_wconf 89' lang='lat' dir='ltr'>cum,</span> <span class='ocrx_word' id='word_1_784' title='bbox 563 4964 634 5020; x_wconf 91' lang='lat' dir='ltr'>ad</span> <span class='ocrx_word' id='word_1_785' title='bbox 666 4978 841 5035; x_wconf 89' lang='lat' dir='ltr'>quem</span> <span class='ocrx_word' id='word_1_786' title='bbox 875 4958 1174 5030; x_wconf 88' lang='lat' dir='ltr'>confugiat</span> <span class='ocrx_word' id='word_1_787' title='bbox 1199 4956 1297 5029; x_wconf 87' lang='lat' dir='ltr'>qui</span> <span class='ocrx_word' id='word_1_788' title='bbox 1331 4955 1609 5011; x_wconf 90' lang='lat' dir='ltr'>occiderit</span> <span class='ocrx_word' id='word_1_789' title='bbox 1639 4957 1832 5026; x_wconf 73' lang='lat' dir='ltr'>(Exod.</span> <span class='ocrx_word' id='word_1_790' title='bbox 1886 4972 2002 5023; x_wconf 72' lang='lat' dir='ltr'>xxx,</span> 
     </span>
    </p>
   </div>
   <div class='ocr_carea' id='block_1_100' title="bbox 366 5043 2005 5126">
    <p class='ocr_par' dir='ltr' id='par_1_100' title="bbox 366 5043 2005 5126">
     <span class='ocr_line' id='line_1_100' title="bbox 366 5043 2005 5126; baseline -0.008 -15"><span class='ocrx_word' id='word_1_791' title='bbox 366 5056 454 5124; x_wconf 87' lang='grc'>12,</span> <span class='ocrx_word' id='word_1_792' title='bbox 491 5055 600 5126; x_wconf 85' lang='grc'>13).</span> <span class='ocrx_word' id='word_1_793' title='bbox 637 5075 662 5102; x_wconf 87' lang='grc'><strong>››</strong></span> <span class='ocrx_word' id='word_1_794' title='bbox 698 5054 759 5109; x_wconf 93' lang='lat' dir='ltr'>In</span> <span class='ocrx_word' id='word_1_795' title='bbox 777 5067 892 5123; x_wconf 90' lang='lat' dir='ltr'>quo</span> <span class='ocrx_word' id='word_1_796' title='bbox 914 5048 1236 5104; x_wconf 89' lang='lat' dir='ltr'>notandum</span> <span class='ocrx_word' id='word_1_797' title='bbox 1260 5046 1541 5117; x_wconf 88' lang='lat' dir='ltr'>est.quod</span> <span class='ocrx_word' id='word_1_798' title='bbox 1570 5045 1723 5099; x_wconf 90' lang='lat' dir='ltr'>Deus</span> <span class='ocrx_word' id='word_1_799' title='bbox 1765 5043 2005 5098; x_wconf 87' lang='lat' dir='ltr'>tradidit</span> 
     </span>
    </p>
   </div>
   <div class='ocr_carea' id='block_1_101' title="bbox 367 5133 2004 5208">
    <p class='ocr_par' dir='ltr' id='par_1_101' title="bbox 367 5133 2004 5208">
     <span class='ocr_line' id='line_1_101' title="bbox 367 5133 2004 5208; baseline -0.008 -9"><span class='ocrx_word' id='word_1_800' title='bbox 367 5145 666 5200; x_wconf 90' lang='lat' dir='ltr'>hominem</span> <span class='ocrx_word' id='word_1_801' title='bbox 700 5143 758 5197; x_wconf 91' lang='lat' dir='ltr'>in</span> <span class='ocrx_word' id='word_1_802' title='bbox 811 5156 1022 5196; x_wconf 91' lang='lat' dir='ltr'>manus</span> <span class='ocrx_word' id='word_1_803' title='bbox 1070 5138 1217 5208; x_wconf 90' lang='lat' dir='ltr'>ejus,</span> <span class='ocrx_word' id='word_1_804' title='bbox 1269 5140 1326 5190; x_wconf 92' lang='lat' dir='ltr'>et</span> <span class='ocrx_word' id='word_1_805' title='bbox 1371 5133 1467 5191; x_wconf 89' lang='lat' dir='ltr'>ille</span> <span class='ocrx_word' id='word_1_806' title='bbox 1499 5134 1601 5206; x_wconf 92' lang='lat' dir='ltr'>qui</span> <span class='ocrx_word' id='word_1_807' title='bbox 1639 5133 1854 5188; x_wconf 89' lang='lat' dir='ltr'>occidit</span> <span class='ocrx_word' id='word_1_808' title='bbox 1900 5149 2004 5204; x_wconf 91' lang='lat' dir='ltr'>per</span> 
     </span>
    </p>
   </div>
   <div class='ocr_carea' id='block_1_102' title="bbox 449 5344 2005 5430">
    <p class='ocr_par' dir='ltr' id='par_1_102' title="bbox 449 5344 2005 5430">
     <span class='ocr_line' id='line_1_102' title="bbox 449 5344 2005 5430; baseline -0.005 -21"><span class='ocrx_word' id='word_1_809' title='bbox 449 5364 465 5399; x_wconf 79' lang='grc' dir='ltr'>ι</span> <span class='ocrx_word' id='word_1_810' title='bbox 495 5354 785 5430; x_wconf 73' lang='lat' dir='ltr'>Victorius</span> <span class='ocrx_word' id='word_1_811' title='bbox 815 5355 879 5408; x_wconf 82' lang='lat' dir='ltr'>Et</span> <span class='ocrx_word' id='word_1_812' title='bbox 899 5355 964 5430; x_wconf 74' lang='lat' dir='ltr'>in</span> <span class='ocrx_word' id='word_1_813' title='bbox 1009 5353 1120 5407; x_wconf 83' lang='lat' dir='ltr'>alio</span> <span class='ocrx_word' id='word_1_814' title='bbox 1143 5351 1281 5430; x_wconf 56' lang='lat' dir='ltr'>joco</span> <span class='ocrx_word' id='word_1_815' title='bbox 1327 5347 1600 5430; x_wconf 24' lang='lat' dir='ltr'>reponitn</span> <span class='ocrx_word' id='word_1_816' title='bbox 1624 5363 1764 5430; x_wconf 78' lang='lat' dir='ltr'>nam</span> <span class='ocrx_word' id='word_1_817' title='bbox 1809 5344 2005 5430; x_wconf 84' lang='lat' dir='ltr'>Eccle-</span> 
     </span>
    </p>
   </div>
   <div class='ocr_carea' id='block_1_103' title="bbox 370 5422 1998 5494">
    <p class='ocr_par' dir='ltr' id='par_1_103' title="bbox 370 5422 1998 5494">
     <span class='ocr_line' id='line_1_103' title="bbox 370 5422 1998 5494; baseline -0.009 -9"><span class='ocrx_word' id='word_1_818' title='bbox 370 5427 596 5486; x_wconf 84' lang='lat' dir='ltr'>siastici</span> <span class='ocrx_word' id='word_1_819' title='bbox 624 5442 829 5494; x_wconf 86' lang='lat' dir='ltr'>unum,</span> <span class='ocrx_word' id='word_1_820' title='bbox 865 5423 1108 5478; x_wconf 88' lang='lat' dir='ltr'>alterum</span> <span class='ocrx_word' id='word_1_821' title='bbox 1141 5422 1998 5494; x_wconf 73' lang='lat' dir='ltr'>Sapientiaetestimoniumest.</span> 
     </span>
    </p>
   </div>
   <div class='ocr_carea' id='block_1_104' title="bbox 375 5492 2008 5566">
    <p class='ocr_par' dir='ltr' id='par_1_104' title="bbox 375 5492 2008 5566">
     <span class='ocr_line' id='line_1_104' title="bbox 375 5492 2008 5566; baseline -0.006 -10"><span class='ocrx_word' id='word_1_822' title='bbox 375 5507 450 5556; x_wconf 77' lang='lat' dir='ltr'>At</span> <span class='ocrx_word' id='word_1_823' title='bbox 482 5499 652 5553; x_wconf 84' lang='lat' dir='ltr'>modo</span> <span class='ocrx_word' id='word_1_824' title='bbox 705 5492 1160 5566; x_wconf 69' lang='lat' dir='ltr'>liberSapicntia:</span> <span class='ocrx_word' id='word_1_825' title='bbox 1208 5493 1418 5546; x_wconf 85' lang='lat' dir='ltr'>dicitur</span> <span class='ocrx_word' id='word_1_826' title='bbox 1467 5492 1812 5564; x_wconf 77' lang='lat' dir='ltr'>Hieronymo</span> <span class='ocrx_word' id='word_1_827' title='bbox 1865 5493 2008 5547; x_wconf 87' lang='lat' dir='ltr'>liber</span> 
     </span>
    </p>
   </div>
   <div class='ocr_carea' id='block_1_105' title="bbox 378 5567 792 5632">
    <p class='ocr_par' dir='ltr' id='par_1_105' title="bbox 378 5567 792 5632">
     <span class='ocr_line' id='line_1_105' title="bbox 378 5567 792 5632; baseline -0.022 0"><span class='ocrx_word' id='word_1_828' title='bbox 378 5567 792 5632; x_wconf 86' lang='lat' dir='ltr'>Ecclesiastici.</span> 
     </span>
    </p>
   </div>
   <div class='ocr_carea' id='block_1_106' title="bbox 439 5631 2005 5706">
    <p class='ocr_par' dir='ltr' id='par_1_106' title="bbox 439 5631 2005 5706">
     <span class='ocr_line' id='line_1_106' title="bbox 439 5631 2005 5706; baseline -0.007 -5"><span class='ocrx_word' id='word_1_829' title='bbox 439 5646 460 5680; x_wconf 73' lang='grc'><strong>³</strong></span> <span class='ocrx_word' id='word_1_830' title='bbox 487 5641 640 5701; x_wconf 86' lang='lat' dir='ltr'>Alibi</span> <span class='ocrx_word' id='word_1_831' title='bbox 673 5640 1050 5706; x_wconf 88' lang='lat' dir='ltr'>adnotamus,</span> <span class='ocrx_word' id='word_1_832' title='bbox 1083 5634 1183 5692; x_wconf 88' lang='lat' dir='ltr'>ubi</span> <span class='ocrx_word' id='word_1_833' title='bbox 1211 5632 1536 5691; x_wconf 83' lang='lat' dir='ltr'>versiculus</span> <span class='ocrx_word' id='word_1_834' title='bbox 1572 5633 1682 5696; x_wconf 86' lang='lat' dir='ltr'>iste</span> <span class='ocrx_word' id='word_1_835' title='bbox 1734 5631 2005 5704; x_wconf 90' lang='lat' dir='ltr'>occurrit,</span> 
     </span>
    </p>
   </div>
   <div class='ocr_carea' id='block_1_107' title="bbox 2112 4603 3762 4664">
    <p class='ocr_par' dir='ltr' id='par_1_107' title="bbox 2112 4603 3762 4664">
     <span class='ocr_line' id='line_1_107' title="bbox 2112 4603 3762 4664; baseline 0.001 -2"><span class='ocrx_word' id='word_1_836' title='bbox 2112 4607 2233 4662; x_wconf 92' lang='lat' dir='ltr'>lum</span> <span class='ocrx_word' id='word_1_837' title='bbox 2265 4603 2708 4660; x_wconf 88' lang='lat' dir='ltr'>immaculatum</span> <span class='ocrx_word' id='word_1_838' title='bbox 2743 4603 3084 4658; x_wconf 91' lang='lat' dir='ltr'>anniculum</span> <span class='ocrx_word' id='word_1_839' title='bbox 3113 4604 3170 4660; x_wconf 91' lang='lat' dir='ltr'>in</span> <span class='ocrx_word' id='word_1_840' title='bbox 3199 4605 3626 4663; x_wconf 88' lang='lat' dir='ltr'>holocaustum.</span> <span class='ocrx_word' id='word_1_841' title='bbox 3661 4609 3762 4664; x_wconf 89' lang='lat' dir='ltr'>Di-</span> 
     </span>
    </p>
   </div>
   <div class='ocr_carea' id='block_1_108' title="bbox 2112 4693 3761 4766">
    <p class='ocr_par' dir='ltr' id='par_1_108' title="bbox 2112 4693 3761 4766">
     <span class='ocr_line' id='line_1_108' title="bbox 2112 4693 3761 4766; baseline 0.001 -16"><span class='ocrx_word' id='word_1_842' title='bbox 2112 4697 2310 4766; x_wconf 89' lang='lat' dir='ltr'>xitque</span> <span class='ocrx_word' id='word_1_843' title='bbox 2343 4694 2566 4765; x_wconf 87' lang='lat' dir='ltr'>Moyses</span> <span class='ocrx_word' id='word_1_844' title='bbox 2597 4693 2667 4746; x_wconf 89' lang='lat' dir='ltr'>ad</span> <span class='ocrx_word' id='word_1_845' title='bbox 2701 4697 2891 4746; x_wconf 86' lang='lat' dir='ltr'>Aaron</span> <span class='ocrx_word' id='word_1_846' title='bbox 2929 4708 2941 4745; x_wconf 88' lang='lat'><strong>:</strong></span> <span class='ocrx_word' id='word_1_847' title='bbox 2975 4695 3196 4748; x_wconf 83' lang='lat' dir='ltr'>Accede</span> <span class='ocrx_word' id='word_1_848' title='bbox 3227 4695 3296 4750; x_wconf 92' lang='lat' dir='ltr'>ad</span> <span class='ocrx_word' id='word_1_849' title='bbox 3357 4695 3536 4752; x_wconf 88' lang='lat' dir='ltr'>altare</span> <span class='ocrx_word' id='word_1_850' title='bbox 3586 4701 3642 4753; x_wconf 92' lang='lat' dir='ltr'>et</span> <span class='ocrx_word' id='word_1_851' title='bbox 3672 4697 3761 4752; x_wconf 85' lang='lat' dir='ltr'>fac</span> 
     </span>
    </p>
   </div>
   <div class='ocr_carea' id='block_1_109' title="bbox 2115 4783 3755 4856">
    <p class='ocr_par' dir='ltr' id='par_1_109' title="bbox 2115 4783 3755 4856">
     <span class='ocr_line' id='line_1_109' title="bbox 2115 4783 3755 4856; baseline 0.002 -18"><span class='ocrx_word' id='word_1_852' title='bbox 2115 4802 2218 4856; x_wconf 89' lang='lat' dir='ltr'>pro</span> <span class='ocrx_word' id='word_1_853' title='bbox 2252 4789 2488 4856; x_wconf 88' lang='lat' dir='ltr'>peccato</span> <span class='ocrx_word' id='word_1_854' title='bbox 2535 4787 2637 4836; x_wconf 92' lang='lat' dir='ltr'>tuo</span> <span class='ocrx_word' id='word_1_855' title='bbox 2668 4783 2857 4850; x_wconf 80' lang='lat' dir='ltr'>(Leuit.</span> <span class='ocrx_word' id='word_1_856' title='bbox 2909 4797 2987 4850; x_wconf 78' lang='lat' dir='ltr'>ix,</span> <span class='ocrx_word' id='word_1_857' title='bbox 3020 4786 3045 4836; x_wconf 87' lang='grc'>1</span> <span class='ocrx_word' id='word_1_858' title='bbox 3078 4783 3268 4854; x_wconf 78' lang='lat' dir='ltr'>seqq,),</span> <span class='ocrx_word' id='word_1_859' title='bbox 3328 4806 3355 4832; x_wconf 82' lang='grc'><strong>››</strong></span> <span class='ocrx_word' id='word_1_860' title='bbox 3397 4793 3453 4840; x_wconf 87' lang='lat' dir='ltr'>et</span> <span class='ocrx_word' id='word_1_861' title='bbox 3502 4786 3755 4856; x_wconf 87' lang='lat' dir='ltr'>reliqua.</span> 
     </span>
    </p>
   </div>
   <div class='ocr_carea' id='block_1_110' title="bbox 2116 4869 3769 4948">
    <p class='ocr_par' dir='ltr' id='par_1_110' title="bbox 2116 4869 3769 4948">
     <span class='ocr_line' id='line_1_110' title="bbox 2116 4869 3769 4948; baseline 0.005 -25"><span class='ocrx_word' id='word_1_862' title='bbox 2116 4898 2141 4923; x_wconf 87' lang='grc'><em>‹‹</em></span> <span class='ocrx_word' id='word_1_863' title='bbox 2178 4874 2558 4942; x_wconf 82' lang='lat' dir='ltr'>Rursumque</span> <span class='ocrx_word' id='word_1_864' title='bbox 2583 4869 2826 4925; x_wconf 86' lang='lat' dir='ltr'>elevavit</span> <span class='ocrx_word' id='word_1_865' title='bbox 2855 4872 3043 4925; x_wconf 87' lang='lat' dir='ltr'>Aaron</span> <span class='ocrx_word' id='word_1_866' title='bbox 3074 4888 3286 4928; x_wconf 88' lang='lat' dir='ltr'>manus</span> <span class='ocrx_word' id='word_1_867' title='bbox 3312 4890 3452 4928; x_wconf 89' lang='lat' dir='ltr'>suas</span> <span class='ocrx_word' id='word_1_868' title='bbox 3474 4890 3769 4948; x_wconf 81' lang='lat' dir='ltr'>supcrpo-</span> 
     </span>
    </p>
   </div>
   <div class='ocr_carea' id='block_1_111' title="bbox 2115 4958 3768 5033">
    <p class='ocr_par' dir='ltr' id='par_1_111' title="bbox 2115 4958 3768 5033">
     <span class='ocr_line' id='line_1_111' title="bbox 2115 4958 3768 5033; baseline 0.003 -17"><span class='ocrx_word' id='word_1_869' title='bbox 2115 4961 2342 5033; x_wconf 87' lang='lat' dir='ltr'>pulum,</span> <span class='ocrx_word' id='word_1_870' title='bbox 2371 4965 2430 5016; x_wconf 91' lang='lat' dir='ltr'>et</span> <span class='ocrx_word' id='word_1_871' title='bbox 2461 4959 2754 5015; x_wconf 89' lang='lat' dir='ltr'>benedixit</span> <span class='ocrx_word' id='word_1_872' title='bbox 2795 4958 2896 5013; x_wconf 88' lang='lat' dir='ltr'>eis.</span> <span class='ocrx_word' id='word_1_873' title='bbox 2921 4961 3343 5033; x_wconf 84' lang='lat' dir='ltr'>Descenditque</span> <span class='ocrx_word' id='word_1_874' title='bbox 3363 4980 3495 5018; x_wconf 89' lang='lat' dir='ltr'>cum</span> <span class='ocrx_word' id='word_1_875' title='bbox 3530 4965 3768 5021; x_wconf 83' lang='lat' dir='ltr'>fecisset</span> 
     </span>
    </p>
   </div>
   <div class='ocr_carea' id='block_1_112' title="bbox 2116 5045 3763 5127">
    <p class='ocr_par' dir='ltr' id='par_1_112' title="bbox 2116 5045 3763 5127">
     <span class='ocr_line' id='line_1_112' title="bbox 2116 5045 3763 5127; baseline 0.001 -23"><span class='ocrx_word' id='word_1_876' title='bbox 2116 5052 2488 5127; x_wconf 20' lang='lat' dir='ltr'>pro-peccato</span> <span class='ocrx_word' id='word_1_877' title='bbox 2519 5051 2574 5102; x_wconf 89' lang='lat' dir='ltr'>et</span> <span class='ocrx_word' id='word_1_878' title='bbox 2624 5045 2964 5102; x_wconf 90' lang='lat' dir='ltr'>holocausto</span> <span class='ocrx_word' id='word_1_879' title='bbox 3011 5052 3071 5103; x_wconf 88' lang='lat' dir='ltr'>et</span> <span class='ocrx_word' id='word_1_880' title='bbox 3125 5048 3368 5108; x_wconf 89' lang='lat' dir='ltr'>salutari</span> <span class='ocrx_word' id='word_1_881' title='bbox 3427 5052 3605 5124; x_wconf 85' lang='lat' dir='ltr'>(Ibid..</span> <span class='ocrx_word' id='word_1_882' title='bbox 3665 5053 3763 5120; x_wconf 75' lang='lat' dir='ltr'>2i,</span> 
     </span>
    </p>
   </div>
   <div class='ocr_carea' id='block_1_113' title="bbox 2112 5135 3765 5212">
    <p class='ocr_par' dir='ltr' id='par_1_113' title="bbox 2112 5135 3765 5212">
     <span class='ocr_line' id='line_1_113' title="bbox 2112 5135 3765 5212; baseline 0.002 -18"><span class='ocrx_word' id='word_1_883' title='bbox 2112 5142 2223 5207; x_wconf 88' lang='lat'>22).</span> <span class='ocrx_word' id='word_1_884' title='bbox 2260 5162 2287 5188; x_wconf 85' lang='lat'>»</span> <span class='ocrx_word' id='word_1_885' title='bbox 2322 5137 2530 5194; x_wconf 90' lang='lat' dir='ltr'>Mulier</span> <span class='ocrx_word' id='word_1_886' title='bbox 2556 5141 2794 5210; x_wconf 84' lang='lat' dir='ltr'>generat</span> <span class='ocrx_word' id='word_1_887' title='bbox 2823 5135 3037 5193; x_wconf 89' lang='lat' dir='ltr'>liberos</span> <span class='ocrx_word' id='word_1_888' title='bbox 3065 5137 3189 5212; x_wconf 81' lang='lat' dir='ltr'>lege</span> <span class='ocrx_word' id='word_1_889' title='bbox 3239 5140 3490 5198; x_wconf 88' lang='lat' dir='ltr'>naturali</span> <span class='ocrx_word' id='word_1_890' title='bbox 3549 5147 3606 5198; x_wconf 89' lang='lat' dir='ltr'>et</span> <span class='ocrx_word' id='word_1_891' title='bbox 3655 5141 3765 5198; x_wconf 84' lang='lat' dir='ltr'>im-</span> 
     </span>
    </p>
   </div>
   <div class='ocr_carea' id='block_1_114' title="bbox 2115 5333 3767 5408">
    <p class='ocr_par' dir='ltr' id='par_1_114' title="bbox 2115 5333 3767 5408">
     <span class='ocr_line' id='line_1_114' title="bbox 2115 5333 3767 5408; baseline -0.001 -14"><span class='ocrx_word' id='word_1_892' title='bbox 2115 5340 2214 5394; x_wconf 85' lang='lat' dir='ltr'>vix</span> <span class='ocrx_word' id='word_1_893' title='bbox 2247 5335 2400 5392; x_wconf 87' lang='lat' dir='ltr'>credi</span> <span class='ocrx_word' id='word_1_894' title='bbox 2434 5349 2606 5408; x_wconf 89' lang='lat' dir='ltr'>posse</span> <span class='ocrx_word' id='word_1_895' title='bbox 2635 5334 3043 5406; x_wconf 78' lang='lat' dir='ltr'>investigabiles</span> <span class='ocrx_word' id='word_1_896' title='bbox 3060 5352 3162 5408; x_wconf 91' lang='lat' dir='ltr'>pro</span> <span class='ocrx_word' id='word_1_897' title='bbox 3195 5335 3655 5408; x_wconf 78' lang='lat' dir='ltr'>ininvestigabiles</span> <span class='ocrx_word' id='word_1_898' title='bbox 3683 5333 3767 5393; x_wconf 86' lang='lat' dir='ltr'>le-</span> 
     </span>
    </p>
   </div>
   <div class='ocr_carea' id='block_1_115' title="bbox 2119 5407 2744 5476">
    <p class='ocr_par' dir='ltr' id='par_1_115' title="bbox 2119 5407 2744 5476">
     <span class='ocr_line' id='line_1_115' title="bbox 2119 5407 2744 5476; baseline -0.013 -10"><span class='ocrx_word' id='word_1_899' title='bbox 2119 5417 2277 5466; x_wconf 92' lang='lat' dir='ltr'>ctum</span> <span class='ocrx_word' id='word_1_900' title='bbox 2312 5427 2344 5462; x_wconf 91' lang='lat' dir='ltr'>a</span> <span class='ocrx_word' id='word_1_901' title='bbox 2375 5407 2744 5476; x_wconf 86' lang='lat' dir='ltr'>Hieronymo.</span> 
     </span>
    </p>
   </div>
   <div class='ocr_carea' id='block_1_116' title="bbox 2190 5478 3170 5549">
    <p class='ocr_par' dir='ltr' id='par_1_116' title="bbox 2190 5478 3170 5549">
     <span class='ocr_line' id='line_1_116' title="bbox 2190 5478 3170 5549; baseline 0 -15"><span class='ocrx_word' id='word_1_902' title='bbox 2190 5485 2210 5516; x_wconf 72' lang='grc' dir='ltr'>ε’</span> <span class='ocrx_word' id='word_1_903' title='bbox 2240 5484 2297 5534; x_wconf 88' lang='lat' dir='ltr'>ln</span> <span class='ocrx_word' id='word_1_904' title='bbox 2337 5478 2507 5532; x_wconf 75' lang='lat' dir='ltr'>veleri</span> <span class='ocrx_word' id='word_1_905' title='bbox 2541 5480 2679 5542; x_wconf 82' lang='lat' dir='ltr'>edit,</span> <span class='ocrx_word' id='word_1_906' title='bbox 2708 5479 2833 5533; x_wconf 74' lang='lat' dir='ltr'>Lex</span> <span class='ocrx_word' id='word_1_907' title='bbox 2859 5482 3170 5549; x_wconf 61' lang='lat' dir='ltr'>exponitur.</span> 
     </span>
    </p>
   </div>
   <div class='ocr_carea' id='block_1_117' title="bbox 2161 5551 3766 5624">
    <p class='ocr_par' dir='ltr' id='par_1_117' title="bbox 2161 5551 3766 5624">
     <span class='ocr_line' id='line_1_117' title="bbox 2161 5551 3766 5624; baseline 0.004 -19"><span class='ocrx_word' id='word_1_908' title='bbox 2161 5555 2206 5587; x_wconf 52' lang='grc' dir='ltr'>κδ</span> <span class='ocrx_word' id='word_1_909' title='bbox 2229 5556 2387 5617; x_wconf 85' lang='lat' dir='ltr'>Mss.,</span> <span class='ocrx_word' id='word_1_910' title='bbox 2434 5551 2540 5605; x_wconf 82' lang='lat' dir='ltr'>Pro</span> <span class='ocrx_word' id='word_1_911' title='bbox 2567 5559 2782 5624; x_wconf 70' lang='lat' dir='ltr'>peccato</span> <span class='ocrx_word' id='word_1_912' title='bbox 2811 5566 2924 5624; x_wconf 6' lang='lat' dir='ltr'>suo,</span> <span class='ocrx_word' id='word_1_913' title='bbox 2953 5567 3057 5623; x_wconf 83' lang='lat' dir='ltr'>quo</span> <span class='ocrx_word' id='word_1_914' title='bbox 3096 5555 3353 5624; x_wconf 76' lang='lat' dir='ltr'>peccavit,</span> <span class='ocrx_word' id='word_1_915' title='bbox 3401 5553 3766 5611; x_wconf 77' lang='lat' dir='ltr'>assentiente</span> 
     </span>
    </p>
   </div>
   <div class='ocr_carea' id='block_1_118' title="bbox 2116 5621 3757 5702">
    <p class='ocr_par' dir='ltr' id='par_1_118' title="bbox 2116 5621 3757 5702">
     <span class='ocr_line' id='line_1_118' title="bbox 2116 5621 3757 5702; baseline -0.001 -21"><span class='ocrx_word' id='word_1_916' title='bbox 2116 5627 2316 5684; x_wconf 74' lang='lat' dir='ltr'>Gateco</span> <span class='ocrx_word' id='word_1_917' title='bbox 2346 5626 2528 5690; x_wconf 86' lang='lat' dir='ltr'>textu,</span> <span class='ocrx_word' id='word_1_918' title='bbox 2571 5621 2700 5700; x_wconf 80' lang='grc' dir='ltr'>Περὶ</span> <span class='ocrx_word' id='word_1_919' title='bbox 2747 5626 2848 5693; x_wconf 82' lang='grc' dir='ltr'>τῆς</span> <span class='ocrx_word' id='word_1_920' title='bbox 2903 5621 3192 5699; x_wconf 53' lang='lat' dir='ltr'>auspcio!“</span> <span class='ocrx_word' id='word_1_921' title='bbox 3246 5623 3757 5702; x_wconf 70' lang='grc' dir='ltr'>αὐτοῦ,ἥςῆμαρτι,</span> 
     </span>
    </p>
   </div>
  </div>
