4104 6162
1129 234 1519 299 DIALOGUS
1564 230 1882 296 CONTRA
1921 230 2437 296 PEL’AGIANOS.
2469 267 2549 281 -—
2575 234 2720 297 LIB.
2768 236 2820 297 Ι.

3558 224 3682 299 53A

265 368 489 425 munda
522 371 638 435 est,
673 366 722 423 si
754 367 1084 425 masculum
1106 367 1418 441 pepererit,
1441 366 1650 424 diebus
1672 367 1925 439 quadra-
1952 366 2007 432 Α
2038 383 2153 421 non
2189 369 2495 423 mundabit
2536 384 2724 434 reum,
2758 392 2786 419 ››
2838 369 2992 440 quod
3047 368 3269 425 scilicet
3316 369 3493 426 etiam
3546 373 3681 442 post

260 458 461 531 ginta;
497 457 548 513 si
583 457 889 527 feminam,
923 457 1129 513 diebus
1160 459 1474 530 octoginta.
1502 462 1731 512 Accusa
1751 457 1920 512 Crea-

264 552 471 616 torem,
503 563 613 602 cur
642 546 1021 603 immundum
1077 546 1401 619 quidquam
1453 546 1716 601 nominet
1764 544 1920 617 quod

261 636 389 709 ipse
416 634 704 692 condidit.
744 636 815 690 Et
844 652 962 691 non
981 635 1174 691 solum
1197 630 1325 707 ipsa
1344 635 1648 691 immunda
1667 639 1776 701 est,
1821 634 1923 689 sed

264 729 326 782 et
353 740 533 783 omne
571 724 724 797 quod
777 723 1082 795 tetigerit:
1135 745 1162 772 ‹‹
1212 725 1474 795 Cumque
1511 724 1658 793 dies,
1708 722 1919 795 inquit,

267 813 633 891 purgationis
661 814 796 884 ejus
843 812 1120 885 completi
1174 812 1390 869 iuerint
1437 829 1615 885 super
1652 811 1773 867 ﬁlio
1822 815 1925 866 aut

277 902 424 969 filia,
456 903 645 958 offeret
684 918 908 973 agnum
958 900 1303 957 anniculum
1345 900 1816 967 immaculatum,
1866 904 1923 955 et

278 990 503 1063 pullum
532 990 965 1058 columbarum,
990 994 1049 1046 et
1079 994 1367 1046 turturem
1400 1007 1504 1062 pro
1535 992 1794 1062 peccato,
1849 989 1921 1043 ad

275 1080 485 1137 ostium
520 1079 887 1136 tabernaculi
917 1080 1240 1136 testimonii
1268 1079 1617 1149 sacerdoti‘,
1650 1078 1749 1150 qui
1791 1079 1923 1133 offe-

264 1172 350 1226 ret
375 1185 449 1225 ea
475 1168 540 1223 in
571 1174 893 1242 conspectu
921 1168 1175 1239 Domini,
1204 1173 1262 1224 et
1282 1168 1541 1241 expiabit
1571 1184 1676 1240 pro
1718 1183 1785 1222 ea
1829 1184 1919 1222 sa-

261 1258 692 1330 cerdos(Levit.
736 1274 840 1324 x11,
890 1260 925 1314 6
971 1261 1161 1330 seqq.).
1208 1280 1235 1306 υ
1286 1257 1367 1313 De
1410 1257 1639 1329 leproso
1689 1272 1921 1328 quoque

258 1347 496 1415 dicitur,
527 1348 689 1419 quod
723 1347 783 1401 in
814 1347 907 1402 die
940 1347 1304 1419 purgationis
1334 1347 1463 1417 ejus
1490 1346 1769 1401 offeratur
1817 1361 1921 1417 pro

258 1436 605 1493 eovictima
632 1452 740 1509 pro
790 1442 1049 1509 peccato,
1098 1436 1334 1507 duoque
1377 1439 1639 1491 turtures
1691 1442 1749 1490 et
1805 1435 1920 1490 duo

257 1524 406 1599 pulli
437 1524 855 1582 columbarum
892 1543 904 1580 :
938 1541 1097 1581 unus
1128 1541 1232 1597 pro
1274 1528 1531 1597 peccato,
1565 1522 1793 1579 aliusin
1818 1523 1920 1579 ho-

258 1615 597 1672 locaustum
649 1617 845 1684 (Leuit.
891 1615 1270 1685 x1v,1lseq.).
1314 1615 1380 1668 Et
1433 1614 1533 1685 qui
1578 1614 1800 1668 ﬂuxum
1836 1629 1921 1668 se-

262 1704 438 1759 minis
469 1704 720 1776 patitur,
750 1703 952 1759 eodem
976 1702 1245 1758 sacriﬁcii
1281 1702 1483 1757 ordine
1534 1718 1637 1773 pro
1686 1707 1919 1774 peccato
1948 1736 1998 1802 B

261 1792 698 1850 et'holocausto
730 1791 1014 1848 liberatur
1039 1792 1229 1862 (Levz't.
1262 1808 1364 1856 χιι,
1405 1792 1439 1845 7
1489 1791 1679 1862 seqq.).
1732 1792 1801 1846 Et
1847 1791 1919 1846 ad

263 1885 592 1938 extremum
626 1880 880 1937 infertur
913 1898 926 1934 :
953 1904 979 1929 ‹‹
1008 1879 1337 1935 Timoratos
1360 1879 1531 1935 facite
1556 1879 1709 1935 ﬁlios
1743 1879 1919 1935 Israel

260 1972 337 2028 ab
396 1969 799 2027 immunditiis
829 1970 977 2035 suis,
998 1973 1055 2025 et
1076 1985 1193 2024 non
1216 1968 1539 2024 morientur
1560 1985 1662 2041 pro
1684 1972 1920 2040 peccato

264 2076 409 2125 suo,
438 2059 490 2114 si
521 2058 1044 2115 contaminaverint
1088 2057 1535 2113 tabernaculum
1588 2056 1920 2113 testamenti

266 2150 473 2221 (Leuit.
506 2166 597 2215 xv,
630 2149 735 2221 3i).
774 2172 802 2198 η
838 2147 954 2220 Ipsi
979 2164 1213 2220 quoque
1243 2153 1437 2204 Aaron
1469 2148 1822 2221 praecipitur,
1859 2153 1923 2202 ut

259 2254 381 2294 non
405 2237 569 2293 omni
606 2244 863 2309 tempore
921 2236 1285 2308 ingrediatur
1333 2237 1391 2291 in
1433 2238 1645 2293 Sancta
1698 2241 1924 2293 sancto-

252 2344 414 2393 rum,
446 2343 526 2382 ne
558 2327 712 2382 forte
750 2325 1061 2382 moriatur.
1103 2350 1130 2376 ι(
1191 2327 1477 2398 Cumque,
1525 2327 1624 2392 ait,
1672 2325 1923 2381 voluerit

254 2419 498 2483 intrare,
530 2416 742 2472 oﬂerat
762 2414 1013 2470 vitulum
1040 2432 1143 2487 pro
1175 2418 1429 2487 peccato,
1460 2420 1516 2469 et
1571 2414 1811 2470 arietem
1860 2414 1919 2468 in

250 2507 705 2572 holocaustum,
740 2505 1005 2575 duosque
1034 2503 1230 2559 hircos
1261 2502 1508 2576 accipiat
1537 2504 1609 2559 ab
1648 2504 1919 2559 universo

252 2594 471 2670 papula
499 2620 515 2662 ;
552 2610 745 2651 unum
774 2610 847 2650 ex
876 2594 962 2649 eis
992 2593 1196 2649 offerat
1228 2610 1332 2665 pro
1393 2597 1625 2665 peccato
1676 2610 1802 2660 suo,
1863 2598 1922 2648 et

254 2702 439 2742 unum
472 2699 587 2756 pro
622 2686 862 2754 peccato
894 2681 1115 2754 pepuli,
1150 2685 1208 2737 et
1246 2681 1485 2737 arietem
1535 2682 1593 2736 in
1645 2681 1920 2737 holocau-

258 2779 411 2831 stum
441 2774 654 2843 (Levit.
686 2788 801 2839 xw,
834 2774 871 2825 2
909 2772 1097 2843 seqq.).
1138 2793 1159 2821 ι
1216 2772 1371 2827 734
1413 2770 1574 2826 Alter
1620 2770 1919 2827 hircorum

257 2868 465 2920 cuncta
494 2864 751 2934 peccata
779 2860 1028 2931 suscipit
1076 2858 1276 2932 populi
1320 2860 1381 2914 in
1430 2864 1633 2932 typum
1687 2859 1921 2915 Domini

258 2952 602 3017 Salvatoris,
638 2953 697 3006 et
725 2950 893 3006 eﬂert
914 2949 972 3004 in
1004 2947 1384 3005 solitudinem
1412 2967 1426 3016 ;
1460 2954 1516 3004 et
1546 2949 1630 3004 sic
1659 2949 1923 3020 placatur

262 3047 409 3099 Deus
439 3040 613 3098 omni
648 3037 1036 3094 multitudini.
1069 3038 1155 3093 Ad
1186 3043 1512 3094 extremum
1537 3038 1784 3092 dicitur:
1812 3060 1839 3087 ‹‹
1862 3037 1919 3091 Si

2032 455 2480 528 indulgentiam,
2513 475 2648 513 reus
2681 458 2757 513 sit
2778 457 3023 529 propriae
3077 457 3464 516 conscientiae.
3507 458 3677 516 Cum-

2034 560 2165 616 que,
2184 546 2284 613 ait,
2304 546 2657 618 ignoraverit
2678 547 2953 619 populus,
2976 551 3032 602 et
3048 547 3247 602 fecerit
3268 564 3449 603 unum
3474 566 3545 605 ex
3580 549 3676 606 his

2033 650 2162 704 quae
2182 635 2366 690 facere
2388 653 2501 690 non
2520 637 2740 702 debuit,
2760 641 2893 708 post
2913 636 3390 691 caeremoniarum
3428 636 3673 710 longum

2033 723 2297 778 ordinem
2329 724 2578 781 infertur
2607 731 2662 781 et
2691 725 2905 780 dicitur
2936 742 2949 779 :
2988 747 3015 773 ‹‹
3047 725 3256 780 Olferte
3288 724 3517 780 hircum
3578 744 3673 783 ca-

2036 828 2276 883 prarum
2333 830 2437 885 pro
2489 818 2744 886 peccato,
2807 819 2863 869 et
2917 813 3171 885 placabit
3239 814 3510 870 sacerdos
3568 832 3674 886 pro

2035 902 2194 956 omni
2228 919 2525 975 synagoga
2556 903 2809 958 filiorum
2842 902 3040 971 Israel,
3074 906 3130 957 et
3159 902 3574 974 propitiabitur
3624 902 3677 959 ei

2031 989 2333 1058 Dominus,
2376 991 2515 1062 quia
2564 991 2895 1064 ignorantia
2942 996 3074 1046 est:
3133 996 3192 1046 et
3240 991 3353 1062 ipsi
3432 993 3677 1049 offerent

2032 1078 2381 1135 oblationem
2415 1097 2583 1136 suam
2611 1081 2671 1135 in
2703 1080 3057 1136 sacriﬁcium
3102 1080 3347 1135 Domino
3396 1098 3501 1153 pro
3549 1098 3677 1154 pec-

2032 1172 2159 1223 cato
2192 1186 2298 1224 suo
2340 1169 2399 1223 in
2445 1174 2756 1241 conspectu
2808 1169 2956 1239 ejus,
3008 1168 3288 1240 quoniam
3337 1169 3675 1227 nescierunt

2031 1258 2215 1327 (Num.
2248 1276 2345 1325 vn,
2386 1261 2474 1327 28,
2519 1260 2679 1329 29).»
2730 1258 2930 1328 Ibique
2977 1257 3252 1313 additur:
3306 1283 3333 1307 ‹‹
3375 1260 3431 1314 Si
3475 1260 3675 1319 anima

2033 1363 2149 1402 una
2171 1347 2492 1419 peccaverit
2544 1364 2647 1419 per
2702 1347 3115 1419 ignorantiam,
3177 1347 3378 1403 oll‘eret
3434 1365 3671 1421 capram

2032 1435 2363 1491 anniculam
2387 1452 2490 1507 pro
2520 1440 2755 1507 peccato
2783 1436 3122 1508 ignorantia:
3166 1453 3361 1492 coram
3401 1437 3671 1505 Domino,

2032 1530 2088 1580 et
2117 1524 2523 1596 dcprecabitur
2552 1542 2655 1597 pro
2687 1542 2755 1581 ea
2780 1526 3053 1581 sacerdos
3085 1542 3151 1580 eo
3184 1526 3337 1596 quod
3368 1526 3676 1598 ignorave-

2032 1614 2126 1681 rit,
2178 1631 2279 1685 pro
2329 1618 2563 1686 peccato
2621 1614 2961 1686 ignorantiae
3021 1631 3216 1670 coram
3276 1614 3545 1685 Domino,
3618 1621 3677 1672 et

2031 1703 2255 1775 rogabit
2285 1720 2387 1774 pro
2419 1720 2504 1771 ea,
2552 1708 2608 1759 et
2660 1703 3072 1775 propitiabitur
3118 1704 3169 1759 ei
3228 1704 3415 1775 (Leuit.
3471 1722 3545 1772 ιν,
3605 1707 3678 1759 27

2031 1794 2198 1865 seqq.)
2234 1815 2259 1841 ››
2294 1794 2355 1847 In
2390 1793 2662 1848 Kalendis
2695 1793 3062 1865 singulorum
3100 1793 3391 1848 mensium
3437 1793 3676 1849 offertur

2032 1882 2233 1937 hircus
2262 1898 2569 1953 caprarum
2606 1900 2707 1954 pro
2748 1886 2980 1954 peccato
3030 1882 3297 1937 Domino.
3350 1883 3414 1938 In
3448 1882 3673 1940 Pascha

2031 1987 2263 2043 quoque
2293 1987 2396 2042 per
2417 1970 2541 2026 dies
2574 1976 2723 2039 octo,
2759 1987 2792 2025 a
2821 1971 2911 2026 die
2945 1971 3169 2026 decimo
3200 1976 3405 2042 quarto
3452 1973 3678 2030 mensis

2030 2061 2203 2132 primi
2238 2061 2525 2131 usquead
2587 2061 2736 2115 735
2787 2059 3131 2114 vicesimum
3184 2060 3442 2131 primum
3494 2061 3676 2134 diem,

2031 2150 2381 2205 sacrificium
2417 2166 2516 2221 pro
2547 2153 2780 2220 peccato
2822 2154 2927 2203 est.
2976 2150 3034 2202 In
3092 2149 3427 2205 Pentecoste
3475 2150 3675 2207 hircus

2030 2256 2133 2310 pro
2166 2241 2401 2310 peccato
2431 2238 2687 2303 oﬂ‘ertur,
2721 2241 2778 2291 et
2798 2237 2857 2290 in
2879 2235 3150 2291 Kalendis
3173 2237 3391 2293 mensis
3409 2238 3673 2310 septimi,

2031 2327 2262 2399 quando
2306 2327 2585 2381 tubarum
2644 2324 2883 2397 clangor
2930 2323 3205 2391 concinit,
3263 2326 3463 2380 eadem
3525 2326 3676 2382 hirci

2028 2434 2132 2488 pro
2156 2420 2388 2488 peccato
2419 2413 2618 2487 religio
2650 2418 3045 2470 conservatur.
3067 2412 3166 2469 Dio
3188 2430 3419 2485 quoque
3439 2414 3666 2472 decimo

2030 2506 2292 2576 ejusdem
2352 2504 2573 2559 mensis
2621 2502 2878 2574 septimi,
2939 2502 3174 2574 quando
3220 2502 3518 2573 jejunium
3583 2507 3673 2560 est

2030 2611 2217 2666 usque
2237 2595 2307 2649 ad
2338 2609 2665 2665 vesperam,
2699 2592 2939 2647 oll‘ertur
2967 2592 3169 2647 hircus
3215 2608 3525 2664 caprarum
3568 2610 3672 2665 pro

2029 2688 2283 2755 peccato,
2317 2688 2524 2755 praeter
2554 2699 2687 2738 eum
2715 2681 2966 2747 hircum,
2991 2680 3089 2752 qui
3112 2686 3245 2737 ante
3268 2681 3675 2738 holocaustum

2030 2790 2133 2845 pro
2156 2776 2391 2843 peccato
2449 2789 2518 2826 ex
2562 2770 2688 2841 lege
2729 2773 3036 2826 mactatur.
3078 2770 3141 2823 In
3183 2769 3390 2824 diebus
3439 2787 3674 2843 quoque

2029 2861 2416 2933 Scenopegize,
2452 2860 2686 2932 quando
2710 2858 3452 2931 ﬁgebanturtabernacula,
3500 2877 3533 2915 a
3580 2860 3677 2916 die

2028 2952 2253 3007 decimo
2285 2951 2489 3021 quinto
2514 2949 2779 3019 ejusdem
2812 2948 3032 3003 mensis
3086 2946 3319 3019 septimi
3363 2964 3549 3019 usque
3597 2949 3671 3003 ad

2030 3041 2184 3096 diem
2214 3040 2557 3095 vices1mum
2611 3038 2958 3103 secundum,
3010 3037 3163 3091 inter
3210 3035 3354 3091 alias
3402 3037 3671 3093 victimas

260 3130 580 3188 comederit
611 3127 797 3183 homo
826 3127 897 3182 de
936 3127 1314 3183 sanctiﬁcatis
1361 3143 1464 3198 per
1504 3126 1916 3199 ignorantiam,
1949 3107 1992 3174 (ἶ
2033 3146 2265 3202 semper
2315 3144 2416 3199 pro
2475 3133 2705 3200 peccato
2764 3126 2964 3181 hircus
2997 3126 3365 3192 offerebatur,
3414 3131 3480 3180 ut
3523 3124 3670 3181 illud

258 3221 596 3293 imputatur
627 3216 679 3272 ei
711 3214 996 3287 iniquitas
1027 3219 1202 3288 atque
1233 3214 1536 3284 delictum,
1560 3220 1618 3271 et
1647 3217 1763 3271 voti
1792 3232 1925 3271 reus

262 3308 373 3364 erit
402 3308 599 3381 (lenit.
633 3322 741 3371 κη,
784 3304 897 3375 lli).
964 3330 987 3357 ι
1054 3302 1218 3360 Unde
1267 3309 1327 3360 et
1364 3306 1682 3377 Apostolus
1730 3309 1928 3360 monet

270 3395 709 3453 Eucharistiam
742 3392 974 3448 Domini
1001 3410 1136 3448 cum
1168 3392 1439 3448 cautione
1461 3394 1831 3461 sumendam,
1856 3409 1928 3449 ne

278 3486 337 3541 in
355 3482 913 3541 condemnationem
937 3483 1108 3538 nobis
1124 3498 1434 3538 sumamus
1452 3487 1626 3554 atque
1634 3482 1928 3553 judicium

281 3573 328 3640 (ι
358 3572 466 3627 Cor
498 3589 584 3635 x1.
612 3571 703 3634 27,
730 3572 838 3642 28),
872 3571 931 3626 Si
963 3571 1279 3627 damnatur
1305 3570 1364 3625 in
1402 3570 1530 3643 lege
1576 3571 1931 3643 ignorantia,

291 3664 515 3732 quanto
546 3659 735 3730 magis
763 3658 816 3715 in
842 3659 1143 3732 evangelio
1175 3658 1569 3715 conscientia!

2034 3218 2349 3290 impleatur
2386 3217 2538 3273 beati
2570 3216 2795 3273 David:
2858 3238 2885 3266 ‹‹
2945 3215 3070 3270 Tibi
3139 3213 3247 3270 soli
3292 3210 3568 3286 peccavit,
3624 3218 3682 3271 et

2036 3307 2258 3363 malum
2281 3323 2474 3362 coram
2507 3311 2563 3361 te
2594 3306 2721 3373 feci,
2755 3305 3183 3376 utjustificeris
3215 3304 3274 3358 in
3308 3303 3680 3360 sermonibus

2036 3397 2176 3462 tuis,
2205 3401 2261 3452 et
2287 3395 2486 3451 vincas
2519 3411 2649 3450 cum
2677 3394 2968 3465 judicaris
3022 3394 3196 3463 (Psal.
3260 3410 3309 3457 L,
3358 3393 3435 3464 5).
3490 3415 3517 3442 »
3570 3394 3683 3448 Sex

2039 3486 2239 3541 civitas
2278 3484 2577 3556 eliguntur
2615 3484 2803 3539 exsilii
2855 3499 3079 3550 eorum,
3112 3481 3211 3551 qui
3263 3497 3378 3535 non
3451 3485 3677 3552 sponte,

2038 3574 2141 3630 sed
2173 3590 2275 3641 per
2304 3572 2718 3645 ignorantiam,
2751 3572 2839 3626 vel
2864 3572 3024 3642 jactu
3055 3569 3286 3640 lapidis,
3327 3568 3414 3623 vel
3465 3567 3682 3639 impul-

2041 3662 2203 3718 sione
2233 3659 2746 3729 manus,vcljoco,
2786 3659 2873 3713 vel
2932 3657 3169 3712 lascivia
3216 3658 3436 3727 absque
3485 3655 3682 3711 inimi-

2042 3750 2217 3817 citiis,
2249 3748 2587 3805 infelicitate
2610 3748 2807 3819 magis
2836 3764 3011 3818 quam
3052 3745 3349 3800 voluntate
3408 3759 3685 3816 peccave-

2044 3842 2200 3908 runt,
2234 3843 2290 3893 et
2313 3843 2503 3892 tamen
2535 3853 2650 3891 non
2684 3836 2905 3906 absque
2937 3834 3184 3889 crimine
3207 3838 3365 3901 sunt,
3407 3834 3548 3888 dum
3597 3849 3687 3889 re-

352 3751 445 3807 35.
474 3750 567 3805 Et
589 3749 954 3805 Numerorum
983 3749 1143 3804 libro.
1176 3780 1246 3789 —-
1274 3749 1668 3804 Transeamus
1708 3748 1780 3803 ad
1812 3748 1932 3803 Nu-

274 3856 491 3907 meros,
525 3844 588 3895 et
606 3839 681 3893 ob
704 3836 1205 3894 contentiosorum
1230 3838 1662 3909 impudentiam
1686 3838 1937 3892 refutan-

273 3929 435 3998 dam,
463 3945 711 3987 summa
744 3944 990 3999 quasque
1018 3943 1351 3998 carpamus.
1375 3927 1681 3982 Nazaraaus
1734 3930 1934 3981 sancto
2042 3928 2314 4001 legantur
2342 3926 2403 3980 in
2434 3930 2801 3997 perpetuum,
2844 3929 2902 3979 et
2931 3928 3063 3979 ante
3094 3923 3478 3978 constitutum
3510 3922 3689 3994 diem,

277 4019 441 4077 crine
463 4017 853 4083 venerabilis,
885 4015 1126 4072 alterius
1156 4016 1352 4073 subita
1373 4020 1559 4071 morte
1584 4014 1934 4084 maculatur,
2047 4034 2151 4073 nec
2183 4016 2629 4088 supplicatione,
2661 4030 2765 4069 nec
2794 4013 2978 4085 pretio
3028 4030 3231 4068 eorum
3278 4012 3528 4068 reversio
3577 4013 3687 4067 im-

272 4112 341 4165 et
366 4124 571 4167 omnes
601 4106 738 4163 dies
791 4105 1248 4161 consecrationis
1290 4106 1419 4176 ejus
1467 4104 1741 4177 preateriti
1790 4104 1940 4160 irriti
2048 4105 2260 4180 petrari
2291 4109 2347 4160 et
2367 4103 2573 4159 redimi
2601 4106 2811 4175 potest.

276 4198 478 4256 fiunt:
512 4199 845 4269 posteaque
877 4210 981 4265 pro
1020 4211 1086 4250 eo
1126 4193 1451 4251 oﬂ'eruntur
1500 4195 1615 4249 duo
1660 4197 1938 4258 turtures,
2119 4197 2207 4252 36.
2242 4198 2323 4251 Ea:
2364 4196 2793 4249 Deutermzmm’o.
2827 4224 2894 4234 ——
2942 4192 3004 4247 In
3072 4189 3540 4255 Deuteronomio,
3594 4188 3698 4260 qui

270 4294 334 4342 et
367 4285 480 4343 duo
503 4283 662 4359 pulli
713 4282 1147 4353 columbarum,
1206 4300 1361 4338 unus
1411 4299 1516 4355 pro
1566 4286 1823 4354 peccato,
1885 4286 1943 4338 et
2050 4286 2199 4341 liber
2229 4284 2650 4357 praeteritorum
2683 4280 3047 4338 enumeratio
3096 4283 3204 4344 est,
3256 4278 3565 4351 perspicue
3599 4278 3697 4334 de-

268 4374 428 4431 alter
456 4376 516 4431 in
549 4372 997 4431 holocaustum.
1031 4373 1095 4428 In
1145 4372 1238 4428 die
1280 4387 1513 4444 quoque
1562 4388 1937 4427 consumma-
2052 4379 2438 4439 monstratur,
2466 4390 2579 4428 non
2615 4373 2672 4427 in
2700 4371 2975 4442 operibus
2999 4369 3218 4425 nostris
3251 4372 3425 4440 atque
3448 4366 3694 4439 iustitia,

270 4463 458 4520 tionis
486 4464 625 4533 eius
657 4460 1116 4534 oiferturagnus
1145 4460 1205 4515 in
1226 4461 1564 4517 holocausto
1587 4464 1644 4515 et
1665 4476 1817 4533 agna
1838 4477 1941 4532 pro
1973 4477 2018 4542 ι)
2052 4465 2152 4519 sed
2185 4465 2284 4519 Dei
2313 4462 2712 4518 misericordia
2754 4478 2860 4515 nos
2911 4460 3264 4526 conservari,
3319 4457 3547 4514 dicente
3589 4461 3700 4513 Do-

268 4557 540 4625 peccato.
574 4552 651 4608 Et
681 4554 817 4623 post
844 4549 1035 4608 multa
1062 4550 1348 4622 scriptum
1370 4554 1457 4605 est
1488 4550 1652 4621 (Num
1678 4567 1796 4617 xw,
1851 4550 1941 4617 47,
2061 4553 2220 4609 mino
2252 4570 2354 4625 per
2383 4553 2620 4624 Moysen
2657 4567 2669 4607 :
2707 4574 2734 4600 «
2766 4551 2845 4605 Ne
2876 4550 3038 4605 dicas
3067 4549 3125 4603 in
3176 4548 3347 4603 corde
3392 4551 3515 4617 tuo,
3566 4561 3702 4601 cum

272 4642 377 4710 18)
411 4659 427 4696 :
458 4666 487 4692 ‹‹
546 4642 619 4699 Et
682 4655 840 4695 nunc
893 4638 1303 4711 magniﬁcetur
1350 4638 1638 4693 fortitudo
1696 4637 1950 4704 Domini,
2059 4642 2408 4699 subverterit
2439 4658 2538 4696 eos
2568 4640 2851 4696 Dominus
2893 4640 3047 4694 Deus
3096 4642 3237 4693 tuus
3287 4654 3321 4691 a
3369 4637 3512 4691 facie
3558 4639 3703 4691 tua:

278 4727 445 4784 sicut
469 4728 709 4784 locutus
733 4728 881 4797 est’,
912 4726 1137 4790 dlcens.
1168 4726 1456 4782 Dominus
1485 4725 1849 4797 longanimis
1896 4730 1954 4781 et
2060 4734 2120 4789 In
2148 4729 2391 4803 justitia
2421 4747 2550 4785 mea
2582 4730 2908 4785 introduxit
2934 4744 3027 4783 me
3062 4726 3373 4791 Dominus,
3406 4730 3471 4779 ut
3517 4722 3711 4796 possi-

276 4814 492 4873 multae
518 4815 959 4883 misericordiae,
996 4815 1266 4872 auferens
1311 4814 1678 4886 iniquitatem
1725 4818 1782 4871 et
1823 4831 1953 4871 sce-
2060 4823 2229 4878 deam
2261 4825 2475 4876 terram
2536 4819 2705 4887 hanc,
2767 4817 2907 4889 quia
2966 4819 3022 4871 in
3086 4815 3387 4887 impietate
3446 4812 3709 4885 gentium

264 4906 431 4975 Ῑοηι
462 4912 519 4963 ει
560 4906 867 4963 mundatis
914 4922 1029 4961 σοι]
1083 4904 1255 4960 failith
1304 4904 1709 4970 innocentem;
1765 4926 1792 4953 ν
1847 4920 1949 4974 PFO
2060 4912 2307 4967 istarum
2339 4908 2622 4965 Dominus
2653 4910 2964 4963 consumet
2995 4922 3094 4960 eos
3138 4921 3170 4957 a
3224 4902 3370 4957 facie
3400 4905 3538 4958 tua:
3593 4918 3711 4957 non

260 5013 401 5069 quo
430 4993 1203 5069 septuaginta'interpretati
1234 4998 1394 5060 sunt,
1439 5012 1459 5040 α
1493 4993 1562 5047 Et
1613 4992 1947 5071 emundant!
2061 5000 2120 5055 in
2147 5000 2378 5071 justitia
2401 5003 2520 5065 tua,
2556 5001 2611 5053 et
2640 4997 2955 5051 directione
2989 4994 3074 5064 [At
3097 5012 3115 5047 .·
3148 4992 3495 5062 defectiOne]
3519 4991 3713 5048 cordis

306 5192 326 5233 Χ
348 5123 371 5156 ⁸
404 5120 596 5178 \‘atic.
631 5121 966 5188 testamenti,
998 5121 1282 5174 renuente
1332 5117 1529 5174 Grazco
1587 5119 1683 5169 τοῦ
1747 5134 1952 5189 μαρτυ-

262 5215 295 5248 5
306 5214 431 5248 10⁸).

254 5234 313 5325 re
336 5284 369 5318 ²
400 5282 691 5339 Πρηόοεθ
720 5284 892 5336 antea
912 5283 1039 5336 erat
1064 5279 1241 5334 etiam
1275 5278 1333 5333 in
1392 5294 1538 5334 mss.
1592 5277 1806 5333 loculus
1852 5284 1953 5332 est.

250 5359 505 5414 Testes
539 5370 596 5407 es
631 5351 809 5407 habet
838 5352 894 5405 in
929 5351 1147 5421 linguis
1180 5349 1477 5405 omnibus.
1531 5355 1641 5404 Pro
1694 5348 1959 5403 subnexa

250 5427 587 5486 sententia
606 5433 662 5479 et
691 5424 969 5478 mandans
998 5440 1113 5477 non
1141 5425 1311 5492 faciet
1345 5424 1709 5489 innocentem,
1751 5436 1953 5492 quam.
2066 5425 2208 5492 tione
2238 5430 2345 5492 non
2376 5424 2672 5490 mumluozt
2696 5426 2849 5463 reum
2871 5424 2889 5468 ,'
2911 5424 3049 5492 qua:
3095 5424 3295 5459 omnia
3339 5424 3403 5492 su

248 5472 1955 5569 232:?"so'ﬁidoﬁhﬁtiéaiiEdicitadiicio—coma,"iii
2067 5486 2199 5552 tuli,
2222 5489 2287 5538 ut
2307 5499 2485 5565 quam
2515 5480 2853 5565 .versionem
2910 5472 3315 5605 Hi6POD£lllUS_
3349 5475 3443 5555 hic
3491 5472 3722 5540 laudet,

248 5569 559 5605 νο-ἰηηο
589 5583 659 5605 αν
694 5566 931 5605 Hahnmn
989 5564 1492 5605 nnnmndmndnm
1517 5568 1577 5605 at
1603 5565 1661 5605 in
1702 5563 1952 5605 anantn
2108 5570 2315 5605 namve
2345 5553 2657 5605 intelligat.
2687 5566 3030 5605 expressam
3062 5565 3093 5605 ϐ
3294 5546 3546 5605 ,ιυάὶεθθο

244 5544 670 5632 $313033”;
676 5544 1578 5641 ii’éiii'éofqhéicédﬁiédciﬁ'éi
1603 5544 1957 5640 iii—Vulgata
2108 5544 2657 5628 ua'mve'intelligat,
2687 5566 3030 5633 expressam
3062 5565 3093 5606 e
3124 5544 3270 5605 LXX
3294 5544 3546 5621 judices.

626 5696 903 5763 Paeon.
971 5692 1196 5767 XXIII.
3331 5666 3413 5733 1⁸

2063 5127 2295 5199 legitur,
2328 5124 2651 5193 nullumque
2680 5123 2971 5199 innoxium
3001 5118 3402 5199 derelinquens.
3460 5118 3521 5199 In
3561 5117 3711 5199 _ipso

2065 5179 2302 5278 llgbrieo
2328 5200 2508 5278 textu,
2540 5179 2673 5278 ἔγω]
2716 5179 2800 5278 δή.
2831 5198 2991 5278 (ipsi,
3025 5206 3167 5273 .quze
3195 5179 3437 5278 reddas
3460 5179 3710 5278 Aetia-no-

2062 5273 2223 5327 mium
2252 5261 2618 5339 [αρίδηδὶΑήοῃ
2638 5267 2802 5339 faciet
2838 5261 3150 5339 irinoaeiung.
3195 5262 3251 5316 In
3284 5261 3481 5339 Greco
3514 5265 3714 5339 autem

2065 5341 2152 5396 καὶ
2184 5328 2504 5413 καθαρισμῷ
2540 5336 2612 5389 πῦ
2638 5328 2907 5410 ’καθαριεῖ
2951 5332 3041 5386 τὸν
3104 5328 3317 5413 ἔνοχςν),
3370 5333 3431 5412 Εἰ
3478 5334 3718 5413 dumdum

2066 5417 2208 5470 tione
2238 5403 2345 5467 non
2376 5403 2663 5465 wiuiulubit
2696 5403 2849 5463 reuin
2871 5424 2889 5468 ,'
2922 5424 3049 5476 qua:
3095 5403 3295 5459 omnia
3339 5403 3516 5476 simul
3575 5419 3720 5476 con-
