4104 6162
350 267 494 345 555

1612 271 1679 332 S.
1719 270 2028 335 EUSEBII
2069 270 2361 333 HIERON
2372 269 2537 334 YMI.

3656 264 3777 347 556.

376 401 463 456 tui
493 400 764 467 intrabis,
796 405 863 457 ut
892 401 1193 475 possideas
1232 406 1449 459 terram
1508 418 1713 459 eorum
1748 419 1760 457 :
1809 402 1911 457 sed
1962 401 2022 457 in
2052 404 2105 469 Α
2134 402 2355 459 boves?
2384 403 2524 475 quid
2558 402 2751 459 asini?
2776 400 2920 475 quid
2954 400 3214 475 pecora?
3246 400 3357 458 Fac
3391 400 3503 455 Deo
3551 396 3777 455 calum-

376 489 679 563 impietate
706 506 910 547 eorum
939 491 1225 548 Dominus
1255 492 1409 548 Deus
1440 494 1580 547 tuus
1601 494 1907 547 consumet
1922 507 2022 546 eos

378 596 412 634 a
441 579 588 635 facie
618 582 742 648 tua,
774 583 840 634 ut
877 580 1121 635 suscitet
1167 581 1410 636 verbum
1453 581 1608 653 quod
1668 580 1900 636 locutus
1934 583 2023 635 est

376 668 642 740 patribus
668 668 808 735 tuis,
840 668 1159 737 Abraham,
1196 672 1353 725 Isaac
1401 672 1458 725 et
1503 669 1705 724 Jacob.
1756 669 1826 723 Et
1868 668 2019 723 scies

375 756 533 827 quod
560 773 677 812 non
708 757 765 811 in
792 757 1025 829 justitia
1046 762 1149 812 tua
1177 757 1460 813 Dominus
1489 758 1644 813 Deus
1672 762 1810 812 tuus
1858 756 2023 812 dabit

382 844 489 899 tibi
520 848 736 901 terram
765 846 1071 917 optimam,
1105 850 1169 901 ut
1200 845 1501 918 possideas
1523 862 1673 915 eam,
1727 844 1866 917 quia
1913 861 2021 915 po-

380 932 558 1005 pulus
586 934 744 989 durae
778 934 1017 990 cervicis
1049 951 1111 990 es
1146 938 1204 989 tu
1236 934 1417 1006 (Deut.
1454 952 1528 1003 ιιι,
1578 935 1713 1005 4-6).
1768 957 1796 984 ››
1846 935 1907 989 In
1956 949 2021 989 eo

382 1026 578 1079 autem
609 1023 762 1095 qnod
794 1022 937 1079 dixit
969 1040 983 1079 :
1017 1047 1045 1075 «
1077 1024 1374 1080 Perfectus
1422 1023 1537 1079 eris
1591 1040 1722 1079 cum
1775 1021 2021 1078 Domino

377 1115 537 1169 Deo1
568 1116 668 1168 tuo
700 1114 880 1182 (Deut.
939 1130 1099 1182 xvm,
1160 1114 1268 1186 13),
1326 1136 1354 1163 ››
1414 1131 1529 1186 quo
1574 1130 1748 1169 sensu
1791 1113 2020 1176 dixerit,

384 1219 455 1258 ex
484 1203 980 1272 consequentibus
1010 1203 1386 1275 approbatur.
1422 1226 1447 1252 «ι
1499 1203 1644 1259 Cum
1694 1202 2019 1275 ingressus,

378 1290 591 1362 inquit,
628 1290 806 1346 fueris
862 1295 1100 1359 terram,
1125 1308 1302 1364 quam
1351 1291 1635 1348 Dominus
1681 1292 1836 1348 Deus
1883 1296 2023 1347 tuus

377 1378 540 1435 dabit
567 1378 695 1447 tibi,
728 1396 844 1435 non
901 1380 1090 1437 disces
1127 1380 1315 1436 facere
1361 1380 1828 1437 abominationes
1876 1396 2021 1451 gen-

377 1468 528 1523 tium
559 1467 819 1537 illarum,
852 1485 960 1525 nec
1010 1469 1335 1525 invenietur
1390 1470 1448 1525 in
1506 1475 1563 1526 te
1608 1469 1708 1541 qui
1758 1469 2026 1525 traducat

384 1558 534 1614 186
560 1556 750 1614 ﬁlium
780 1557 866 1614 vel
897 1558 1079 1614 ﬁliam
1113 1576 1282 1615 suam
1307 1576 1408 1631 per
1437 1559 1655 1631 ignem.
1706 1558 2023 1614 Divinatio-

390 1647 568 1703 nibus
597 1646 686 1703 vel
718 1648 993 1704 omnibus
1024 1648 1320 1721 auguriis”
1358 1653 1416 1703 et
1464 1648 1747 1715 maleﬁcia
1800 1648 2024 1703 artibus

2130 491 2288 547 niam
2321 509 2501 565 quare
2530 509 2684 548 unus
2714 492 3057 564 peccaverit,
3089 498 3143 547 et
3174 506 3310 564 pars
3340 487 3544 563 populi
3582 486 3768 543 truci-

2130 581 2267 635 data
2297 581 2420 636 sit?
2440 581 2556 636 Cur
2585 585 2644 637 et
2674 581 2797 653 ipse
2839 580 3135 653 lapidatur
3180 580 3287 652 [Αἰ.
3338 575 3679 650 lapidetur],
3723 579 3785 632 et

2129 669 2477 740 omniaquae
2509 670 2725 725 habere
2781 668 3059 741 potuerit,
3103 667 3282 722 ultrix
3332 666 3575 723 ﬂamma
3638 681 3776 720 con-

2131 758 2502 830 sumpserit?
2523 759 2797 814 Dicamus
2826 762 2883 814 et
2910 758 3069 813 aliud
3101 776 3114 812 :
3150 781 3175 807 (ι
3203 757 3328 812 Νοιι
3361 760 3508 822 erat,
3564 753 3776 826 inquit,

2131 846 2354 912 civitas,
2389 864 2566 919 quam
2601 865 2715 902 non
2748 847 2991 903 tradidit
3028 845 3315 903 Dominus
3371 844 3507 901 ﬁliis
3574 842 3776 911 Israel,

2131 936 2355 1008 absque
2386 936 2587 992 Hevaco
2609 938 2710 1008 qui
2762 936 3066 992 habitabat
3119 935 3178 990 in
3230 933 3519 990 Gabaon:
3572 947 3780 989 omnes

2133 1025 2446 1096 pugnando
2475 1028 2773 1097 ceperunt,
2808 1024 3001 1096 quiaa
3051 1024 3299 1080 Domino
3356 1022 3576 1080 lactum
3632 1026 3777 1091 erat,

2133 1118 2196 1167 ut
2225 1112 2525 1169 indurarct
2553 1130 2652 1170 cor
2679 1130 2903 1181 eorum,
2936 1117 2990 1169 et
3024 1115 3352 1185 pugnarent
3385 1113 3532 1168 787
3576 1115 3779 1168 contra

2132 1201 2332 1268 Israel,
2384 1206 2450 1257 ut
2507 1202 3014 1259 interﬁcerentur:
3076 1206 3133 1257 et
3182 1218 3298 1258 non
3362 1200 3528 1258 ﬁeret
3572 1201 3634 1257 in
3687 1201 3775 1257 eis

2134 1291 2554 1360 misericordia,
2590 1295 2645 1347 et
2676 1292 2952 1363 perirent,
2984 1292 3137 1347 sicut
3174 1291 3449 1363 praecepit
3491 1290 3781 1347 Dominus

2131 1380 2309 1452 Moysi
2340 1380 2518 1451 (Iosue
2547 1399 2623 1447 x1,
2660 1380 2745 1448 19,
2781 1380 2894 1452 20).
2933 1404 2959 1429 υ
3019 1381 3077 1436 Si
3131 1379 3365 1435 Domini
3421 1379 3644 1435 factum
3694 1383 3785 1436 est

2131 1467 2447 1534 voluntate,
2478 1474 2545 1524 ut
2563 1485 2767 1541 pacem
2787 1486 2902 1525 non
2942 1469 3266 1541 reciperent
3287 1484 3393 1524 nec
3415 1468 3785 1542 susciperent

2134 1558 2348 1615 Israel:
2400 1559 2667 1615 dicamus
2703 1560 2877 1629 juxta
2924 1560 3269 1631 Apostolum
3305 1576 3373 1614 τι(
3422 1558 3573 1622 Quid
3644 1574 3782 1633 ergo

2136 1647 2444 1720 queritur‘
2473 1649 2500 1703 ?
2531 1646 2831 1703 Voluntati
2858 1648 3015 1707 enim
3074 1649 3205 1718 ejus
3255 1648 3389 1719 quis
3450 1652 3644 1720 potest
3693 1664 3782 1703 re-

379 1741 437 1793 et
465 1736 963 1793 incantationibus
995 1754 1111 1793 non
1142 1738 1379 1805 servies,
1422 1742 1487 1792 ut
1533 1737 1855 1810 interroges
1900 1755 2022 1794 ma-
2060 1776 2105 1840 Β
2136 1737 2343 1794 sistere
2363 1738 2535 1809 (Rom.
2570 1754 2647 1792 ιιι.
2681 1737 2768 1808 19)
2790 1738 2816 1791 ?
2840 1762 2861 1790 ι

380 1843 485 1899 gos
511 1830 568 1882 et
601 1826 814 1883 ariolos
853 1832 909 1883 et
939 1835 1221 1883 mortuos.
1285 1826 1657 1883 Abominatio
1706 1827 1864 1883 enim
1922 1834 2026 1884 Do-

382 1915 528 1988 mini
567 1920 657 1973 est
712 1916 905 1973 omnis
962 1917 1063 1988 qui
1115 1917 1253 1974 facit
1308 1917 1446 1972 hmo.
1503 1917 1569 1971 Et
1626 1922 1860 1989 propter
1915 1918 2022 1974 has

380 2005 846 2062 abominationes
876 2005 1160 2063 Dominus
1190 2007 1344 2063 Deus
1373 2011 1511 2061 tuus
1542 2011 1847 2063 consumet
1869 2022 1967 2063 eas
1994 2025 2028 2062 a

381 2095 528 2151 facie
579 2099 725 2151 tua:
777 2096 1068 2168 perfectus
1125 2095 1240 2152 eris
1289 2112 1422 2151 cum
1458 2096 1704 2152 Domino
1753 2096 1867 2152 Deo
1927 2101 2026 2151 tuo

381 2183 547 2255 (Ibid.
577 2184 759 2253 9-12).
795 2205 824 2235 »
845 2183 1106 2256 Denique
1136 2183 1311 2239 infert
1339 2202 1352 2240 :
1386 2206 1414 2234 ‹‹
1447 2183 1592 2248 Quia
1649 2189 1853 2256 gentes
1904 2184 2027 2240 ista:

380 2291 528 2347 quas
571 2277 634 2329 tu
695 2272 1043 2346 possidebis,
1100 2272 1311 2328 ariolos
1369 2278 1426 2328 et
1473 2272 1701 2329 divinos
1757 2272 2025 2330 audiunt.

382 2362 512 2431 Tibi
544 2367 742 2419 autem
773 2378 890 2418 non
922 2361 1006 2418 sic
1036 2362 1198 2417 dedit
1226 2361 1513 2418 Dominus
1539 2362 1843 2418 Deustuus
1866 2362 2026 2433 (Ibid.

383 2452 494 2524 14).
530 2474 559 2502 ››
587 2451 918 2523 Statimque
948 2451 1258 2525 subjungit
1289 2468 1302 2506 :
1357 2475 1383 2501 «
1444 2452 1797 2524 Prophetam
1844 2468 2029 2508 unum

383 2558 452 2597 ex
482 2546 539 2597 te
570 2542 641 2597 de
685 2540 968 2596 fratribus
1026 2540 1146 2596 tuis
1205 2541 1357 2596 sicut
1409 2557 1502 2597 me
1558 2541 1869 2597 suscitabit
1922 2540 2030 2596 tibi

382 2631 670 2686 Dominus
715 2631 866 2685 Deus
911 2634 1099 2685 tuus:
1148 2631 1340 2701 ipsum
1383 2631 1584 2686 audies
1632 2630 1789 2702 (Ibid.
1853 2631 1963 2702 15).
2001 2653 2029 2680 ››

386 2720 464 2775 Ex
495 2735 610 2791 quo
667 2719 1002 2775 ostenditur
1058 2720 1380 2792 perfectum
1439 2719 1533 2774 hic
1583 2718 1697 2774 dici
1755 2736 1869 2774 non
1930 2720 2029 2791 qui

385 2814 628 2870 cunctas
685 2808 929 2864 virtutes
987 2807 1221 2872 habeat,
1283 2808 1383 2863 sed
1433 2809 1531 2879 qui
1593 2807 1916 2880 perfectum
1975 2813 2033 2865 et

386 2919 570 2961 unum
630 2903 912 2972 sequatur
958 2896 1165 2953 Deum.
1228 2896 1553 2968 Narratque
1625 2897 1896 2953 similiter
1959 2900 2030 2955 de

386 2991 725 3052 conditione
749 2986 1020 3045 exsulum
1052 2987 1150 3059 qui
1203 3003 1304 3059 per
1335 2986 1724 3060 ignorantiam
1760 3004 2029 3060 peccave-

393 3089 549 3150 runl,
583 3096 699 3151 quo
730 3078 1042 3148 confugere
1093 3076 1342 3132 debeant
1360 3077 1401 3144 ³,
1453 3080 1629 3146 atque
1676 3076 1980 3150 subjungit
2013 3095 2027 3132 :

2207 1828 2295 1881 38.
2327 1828 2411 1882 Ea:
2444 1829 2643 1897 Regum
2666 1826 2841 1883 libris.
2867 1857 2935 1867 —
2967 1831 3042 1882 De
3062 1826 3302 1883 Samuel
3333 1830 3390 1882 et
3443 1827 3780 1884 Malachim.

2133 1915 2414 1971 Jonathas
2445 1916 2641 1971 favum
2674 1914 2863 1971 mellis
2894 1916 3151 1988 gustavit
3183 1917 3241 1972 in
3273 1919 3524 1989 sceptro,
3554 1921 3609 1973 et
3652 1916 3785 1973 illu-

2136 2005 2374 2060 minatis
2404 2004 2611 2071 oculis,
2635 2005 3015 2077 periclitatur,
3049 2006 3205 2078 quod
3247 2006 3513 2062 nesciens
3553 2005 3781 2063 fecerit.

2139 2095 2255 2149 lloc
2284 2095 2440 2149 enim
2473 2094 2775 2166 Scriptura
2803 2098 3072 2164 testatur,
3131 2096 3288 2166 quod
3332 2094 3692 2167 ignoraverit
3750 2112 3787 2151 a

2138 2188 2303 2255 patre
2351 2200 2480 2239 esse
2535 2187 2897 2256 preceptum,
2960 2201 3031 2240 ne
3108 2183 3424 2257 quisquam
3496 2188 3784 2258 gustaret,

2138 2273 2321 2328 donec
2362 2272 2603 2328 victoria
2659 2272 2891 2328 Domini
2937 2273 3348 2345 compleretur.
3412 2274 3474 2329 In
3548 2279 3786 2330 tantum

2139 2366 2334 2417 autem
2365 2362 2548 2417 iratus
2579 2366 2667 2417 est
2687 2361 2992 2428 Dominus,
3035 2368 3101 2417 ut
3126 2378 3254 2418 sors
3274 2362 3565 2419 inveniret
3591 2364 3786 2421 occul-

2137 2454 2286 2521 tum,
2319 2456 2378 2506 et
2410 2452 2533 2524 ipse
2556 2452 2833 2507 fateretur
2859 2451 3061 2507 dicens
3088 2467 3102 2506 :
3129 2474 3157 2502 ‹‹
3213 2452 3455 2509 Gustavi
3502 2453 3564 2508 in
3623 2471 3787 2510 sum-

2140 2540 2342 2595 mitate
2379 2540 2613 2612 sceptri,
2666 2539 2820 2612 quod
2889 2545 2979 2595 est
3020 2539 3079 2595 in
3138 2541 3319 2597 manu
3370 2558 3522 2613 mea,
3573 2560 3788 2615 parum

2141 2630 2351 2698 mellis,
2384 2634 2440 2686 et
2468 2646 2598 2685 ecce
2629 2646 2734 2702 ego
2765 2630 2981 2685 morior
3030 2632 3081 2699 (Ι
3126 2632 3253 2700 Reg.
3306 2648 3421 2700 x1v,
3482 2633 3595 2701 43).
3632 2655 3660 2683 ››
3720 2633 3792 2689 Et

2140 2724 2339 2792 postea
2378 2720 2793 2775 intercessione
2834 2724 2891 2774 et
2937 2720 3208 2791 precibus
3253 2720 3451 2793 populi
3500 2721 3790 2780 liberatus

2139 2815 2250 2879 est,
2281 2808 2528 2865 dicentis
2558 2809 2631 2863 ad
2662 2807 2801 2865 Saul
2836 2827 2901 2865 :«
2936 2808 3090 2864 Num
3136 2809 3422 2866 Jonathas
3476 2811 3784 2881 morietur,

2140 2898 2241 2970 qui
2262 2898 2396 2954 fecit
2419 2896 2669 2954 salutem
2704 2897 2855 2953 hanc
2884 2914 3161 2971 magnam
3194 2898 3254 2953 in
3284 2898 3460 2955 Israel
3488 2900 3517 2954 ‘2
3563 2902 3782 2959 Absit?

2140 2987 2288 3043 Vivit
2310 2988 2590 3042 Dominus
2624 3003 2636 3041 :
2670 2986 2720 3041 si
2749 2986 3022 3042 ceciderit
3046 2988 3121 3043 de
3149 2987 3378 3060 capillis
3409 2989 3620 3062 capitis
3655 2992 3786 3064 ejus

2142 3077 2201 3132 in
2235 3081 2471 3143 terram,
2508 3076 2645 3148 quia
2674 3092 2807 3131 cum
2840 3075 3085 3131 Domino
3118 3075 3252 3133 fecit
3281 3076 3434 3133 diem
3481 3078 3638 3136 hanc
3672 3098 3685 3137 :
3732 3085 3790 3138 et

387 3193 415 3220 ‹‹
437 3146 696 3235 Quando
728 3146 1101 3222 aedificaveris
1132 3165 1375 3220 domum
1398 3182 1626 3232 novam,
1671 3146 1846 3222 facies
1892 3146 2029 3223 l—ori-
2060 3146 2103 3212 (ἶ
2142 3165 2408 3222 liberavit
2462 3146 2715 3238 populus
2736 3164 2757 3198 ⁵
2784 3164 3099 3234 Jonatban,
3134 3169 3191 3219 et
3242 3182 3359 3222 non
3390 3171 3480 3223 est
3512 3173 3788 3226 mortuus

392 3256 587 3315 culam
610 3254 756 3311 lecto
785 3259 885 3309 tuo
915 3253 975 3308 in
1007 3251 1275 3318 circuitu,
1308 3270 1380 3309 ne
1411 3254 1714 3327 sanguinis
1747 3270 1881 3311 reus
1929 3256 2035 3327 sis,

391 3361 542 3403 cum
574 3342 789 3416 aliquis
821 3341 1092 3397 ceciderit
1120 3358 1188 3397 ex
1217 3358 1285 3397 ea
1317 3342 1493 3412 (Deut.
1543 3359 1683 3413 xxu,
1741 3345 1817 3415 8).
1882 3368 1909 3394 ››
1967 3347 2035 3401 Et

392 3438 608 3496 iterum
642 3450 656 3487 :
689 3454 718 3481 «
752 3431 812 3487 Si
844 3429 1017 3487 fuerit
1037 3429 1095 3486 in
1129 3435 1184 3486 te
1233 3431 1339 3499 vir,
1401 3430 1501 3503 qui
1548 3448 1663 3487 non
1724 3433 1803 3488 sit
1861 3451 2033 3490 mun-

392 3525 505 3580 dus
527 3541 563 3579 a
580 3527 866 3578 nocturno
890 3521 1050 3576 ﬂuxu
1073 3519 1404 3593 egredietur
1424 3524 1584 3576 extra
1608 3527 1820 3591 castra,
1839 3528 1896 3578 et
1919 3541 2032 3579 non

390 3612 752 3687 ingredietur
781 3610 1044 3666 medium
1074 3615 1420 3677 castrorum,
1455 3626 1706 3681 cumque
1739 3611 2036 3668 advenerit

387 3719 653 3776 vespera,
684 3699 901 3757 lavabit
928 3715 991 3755 sc
1021 3715 1193 3771 aqua,
1225 3703 1281 3754 et
1330 3704 1460 3770 post
1508 3698 1845 3757 occubitum
1894 3701 2033 3758 solis

388 3791 754 3865 ingredietur
775 3788 1035 3845 medium
1065 3805 1267 3845 eorum
1300 3789 1486 3861 (Deut.
1518 3807 1678 3859 χχιιι,
1714 3792 1800 3859 10,
1836 3792 1945 3859 11).
2002 3814 2029 3840 ››

422 3881 550 3935 -37.
584 3882 669 3935 Ea:
694 3882 873 3936 Josuae
902 3880 1067 3934 libro.
1116 3910 1184 3919 ——
1233 3883 1310 3934 De
1358 3879 1499 3935 Jesu
1547 3879 1665 3935 ﬁlio
1714 3881 1867 3936 Nave
1916 3881 2030 3936 duo

385 3974 624 4027 tantum
654 3985 867 4042 ponam
889 3968 1244 4024 testimonia.
1274 3968 1765 4038 PeccavitAchau,
1790 3974 1850 4025 et
1873 3974 2031 4026 totus

393 4057 649 4133 populus
707 4056 951 4114 offendit
1001 4057 1269 4130 Dixitque
1320 4057 1603 4115 Dominus
1660 4059 1733 4114 ad
1802 4059 2026 4115 Josue:

394 4172 422 4201 ι(
452 4149 577 4205 Νοιι
609 4151 883 4221 poterunt
912 4150 1066 4203 stare
1095 4146 1199 4202 ﬁlii
1230 4146 1407 4203 Israel
1436 4147 1496 4202 in
1553 4151 1867 4218 conspectu
1921 4149 2031 4204 ini-

393 4238 681 4295 micorum
702 4253 982 4306 suorum;
1044 4237 1145 4293 sed
1193 4237 1368 4293 dorsa
1411 4241 1638 4292 vertent
1683 4237 2030 4294 adversariis

390 4328 538 4397 suis,
572 4327 713 4396 quia
742 4328 961 4383 factum
987 4330 1076 4382 est
1104 4324 1419 4382 anathema
1450 4326 1507 4380 in
1538 4326 1641 4381 eis.
1675 4329 1741 4379 Et
1771 4342 1888 4381 non
1938 4328 2032 4383 ad-

392 4417 528 4473 dam
615 4421 682 4471 ut
733 4416 845 4472 sim
903 4415 1229 4481 vobiscum,
1290 4413 1404 4469 nisi
1461 4414 1777 4469 contritum
1856 4417 2033 4473 fuerit

2145 3257 2306 3328 (Ibid.
2340 3256 2449 3327 45).
2483 3277 2509 3305 ››
2545 3253 2778 3310 Samuel
2810 3254 3082 3311 irascitur
3111 3254 3295 3323 Sauli,
3325 3259 3383 3312 et
3411 3273 3529 3313 non
3559 3258 3687 3315 vult
3704 3259 3791 3315 ire

2144 3363 2277 3401 cum
2311 3361 2444 3418 rege
2479 3363 2491 3411 ;
2525 3349 2727 3416 postea
2766 3343 3034 3415 precibus
3082 3343 3357 3413 vincitur,
3405 3350 3473 3401 ut
3518 3348 3791 3405 ostendat

2143 3434 2389 3490 humani
2437 3433 2619 3489 animi
2667 3432 2727 3487 in
2777 3432 3071 3488 diversum
3124 3434 3535 3491 mutationem.
3597 3436 3792 3510 Pergit

2144 3522 2460 3591 Bethleem,
2492 3522 2757 3596 singulos
2788 3521 3044 3577 ﬁliorum
3071 3522 3235 3579 Jesse
3264 3528 3431 3596 putat
3468 3524 3629 3598 ipsos
3659 3540 3792 3583 esse

2144 3631 2291 3686 quos
2313 3613 2593 3669 Dominus
2624 3611 2974 3684 requirebat.
3008 3612 3270 3684 Cumque
3298 3612 3542 3670 vidisset
3598 3615 3788 3684 Eliab,

2143 3701 2223 3758 ait
2254 3720 2266 3758 :
2303 3726 2329 3753 α
2364 3702 2507 3757 Ecce
2538 3701 2596 3755 in
2627 3704 2941 3772 conspectu
2970 3700 3201 3756 Domini
3234 3701 3501 3760 Christus
3532 3706 3684 3776 ejus.
3715 3706 3793 3761 Et

2141 3791 2222 3847 ait
2249 3789 2536 3846 Dominus
2585 3790 2657 3844 ad
2713 3804 2895 3845 eum:
2955 3788 3036 3845 Ne
3092 3790 3374 3863 respicias
3430 3793 3507 3848 ad
3551 3794 3787 3849 vultum

2141 3882 2290 3952 ejus,
2325 3884 2380 3935 et
2409 3879 2483 3935 ad
2505 3882 2793 3935 staturam
2811 3878 3070 3950 corporis
3092 3877 3275 3949 illius,
3295 3881 3571 3952 quoniam
3593 3882 3787 3952 abjeci

2142 3986 2297 4025 eum.
2330 3967 2514 4024 Aliter
2543 3968 2699 4023 enim
2730 3967 2889 4023 videt
2916 3968 3114 4036 homo,
3154 3969 3322 4025 aliter
3373 3975 3541 4027 Deus.
3590 3969 3785 4026 Homo

2141 4058 2298 4114 enim
2329 4057 2482 4112 videt
2506 4057 2566 4112 in
2599 4056 2766 4123 facie,
2797 4057 2950 4113 Deus
2979 4056 3040 4112 in
3065 4059 3239 4113 corde
3287 4059 3335 4130 (I
3372 4065 3512 4132 Reg.
3559 4073 3681 4127 xvx,
3728 4060 3787 4128 6,

2138 4148 2214 4218 7).
2250 4172 2270 4199 ι
2308 4150 2495 4218 Atque
2524 4145 2583 4199 in
2605 4144 2762 4201 hunc
2804 4145 3040 4201 modum
3082 4162 3185 4218 per
3222 4162 3427 4203 omnes
3466 4151 3643 4217 errat,
3684 4164 3789 4220 per

2140 4252 2344 4291 omnes
2373 4233 2704 4307 corrigitur,
2739 4240 2802 4288 ut
2829 4238 3025 4306 pateat
3054 4235 3325 4291 humanae
3357 4236 3574 4293 mentis
3617 4236 3787 4293 inﬁr-

2143 4324 2335 4380 mitas.
2395 4322 2694 4379 lsboseth6
2751 4322 2888 4379 Saul
2946 4322 3102 4379 ﬁlius
3151 4324 3501 4382 interﬁcitur
3567 4325 3705 4383 dolo
3754 4342 3788 4382 a

2142 4414 2370 4470 Rechab
2402 4417 2460 4469 et
2490 4414 2685 4469 Baana
2716 4411 2855 4469 ﬁliis
2887 4413 3171 4470 Remmon
3208 4415 3490 4472 Berotitae.
3519 4416 3788 4488 Cumque

390 4503 709 4560 anathema
763 4504 834 4559 de
883 4503 1075 4559 medio
1126 4506 1388 4558 vestrum
1447 4506 1631 4573 (Iosue
1686 4520 1788 4571 vn,
1834 4505 1943 4574 l2).
1999 4528 2026 4558 »
2062 4517 2109 4580 D
2140 4504 2511 4560 nuntiassent
2541 4501 2736 4570 David,
2769 4506 2825 4558 et
2854 4508 3031 4576 caput
3062 4504 3379 4561 adversarii
3409 4506 3784 4562 demonstra-

389 4594 653 4665 Cumque
685 4591 1058 4665 sacrilegium
1090 4595 1465 4664 quaereretur,
1507 4595 1564 4647 et
1588 4608 1716 4648 sors
1747 4591 2027 4651 latentem

384 4681 705 4744 invenisset
760 4698 948 4752 reum,
996 4681 1427 4737 interﬁciuntur
1471 4698 1606 4738 cum
1659 4682 1855 4739 Achan
1923 4684 2027 4739 filii

386 4774 536 4846 ejus,
556 4776 613 4829 et
639 4772 790 4839 ﬁliae,
823 4771 1020 4840 boves,
1049 4769 1220 4839 asini,
1252 4787 1460 4843 pecora
1492 4788 1505 4826 :
1558 4772 2026 4838 tabernaculum,

383 4866 441 4919 et
471 4878 837 4936 quaecunque
906 4860 1119 4918 habere
1169 4860 1380 4933 potuit,
1438 4861 1571 4933 igne
1620 4861 1811 4918 deleta
1869 4869 2026 4921 sunt.

384 4950 544 5020 Esto,
573 4951 700 5025 ipse
729 4950 1050 5025 peccaverit
1082 4968 1094 5008 :
1128 4949 1270 5023 quid
1298 4950 1643 5007 commisere
1672 4950 1778 5006 filii
1809 4952 1836 5007 ?
1885 4951 2024 5024 quid

457 5166 469 5198 ‘
503 5164 666 5222 Unus
686 5167 872 5223 Vatic.
897 5184 1077 5226 coram
1104 5167 1331 5224 Domino
1359 5168 1484 5223 Deo.
1524 5169 1633 5222 etc.

452 5236 474 5268 ²
499 5236 665 5362 Iden:
707 5239 891 5295 Vatic.
949 5240 1412 5305 Divinationibus,
1442 5244 1494 5293 et
1519 5238 1788 5308 omnibus,
1819 5246 1871 5294 et
1926 5257 2027 5296 au-

453 5322 576 5362 ms.
609 5323 639 5362 e
668 5324 718 5362 c.

453 5322 557 5361 ms
609 5321 718 5362 etc.

377 5321 474 5461 gf"
504 5349 646 5461 M’ss:
678 5394 881 5461 omnes
902 5395 1045 5461 cum
1074 5381 1252 5461 veteri
1282 5380 1536 5437 editione
1567 5382 1700 5450 Quo,
1758 5390 1809 5438 et
1855 5399 2028 5454 quan-

383 5448 480 5505 ἀίει
511 5453 799 5520 confugere
827 5449 1077 5518 debeant,
1110 5456 1241 5505 etc..

410 5570 413 5573 .
454 5523 476 5556 ‘
504 5526 797 5578 Hactenus
826 5521 988 5586 editi,
1014 5520 1155 5590 Quid
1192 5538 1321 5590 erga
1354 5526 1624 5593 quaeritur
1650 5528 1675 5578 .7
1701 5526 2026 5584 Emendan-

383 5599 480 5655 tur
507 5612 542 5655 a
569 5594 825 5671 scriptis,
857 5598 916 5651 et
945 5595 1141 5651 Graeco
1170 5595 1329 5650 textu
1358 5590 1412 5648 se
1445 5590 1522 5651 ἔτι
1558 5595 1827 5677 μέμφεται
1853 5617 1865 5656 :

2142 4597 2289 4659 rent,
2313 4592 2487 4649 occisi
2520 4595 2660 4647 sunt
2690 4608 2723 4647 a
2753 4591 2956 4657 David,
2987 4592 3214 4649 dicente
3247 4611 3261 4650 :
3299 4616 3327 4644 ‹‹
3350 4594 3662 4668 Viriimpii
3684 4609 3789 4651 oc-

2139 4682 2407 4739 ciderunt
2436 4680 2626 4736 virum
2650 4681 2884 4751 justum
2920 4681 2975 4735 in
3010 4682 3184 4736 domo
3216 4699 3323 4738 sua
3352 4688 3411 4738 et
3450 4683 3510 4739 in
3565 4681 3783 4740 lectulo

2137 4788 2244 4828 suo
2273 4771 2339 4844 (II
2368 4772 2493 4840 Reg.
2527 4787 2602 4835 ιν,
2635 4770 2745 4841 41).
2796 4791 2824 4820 ››
2881 4775 3041 4826 Certe
3096 4770 3363 4828 lsboseth
3413 4774 3620 4844 justus
3667 4789 3785 4829 non

2137 4866 2279 4930 erat,
2348 4864 2406 4917 ct
2450 4865 2646 4915 tamen
2704 4859 2762 4915 in
2823 4875 2888 4914 eo
2944 4859 3140 4929 justus
3198 4861 3546 4934 appellatur,
3626 4862 3784 4934 quod

2138 4951 2360 5023 absque
2390 4966 2540 5007 noxa
2560 4949 2900 5007 interfectus
2931 4956 3035 5004 est.
3071 4949 3185 5005 Oza
3222 4949 3448 5021 levites,
3481 4968 3619 5008 cum
3650 4965 3787 5008 arca

2206 5171 2227 5205 ⁵
2260 5167 2422 5225 Falso
2454 5167 2739 5239 hactenus
2768 5165 3011 5239 vulgati,
3070 5167 3346 5224 Liberavit
3396 5167 3662 5224 Dominus
3691 5168 3787 5223 Jo-

2132 5242 2361 5298 natham
2390 5255 2494 5312 pro
2522 5238 2779 5312 populus,
2811 5238 2965 5308 quod
2998 5255 3144 5295 mss.
3187 5255 3393 5296 omnes
3441 5238 3787 5312 praeferunt,

2134 5309 2453 5381 textosque
2476 5310 2614 5381 ipsa:
2645 5309 2972 5381 Scriptum.

2203 5386 2223 5418 δ
2251 5378 2536 5467 lassabit:
2578 5378 2959 5467 atqulelnfra
3009 5385 3348 5439 constanter
3392 5380 3787 5467 Miphibosetlf,

2134 5451 2526 5535 quod_legisse
2553 5449 2737 5505 voluit
2768 5450 3046 5537 Erasmus
3085 5469 3320 5526 quoque
3372 5449 3504 5511 cum
3544 5452 3795 5538 scripsit

2131 5520 2501 5604 ιὶιερΙιιῃρεξυι
2535 5522 3155 5604 εεξςιιιίιωιωίιιιυεῇεει
3203 5542 3236 5581 a
3284 5527 3478 5583 Baana
3525 5542 3789 5595 occisus,

2134 5593 2286 5658 ut'ex
2315 5596 2365 5655 Il
2395 5594 2536 5669 Reg.
2568 5593 2737 5668 libro,
2772 5611 2878 5672 cap
2911 5611 2968 5653 ιιι
2994 5602 3045 5655 ει
3070 5612 3222 5677 seqq.
