4094 6166
328 346 331 351 ’
364 327 485 387 557

1211 325 1602 391 DIALOGUS
1645 326 1964 391 CONTRA
2004 323 2617 389 PELAGIANOS.-—
2644 324 2792 388 LIB.
2838 328 2887 388 Ῑ.

3642 322 3777 397 ’688

364 457 605 515 Domini
661 459 1080 515 transferretur
1136 460 1487 527 Jerusalem,
1538 464 1595 515 et
1648 460 2017 516 lascivientes
2046 462 2101 527 Α
2132 464 2190 514 et
2220 476 2334 514 non
2366 459 2616 515 audies?
2646 459 3022 515 Vociferabor
3067 462 3137 515 ad
3186 465 3242 517 te
3283 463 3401 517 vim
3434 463 3683 535 patiens,
3713 468 3771 521 et

362 549 542 605 boves
573 546 905 620 plaustrum
950 548 1009 604 in
1058 553 1277 621 partem
1332 549 1573 606 alteram
1606 549 2015 618 declinassent,

362 637 525 692 misit
560 654 807 692 manum
868 642 934 693 ut
987 642 1343 694 sustentaret
1396 638 1737 694 inclinatam
1800 656 2015 693 arcam.

364 727 520 783 788
550 725 882 799 Statimque
912 727 1180 799 sequitur
1208 745 1219 782 :
1273 751 1301 778 ‹‹
1337 728 1524 783 Iratus
1576 734 1666 798 est
1712 728 1872 782 furor
1902 727 2017 781 Do~

367 815 522 871 mini
577 814 636 869 in
691 813 889 883 02am,
949 820 1006 871 et
1060 817 1351 888 percussit
1404 834 1538 873 eum
1595 816 1749 871 Deus
1803 815 1881 870 ibi
1916 832 2018 887 pro

370 903 718 977 ignorantia,
746 908 803 959 et
834 908 1101 961 mortuus
1131 910 1219 961 est
1252 906 1429 975 juxta
1480 921 1675 961 arcam
1716 905 1838 961 Dei.
1873 904 2018 959 Con-

374 993 751 1064 tristatusque
813 993 1012 1059 David,
1073 994 1229 1066 quod
1306 998 1675 1066 percusserat
1732 992 2019 1049 Dominus

375 1081 567 1147 02am,
596 1080 797 1137 timuit
825 1083 1143 1138 Dominum
1193 1084 1248 1137 in
1301 1082 1402 1138 illa
1448 1082 1563 1148 die,
1613 1086 1671 1137 et
1715 1082 1831 1137 ait:
1867 1084 2016 1147 Quo-

366 1171 540 1226 modo
596 1170 959 1242 ingredietur
1015 1172 1087 1226 ad
1145 1188 1237 1226 me
1291 1188 1426 1227 arca
1484 1171 1716 1227 Domini
1775 1172 1849 1241 (ll
1887 1172 2017 1240 Reg.

359 1276 438 1327 VI,
471 1260 527 1326 7,
559 1258 662 1329 8)?
694 1282 717 1311 ι
754 1259 934 1315 David
958 1261 1160 1330 justus
1210 1267 1267 1316 et
1313 1261 1597 1333 propheta
1626 1265 1683 1315 ct
1714 1265 1926 1315 unctus
1957 1258 2017 1314 in

355 1365 557 1421 regem
590 1347 763 1419 (Psal.
800 1353 1030 1417 LXXVII),
1066 1367 1242 1420 quem
1276 1348 1451 1421 elegit
1480 1348 1765 1404 Dominus
1808 1365 2017 1403 secun-

359 1440 507 1494 dum
538 1454 643 1493 cor
670 1454 867 1504 suum,
900 1443 965 1493 ut
996 1438 1210 1495 faceret
1238 1443 1480 1494 cunctas
1509 1438 1839 1493 voluntates
1866 1439 2016 1509 ejus,

357 1532 428 1582 ut
451 1527 616 1582 videt
644 1522 1038 1599 ignorantiam
1070 1527 1302 1584 Domini
1350 1528 1544 1583 furore
1576 1526 1865 1599 punitam,
1900 1532 2017 1581 ter-

358 1619 527 1672 retur
558 1619 734 1686 atque
763 1615 1049 1683 tristatur,
1073 1633 1179 1671 nec
1204 1616 1413 1688 quaerit
1433 1632 1671 1671 causam
1696 1632 1728 1670 a
1749 1615 2017 1680 Domino,

359 1720 546 1776 quare
577 1703 685 1774 (Αἰ.
720 1706 859 1775 qua)
890 1704 1245 1775 percusserit
1290 1704 1680 1778 ignorantem,
1715 1704 1815 1758 sed
1848 1704 2017 1759 simi-

357 1793 477 1849 lem
511 1792 868 1848 sententiam
901 1793 1313 1863 pertremiscit.
1351 1784 1833 1865 Praecepit'David
1866 1792 2021 1864 prin-

354 1881 478 1955 cipi
508 1881 800 1938 exercitus
827 1881 996 1946 Joab,
1029 1887 1095 1937 ut
1123 1887 1392 1938 numeret
1420 1882 1701 1954 populum
1729 1899 1742 1950 ;
1786 1881 2021 1936 statim-

359 1988 477 2043 que
524 1971 829 2043 Scriptura
878 1976 1336 2026 commemorat:
1389 1995 1415 2021 ‹‹
1470 1976 1535 2025 Et
1585 1970 1876 2043 percussit
1922 1987 2020 2025 cor

330 2076 549 2115 'suum
578 2058 778 2126 David,
808 2063 866 2114 et
894 2058 1038 2115 dixit
1070 2060 1141 2115 ad
1174 2060 1487 2116 Dominum
1513 2078 1526 2114 :
1562 2060 1792 2115 Peccavi
1840 2059 2018 2113 vehe-

374 2150 619 2211 menter,
651 2148 783 2219 quia
842 2148 951 2204 hoc
1001 2149 1108 2205 feci
1148 2151 1223 2218 (II
1276 2151 1401 2219 Reg.
1458 2167 1612 2216 xxxv,
1662 2148 1771 2218 «10).
1810 2169 1837 2196 ››
1870 2150 2016 2204 Cum

367 2236 607 2307 juberet
635 2241 695 2291 ut
727 2239 910 2303 ﬁeret,
943 2238 1146 2310 utique
1203 2239 1345 2311 quid
1394 2238 1630 2306 diceret,
1672 2237 2015 2309 ignorabat;

364 2329 425 2381 et
458 2330 653 2381 tamen
702 2343 764 2382 se
810 2326 939 2398 ipse
990 2326 1380 2399 reprehendit,
1438 2332 1494 2383 et
1544 2344 1645 2399 pro
1698 2326 1806 2381 hac
1847 2325 2019 2397 culpa

355 2414 739 2487 septuaginta
782 2414 972 2471 millia
1018 2415 1325 2471 hominum
1360 2416 1553 2488 angeli
1609 2414 1804 2488 gladio
1837 2414 2017 2470 truci-

360 2502 602 2558 dantur.
664 2502 938 2559 Salomon
1000 2504 1307 2576 completis
1375 2504 1577 2576 templi
1637 2503 2019 2573 caeremoniis,

364 2594 655 2662 utrasque
710 2590 940 2664 palmas
999 2594 1246 2648 tetendit
1302 2595 1373 2648 ad
1434 2593 1768 2659 Dominum,
1810 2599 1868 2648 et
1896 2593 2014 2649 ait:

361 2703 392 2730 ‹‹
428 2680 577 2736 Cum
610 2682 936 2753 peccaverit
963 2682 1069 2737 tibi
1098 2681 1371 2755 pepulus,
1406 2700 1519 2738 non
1552 2686 1641 2738 est
1661 2680 1816 2737 enim
1842 2682 2017 2736 homo

364 2770 467 2841 qui
496 2786 615 2825 non
646 2774 846 2841 peccet
876 2772 974 2841 (III
1003 2774 1128 2842 Reg.
1159 2789 1282 2839 VIII,
1335 2772 1444 2843 46).
1476 2795 1504 2822 ››
1556 2771 1704 2826 Ahia
1734 2770 2020 2843 propheta

367 2857 646 2914 Silonites
678 2859 975 2914 nesciebat
1006 2860 1076 2915 ad
1109 2876 1170 2915 se
1190 2860 1385 2915 venire
1409 2877 1646 2917 uxorem
1667 2860 1977 2916 Jeroboam
2001 2883 2015 2925 ;

364 2946 633 3019 dixitque
693 2948 798 3019 (Al.
850 2948 978 3003 add.
1034 2948 1107 3022 ei)
1164 2949 1496 3005 Dominus:
1549 2950 1689 3004 Ecce
1748 2965 1891 3004 uxor
1918 2948 2018 3003 Je-

358 3036 599 3091 roboam
634 3035 1013 3108 ingredietur,
1045 3040 1111 3091 ut
1142 3042 1362 3109 quaerat
1410 3038 1586 3093 verba
1614 3055 1649 3093 a
1678 3043 1732 3093 te
1764 3054 1866 3109 pro
1900 3036 2017 3092 ﬁlio

359 3140 466 3181 suo
497 3125 601 3197 qui
634 3130 895 3197 aegrotat,
924 3127 1090 3196 juxta
1138 3126 1246 3181 hoc
1295 3132 1352 3181 et
1392 3127 1562 3198 juxta
1608 3127 1716 3182 hoc
1760 3126 2017 3198 loqueris

2128 564 2244 603 non
2276 546 2577 604 salvabis?
2607 549 2794 612 Quare
2844 549 3152 604 ostendisti
3199 536 3345 605 mihi
3394 551 3769 624 iniquitatem

2127 642 2183 691 et
2214 636 2494 705 laborem,
2528 638 2723 693 videre
2752 639 3011 709 prmdam
3038 642 3092 693 et
3121 638 3467 709 injustitiam
3493 643 3519 696 ?
3556 642 3772 701 Contra

2130 743 2222 780 me
2254 727 2470 780 factum
2500 730 2588 782 est
2609 727 2903 797 judicium
2935 731 2992 782 et
3030 728 3409 784 contradictio
3440 733 3769 801 potentior:

2127 819 2363 886 propter
2393 815 2515 870 hazc
2546 814 2798 871 lacerata
2826 820 2916 872 est
2943 814 3033 872 lex
3065 836 3075 883 ;
3118 820 3174 871 et
3224 834 3337 872 non
3386 820 3646 890 pervenit
3674 838 3774 877 us-

2129 920 2242 976 que
2265 905 2337 959 ad
2373 903 2545 959 ﬁnem
2571 906 2865 976 judicium
2892 924 2903 960 :
2938 907 3078 978 quia
3105 906 3324 978 impius
3366 908 3642 980 prazvalet
3673 911 3777 965 ad-

2125 1010 2331 1048 versus
2362 994 2618 1064 justum,
2654 999 2956 1066 propterea
2987 996 3285 1066 egreditur
3313 997 3609 1067 judicium
3642 1015 3778 1070 per-

2127 1099 2359 1137 versum
2397 1082 2630 1152 (Habeo.
2665 1102 2703 1151 I,
2740 1085 2881 1152 1-4).
2909 1107 2935 1133 ››
2999 1084 3105 1139 Pro
3165 1102 3280 1156 quo
3332 1102 3395 1140 se
3425 1086 3551 1159 ipse
3582 1103 3778 1160 repre-

2128 1172 2392 1226 hendens
2423 1172 2577 1243 quod
2606 1189 2711 1242 per
2742 1171 3133 1244 ignorantiam
3182 1173 3259 1229 sit
3288 1172 3539 1243 locutus,
3573 1176 3780 1232 scribit

2127 1260 2431 1316 Canticum
2466 1260 2837 1332 paenitentiae.
2872 1262 2929 1315 Si
2960 1264 3261 1332 peccatum
3297 1279 3410 1318 non
3452 1268 3575 1318 erat
3607 1264 3779 1337 igno-

2127 1348 2339 1415 rantia,
2364 1350 2659 1421 superfluo
2683 1349 2887 1404 scribit
2914 1348 3130 1405 librum
3154 1351 3558 1422 paenitudinis,
3583 1357 3640 1408 et
3658 1353 3779 1410 ina-

2127 1438 2281 1493 niter
2309 1437 2491 1493 voluit
2518 1438 2577 1492 id
2608 1438 2827 1510 lugere,
2862 1440 3016 1508 quod
3056 1444 3359 1510 peccatum
3411 1458 3527 1496 non
3577 1442 3777 1499 habet.

2130 1528 2189 1581 In
2223 1527 2482 1582 Ezechiel
2511 1531 2767 1583 extrema
2799 1532 2982 1599 parte,
3017 1528 3115 1583 ubi
3148 1545 3251 1600 per
3281 1529 3590 1586 aediﬁcium
3623 1536 3780 1587 tem-

2127 1615 2207 1687 pli
2238 1614 2295 1671 in
2330 1620 2527 1671 monte
2556 1615 2675 1681 siti,
2708 1615 2975 1671 Ecclesia:
3025 1616 3213 1672 multa
3264 1624 3395 1689 post
3446 1619 3659 1675 szecula
3688 1620 3782 1675 Γυμ-

2126 1709 2270 1759 tunc
2300 1709 2669 1760 sacramenta
2698 1710 3031 1772 narrantur,
3067 1705 3256 1777 primo
3301 1712 3357 1762 et
3405 1710 3655 1779 septimo
3686 1708 3781 1763 die

2128 1794 2351 1849 mensis
2382 1793 2557 1865 primi
2589 1794 2919 1848 offeruntur
2946 1793 3194 1848 victimae
3246 1812 3349 1866 pro
3402 1801 3637 1867 peccato
3672 1797 3781 1867 [Αἰ.

2130 1883 2405 1953 peccatis]
2438 1882 2724 1949 omnium,
2772 1883 2829 1938 in
2880 1900 2996 1954 quo
3044 1900 3148 1954 per
3194 1900 3448 1939 errorem
3481 1888 3583 1940 aut
3612 1886 3783 1959 igno-

2129 1971 2375 2025 rantiam
2411 1976 2814 2042 peccaverunt.
2866 1972 3098 2043 Septem
3149 1989 3381 2044 quoque
3430 1973 3637 2029 diebus
3675 1975 3783 2031 Pa-

2129 2059 2304 2126 schze,
2337 2058 2538 2114 hircus
2564 2076 2797 2131 semper
2826 2077 2928 2131 pro
2980 2066 3213 2132 peccato
3246 2066 3557 2118 mactatur.
3593 2064 3783 2136 Septi-

2130 2148 2207 2202 mi
2236 2149 2459 2203 mensis
2490 2149 2696 2220 quinta
2742 2150 2970 2203 decima
3017 2150 3130 2215 die,
3181 2150 3336 2205 idem
3382 2168 3486 2223 pro
3526 2152 3783 2225 peccatis

2129 2236 2542 2293 sacriﬁciorum
2578 2238 2717 2292 ordo
2751 2237 3094 2293 celebratur.
3120 2240 3189 2293 Et
3210 2245 3338 2311 post
3364 2240 3478 2295 alia
3502 2240 3778 2312 plurima,

2130 2342 2252 2397 quae
2286 2343 2399 2380 non
2451 2330 2539 2380 est
2590 2326 2761 2381 istius
2814 2328 3095 2398 temporis
3148 2327 3448 2398 replicare,
3491 2329 3780 2401 scriptum

2129 2420 2253 2470 est:
2290 2438 2317 2464 ‹‹
2351 2416 2488 2469 Erat
2517 2420 2712 2469 autem
2747 2415 2825 2469 ibi
2859 2414 3021 2469 locus
3054 2416 3123 2470 ad
3175 2415 3569 2484 Occidentem,
3606 2417 3783 2473 dixit-

2129 2520 2242 2575 que
2274 2504 2345 2559 ad
2378 2520 2509 2558 me:
2558 2505 2673 2557 Iste
2725 2508 2817 2559 est
2872 2503 3055 2572 locus,
3115 2504 3209 2559 ubi
3267 2521 3514 2576 coquere
3567 2506 3784 2561 debent

2128 2592 2459 2647 sacerdotes
2493 2593 2745 2647 hostiam
2780 2610 2881 2664 pro
2934 2598 3170 2664 peccato
3226 2598 3282 2647 et
3313 2611 3416 2665 pro
3449 2594 3782 2666 ignorantia

2128 2681 2341 2753 (Ezech.
2376 2674 2522 2747 xLVI,
2554 2682 2667 2753 20).
2714 2704 2739 2729 ››
2788 2682 3073 2737 Jercmias
3122 2682 3385 2753 loquitur
3432 2682 3503 2737 ad
3554 2687 3781 2740 Deum:

2130 2793 2155 2819 ‹‹
2185 2771 2331 2836 Scio,
2379 2770 2636 2837 domine,
2698 2772 2847 2826 740
2898 2772 3052 2843 quod
3107 2789 3221 2826 non
3268 2776 3357 2826 est
3396 2771 3654 2827 hominis
3688 2772 3784 2828 via

2127 2861 2292 2930 ejus:
2329 2875 2434 2913 nec
2464 2858 2568 2913 viri
2602 2866 2710 2926 est,
2768 2865 2829 2914 ut
2877 2858 3137 2915 ambulet
3186 2865 3241 2915 et
3294 2859 3508 2932 dirigat
3538 2876 3777 2933 gressus

2129 2965 2266 3003 suos
2298 2948 2516 3019 (Jerem.
2549 2965 2605 3009 x,
2636 2949 2747 3019 23).
2782 2949 3032 3019 Ideoque
3064 2965 3307 3020 pravum
3341 2953 3431 3003 est
3462 2965 3561 3004 cor
3589 2948 3781 3004 homi-

2129 3037 2241 3104 nis,
2276 3042 2333 3092 et
2359 3036 2759 3104 inscrutabile,
2793 3043 2848 3092 et
2877 3037 3010 3109 quis
3040 3042 3351 3109 cognoscet
3380 3036 3524 3092 illud
3560 3039 3780 3109 (larem.

2125 3143 2264 3192 xVII,
2297 3126 2397 3197 9)?
2430 3148 2456 3176 ››
2494 3126 2556 3179 In
2609 3126 2934 3180 Proverbiis
2986 3126 3277 3198 legimus:
3328 3150 3354 3175 ‹‹
3389 3126 3491 3181 Est
3529 3128 3621 3182 via
3652 3143 3781 3198 qua)

358 3212 465 3283 (At.
497 3212 786 3283 loquaris]
818 3214 891 3267 ad
924 3229 1051 3268 eam
1103 3213 1207 3284 (III
1253 3216 1376 3285 Reg.
1426 3231 1542 3281 xIv,
1592 3214 1736 3285 5).»
1787 3213 2012 3268 Eliseus
2043 3200 2085 3266 C
2127 3214 2356 3270 videtur
2386 3218 2542 3270 recta
2598 3232 2726 3270 esse
2783 3216 2937 3286 apud
2995 3214 3286 3282 homines,
3346 3222 3403 3270 et
3460 3215 3783 3271 novissima

359 3301 604 3357 sedebat
632 3300 693 3355 in
741 3305 962 3368 monte,
1024 3302 1182 3356 venit
1237 3303 1307 3356 ad
1367 3318 1501 3356 eum
1561 3301 1790 3369 mulier,
1846 3305 2015 3374 cujus

360 3388 522 3445 ﬁlius
549 3393 821 3445 mortuus
854 3394 999 3460 erat,
1031 3394 1089 3445 et
1118 3389 1447 3462 amplexata
1475 3391 1651 3462 pedes
1680 3392 1829 3462 ejus,
1863 3391 2016 3447 voci-

356 3479 601 3535 feratur.
636 3478 969 3551 Repellente
1001 3482 1196 3534 autem
1228 3496 1356 3534 eam
1394 3478 1569 3545 Giezi,
1600 3479 1747 3535 dixit
1779 3480 1849 3535 ad
1881 3497 2014 3535 eum

359 3567 452 3620 vir
484 3567 625 3621 Dei:
660 3590 685 3615 α
717 3567 955 3623 Dimitte
1013 3584 1163 3635 eam,
1226 3568 1506 3640 quoniam
1561 3569 1759 3623 anima
1797 3570 1925 3640 ejus
1956 3569 2017 3623 in

368 3654 764 3710 amaritudine
790 3661 895 3723 est,
931 3660 988 3711 et
1027 3656 1311 3712 Dominus
1360 3656 1566 3712 celavit
1596 3675 1629 3713 a
1660 3674 1773 3726 me,
1811 3663 1870 3712 ut
1901 3674 2016 3713 non

348 3742 744 3799 ’annuntiaret
770 3745 913 3800 mihi
946 3745 1040 3815 {Il’
1073 3747 1195 3815 Reg.
1233 3763 1306 3811 Iv,
1338 3747 1452 3817 27).
1489 3770 1516 3796 ››

434 3832 525 3887 39.
556 3833 640 3886 Ex
666 3833 801 3889 libro
830 3834 1042 3889 dierum
1072 3837 1125 3889 et
1154 3836 1463 3905 Prophetis.
1497 3866 1564 3874 ——
1615 3835 1676 3888 In
1724 3833 1872 3890 libro
1899 3835 2019 3891 die-

352 3937 489 3977 rum
524 3920 819 3994 legimus:
855 3946 883 3973 «
920 3924 1180 3978 Fuerunt
1210 3922 1315 3978 ﬁlii
1347 3922 1519 3979 Sobal
1548 3923 1732 3995 patris
1756 3923 2021 3979 Cariath-

348 4011 560 4083 jarim,
597 4011 701 4083 qui
732 4011 1202 4084 prophetabant1
1234 4029 1303 4068 ex
1342 4011 1587 4068 dimidio
1638 4014 1682 4083 (I
1730 4014 1922 4068 Paral.
1957 4030 2017 4071 II.

357 4100 475 4170 52).
517 4123 546 4149 »
576 4101 649 4155 Et
676 4102 929 4156 iterum:
965 4125 994 4151 «
1028 4101 1155 4157 Filii
1207 4107 1403 4158 autem
1454 4101 1647 4156 Salma
1693 4102 1877 4173 patris
1917 4103 2021 4158 Be-

358 4188 578 4246 thleem
610 4192 669 4245 et
699 4189 1050 4261 Netophathi
1101 4207 1315 4246 corona
1362 4191 1578 4246 domus
1622 4190 1793 4258 Joab,
1836 4196 1892 4246 et
1923 4192 2023 4263 qui

354 4272 817 4349 prophetabant,
851 4294 920 4335 ex
951 4280 1199 4335 dimidio
1231 4280 1415 4346 Zarai,
1454 4302 1481 4328 »
1533 4285 1591 4335 et
1621 4284 1826 4334 caetera
1856 4280 2020 4352 (Ibid.

351 4368 465 4438 54).
516 4365 808 4423 Similiter
856 4367 1058 4439 utique
1106 4370 1294 4424 sancti
1343 4373 1511 4425 erant
1564 4369 1665 4440 qui
1714 4370 2023 4441 propheta-

355 4456 529 4528 bant,
562 4461 621 4511 et
644 4460 845 4513 tamen
877 4458 1188 4528 perfectam
1222 4475 1338 4514 non
1381 4462 1725 4513 meruerunt
1766 4459 2027 4531 accipere

2126 3305 2254 3373 ejus
2301 3304 2545 3359 veniunt
2600 3305 2659 3359 in
2732 3304 3089 3375 profundum
3151 3304 3362 3359 inferni
3418 3304 3602 3375 (Prov.
3664 3321 3781 3375 xxv,

2133 3394 2243 3464 1‘2).
2300 3414 2326 3442 ››
2389 3394 2532 3448 Ecce
2586 3398 2642 3448 et
2698 3393 2793 3449 hic
2851 3393 3159 3448 manifeste
3236 3393 3570 3465 ignorantia
3642 3410 3783 3449 con-

2125 3483 2460 3547 demnatur,
2515 3498 2647 3537 cum
2697 3481 2855 3536 aliud
2904 3486 3070 3553 putat
3118 3480 3313 3547 homo,
3359 3486 3415 3536 et
3444 3482 3557 3537 sub
3589 3482 3782 3555 specie
3843 3489 3848 3493 ’

2125 3571 2385 3626 veritatis
2418 3571 2490 3625 ad
2522 3572 2751 3626 inferna
2780 3569 3091 3625 delabitur.
3132 3590 3152 3617 «
3190 3569 3404 3639 Multae,
3439 3570 3652 3641 inquit,
3682 3588 3785 3626 co-

2126 3660 2437 3733 gitationes
2467 3660 2526 3713 in
2552 3660 2726 3714 corde
2757 3659 3016 3713 hominis
3051 3660 3234 3729 (Prov.
3292 3675 3409 3728 XIX,
3454 3660 3546 3728 21)
3574 3676 3587 3726 ;
3622 3682 3650 3707 ››
3683 3658 3785 3714 sed

2129 3765 2244 3803 non
2277 3752 2473 3802 tamen
2507 3746 2668 3802 illius
2690 3746 2981 3815 voluntas,
3007 3764 3132 3817 qua:
3159 3746 3380 3800 incerta
3405 3750 3461 3800 et
3488 3747 3787 3803 fluctuans

2128 3842 2303 3907 atque
2363 3835 2669 3891 mutabilis
2730 3840 2838 3900 est,
2890 3835 2989 3890 sed
3031 3834 3131 3890 Dei
3179 3834 3493 3890 consilium
3540 3835 3786 3891 obtinet.

2130 3948 2156 3973 ‹‹
2191 3924 2350 3993 Quis,
2386 3924 2597 3996 inquit,
2649 3923 2997 3996 gloriabitur
3047 3928 3275 3979 castum
3323 3941 3387 3979 se
3436 3924 3652 3981 habere
3692 3941 3793 3979 cor

2130 4016 2319 4085 (Prov.
2361 4030 2454 4079 xx,
2487 4013 2591 4083 9)?
2626 4036 2652 4061 ››
2709 4037 2732 4061 ‹‹
2775 4013 2844 4066 Et
2905 4013 3037 4084 quis
3092 4014 3345 4069 conﬁdet
3402 4014 3697 4070 mundum
3731 4028 3794 4069 se

2131 4120 2259 4159 esse
2301 4120 2335 4157 a
2389 4101 2673 4174 peccato?
2726 4101 2923 4157 Dulcis
2974 4108 3061 4157 est
3106 4103 3263 4157 enim
3305 4103 3566 4158 hominis
3622 4101 3795 4174 panis

2134 4191 2443 4257 mendacii,
2476 4194 2533 4246 et
2563 4195 2762 4262 postea
2789 4189 3132 4261 implebitur
3179 4208 3243 4245 os
3295 4192 3420 4261 ejus
3460 4189 3715 4245 calculo.
3749 4195 3796 4245 Α

2134 4280 2379 4336 Domino
2412 4295 2651 4351 gressus
2685 4277 2941 4333 hominis
2986 4278 3341 4349 diriguntur,
3388 4277 3659 4333 mortalis
3692 4294 3797 4334 au-

2133 4375 2250 4425 tem
2285 4368 2579 4439 quomodo
2636 4368 2785 4423 scire
2833 4367 3045 4439 poterit
3089 4368 3211 4424 vias
3244 4371 3430 4423 suas?
3477 4367 3682 4422 Omnis
3711 4366 3804 4422 vir

2134 4458 2362 4513 videtur
2413 4456 2521 4511 sibi
2564 4457 2789 4527 justus,
2844 4457 2944 4511 sed
2997 4456 3237 4528 corrigit
3284 4457 3478 4524 corda,
3536 4456 3803 4512 omnium

356 4543 739 4633 prophetiam
768 4563 781 4600 :
817 4562 1190 4619 nequaquam
1224 4547 1293 4602 de
1326 4548 1521 4601 futuro
1553 4547 1877 4602 secundum
1908 4552 2025 4604 tro-
2057 4569 2102 4633 Ι)
2136 4547 2311 4601 Deus.
2351 4545 2529 4599 Filius
2563 4545 2756 4600 malus
2778 4545 3011 4615 justum
3069 4562 3129 4600 se
3184 4546 3318 4600 facit
3342 4546 3382 4612 ε,
3418 4550 3473 4601 et
3505 4562 3620 4601 non
3650 4544 3807 4601 lavat

358 4632 847 4707 pologiamzsed
907 4635 1438 4707 impraesentiarum
1492 4636 1663 4705 juxta
1719 4636 2025 4692 historiam

340 4722 809 4793 *prophetantes.
863 4724 1135 4779 Habacuc
1184 4724 1469 4797 propheta
1518 4724 1823 4780 Canticum
1858 4742 2035 4781 suum

371 4808 481 4863 hoc
508 4810 781 4866 inscribit
826 4811 1033 4868 titulo:
1098 4835 1126 4862 «
1158 4812 1354 4868 Oratio
1414 4812 1685 4868 Habacuc
1740 4814 2035 4887 prophetae

352 4906 357 4926 ἓ
380 4913 486 4968 pro
507 4899 977 4972 ignorationibus
1018 4902 1125 4972 [AL
1172 4902 1605 4973 ignorantibus]
1662 4903 1885 4973 (Hebae.
1948 4921 2034 4971 III,

344 4986 448 5057 ιι).
485 5010 516 5038 ››
546 4989 801 5046 Locutus
837 4990 995 5045 enim
1029 4990 1220 5047 fuerat
1248 4992 1528 5046 audacter
1574 4991 1647 5045 ad
1699 4992 2034 5057 Dominum,

372 5080 429 5131 et
457 5077 727 5134 dixerat:
769 5079 918 5135 189
954 5101 981 5128 ‹‹
1021 5079 1361 5151 Usquequo,
1420 5078 1685 5149 Domine,
1749 5079 2034 5150 clamabo,

344 5312 349 5316 ι
447 5291 463 5325 ¹
499 5290 627 5367 D_uo
654 5307 801 5367 mss.
835 5293 930 5349 hic
960 5298 1017 5350 et
1046 5293 1222 5367 paulo
1253 5295 1388 5365 post
1417 5291 1632 5348 minori
1664 5307 1909 5348 numero
1945 5279 2043 5366 qui

384 5364 813 5517 fﬁ‘hgfggaﬁig
862 5434 1026 5491 locus
1058 5453 1143 5517 _e_x
1192 5435 1333 5517 ξτΧΧ
1380 5434 1645 5517 versione
1693 5434 2043 5517 desumptus

375 5504 692 5581 hinc_inde
722 5511 831 5569 est.
865 5524 981 5581 non
1014 5512 1076 5563 ut
1097 5508 1381 5581 hodierna
1408 5507 1725 5581 prmferunt
1749 5504 2044 5581 axem—pla-

376 5574 485 5634 ria.
522 5578 703 5650 Porro
733 5578 1082 5643 versiculus,
1112 5580 1297 5635 Filius
1329 5574 1506 5633 malus
1527 5578 1741 5649 justum
1783 5595 1839 5635 se
1884 5574 2040 5650 facit,

380 5653 491 5709 etc.
520 5649 695 5709 aliter
721 5652 794 5709 ab
826 5650 1159 5725 Augustino
1208 5650 1428 5725 legitur
1458 5650 1627 5725 epist.
1658 5650 1764 5708 93:
1801 5673 1827 5703 ‹‹
1861 5649 2045 5714 Filius

2143 4634 2364 4689 exitum
2398 4651 2593 4689 suum.
2628 4634 2808 4689 Filius
2842 4634 3033 4689 malus
3084 4634 3340 4690 excelsos
3371 4635 3545 4690 habet
3576 4633 3798 4698 oculos,

2144 4728 2201 4778 et
2230 4723 2523 4794 palpebris
2570 4724 2694 4778 suis
2742 4723 3017 4778 elevatur.
3072 4725 3169 4778 Est
3216 4725 3373 4779 enim
3418 4725 3643 4794 justus,
3698 4720 3802 4792 qui

2145 4811 2293 4883 perit
2325 4813 2381 4866 in
2406 4812 2643 4880 justitia
2699 4829 2807 4867 sua
2863 4814 3044 4883 (Prov.
3106 4830 3199 4878 xx,
3255 4814 3321 4867 16
3350 4813 3540 4883 seqq.)
3574 4833 3600 4861 ››
3638 4809 3801 4865 Unde

2146 4901 2359 4955 dicitur
2417 4900 2488 4954 ad
2547 4916 2718 4954 eum:
2786 4923 2811 4949 ‹‹
2869 4901 2949 4954 Ne
3005 4900 3087 4955 sis
3126 4901 3329 4970 justus
3381 4898 3659 4969 multum,
3693 4913 3800 4954 nec

2145 4990 2316 5061 quasi
2356 5005 2458 5059 per
2488 4988 2838 5059 sapientiam
2900 5006 3124 5059 quaeras
3182 4988 3501 5058 superflua,
3550 5003 3623 5042 ne
3654 4987 3802 5043 forte

2148 5079 2549 5150 obstupescas.
2602 5078 2971 5147 Quaecunque
3020 5076 3174 5130 enim
3219 5074 3571 5132 laboraverit
3627 5076 3800 5134 homo

2152 5292 2342 5349 malus
2365 5292 2488 5363 ipse
2504 5307 2571 5363 se
2587 5290 2818 5360 justum
2843 5290 3000 5363 dicit,
3023 5289 3242 5363 exitum
3260 5294 3461 5363 autem
3488 5308 3661 5347 suum
3684 5307 3802 5348 non

2152 5364 2356 5421 abluit.
2390 5361 2420 5411 ἶ)
2453 5362 2632 5436 Abest
2660 5366 2855 5436 autem
2887 5361 3350 5436 isteiversiculus
3374 5379 3416 5436 _a
3440 5363 3805 5436 Vulgata,et

2152 5438 2211 5491 in
2243 5436 2459 5515 Graeco.
2490 5433 2772 5515 inseritur
2801 5449 2926 5504 cap.
2958 5435 3156 5515 βῶν.θί
3195 5435 3303 5488 sub
3338 5433 3450 5515 alio
3483 5433 3671 5515 capite
3700 5435 3801 5515 _30,

2150 5524 2322 5563 versu
2353 5504 2719 5569 duodecimo,
2750 5521 2923 5575 quem
2956 5506 3015 5560 in
3047 5506 3242 5561 Grazco
3275 5506 3492 5561 confer.
3528 5504 3591 5561 In
3623 5504 3800 5560 veteri

2152 5579 2405 5636 editione
2463 5575 2637 5631 verba
2700 5576 2802 5631 Sed
2858 5580 3085 5649 corripit
3141 5577 3303 5632 corda
3362 5577 3797 5647 omm'umDeuS,

2154 5651 2268 5724 his,
2302 5650 2467 5708 Laval
2495 5650 2706 5706 exitum
2734 5664 2915 5721 suum,
2949 5654 3405 5725 postponuntur.
3550 5666 3555 5675 ‘
