  <div class='ocr_page' id='page_1' title='image "/cluster/home/n/w/nwhite01/storage/ocr_20150623/23/hvd.32044052772480/287.png"; bbox 0 0 4082 6168; ppageno 0'>
   <div class='ocr_carea' id='block_1_1' title="bbox 351 313 474 378">
    <p class='ocr_par' dir='ltr' id='par_1_1' title="bbox 351 313 474 378">
     <span class='ocr_line' id='line_1_1' title="bbox 351 313 474 378; baseline -0.049 0"><span class='ocrx_word' id='word_1_1' title='bbox 351 313 474 378; x_wconf 69' lang='lat'>559</span> 
     </span>
    </p>
   </div>
   <div class='ocr_carea' id='block_1_2' title="bbox 1599 313 2509 378">
    <p class='ocr_par' dir='ltr' id='par_1_2' title="bbox 1599 313 2509 378">
     <span class='ocr_line' id='line_1_2' title="bbox 1599 313 2509 378; baseline 0.001 -3"><span class='ocrx_word' id='word_1_2' title='bbox 1599 317 1663 375; x_wconf 91' lang='lat' dir='ltr'>S.</span> <span class='ocrx_word' id='word_1_3' title='bbox 1710 313 2023 378; x_wconf 89' lang='lat' dir='ltr'>EUSEBII</span> <span class='ocrx_word' id='word_1_4' title='bbox 2065 314 2509 377; x_wconf 81' lang='lat' dir='ltr'>HIERONYMI</span> 
     </span>
    </p>
   </div>
   <div class='ocr_carea' id='block_1_3' title="bbox 3629 306 3750 372">
    <p class='ocr_par' dir='ltr' id='par_1_3' title="bbox 3629 306 3750 372">
     <span class='ocr_line' id='line_1_3' title="bbox 3629 306 3750 372; baseline 0 0"><span class='ocrx_word' id='word_1_5' title='bbox 3629 306 3750 372; x_wconf 71' lang='lat'>860</span> 
     </span>
    </p>
   </div>
   <div class='ocr_carea' id='block_1_4' title="bbox 291 443 3750 520">
    <p class='ocr_par' dir='ltr' id='par_1_4' title="bbox 291 443 3750 520">
     <span class='ocr_line' id='line_1_4' title="bbox 291 443 3750 520; baseline -0.001 -18"><span class='ocrx_word' id='word_1_6' title='bbox 291 459 298 464; x_wconf 83' lang='grc'><strong>·</strong></span> <span class='ocrx_word' id='word_1_7' title='bbox 352 452 418 503; x_wconf 88' lang='lat' dir='ltr'>ut</span> <span class='ocrx_word' id='word_1_8' title='bbox 443 447 723 520; x_wconf 79' lang='lat' dir='ltr'>requirat,</span> <span class='ocrx_word' id='word_1_9' title='bbox 752 464 868 504; x_wconf 90' lang='lat' dir='ltr'>non</span> <span class='ocrx_word' id='word_1_10' title='bbox 900 445 1168 502; x_wconf 88' lang='lat' dir='ltr'>inveniet.</span> <span class='ocrx_word' id='word_1_11' title='bbox 1205 446 1261 502; x_wconf 90' lang='lat' dir='ltr'>Si</span> <span class='ocrx_word' id='word_1_12' title='bbox 1305 447 1515 503; x_wconf 77' lang='lat' dir='ltr'>dixerit</span> <span class='ocrx_word' id='word_1_13' title='bbox 1546 449 1780 520; x_wconf 85' lang='lat' dir='ltr'>sapiens</span> <span class='ocrx_word' id='word_1_14' title='bbox 1814 465 1874 504; x_wconf 90' lang='lat' dir='ltr'>se</span> <span class='ocrx_word' id='word_1_15' title='bbox 1907 449 1993 502; x_wconf 90' lang='lat' dir='ltr'>in-</span> <span class='ocrx_word' id='word_1_16' title='bbox 2025 449 2078 513; x_wconf 81' lang='grc' dir='ltr'><strong>Α</strong></span> <span class='ocrx_word' id='word_1_17' title='bbox 2109 448 2416 503; x_wconf 87' lang='lat' dir='ltr'>hominum</span> <span class='ocrx_word' id='word_1_18' title='bbox 2476 447 2761 520; x_wconf 88' lang='lat' dir='ltr'>repletum</span> <span class='ocrx_word' id='word_1_19' title='bbox 2823 452 2912 502; x_wconf 89' lang='lat' dir='ltr'>est</span> <span class='ocrx_word' id='word_1_20' title='bbox 2985 445 3206 502; x_wconf 89' lang='lat' dir='ltr'>malitia</span> <span class='ocrx_word' id='word_1_21' title='bbox 3262 443 3454 514; x_wconf 85' lang='lat' dir='ltr'>(Eccle.</span> <span class='ocrx_word' id='word_1_22' title='bbox 3515 459 3616 507; x_wconf 79' lang='lat' dir='ltr'>vn,</span> <span class='ocrx_word' id='word_1_23' title='bbox 3679 443 3750 498; x_wconf 76' lang='grc'><strong>16</strong></span> 
     </span>
    </p>
   </div>
   <div class='ocr_carea' id='block_1_5' title="bbox 351 535 1996 610">
    <p class='ocr_par' dir='ltr' id='par_1_5' title="bbox 351 535 1996 610">
     <span class='ocr_line' id='line_1_5' title="bbox 351 535 1996 610; baseline 0.001 -19"><span class='ocrx_word' id='word_1_24' title='bbox 351 535 634 610; x_wconf 80' lang='lat' dir='ltr'>telligere,</span> <span class='ocrx_word' id='word_1_25' title='bbox 669 537 922 610; x_wconf 89' lang='lat' dir='ltr'>reperire</span> <span class='ocrx_word' id='word_1_26' title='bbox 953 553 1066 591; x_wconf 92' lang='lat' dir='ltr'>non</span> <span class='ocrx_word' id='word_1_27' title='bbox 1122 537 1347 608; x_wconf 83' lang='lat' dir='ltr'>poterit.</span> <span class='ocrx_word' id='word_1_28' title='bbox 1391 538 1501 594; x_wconf 86' lang='lat' dir='ltr'>Cor</span> <span class='ocrx_word' id='word_1_29' title='bbox 1552 537 1707 593; x_wconf 90' lang='lat' dir='ltr'>enim</span> <span class='ocrx_word' id='word_1_30' title='bbox 1740 537 1996 592; x_wconf 81' lang='lat' dir='ltr'>ﬁliorum</span> 
     </span>
    </p>
   </div>
   <div class='ocr_carea' id='block_1_6' title="bbox 425 670 2000 742">
    <p class='ocr_par' dir='ltr' id='par_1_6' title="bbox 425 670 2000 742">
     <span class='ocr_line' id='line_1_6' title="bbox 425 670 2000 742; baseline 0.001 -18"><span class='ocrx_word' id='word_1_31' title='bbox 425 672 440 705; x_wconf 90' lang='grc'>¹</span> <span class='ocrx_word' id='word_1_32' title='bbox 470 671 720 738; x_wconf 88' lang='lat' dir='ltr'>Vallars,</span> <span class='ocrx_word' id='word_1_33' title='bbox 755 670 845 725; x_wconf 88' lang='lat' dir='ltr'>ed.</span> <span class='ocrx_word' id='word_1_34' title='bbox 879 670 1080 742; x_wconf 81' lang='lat' dir='ltr'>addit:</span> <span class='ocrx_word' id='word_1_35' title='bbox 1116 672 1356 742; x_wconf 73' lang='lat' dir='ltr'>Explicil</span> <span class='ocrx_word' id='word_1_36' title='bbox 1403 672 1543 725; x_wconf 85' lang='lat' dir='ltr'>liber</span> <span class='ocrx_word' id='word_1_37' title='bbox 1587 673 1820 741; x_wconf 83' lang='lat' dir='ltr'>primus.</span> <span class='ocrx_word' id='word_1_38' title='bbox 1858 673 2000 736; x_wconf 89' lang='lat' dir='ltr'>Qui-</span> 
     </span>
    </p>
   </div>
   <div class='ocr_carea' id='block_1_7' title="bbox 354 741 1999 814">
    <p class='ocr_par' dir='ltr' id='par_1_7' title="bbox 354 741 1999 814">
     <span class='ocr_line' id='line_1_7' title="bbox 354 741 1999 814; baseline 0 -15"><span class='ocrx_word' id='word_1_39' title='bbox 354 743 465 798; x_wconf 87' lang='lat' dir='ltr'>bus</span> <span class='ocrx_word' id='word_1_40' title='bbox 494 743 685 799; x_wconf 82' lang='lat' dir='ltr'>verbis</span> <span class='ocrx_word' id='word_1_41' title='bbox 706 741 984 814; x_wconf 86' lang='lat' dir='ltr'>appendit</span> <span class='ocrx_word' id='word_1_42' title='bbox 1005 741 1266 797; x_wconf 88' lang='lat' dir='ltr'>notulam</span> <span class='ocrx_word' id='word_1_43' title='bbox 1297 759 1308 795; x_wconf 91' lang='lat'>:</span> <span class='ocrx_word' id='word_1_44' title='bbox 1335 764 1364 791; x_wconf 91' lang='grc'>‹‹</span> <span class='ocrx_word' id='word_1_45' title='bbox 1392 741 1515 797; x_wconf 85' lang='lat' dir='ltr'>Duo</span> <span class='ocrx_word' id='word_1_46' title='bbox 1537 742 1805 798; x_wconf 84' lang='lat' dir='ltr'>Vaticani</span> <span class='ocrx_word' id='word_1_47' title='bbox 1831 761 1999 814; x_wconf 89' lang='lat' dir='ltr'>mss.,</span> 
     </span>
    </p>
   </div>
   <div class='ocr_carea' id='block_1_8' title="bbox 2108 537 2396 608">
    <p class='ocr_par' dir='ltr' id='par_1_8' title="bbox 2108 537 2396 608">
     <span class='ocr_line' id='line_1_8' title="bbox 2108 537 2396 608; baseline 0 -17"><span class='ocrx_word' id='word_1_48' title='bbox 2108 537 2279 608; x_wconf 86' lang='lat' dir='ltr'>seqq.)</span> <span class='ocrx_word' id='word_1_49' title='bbox 2297 538 2334 591; x_wconf 82' lang='grc' dir='ltr'>ί.</span> <span class='ocrx_word' id='word_1_50' title='bbox 2370 559 2396 586; x_wconf 76' lang='grc'><strong>››</strong></span> 
     </span>
    </p>
   </div>
   <div class='ocr_carea' id='block_1_9' title="bbox 2110 672 3760 750">
    <p class='ocr_par' dir='ltr' id='par_1_9' title="bbox 2110 672 3760 750">
     <span class='ocr_line' id='line_1_9' title="bbox 2110 672 3760 750; baseline -0.002 -18"><span class='ocrx_word' id='word_1_51' title='bbox 2110 679 2254 733; x_wconf 73' lang='lat' dir='ltr'>Finit</span> <span class='ocrx_word' id='word_1_52' title='bbox 2283 681 2578 750; x_wconf 80' lang='lat' dir='ltr'>superioris</span> <span class='ocrx_word' id='word_1_53' title='bbox 2636 679 2768 734; x_wconf 85' lang='lat' dir='ltr'>libri</span> <span class='ocrx_word' id='word_1_54' title='bbox 2819 695 2948 750; x_wconf 85' lang='lat' dir='ltr'>pars</span> <span class='ocrx_word' id='word_1_55' title='bbox 3000 680 3205 749; x_wconf 83' lang='lat' dir='ltr'>prima.</span> <span class='ocrx_word' id='word_1_56' title='bbox 3264 677 3463 748; x_wconf 82' lang='lat' dir='ltr'>Incipit</span> <span class='ocrx_word' id='word_1_57' title='bbox 3517 672 3760 747; x_wconf 76' lang='lat' dir='ltr'>ejusdem</span> 
     </span>
    </p>
   </div>
   <div class='ocr_carea' id='block_1_10' title="bbox 2107 752 2719 821">
    <p class='ocr_par' dir='ltr' id='par_1_10' title="bbox 2107 752 2719 821">
     <span class='ocr_line' id='line_1_10' title="bbox 2107 752 2719 821; baseline 0.002 -17"><span class='ocrx_word' id='word_1_58' title='bbox 2107 767 2238 821; x_wconf 83' lang='lat' dir='ltr'>pars</span> <span class='ocrx_word' id='word_1_59' title='bbox 2268 752 2463 805; x_wconf 79' lang='lat' dir='ltr'>altera.</span> <span class='ocrx_word' id='word_1_60' title='bbox 2502 775 2522 803; x_wconf 79' lang='lat'>»</span> <span class='ocrx_word' id='word_1_61' title='bbox 2561 752 2719 805; x_wconf 83' lang='lat' dir='ltr'>Eorr.</span> 
     </span>
    </p>
   </div>
   <div class='ocr_carea' id='block_1_11' title="bbox 2505 910 2930 919">
    <p class='ocr_par' dir='ltr' id='par_1_11' title="bbox 2505 910 2930 919">
     <span class='ocr_line' id='line_1_11' title="bbox 2505 910 2930 919; baseline 0 -1"><span class='ocrx_word' id='word_1_62' title='bbox 2505 910 2930 919; x_wconf 78' lang='lat'>——.———.——</span> 
     </span>
    </p>
   </div>
   <div class='ocr_carea' id='block_1_12' title="bbox 1858 1203 2265 1215">
    <p class='ocr_par' dir='ltr' id='par_1_12' title="bbox 1858 1203 2265 1215">
     <span class='ocr_line' id='line_1_12' title="bbox 1858 1203 2265 1215; baseline 0.01 -4"><span class='ocrx_word' id='word_1_63' title='bbox 1858 1203 2265 1215; x_wconf 80' lang='lat'>———_—___</span> 
     </span>
    </p>
   </div>
   <div class='ocr_carea' id='block_1_13' title="bbox 1541 1042 2572 1135">
    <p class='ocr_par' dir='ltr' id='par_1_13' title="bbox 1541 1042 2572 1135">
     <span class='ocr_line' id='line_1_13' title="bbox 1541 1042 2572 1135; baseline 0.01 -10"><span class='ocrx_word' id='word_1_64' title='bbox 1541 1042 1870 1130; x_wconf 79' lang='lat' dir='ltr'>LIBER</span> <span class='ocrx_word' id='word_1_65' title='bbox 1931 1045 2572 1135; x_wconf 89' lang='lat' dir='ltr'>SECUNDUS.</span> 
     </span>
    </p>
   </div>
   <div class='ocr_carea' id='block_1_14' title="bbox 460 1301 2001 1371">
    <p class='ocr_par' dir='ltr' id='par_1_14' title="bbox 460 1301 2001 1371">
     <span class='ocr_line' id='line_1_14' title="bbox 460 1301 2001 1371; baseline -0.007 -9"><span class='ocrx_word' id='word_1_66' title='bbox 460 1303 685 1362; x_wconf 74' lang='grc'><strong>7414.</strong></span> <span class='ocrx_word' id='word_1_67' title='bbox 717 1301 1059 1371; x_wconf 80' lang='lat' dir='ltr'>Sacriﬁcium</span> <span class='ocrx_word' id='word_1_68' title='bbox 1106 1316 1205 1370; x_wconf 78' lang='lat' dir='ltr'>pro</span> <span class='ocrx_word' id='word_1_69' title='bbox 1254 1301 1589 1369; x_wconf 85' lang='lat' dir='ltr'>ignorantia,</span> <span class='ocrx_word' id='word_1_70' title='bbox 1639 1317 1842 1367; x_wconf 87' lang='lat' dir='ltr'>errore,</span> <span class='ocrx_word' id='word_1_71' title='bbox 1893 1306 2001 1356; x_wconf 86' lang='lat' dir='ltr'>etc.</span> 
     </span>
    </p>
   </div>
   <div class='ocr_carea' id='block_1_15' title="bbox 356 1388 2004 1460">
    <p class='ocr_par' dir='ltr' id='par_1_15' title="bbox 356 1388 2004 1460">
     <span class='ocr_line' id='line_1_15' title="bbox 356 1388 2004 1460; baseline -0.003 -10"><span class='ocrx_word' id='word_1_72' title='bbox 356 1429 423 1437; x_wconf 93' lang='lat'><strong><em>—</em></strong></span> <span class='ocrx_word' id='word_1_73' title='bbox 455 1395 684 1450; x_wconf 82' lang='lat' dir='ltr'>Carroa.</span> <span class='ocrx_word' id='word_1_74' title='bbox 719 1391 903 1447; x_wconf 89' lang='lat' dir='ltr'>Multa</span> <span class='ocrx_word' id='word_1_75' title='bbox 934 1390 1173 1460; x_wconf 83' lang='lat' dir='ltr'>quidem</span> <span class='ocrx_word' id='word_1_76' title='bbox 1197 1389 1266 1443; x_wconf 93' lang='lat' dir='ltr'>de</span> <span class='ocrx_word' id='word_1_77' title='bbox 1291 1388 1605 1460; x_wconf 89' lang='lat' dir='ltr'>Scripturis</span> <span class='ocrx_word' id='word_1_78' title='bbox 1633 1390 1853 1444; x_wconf 85' lang='lat' dir='ltr'>sanctis</span> <span class='ocrx_word' id='word_1_79' title='bbox 1885 1407 2004 1445; x_wconf 87' lang='lat' dir='ltr'>me-</span> 
     </span>
    </p>
   </div>
   <div class='ocr_carea' id='block_1_16' title="bbox 357 1477 2003 1552">
    <p class='ocr_par' dir='ltr' id='par_1_16' title="bbox 357 1477 2003 1552">
     <span class='ocr_line' id='line_1_16' title="bbox 357 1477 2003 1552; baseline -0.004 -12"><span class='ocrx_word' id='word_1_80' title='bbox 357 1483 599 1540; x_wconf 90' lang='lat' dir='ltr'>moriter</span> <span class='ocrx_word' id='word_1_81' title='bbox 645 1481 992 1552; x_wconf 86' lang='lat' dir='ltr'>copioseque</span> <span class='ocrx_word' id='word_1_82' title='bbox 1045 1477 1264 1544; x_wconf 85' lang='lat' dir='ltr'>dixisti,</span> <span class='ocrx_word' id='word_1_83' title='bbox 1316 1482 1372 1531; x_wconf 89' lang='lat' dir='ltr'>et</span> <span class='ocrx_word' id='word_1_84' title='bbox 1429 1478 1597 1549; x_wconf 84' lang='lat' dir='ltr'>quasi</span> <span class='ocrx_word' id='word_1_85' title='bbox 1649 1479 2003 1549; x_wconf 78' lang='lat' dir='ltr'>quibusdam</span> 
     </span>
    </p>
   </div>
   <div class='ocr_carea' id='block_1_17' title="bbox 358 1566 2002 1639">
    <p class='ocr_par' dir='ltr' id='par_1_17' title="bbox 358 1566 2002 1639">
     <span class='ocr_line' id='line_1_17' title="bbox 358 1566 2002 1639; baseline -0.005 -10"><span class='ocrx_word' id='word_1_86' title='bbox 358 1572 650 1629; x_wconf 73' lang='lat' dir='ltr'>nubibus‘</span> <span class='ocrx_word' id='word_1_87' title='bbox 685 1569 910 1624; x_wconf 89' lang='lat' dir='ltr'>clarum</span> <span class='ocrx_word' id='word_1_88' title='bbox 944 1567 1111 1621; x_wconf 86' lang='lat' dir='ltr'>nisus</span> <span class='ocrx_word' id='word_1_89' title='bbox 1140 1583 1202 1622; x_wconf 89' lang='lat' dir='ltr'>es</span> <span class='ocrx_word' id='word_1_90' title='bbox 1232 1566 1492 1621; x_wconf 91' lang='lat' dir='ltr'>veritatis</span> <span class='ocrx_word' id='word_1_91' title='bbox 1527 1567 1726 1622; x_wconf 88' lang='lat' dir='ltr'>lumen</span> <span class='ocrx_word' id='word_1_92' title='bbox 1758 1568 2002 1639; x_wconf 90' lang='lat' dir='ltr'>operire,</span> 
     </span>
    </p>
   </div>
   <div class='ocr_carea' id='block_1_18' title="bbox 2115 1303 3766 1376">
    <p class='ocr_par' dir='ltr' id='par_1_18' title="bbox 2115 1303 3766 1376">
     <span class='ocr_line' id='line_1_18' title="bbox 2115 1303 3766 1376; baseline 0.002 -18"><span class='ocrx_word' id='word_1_93' title='bbox 2115 1303 2326 1359; x_wconf 80' lang='lat' dir='ltr'>dicere.</span> <span class='ocrx_word' id='word_1_94' title='bbox 2390 1306 2459 1358; x_wconf 70' lang='lat' dir='ltr'>C.‘</span> <span class='ocrx_word' id='word_1_95' title='bbox 2507 1304 2623 1360; x_wconf 87' lang='lat' dir='ltr'>Hoc</span> <span class='ocrx_word' id='word_1_96' title='bbox 2679 1304 2940 1376; x_wconf 86' lang='lat' dir='ltr'>intelligo</span> <span class='ocrx_word' id='word_1_97' title='bbox 2993 1305 3149 1375; x_wconf 90' lang='lat' dir='ltr'>quod</span> <span class='ocrx_word' id='word_1_98' title='bbox 3206 1303 3485 1375; x_wconf 88' lang='lat' dir='ltr'>loqueris,</span> <span class='ocrx_word' id='word_1_99' title='bbox 3546 1307 3605 1359; x_wconf 89' lang='lat' dir='ltr'>et</span> <span class='ocrx_word' id='word_1_100' title='bbox 3646 1321 3766 1361; x_wconf 88' lang='lat' dir='ltr'>non</span> 
     </span>
    </p>
   </div>
   <div class='ocr_carea' id='block_1_19' title="bbox 2115 1392 3771 1464">
    <p class='ocr_par' dir='ltr' id='par_1_19' title="bbox 2115 1392 3771 1464">
     <span class='ocr_line' id='line_1_19' title="bbox 2115 1392 3771 1464; baseline 0.002 -17"><span class='ocrx_word' id='word_1_101' title='bbox 2115 1393 2271 1464; x_wconf 92' lang='lat' dir='ltr'>quod</span> <span class='ocrx_word' id='word_1_102' title='bbox 2302 1398 2478 1448; x_wconf 88' lang='lat' dir='ltr'>taces.</span> <span class='ocrx_word' id='word_1_103' title='bbox 2507 1395 2567 1447; x_wconf 78' lang='grc' dir='ltr'>Α.</span> <span class='ocrx_word' id='word_1_104' title='bbox 2602 1395 2816 1449; x_wconf 90' lang='lat' dir='ltr'>Tacere</span> <span class='ocrx_word' id='word_1_105' title='bbox 2846 1393 2950 1448; x_wconf 88' lang='lat' dir='ltr'>tibi</span> <span class='ocrx_word' id='word_1_106' title='bbox 2982 1395 3201 1458; x_wconf 87' lang='lat' dir='ltr'>videor,</span> <span class='ocrx_word' id='word_1_107' title='bbox 3235 1392 3334 1464; x_wconf 90' lang='lat' dir='ltr'>qui</span> <span class='ocrx_word' id='word_1_108' title='bbox 3366 1393 3548 1449; x_wconf 89' lang='lat' dir='ltr'>tantis</span> <span class='ocrx_word' id='word_1_109' title='bbox 3578 1410 3771 1452; x_wconf 81' lang='lat' dir='ltr'>exem-</span> 
     </span>
    </p>
   </div>
   <div class='ocr_carea' id='block_1_20' title="bbox 2117 1479 3768 1553">
    <p class='ocr_par' dir='ltr' id='par_1_20' title="bbox 2117 1479 3768 1553">
     <span class='ocr_line' id='line_1_20' title="bbox 2117 1479 3768 1553; baseline 0.001 -19"><span class='ocrx_word' id='word_1_110' title='bbox 2117 1480 2230 1552; x_wconf 90' lang='lat' dir='ltr'>plis</span> <span class='ocrx_word' id='word_1_111' title='bbox 2276 1481 2480 1536; x_wconf 89' lang='lat' dir='ltr'>docere</span> <span class='ocrx_word' id='word_1_112' title='bbox 2525 1486 2579 1536; x_wconf 91' lang='lat' dir='ltr'>te</span> <span class='ocrx_word' id='word_1_113' title='bbox 2623 1480 2804 1547; x_wconf 89' lang='lat' dir='ltr'>volui,</span> <span class='ocrx_word' id='word_1_114' title='bbox 2848 1496 3085 1552; x_wconf 89' lang='lat' dir='ltr'>peccare</span> <span class='ocrx_word' id='word_1_115' title='bbox 3131 1479 3424 1535; x_wconf 87' lang='lat' dir='ltr'>hominem</span> <span class='ocrx_word' id='word_1_116' title='bbox 3467 1496 3571 1552; x_wconf 85' lang='lat' dir='ltr'>per</span> <span class='ocrx_word' id='word_1_117' title='bbox 3601 1480 3768 1553; x_wconf 80' lang='lat' dir='ltr'>igno-</span> 
     </span>
    </p>
   </div>
   <div class='ocr_carea' id='block_1_21' title="bbox 2117 1568 3767 1642">
    <p class='ocr_par' dir='ltr' id='par_1_21' title="bbox 2117 1568 3767 1642">
     <span class='ocr_line' id='line_1_21' title="bbox 2117 1568 3767 1642; baseline 0.002 -20"><span class='ocrx_word' id='word_1_118' title='bbox 2117 1570 2494 1624; x_wconf 90' lang='lat' dir='ltr'>rantiam:et</span> <span class='ocrx_word' id='word_1_119' title='bbox 2526 1587 2628 1641; x_wconf 93' lang='lat' dir='ltr'>pro</span> <span class='ocrx_word' id='word_1_120' title='bbox 2678 1575 2932 1642; x_wconf 88' lang='lat' dir='ltr'>peccato,</span> <span class='ocrx_word' id='word_1_121' title='bbox 2988 1575 3053 1624; x_wconf 91' lang='lat' dir='ltr'>ut</span> <span class='ocrx_word' id='word_1_122' title='bbox 3111 1568 3168 1622; x_wconf 92' lang='lat' dir='ltr'>in</span> <span class='ocrx_word' id='word_1_123' title='bbox 3229 1568 3353 1639; x_wconf 81' lang='lat' dir='ltr'>lege</span> <span class='ocrx_word' id='word_1_124' title='bbox 3409 1568 3656 1634; x_wconf 80' lang='lat' dir='ltr'>hostias,</span> <span class='ocrx_word' id='word_1_125' title='bbox 3686 1570 3767 1626; x_wconf 88' lang='lat' dir='ltr'>ita</span> 
     </span>
    </p>
   </div>
   <div class='ocr_carea' id='block_1_22' title="bbox 355 1655 3488 1743">
    <p class='ocr_par' dir='ltr' id='par_1_22' title="bbox 355 1655 3488 1743">
     <span class='ocr_line' id='line_1_22' title="bbox 355 1655 3488 1743; baseline -0.001 -27"><span class='ocrx_word' id='word_1_126' title='bbox 355 1663 456 1717; x_wconf 90' lang='lat' dir='ltr'>sed</span> <span class='ocrx_word' id='word_1_127' title='bbox 490 1659 626 1731; x_wconf 91' lang='lat' dir='ltr'>quid</span> <span class='ocrx_word' id='word_1_128' title='bbox 661 1660 731 1713; x_wconf 86' lang='lat' dir='ltr'>ad</span> <span class='ocrx_word' id='word_1_129' title='bbox 769 1673 890 1711; x_wconf 89' lang='lat' dir='ltr'>rem</span> <span class='ocrx_word' id='word_1_130' title='bbox 913 1657 939 1710; x_wconf 66' lang='grc' dir='ltr'>’ἶ</span> <span class='ocrx_word' id='word_1_131' title='bbox 997 1656 1097 1710; x_wconf 88' lang='lat' dir='ltr'>His</span> <span class='ocrx_word' id='word_1_132' title='bbox 1154 1655 1307 1710; x_wconf 87' lang='lat' dir='ltr'>enim</span> <span class='ocrx_word' id='word_1_133' title='bbox 1367 1655 1592 1710; x_wconf 91' lang='lat' dir='ltr'>cunctis</span> <span class='ocrx_word' id='word_1_134' title='bbox 1648 1657 2004 1711; x_wconf 88' lang='lat' dir='ltr'>testimoniis</span> <span class='ocrx_word' id='word_1_135' title='bbox 2035 1680 2082 1743; x_wconf 82' lang='lat' dir='ltr'><strong>B</strong></span> <span class='ocrx_word' id='word_1_136' title='bbox 2114 1662 2172 1714; x_wconf 89' lang='lat' dir='ltr'>et</span> <span class='ocrx_word' id='word_1_137' title='bbox 2201 1659 2259 1713; x_wconf 91' lang='lat' dir='ltr'>in</span> <span class='ocrx_word' id='word_1_138' title='bbox 2293 1657 2601 1731; x_wconf 87' lang='lat' dir='ltr'>Evangelio</span> <span class='ocrx_word' id='word_1_139' title='bbox 2631 1659 2986 1715; x_wconf 73' lang='lat' dir='ltr'>offerendam</span> <span class='ocrx_word' id='word_1_140' title='bbox 3019 1658 3440 1729; x_wconf 76' lang='lat' dir='ltr'>pmnitudinem</span> <span class='ocrx_word' id='word_1_141' title='bbox 3462 1658 3488 1712; x_wconf 83' lang='lat'><strong><em>?</em></strong></span> 
     </span>
    </p>
   </div>
   <div class='ocr_carea' id='block_1_23' title="bbox 354 1745 2005 1817">
    <p class='ocr_par' dir='ltr' id='par_1_23' title="bbox 354 1745 2005 1817">
     <span class='ocr_line' id='line_1_23' title="bbox 354 1745 2005 1817; baseline -0.002 -13"><span class='ocrx_word' id='word_1_142' title='bbox 354 1749 569 1804; x_wconf 91' lang='lat' dir='ltr'>videris</span> <span class='ocrx_word' id='word_1_143' title='bbox 628 1745 935 1802; x_wconf 87' lang='lat' dir='ltr'>hominum</span> <span class='ocrx_word' id='word_1_144' title='bbox 985 1760 1260 1799; x_wconf 89' lang='lat' dir='ltr'>accusare</span> <span class='ocrx_word' id='word_1_145' title='bbox 1304 1749 1596 1812; x_wconf 89' lang='lat' dir='ltr'>naturam,</span> <span class='ocrx_word' id='word_1_146' title='bbox 1652 1761 1715 1798; x_wconf 91' lang='lat' dir='ltr'>ac</span> <span class='ocrx_word' id='word_1_147' title='bbox 1767 1763 1867 1817; x_wconf 91' lang='lat' dir='ltr'>per</span> <span class='ocrx_word' id='word_1_148' title='bbox 1899 1746 2005 1800; x_wconf 90' lang='lat' dir='ltr'>hoc</span> 
     </span>
    </p>
   </div>
   <div class='ocr_carea' id='block_1_24' title="bbox 356 1832 2005 1898">
    <p class='ocr_par' dir='ltr' id='par_1_24' title="bbox 356 1832 2005 1898">
     <span class='ocr_line' id='line_1_24' title="bbox 356 1832 2005 1898; baseline -0.004 -5"><span class='ocrx_word' id='word_1_149' title='bbox 356 1836 636 1893; x_wconf 90' lang='lat' dir='ltr'>invidiam</span> <span class='ocrx_word' id='word_1_150' title='bbox 667 1835 880 1889; x_wconf 90' lang='lat' dir='ltr'>referre</span> <span class='ocrx_word' id='word_1_151' title='bbox 912 1834 967 1887; x_wconf 91' lang='lat' dir='ltr'>in</span> <span class='ocrx_word' id='word_1_152' title='bbox 1002 1833 1207 1898; x_wconf 90' lang='lat' dir='ltr'>Deum,</span> <span class='ocrx_word' id='word_1_153' title='bbox 1243 1834 1291 1886; x_wconf 90' lang='lat' dir='ltr'>si</span> <span class='ocrx_word' id='word_1_154' title='bbox 1324 1832 1470 1887; x_wconf 89' lang='lat' dir='ltr'>tales</span> <span class='ocrx_word' id='word_1_155' title='bbox 1501 1833 1769 1888; x_wconf 88' lang='lat' dir='ltr'>homines</span> <span class='ocrx_word' id='word_1_156' title='bbox 1809 1834 2005 1889; x_wconf 90' lang='lat' dir='ltr'>condi-</span> 
     </span>
    </p>
   </div>
   <div class='ocr_carea' id='block_1_25' title="bbox 358 1923 2004 1994">
    <p class='ocr_par' dir='ltr' id='par_1_25' title="bbox 358 1923 2004 1994">
     <span class='ocr_line' id='line_1_25' title="bbox 358 1923 2004 1994; baseline -0.002 -12"><span class='ocrx_word' id='word_1_157' title='bbox 358 1926 464 1994; x_wconf 86' lang='lat' dir='ltr'>dit,</span> <span class='ocrx_word' id='word_1_158' title='bbox 497 1930 562 1980; x_wconf 91' lang='lat' dir='ltr'>ut</span> <span class='ocrx_word' id='word_1_159' title='bbox 591 1923 878 1980; x_wconf 89' lang='lat' dir='ltr'>oblivione</span> <span class='ocrx_word' id='word_1_160' title='bbox 909 1928 966 1977; x_wconf 90' lang='lat' dir='ltr'>et</span> <span class='ocrx_word' id='word_1_161' title='bbox 996 1923 1337 1994; x_wconf 80' lang='lat' dir='ltr'>ignorantiae</span> <span class='ocrx_word' id='word_1_162' title='bbox 1391 1928 1623 1994; x_wconf 88' lang='lat' dir='ltr'>peccato</span> <span class='ocrx_word' id='word_1_163' title='bbox 1664 1939 1859 1978; x_wconf 89' lang='lat' dir='ltr'>carere</span> <span class='ocrx_word' id='word_1_164' title='bbox 1890 1940 2004 1978; x_wconf 91' lang='lat' dir='ltr'>non</span> 
     </span>
    </p>
   </div>
   <div class='ocr_carea' id='block_1_26' title="bbox 358 2011 2006 2089">
    <p class='ocr_par' dir='ltr' id='par_1_26' title="bbox 358 2011 2006 2089">
     <span class='ocr_line' id='line_1_26' title="bbox 358 2011 2006 2089; baseline -0.004 -16"><span class='ocrx_word' id='word_1_165' title='bbox 358 2015 604 2089; x_wconf 86' lang='lat' dir='ltr'>possint.</span> <span class='ocrx_word' id='word_1_166' title='bbox 639 2018 715 2068; x_wconf 87' lang='lat' dir='ltr'>Ex</span> <span class='ocrx_word' id='word_1_167' title='bbox 739 2029 854 2084; x_wconf 92' lang='lat' dir='ltr'>quo</span> <span class='ocrx_word' id='word_1_168' title='bbox 877 2011 1252 2085; x_wconf 90' lang='lat' dir='ltr'>perspicuum</span> <span class='ocrx_word' id='word_1_169' title='bbox 1277 2017 1384 2079; x_wconf 87' lang='lat' dir='ltr'>est,</span> <span class='ocrx_word' id='word_1_170' title='bbox 1409 2012 1705 2068; x_wconf 89' lang='lat' dir='ltr'>hominem</span> <span class='ocrx_word' id='word_1_171' title='bbox 1729 2031 1920 2085; x_wconf 89' lang='lat' dir='ltr'>posse,</span> <span class='ocrx_word' id='word_1_172' title='bbox 1956 2013 2006 2068; x_wconf 89' lang='lat' dir='ltr'>si</span> 
     </span>
    </p>
   </div>
   <div class='ocr_carea' id='block_1_27' title="bbox 356 2101 2007 2174">
    <p class='ocr_par' dir='ltr' id='par_1_27' title="bbox 356 2101 2007 2174">
     <span class='ocr_line' id='line_1_27' title="bbox 356 2101 2007 2174; baseline -0.002 -13"><span class='ocrx_word' id='word_1_173' title='bbox 356 2104 622 2171; x_wconf 90' lang='lat' dir='ltr'>voluerit,</span> <span class='ocrx_word' id='word_1_174' title='bbox 659 2120 772 2157; x_wconf 93' lang='lat' dir='ltr'>non</span> <span class='ocrx_word' id='word_1_175' title='bbox 805 2117 1062 2173; x_wconf 87' lang='lat' dir='ltr'>peccare.</span> <span class='ocrx_word' id='word_1_176' title='bbox 1117 2101 1176 2154; x_wconf 90' lang='lat' dir='ltr'>Id</span> <span class='ocrx_word' id='word_1_177' title='bbox 1231 2101 1385 2155; x_wconf 91' lang='lat' dir='ltr'>enim</span> <span class='ocrx_word' id='word_1_178' title='bbox 1432 2102 1585 2170; x_wconf 89' lang='lat' dir='ltr'>fecit,</span> <span class='ocrx_word' id='word_1_179' title='bbox 1640 2103 1793 2174; x_wconf 88' lang='lat' dir='ltr'>quod</span> <span class='ocrx_word' id='word_1_180' title='bbox 1825 2103 2007 2158; x_wconf 87' lang='lat' dir='ltr'>vitare</span> 
     </span>
    </p>
   </div>
   <div class='ocr_carea' id='block_1_28' title="bbox 359 2190 2007 2266">
    <p class='ocr_par' dir='ltr' id='par_1_28' title="bbox 359 2190 2007 2266">
     <span class='ocr_line' id='line_1_28' title="bbox 359 2190 2007 2266; baseline -0.003 -16"><span class='ocrx_word' id='word_1_181' title='bbox 359 2211 474 2250; x_wconf 89' lang='lat' dir='ltr'>non</span> <span class='ocrx_word' id='word_1_182' title='bbox 509 2191 715 2266; x_wconf 91' lang='lat' dir='ltr'>potuit.</span> <span class='ocrx_word' id='word_1_183' title='bbox 752 2190 854 2246; x_wconf 90' lang='lat' dir='ltr'>Ubi</span> <span class='ocrx_word' id='word_1_184' title='bbox 889 2193 1084 2245; x_wconf 89' lang='lat' dir='ltr'>autem</span> <span class='ocrx_word' id='word_1_185' title='bbox 1117 2190 1379 2244; x_wconf 87' lang='lat' dir='ltr'>aufertur</span> <span class='ocrx_word' id='word_1_186' title='bbox 1407 2190 1788 2262; x_wconf 88' lang='lat' dir='ltr'>possibilitas,</span> <span class='ocrx_word' id='word_1_187' title='bbox 1824 2192 2007 2247; x_wconf 84' lang='lat' dir='ltr'>aufer-</span> 
     </span>
    </p>
   </div>
   <div class='ocr_carea' id='block_1_29' title="bbox 357 2278 2006 2349">
    <p class='ocr_par' dir='ltr' id='par_1_29' title="bbox 357 2278 2006 2349">
     <span class='ocr_line' id='line_1_29' title="bbox 357 2278 2006 2349; baseline -0.002 -11"><span class='ocrx_word' id='word_1_188' title='bbox 357 2287 455 2338; x_wconf 90' lang='lat' dir='ltr'>tur</span> <span class='ocrx_word' id='word_1_189' title='bbox 484 2285 540 2338; x_wconf 92' lang='lat' dir='ltr'>et</span> <span class='ocrx_word' id='word_1_190' title='bbox 594 2281 825 2349; x_wconf 86' lang='lat' dir='ltr'>vitium,</span> <span class='ocrx_word' id='word_1_191' title='bbox 885 2296 1055 2335; x_wconf 90' lang='lat' dir='ltr'>nemo</span> <span class='ocrx_word' id='word_1_192' title='bbox 1113 2278 1269 2334; x_wconf 89' lang='lat' dir='ltr'>enim</span> <span class='ocrx_word' id='word_1_193' title='bbox 1330 2279 1387 2333; x_wconf 92' lang='lat' dir='ltr'>in</span> <span class='ocrx_word' id='word_1_194' title='bbox 1443 2297 1508 2335; x_wconf 90' lang='lat' dir='ltr'>eo</span> <span class='ocrx_word' id='word_1_195' title='bbox 1562 2281 2006 2348; x_wconf 87' lang='lat' dir='ltr'>condemnatur,</span> 
     </span>
    </p>
   </div>
   <div class='ocr_carea' id='block_1_30' title="bbox 358 2369 2005 2444">
    <p class='ocr_par' dir='ltr' id='par_1_30' title="bbox 358 2369 2005 2444">
     <span class='ocr_line' id='line_1_30' title="bbox 358 2369 2005 2444; baseline -0.002 -16"><span class='ocrx_word' id='word_1_196' title='bbox 358 2372 513 2444; x_wconf 89' lang='lat' dir='ltr'>quod</span> <span class='ocrx_word' id='word_1_197' title='bbox 563 2371 749 2427; x_wconf 90' lang='lat' dir='ltr'>facere</span> <span class='ocrx_word' id='word_1_198' title='bbox 794 2386 909 2425; x_wconf 91' lang='lat' dir='ltr'>non</span> <span class='ocrx_word' id='word_1_199' title='bbox 959 2369 1166 2440; x_wconf 89' lang='lat' dir='ltr'>potuit.</span> <span class='ocrx_word' id='word_1_200' title='bbox 1218 2371 1403 2424; x_wconf 72' lang='lat' dir='ltr'>Arne.</span> <span class='ocrx_word' id='word_1_201' title='bbox 1451 2370 1611 2441; x_wconf 68' lang='lat' dir='ltr'>Saepe</span> <span class='ocrx_word' id='word_1_202' title='bbox 1651 2370 1768 2424; x_wconf 86' lang='lat' dir='ltr'>dixi</span> <span class='ocrx_word' id='word_1_203' title='bbox 1803 2375 1858 2425; x_wconf 88' lang='lat' dir='ltr'>te</span> <span class='ocrx_word' id='word_1_204' title='bbox 1891 2386 2005 2425; x_wconf 91' lang='lat' dir='ltr'>non</span> 
     </span>
    </p>
   </div>
   <div class='ocr_carea' id='block_1_31' title="bbox 355 2458 2006 2533">
    <p class='ocr_par' dir='ltr' id='par_1_31' title="bbox 355 2458 2006 2533">
     <span class='ocr_line' id='line_1_31' title="bbox 355 2458 2006 2533; baseline -0.002 -18"><span class='ocrx_word' id='word_1_205' title='bbox 355 2459 679 2533; x_wconf 85' lang='lat' dir='ltr'>intelligere</span> <span class='ocrx_word' id='word_1_206' title='bbox 711 2462 954 2515; x_wconf 90' lang='lat' dir='ltr'>conatus</span> <span class='ocrx_word' id='word_1_207' title='bbox 987 2475 1169 2526; x_wconf 86' lang='lat' dir='ltr'>meos,</span> <span class='ocrx_word' id='word_1_208' title='bbox 1200 2473 1304 2513; x_wconf 91' lang='lat' dir='ltr'>nec</span> <span class='ocrx_word' id='word_1_209' title='bbox 1336 2458 1704 2514; x_wconf 88' lang='lat' dir='ltr'>considerare</span> <span class='ocrx_word' id='word_1_210' title='bbox 1735 2459 1874 2530; x_wconf 88' lang='lat' dir='ltr'>quid</span> <span class='ocrx_word' id='word_1_211' title='bbox 1911 2475 2006 2513; x_wconf 87' lang='lat' dir='ltr'>ar-</span> 
     </span>
    </p>
   </div>
   <div class='ocr_carea' id='block_1_32' title="bbox 356 2547 2004 2622">
    <p class='ocr_par' dir='ltr' id='par_1_32' title="bbox 356 2547 2004 2622">
     <span class='ocr_line' id='line_1_32' title="bbox 356 2547 2004 2622; baseline -0.001 -18"><span class='ocrx_word' id='word_1_212' title='bbox 356 2549 755 2622; x_wconf 90' lang='lat' dir='ltr'>gumenteris;</span> <span class='ocrx_word' id='word_1_213' title='bbox 793 2548 894 2603; x_wconf 89' lang='lat' dir='ltr'>sed</span> <span class='ocrx_word' id='word_1_214' title='bbox 927 2547 1066 2617; x_wconf 89' lang='lat' dir='ltr'>quid</span> <span class='ocrx_word' id='word_1_215' title='bbox 1101 2552 1251 2602; x_wconf 88' lang='lat' dir='ltr'>Deus</span> <span class='ocrx_word' id='word_1_216' title='bbox 1272 2547 1539 2617; x_wconf 79' lang='lat' dir='ltr'>jusserit.</span> <span class='ocrx_word' id='word_1_217' title='bbox 1569 2548 1672 2602; x_wconf 83' lang='lat' dir='ltr'>Pro</span> <span class='ocrx_word' id='word_1_218' title='bbox 1697 2547 2004 2614; x_wconf 86' lang='lat' dir='ltr'>oblivione,</span> 
     </span>
    </p>
   </div>
   <div class='ocr_carea' id='block_1_33' title="bbox 356 2635 2009 2708">
    <p class='ocr_par' dir='ltr' id='par_1_33' title="bbox 356 2635 2009 2708">
     <span class='ocr_line' id='line_1_33' title="bbox 356 2635 2009 2708; baseline -0.002 -15"><span class='ocrx_word' id='word_1_219' title='bbox 356 2654 550 2693; x_wconf 90' lang='lat' dir='ltr'>errore</span> <span class='ocrx_word' id='word_1_220' title='bbox 579 2641 635 2692; x_wconf 91' lang='lat' dir='ltr'>et</span> <span class='ocrx_word' id='word_1_221' title='bbox 664 2635 1016 2708; x_wconf 86' lang='lat' dir='ltr'>ignorantia,</span> <span class='ocrx_word' id='word_1_222' title='bbox 1049 2636 1214 2706; x_wconf 90' lang='lat' dir='ltr'>quasi</span> <span class='ocrx_word' id='word_1_223' title='bbox 1246 2653 1350 2707; x_wconf 90' lang='lat' dir='ltr'>pro</span> <span class='ocrx_word' id='word_1_224' title='bbox 1392 2641 1626 2707; x_wconf 87' lang='lat' dir='ltr'>peccato</span> <span class='ocrx_word' id='word_1_225' title='bbox 1685 2637 2009 2692; x_wconf 80' lang='lat' dir='ltr'>offeruntur</span> 
     </span>
    </p>
   </div>
   <div class='ocr_carea' id='block_1_34' title="bbox 357 2723 2005 2794">
    <p class='ocr_par' dir='ltr' id='par_1_34' title="bbox 357 2723 2005 2794">
     <span class='ocr_line' id='line_1_34' title="bbox 357 2723 2005 2794; baseline -0.002 -12"><span class='ocrx_word' id='word_1_226' title='bbox 357 2726 684 2782; x_wconf 85' lang='lat' dir='ltr'>sacrificia:</span> <span class='ocrx_word' id='word_1_227' title='bbox 721 2725 840 2780; x_wconf 88' lang='lat' dir='ltr'>sive</span> <span class='ocrx_word' id='word_1_228' title='bbox 870 2724 980 2779; x_wconf 92' lang='lat' dir='ltr'>hoc</span> <span class='ocrx_word' id='word_1_229' title='bbox 1014 2723 1162 2779; x_wconf 89' lang='lat' dir='ltr'>male</span> <span class='ocrx_word' id='word_1_230' title='bbox 1188 2726 1356 2794; x_wconf 86' lang='lat' dir='ltr'>juxta</span> <span class='ocrx_word' id='word_1_231' title='bbox 1394 2730 1468 2791; x_wconf 89' lang='lat' dir='ltr'>te,</span> <span class='ocrx_word' id='word_1_232' title='bbox 1521 2725 1640 2777; x_wconf 85' lang='lat' dir='ltr'>sive</span> <span class='ocrx_word' id='word_1_233' title='bbox 1690 2726 1836 2779; x_wconf 84' lang='lat' dir='ltr'>bene</span> <span class='ocrx_word' id='word_1_234' title='bbox 1870 2726 2005 2794; x_wconf 87' lang='lat' dir='ltr'>jux-</span> 
     </span>
    </p>
   </div>
   <div class='ocr_carea' id='block_1_35' title="bbox 359 2813 2005 2886">
    <p class='ocr_par' dir='ltr' id='par_1_35' title="bbox 359 2813 2005 2886">
     <span class='ocr_line' id='line_1_35' title="bbox 359 2813 2005 2886; baseline -0.002 -15"><span class='ocrx_word' id='word_1_235' title='bbox 359 2821 416 2872; x_wconf 87' lang='lat' dir='ltr'>ta</span> <span class='ocrx_word' id='word_1_236' title='bbox 449 2831 560 2883; x_wconf 91' lang='lat' dir='ltr'>me,</span> <span class='ocrx_word' id='word_1_237' title='bbox 596 2815 751 2870; x_wconf 91' lang='lat' dir='ltr'>Deus</span> <span class='ocrx_word' id='word_1_238' title='bbox 782 2814 1073 2886; x_wconf 69' lang='lat' dir='ltr'>praecepit.</span> <span class='ocrx_word' id='word_1_239' title='bbox 1127 2813 1319 2868; x_wconf 91' lang='lat' dir='ltr'>Meum</span> <span class='ocrx_word' id='word_1_240' title='bbox 1371 2817 1459 2867; x_wconf 90' lang='lat' dir='ltr'>est</span> <span class='ocrx_word' id='word_1_241' title='bbox 1509 2813 1817 2868; x_wconf 84' lang='lat' dir='ltr'>observare</span> <span class='ocrx_word' id='word_1_242' title='bbox 1850 2814 2005 2884; x_wconf 92' lang='lat' dir='ltr'>quod</span> 
     </span>
    </p>
   </div>
   <div class='ocr_carea' id='block_1_36' title="bbox 353 2902 2006 2977">
    <p class='ocr_par' dir='ltr' id='par_1_36' title="bbox 353 2902 2006 2977">
     <span class='ocr_line' id='line_1_36' title="bbox 353 2902 2006 2977; baseline -0.002 -17"><span class='ocrx_word' id='word_1_243' title='bbox 353 2906 574 2977; x_wconf 89' lang='lat' dir='ltr'>jussit;</span> <span class='ocrx_word' id='word_1_244' title='bbox 608 2908 777 2960; x_wconf 89' lang='lat' dir='ltr'>tuum</span> <span class='ocrx_word' id='word_1_245' title='bbox 813 2903 904 2958; x_wconf 88' lang='lat' dir='ltr'>Dei</span> <span class='ocrx_word' id='word_1_246' title='bbox 929 2903 1102 2973; x_wconf 89' lang='lat' dir='ltr'>jussa</span> <span class='ocrx_word' id='word_1_247' title='bbox 1145 2902 1588 2975; x_wconf 87' lang='lat' dir='ltr'>reprehendere.</span> <span class='ocrx_word' id='word_1_248' title='bbox 1621 2905 1682 2962; x_wconf 89' lang='lat' dir='ltr'>C.</span> <span class='ocrx_word' id='word_1_249' title='bbox 1719 2903 2006 2968; x_wconf 84' lang='lat' dir='ltr'>Quoniam</span> 
     </span>
    </p>
   </div>
   <div class='ocr_carea' id='block_1_37' title="bbox 361 2991 2006 3066">
    <p class='ocr_par' dir='ltr' id='par_1_37' title="bbox 361 2991 2006 3066">
     <span class='ocr_line' id='line_1_37' title="bbox 361 2991 2006 3066; baseline -0.003 -15"><span class='ocrx_word' id='word_1_250' title='bbox 361 2995 478 3051; x_wconf 89' lang='lat' dir='ltr'>vim</span> <span class='ocrx_word' id='word_1_251' title='bbox 510 2995 653 3051; x_wconf 83' lang='lat' dir='ltr'>facis</span> <span class='ocrx_word' id='word_1_252' title='bbox 683 2994 1002 3066; x_wconf 68' lang='lat' dir='ltr'>perspicuae</span> <span class='ocrx_word' id='word_1_253' title='bbox 1041 2992 1287 3059; x_wconf 86' lang='lat' dir='ltr'>veritati,</span> <span class='ocrx_word' id='word_1_254' title='bbox 1334 2998 1390 3048; x_wconf 89' lang='lat' dir='ltr'>et</span> <span class='ocrx_word' id='word_1_255' title='bbox 1440 3008 1530 3046; x_wconf 89' lang='lat' dir='ltr'>me</span> <span class='ocrx_word' id='word_1_256' title='bbox 1562 2991 1746 3046; x_wconf 86' lang='lat' dir='ltr'>trahis</span> <span class='ocrx_word' id='word_1_257' title='bbox 1778 2993 1848 3047; x_wconf 90' lang='lat' dir='ltr'>ad</span> <span class='ocrx_word' id='word_1_258' title='bbox 1882 2991 2006 3046; x_wconf 88' lang='lat' dir='ltr'>bla-</span> 
     </span>
    </p>
   </div>
   <div class='ocr_carea' id='block_1_38' title="bbox 365 3080 2008 3156">
    <p class='ocr_par' dir='ltr' id='par_1_38' title="bbox 365 3080 2008 3156">
     <span class='ocr_line' id='line_1_38' title="bbox 365 3080 2008 3156; baseline -0.003 -17"><span class='ocrx_word' id='word_1_259' title='bbox 365 3083 715 3156; x_wconf 80' lang='lat' dir='ltr'>sphemiam,</span> <span class='ocrx_word' id='word_1_260' title='bbox 749 3082 1064 3137; x_wconf 89' lang='lat' dir='ltr'>concedam</span> <span class='ocrx_word' id='word_1_261' title='bbox 1099 3081 1201 3136; x_wconf 84' lang='lat' dir='ltr'>tibi</span> <span class='ocrx_word' id='word_1_262' title='bbox 1233 3081 1341 3136; x_wconf 89' lang='lat' dir='ltr'>hoc</span> <span class='ocrx_word' id='word_1_263' title='bbox 1389 3083 1447 3136; x_wconf 92' lang='lat' dir='ltr'>in</span> <span class='ocrx_word' id='word_1_264' title='bbox 1499 3082 1676 3136; x_wconf 87' lang='lat' dir='ltr'>veteri</span> <span class='ocrx_word' id='word_1_265' title='bbox 1709 3080 1834 3152; x_wconf 87' lang='lat' dir='ltr'>lege</span> <span class='ocrx_word' id='word_1_266' title='bbox 1865 3098 2008 3152; x_wconf 67' lang='lat' dir='ltr'>prm-</span> 
     </span>
    </p>
   </div>
   <div class='ocr_carea' id='block_1_39' title="bbox 367 3170 2007 3243">
    <p class='ocr_par' dir='ltr' id='par_1_39' title="bbox 367 3170 2007 3243">
     <span class='ocr_line' id='line_1_39' title="bbox 367 3170 2007 3243; baseline -0.001 -17"><span class='ocrx_word' id='word_1_267' title='bbox 367 3177 623 3243; x_wconf 89' lang='lat' dir='ltr'>ceptum,</span> <span class='ocrx_word' id='word_1_268' title='bbox 649 3173 718 3226; x_wconf 92' lang='lat' dir='ltr'>de</span> <span class='ocrx_word' id='word_1_269' title='bbox 739 3187 855 3242; x_wconf 90' lang='lat' dir='ltr'>qua</span> <span class='ocrx_word' id='word_1_270' title='bbox 875 3171 1156 3241; x_wconf 89' lang='lat' dir='ltr'>scriptum</span> <span class='ocrx_word' id='word_1_271' title='bbox 1182 3175 1300 3225; x_wconf 91' lang='lat' dir='ltr'>est:</span> <span class='ocrx_word' id='word_1_272' title='bbox 1327 3194 1354 3220; x_wconf 82' lang='lat'><strong><em>«</em></strong></span> <span class='ocrx_word' id='word_1_273' title='bbox 1383 3171 1587 3225; x_wconf 86' lang='lat' dir='ltr'>Vetera</span> <span class='ocrx_word' id='word_1_274' title='bbox 1609 3170 2007 3225; x_wconf 87' lang='lat' dir='ltr'>transierunt:</span> 
     </span>
    </p>
   </div>
   <div class='ocr_carea' id='block_1_40' title="bbox 369 3257 2011 3329">
    <p class='ocr_par' dir='ltr' id='par_1_40' title="bbox 369 3257 2011 3329">
     <span class='ocr_line' id='line_1_40' title="bbox 369 3257 2011 3329; baseline -0.001 -15"><span class='ocrx_word' id='word_1_275' title='bbox 369 3275 500 3315; x_wconf 89' lang='lat' dir='ltr'>ecce</span> <span class='ocrx_word' id='word_1_276' title='bbox 531 3260 683 3316; x_wconf 87' lang='lat' dir='ltr'>facta</span> <span class='ocrx_word' id='word_1_277' title='bbox 714 3264 854 3314; x_wconf 90' lang='lat' dir='ltr'>sunt</span> <span class='ocrx_word' id='word_1_278' title='bbox 881 3257 1078 3313; x_wconf 91' lang='lat' dir='ltr'>omnia</span> <span class='ocrx_word' id='word_1_279' title='bbox 1109 3276 1255 3314; x_wconf 93' lang='lat' dir='ltr'>nova</span> <span class='ocrx_word' id='word_1_280' title='bbox 1283 3281 1310 3308; x_wconf 84' lang='lat'><strong>»</strong></span> <span class='ocrx_word' id='word_1_281' title='bbox 1345 3261 1416 3328; x_wconf 80' lang='lat' dir='ltr'>(II</span> <span class='ocrx_word' id='word_1_282' title='bbox 1443 3259 1563 3314; x_wconf 87' lang='lat' dir='ltr'>Cor.</span> <span class='ocrx_word' id='word_1_283' title='bbox 1609 3277 1660 3327; x_wconf 83' lang='lat' dir='ltr'>v,</span> <span class='ocrx_word' id='word_1_284' title='bbox 1713 3260 1818 3329; x_wconf 91' lang='grc'>17).</span> <span class='ocrx_word' id='word_1_285' title='bbox 1851 3259 2011 3313; x_wconf 83' lang='lat' dir='ltr'>Nun-</span> 
     </span>
    </p>
   </div>
   <div class='ocr_carea' id='block_1_41' title="bbox 370 3346 2014 3420">
    <p class='ocr_par' dir='ltr' id='par_1_41' title="bbox 370 3346 2014 3420">
     <span class='ocr_line' id='line_1_41' title="bbox 370 3346 2014 3420; baseline 0 -18"><span class='ocrx_word' id='word_1_286' title='bbox 370 3349 510 3420; x_wconf 88' lang='lat' dir='ltr'>quid</span> <span class='ocrx_word' id='word_1_287' title='bbox 544 3353 602 3403; x_wconf 90' lang='lat' dir='ltr'>et</span> <span class='ocrx_word' id='word_1_288' title='bbox 631 3347 702 3403; x_wconf 90' lang='lat' dir='ltr'>de</span> <span class='ocrx_word' id='word_1_289' title='bbox 735 3346 1042 3418; x_wconf 88' lang='lat' dir='ltr'>Evangelio</span> <span class='ocrx_word' id='word_1_290' title='bbox 1076 3347 1290 3418; x_wconf 89' lang='lat' dir='ltr'>poteris</span> <span class='ocrx_word' id='word_1_291' title='bbox 1314 3348 1421 3402; x_wconf 92' lang='lat' dir='ltr'>hoc</span> <span class='ocrx_word' id='word_1_292' title='bbox 1443 3350 1785 3419; x_wconf 89' lang='lat' dir='ltr'>approbare,</span> <span class='ocrx_word' id='word_1_293' title='bbox 1819 3353 1881 3403; x_wconf 90' lang='lat' dir='ltr'>ut</span> <span class='ocrx_word' id='word_1_294' title='bbox 1912 3365 2014 3420; x_wconf 89' lang='lat' dir='ltr'>pu-</span> 
     </span>
    </p>
   </div>
   <div class='ocr_carea' id='block_1_42' title="bbox 370 3435 2010 3508">
    <p class='ocr_par' dir='ltr' id='par_1_42' title="bbox 370 3435 2010 3508">
     <span class='ocr_line' id='line_1_42' title="bbox 370 3435 2010 3508; baseline 0 -16"><span class='ocrx_word' id='word_1_295' title='bbox 370 3436 567 3493; x_wconf 91' lang='lat' dir='ltr'>niatur</span> <span class='ocrx_word' id='word_1_296' title='bbox 592 3435 885 3508; x_wconf 87' lang='lat' dir='ltr'>quispiam</span> <span class='ocrx_word' id='word_1_297' title='bbox 915 3452 1018 3508; x_wconf 90' lang='lat' dir='ltr'>pro</span> <span class='ocrx_word' id='word_1_298' title='bbox 1063 3452 1129 3491; x_wconf 90' lang='lat' dir='ltr'>eo</span> <span class='ocrx_word' id='word_1_299' title='bbox 1161 3436 1316 3507; x_wconf 91' lang='lat' dir='ltr'>quod</span> <span class='ocrx_word' id='word_1_300' title='bbox 1366 3437 1606 3502; x_wconf 89' lang='lat' dir='ltr'>nesciat,</span> <span class='ocrx_word' id='word_1_301' title='bbox 1640 3442 1695 3492; x_wconf 89' lang='lat' dir='ltr'>et</span> <span class='ocrx_word' id='word_1_302' title='bbox 1724 3441 1856 3492; x_wconf 89' lang='lat' dir='ltr'>ante</span> <span class='ocrx_word' id='word_1_303' title='bbox 1891 3454 2010 3508; x_wconf 76' lang='lat' dir='ltr'>pce-</span> 
     </span>
    </p>
   </div>
   <div class='ocr_carea' id='block_1_43' title="bbox 367 3525 2010 3598">
    <p class='ocr_par' dir='ltr' id='par_1_43' title="bbox 367 3525 2010 3598">
     <span class='ocr_line' id='line_1_43' title="bbox 367 3525 2010 3598; baseline -0.001 -16"><span class='ocrx_word' id='word_1_304' title='bbox 367 3542 474 3582; x_wconf 89' lang='lat' dir='ltr'>nas</span> <span class='ocrx_word' id='word_1_305' title='bbox 504 3525 649 3593; x_wconf 90' lang='lat' dir='ltr'>luat,</span> <span class='ocrx_word' id='word_1_306' title='bbox 680 3543 857 3598; x_wconf 88' lang='lat' dir='ltr'>quam</span> <span class='ocrx_word' id='word_1_307' title='bbox 889 3541 1021 3580; x_wconf 91' lang='lat' dir='ltr'>reus</span> <span class='ocrx_word' id='word_1_308' title='bbox 1051 3525 1127 3580; x_wconf 91' lang='lat' dir='ltr'>sit</span> <span class='ocrx_word' id='word_1_309' title='bbox 1167 3526 1533 3580; x_wconf 63' lang='lat' dir='ltr'>conscientia:</span> <span class='ocrx_word' id='word_1_310' title='bbox 1587 3528 1690 3596; x_wconf 74' lang='grc' dir='ltr'>[Λί.</span> <span class='ocrx_word' id='word_1_311' title='bbox 1739 3527 2010 3598; x_wconf 88' lang='lat' dir='ltr'>ignoran-</span> 
     </span>
    </p>
   </div>
   <div class='ocr_carea' id='block_1_44' title="bbox 368 3613 2010 3688">
    <p class='ocr_par' dir='ltr' id='par_1_44' title="bbox 368 3613 2010 3688">
     <span class='ocr_line' id='line_1_44' title="bbox 368 3613 2010 3688; baseline 0 -18"><span class='ocrx_word' id='word_1_312' title='bbox 368 3613 480 3686; x_wconf 70' lang='lat' dir='ltr'>tiae]</span> <span class='ocrx_word' id='word_1_313' title='bbox 505 3615 532 3671; x_wconf 86' lang='lat'>‘?</span> <span class='ocrx_word' id='word_1_314' title='bbox 561 3615 622 3671; x_wconf 86' lang='lat' dir='ltr'>A.</span> <span class='ocrx_word' id='word_1_315' title='bbox 657 3615 841 3671; x_wconf 92' lang='lat' dir='ltr'>Deum</span> <span class='ocrx_word' id='word_1_316' title='bbox 872 3614 1235 3688; x_wconf 90' lang='lat' dir='ltr'>ignoramus,</span> <span class='ocrx_word' id='word_1_317' title='bbox 1269 3615 1622 3670; x_wconf 69' lang='lat' dir='ltr'>Manichacus</span> <span class='ocrx_word' id='word_1_318' title='bbox 1663 3615 1831 3671; x_wconf 92' lang='lat' dir='ltr'>nobis</span> <span class='ocrx_word' id='word_1_319' title='bbox 1875 3632 2010 3670; x_wconf 86' lang='lat' dir='ltr'>con-</span> 
     </span>
    </p>
   </div>
   <div class='ocr_carea' id='block_1_45' title="bbox 367 3703 2012 3778">
    <p class='ocr_par' dir='ltr' id='par_1_45' title="bbox 367 3703 2012 3778">
     <span class='ocr_line' id='line_1_45' title="bbox 367 3703 2012 3778; baseline 0 -18"><span class='ocrx_word' id='word_1_320' title='bbox 367 3705 553 3778; x_wconf 87' lang='lat' dir='ltr'>surgit</span> <span class='ocrx_word' id='word_1_321' title='bbox 585 3709 841 3777; x_wconf 88' lang='lat' dir='ltr'>repente,</span> <span class='ocrx_word' id='word_1_322' title='bbox 881 3704 981 3777; x_wconf 91' lang='lat' dir='ltr'>qui</span> <span class='ocrx_word' id='word_1_323' title='bbox 1036 3703 1223 3777; x_wconf 89' lang='lat' dir='ltr'>legem</span> <span class='ocrx_word' id='word_1_324' title='bbox 1257 3703 1397 3759; x_wconf 90' lang='lat' dir='ltr'>dicit</span> <span class='ocrx_word' id='word_1_325' title='bbox 1446 3704 1742 3771; x_wconf 83' lang='lat' dir='ltr'>abolitam,</span> <span class='ocrx_word' id='word_1_326' title='bbox 1773 3708 1828 3759; x_wconf 83' lang='lat' dir='ltr'>et</span> <span class='ocrx_word' id='word_1_327' title='bbox 1857 3704 2012 3760; x_wconf 91' lang='lat' dir='ltr'>solos</span> 
     </span>
    </p>
   </div>
   <div class='ocr_carea' id='block_1_46' title="bbox 367 3793 2014 3866">
    <p class='ocr_par' dir='ltr' id='par_1_46' title="bbox 367 3793 2014 3866">
     <span class='ocr_line' id='line_1_46' title="bbox 367 3793 2014 3866; baseline -0.001 -16"><span class='ocrx_word' id='word_1_328' title='bbox 367 3794 509 3850; x_wconf 89' lang='lat' dir='ltr'>Novi</span> <span class='ocrx_word' id='word_1_329' title='bbox 542 3794 901 3850; x_wconf 90' lang='lat' dir='ltr'>Testamenti</span> <span class='ocrx_word' id='word_1_330' title='bbox 933 3793 1204 3866; x_wconf 84' lang='lat' dir='ltr'>legendos</span> <span class='ocrx_word' id='word_1_331' title='bbox 1246 3793 1447 3849; x_wconf 91' lang='lat' dir='ltr'>libros.</span> <span class='ocrx_word' id='word_1_332' title='bbox 1503 3793 1560 3848; x_wconf 86' lang='lat' dir='ltr'>C.</span> <span class='ocrx_word' id='word_1_333' title='bbox 1613 3793 1760 3857; x_wconf 89' lang='lat' dir='ltr'>Quid</span> <span class='ocrx_word' id='word_1_334' title='bbox 1792 3794 1945 3850; x_wconf 92' lang='lat' dir='ltr'>enim</span> <span class='ocrx_word' id='word_1_335' title='bbox 1980 3811 2014 3848; x_wconf 90' lang='lat' dir='ltr'>a</span> 
     </span>
    </p>
   </div>
   <div class='ocr_carea' id='block_1_47' title="bbox 369 3881 2010 3954">
    <p class='ocr_par' dir='ltr' id='par_1_47' title="bbox 369 3881 2010 3954">
     <span class='ocr_line' id='line_1_47' title="bbox 369 3881 2010 3954; baseline -0.001 -17"><span class='ocrx_word' id='word_1_336' title='bbox 369 3899 464 3938; x_wconf 91' lang='lat' dir='ltr'>me</span> <span class='ocrx_word' id='word_1_337' title='bbox 492 3881 788 3953; x_wconf 90' lang='lat' dir='ltr'>audivisti,</span> <span class='ocrx_word' id='word_1_338' title='bbox 821 3888 885 3937; x_wconf 92' lang='lat' dir='ltr'>ut</span> <span class='ocrx_word' id='word_1_339' title='bbox 914 3883 1024 3938; x_wconf 91' lang='lat' dir='ltr'>hoc</span> <span class='ocrx_word' id='word_1_340' title='bbox 1055 3888 1322 3938; x_wconf 88' lang='lat' dir='ltr'>autumes</span> <span class='ocrx_word' id='word_1_341' title='bbox 1342 3883 1369 3937; x_wconf 88' lang='lat'><strong>?</strong></span> <span class='ocrx_word' id='word_1_342' title='bbox 1416 3884 1484 3937; x_wconf 85' lang='lat' dir='ltr'>Et</span> <span class='ocrx_word' id='word_1_343' title='bbox 1527 3883 1616 3938; x_wconf 92' lang='lat' dir='ltr'>lex</span> <span class='ocrx_word' id='word_1_344' title='bbox 1645 3883 1802 3938; x_wconf 91' lang='lat' dir='ltr'>enim</span> <span class='ocrx_word' id='word_1_345' title='bbox 1834 3883 2010 3954; x_wconf 90' lang='lat' dir='ltr'>patri-</span> 
     </span>
    </p>
   </div>
   <div class='ocr_carea' id='block_1_48' title="bbox 370 3972 2012 4043">
    <p class='ocr_par' dir='ltr' id='par_1_48' title="bbox 370 3972 2012 4043">
     <span class='ocr_line' id='line_1_48' title="bbox 370 3972 2012 4043; baseline 0.001 -17"><span class='ocrx_word' id='word_1_346' title='bbox 370 3972 481 4026; x_wconf 89' lang='lat' dir='ltr'>bus</span> <span class='ocrx_word' id='word_1_347' title='bbox 513 3972 665 4040; x_wconf 89' lang='lat' dir='ltr'>dala,</span> <span class='ocrx_word' id='word_1_348' title='bbox 700 3989 803 4043; x_wconf 90' lang='lat' dir='ltr'>pro</span> <span class='ocrx_word' id='word_1_349' title='bbox 834 3975 1092 4043; x_wconf 89' lang='lat' dir='ltr'>tempore</span> <span class='ocrx_word' id='word_1_350' title='bbox 1136 3973 1301 4043; x_wconf 89' lang='lat' dir='ltr'>justa</span> <span class='ocrx_word' id='word_1_351' title='bbox 1347 3977 1401 4027; x_wconf 88' lang='lat' dir='ltr'>et</span> <span class='ocrx_word' id='word_1_352' title='bbox 1448 3976 1654 4028; x_wconf 89' lang='lat' dir='ltr'>sancta</span> <span class='ocrx_word' id='word_1_353' title='bbox 1697 3977 1806 4038; x_wconf 92' lang='lat' dir='ltr'>est,</span> <span class='ocrx_word' id='word_1_354' title='bbox 1837 3979 1894 4026; x_wconf 86' lang='lat' dir='ltr'>et</span> <span class='ocrx_word' id='word_1_355' title='bbox 1921 3989 2012 4028; x_wconf 82' lang='lat' dir='ltr'>ve-</span> 
     </span>
    </p>
   </div>
   <div class='ocr_carea' id='block_1_49' title="bbox 367 4049 2009 4132">
    <p class='ocr_par' dir='ltr' id='par_1_49' title="bbox 367 4049 2009 4132">
     <span class='ocr_line' id='line_1_49' title="bbox 367 4049 2009 4132; baseline 0.001 -17"><span class='ocrx_word' id='word_1_356' title='bbox 367 4059 566 4116; x_wconf 88' lang='lat' dir='ltr'>niente</span> <span class='ocrx_word' id='word_1_357' title='bbox 594 4049 884 4132; x_wconf 79' lang='lat' dir='ltr'>Evangelii</span> <span class='ocrx_word' id='word_1_358' title='bbox 919 4061 1288 4132; x_wconf 82' lang='lat' dir='ltr'>perfectione,</span> <span class='ocrx_word' id='word_1_359' title='bbox 1341 4061 1545 4116; x_wconf 88' lang='lat' dir='ltr'>viliora</span> <span class='ocrx_word' id='word_1_360' title='bbox 1588 4067 1912 4117; x_wconf 89' lang='lat' dir='ltr'>cessarunt.</span> <span class='ocrx_word' id='word_1_361' title='bbox 1947 4065 2009 4117; x_wconf 82' lang='grc' dir='ltr'>Α.</span> 
     </span>
    </p>
   </div>
   <div class='ocr_carea' id='block_1_50' title="bbox 367 4149 2013 4222">
    <p class='ocr_par' dir='ltr' id='par_1_50' title="bbox 367 4149 2013 4222">
     <span class='ocr_line' id='line_1_50' title="bbox 367 4149 2013 4222; baseline -0.001 -19"><span class='ocrx_word' id='word_1_362' title='bbox 367 4150 516 4221; x_wconf 84' lang='lat' dir='ltr'>Ergo</span> <span class='ocrx_word' id='word_1_363' title='bbox 547 4165 918 4220; x_wconf 88' lang='lat' dir='ltr'>nequaquam</span> <span class='ocrx_word' id='word_1_364' title='bbox 950 4149 1380 4205; x_wconf 84' lang='lat' dir='ltr'>observandum</span> <span class='ocrx_word' id='word_1_365' title='bbox 1411 4155 1520 4215; x_wconf 89' lang='lat' dir='ltr'>est,</span> <span class='ocrx_word' id='word_1_366' title='bbox 1545 4151 1698 4221; x_wconf 87' lang='lat' dir='ltr'>quod</span> <span class='ocrx_word' id='word_1_367' title='bbox 1722 4149 1846 4222; x_wconf 84' lang='lat' dir='ltr'>lege</span> <span class='ocrx_word' id='word_1_368' title='bbox 1868 4166 2013 4220; x_wconf 83' lang='lat' dir='ltr'>prae-</span> 
     </span>
    </p>
   </div>
   <div class='ocr_carea' id='block_1_51' title="bbox 367 4236 2010 4310">
    <p class='ocr_par' dir='ltr' id='par_1_51' title="bbox 367 4236 2010 4310">
     <span class='ocr_line' id='line_1_51' title="bbox 367 4236 2010 4310; baseline 0 -18"><span class='ocrx_word' id='word_1_369' title='bbox 367 4236 630 4310; x_wconf 83' lang='lat' dir='ltr'>cipitur‘?</span> <span class='ocrx_word' id='word_1_370' title='bbox 662 4236 718 4291; x_wconf 87' lang='lat' dir='ltr'>C.</span> <span class='ocrx_word' id='word_1_371' title='bbox 751 4237 1020 4301; x_wconf 81' lang='lat' dir='ltr'>Quaedam</span> <span class='ocrx_word' id='word_1_372' title='bbox 1059 4238 1443 4305; x_wconf 90' lang='lat' dir='ltr'>observanda,</span> <span class='ocrx_word' id='word_1_373' title='bbox 1477 4239 1744 4310; x_wconf 70' lang='lat' dir='ltr'>quaedam</span> <span class='ocrx_word' id='word_1_374' title='bbox 1778 4243 2010 4310; x_wconf 70' lang='lat' dir='ltr'>praeter-</span> 
     </span>
    </p>
   </div>
   <div class='ocr_carea' id='block_1_52' title="bbox 366 4325 2012 4392">
    <p class='ocr_par' dir='ltr' id='par_1_52' title="bbox 366 4325 2012 4392">
     <span class='ocr_line' id='line_1_52' title="bbox 366 4325 2012 4392; baseline 0.001 -13"><span class='ocrx_word' id='word_1_375' title='bbox 366 4325 653 4380; x_wconf 89' lang='lat' dir='ltr'>mittenda</span> <span class='ocrx_word' id='word_1_376' title='bbox 683 4329 842 4381; x_wconf 91' lang='lat' dir='ltr'>sunt.</span> <span class='ocrx_word' id='word_1_377' title='bbox 886 4331 958 4381; x_wconf 79' lang='grc' dir='ltr'>Α.</span> <span class='ocrx_word' id='word_1_378' title='bbox 992 4326 1275 4392; x_wconf 90' lang='lat' dir='ltr'>Quoniam</span> <span class='ocrx_word' id='word_1_379' title='bbox 1326 4331 1381 4381; x_wconf 89' lang='lat' dir='ltr'>te</span> <span class='ocrx_word' id='word_1_380' title='bbox 1424 4326 1588 4382; x_wconf 91' lang='lat' dir='ltr'>video</span> <span class='ocrx_word' id='word_1_381' title='bbox 1629 4342 1756 4382; x_wconf 87' lang='lat' dir='ltr'>esse</span> <span class='ocrx_word' id='word_1_382' title='bbox 1793 4327 2012 4381; x_wconf 87' lang='lat' dir='ltr'>doctis—</span> 
     </span>
    </p>
   </div>
   <div class='ocr_carea' id='block_1_53' title="bbox 2184 1837 3761 1910">
    <p class='ocr_par' dir='ltr' id='par_1_53' title="bbox 2184 1837 3761 1910">
     <span class='ocr_line' id='line_1_53' title="bbox 2184 1837 3761 1910; baseline 0.001 -18"><span class='ocrx_word' id='word_1_383' title='bbox 2184 1842 2237 1892; x_wconf 83' lang='lat'>2.</span> <span class='ocrx_word' id='word_1_384' title='bbox 2271 1840 2594 1910; x_wconf 64' lang='lat' dir='ltr'>Exemplum</span> <span class='ocrx_word' id='word_1_385' title='bbox 2624 1856 2654 1892; x_wconf 89' lang='lat' dir='ltr'>e</span> <span class='ocrx_word' id='word_1_386' title='bbox 2683 1840 2747 1893; x_wconf 83' lang='lat' dir='ltr'>N.</span> <span class='ocrx_word' id='word_1_387' title='bbox 2783 1839 2832 1892; x_wconf 89' lang='lat' dir='ltr'>T.</span> <span class='ocrx_word' id='word_1_388' title='bbox 2893 1839 2953 1892; x_wconf 88' lang='lat' dir='ltr'>in</span> <span class='ocrx_word' id='word_1_389' title='bbox 3013 1837 3253 1909; x_wconf 74' lang='lat' dir='ltr'>Aposlnli</span> <span class='ocrx_word' id='word_1_390' title='bbox 3306 1853 3561 1910; x_wconf 77' lang='lat' dir='ltr'>persona.</span> <span class='ocrx_word' id='word_1_391' title='bbox 3599 1863 3670 1879; x_wconf 74' lang='grc' dir='ltr'>-ι</span> <span class='ocrx_word' id='word_1_392' title='bbox 3699 1839 3761 1896; x_wconf 76' lang='grc' dir='ltr'>ε.</span> 
     </span>
    </p>
   </div>
   <div class='ocr_carea' id='block_1_54' title="bbox 2118 1927 3766 1994">
    <p class='ocr_par' dir='ltr' id='par_1_54' title="bbox 2118 1927 3766 1994">
     <span class='ocr_line' id='line_1_54' title="bbox 2118 1927 3766 1994; baseline 0.002 -14"><span class='ocrx_word' id='word_1_393' title='bbox 2118 1932 2196 1980; x_wconf 90' lang='lat' dir='ltr'>Da</span> <span class='ocrx_word' id='word_1_394' title='bbox 2244 1928 2646 1982; x_wconf 88' lang='lat' dir='ltr'>testimonium</span> <span class='ocrx_word' id='word_1_395' title='bbox 2692 1927 2831 1982; x_wconf 87' lang='lat' dir='ltr'>Novi</span> <span class='ocrx_word' id='word_1_396' title='bbox 2879 1927 3284 1994; x_wconf 89' lang='lat' dir='ltr'>Instrumenti,</span> <span class='ocrx_word' id='word_1_397' title='bbox 3332 1927 3431 1982; x_wconf 88' lang='lat' dir='ltr'>ubi</span> <span class='ocrx_word' id='word_1_398' title='bbox 3475 1944 3656 1994; x_wconf 91' lang='lat' dir='ltr'>error,</span> <span class='ocrx_word' id='word_1_399' title='bbox 3702 1932 3766 1983; x_wconf 88' lang='lat' dir='ltr'>et</span> 
     </span>
    </p>
   </div>
   <div class='ocr_carea' id='block_1_55' title="bbox 2117 2014 3764 2087">
    <p class='ocr_par' dir='ltr' id='par_1_55' title="bbox 2117 2014 3764 2087">
     <span class='ocr_line' id='line_1_55' title="bbox 2117 2014 3764 2087; baseline 0.001 -19"><span class='ocrx_word' id='word_1_400' title='bbox 2117 2016 2464 2087; x_wconf 89' lang='lat' dir='ltr'>ignorantia,</span> <span class='ocrx_word' id='word_1_401' title='bbox 2499 2020 2555 2070; x_wconf 89' lang='lat' dir='ltr'>et</span> <span class='ocrx_word' id='word_1_402' title='bbox 2583 2015 3030 2086; x_wconf 89' lang='lat' dir='ltr'>impossibilitas</span> <span class='ocrx_word' id='word_1_403' title='bbox 3079 2016 3340 2071; x_wconf 86' lang='lat' dir='ltr'>mandati</span> <span class='ocrx_word' id='word_1_404' title='bbox 3394 2019 3656 2072; x_wconf 87' lang='lat' dir='ltr'>teneatur</span> <span class='ocrx_word' id='word_1_405' title='bbox 3697 2014 3764 2070; x_wconf 88' lang='lat' dir='ltr'>in</span> 
     </span>
    </p>
   </div>
   <div class='ocr_carea' id='block_1_56' title="bbox 2117 2103 3767 2176">
    <p class='ocr_par' dir='ltr' id='par_1_56' title="bbox 2117 2103 3767 2176">
     <span class='ocr_line' id='line_1_56' title="bbox 2117 2103 3767 2176; baseline 0 -16"><span class='ocrx_word' id='word_1_406' title='bbox 2117 2105 2379 2160; x_wconf 90' lang='lat' dir='ltr'>crimine.</span> <span class='ocrx_word' id='word_1_407' title='bbox 2413 2107 2474 2160; x_wconf 90' lang='lat' dir='ltr'>A.</span> <span class='ocrx_word' id='word_1_408' title='bbox 2507 2105 2628 2160; x_wconf 92' lang='lat' dir='ltr'>Non</span> <span class='ocrx_word' id='word_1_409' title='bbox 2661 2122 2896 2160; x_wconf 85' lang='lat' dir='ltr'>necesse</span> <span class='ocrx_word' id='word_1_410' title='bbox 2925 2110 3016 2160; x_wconf 91' lang='lat' dir='ltr'>est</span> <span class='ocrx_word' id='word_1_411' title='bbox 3046 2105 3233 2160; x_wconf 88' lang='lat' dir='ltr'>multa</span> <span class='ocrx_word' id='word_1_412' title='bbox 3264 2105 3540 2176; x_wconf 90' lang='lat' dir='ltr'>proferre.</span> <span class='ocrx_word' id='word_1_413' title='bbox 3567 2103 3767 2160; x_wconf 82' lang='lat' dir='ltr'>Unum</span> 
     </span>
    </p>
   </div>
   <div class='ocr_carea' id='block_1_57' title="bbox 2117 2190 3770 2264">
    <p class='ocr_par' dir='ltr' id='par_1_57' title="bbox 2117 2190 3770 2264">
     <span class='ocr_line' id='line_1_57' title="bbox 2117 2190 3770 2264; baseline 0 -18"><span class='ocrx_word' id='word_1_414' title='bbox 2117 2194 2428 2264; x_wconf 87' lang='lat' dir='ltr'>proferam,</span> <span class='ocrx_word' id='word_1_415' title='bbox 2461 2193 2555 2248; x_wconf 89' lang='lat' dir='ltr'>cui</span> <span class='ocrx_word' id='word_1_416' title='bbox 2588 2199 2742 2247; x_wconf 86' lang='lat' dir='ltr'>certe</span> <span class='ocrx_word' id='word_1_417' title='bbox 2789 2191 3186 2248; x_wconf 88' lang='lat' dir='ltr'>contradicere</span> <span class='ocrx_word' id='word_1_418' title='bbox 3230 2208 3346 2247; x_wconf 90' lang='lat' dir='ltr'>non</span> <span class='ocrx_word' id='word_1_419' title='bbox 3378 2190 3618 2264; x_wconf 89' lang='lat' dir='ltr'>poteris.</span> <span class='ocrx_word' id='word_1_420' title='bbox 3651 2191 3770 2247; x_wconf 89' lang='lat' dir='ltr'>Vas</span> 
     </span>
    </p>
   </div>
   <div class='ocr_carea' id='block_1_58' title="bbox 2117 2279 3767 2354">
    <p class='ocr_par' dir='ltr' id='par_1_58' title="bbox 2117 2279 3767 2354">
     <span class='ocr_line' id='line_1_58' title="bbox 2117 2279 3767 2354; baseline 0 -18"><span class='ocrx_word' id='word_1_421' title='bbox 2117 2281 2414 2337; x_wconf 88' lang='lat' dir='ltr'>electionis</span> <span class='ocrx_word' id='word_1_422' title='bbox 2448 2282 2751 2354; x_wconf 83' lang='lat' dir='ltr'>perspicue</span> <span class='ocrx_word' id='word_1_423' title='bbox 2802 2280 3104 2352; x_wconf 82' lang='lat' dir='ltr'>loquitur:</span> <span class='ocrx_word' id='word_1_424' title='bbox 3170 2303 3190 2328; x_wconf 80' lang='grc' dir='ltr'>ι</span> <span class='ocrx_word' id='word_1_425' title='bbox 3253 2279 3567 2336; x_wconf 88' lang='lat' dir='ltr'>Consentio</span> <span class='ocrx_word' id='word_1_426' title='bbox 3609 2279 3767 2336; x_wconf 81' lang='lat' dir='ltr'>enim</span> 
     </span>
    </p>
   </div>
   <div class='ocr_carea' id='block_1_59' title="bbox 2117 2368 3769 2442">
    <p class='ocr_par' dir='ltr' id='par_1_59' title="bbox 2117 2368 3769 2442">
     <span class='ocr_line' id='line_1_59' title="bbox 2117 2368 3769 2442; baseline 0.001 -18"><span class='ocrx_word' id='word_1_427' title='bbox 2117 2370 2230 2442; x_wconf 88' lang='lat' dir='ltr'>legi</span> <span class='ocrx_word' id='word_1_428' title='bbox 2262 2371 2360 2424; x_wconf 90' lang='lat' dir='ltr'>Dei</span> <span class='ocrx_word' id='word_1_429' title='bbox 2387 2372 2557 2441; x_wconf 86' lang='lat' dir='ltr'>juxta</span> <span class='ocrx_word' id='word_1_430' title='bbox 2589 2369 2922 2425; x_wconf 90' lang='lat' dir='ltr'>interiorem</span> <span class='ocrx_word' id='word_1_431' title='bbox 2970 2369 3293 2424; x_wconf 82' lang='lat' dir='ltr'>hominem.</span> <span class='ocrx_word' id='word_1_432' title='bbox 3340 2368 3522 2425; x_wconf 80' lang='lat' dir='ltr'>Video</span> <span class='ocrx_word' id='word_1_433' title='bbox 3569 2375 3769 2426; x_wconf 82' lang='lat' dir='ltr'>autem</span> 
     </span>
    </p>
   </div>
   <div class='ocr_carea' id='block_1_60' title="bbox 2117 2455 3771 2532">
    <p class='ocr_par' dir='ltr' id='par_1_60' title="bbox 2117 2455 3771 2532">
     <span class='ocr_line' id='line_1_60' title="bbox 2117 2455 3771 2532; baseline -0.002 -18"><span class='ocrx_word' id='word_1_434' title='bbox 2117 2459 2294 2514; x_wconf 86' lang='lat' dir='ltr'>aliam</span> <span class='ocrx_word' id='word_1_435' title='bbox 2325 2458 2512 2532; x_wconf 89' lang='lat' dir='ltr'>legem</span> <span class='ocrx_word' id='word_1_436' title='bbox 2546 2459 2602 2514; x_wconf 91' lang='lat' dir='ltr'>in</span> <span class='ocrx_word' id='word_1_437' title='bbox 2654 2458 2936 2513; x_wconf 91' lang='lat' dir='ltr'>membris</span> <span class='ocrx_word' id='word_1_438' title='bbox 2988 2458 3154 2525; x_wconf 91' lang='lat' dir='ltr'>meis,</span> <span class='ocrx_word' id='word_1_439' title='bbox 3199 2461 3623 2530; x_wconf 87' lang='lat' dir='ltr'>repugnantem</span> <span class='ocrx_word' id='word_1_440' title='bbox 3653 2455 3771 2530; x_wconf 83' lang='lat' dir='ltr'>legi</span> 
     </span>
    </p>
   </div>
   <div class='ocr_carea' id='block_1_61' title="bbox 2119 2545 3768 2620">
    <p class='ocr_par' dir='ltr' id='par_1_61' title="bbox 2119 2545 3768 2620">
     <span class='ocr_line' id='line_1_61' title="bbox 2119 2545 3768 2620; baseline -0.001 -19"><span class='ocrx_word' id='word_1_441' title='bbox 2119 2547 2331 2602; x_wconf 89' lang='lat' dir='ltr'>mentis</span> <span class='ocrx_word' id='word_1_442' title='bbox 2363 2565 2526 2613; x_wconf 64' lang='lat' dir='ltr'>mem,</span> <span class='ocrx_word' id='word_1_443' title='bbox 2573 2552 2629 2603; x_wconf 89' lang='lat' dir='ltr'>et</span> <span class='ocrx_word' id='word_1_444' title='bbox 2670 2548 3058 2620; x_wconf 88' lang='lat' dir='ltr'>captivantem</span> <span class='ocrx_word' id='word_1_445' title='bbox 3109 2563 3201 2601; x_wconf 90' lang='lat' dir='ltr'>me</span> <span class='ocrx_word' id='word_1_446' title='bbox 3246 2545 3306 2600; x_wconf 93' lang='lat' dir='ltr'>in</span> <span class='ocrx_word' id='word_1_447' title='bbox 3357 2545 3487 2618; x_wconf 90' lang='lat' dir='ltr'>lege</span> <span class='ocrx_word' id='word_1_448' title='bbox 3521 2546 3768 2617; x_wconf 85' lang='lat' dir='ltr'>peccati,</span> 
     </span>
    </p>
   </div>
   <div class='ocr_carea' id='block_1_62' title="bbox 2118 2635 3770 2708">
    <p class='ocr_par' dir='ltr' id='par_1_62' title="bbox 2118 2635 3770 2708">
     <span class='ocr_line' id='line_1_62' title="bbox 2118 2635 3770 2708; baseline 0.001 -18"><span class='ocrx_word' id='word_1_449' title='bbox 2118 2653 2244 2708; x_wconf 75' lang='lat' dir='ltr'>quae</span> <span class='ocrx_word' id='word_1_450' title='bbox 2280 2641 2370 2692; x_wconf 87' lang='lat' dir='ltr'>est</span> <span class='ocrx_word' id='word_1_451' title='bbox 2399 2638 2457 2692; x_wconf 92' lang='lat' dir='ltr'>in</span> <span class='ocrx_word' id='word_1_452' title='bbox 2489 2636 2770 2692; x_wconf 89' lang='lat' dir='ltr'>membris</span> <span class='ocrx_word' id='word_1_453' title='bbox 2809 2637 2977 2692; x_wconf 87' lang='lat' dir='ltr'>meis.</span> <span class='ocrx_word' id='word_1_454' title='bbox 3029 2635 3200 2691; x_wconf 86' lang='lat' dir='ltr'>Miser</span> <span class='ocrx_word' id='word_1_455' title='bbox 3247 2652 3352 2708; x_wconf 89' lang='lat' dir='ltr'>ego</span> <span class='ocrx_word' id='word_1_456' title='bbox 3400 2635 3598 2702; x_wconf 91' lang='lat' dir='ltr'>homo,</span> <span class='ocrx_word' id='word_1_457' title='bbox 3633 2635 3770 2706; x_wconf 89' lang='lat' dir='ltr'>quis</span> 
     </span>
    </p>
   </div>
   <div class='ocr_carea' id='block_1_63' title="bbox 2120 2723 3766 2796">
    <p class='ocr_par' dir='ltr' id='par_1_63' title="bbox 2120 2723 3766 2796">
     <span class='ocr_line' id='line_1_63' title="bbox 2120 2723 3766 2796; baseline 0 -18"><span class='ocrx_word' id='word_1_458' title='bbox 2120 2742 2210 2779; x_wconf 89' lang='lat' dir='ltr'>me</span> <span class='ocrx_word' id='word_1_459' title='bbox 2243 2725 2513 2781; x_wconf 86' lang='lat' dir='ltr'>liberabit</span> <span class='ocrx_word' id='word_1_460' title='bbox 2537 2727 2608 2781; x_wconf 89' lang='lat' dir='ltr'>de</span> <span class='ocrx_word' id='word_1_461' title='bbox 2639 2742 2877 2796; x_wconf 90' lang='lat' dir='ltr'>corpore</span> <span class='ocrx_word' id='word_1_462' title='bbox 2908 2724 3112 2780; x_wconf 89' lang='lat' dir='ltr'>mortis</span> <span class='ocrx_word' id='word_1_463' title='bbox 3159 2724 3339 2795; x_wconf 84' lang='lat' dir='ltr'>hujus</span> <span class='ocrx_word' id='word_1_464' title='bbox 3364 2723 3392 2778; x_wconf 72' lang='lat' dir='ltr'><strong>‘P</strong></span> <span class='ocrx_word' id='word_1_465' title='bbox 3434 2723 3629 2779; x_wconf 82' lang='lat' dir='ltr'>Gratia</span> <span class='ocrx_word' id='word_1_466' title='bbox 3661 2723 3766 2780; x_wconf 90' lang='lat' dir='ltr'>Dei</span> 
     </span>
    </p>
   </div>
   <div class='ocr_carea' id='block_1_64' title="bbox 2120 2813 3766 2885">
    <p class='ocr_par' dir='ltr' id='par_1_64' title="bbox 2120 2813 3766 2885">
     <span class='ocr_line' id='line_1_64' title="bbox 2120 2813 3766 2885; baseline -0.001 -17"><span class='ocrx_word' id='word_1_467' title='bbox 2120 2830 2220 2885; x_wconf 89' lang='lat' dir='ltr'>per</span> <span class='ocrx_word' id='word_1_468' title='bbox 2251 2814 2455 2868; x_wconf 88' lang='lat' dir='ltr'>Jesum</span> <span class='ocrx_word' id='word_1_469' title='bbox 2487 2814 2786 2869; x_wconf 88' lang='lat' dir='ltr'>Christum</span> <span class='ocrx_word' id='word_1_470' title='bbox 2818 2813 3132 2870; x_wconf 89' lang='lat' dir='ltr'>Dominum</span> <span class='ocrx_word' id='word_1_471' title='bbox 3164 2817 3431 2868; x_wconf 91' lang='lat' dir='ltr'>nostrum</span> <span class='ocrx_word' id='word_1_472' title='bbox 3463 2813 3637 2883; x_wconf 83' lang='lat' dir='ltr'>(Rom.</span> <span class='ocrx_word' id='word_1_473' title='bbox 3663 2830 3766 2881; x_wconf 82' lang='lat' dir='ltr'>vn,</span> 
     </span>
    </p>
   </div>
   <div class='ocr_carea' id='block_1_65' title="bbox 2117 2901 3766 2974">
    <p class='ocr_par' dir='ltr' id='par_1_65' title="bbox 2117 2901 3766 2974">
     <span class='ocr_line' id='line_1_65' title="bbox 2117 2901 3766 2974; baseline 0.002 -19"><span class='ocrx_word' id='word_1_474' title='bbox 2117 2904 2188 2955; x_wconf 86' lang='lat'><strong><em>22</em></strong></span> <span class='ocrx_word' id='word_1_475' title='bbox 2217 2919 2359 2974; x_wconf 87' lang='lat' dir='ltr'>seqq.</span> <span class='ocrx_word' id='word_1_476' title='bbox 2396 2903 2433 2973; x_wconf 93' lang='lat'>).</span> <span class='ocrx_word' id='word_1_477' title='bbox 2482 2926 2509 2951; x_wconf 85' lang='lat'>»</span> <span class='ocrx_word' id='word_1_478' title='bbox 2557 2903 2610 2958; x_wconf 88' lang='lat' dir='ltr'>C.</span> <span class='ocrx_word' id='word_1_479' title='bbox 2658 2901 2954 2957; x_wconf 89' lang='lat' dir='ltr'>Protulisti</span> <span class='ocrx_word' id='word_1_480' title='bbox 2999 2901 3426 2965; x_wconf 89' lang='lat' dir='ltr'>testimonium,</span> <span class='ocrx_word' id='word_1_481' title='bbox 3472 2901 3628 2972; x_wconf 90' lang='lat' dir='ltr'>quod</span> <span class='ocrx_word' id='word_1_482' title='bbox 3657 2917 3766 2973; x_wconf 86' lang='lat' dir='ltr'>pro</span> 
     </span>
    </p>
   </div>
   <div class='ocr_carea' id='block_1_66' title="bbox 2125 2990 3769 3064">
    <p class='ocr_par' dir='ltr' id='par_1_66' title="bbox 2125 2990 3769 3064">
     <span class='ocr_line' id='line_1_66' title="bbox 2125 2990 3769 3064; baseline 0 -19"><span class='ocrx_word' id='word_1_483' title='bbox 2125 3008 2215 3045; x_wconf 91' lang='lat' dir='ltr'>me</span> <span class='ocrx_word' id='word_1_484' title='bbox 2247 2991 2402 3047; x_wconf 83' lang='lat' dir='ltr'>facit.</span> <span class='ocrx_word' id='word_1_485' title='bbox 2439 2991 2690 3046; x_wconf 90' lang='lat' dir='ltr'>Liberati</span> <span class='ocrx_word' id='word_1_486' title='bbox 2748 3008 2882 3064; x_wconf 86' lang='lat' dir='ltr'>ergo</span> <span class='ocrx_word' id='word_1_487' title='bbox 2936 2993 3007 3046; x_wconf 90' lang='lat' dir='ltr'>de</span> <span class='ocrx_word' id='word_1_488' title='bbox 3064 3007 3301 3063; x_wconf 91' lang='lat' dir='ltr'>corpore</span> <span class='ocrx_word' id='word_1_489' title='bbox 3330 2990 3512 3059; x_wconf 85' lang='lat' dir='ltr'>huius</span> <span class='ocrx_word' id='word_1_490' title='bbox 3560 2990 3769 3046; x_wconf 86' lang='lat' dir='ltr'>mortis</span> 
     </span>
    </p>
   </div>
   <div class='ocr_carea' id='block_1_67' title="bbox 2123 3079 3773 3152">
    <p class='ocr_par' dir='ltr' id='par_1_67' title="bbox 2123 3079 3773 3152">
     <span class='ocr_line' id='line_1_67' title="bbox 2123 3079 3773 3152; baseline 0.001 -18"><span class='ocrx_word' id='word_1_491' title='bbox 2123 3096 2222 3152; x_wconf 89' lang='lat' dir='ltr'>per</span> <span class='ocrx_word' id='word_1_492' title='bbox 2253 3081 2498 3152; x_wconf 86' lang='lat' dir='ltr'>gratiam</span> <span class='ocrx_word' id='word_1_493' title='bbox 2551 3080 2781 3136; x_wconf 88' lang='lat' dir='ltr'>Domini</span> <span class='ocrx_word' id='word_1_494' title='bbox 2834 3080 3019 3136; x_wconf 89' lang='lat' dir='ltr'>nostri</span> <span class='ocrx_word' id='word_1_495' title='bbox 3066 3081 3206 3136; x_wconf 89' lang='lat' dir='ltr'>Jesu</span> <span class='ocrx_word' id='word_1_496' title='bbox 3260 3079 3497 3147; x_wconf 88' lang='lat' dir='ltr'>Christi,</span> <span class='ocrx_word' id='word_1_497' title='bbox 3543 3095 3773 3152; x_wconf 81' lang='lat' dir='ltr'>nequa-</span> 
     </span>
    </p>
   </div>
   <div class='ocr_carea' id='block_1_68' title="bbox 2123 3168 3771 3241">
    <p class='ocr_par' dir='ltr' id='par_1_68' title="bbox 2123 3168 3771 3241">
     <span class='ocr_line' id='line_1_68' title="bbox 2123 3168 3771 3241; baseline 0.001 -18"><span class='ocrx_word' id='word_1_498' title='bbox 2123 3185 2299 3240; x_wconf 90' lang='lat' dir='ltr'>quam</span> <span class='ocrx_word' id='word_1_499' title='bbox 2332 3169 2485 3224; x_wconf 91' lang='lat' dir='ltr'>ultra</span> <span class='ocrx_word' id='word_1_500' title='bbox 2533 3185 2769 3241; x_wconf 89' lang='lat' dir='ltr'>peccare</span> <span class='ocrx_word' id='word_1_501' title='bbox 2813 3169 3117 3225; x_wconf 90' lang='lat' dir='ltr'>debemus.</span> <span class='ocrx_word' id='word_1_502' title='bbox 3150 3171 3212 3224; x_wconf 83' lang='lat' dir='ltr'>A.</span> <span class='ocrx_word' id='word_1_503' title='bbox 3247 3168 3497 3224; x_wconf 90' lang='lat' dir='ltr'>Liberati</span> <span class='ocrx_word' id='word_1_504' title='bbox 3529 3169 3771 3239; x_wconf 85' lang='lat' dir='ltr'>quidem</span> 
     </span>
    </p>
   </div>
   <div class='ocr_carea' id='block_1_69' title="bbox 2123 3257 3770 3329">
    <p class='ocr_par' dir='ltr' id='par_1_69' title="bbox 2123 3257 3770 3329">
     <span class='ocr_line' id='line_1_69' title="bbox 2123 3257 3770 3329; baseline 0.001 -18"><span class='ocrx_word' id='word_1_505' title='bbox 2123 3274 2330 3312; x_wconf 90' lang='lat' dir='ltr'>sumus</span> <span class='ocrx_word' id='word_1_506' title='bbox 2363 3257 2654 3329; x_wconf 89' lang='lat' dir='ltr'>baptismo</span> <span class='ocrx_word' id='word_1_507' title='bbox 2685 3257 3023 3314; x_wconf 89' lang='lat' dir='ltr'>Salvatoris.</span> <span class='ocrx_word' id='word_1_508' title='bbox 3058 3257 3172 3313; x_wconf 89' lang='lat' dir='ltr'>Sed</span> <span class='ocrx_word' id='word_1_509' title='bbox 3220 3257 3278 3312; x_wconf 88' lang='lat' dir='ltr'>id</span> <span class='ocrx_word' id='word_1_510' title='bbox 3312 3257 3456 3312; x_wconf 90' lang='lat' dir='ltr'>mihi</span> <span class='ocrx_word' id='word_1_511' title='bbox 3488 3257 3770 3323; x_wconf 85' lang='lat' dir='ltr'>edissere,</span> 
     </span>
    </p>
   </div>
   <div class='ocr_carea' id='block_1_70' title="bbox 2123 3345 3771 3418">
    <p class='ocr_par' dir='ltr' id='par_1_70' title="bbox 2123 3345 3771 3418">
     <span class='ocr_line' id='line_1_70' title="bbox 2123 3345 3771 3418; baseline 0 -18"><span class='ocrx_word' id='word_1_512' title='bbox 2123 3363 2300 3418; x_wconf 87' lang='lat' dir='ltr'>quare</span> <span class='ocrx_word' id='word_1_513' title='bbox 2349 3346 2592 3402; x_wconf 88' lang='lat' dir='ltr'>dixerit:</span> <span class='ocrx_word' id='word_1_514' title='bbox 2641 3370 2666 3396; x_wconf 88' lang='grc'>‹‹</span> <span class='ocrx_word' id='word_1_515' title='bbox 2713 3346 2894 3402; x_wconf 87' lang='lat' dir='ltr'>Videa</span> <span class='ocrx_word' id='word_1_516' title='bbox 2923 3345 3098 3401; x_wconf 91' lang='lat' dir='ltr'>aliam</span> <span class='ocrx_word' id='word_1_517' title='bbox 3149 3345 3339 3418; x_wconf 88' lang='lat' dir='ltr'>legem</span> <span class='ocrx_word' id='word_1_518' title='bbox 3384 3346 3442 3401; x_wconf 91' lang='lat' dir='ltr'>in</span> <span class='ocrx_word' id='word_1_519' title='bbox 3485 3346 3771 3402; x_wconf 88' lang='lat' dir='ltr'>membris</span> 
     </span>
    </p>
   </div>
   <div class='ocr_carea' id='block_1_71' title="bbox 2123 3435 3770 3509">
    <p class='ocr_par' dir='ltr' id='par_1_71' title="bbox 2123 3435 3770 3509">
     <span class='ocr_line' id='line_1_71' title="bbox 2123 3435 3770 3509; baseline 0.001 -20"><span class='ocrx_word' id='word_1_520' title='bbox 2123 3435 2270 3490; x_wconf 90' lang='lat' dir='ltr'>meis</span> <span class='ocrx_word' id='word_1_521' title='bbox 2292 3441 2718 3508; x_wconf 89' lang='lat' dir='ltr'>repugnantem</span> <span class='ocrx_word' id='word_1_522' title='bbox 2740 3435 2851 3509; x_wconf 91' lang='lat' dir='ltr'>legi</span> <span class='ocrx_word' id='word_1_523' title='bbox 2875 3436 3090 3491; x_wconf 87' lang='lat' dir='ltr'>mentis</span> <span class='ocrx_word' id='word_1_524' title='bbox 3113 3452 3274 3502; x_wconf 65' lang='lat' dir='ltr'>meae,</span> <span class='ocrx_word' id='word_1_525' title='bbox 3299 3439 3358 3491; x_wconf 90' lang='lat' dir='ltr'>et</span> <span class='ocrx_word' id='word_1_526' title='bbox 3377 3435 3770 3508; x_wconf 85' lang='lat' dir='ltr'>captivantem</span> 
     </span>
    </p>
   </div>
   <div class='ocr_carea' id='block_1_72' title="bbox 2125 3524 3762 3598">
    <p class='ocr_par' dir='ltr' id='par_1_72' title="bbox 2125 3524 3762 3598">
     <span class='ocr_line' id='line_1_72' title="bbox 2125 3524 3762 3598; baseline -0.001 -19"><span class='ocrx_word' id='word_1_527' title='bbox 2125 3541 2215 3580; x_wconf 90' lang='lat' dir='ltr'>mc</span> <span class='ocrx_word' id='word_1_528' title='bbox 2246 3527 2303 3579; x_wconf 92' lang='lat' dir='ltr'>in</span> <span class='ocrx_word' id='word_1_529' title='bbox 2335 3525 2460 3597; x_wconf 89' lang='lat' dir='ltr'>lege</span> <span class='ocrx_word' id='word_1_530' title='bbox 2493 3525 2730 3597; x_wconf 87' lang='lat' dir='ltr'>peccati,</span> <span class='ocrx_word' id='word_1_531' title='bbox 2767 3542 2892 3598; x_wconf 81' lang='lat' dir='ltr'>quae</span> <span class='ocrx_word' id='word_1_532' title='bbox 2952 3524 3010 3579; x_wconf 91' lang='lat' dir='ltr'>in</span> <span class='ocrx_word' id='word_1_533' title='bbox 3065 3524 3344 3580; x_wconf 90' lang='lat' dir='ltr'>membris</span> <span class='ocrx_word' id='word_1_534' title='bbox 3399 3525 3547 3581; x_wconf 89' lang='lat' dir='ltr'>meis</span> <span class='ocrx_word' id='word_1_535' title='bbox 3594 3529 3702 3581; x_wconf 89' lang='lat' dir='ltr'>est.</span> <span class='ocrx_word' id='word_1_536' title='bbox 3739 3549 3762 3577; x_wconf 75' lang='grc' dir='ltr'><strong><em>ι</em></strong></span> 
     </span>
    </p>
   </div>
   <div class='ocr_carea' id='block_1_73' title="bbox 2121 3613 3774 3687">
    <p class='ocr_par' dir='ltr' id='par_1_73' title="bbox 2121 3613 3774 3687">
     <span class='ocr_line' id='line_1_73' title="bbox 2121 3613 3774 3687; baseline 0.001 -18"><span class='ocrx_word' id='word_1_537' title='bbox 2121 3615 2253 3678; x_wconf 70' lang='lat' dir='ltr'>Qua:</span> <span class='ocrx_word' id='word_1_538' title='bbox 2284 3620 2373 3670; x_wconf 89' lang='lat' dir='ltr'>est</span> <span class='ocrx_word' id='word_1_539' title='bbox 2403 3614 2516 3670; x_wconf 89' lang='lat' dir='ltr'>ista</span> <span class='ocrx_word' id='word_1_540' title='bbox 2563 3613 2654 3670; x_wconf 87' lang='lat' dir='ltr'>lex</span> <span class='ocrx_word' id='word_1_541' title='bbox 2696 3631 2947 3687; x_wconf 85' lang='lat' dir='ltr'>regnans</span> <span class='ocrx_word' id='word_1_542' title='bbox 2976 3613 3036 3668; x_wconf 90' lang='lat' dir='ltr'>in</span> <span class='ocrx_word' id='word_1_543' title='bbox 3069 3613 3352 3670; x_wconf 89' lang='lat' dir='ltr'>membris</span> <span class='ocrx_word' id='word_1_544' title='bbox 3399 3613 3682 3682; x_wconf 90' lang='lat' dir='ltr'>hominis,</span> <span class='ocrx_word' id='word_1_545' title='bbox 3713 3617 3774 3670; x_wconf 85' lang='lat' dir='ltr'>et</span> 
     </span>
    </p>
   </div>
   <div class='ocr_carea' id='block_1_74' title="bbox 2123 3703 3768 3776">
    <p class='ocr_par' dir='ltr' id='par_1_74' title="bbox 2123 3703 3768 3776">
     <span class='ocr_line' id='line_1_74' title="bbox 2123 3703 3768 3776; baseline 0.001 -19"><span class='ocrx_word' id='word_1_546' title='bbox 2123 3720 2458 3776; x_wconf 88' lang='lat' dir='ltr'>repugnans</span> <span class='ocrx_word' id='word_1_547' title='bbox 2490 3703 2602 3776; x_wconf 91' lang='lat' dir='ltr'>legi</span> <span class='ocrx_word' id='word_1_548' title='bbox 2637 3703 2849 3759; x_wconf 89' lang='lat' dir='ltr'>mentis</span> <span class='ocrx_word' id='word_1_549' title='bbox 2880 3705 3008 3774; x_wconf 90' lang='lat' dir='ltr'>ejus</span> <span class='ocrx_word' id='word_1_550' title='bbox 3027 3704 3054 3757; x_wconf 76' lang='lat' dir='ltr'>‘l</span> <span class='ocrx_word' id='word_1_551' title='bbox 3073 3703 3379 3775; x_wconf 85' lang='lat' dir='ltr'>Responde</span> <span class='ocrx_word' id='word_1_552' title='bbox 3398 3703 3768 3776; x_wconf 86' lang='lat' dir='ltr'>simpliciter.</span> 
     </span>
    </p>
   </div>
   <div class='ocr_carea' id='block_1_75' title="bbox 2122 3792 3771 3865">
    <p class='ocr_par' dir='ltr' id='par_1_75' title="bbox 2122 3792 3771 3865">
     <span class='ocr_line' id='line_1_75' title="bbox 2122 3792 3771 3865; baseline -0.001 -18"><span class='ocrx_word' id='word_1_553' title='bbox 2122 3793 2302 3848; x_wconf 85' lang='lat' dir='ltr'>Taces</span> <span class='ocrx_word' id='word_1_554' title='bbox 2322 3792 2349 3846; x_wconf 85' lang='lat'><strong><em>?</em></strong></span> <span class='ocrx_word' id='word_1_555' title='bbox 2377 3793 2525 3848; x_wconf 91' lang='lat' dir='ltr'>Audi</span> <span class='ocrx_word' id='word_1_556' title='bbox 2559 3795 2832 3848; x_wconf 90' lang='lat' dir='ltr'>eumdem</span> <span class='ocrx_word' id='word_1_557' title='bbox 2863 3792 3209 3865; x_wconf 84' lang='lat' dir='ltr'>Apostolum</span> <span class='ocrx_word' id='word_1_558' title='bbox 3233 3792 3602 3864; x_wconf 87' lang='lat' dir='ltr'>apertissime</span> <span class='ocrx_word' id='word_1_559' title='bbox 3623 3809 3771 3864; x_wconf 65' lang='lat' dir='ltr'>prae-</span> 
     </span>
    </p>
   </div>
   <div class='ocr_carea' id='block_1_76' title="bbox 2122 3881 3769 3954">
    <p class='ocr_par' dir='ltr' id='par_1_76' title="bbox 2122 3881 3769 3954">
     <span class='ocr_line' id='line_1_76' title="bbox 2122 3881 3769 3954; baseline -0.001 -18"><span class='ocrx_word' id='word_1_560' title='bbox 2122 3881 2452 3937; x_wconf 89' lang='lat' dir='ltr'>dicantem:</span> <span class='ocrx_word' id='word_1_561' title='bbox 2497 3902 2517 3930; x_wconf 76' lang='grc' dir='ltr'>ι</span> <span class='ocrx_word' id='word_1_562' title='bbox 2575 3883 2737 3947; x_wconf 85' lang='lat' dir='ltr'>Quod</span> <span class='ocrx_word' id='word_1_563' title='bbox 2795 3881 2949 3937; x_wconf 92' lang='lat' dir='ltr'>enim</span> <span class='ocrx_word' id='word_1_564' title='bbox 3008 3897 3236 3954; x_wconf 85' lang='lat' dir='ltr'>operor,</span> <span class='ocrx_word' id='word_1_565' title='bbox 3297 3899 3413 3937; x_wconf 92' lang='lat' dir='ltr'>non</span> <span class='ocrx_word' id='word_1_566' title='bbox 3459 3897 3769 3954; x_wconf 86' lang='lat' dir='ltr'>cognosco.</span> 
     </span>
    </p>
   </div>
   <div class='ocr_carea' id='block_1_77' title="bbox 2121 3967 3770 4043">
    <p class='ocr_par' dir='ltr' id='par_1_77' title="bbox 2121 3967 3770 4043">
     <span class='ocr_line' id='line_1_77' title="bbox 2121 3967 3770 4043; baseline -0.001 -18"><span class='ocrx_word' id='word_1_567' title='bbox 2121 3971 2246 4026; x_wconf 85' lang='lat' dir='ltr'>Non</span> <span class='ocrx_word' id='word_1_568' title='bbox 2277 3971 2433 4026; x_wconf 90' lang='lat' dir='ltr'>enim</span> <span class='ocrx_word' id='word_1_569' title='bbox 2460 3972 2616 4042; x_wconf 92' lang='lat' dir='ltr'>quod</span> <span class='ocrx_word' id='word_1_570' title='bbox 2647 3971 2795 4037; x_wconf 91' lang='lat' dir='ltr'>volo,</span> <span class='ocrx_word' id='word_1_571' title='bbox 2828 3988 3069 4043; x_wconf 88' lang='lat' dir='ltr'>operor:</span> <span class='ocrx_word' id='word_1_572' title='bbox 3126 3971 3227 4026; x_wconf 86' lang='lat' dir='ltr'>sed</span> <span class='ocrx_word' id='word_1_573' title='bbox 3283 3970 3437 4042; x_wconf 86' lang='lat' dir='ltr'>quod</span> <span class='ocrx_word' id='word_1_574' title='bbox 3471 3968 3586 4036; x_wconf 85' lang='lat' dir='ltr'>odi,</span> <span class='ocrx_word' id='word_1_575' title='bbox 3611 3967 3770 4024; x_wconf 86' lang='lat' dir='ltr'>illud</span> 
     </span>
    </p>
   </div>
   <div class='ocr_carea' id='block_1_78' title="bbox 2122 4057 3772 4132">
    <p class='ocr_par' dir='ltr' id='par_1_78' title="bbox 2122 4057 3772 4132">
     <span class='ocr_line' id='line_1_78' title="bbox 2122 4057 3772 4132; baseline 0.001 -18"><span class='ocrx_word' id='word_1_576' title='bbox 2122 4061 2290 4116; x_wconf 91' lang='lat' dir='ltr'>facio.</span> <span class='ocrx_word' id='word_1_577' title='bbox 2325 4059 2425 4115; x_wconf 89' lang='lat' dir='ltr'>Sin</span> <span class='ocrx_word' id='word_1_578' title='bbox 2458 4066 2653 4115; x_wconf 89' lang='lat' dir='ltr'>autem</span> <span class='ocrx_word' id='word_1_579' title='bbox 2683 4061 2837 4132; x_wconf 93' lang='lat' dir='ltr'>quod</span> <span class='ocrx_word' id='word_1_580' title='bbox 2871 4059 3026 4128; x_wconf 92' lang='lat' dir='ltr'>nolo,</span> <span class='ocrx_word' id='word_1_581' title='bbox 3073 4061 3182 4115; x_wconf 90' lang='lat' dir='ltr'>hoc</span> <span class='ocrx_word' id='word_1_582' title='bbox 3238 4060 3410 4131; x_wconf 90' lang='lat' dir='ltr'>facio,</span> <span class='ocrx_word' id='word_1_583' title='bbox 3467 4057 3772 4116; x_wconf 88' lang='lat' dir='ltr'>consentio</span> 
     </span>
    </p>
   </div>
   <div class='ocr_carea' id='block_1_79' title="bbox 2122 4149 3771 4221">
    <p class='ocr_par' dir='ltr' id='par_1_79' title="bbox 2122 4149 3771 4221">
     <span class='ocr_line' id='line_1_79' title="bbox 2122 4149 3771 4221; baseline 0.001 -19"><span class='ocrx_word' id='word_1_584' title='bbox 2122 4149 2257 4221; x_wconf 90' lang='lat' dir='ltr'>legi,</span> <span class='ocrx_word' id='word_1_585' title='bbox 2291 4149 2570 4221; x_wconf 86' lang='lat' dir='ltr'>quoniam</span> <span class='ocrx_word' id='word_1_586' title='bbox 2603 4149 2756 4203; x_wconf 89' lang='lat' dir='ltr'>bona</span> <span class='ocrx_word' id='word_1_587' title='bbox 2805 4152 2912 4204; x_wconf 86' lang='lat' dir='ltr'>est.</span> <span class='ocrx_word' id='word_1_588' title='bbox 2967 4149 3134 4204; x_wconf 89' lang='lat' dir='ltr'>Nunc</span> <span class='ocrx_word' id='word_1_589' title='bbox 3164 4154 3362 4205; x_wconf 88' lang='lat' dir='ltr'>autem</span> <span class='ocrx_word' id='word_1_590' title='bbox 3393 4164 3771 4221; x_wconf 87' lang='lat' dir='ltr'>nequaquam</span> 
     </span>
    </p>
   </div>
   <div class='ocr_carea' id='block_1_80' title="bbox 2121 4237 3776 4310">
    <p class='ocr_par' dir='ltr' id='par_1_80' title="bbox 2121 4237 3776 4310">
     <span class='ocr_line' id='line_1_80' title="bbox 2121 4237 3776 4310; baseline 0.001 -18"><span class='ocrx_word' id='word_1_591' title='bbox 2121 4253 2226 4309; x_wconf 93' lang='lat' dir='ltr'>ego</span> <span class='ocrx_word' id='word_1_592' title='bbox 2259 4253 2465 4308; x_wconf 89' lang='lat' dir='ltr'>cperor</span> <span class='ocrx_word' id='word_1_593' title='bbox 2495 4237 2658 4304; x_wconf 90' lang='lat' dir='ltr'>illud,</span> <span class='ocrx_word' id='word_1_594' title='bbox 2692 4238 2792 4294; x_wconf 89' lang='lat' dir='ltr'>sed</span> <span class='ocrx_word' id='word_1_595' title='bbox 2841 4238 2998 4308; x_wconf 90' lang='lat' dir='ltr'>quod</span> <span class='ocrx_word' id='word_1_596' title='bbox 3040 4237 3100 4293; x_wconf 90' lang='lat' dir='ltr'>in</span> <span class='ocrx_word' id='word_1_597' title='bbox 3148 4255 3242 4294; x_wconf 90' lang='lat' dir='ltr'>me</span> <span class='ocrx_word' id='word_1_598' title='bbox 3286 4238 3532 4308; x_wconf 85' lang='lat' dir='ltr'>habitat,</span> <span class='ocrx_word' id='word_1_599' title='bbox 3574 4253 3776 4310; x_wconf 83' lang='lat' dir='ltr'>pecca-</span> 
     </span>
    </p>
   </div>
   <div class='ocr_carea' id='block_1_81' title="bbox 2121 4326 3773 4399">
    <p class='ocr_par' dir='ltr' id='par_1_81' title="bbox 2121 4326 3773 4399">
     <span class='ocr_line' id='line_1_81' title="bbox 2121 4326 3773 4399; baseline 0.001 -18"><span class='ocrx_word' id='word_1_600' title='bbox 2121 4333 2268 4381; x_wconf 91' lang='lat' dir='ltr'>tum.</span> <span class='ocrx_word' id='word_1_601' title='bbox 2305 4327 2434 4382; x_wconf 86' lang='lat' dir='ltr'>Scio</span> <span class='ocrx_word' id='word_1_602' title='bbox 2461 4326 2616 4382; x_wconf 92' lang='lat' dir='ltr'>enim</span> <span class='ocrx_word' id='word_1_603' title='bbox 2666 4328 2821 4399; x_wconf 90' lang='lat' dir='ltr'>quod</span> <span class='ocrx_word' id='word_1_604' title='bbox 2869 4344 2982 4383; x_wconf 92' lang='lat' dir='ltr'>non</span> <span class='ocrx_word' id='word_1_605' title='bbox 3028 4327 3253 4384; x_wconf 87' lang='lat' dir='ltr'>habitat</span> <span class='ocrx_word' id='word_1_606' title='bbox 3300 4328 3360 4382; x_wconf 89' lang='lat' dir='ltr'>in</span> <span class='ocrx_word' id='word_1_607' title='bbox 3409 4343 3502 4383; x_wconf 90' lang='lat' dir='ltr'>me</span> <span class='ocrx_word' id='word_1_608' title='bbox 3540 4327 3650 4383; x_wconf 89' lang='lat' dir='ltr'>hoc</span> <span class='ocrx_word' id='word_1_609' title='bbox 3680 4331 3773 4383; x_wconf 84' lang='lat' dir='ltr'>est</span> 
     </span>
    </p>
   </div>
   <div class='ocr_carea' id='block_1_82' title="bbox 366 4411 3770 4486">
    <p class='ocr_par' dir='ltr' id='par_1_82' title="bbox 366 4411 3770 4486">
     <span class='ocr_line' id='line_1_82' title="bbox 366 4411 3770 4486; baseline 0 -17"><span class='ocrx_word' id='word_1_610' title='bbox 366 4411 608 4479; x_wconf 88' lang='lat' dir='ltr'>simum,</span> <span class='ocrx_word' id='word_1_611' title='bbox 643 4415 735 4470; x_wconf 92' lang='lat' dir='ltr'>dic</span> <span class='ocrx_word' id='word_1_612' title='bbox 767 4415 910 4468; x_wconf 90' lang='lat' dir='ltr'>mihi</span> <span class='ocrx_word' id='word_1_613' title='bbox 940 4431 1066 4486; x_wconf 65' lang='lat' dir='ltr'>qua:</span> <span class='ocrx_word' id='word_1_614' title='bbox 1098 4416 1169 4470; x_wconf 92' lang='lat' dir='ltr'>de</span> <span class='ocrx_word' id='word_1_615' title='bbox 1199 4415 1392 4470; x_wconf 86' lang='lat' dir='ltr'>Veteri</span> <span class='ocrx_word' id='word_1_616' title='bbox 1422 4417 1792 4470; x_wconf 90' lang='lat' dir='ltr'>Testamento</span> <span class='ocrx_word' id='word_1_617' title='bbox 1819 4416 2013 4471; x_wconf 87' lang='lat' dir='ltr'>obser-</span> <span class='ocrx_word' id='word_1_618' title='bbox 2044 4415 2087 4480; x_wconf 92' lang='lat' dir='ltr'>D</span> <span class='ocrx_word' id='word_1_619' title='bbox 2119 4416 2179 4471; x_wconf 90' lang='lat' dir='ltr'>in</span> <span class='ocrx_word' id='word_1_620' title='bbox 2206 4433 2377 4471; x_wconf 88' lang='lat' dir='ltr'>carne</span> <span class='ocrx_word' id='word_1_621' title='bbox 2410 4433 2557 4484; x_wconf 89' lang='lat' dir='ltr'>mea,</span> <span class='ocrx_word' id='word_1_622' title='bbox 2609 4415 2850 4472; x_wconf 91' lang='lat' dir='ltr'>bonum.</span> <span class='ocrx_word' id='word_1_623' title='bbox 2910 4415 3073 4472; x_wconf 90' lang='lat' dir='ltr'>Velle</span> <span class='ocrx_word' id='word_1_624' title='bbox 3128 4415 3282 4471; x_wconf 90' lang='lat' dir='ltr'>enim</span> <span class='ocrx_word' id='word_1_625' title='bbox 3340 4416 3568 4486; x_wconf 87' lang='lat' dir='ltr'>adjacet</span> <span class='ocrx_word' id='word_1_626' title='bbox 3597 4415 3770 4485; x_wconf 84' lang='lat' dir='ltr'>mihi,</span> 
     </span>
    </p>
   </div>
   <div class='ocr_carea' id='block_1_83' title="bbox 363 4501 2007 4574">
    <p class='ocr_par' dir='ltr' id='par_1_83' title="bbox 363 4501 2007 4574">
     <span class='ocr_line' id='line_1_83' title="bbox 363 4501 2007 4574; baseline 0.002 -20"><span class='ocrx_word' id='word_1_627' title='bbox 363 4516 498 4556; x_wconf 91' lang='lat' dir='ltr'>vare</span> <span class='ocrx_word' id='word_1_628' title='bbox 530 4501 796 4568; x_wconf 89' lang='lat' dir='ltr'>debeam,</span> <span class='ocrx_word' id='word_1_629' title='bbox 829 4506 886 4558; x_wconf 90' lang='lat' dir='ltr'>et</span> <span class='ocrx_word' id='word_1_630' title='bbox 916 4519 1042 4573; x_wconf 67' lang='lat' dir='ltr'>qua:</span> <span class='ocrx_word' id='word_1_631' title='bbox 1082 4501 1430 4574; x_wconf 88' lang='lat' dir='ltr'>relinquere.</span> <span class='ocrx_word' id='word_1_632' title='bbox 1486 4503 1542 4558; x_wconf 88' lang='lat' dir='ltr'>C.</span> <span class='ocrx_word' id='word_1_633' title='bbox 1596 4504 1868 4560; x_wconf 79' lang='lat' dir='ltr'>Mandata</span> <span class='ocrx_word' id='word_1_634' title='bbox 1907 4504 2007 4558; x_wconf 92' lang='lat' dir='ltr'>ob-</span> 
     </span>
    </p>
   </div>
   <div class='ocr_carea' id='block_1_84' title="bbox 364 4591 2009 4665">
    <p class='ocr_par' dir='ltr' id='par_1_84' title="bbox 364 4591 2009 4665">
     <span class='ocr_line' id='line_1_84' title="bbox 364 4591 2009 4665; baseline 0.002 -22"><span class='ocrx_word' id='word_1_635' title='bbox 364 4605 592 4646; x_wconf 89' lang='lat' dir='ltr'>servare</span> <span class='ocrx_word' id='word_1_636' title='bbox 623 4591 925 4658; x_wconf 89' lang='lat' dir='ltr'>debemus,</span> <span class='ocrx_word' id='word_1_637' title='bbox 962 4609 1088 4663; x_wconf 70' lang='lat' dir='ltr'>qum</span> <span class='ocrx_word' id='word_1_638' title='bbox 1122 4593 1192 4646; x_wconf 90' lang='lat' dir='ltr'>ad</span> <span class='ocrx_word' id='word_1_639' title='bbox 1224 4592 1404 4647; x_wconf 86' lang='lat' dir='ltr'>vitam</span> <span class='ocrx_word' id='word_1_640' title='bbox 1431 4596 1486 4647; x_wconf 89' lang='lat' dir='ltr'>et</span> <span class='ocrx_word' id='word_1_641' title='bbox 1509 4608 1700 4648; x_wconf 87' lang='lat' dir='ltr'>mores</span> <span class='ocrx_word' id='word_1_642' title='bbox 1722 4593 2009 4665; x_wconf 87' lang='lat' dir='ltr'>pertinent</span> 
     </span>
    </p>
   </div>
   <div class='ocr_carea' id='block_1_85' title="bbox 361 4678 2006 4752">
    <p class='ocr_par' dir='ltr' id='par_1_85' title="bbox 361 4678 2006 4752">
     <span class='ocr_line' id='line_1_85' title="bbox 361 4678 2006 4752; baseline 0.002 -18"><span class='ocrx_word' id='word_1_643' title='bbox 361 4678 757 4752; x_wconf 85' lang='lat' dir='ltr'>corrigendos,</span> <span class='ocrx_word' id='word_1_644' title='bbox 799 4684 869 4736; x_wconf 89' lang='lat' dir='ltr'>de</span> <span class='ocrx_word' id='word_1_645' title='bbox 914 4681 1128 4752; x_wconf 91' lang='lat' dir='ltr'>quibus</span> <span class='ocrx_word' id='word_1_646' title='bbox 1173 4681 1393 4736; x_wconf 89' lang='lat' dir='ltr'>dictum</span> <span class='ocrx_word' id='word_1_647' title='bbox 1435 4685 1554 4737; x_wconf 88' lang='lat' dir='ltr'>est:</span> <span class='ocrx_word' id='word_1_648' title='bbox 1610 4683 2006 4738; x_wconf 80' lang='lat' dir='ltr'>«Mandatum</span> 
     </span>
    </p>
   </div>
   <div class='ocr_carea' id='block_1_86' title="bbox 360 4768 2006 4842">
    <p class='ocr_par' dir='ltr' id='par_1_86' title="bbox 360 4768 2006 4842">
     <span class='ocr_line' id='line_1_86' title="bbox 360 4768 2006 4842; baseline 0.002 -19"><span class='ocrx_word' id='word_1_649' title='bbox 360 4768 591 4824; x_wconf 92' lang='lat' dir='ltr'>Domini</span> <span class='ocrx_word' id='word_1_650' title='bbox 623 4768 884 4828; x_wconf 92' lang='lat' dir='ltr'>lucidum</span> <span class='ocrx_word' id='word_1_651' title='bbox 909 4768 1254 4825; x_wconf 90' lang='lat' dir='ltr'>illuminans</span> <span class='ocrx_word' id='word_1_652' title='bbox 1277 4769 1476 4826; x_wconf 89' lang='lat' dir='ltr'>oculos</span> <span class='ocrx_word' id='word_1_653' title='bbox 1506 4770 1682 4842; x_wconf 83' lang='lat' dir='ltr'>(Psal.</span> <span class='ocrx_word' id='word_1_654' title='bbox 1706 4789 1864 4838; x_wconf 85' lang='lat' dir='ltr'>xvm,</span> <span class='ocrx_word' id='word_1_655' title='bbox 1895 4773 2006 4842; x_wconf 84' lang='lat'>9).»</span> 
     </span>
    </p>
   </div>
   <div class='ocr_carea' id='block_1_87' title="bbox 358 4858 2002 4932">
    <p class='ocr_par' dir='ltr' id='par_1_87' title="bbox 358 4858 2002 4932">
     <span class='ocr_line' id='line_1_87' title="bbox 358 4858 2002 4932; baseline 0.001 -19"><span class='ocrx_word' id='word_1_656' title='bbox 358 4858 493 4923; x_wconf 73' lang='lat' dir='ltr'>Quae</span> <span class='ocrx_word' id='word_1_657' title='bbox 525 4863 717 4915; x_wconf 90' lang='lat' dir='ltr'>autem</span> <span class='ocrx_word' id='word_1_658' title='bbox 752 4860 824 4914; x_wconf 91' lang='lat' dir='ltr'>ad</span> <span class='ocrx_word' id='word_1_659' title='bbox 873 4858 1245 4914; x_wconf 67' lang='lat' dir='ltr'>caaremonias</span> <span class='ocrx_word' id='word_1_660' title='bbox 1295 4861 1484 4932; x_wconf 89' lang='lat' dir='ltr'>Legis,</span> <span class='ocrx_word' id='word_1_661' title='bbox 1518 4862 1573 4914; x_wconf 90' lang='lat' dir='ltr'>et</span> <span class='ocrx_word' id='word_1_662' title='bbox 1603 4860 1752 4916; x_wconf 89' lang='lat' dir='ltr'>ritus</span> <span class='ocrx_word' id='word_1_663' title='bbox 1781 4860 2002 4916; x_wconf 83' lang='lat' dir='ltr'>sacrifi-</span> 
     </span>
    </p>
   </div>
   <div class='ocr_carea' id='block_1_88' title="bbox 357 4947 2004 5022">
    <p class='ocr_par' dir='ltr' id='par_1_88' title="bbox 357 4947 2004 5022">
     <span class='ocr_line' id='line_1_88' title="bbox 357 4947 2004 5022; baseline 0.001 -19"><span class='ocrx_word' id='word_1_664' title='bbox 357 4948 582 5004; x_wconf 90' lang='lat' dir='ltr'>ciorum</span> <span class='ocrx_word' id='word_1_665' title='bbox 625 4948 937 5020; x_wconf 89' lang='lat' dir='ltr'>pertinent,</span> <span class='ocrx_word' id='word_1_666' title='bbox 989 4947 1372 5020; x_wconf 88' lang='lat' dir='ltr'>relinquenda</span> <span class='ocrx_word' id='word_1_667' title='bbox 1423 4953 1582 5005; x_wconf 89' lang='lat' dir='ltr'>sunt.</span> <span class='ocrx_word' id='word_1_668' title='bbox 1641 4951 1704 5004; x_wconf 85' lang='lat' dir='ltr'>A.</span> <span class='ocrx_word' id='word_1_669' title='bbox 1765 4951 2004 5022; x_wconf 89' lang='lat' dir='ltr'>Ignosce</span> 
     </span>
    </p>
   </div>
   <div class='ocr_carea' id='block_1_89' title="bbox 357 5037 2001 5111">
    <p class='ocr_par' dir='ltr' id='par_1_89' title="bbox 357 5037 2001 5111">
     <span class='ocr_line' id='line_1_89' title="bbox 357 5037 2001 5111; baseline 0.002 -20"><span class='ocrx_word' id='word_1_670' title='bbox 357 5037 523 5103; x_wconf 91' lang='lat' dir='ltr'>mihi,</span> <span class='ocrx_word' id='word_1_671' title='bbox 556 5054 688 5093; x_wconf 66' lang='lat' dir='ltr'>cugn</span> <span class='ocrx_word' id='word_1_672' title='bbox 749 5037 896 5111; x_wconf 86' lang='lat' dir='ltr'>legis</span> <span class='ocrx_word' id='word_1_673' title='bbox 957 5038 1106 5094; x_wconf 73' lang='lat'><strong>742</strong></span> <span class='ocrx_word' id='word_1_674' title='bbox 1154 5043 1212 5093; x_wconf 90' lang='lat' dir='ltr'>et</span> <span class='ocrx_word' id='word_1_675' title='bbox 1269 5038 1535 5094; x_wconf 89' lang='lat' dir='ltr'>omnium</span> <span class='ocrx_word' id='word_1_676' title='bbox 1568 5039 2001 5110; x_wconf 88' lang='lat' dir='ltr'>Scripturarum</span> 
     </span>
    </p>
   </div>
   <div class='ocr_carea' id='block_1_90' title="bbox 358 5125 2000 5200">
    <p class='ocr_par' dir='ltr' id='par_1_90' title="bbox 358 5125 2000 5200">
     <span class='ocr_line' id='line_1_90' title="bbox 358 5125 2000 5200; baseline 0.002 -20"><span class='ocrx_word' id='word_1_677' title='bbox 358 5125 659 5181; x_wconf 89' lang='lat' dir='ltr'>scientiam</span> <span class='ocrx_word' id='word_1_678' title='bbox 715 5128 972 5198; x_wconf 90' lang='lat' dir='ltr'>jactites,</span> <span class='ocrx_word' id='word_1_679' title='bbox 1021 5143 1136 5183; x_wconf 90' lang='lat' dir='ltr'>non</span> <span class='ocrx_word' id='word_1_680' title='bbox 1185 5127 1602 5184; x_wconf 87' lang='lat' dir='ltr'>animadvertis</span> <span class='ocrx_word' id='word_1_681' title='bbox 1647 5128 1786 5200; x_wconf 89' lang='lat' dir='ltr'>quid</span> <span class='ocrx_word' id='word_1_682' title='bbox 1833 5127 2000 5183; x_wconf 90' lang='lat' dir='ltr'>velim</span> 
     </span>
    </p>
   </div>
   <div class='ocr_carea' id='block_1_91' title="bbox 428 5267 2004 5338">
    <p class='ocr_par' dir='ltr' id='par_1_91' title="bbox 428 5267 2004 5338">
     <span class='ocr_line' id='line_1_91' title="bbox 428 5267 2004 5338; baseline 0.003 -16"><span class='ocrx_word' id='word_1_683' title='bbox 428 5267 645 5336; x_wconf 72' lang='lat' dir='ltr'>‘Quasi</span> <span class='ocrx_word' id='word_1_684' title='bbox 693 5269 1017 5338; x_wconf 77' lang='lat' dir='ltr'>quibusdam</span> <span class='ocrx_word' id='word_1_685' title='bbox 1070 5271 1327 5326; x_wconf 81' lang='lat' dir='ltr'>nubibus.</span> <span class='ocrx_word' id='word_1_686' title='bbox 1380 5271 1599 5326; x_wconf 89' lang='lat' dir='ltr'>Sensus</span> <span class='ocrx_word' id='word_1_687' title='bbox 1657 5271 1896 5326; x_wconf 91' lang='lat' dir='ltr'>omnino</span> <span class='ocrx_word' id='word_1_688' title='bbox 1939 5271 2004 5326; x_wconf 87' lang='lat' dir='ltr'>li-</span> 
     </span>
    </p>
   </div>
   <div class='ocr_carea' id='block_1_92' title="bbox 358 5338 2001 5412">
    <p class='ocr_par' dir='ltr' id='par_1_92' title="bbox 358 5338 2001 5412">
     <span class='ocr_line' id='line_1_92' title="bbox 358 5338 2001 5412; baseline 0.002 -18"><span class='ocrx_word' id='word_1_689' title='bbox 358 5338 781 5412; x_wconf 75' lang='lat' dir='ltr'>quidusquem</span> <span class='ocrx_word' id='word_1_690' title='bbox 813 5341 1063 5396; x_wconf 91' lang='lat' dir='ltr'>retinent</span> <span class='ocrx_word' id='word_1_691' title='bbox 1094 5358 1236 5397; x_wconf 92' lang='lat' dir='ltr'>mss.</span> <span class='ocrx_word' id='word_1_692' title='bbox 1265 5342 1528 5398; x_wconf 88' lang='lat' dir='ltr'>codices:</span> <span class='ocrx_word' id='word_1_693' title='bbox 1564 5342 1732 5397; x_wconf 92' lang='lat' dir='ltr'>illum</span> <span class='ocrx_word' id='word_1_694' title='bbox 1760 5343 2001 5398; x_wconf 90' lang='lat' dir='ltr'>minime</span> 
     </span>
    </p>
   </div>
   <div class='ocr_carea' id='block_1_93' title="bbox 356 5409 2000 5485">
    <p class='ocr_par' dir='ltr' id='par_1_93' title="bbox 356 5409 2000 5485">
     <span class='ocr_line' id='line_1_93' title="bbox 356 5409 2000 5485; baseline 0.003 -21"><span class='ocrx_word' id='word_1_695' title='bbox 356 5409 932 5485; x_wconf 22' lang='lat' dir='ltr'>assecutiiMarianus</span> <span class='ocrx_word' id='word_1_696' title='bbox 959 5416 1021 5485; x_wconf 86' lang='lat' dir='ltr'>et</span> <span class='ocrx_word' id='word_1_697' title='bbox 1044 5411 1162 5485; x_wconf 88' lang='lat' dir='ltr'>alii,</span> <span class='ocrx_word' id='word_1_698' title='bbox 1211 5413 1319 5468; x_wconf 89' lang='lat' dir='ltr'>hoc</span> <span class='ocrx_word' id='word_1_699' title='bbox 1364 5415 1537 5468; x_wconf 86' lang='lat' dir='ltr'>modo</span> <span class='ocrx_word' id='word_1_700' title='bbox 1589 5415 1778 5485; x_wconf 85' lang='lat' dir='ltr'>legere</span> <span class='ocrx_word' id='word_1_701' title='bbox 1806 5413 2000 5469; x_wconf 87' lang='lat' dir='ltr'>volue—</span> 
     </span>
    </p>
   </div>
   <div class='ocr_carea' id='block_1_94' title="bbox 355 5483 2002 5553">
    <p class='ocr_par' dir='ltr' id='par_1_94' title="bbox 355 5483 2002 5553">
     <span class='ocr_line' id='line_1_94' title="bbox 355 5483 2002 5553; baseline 0.004 -17"><span class='ocrx_word' id='word_1_702' title='bbox 355 5489 530 5538; x_wconf 85' lang='lat' dir='ltr'>runt:</span> <span class='ocrx_word' id='word_1_703' title='bbox 590 5483 654 5536; x_wconf 81' lang='lat' dir='ltr'>Et</span> <span class='ocrx_word' id='word_1_704' title='bbox 703 5484 864 5552; x_wconf 84' lang='lat' dir='ltr'>quasi</span> <span class='ocrx_word' id='word_1_705' title='bbox 905 5484 1227 5553; x_wconf 79' lang='lat' dir='ltr'>quibusdam</span> <span class='ocrx_word' id='word_1_706' title='bbox 1274 5485 1526 5541; x_wconf 70' lang='lat' dir='ltr'>discussis</span> <span class='ocrx_word' id='word_1_707' title='bbox 1573 5483 1832 5553; x_wconf 77' lang='lat' dir='ltr'>nubibus,</span> <span class='ocrx_word' id='word_1_708' title='bbox 1892 5489 2002 5542; x_wconf 82' lang='lat' dir='ltr'>cla-</span> 
     </span>
    </p>
   </div>
   <div class='ocr_carea' id='block_1_95' title="bbox 353 5553 2002 5628">
    <p class='ocr_par' dir='ltr' id='par_1_95' title="bbox 353 5553 2002 5628">
     <span class='ocr_line' id='line_1_95' title="bbox 353 5553 2002 5628; baseline 0.004 -18"><span class='ocrx_word' id='word_1_709' title='bbox 353 5571 480 5628; x_wconf 81' lang='lat' dir='ltr'>rum</span> <span class='ocrx_word' id='word_1_710' title='bbox 506 5570 654 5610; x_wconf 72' lang='lat' dir='ltr'>visus</span> <span class='ocrx_word' id='word_1_711' title='bbox 682 5570 736 5628; x_wconf 87' lang='lat' dir='ltr'>es</span> <span class='ocrx_word' id='word_1_712' title='bbox 765 5555 1025 5611; x_wconf 77' lang='lat' dir='ltr'>veritatis</span> <span class='ocrx_word' id='word_1_713' title='bbox 1046 5553 1230 5610; x_wconf 83' lang='lat' dir='ltr'>lumen</span> <span class='ocrx_word' id='word_1_714' title='bbox 1251 5557 1486 5628; x_wconf 82' lang='lat' dir='ltr'>aperire.</span> <span class='ocrx_word' id='word_1_715' title='bbox 1513 5557 1793 5615; x_wconf 62' lang='lat' dir='ltr'>Eaassws</span> <span class='ocrx_word' id='word_1_716' title='bbox 1826 5557 2002 5616; x_wconf 87' lang='lat' dir='ltr'>habet</span> 
     </span>
    </p>
   </div>
   <div class='ocr_carea' id='block_1_96' title="bbox 354 5627 838 5703">
    <p class='ocr_par' dir='ltr' id='par_1_96' title="bbox 354 5627 838 5703">
     <span class='ocr_line' id='line_1_96' title="bbox 354 5627 838 5703; baseline -0.004 -18"><span class='ocrx_word' id='word_1_717' title='bbox 354 5627 502 5686; x_wconf 83' lang='lat' dir='ltr'>visus</span> <span class='ocrx_word' id='word_1_718' title='bbox 531 5643 636 5703; x_wconf 84' lang='lat' dir='ltr'>pro</span> <span class='ocrx_word' id='word_1_719' title='bbox 664 5627 838 5685; x_wconf 76' lang='lat' dir='ltr'>nisus.</span> 
     </span>
    </p>
   </div>
   <div class='ocr_carea' id='block_1_97' title="bbox 2123 4505 3768 4577">
    <p class='ocr_par' dir='ltr' id='par_1_97' title="bbox 2123 4505 3768 4577">
     <span class='ocr_line' id='line_1_97' title="bbox 2123 4505 3768 4577; baseline -0.001 -17"><span class='ocrx_word' id='word_1_720' title='bbox 2123 4507 2349 4577; x_wconf 90' lang='lat' dir='ltr'>operari</span> <span class='ocrx_word' id='word_1_721' title='bbox 2382 4510 2574 4561; x_wconf 88' lang='lat' dir='ltr'>autem</span> <span class='ocrx_word' id='word_1_722' title='bbox 2632 4505 2853 4560; x_wconf 91' lang='lat' dir='ltr'>bonum</span> <span class='ocrx_word' id='word_1_723' title='bbox 2912 4523 3029 4561; x_wconf 90' lang='lat' dir='ltr'>non</span> <span class='ocrx_word' id='word_1_724' title='bbox 3089 4505 3341 4561; x_wconf 88' lang='lat' dir='ltr'>invenio.</span> <span class='ocrx_word' id='word_1_725' title='bbox 3403 4505 3530 4561; x_wconf 86' lang='lat' dir='ltr'>Non</span> <span class='ocrx_word' id='word_1_726' title='bbox 3586 4505 3768 4571; x_wconf 89' lang='lat' dir='ltr'>enim,</span> 
     </span>
    </p>
   </div>
   <div class='ocr_carea' id='block_1_98' title="bbox 2119 4594 3771 4666">
    <p class='ocr_par' dir='ltr' id='par_1_98' title="bbox 2119 4594 3771 4666">
     <span class='ocr_line' id='line_1_98' title="bbox 2119 4594 3771 4666; baseline 0.001 -17"><span class='ocrx_word' id='word_1_727' title='bbox 2119 4595 2275 4665; x_wconf 91' lang='lat' dir='ltr'>quod</span> <span class='ocrx_word' id='word_1_728' title='bbox 2311 4595 2458 4661; x_wconf 88' lang='lat' dir='ltr'>volo,</span> <span class='ocrx_word' id='word_1_729' title='bbox 2493 4594 2735 4660; x_wconf 90' lang='lat' dir='ltr'>bonum,</span> <span class='ocrx_word' id='word_1_730' title='bbox 2768 4594 2876 4649; x_wconf 91' lang='lat' dir='ltr'>hoe</span> <span class='ocrx_word' id='word_1_731' title='bbox 2932 4611 3077 4666; x_wconf 89' lang='lat' dir='ltr'>ago:</span> <span class='ocrx_word' id='word_1_732' title='bbox 3112 4595 3211 4650; x_wconf 90' lang='lat' dir='ltr'>sed</span> <span class='ocrx_word' id='word_1_733' title='bbox 3247 4595 3402 4666; x_wconf 91' lang='lat' dir='ltr'>quod</span> <span class='ocrx_word' id='word_1_734' title='bbox 3453 4594 3608 4661; x_wconf 92' lang='lat' dir='ltr'>nolo,</span> <span class='ocrx_word' id='word_1_735' title='bbox 3641 4610 3771 4650; x_wconf 81' lang='lat' dir='ltr'>ma-</span> 
     </span>
    </p>
   </div>
   <div class='ocr_carea' id='block_1_99' title="bbox 2120 4681 3770 4755">
    <p class='ocr_par' dir='ltr' id='par_1_99' title="bbox 2120 4681 3770 4755">
     <span class='ocr_line' id='line_1_99' title="bbox 2120 4681 3770 4755; baseline 0.001 -19"><span class='ocrx_word' id='word_1_736' title='bbox 2120 4683 2264 4748; x_wconf 87' lang='lat' dir='ltr'>lum,</span> <span class='ocrx_word' id='word_1_737' title='bbox 2325 4683 2433 4739; x_wconf 91' lang='lat' dir='ltr'>hoc</span> <span class='ocrx_word' id='word_1_738' title='bbox 2491 4681 2655 4737; x_wconf 81' lang='lat' dir='ltr'>facio.</span> <span class='ocrx_word' id='word_1_739' title='bbox 2718 4683 2776 4738; x_wconf 91' lang='lat' dir='ltr'>Si</span> <span class='ocrx_word' id='word_1_740' title='bbox 2839 4688 3034 4739; x_wconf 88' lang='lat' dir='ltr'>autem</span> <span class='ocrx_word' id='word_1_741' title='bbox 3087 4685 3244 4755; x_wconf 90' lang='lat' dir='ltr'>quod</span> <span class='ocrx_word' id='word_1_742' title='bbox 3307 4683 3461 4750; x_wconf 90' lang='lat' dir='ltr'>nolo,</span> <span class='ocrx_word' id='word_1_743' title='bbox 3523 4683 3770 4754; x_wconf 78' lang='lat' dir='ltr'>hocego</span> 
     </span>
    </p>
   </div>
   <div class='ocr_carea' id='block_1_100' title="bbox 2119 4771 3768 4844">
    <p class='ocr_par' dir='ltr' id='par_1_100' title="bbox 2119 4771 3768 4844">
     <span class='ocr_line' id='line_1_100' title="bbox 2119 4771 3768 4844; baseline 0 -17"><span class='ocrx_word' id='word_1_744' title='bbox 2119 4773 2290 4841; x_wconf 87' lang='lat' dir='ltr'>facio,</span> <span class='ocrx_word' id='word_1_745' title='bbox 2350 4788 2723 4844; x_wconf 89' lang='lat' dir='ltr'>nequaquam</span> <span class='ocrx_word' id='word_1_746' title='bbox 2781 4788 2886 4843; x_wconf 87' lang='lat' dir='ltr'>ego</span> <span class='ocrx_word' id='word_1_747' title='bbox 2945 4789 3152 4844; x_wconf 90' lang='lat' dir='ltr'>operor</span> <span class='ocrx_word' id='word_1_748' title='bbox 3207 4771 3373 4837; x_wconf 90' lang='lat' dir='ltr'>illud,</span> <span class='ocrx_word' id='word_1_749' title='bbox 3439 4771 3541 4828; x_wconf 88' lang='lat' dir='ltr'>sed</span> <span class='ocrx_word' id='word_1_750' title='bbox 3609 4771 3768 4844; x_wconf 87' lang='lat' dir='ltr'>quod</span> 
     </span>
    </p>
   </div>
   <div class='ocr_carea' id='block_1_101' title="bbox 2115 4860 3769 4934">
    <p class='ocr_par' dir='ltr' id='par_1_101' title="bbox 2115 4860 3769 4934">
     <span class='ocr_line' id='line_1_101' title="bbox 2115 4860 3769 4934; baseline 0 -18"><span class='ocrx_word' id='word_1_751' title='bbox 2115 4861 2340 4916; x_wconf 88' lang='lat' dir='ltr'>habitat</span> <span class='ocrx_word' id='word_1_752' title='bbox 2369 4860 2427 4916; x_wconf 92' lang='lat' dir='ltr'>in</span> <span class='ocrx_word' id='word_1_753' title='bbox 2479 4877 2572 4915; x_wconf 92' lang='lat' dir='ltr'>me</span> <span class='ocrx_word' id='word_1_754' title='bbox 2622 4866 2923 4932; x_wconf 86' lang='lat' dir='ltr'>peccatum</span> <span class='ocrx_word' id='word_1_755' title='bbox 2983 4863 3154 4932; x_wconf 79' lang='lat' dir='ltr'>(Rom.</span> <span class='ocrx_word' id='word_1_756' title='bbox 3215 4879 3315 4929; x_wconf 89' lang='lat' dir='ltr'>vu,</span> <span class='ocrx_word' id='word_1_757' title='bbox 3376 4878 3447 4917; x_wconf 91' lang='lat' dir='ltr'>xv</span> <span class='ocrx_word' id='word_1_758' title='bbox 3505 4863 3701 4934; x_wconf 83' lang='lat' dir='ltr'>seqq.).</span> <span class='ocrx_word' id='word_1_759' title='bbox 3738 4883 3769 4909; x_wconf 87' lang='lat'>»</span> 
     </span>
    </p>
   </div>
   <div class='ocr_carea' id='block_1_102' title="bbox 2115 4950 3770 5022">
    <p class='ocr_par' dir='ltr' id='par_1_102' title="bbox 2115 4950 3770 5022">
     <span class='ocr_line' id='line_1_102' title="bbox 2115 4950 3770 5022; baseline 0.001 -16"><span class='ocrx_word' id='word_1_760' title='bbox 2115 4951 2171 5006; x_wconf 87' lang='lat' dir='ltr'>C.</span> <span class='ocrx_word' id='word_1_761' title='bbox 2209 4950 2384 5006; x_wconf 91' lang='lat' dir='ltr'>Miror</span> <span class='ocrx_word' id='word_1_762' title='bbox 2424 4954 2479 5006; x_wconf 92' lang='lat' dir='ltr'>te</span> <span class='ocrx_word' id='word_1_763' title='bbox 2536 4950 2834 5006; x_wconf 90' lang='lat' dir='ltr'>hominem</span> <span class='ocrx_word' id='word_1_764' title='bbox 2896 4951 3241 5022; x_wconf 89' lang='lat' dir='ltr'>prudentem</span> <span class='ocrx_word' id='word_1_765' title='bbox 3301 4951 3385 5007; x_wconf 90' lang='lat' dir='ltr'>sic</span> <span class='ocrx_word' id='word_1_766' title='bbox 3442 4950 3770 5021; x_wconf 73' lang='lat' dir='ltr'>intelligam</span> 
     </span>
    </p>
   </div>
   <div class='ocr_carea' id='block_1_103' title="bbox 2113 5038 3770 5112">
    <p class='ocr_par' dir='ltr' id='par_1_103' title="bbox 2113 5038 3770 5112">
     <span class='ocr_line' id='line_1_103' title="bbox 2113 5038 3770 5112; baseline 0.002 -19"><span class='ocrx_word' id='word_1_767' title='bbox 2113 5038 2480 5112; x_wconf 86' lang='lat' dir='ltr'>Apostolum,</span> <span class='ocrx_word' id='word_1_768' title='bbox 2516 5045 2580 5094; x_wconf 91' lang='lat' dir='ltr'>ut</span> <span class='ocrx_word' id='word_1_769' title='bbox 2632 5055 2766 5094; x_wconf 90' lang='lat' dir='ltr'>eum</span> <span class='ocrx_word' id='word_1_770' title='bbox 2823 5056 2890 5094; x_wconf 90' lang='lat' dir='ltr'>ex</span> <span class='ocrx_word' id='word_1_771' title='bbox 2951 5055 3198 5110; x_wconf 82' lang='lat' dir='ltr'>persona</span> <span class='ocrx_word' id='word_1_772' title='bbox 3257 5057 3366 5097; x_wconf 89' lang='lat' dir='ltr'>sua</span> <span class='ocrx_word' id='word_1_773' title='bbox 3384 5041 3425 5108; x_wconf 87' lang='grc'>²,</span> <span class='ocrx_word' id='word_1_774' title='bbox 3461 5044 3518 5095; x_wconf 92' lang='lat' dir='ltr'>et</span> <span class='ocrx_word' id='word_1_775' title='bbox 3549 5057 3664 5096; x_wconf 91' lang='lat' dir='ltr'>non</span> <span class='ocrx_word' id='word_1_776' title='bbox 3694 5055 3770 5099; x_wconf 81' lang='lat' dir='ltr'>ex</span> 
     </span>
    </p>
   </div>
   <div class='ocr_carea' id='block_1_104' title="bbox 2121 5128 3768 5193">
    <p class='ocr_par' dir='ltr' id='par_1_104' title="bbox 2121 5128 3768 5193">
     <span class='ocr_line' id='line_1_104' title="bbox 2121 5128 3768 5193; baseline 0 -8"><span class='ocrx_word' id='word_1_777' title='bbox 2121 5129 2370 5185; x_wconf 89' lang='lat' dir='ltr'>aliorum</span> <span class='ocrx_word' id='word_1_778' title='bbox 2402 5129 2521 5185; x_wconf 72' lang='lat' dir='ltr'>haec</span> <span class='ocrx_word' id='word_1_779' title='bbox 2557 5130 2705 5184; x_wconf 70' lang='lat'>743</span> <span class='ocrx_word' id='word_1_780' title='bbox 2756 5128 2947 5184; x_wconf 88' lang='lat' dir='ltr'>dicere</span> <span class='ocrx_word' id='word_1_781' title='bbox 2996 5129 3235 5186; x_wconf 78' lang='lat' dir='ltr'>sentias.</span> <span class='ocrx_word' id='word_1_782' title='bbox 3269 5129 3376 5193; x_wconf 91' lang='lat' dir='ltr'>Qui</span> <span class='ocrx_word' id='word_1_783' title='bbox 3421 5129 3578 5186; x_wconf 90' lang='lat' dir='ltr'>enim</span> <span class='ocrx_word' id='word_1_784' title='bbox 3620 5146 3768 5186; x_wconf 88' lang='lat' dir='ltr'>con-</span> 
     </span>
    </p>
   </div>
   <div class='ocr_carea' id='block_1_105' title="bbox 2183 5272 3769 5345">
    <p class='ocr_par' dir='ltr' id='par_1_105' title="bbox 2183 5272 3769 5345">
     <span class='ocr_line' id='line_1_105' title="bbox 2183 5272 3769 5345; baseline 0.003 -20"><span class='ocrx_word' id='word_1_785' title='bbox 2183 5273 2378 5328; x_wconf 58' lang='lat' dir='ltr'>‘Vide</span> <span class='ocrx_word' id='word_1_786' title='bbox 2409 5273 2468 5328; x_wconf 91' lang='lat' dir='ltr'>S.</span> <span class='ocrx_word' id='word_1_787' title='bbox 2529 5272 2945 5345; x_wconf 83' lang='lat' dir='ltr'>Augustinum,</span> <span class='ocrx_word' id='word_1_788' title='bbox 3005 5274 3063 5328; x_wconf 90' lang='lat' dir='ltr'>in</span> <span class='ocrx_word' id='word_1_789' title='bbox 3121 5275 3413 5329; x_wconf 81' lang='lat' dir='ltr'>Retractat.</span> <span class='ocrx_word' id='word_1_790' title='bbox 3473 5278 3531 5328; x_wconf 91' lang='lat' dir='ltr'>et</span> <span class='ocrx_word' id='word_1_791' title='bbox 3577 5273 3769 5345; x_wconf 88' lang='lat' dir='ltr'>Opere</span> 
     </span>
    </p>
   </div>
   <div class='ocr_carea' id='block_1_106' title="bbox 2110 5343 3767 5417">
    <p class='ocr_par' dir='ltr' id='par_1_106' title="bbox 2110 5343 3767 5417">
     <span class='ocr_line' id='line_1_106' title="bbox 2110 5343 3767 5417; baseline 0.004 -21"><span class='ocrx_word' id='word_1_792' title='bbox 2110 5347 2298 5417; x_wconf 66' lang='lat' dir='ltr'>contra</span> <span class='ocrx_word' id='word_1_793' title='bbox 2325 5343 2858 5417; x_wconf 31' lang='lat' dir='ltr'>Julianum’prirno,</span> <span class='ocrx_word' id='word_1_794' title='bbox 2890 5345 3012 5417; x_wconf 86' lang='lat' dir='ltr'>_ubi</span> <span class='ocrx_word' id='word_1_795' title='bbox 3066 5345 3222 5400; x_wconf 90' lang='lat' dir='ltr'>hunc</span> <span class='ocrx_word' id='word_1_796' title='bbox 3278 5361 3540 5416; x_wconf 87' lang='lat' dir='ltr'>sensum,</span> <span class='ocrx_word' id='word_1_797' title='bbox 3582 5343 3767 5417; x_wconf 77' lang='lat' dir='ltr'>quem</span> 
     </span>
    </p>
   </div>
   <div class='ocr_carea' id='block_1_107' title="bbox 2112 5415 3764 5488">
    <p class='ocr_par' dir='ltr' id='par_1_107' title="bbox 2112 5415 3764 5488">
     <span class='ocr_line' id='line_1_107' title="bbox 2112 5415 3764 5488; baseline 0.004 -20"><span class='ocrx_word' id='word_1_798' title='bbox 2112 5415 2401 5488; x_wconf 84' lang='lat' dir='ltr'>Pelagiani</span> <span class='ocrx_word' id='word_1_799' title='bbox 2430 5417 2736 5488; x_wconf 79' lang='lat' dir='ltr'>proposito</span> <span class='ocrx_word' id='word_1_800' title='bbox 2766 5415 2925 5469; x_wconf 82' lang='lat' dir='ltr'>Pauli</span> <span class='ocrx_word' id='word_1_801' title='bbox 2959 5416 3083 5471; x_wconf 89' lang='lat' dir='ltr'>loco</span> <span class='ocrx_word' id='word_1_802' title='bbox 3115 5417 3471 5484; x_wconf 89' lang='lat' dir='ltr'>tribuebant,</span> <span class='ocrx_word' id='word_1_803' title='bbox 3495 5415 3554 5472; x_wconf 86' lang='lat' dir='ltr'>et</span> <span class='ocrx_word' id='word_1_804' title='bbox 3581 5415 3764 5488; x_wconf 80' lang='lat' dir='ltr'>quem</span> 
     </span>
    </p>
   </div>
   <div class='ocr_carea' id='block_1_108' title="bbox 2109 5487 3765 5558">
    <p class='ocr_par' dir='ltr' id='par_1_108' title="bbox 2109 5487 3765 5558">
     <span class='ocr_line' id='line_1_108' title="bbox 2109 5487 3765 5558; baseline 0.005 -18"><span class='ocrx_word' id='word_1_805' title='bbox 2109 5487 2236 5558; x_wconf 87' lang='lat' dir='ltr'>ipse</span> <span class='ocrx_word' id='word_1_806' title='bbox 2269 5492 2323 5540; x_wconf 83' lang='lat' dir='ltr'>in</span> <span class='ocrx_word' id='word_1_807' title='bbox 2358 5487 2646 5558; x_wconf 85' lang='lat' dir='ltr'>prioribus</span> <span class='ocrx_word' id='word_1_808' title='bbox 2678 5489 2801 5543; x_wconf 88' lang='lat' dir='ltr'>suis</span> <span class='ocrx_word' id='word_1_809' title='bbox 2834 5488 3375 5546; x_wconf 89' lang='lat' dir='ltr'>elucubrationibus</span> <span class='ocrx_word' id='word_1_810' title='bbox 3417 5487 3765 5548; x_wconf 70' lang='lat' dir='ltr'>fuerafam-</span> 
     </span>
    </p>
   </div>
   <div class='ocr_carea' id='block_1_109' title="bbox 2109 5557 3057 5634">
    <p class='ocr_par' dir='ltr' id='par_1_109' title="bbox 2109 5557 3057 5634">
     <span class='ocr_line' id='line_1_109' title="bbox 2109 5557 3057 5634; baseline 0.001 -18"><span class='ocrx_word' id='word_1_811' title='bbox 2109 5557 2398 5634; x_wconf 86' lang='lat' dir='ltr'>plexatus,</span> <span class='ocrx_word' id='word_1_812' title='bbox 2428 5557 2698 5631; x_wconf 90' lang='lat' dir='ltr'>pluribus</span> <span class='ocrx_word' id='word_1_813' title='bbox 2728 5559 3057 5633; x_wconf 88' lang='lat' dir='ltr'>impugnat.</span> 
     </span>
    </p>
   </div>
  </div>
