4082 6168
347 357 465 436 BM

1196 370 1584 439 DIALOGUS
1627 373 1940 438 CONTRA
1981 371 2502 440 PELAGIANOS.
2531 409 2610 424 —
2639 377 2789 441 LIB.
2833 373 2908 441 Il.

3603 370 3756 439 ’563

351 504 606 565 scientia
634 505 697 563 in
729 522 790 564 se
823 502 1116 580 loquentis
1147 507 1361 566 Christi
1400 509 1581 568 libere
1635 505 1957 585 proclamat
1990 497 2088 580 :IA
2122 535 2149 562 «
2203 513 2354 569 Sunt
2395 511 2498 569 vite
2547 531 2670 588 qua:
2719 513 2988 571 videntur
3037 511 3158 570 viro
3198 507 3395 583 justas,
3436 507 3759 570 novissima

351 620 379 647 κ
409 601 496 653 An
527 598 1000 670 experimentum
1033 601 1294 671 quaeritis
1326 603 1581 673 ejus,qui
1606 604 1662 657 in
1697 620 1790 658 me
1820 603 2005 674 loqui-

345 691 444 744 tur
475 686 750 743 Christus
778 690 851 756 (II
877 691 999 744 Cor.
1054 707 1188 744 xm.
1241 691 1295 761 3)
1325 691 1353 744 ?
1388 714 1413 740 ››
1445 697 1501 746 et
1548 693 1606 746 in
1669 692 1780 747 alio
1825 693 1949 748 loco
1983 711 1995 747 :

351 798 374 826 ι
409 777 664 833 Cursum
695 778 1126 844 consummavi,
1161 779 1338 834 ﬁdem
1379 781 1620 850 servavi,
1676 783 1747 836 de
1795 787 1999 838 caetero

345 867 610 940 reposita
644 869 731 921 est
769 866 916 920 mihi
967 882 1180 922 corona
1220 869 1465 939 justitize
1518 870 1589 939 (Il
1639 872 1771 925 Tim.
1834 889 1908 924 ιγ.
1941 873 1996 935 7,

350 955 416 1025 8)
451 973 466 1021 ;
500 977 529 1004 »
555 955 660 1010 iste
689 954 797 1010 hoc
826 955 899 1011 de
930 972 992 1010 se
1022 956 1211 1012 dicere
1242 962 1468 1028 poterat
1502 976 1515 1014 :
1551 982 1576 1007 ‹‹
1627 959 1862 1031 Operari
1897 961 1998 1015 bo-

356 1061 497 1100 num
529 1061 640 1099 non
669 1043 900 1100 invenio
926 1045 954 1098 ‘?
990 1068 1011 1093 ι
1048 1051 1128 1112 et,
1158 1069 1185 1094 ‹‹
1219 1045 1342 1100 Non
1376 1048 1532 1118 quod
1564 1048 1717 1118 volo,
1752 1050 1994 1117 bonum,

354 1133 459 1188 hoc
489 1133 684 1188 facio:
720 1134 819 1189 sed
879 1134 1032 1206 quod
1093 1133 1246 1201 nolo,
1307 1136 1552 1201 malum,
1605 1137 1713 1192 hoc
1766 1154 1873 1210 ago
1907 1138 1934 1192 ?
1970 1161 1996 1187 ››

348 1222 495 1288 Quid
529 1220 676 1277 illud
709 1227 833 1278 erat
861 1223 1019 1291 boni,
1054 1224 1208 1295 quod
1238 1224 1469 1280 volebat
1518 1226 1724 1294 facere,
1776 1231 1832 1282 et
1881 1245 1996 1283 non

343 1315 576 1384 poterat
605 1312 632 1366 ?
661 1313 733 1367 Et
753 1312 896 1382 quid
926 1312 1070 1368 illud
1102 1318 1227 1368 erat
1266 1314 1426 1382 mali,
1463 1316 1618 1386 quod
1654 1315 1905 1384 nolebat,
1941 1321 1997 1371 et

337 1405 540 1457 tamen
570 1402 754 1456 vitare
783 1418 898 1456 non
930 1407 1156 1473 poterat
1183 1403 1210 1456 ‘?
1240 1403 1388 1476 Ergo
1420 1420 1535 1459 non
1586 1422 1654 1460 ex
1683 1423 1791 1460 sua
1864 1422 1993 1477 per-

343 1507 491 1546 sona
520 1490 633 1546 hoc
666 1489 825 1556 dicit,
877 1491 977 1545 sed
1027 1507 1094 1546 ex
1142 1507 1394 1562 persona
1444 1495 1674 1566 generis
1725 1493 1993 1563 humani,

345 1595 470 1652 quae
501 1579 663 1635 vitiis
692 1580 960 1650 subjacet
990 1580 1063 1635 ob
1090 1581 1284 1636 carnis
1317 1582 1715 1655 fragilitatem.

413 1669 468 1724 3.
496 1669 584 1723 Ex
630 1671 786 1740 cujus
824 1684 1061 1740 persona
1121 1671 1327 1725 Paulus
1384 1673 1589 1728 locutus
1641 1675 1712 1728 sit
1742 1674 1998 1744 aliudque

345 1759 464 1829 ejus
515 1758 911 1813 testimonium.
945 1790 1012 1798 —
1045 1763 1111 1813 A.
1147 1763 1361 1814 Parum
1393 1761 1540 1816 mihi
1571 1761 1750 1829 tollis,
1801 1768 1863 1818 ut
1911 1769 1996 1818 to-

332 1851 474 1901 tum
503 1847 752 1902 tribuas.
786 1848 904 1919 Ego
933 1847 1090 1902 enim
1123 1865 1308 1903 unum
1331 1848 1652 1918 hominem,
1690 1850 1826 1907 licet
1853 1855 2000 1924 Apo-

344 1934 587 2002 stolum,
624 1933 888 2008 intelligo
921 1935 1025 2008 [AL
1061 1935 1484 2010 intelligebam]
1533 1940 1840 2010 subjacere
1871 1959 2000 2013 pec-

347 2028 500 2093 cato,
531 2028 596 2080 tu
624 2028 815 2080 totum
848 2025 1175 2081 humanum
1226 2042 1412 2098 genus
1456 2029 1693 2085 asseris.
1743 2032 1905 2096 Quod
1950 2033 1998 2087 si

352 2129 560 2168 verum
588 2113 752 2168 estin
781 2129 1012 2186 genere,
1046 2119 1315 2170 tenemus
1345 2119 1400 2170 et
1432 2117 1710 2188 speciem.
1750 2118 1893 2174 Nam
1945 2124 2000 2175 et

354 2201 663 2274 Apostolus
690 2202 866 2260 homo
899 2207 988 2258 est
1015 2221 1035 2264 :
1068 2208 1124 2258 et
1144 2204 1192 2258 si
1225 2205 1400 2260 homo
1432 2210 1542 2273 est,
1573 2207 1660 2261 vel
1716 2208 1785 2263 de
1841 2207 1994 2275 aliis,

350 2291 442 2347 vel
472 2291 542 2346 de
569 2307 630 2346 se
661 2292 831 2363 quasi
865 2291 1039 2347 homo
1070 2292 1330 2364 loquitur
1363 2311 1374 2346 :
1409 2317 1437 2342 «
1463 2293 1635 2350 Miser
1665 2311 1770 2366 ego
1802 2296 1995 2362 homo,

346 2380 482 2453 quis
507 2397 602 2436 me
631 2379 903 2436 liberabit
933 2382 1003 2436 de
1031 2397 1270 2453 corpore
1319 2383 1526 2438 mortis
1582 2385 1763 2456 hujus
1821 2387 1992 2452 (Rom.

343 2485 444 2536 vn,
497 2468 592 2540 24)
624 2469 652 2522 ?
686 2492 706 2519 ι
761 2470 832 2524 Et
883 2487 956 2524 τα
1005 2470 1289 2533 Quoniam
1334 2487 1449 2526 non
1499 2471 1726 2528 habitat
1769 2473 1827 2527 in
1881 2491 1994 2540 me,

343 2557 454 2613 hoc
485 2561 598 2624 est,
638 2557 701 2612 in
742 2574 915 2613 carne
967 2575 1115 2626 mea,
1165 2560 1384 2615 bonum
1436 2561 1592 2632 (Ibid.
1653 2561 1764 2633 48),
1798 2583 1826 2611 ››
1861 2565 1995 2618 Cor-

343 2646 622 2718 ruptibile
646 2647 804 2702 enim
828 2663 1038 2718 corpus
1063 2653 1340 2720 aggravat
1361 2649 1678 2720 animam,«
1711 2651 1997 2722 Deprimit

341 2740 578 2792 terrena
609 2734 895 2790 habitatio
927 2752 1167 2794 sensum
1203 2736 1389 2793 multa
1429 2743 1734 2794 curantem
1770 2744 1784 2774 ¹
1816 2741 1989 2809 (Rom.

342 2842 420 2893 1x,
449 2825 562 2895 45).
597 2845 624 2874 »
661 2824 722 2879 Ο..
757 2825 851 2880 Sic
882 2823 1337 2898 loqueris,quasi
1373 2844 1477 2899 ego
1505 2827 1613 2883 hoc
1641 2845 1708 2882 ex
1741 2845 1995 2900 persona

338 2913 571 2987 generis
602 2912 851 2968 humani
907 2914 1211 2986 accipiam,
1234 2919 1290 2969 et
1319 2933 1431 2971 non
1466 2932 1532 2971 ex
1560 2933 1810 2988 persona
1857 2935 1988 2988 pec-

339 3002 555 3059 catoris
588 3002 694 3073 [Αι.
729 3004 1145 3074 peccatorum].
1177 3006 1242 3058 A.
1277 3005 1345 3058 Et
1377 3005 1508 3076 quis
1538 3005 1644 3059 tibi
1694 3006 1804 3061 hoc
1854 3024 1989 3061 con-

345 3092 528 3159 cedet,
580 3096 648 3146 ut
719 3107 788 3145 ex
870 3107 1117 3162 persona
1172 3094 1493 3164 peccatcris
1551 3095 1660 3149 hoc
1716 3095 1991 3166 loquatur

341 3181 658 3254 Apostolus
685 3180 714 3235 ‘t
742 3179 802 3235 Si
833 3180 989 3235 enim
1019 3197 1088 3235 ex
1119 3198 1368 3253 persona
1399 3185 1722 3254 peccatoris
1754 3185 1861 3240 hoc
1893 3202 1984 3239 ac-

2113 606 2309 658 autem
2372 621 2572 660 earum
2636 605 2957 677 respiciunt
3031 603 3090 657 in
3149 603 3509 674 profundum
3542 599 3758 658 interni

2113 693 2293 763 (Prov.
2328 709 2440 760 xw,
2474 694 2563 760 l2)
2596 713 2611 760 ;
2647 718 2664 741 »
2701 699 2759 749 et
2791 694 2998 750 iterum
3034 711 3046 747 :
3084 715 3110 742 «
3145 693 3349 748 Omnis
3398 693 3486 748 vir
3531 692 3760 748 videtur

2111 781 2222 837 sibi
2248 783 2470 852 justus,
2505 784 2659 839 Deus
2707 789 2900 838 autem
2963 784 3139 838 corda
3194 782 3504 855 hominum
3553 779 3753 855 dirigit

2111 871 2294 941 (Prov.
2328 889 2419 937 xx,
2455 873 2546 940 24)
2581 891 2638 939 ;›ρ
2673 874 2885 928 idcirco
2909 873 3273 945 temperabat
3302 854 3756 937 sententiamme

2111 959 2254 1015 forte
2305 977 2408 1032 per
2437 960 2829 1032 ignorantiam
2889 961 3252 1032 deliquisset,
3316 959 3569 1015 maxime
3620 975 3757 1016 cum

2109 1048 2406 1120 Scriptura
2442 1053 2689 1104 testetur
2717 1067 2730 1104 :
2771 1071 2798 1099 ‹‹
2831 1051 2931 1105 Est
2955 1049 3286 1122 justus,qui
3312 1051 3464 1120 perit
3491 1048 3550 1104 in
3575 1048 3753 1121 justi-

2110 1135 2191 1190 tia
2221 1137 2549 1204 sua(Eche.
2604 1155 2704 1204 vn,
2750 1136 2862 1209 l6).
2913 1160 2940 1186 »
2983 1139 3051 1193 Et
3100 1137 3237 1193 alibi
3273 1154 3285 1191 :
3321 1161 3350 1186 «
3393 1141 3558 1193 Juste
3600 1136 3756 1208 quod

2100 1224 2332 1294 justum
2365 1230 2454 1281 est
2479 1227 2796 1282 sectaberis
2829 1228 3006 1298 (Deut,
3041 1244 3155 1294 xv1,
3188 1227 3298 1295 20),
3334 1249 3360 1275 ››
3387 1243 3458 1281 ne
3486 1225 3758 1298 opinione

2108 1312 2371 1368 veritatis
2394 1315 2414 1348 δ
2447 1331 2479 1370 a
2501 1315 2738 1385 justitia
2763 1314 3144 1379 declinemus,
3197 1315 3571 1370 recordantes
3618 1314 3760 1370 Sau—

2108 1400 2181 1457 lis
2212 1407 2268 1457 et
2298 1405 2473 1476 Agag.

2179 1493 2230 1546 4.
2264 1493 2458 1547 Plures
2489 1495 2655 1563 iustos
2683 1510 2815 1559 esse,
2843 1496 3121 1550 neminem
3150 1495 3269 1548 sine
3308 1496 3544 1564 peccato.
3578 1523 3647 1532 —
3698 1493 3757 1548 C.

2107 1580 2188 1635 Ne
2249 1581 2597 1637 contendere
2645 1582 2846 1636 videar
2920 1587 2975 1637 et
3053 1583 3110 1636 in
3188 1582 3483 1637 diversum
3537 1581 3761 1654 absque

2108 1685 2384 1724 mensura
2413 1670 2615 1726 funem
2643 1669 3108 1738 trahere,saltem
3140 1671 3249 1725 hoc
3273 1670 3415 1724 mihi
3447 1671 3698 1725 concede
3717 1670 3762 1737 ⁵,

2098 1759 2295 1827 justos
2347 1759 2405 1813 in
2457 1759 2778 1831 Scripturis
2829 1759 3117 1831 plurimos
3167 1757 3469 1831 appellari.
3522 1762 3581 1812 L.
3632 1757 3759 1814 Non

2110 1846 2300 1901 solum
2333 1847 2642 1920 plurimos,
2677 1849 2778 1903 sed
2811 1848 3288 1916 innumerabiles,
3322 1851 3378 1902 Ο.
3403 1846 3462 1903 Si
3494 1847 3762 1903 innume-

2110 1935 2323 1991 rabiles
2346 1937 2496 2007 justi
2528 1942 2686 2004 sunt,
2720 1942 2775 1992 et
2804 1938 2914 1994 hoc
2947 1939 3146 2010 negari
3198 1955 3313 1992 non
3362 1937 3571 2009 possit,
3621 1935 3760 2009 quid

2111 2024 2262 2080 male
2293 2024 2527 2081 locutus
2561 2043 2713 2094 sum,
2751 2044 2922 2099 posse
2951 2043 3080 2083 esse
3111 2027 3411 2082 hominem
3464 2025 3589 2081 sine
3623 2041 3759 2098 pec-

2109 2119 2257 2180 cato,
2292 2114 2338 2169 si
2369 2114 2564 2169 velit?
2595 2116 2711 2170 Hoc
2759 2120 2850 2170 est
2895 2115 3028 2172 aliis
3088 2116 3279 2171 verbis
3326 2114 3537 2180 dicere,
3590 2129 3761 2186 posse

2101 2203 2333 2272 justum
2367 2203 2491 2258 sine
2520 2210 2755 2275 peccato
2788 2221 2939 2272 esse,
2970 2205 3029 2258 in
3081 2219 3147 2259 eo
3193 2205 3346 2275 quod
3391 2204 3592 2274 justus
3644 2207 3758 2268 est,

2109 2294 2169 2345 A.
2205 2296 2405 2347 Justos
2437 2308 2564 2347 esse
2599 2295 2871 2362 concedo,
2924 2295 3046 2349 sine
3097 2292 3258 2348 omni
3287 2295 3481 2347 autem
3524 2295 3759 2363 peccato

2107 2381 2346 2436 omnino
2374 2398 2488 2436 non
2521 2382 2828 2437 assentior.
2863 2382 3090 2437 Etenim
3140 2383 3361 2452 absque
3398 2379 3554 2447 vitio,
3603 2380 3760 2451 quod

2107 2471 2297 2523 Graece
2348 2469 2561 2524 dicitur
2616 2469 2798 2535 κακία,
2860 2469 3156 2524 hominem
3216 2485 3388 2541 posse
3444 2484 3573 2524 esse
3614 2468 3755 2523 aio:

2576 2559 2632 2614 id
2685 2565 2772 2614 est
2819 2561 2938 2614 sine
2989 2567 3203 2631 peccato
3261 2574 3407 2623 esse,
3468 2573 3638 2630 nego,
3700 2556 3756 2611 id

2107 2647 2265 2702 enim
2297 2648 2404 2701 soli
2439 2647 2554 2702 Deo
2589 2648 2866 2719 competit
2895 2650 2935 2716 δ,
2968 2648 3278 2718 omnisque
3311 2650 3576 2702 creatura
3629 2661 3758 2717 pec-

2108 2740 2235 2790 cato
2272 2737 2554 2807 subjacet,
2578 2742 2632 2790 et
2665 2737 2888 2808 indiget
2927 2737 3324 2791 misericordia
3367 2735 3490 2803 Dei,
3524 2735 3754 2790 dicente

2105 2826 2405 2896 Scriptura
2439 2842 2450 2878 :
2495 2846 2515 2872 α
2541 2825 2933 2881 Misericordia
2967 2825 3192 2881 Domini
3227 2824 3396 2897 plena
3454 2828 3546 2880 est
3602 2828 3758 2880 terra

2103 2915 2275 2983 (Psal.
2308 2931 2484 2984 xxxn,
2517 2916 2588 2980 5;
2622 2931 2818 2983 cxvm,
2847 2915 2958 2986 64).
2994 2938 3021 2965 ››
3057 2916 3124 2969 Et
3151 2931 3221 2970 ne
3267 2913 3437 2985 quasi
3488 2912 3752 2968 maculas

2103 3003 2390 3073 quasdam
2451 3003 2506 3057 in
2550 3004 2770 3059 sanctis
2819 3003 2957 3058 viris
3005 3004 3203 3058 videar
3257 3000 3634 3074 perscrutari,
3686 3001 3746 3055 in

2102 3090 2318 3161 quibus
2351 3109 2545 3147 errore
2579 3098 2719 3147 sunt
2741 3093 2846 3163 (Al.
2883 3093 3024 3160 sint)
3052 3091 3201 3163 lapsi
3233 3108 3421 3163 pauca
3450 3091 3741 3162 proferam

2099 3196 2226 3250 qua:
2262 3197 2374 3235 non
2411 3182 2482 3235 ad
2515 3181 2802 3254 singulos,
2836 3182 2933 3237 sed
2969 3182 3039 3236 ad
3077 3197 3281 3236 omnes
3333 3180 3392 3234 in
3427 3191 3742 3235 commune

2109 2557 2168 2609 ἀν
2178 2577 2206 2609 α
2216 2558 2489 2632 μάρτητον
2502 2603 2515 2625 ,

335 3269 506 3343 cipis,
539 3269 792 3325 debebat
821 3269 1008 3325 dicere
1041 3288 1054 3325 :
1088 3271 1266 3326 Miser
1295 3287 1398 3343 ego
1437 3278 1727 3343 peccator,
1758 3278 1814 3329 et
1845 3291 1982 3339 non,
2015 3259 2058 3324 C
2098 3269 2446 3339 pertineant.
2498 3271 2558 3323 In
2625 3270 2918 3325 tricesimo
2969 3270 3157 3341 primo
3214 3268 3438 3340 psalmo
3489 3269 3650 3338 (vers.
3682 3269 3741 3335 5)

337 3361 508 3414 miser
531 3375 626 3430 ego
656 3358 836 3428 homo,
894 3359 1072 3415 l-lomo
1113 3361 1328 3433 quippe
1379 3367 1598 3416 natura:
1639 3368 1748 3430 est,
1784 3380 1983 3434 pecca-

338 3451 435 3504 tor
456 3448 794 3504 voluntatis.
827 3447 949 3503 Nisi
1001 3448 1144 3504 forte
1175 3456 1232 3505 et
1272 3447 1439 3517 illud,
1495 3451 1647 3522 quod
1700 3451 1980 3522 scriptum

335 3540 429 3592 est
459 3555 473 3591 :
510 3537 728 3591 Vanitas
755 3539 1068 3591 vanz‘tatum
1107 3544 1158 3592 et
1186 3539 1379 3594 omnia
1419 3541 1634 3594 vanitas
1690 3542 1884 3606 (Eccle.
1945 3559 1982 3606 ι,

341 3625 427 3695 2),
460 3625 534 3678 ad
562 3629 884 3695 peccatores
915 3626 1183 3691 refertur,
1217 3631 1270 3682 et
1307 3645 1420 3682 non
1455 3629 1525 3683 ad
1559 3645 1765 3684 omnes
1796 3629 1987 3684 humi—

349 3728 481 3768 nes.
511 3710 583 3766 Et
610 3711 811 3768 iterum
840 3731 852 3769 :
889 3736 916 3764 ‹‹
952 3717 1368 3771 Verumtamen
1403 3716 1461 3770 in
1485 3717 1740 3788 imagine
1764 3735 1988 3790 peram-

342 3799 593 3856 bulabat
625 3817 639 3854 :
672 3802 692 3835 ²
721 3800 891 3858 homo
921 3805 1096 3871 (Psal.
1124 3822 1357 3860 xxxvm.
1391 3807 1444 3872 4)
1481 3824 1493 3871 ;
1531 3827 1559 3853 ››
1608 3823 1673 3861 ac
1731 3807 1938 3862 deinde
1972 3823 1984 3860 :

338 3913 369 3940 ‹‹
401 3890 592 3945 Homo
621 3891 862 3947 vanitati
912 3893 1274 3948 assimilatas
1325 3898 1445 3959 est,
1501 3895 1624 3950 dies
1668 3896 1795 3965 ejus
1835 3895 1991 3951 velut

336 3980 548 4036 umbra
572 3984 986 4051 pertranseunt
1017 3984 1192 4054 (Psal.
1225 3999 1418 4050 cxmn,
1439 3985 1514 4052 5).
1543 4007 1570 4034 ››
1604 3983 1658 4037 Si
1690 3985 1800 4039 hoc
1829 3984 1989 4040 Pauli

340 4068 680 4125 testimonio
718 4085 834 4124 non
887 4071 1158 4142 moveris,
1200 4072 1336 4126 audi
1390 4071 1546 4126 aliud
1601 4073 1864 4144 ejusdem
1899 4075 1991 4128 cui

343 4157 746 4214 contradicere
775 4175 893 4214 non
926 4164 1087 4230 potes
1123 4178 1135 4215 :
1174 4182 1201 4211 (ι
1232 4160 1549 4216 Nihilmihi
1573 4162 1990 4218 consciussum

337 4252 396 4304 et
426 4249 688 4304 cetera3
731 4249 782 4318 (Ι
830 4248 949 4304 Cor.
1003 4267 1075 4315 1v,
1127 4251 1201 4320 4).
1253 4272 1281 4299 ››
1330 4250 1493 4318 Mire,
1543 4267 1649 4306 nec
1701 4251 1993 4323 meipsum

330 4336 537 4409 judico
574 4353 588 4391 :
624 4334 772 4391 nihil
809 4335 950 4391 mihi
985 4337 1255 4393 conscius
1287 4354 1441 4402 sum,
1475 4354 1580 4393 nec
1612 4343 1806 4394 tamen
1845 4343 1995 4396 744

339 4425 402 4480 in
435 4423 939 4496 hocjustificatus
971 4441 1122 4481 sum.
1162 4425 1268 4490 Qui
1315 4425 1424 4481 hoc
1474 4426 1722 4495 dicebat,
1777 4427 1997 4483 nullius

342 4514 556 4584 utique
586 4513 813 4585 peccati
845 4513 956 4568 sibi
987 4514 1258 4570 conscius
1304 4519 1445 4570 erat.
1493 4516 1600 4570 Sed
1655 4516 1793 4588 quia
1843 4516 1996 4591 lege-

2097 3358 2381 3430 scriptum
2405 3363 2494 3413 est
2527 3376 2538 3413 :
2569 3383 2594 3406 ‹‹
2649 3359 2797 3424 Dixi,
2835 3359 3224 3431 pronuntiabo
3284 3358 3596 3413 adversum
3644 3373 3738 3411 me

2096 3446 2448 3516 injustitiam
2481 3464 2672 3502 meam
2707 3447 3037 3513 Domino,et
3064 3453 3129 3502 tu
3161 3445 3442 3502 dimisisti
3472 3446 3741 3516 impieta-

2098 3539 2214 3589 tem
2274 3535 2468 3590 cordis
2522 3537 2655 3590 mei.
2719 3558 2746 3582 ››
2804 3536 3131 3607 Statimque
3184 3535 3448 3606 sequitur
3501 3551 3513 3588 ε
3568 3537 3738 3587 «Pro

2098 3621 2228 3689 hac,
2265 3645 2292 3672 »
2344 3623 2452 3678 hoc
2510 3629 2598 3678 est
2636 3624 2938 3696 impietate
2983 3623 3100 3678 sive
3144 3621 3451 3693 iniquitate
3490 3621 3742 3691 (utrum-

2099 3728 2212 3782 que
2242 3711 2398 3766 enim
2431 3710 2680 3783 intelligi
2731 3713 2965 3781 potest),
3009 3734 3036 3760 «
3088 3710 3278 3764 orabit
3327 3709 3398 3763 ad
3448 3713 3505 3762 te
3552 3707 3744 3762 omnis

2100 3803 2338 3855 sanctus
2363 3799 2422 3853 in
2451 3804 2711 3870 tempore
2741 3799 3239 3871 opportuno(lbid.
3273 3799 3387 3869 6).»
3419 3796 3477 3852 Si
3507 3799 3748 3851 sanctus

2101 3893 2209 3954 est,
2240 3889 2534 3959 quomodo
2566 3893 2691 3943 orat
2713 3906 2815 3960 pro
2863 3888 3172 3960 iniquitate
3199 3888 3226 3942 ‘I
3257 3887 3315 3942 Si
3367 3885 3737 3958 iniquitatem

2101 3978 2423 4048 habet,qua
2453 3977 2674 4033 ratione
2706 3983 2943 4033 sanctus
2975 3976 3346 4050 appellatur?
3373 3977 3549 4032 Juxta
3576 3973 3745 4030 illum

2103 4065 2371 4122 videlicet
2401 4067 2667 4132 modum,
2717 4068 2906 4137 quiet
2961 4067 3020 4121 in
3077 4066 3188 4121 alio
3246 4065 3371 4122 loco
3427 4064 3744 4120 scribitur:

2105 4178 2131 4204 ‹‹
2193 4155 2418 4227 Septies
2478 4155 2643 4210 cadet
2700 4156 2804 4226 (Al.
2865 4155 3038 4225 cadit)
3089 4156 3312 4225 justus,
3375 4157 3430 4208 et
3482 4155 3748 4222 resurget

2110 4245 2291 4314 (Prov.
2325 4261 2474 4309 xxw,
2509 4243 2620 4314 46).
2674 4267 2702 4292 »
2733 4245 2820 4311 Et,
2890 4267 2909 4291 α
2970 4244 3178 4298 Justus
3237 4243 3383 4297 745
3440 4243 3749 4296 accusator

2107 4334 2196 4389 sui
2227 4333 2404 4389 estin
2457 4332 2745 4404 principio
2801 4331 3088 4388 sermonis
3132 4335 3318 4400 (Prov.
3343 4345 3500 4385 xvm.
3556 4328 3664 4398 l7).
3721 4349 3747 4375 ››

2107 4425 2178 4479 Et
2206 4423 2353 4479 alias
2387 4439 2399 4476 :
2437 4445 2462 4471 ‹‹
2495 4421 2740 4477 Alienati
2771 4423 2880 4491 (Al.
2925 4419 3256 4490 abalienati)
3301 4423 3440 4475 sunt
3487 4420 3750 4490 peccato-

2109 4530 2200 4568 res
2234 4531 2267 4568 a
2296 4512 2490 4579 vulva,
2524 4514 2864 4567 erraverunt
2894 4511 2966 4566 ab
2998 4515 3182 4580 utero,
3213 4508 3393 4564 locuti
3425 4510 3564 4565 sunt
3604 4504 3754 4563 falsa

345 4606 441 4658 rat
471 4620 485 4659 :
528 4625 556 4653 «
588 4601 815 4658 Delicta
845 4603 983 4674 quis
1012 4602 1290 4676 intelligit
1319 4605 1492 4674 (Psal.
1525 4623 1685 4672 xvm,
1725 4607 1816 4675 43)
1845 4606 1872 4660 ?
1903 4611 1996 4663 et:
2032 4629 2080 4693 D
2111 4602 2280 4674 (Psal.
2311 4618 2443 4668 LVII,
2476 4602 2546 4672 4).
2586 4622 2613 4650 ››
2660 4599 2761 4656 Vel
2810 4600 3012 4656 statim
3066 4603 3131 4655 ut
3179 4598 3302 4655 nati
3353 4601 3514 4666 sunt,
3554 4595 3754 4668 subje-

437 4847 774 4921 '_Victorius
803 4851 979 4921 multa
1007 4854 1334 4921 cogitantem
1381 4869 1450 4907 ex
1497 4853 1784 4910 Brixianis
1835 4857 2002 4912 codd.

357 4926 420 4976 et
435 4919 640 4999 .foeco
667 4924 794 4975 νοῦν
826 4919 1253 4999 πολρφρᾶγτιδα,
1287 4930 1348 4978 ut
1375 4923 1502 4999 ipse
1533 4925 1799 4999 explicat.

431 4991 741 5070 f‘Vat‘ican
788 4998 846 5070 e_t
889 4991 1178 5070 Victorius
1214 4991 1522 5070 pertransit
1567 4991 1716 5070 cum
1757 4997 2010 5070 Vulgata

351 5063 564 5140 odit.et
584 5063 786 5120 Grmco
808 5061 1522 5140 BianopséetacErasmum
1555 5067 1822 5139 sequitur
1863 5061 2010 5124 Mar-

361 5136 641 5192 tianaaus.

430 5207 454 5242 ³
484 5207 549 5290 lu
580 5207 816 5290 litigium
837 5225 946 5290 ms.
980 5213 1040 5290 et_
1068 5209 1241 5290 veteri
1287 5209 1541 5290 editione
1586 5209 1820 5290 additur
1865 5228 2010 5290 reco-

377 5277 546 5334 lenda
576 5277 712 5333 dicit
761 5282 1096 5336 testimonia.
1129 5280 1193 5336 In
1249 5280 1362 5335 alio
1414 5286 1547 5335 aute
1596 5280 1878 5337 Vaticano
1933 5283 2013 5338 sic

358 5349 623 5433 nectitur
655 5348 1036 5434 l‘ocus,‘Nihil
1083 5351 1230 5434 mihi
1284 5356 1527 5434 conscius
1574 5369 1716 5412 sum.
1777 5370 1874 5408 nec
1930 5371 2016 5408 me

359 5424 550 5494 ipsum
569 5421 787 5492 judico,
813 5425 944 5489 etc.,
979 5422 1216 5478 omissis
1249 5439 1379 5494 quae
1408 5422 1856 5479 interseruntur.

371 5566 378 5567 ί
437 5492 470 5567 ᾖ
491 5493 767 5567 Fortasse
797 5494 991 5550 verius
1022 5494 1207 5551 Vatic.
1237 5496 1501 5567 pur-italis
1532 5494 1672 5567 legit
1729 5513 1832 5567 pro
1875 5498 2014 5551 veri—

360 5561 514 5619 tatis.
548 5563 681 5619 Mox
710 5569 904 5639 autem
938 5583 1041 5638 pro
1071 5561 1501 5639 Agagf'nomine,
1537 5561 1697 5639 quod?
1725 5561 2017 5639 reprosui-

366 5651 506 5710 mus
535 5651 576 5710 e_
615 5652 786 5710 mss,
832 5637 1118 5710 hactenus
1187 5637 1568 5704 obtinuerat,
1609 5637 1807 5710 Achati
1852 5641 2020 5710 cujus

363 5705 620 5764 historia
646 5707 742 5766 hic
765 5707 1009 5766 minime
1039 5711 1112 5767 ad
1146 5725 1270 5767 rem
1283 5712 1412 5782 est,
1447 5712 1668 5779 contra,
1695 5705 2020 5784 illa_Saulis

2116 4856 2172 4906 et
2199 4852 2381 4922 Agag,
2412 4865 2589 4922 quam
2622 4851 2817 4919 repete
2847 4865 2915 4904 ex
2957 4848 2980 4904 Ι
3011 4848 3236 4919 Regum
3294 4862 3420 4916 cap.
3473 4859 3565 4911 xv,
3616 4839 3760 4897 satis

2116 4921 2271 4978 bene
2296 4921 2592 4992 proposito
2625 4922 2891 4992 quadral.
3283 4989 3291 4992 _
3531 4983 3574 4992 η
3727 4982 3764 4992 ,,

2188 4995 2208 5027 5
2236 4982 2423 5047 vatio:
2456 4982 2708 5046 concedes
2738 4995 2794 5046 et
2841 5007 2974 5046 mox
3031 4993 3150 5046 Non
3205 4989 3390 5057 potest,
3444 4983 3576 5055 quid
3624 4982 3764 5037 mali

2121 5068 2328 5121 loculus
2357 5080 2497 5131 sum,
2531 5067 2639 5117 etc.
2975 5131 2984 5134 _
3647 5123 3682 5134 ..

2191 5137 2212 5170 δ
2244 5121 2617 5207 Βθείῃω’ῐηε,
2653 5131 2988 5207 cum_veteri
3017 5129 3580 5207 editione,_nec_non
3609 5121 3764 5207 alius

2122 5197 2489 5262 Corbefénsis
2546 5197 2720 5276 penrs
2779 5200 3210 5276 Benedictinos,
3293 5200 3509 5254 Etenim
3565 5197 3765 5276 absque

2123 5281 2275 5344 vitio,
2329 5278 2468 5348 quod
2526 5269 2722 5332 Graece
2777 5274 2984 5328 dicitur
3040 5270 3441 5353 dvapa’tptqtov,
3499 5269 3604 5353 .s‘oli
3662 5269 3765 5323 Deo

2124 5353 2396 5421 competit,
2431 5350 2713 5421 omnisque
2744 5352 3015 5406 creatura,
3047 5348 3453 5421 ctc.,_omissi_s_
3496 5348 3770 5421 interme-

2125 5411 2452 5486 diis'mxia,
2487 5411 2764 5474 hominem.
2791 5433 2945 5488 posse
2974 5415 3229 5488 esseiaio
3258 5420 3341 5488 _et
3398 5411 3454 5466 id
3509 5415 3588 5488 est
3645 5412 3767 5488 sine

2125 5499 2342 5562 peccato
2371 5483 2509 5555 esse,
2574 5506 2703 5560 nego
2763 5483 2845 5562 id
2877 5489 3044 5562 enim.
3102 5483 3768 5562 Recole‘pervulgatam

2129 5555 2480 5619 sententiam
2511 5566 2562 5612 Ὀ
2600 5555 2762 5631 μῦνος
2824 5558 3202 5632 ἀναμάρτητος
3254 5555 3404 5624 Θεὸέ,
3445 5556 3606 5611 Solus
3649 5555 3771 5608 sine

2126 5637 2341 5707 peccato
2372 5637 2512 5690 Deus
2542 5641 2635 5690 est.
