4104 6162
1609 328 1677 396 S.
1721 323 2030 395 EUSEBII
2060 320 2516 393 ‘HIERONYMI
2560 356 2569 363 ι

3604 325 3729 395 56b.

364 481 536 531 cuere
588 470 827 539 peccato
884 467 945 524 in
1001 467 1451 525 similitudinem
1515 465 2006 540 praevaricationis
2037 465 2092 532 Α
2120 463 2233 537 34).
2272 486 2299 513 ››
2331 466 2402 519 Et
2433 480 2445 519 :
2481 487 2510 513 «
2536 462 2598 519 Si
2626 462 2803 537 impie
2830 478 3025 537 egero,
3056 477 3138 518 vm
3167 458 3308 518 mihi
3337 458 3462 535 (Job.
3488 476 3547 529 x,
3576 462 3713 534 15)..

361 558 524 627 Adae,
552 558 653 629 qui
685 562 774 613 est
802 559 990 613 forma
1021 558 1200 613 futuri
1230 576 1242 625 ;
1275 557 1363 613 vel
1394 562 1547 613 certe
1602 556 1801 611 statim
1848 558 1913 609 ut
1943 554 2013 609 de

332 638 337 639 ί
366 654 528 707 utero
560 647 829 719 virginali
861 651 1035 702 natus
1065 652 1154 703 est
1184 647 1450 702 Christus
1481 647 1550 700 de
1581 661 1694 716 quo
1726 643 2012 715 scriptum

372 743 461 794 est
489 760 517 787 ‹‹
550 737 754 792 Omnis
783 737 883 807 qui
941 735 1130 808 aperit
1185 736 1415 791 vulvam
1476 738 1717 791 sanctus
1767 733 2014 788 Domino

369 826 673 883 vocabitur
698 826 896 895 (Exod.
931 844 1052 893 x111,
1082 830 1117 880 2
1151 844 1163 893 ;
1196 843 1384 891 xxxxv,
1425 824 1510 881 19)
1547 842 1559 889 ;
1601 847 1621 871 ι»
1657 838 1863 877 omnes
1895 823 2013 876 hae—

370 915 534 971 retiei
566 919 922 979 erraverunt,
956 932 1068 969 non
1102 914 1494 986 intelligentes
1536 911 1878 984 mysterium
1910 927 2011 965 na-

368 1004 609 1059 tivitatis
640 1005 786 1074 ejus.
822 1004 1119 1074 Magisque
1168 1004 1237 1057 ad
1294 1001 1606 1073 specialem
1656 1000 2013 1056 nativitatem

369 1093 710 1157 Salvatoris,
771 1108 947 1163 quam
1008 1092 1079 1146 ad
1137 1093 1401 1146 omnium
1449 1091 1755 1146 hominum
1815 1088 2015 1170 referri

372 1186 568 1254 potest
614 1181 724 1236 hoc
756 1181 910 1252 quod
968 1180 1197 1247 dicitur,
1261 1202 1288 1229 «
1357 1180 1463 1245 Qui
1522 1179 1710 1252 aperit
1759 1177 2012 1245 vulvam,

374 1274 619 1327 sanctus
651 1270 957 1324 vocabitur
987 1269 1255 1325 Domino.
1293 1292 1313 1317 ιο
1351 1270 1523 1325 Solus
1549 1270 1706 1324 enim
1745 1266 2015 1325 Christus

371 1357 604 1414 clausas
636 1362 833 1429 portas
860 1357 1041 1412 vulsz
1066 1358 1418 1430 virginitatis
1448 1357 1675 1429 aperuit
1727 1358 1902 1428 ‘,quae
1934 1360 2016 1410 ta—

372 1463 510 1503 men
543 1446 752 1502 clausce
778 1447 999 1518 jugitcr
1030 1451 1496 1518 permanserunt.
1532 1447 1658 1501 Haec
1708 1451 1800 1501 est
1851 1448 2017 1516 porta

373 1534 678 1594 orientalis
695 1534 1025 1608 clausa,per
1038 1554 1215 1607 quam
1230 1536 1390 1591 solus
1414 1535 1674 1592 Pontifex
1694 1534 2020 1607 ingreditur

371 1628 430 1680 et
460 1623 774 1696 egreditur,
826 1628 884 1678 et
914 1622 1297 1679 nihilominus
1354 1640 1596 1695 sempur
1652 1622 1851 1677 clausa
1906 1626 2013 1677 est.

375 1712 527 1768 Illud
561 1729 793 1783 quoque
824 1713 979 1783 quod
1006 1712 1065 1767 in
1096 1712 1394 1768 volumine
1422 1712 1531 1767 Job
1563 1712 1849 1784 scriptum
1881 1716 1969 1766 est
2001 1727 2012 1764 :

382 1824 411 1853 ‹‹
444 1801 720 1873 Nunquid
748 1802 1007 1856 mundus
1038 1802 1147 1857 erit
1177 1802 1349 1856 homo
1380 1818 1577 1856 coram
1627 1805 1763 1868 Deo,
1810 1804 1912 1856 aut
1958 1800 2018 1853 in

375 1890 652 1963 operibus
683 1890 806 1945 suis
836 1890 1367 1962 irreprehensibilis
1424 1891 1512 1945 vir
1540 1891 1567 1945 ?
1625 1891 1686 1945 Si
1736 1891 2019 1945 adversus

379 1978 634 2036 famulos
666 1996 805 2034 suos
838 1996 951 2034 non
986 1979 1250 2046 credit,et
1279 1984 1481 2034 contra
1508 1978 1747 2051 angelos
1778 1994 2019 2050 pravum

377 2067 523 2140 quid
556 2067 771 2138 reperit
804 2071 1059 2137 ;quanto
1109 2068 1298 2139 magis
1328 2068 1387 2121 in
1420 2067 1534 2133 his,
1595 2068 1696 2138 qui
1754 2067 2023 2122 habitant

389 2157 597 2212 domos
628 2155 814 2211 luteas
847 2157 981 2227 (Job.
1013 2173 1087 2223 1v,
1138 2157 1325 2225 17-49)
1361 2157 1372 2211 Σ
1406 2177 1432 2205 ››
1466 2174 1495 2211 e
1544 2157 1759 2227 quibus
1810 2159 1866 2211 et
1915 2172 2022 2211 nos

379 2245 451 2301 de
484 2245 687 2301 eodem
722 2244 842 2300 luto
875 2261 1105 2300 sumus.
1148 2245 1307 2307 Quod
1342 2245 1390 2299 si
1425 2244 1745 2300 asserueris
1767 2244 1876 2300 hoc
1907 2244 2021 2299 dici

374 2352 445 2391 ex
474 2351 727 2406 persona
758 2334 992 2405 Elipbas
1018 2333 1400 2401 Themanitze,
1459 2332 1720 2406 intellige
1776 2351 1893 2389 non
1949 2336 2020 2389 ab

373 2441 440 2481 eo
473 2424 587 2479 dici
615 2442 627 2492 ;
662 2424 763 2479 sed
797 2424 868 2478 ab
902 2423 1019 2489 illo,
1053 2424 1153 2494 qui
1185 2425 1294 2479 sub
1328 2440 1576 2495 persona
1615 2422 1805 2494 angeli
1848 2422 1908 2476 in
1939 2423 2023 2477 vi-

377 2513 541 2569 sione
571 2517 627 2569 et
652 2512 998 2568 revelatione
1030 2512 1291 2584 loquitur
1321 2512 1371 2567 ei
1412 2511 1736 2567 sententias
1765 2511 1886 2567 Dei.
1912 2511 2022 2566 Sed

376 2605 502 2657 esto
536 2604 598 2655 ut
626 2600 903 2671 loquatur
932 2600 1189 2672 Elipbas,
1223 2602 1375 2672 quod
1428 2600 1733 2673 perspicue
1781 2597 2025 2672 angelus

375 2689 661 2760 loquitur,
692 2689 959 2759 nunquid
992 2706 1107 2744 non
1140 2690 1247 2745 hoc
1277 2707 1344 2745 ex
1375 2706 1623 2762 persona
1649 2690 1759 2744 Job
1795 2688 2025 2760 proprie

378 2777 595 2833 dicitur
628 2794 640 2831 :
676 2800 703 2825 »
737 2778 1003 2833 Tentatio
1033 2782 1121 2834 est
1148 2779 1267 2834 vita
1296 2778 1554 2834 hominis
1586 2795 1763 2850 super
1808 2784 2024 2832 terram

383 2867 523 2938 (Job.
556 2865 719 2937 v11,l)
748 2867 775 2920 ‘?
805 2889 831 2916 ››
867 2867 936 2920 Et
969 2885 980 2921 :
1014 2889 1039 2917 ‹‹
1071 2868 1126 2921 Si
1160 2884 1293 2939 ergo
1325 2866 1577 2940 peccavi,
1610 2865 1748 2937 quid
1782 2882 2025 2937 possum

386 2958 575 3013 facere
625 2955 765 3023 (Ibid
815 2958 903 3023 ‘20)
932 2958 959 3010 ?
993 2980 1019 3006 ››
1054 2957 1160 3011 Et:
1196 2980 1221 3005 ‹‹
1257 2957 1443 3019 Quare
1503 2954 1720 3010 oblitus
1777 2971 1859 3022 es,
1923 2970 2026 3009 nec

376 3043 563 3099 fecisti
594 3043 921 3115 iniquitatis
954 3062 1094 3098 meae
1141 3043 1488 3099 oblivionem
1550 3044 1603 3098 et
1659 3041 2026 3098 emundatio-

381 3150 515 3190 nem
539 3134 759 3204 peccati
784 3135 894 3188 mei
916 3134 944 3188 ‘2
966 3135 1264 3199 Quomodo
1288 3134 1443 3187 enim
1464 3136 1653 3205 potest
1674 3148 1802 3188 esse
1825 3132 2028 3202 justus

2123 554 2193 609 Et
2222 573 2240 609 :
2278 574 2298 603 α
2326 554 2386 609 Si
2420 555 2580 609 fuero
2602 555 2946 624 justus,non
2979 557 3176 624 potero
3207 551 3498 623 respirare.
3532 548 3729 611 Plenus.

2123 642 2278 697 enim
2336 659 2441 715 ego
2497 659 2629 697 sum
2687 642 3019 714 ignominiae
3078 640 3277 713 (Ibid).
3334 662 3360 688 »
3390 640 3457 694 Et
3483 639 3679 696 iterum
3706 655 3729 694 εκ

2127 753 2155 782 «
2185 733 2327 795 Quis
2356 732 2509 787 enim
2543 732 2653 787 erit
2683 731 2942 788 mundus
2969 748 3003 785 a
3032 730 3201 786 sorde
3228 729 3255 783 ‘?
3283 728 3362 784 Ne
3407 745 3554 783 unus
3599 730 3729 799 qui-,

2123 821 2276 889 dem,
2310 821 2488 876 etiam
2519 820 2568 875 si
2623 819 2799 876 unius
2848 818 2961 875 diei
3021 819 3195 874 fuerit
3239 817 3355 872 vita
3397 819 3517 888 ejus
3572 833 3743 889 super

2121 913 2358 977 terram,
2393 914 2451 964 et
2480 908 2875 965 numerabiles
2908 924 3139 964 menses
3170 906 3326 963 illius
3356 906 3485 977 (Job.
3514 923 3621 973 XIV,
3670 906 3717 971 4,

2120 1000 2157 1055 5
2188 1017 2201 1067 ;
2228 1017 2320 1066 xv,
2356 999 2465 1067 14).
2505 1021 2525 1047 n
2554 999 2716 1065 Quod
2748 998 2797 1054 si
2841 997 3055 1053 dixeris
3103 1012 3417 1069 pronomen
3442 996 3575 1067 quis,
3620 1010 3723 1049 non

2124 1104 2228 1160 pro
2260 1086 2631 1159 impossibili,
2665 1088 2765 1142 sed
2798 1087 3091 1142 interdum
3123 1102 3225 1158 pro
3271 1083 3492 1151 difﬁcili
3545 1082 3728 1153 accipi,

2124 1178 2487 1249 respondebo
2518 1176 2652 1233 tibi:
2707 1178 2774 1232 Et
2833 1176 2930 1232 ubi
2963 1180 3052 1233 est
3109 1174 3272 1242 illud,
3333 1173 3485 1244 quod
3537 1176 3749 1230 temere.

2124 1266 2437 1338 protulisti,
2473 1265 2744 1321 «Facilia
2800 1266 2897 1321 Dei
2956 1281 3083 1321 esse
3136 1263 3426 1329 mandata,
3492 1284 3517 1311 »
3573 1264 3626 1315 et
3674 1275 3749 1315 ea-

2125 1354 2293 1412 facile
2321 1371 2493 1427 posse
2523 1354 2801 1427 compleri
2828 1354 2856 1409 ?
2893 1353 3120 1410 dicente
3151 1353 3448 1424 Scriptura
3476 1369 3493 1405 :
3524 1349 3650 1403 «Vir
3685 1347 3739 1403 in

2125 1444 2320 1500 dolore
2350 1443 2616 1499 laborat3
2674 1444 2808 1511 sibi,
2842 1448 2899 1499 et
2941 1443 3057 1499 vim
3103 1441 3240 1498 facit
3288 1438 3591 1513 perditioni
3633 1454 3757 1501 sua

2126 1534 2309 1606 (Prov.
2341 1551 2457 1598 xv1,
2490 1534 2580 1601 36,
2625 1549 2714 1588 sec
2769 1534 2936 1604 LXX),
2996 1535 3062 1587 ut
3116 1546 3397 1604 oppressa
3443 1532 3499 1584 et
3548 1526 3741 1597 subju-

2128 1627 2264 1695 gata
2285 1626 2343 1678 et
2371 1622 2656 1678 moriente
2688 1638 2884 1688 carne,
2914 1621 3067 1677 vivat
3096 1620 3157 1675 in
3195 1636 3263 1675 eo
3311 1617 3567 1691 spiritus.
3601 1614 3743 1669 Ridi-

2127 1711 2440 1783 culamque
2469 1710 2631 1767 illam
2662 1710 3082 1782 expositionem
3100 1706 3508 1765 Demosthenis
3534 1703 3693 1760 vestri
3708 1705 3763 1771 ⁵,.

2128 1817 2246 1856 non
2276 1800 2492 1856 dixisse
2520 1800 2628 1855 Job
2664 1817 2675 1854 :
2712 1822 2740 1849 ‹‹
2772 1798 2912 1865 Quis
2944 1798 3054 1854 erit
3083 1798 3346 1853 mundus
3379 1813 3411 1851 a
3440 1796 3660 1866 peccato
3691 1809 3747 1847 :»

2131 1890 2233 1946 sed
2266 1913 2294 1940 ‹‹
2328 1890 2462 1961 quis
2490 1889 2602 1944 erit
2632 1889 2890 1944 mundus
2939 1905 2973 1943 a
3003 1888 3193 1954 sorde,
3238 1909 3270 1936 »
3317 1889 3600 1958 praetereo,
3645 1896 3751 1951 qua

2131 1979 2377 2050 probare
2442 1982 2706 2041 conatur,
2784 1977 2987 2033 sordes
3060 1990 3397 2048 pannorum
3464 1967 3753 2044 signiﬁcari

2128 2067 2190 2123 in
2224 2068 2491 2135 infantia,
2536 2084 2652 2123 non
2683 2066 2823 2122 vitia
2843 2070 3237 2139 peccatorum.
3262 2067 3383 2119 Aut
3403 2066 3549 2119 certe
3576 2059 3621 2115 si
3648 2072 3754 2122 non

2131 2156 2217 2213 sic
2249 2154 2547 2228 intelligit,
2579 2154 2750 2211 dicite
2792 2173 2894 2211 vos
2952 2154 3095 2227 quid
3154 2153 3395 2210 sentiat.
3426 2152 3567 2206 Tam
3614 2145 3775 2212 enim,

2132 2244 2429 2301 involutus
2460 2245 2645 2300 dictor
2674 2248 2764 2300 est
2791 2246 2834 2312 ⁵,
2866 2249 2923 2299 et
2952 2244 3133 2299 nimio
3163 2242 3478 2297 verborum
3509 2235 3779 2309 squalore

2133 2338 2463 2405 coopertus,
2496 2338 2561 2388 ut
2591 2333 2985 2407 suspicionem
3017 2330 3207 2404 magis
3239 2347 3423 2403 quam
3454 2325 3762 2397 intelligen-

2132 2423 2276 2478 tiam
2302 2422 2498 2479 lectori
2517 2423 2881 2495 praabeat.Ad
2902 2427 3226 2478 extremum
3248 2419 3431 2476 infert
3458 2437 3469 2474 :
3509 2440 3529 2467 α
3549 2417 3662 2487 Ego
3679 2430 3764 2469 au-

2132 2517 2250 2567 tem
2285 2513 2357 2567 ad
2390 2512 2511 2567 haec
2542 2512 2682 2585 quid
2712 2511 3074 2584 respondebo
3105 2510 3132 2564 ?
3155 2513 3399 2564 Manum
3450 2520 3636 2562 meam
3679 2517 3767 2574 po-

2134 2617 2269 2657 nam
2304 2617 2482 2673 super
2510 2618 2573 2656 os
2595 2599 3007 2666 meum,semel
3025 2600 3258 2655 locutus
3282 2597 3505 2665 sum,in
3530 2591 3768 2650 secundo

2133 2706 2253 2745 non
2298 2689 2511 2745 addam
2559 2690 2693 2761 (Job.
2752 2706 2945 2758 xxxrx,
3003 2689 3116 2759 34).
3151 2709 3178 2737 ››
3211 2688 3361 2743 Ecce
3417 2685 3526 2742 Job
3585 2683 3769 2738 noster

2133 2779 2222 2835 vir
2251 2779 2272 2812 δ
2302 2777 2723 2834 immaculatus
2753 2783 2810 2833 et
2847 2779 3073 2849 justus,
3126 2781 3184 2832 et
3230 2775 3364 2831 sine
3421 2771 3668 2846 querela,
3723 2771 3774 2822 et

2136 2866 2440 2922 abstinens
2473 2883 2535 2922 se
2565 2867 2637 2923 ab
2669 2867 2827 2922 omni
2857 2867 3033 2934 malo,
3065 2864 3226 2937 quali
3258 2866 3380 2921 fine
3401 2860 3643 2936 justitia:
3684 2872 3770 2913 co-

2137 2960 2402 3022 ronatus,
2438 2960 2502 3010 ut
2534 2955 2938 3011 misericordia
2966 2954 3067 3010 Dei
3099 2953 3366 3026 indigeat
3394 2952 3424 3007 ?
3455 2950 3574 3019 Hoc
3604 2950 3688 3019 est
3714 2944 3775 2999 il-

2134 3043 2421 3116 lud,quod
2454 3044 2512 3099 in
2544 3044 2867 3100 Proverbiis
2887 3042 3140 3116 legimus
3169 3061 3181 3097 :
3213 3065 3238 3091 ‹‹
3272 3041 3422 3108 Quis
3443 3036 3776 3114 gloriabitur

2137 3137 2368 3188 castum
2400 3149 2463 3188 se
2490 3132 2704 3188 habere
2736 3149 2834 3188 cor
2863 3133 2890 3187 ‘?
2919 3133 3035 3187 Aut
3065 3129 3197 3203 quis
3228 3130 3498 3186 conﬁdet
3536 3144 3598 3183 se
3627 3140 3784 3181 mun-

389 3223 568 3279 homo
602 3240 779 3294 super
808 3226 1021 3278 terram
1059 3224 1212 3293 apud
1261 3222 1444 3277 Deum
1497 3220 1654 3289 (Ibid.
1712 3220 1803 3288 2i)
1837 3225 1859 3276 ξ)
1889 3244 1908 3269 υ
1963 3221 2031 3275 Et
2061 3210 2103 3276 C
2143 3220 2284 3275 dum
2315 3235 2445 3275 esse
2476 3237 2510 3275 a
2544 3225 2778 3291 peccato
2812 3220 2993 3292 (Prov.
3036 3236 3128 3287 xx,
3160 3218 3217 3291 9)
3247 3217 3277 3273 ἵ
3306 3240 3345 3267 ››
3381 3219 3494 3274 Fac
3541 3215 3690 3287 quod
3716 3214 3806 3269 'et‘.

384 3310 603 3365 iterum
641 3329 653 3365 :
689 3334 715 3360 ‹‹
753 3313 812 3365 Si
847 3315 1011 3366 fuero
1046 3313 1268 3381 justus,
1330 3327 1444 3364 non
1504 3309 1702 3364 audiet
1759 3324 1850 3363 me
1884 3326 1896 3375 ;
1929 3309 2031 3363 sed

377 3399 613 3469 judicio
646 3400 775 3470 ejus
816 3400 1087 3471 indigebo
1118 3400 1232 3470 (Job
1264 3416 1337 3465 1x,
1397 3399 1486 3464 l5,
1546 3398 1656 3468 46).
1720 3420 1747 3447 ››
1783 3399 1935 3453 746
1968 3397 2034 3452 Et

390 3505 626 3545 rursum
662 3507 673 3543 :
712 3514 737 3539 ‹‹
776 3490 923 3555 Quia
953 3506 1085 3544 sum
1119 3488 1360 3559 impius,
1395 3504 1499 3542 cur
1528 3488 1747 3543 frustra
1776 3485 1977 3542 laboro
2005 3486 2029 3540 ?

387 3577 447 3633 Si
480 3577 635 3634 lotus
666 3579 828 3633 fuero
856 3578 984 3633 nive
1015 3582 1071 3633 et
1093 3577 1331 3633 mundis
1363 3577 1638 3631 manibus
1670 3577 1709 3643 ³,
1763 3576 1906 3632 satis
1939 3591 2030 3630 me

394 3668 566 3723 sorde
617 3667 865 3722 tinxisti.
899 3667 953 3721 Si
986 3684 1295 3739 peccavero
1328 3665 1621 3721 custodies
1650 3682 1763 3720 me.
1796 3665 1879 3720 Ab
1917 3663 2032 3719 ini-

386 3754 611 3827 quitate
644 3761 838 3811 autem
872 3773 964 3811 me
996 3774 1109 3812 non
1142 3756 1315 3811 facies
1346 3755 1715 3811 innocentem
1749 3753 1905 3825 (Ibid.
1939 3756 2030 3807 29-

457 3951 474 3983 1
507 3950 750 4021 Optim-i-
774 3951 1014 4004 Patrum
1040 3955 1162 4005 tum
1190 3954 1520 4006 Graecorum
1546 3954 1671 4005 tum
1686 3950 2026 4006 Latinorum

376 4021 582 4091 partis,
616 4026 670 4075 et
702 4021 969 4091 Ephesini
999 4028 1280 4091 praeterea
1309 4021 1547 4077 Concilii
1579 4023 1878 4077 decretum
1912 4028 2019 4090 est,

373 4098 653 4164 perpetuo
668 4092 1232 4165 catholicancclesiar
1246 4111 1535 4149 consensu
1551 4094 2020 4165 comprobatum,

369 4168 428 4218 et
453 4164 772 4219 Ezechielis
829 4182 975 4230 κων,
1008 4166 1060 4230 2,
1096 4165 1330 4220 oraculo
1364 4166 1827 4233 corroboratum,
1861 4165 2018 4234 quod

370 4235 587 4291 Christi
620 4253 829 4305 corpus
862 4238 1079 4292 clausis
1113 4238 1257 4292 uteri
1289 4238 1391 4292 SS.
1428 4235 1685 4306 Virginis
1723 4235 2021 4306 repagulis

370 4309 572 4363 eodem
607 4310 779 4363 modo
818 4309 969 4364 foras
1002 4309 1424 4380 prodierit,quo
1457 4305 1884 4380 ad’discipulos
1918 4307 2020 4361 ob-

370 4380 579 4435 seratis
613 4380 836 4435 foribus
864 4377 1206 4451 penetravit,
1250 4377 1415 4451 Hunc
1464 4382 1770 4451 propterea
1814 4377 2018 4451 IIiero-

368 4451 737 4522 nymilocum
774 4448 1059 4505 nonnuilli
1097 4449 1710 4522 calumnianturquos
1740 4448 1891 4502 inter
1921 4450 2021 4503 Ge-

359 4519 687 4601 nebrardps
724 4522 939 4601 Colle-ct.
974 4539 1108 4601 cap:
1131 4524 1184 4585 6,
1243 4526 1325 4601 ut.
1360 4519 1725 4601 Origenianaa
1777 4524 2015 4601 senten-

2142 3308 2258 3374 hic,
2290 3310 2410 3379 quis
2438 3310 2480 3378 θ,
2506 3324 2621 3363 non
2654 3325 2759 3379 pro
2818 3306 3192 3380 impossibili,
3253 3308 3364 3362 sed
3426 3321 3532 3378 pro
3577 3299 3795 3369 difﬁcili,

2141 3398 2369 3453 dixerit.
2402 3396 2562 3453 Tolle
2592 3414 2728 3469 ergo
2759 3398 3131 3463 sententiam,
3155 3401 3212 3452 et
3236 3398 3385 3453 rade
3414 3399 3454 3452 7
3467 3398 3560 3452 47
3611 3394 3679 3449 de
3722 3390 3784 3445 li-

2140 3487 2244 3542 bro
2276 3491 2397 3554 tuo,
2433 3508 2461 3536 ‹‹
2495 3486 2709 3542 Facilia
2743 3486 2843 3542 Dei
2875 3503 3004 3543 esse
3034 3486 3335 3542 mandata.
3371 3509 3400 3536 ››
3704 3546 3709 3551 ι

2208 3577 2261 3629 5.
2318 3578 2546 3632 Occnrit
2602 3576 2888 3647 objectiom'
2944 3592 3013 3631 ωε
3071 3575 3373 3646 Evangelia
3429 3575 3677 3631 Jommz’s.
3726 3597 3799 3633 -λ

2138 3665 2302 3730 Quod
2334 3664 2382 3719 si
2417 3663 2565 3719 illud
2594 3663 2839 3719 Joannis
2871 3662 3118 3736 apostoli
3149 3665 3531 3735 opposueris.
3562 3684 3589 3711 «
3628 3660 3785 3715 Man-

2138 3753 2274 3810 data
2298 3754 2425 3824 ejus
2458 3769 2574 3808 non
2610 3756 2749 3809 sunt
2776 3752 2974 3824 gravia
3004 3753 3053 3823 (ι
3098 3753 3256 3817 Joan,
3297 3768 3360 3823 v,
3412 3753 3492 3825 3),
3546 3774 3575 3821 ν
3624 3754 3679 3805 et
3721 3746 3787 3801 de

2136 3964 2271 4004 cum
2303 3949 2505 4004 eadem
2539 3948 2812 4015 editione,
2843 3949 2908 4003 Et
2946 3949 3186 4004 mundus
3232 3950 3468 4004 mundis
3516 3947 3782 4002 manibus.

2202 4021 2224 4054 ³
2255 4020 2380 4076 Duo
2411 4037 2552 4076 mss.
2590 4022 2696 4076 Vir
2716 4020 3085 4076 inJaboribus
3143 4020 3358 4075 laborat
3417 4026 3534 4077 etc.
3593 4018 3777 4073 Graece

2134 4095 2369 4165 quoque
2398 4097 2486 4165 est
2520 4089 2753 4165 dempsit
2768 4089 3157 4165 πόνοις-πονεῖ.

2204 4165 2225 4197 ⁴
2252 4161 2553 4236 Pelagium
2587 4161 3135 4236 subDemosthenis
3161 4161 3404 4236 nomine
3439 4162 3499 4217 in
3559 4172 3782 4236 perver-

2133 4251 2264 4289 sum
2296 4231 2525 4289 irrideri
2577 4234 2783 4297 sentio,
2830 4238 2901 4307 et
2946 4234 3333 4305 comprobant
3394 4251 3529 4307 quas
3561 4231 3784 4307 subse-

2132 4311 2412 4378 quuntur.
2444 4308 2716 4378 Attamen
2746 4305 3043 4378 Origenes,
3076 4302 3248 4378 cujus
3277 4302 3435 4378 saepe
3466 4304 3667 4378 verbis
3697 4302 3788 4378 Pe-

2130 4376 2348 4457 lagiani
2395 4376 2806 4457 loquebantur,
2837 4376 3020 4457 _prior
3061 4383 3152 4457 est
3196 4376 3562 4457 hujusmodi
3589 4376 3790 4457 auctor

2130 4447 2649 4519 interpretationis.
2686 4450 2764 4503 En
2798 4447 2923 4517 ejhs
2978 4447 3152 4503 verba
3208 4452 3409 4503 Latine
3460 4447 3698 4519 reddita
3725 4459 3791 4499 ex

2129 4517 2341 4591 llomil.
2372 4523 2437 4573 12
2468 4519 2525 4573 in
2557 4519 2877 4574 Leviticum
2914 4536 2927 4575 :
2962 4542 2989 4569 (ι
3026 4519 3231 4574 Omnis
3288 4519 3390 4591 qui
3430 4517 3791 4591 ingreditur

358 4591 451 4645 tiae
478 4592 550 4646 de
577 4591 835 4661 Virginei
870 4579 1111 4647 clauslri
1144 4579 1529 4662 apertione‘i’n
1564 4596 1732 4661 partu
1766 4592 2014 4661 patroci-
2043 4579 2088 4643 D
2122 4590 2279 4645 hunc
2312 4590 2601 4662 mundum
2654 4592 2711 4645 in
2755 4592 3007 4661 quadam
3057 4579 3567 4646 contami‘nation‘é
3645 4586 3789 4645 efﬁci

357 4667 549 4719 netur.
582 4662 825 4727 Verum,
861 4664 1015 4733 quod
1061 4662 1556 4717 doctissl‘luetius
1592 4668 1881 4731 monet,ea
1916 4663 2008 4717 his

356 4735 552 4805 verbis
592 4735 859 4805 exceptio
886 4733 1224 4788 adhibenda
1254 4738 1361 4799 est,
1392 4750 1509 4803 qua
1554 4734 1625 4787 ad
1662 4733 2005 4789 solvendum

351 4804 491 4861 huic
521 4804 781 4863 similem
814 4805 1107 4860 Ambrosii
1138 4805 1331 4859 locum
1366 4822 1509 4859 usus
1540 4810 1629 4859 est
1660 4806 1714 4860 S.
1749 4805 2006 4861 Thomas

346 4893 410 4998 1p.
442 4894 507 4931 III
540 4894 597 4950 q.
633 4879 722 4945 '28,
758 4884 792 4931 'a
821 4881 876 4938 ‘2,
908 4877 1217 4948 sicncmpe
1248 4875 1474 4931 locutos
1508 4876 1705 4931 Patres
1747 4893 1881 4931 cum
1931 4877 2006 4930 il-

372 4948 448 4998 ud
508 4949 875 4998 evangelistam.
938 4953 1290 4998 exnnnerent
1352 4964 1363 4998 :
1428 4948 1557 4998 0mg
1636 4950 2003 4998 masculinum

372 4948 448 5020 u_d
508 4948 875 5020 evangelistze
938 4953 1290 5020 exponerent
1352 4964 1363 5001 :
1428 4948 1557 5003 Ome
1636 4950 2003 5003 masculinum

349 5017 684 5086 adaperions
701 5024 919 5076 vulvam
948 5017 1195 5075 sanctum
1226 5021 1455 5075 Domino
1512 5020 1794 5074 vocabitur
1851 5020 2000 5089 (Luc,

347 5090 539 5163 31,23)
576 5107 586 5143 :
629 5094 787 5160 quod
819 5094 1058 5163 quidem
1087 5110 1154 5147 ex
1185 5092 1417 5163 vulgata
1446 5090 1998 5163 loquendiconsue-

344 5155 548 5237 tudine
583 5155 937 5237 usurpatum
972 5170 1060 5219 est
1110 5180 1223 5218 non
1275 5155 1344 5217 ad
1377 5155 1852 5237 _sign'ificandpum
1886 5161 1997 5214 vir-

343 5229 500 5306 ginei
551 5229 793 5306 claustri
864 5236 1247 5303 apertionern,
1293 5235 1390 5289 sed
1445 5229 1663 5306 exitum
1719 5233 2002 5287 duntaxat

348 5296 633 5372 prolisde
679 5308 864 5357 utero.
903 5296 1110 5361 Statim
1146 5296 1271 5361 ideo
1305 5305 1508 5361 subdit
1540 5305 1716 5370 llier.,
1752 5306 1885 5372 Quae
1911 5312 1999 5359 ta-

338 5383 460 5448 ζηθθζ
495 5369 698 5448 ίζιαιιδίιτ
723 5373 936 5448 jugitcr
960 5386 1407 5448 pcrmmzsrrunt.
1443 5376 1583 5448 Vide
1630 5369 2000 5447 qum'contra

339 5439 628 5521 Jovinian,
665 5440 773 5521 hac
834 5439 994 5521 dere
1026 5447 1306 5516 disputat,
1365 5454 1421 5501 et
1454 5446 1601 5501 libro
1648 5439 1841 5502 230mm
1875 5448 1996 5502 Hel-

342 5510 569 5579 vidium,
606 5529 665 5565 ιι.
703 5512 789 5579 ιΙδ,
833 5519 949 5568 not.

2119 4662 2357 4716 dicitur.
2408 4661 2649 4734 Propter
2696 4664 2848 4733 quod
2911 4667 2969 4717 et
3024 4662 3323 4734 Scriptura
3371 4662 3521 4716 dicit
3562 4679 3575 4716 :
3626 4665 3789 4734 Nemo

2115 4734 2362 4805 mundus
2392 4750 2425 4786 (ι
2456 4732 2631 4800 sorde,
2660 4750 2760 4787 nec
2786 4735 2837 4787 si
2865 4735 3034 4805 unius
3057 4732 3170 4789 diei
3223 4734 3396 4805 fuerit
3450 4734 3576 4788 vita
3638 4733 3776 4805 ejus,

2115 4804 2232 4860 Hoc
2264 4804 2392 4876 ipso
2423 4820 2581 4876 ergo,
2617 4805 2770 4875 quod
2806 4805 2864 4858 in
2913 4803 3085 4859 vulva
3126 4803 3337 4876 matris
3376 4809 3474 4876 est
3525 4803 3787 4876 positus,

2114 4882 2171 4930 et
2220 4871 2373 4947 quod
2431 4871 2739 4931 materiam
2793 4876 3055 4947 corporis
3129 4876 3201 4930 ab
3259 4871 3815 4947 origine—paterni

2114 4946 2358 5002 seminis
2390 4947 2595 5011 sumit,
2627 4948 2683 5002 in
2739 4946 2909 5018 patre
2929 4952 2985 5002 et
3013 4946 3071 5001 in
3099 4952 3284 5003 matre
3330 4946 3786 5018 centaminatus

2112 5018 2225 5073 dici
2263 5024 2472 5091 potest.
2504 5020 2616 5073 Aut
2638 5016 2828 5091 nescis
2861 5019 3000 5089 quia
3029 5035 3163 5091 cum
3218 5016 3787 5091 quadraginta_die-

2112 5107 2240 5144 rum
2263 5085 2468 5145 Tactus
2500 5090 2677 5145 fuerit
2708 5106 2852 5161 puer
2880 5085 3209 5157 masculus,
3234 5085 3518 5161 Effertur
3570 5088 3648 5161 ad
3703 5085 3785 5161 al-

2110 5165 2329 5233 tare,ut
2360 5162 2438 5215 ibi
2470 5157 3118 5233 purificetur,tanquam
3161 5160 3261 5233 qui
3294 5159 3571 5233 pollutus
3606 5157 3787 5233 fuerit

2109 5232 2167 5287 in
2202 5228 2734 5305 ipsaconceptione
2762 5232 2848 5287 vel
2884 5228 3111 5304 paterni
3157 5228 3418 5300 seminis,
3472 5230 3569 5285 vel
3630 5228 3787 5286 uteri

2110 5304 2359 5359 materni
2392 5304 2419 5357 ?
2446 5326 2472 5351 η

2178 5376 2198 5408 ⁸
2226 5375 2519 5429 Victorius
2553 5374 2817 5445 Dictator,
2854 5374 2951 5445 qui
2985 5391 3184 5430 vocem
3216 5374 3394 5430 (lictor
3430 5371 3775 5444 impresso-

2107 5463 2236 5501 rum
2270 5445 2507 5499 incuriae
2537 5443 2761 5499 tribuit.
2872 5443 2886 5445 “
3132 5512 3135 5515 δ

2176 5520 2196 5551 δ
2224 5519 2282 5571 In
2318 5533 2432 5570 uno
2466 5515 2672 5584 Vatic.,
2709 5533 2826 5572 vero
2860 5534 2962 5588 pro
2994 5519 3099 5585 vir,
3152 5518 3209 5572 id
3242 5518 3424 5574 altero
3474 5518 3782 5572 neutrum

409 5583 430 5616 ²
456 5582 773 5657 Perperam
801 5600 935 5639 cum
960 5584 1206 5655 antiqua
1221 5587 1359 5641 edit.
1379 5588 1658 5643 Erasmus
1680 5592 1996 5657 nitro;tum
2104 5589 2372 5645 habetur.

340 5654 663 5727 Vatic.,—Et
712 5656 952 5713 mundus
1006 5654 1284 5713 manibus.
1337 5657 1573 5729 Reginae
1618 5664 1815 5716 autem
1844 5654 1988 5721 ‘ms.

2173 5636 2433 5719 i'llocula
2453 5658 2574 5733 quis
2604 5657 2664 5715 in
2696 5676 2845 5719 mss.
2878 5658 3268 5720 desideratur.
3304 5728 3307 5731 ι
3404 5722 3409 5727 ,
3482 5676 3515 5725 λ,
3562 5636 3569 5653 ’
